3970 6190
296 369 434 425 ill?

1179 378 1540 437 EXPOSITIO
1578 381 1801 438 SUPER
1839 382 2204 458 JEREMIAM.
2246 420 2317 430 —
2352 391 2477 446 LIB.
2522 393 2634 449 XV.

3409 413 3543 469 lll8

290 481 428 537 nihil
452 480 556 583 sibi
584 481 849 552 profuisse
868 486 1102 541 studium
1123 503 1301 555 suum,
1322 500 1377 545 et
1406 491 1671 548 culturam
1701 492 1864 552 falso:-
1892 500 1941 556 A
1970 496 2073 552 illis
2099 501 2294 555 evenit.
2340 501 2421 556 Ad
2459 505 2599 572 quod
2627 505 2714 560 ille
2752 506 2961 579 fugiens
3003 516 3275 583 respondit
3299 534 3311 572 :
3351 539 3369 570 ι
3403 522 3542 578 Con-

290 591 414 631 rum
464 574 687 629 deorum
730 591 867 646 quos
912 578 1190 647 multiplici
1241 580 1400 636 laude
1446 584 1812 651 praedicabant
1851 604 1864 637 :

295 685 316 718 ι
362 665 624 734 Quoniam
666 682 855 722 omnes
888 669 961 723 dii
1002 672 1564 740 gentiumrdaemonia,
1612 673 1871 732 Dominus

288 766 471 812 autem
515 756 679 813 caelos
717 756 843 813 fecit
869 757 1040 830 (Psal.
1066 761 1219 833 xcv);
1258 782 1276 813 ι
1311 772 1364 817 et
1397 764 1664 833 completo
1692 764 1870 820 futuro

287 848 564 912 examine,
588 848 739 903 ibunt
761 865 950 905 omnes
975 850 1123 921 impii
1168 869 1290 907 cum
1339 854 1550 910 diabolo
1581 865 1637 909 et
1666 857 1870 925 angelis

286 938 412 1007 ejus
456 940 509 994 in
540 940 718 1007 ignem
746 949 1008 996 ateruum
1043 961 1055 995 :
1078 944 1208 1013 justi
1233 957 1411 998 autem
1442 960 1564 1001 cum
1612 963 1735 1017 rege
1770 962 1868 1002 suo

285 1030 505 1086 Christo
525 1031 592 1086 ad
614 1046 838 1102 regnum
863 1036 1157 1090 ascende‘nt
1174 1052 1465 1105 supernum
1481 1038 1696 1107 (Matth.
1715 1041 1863 1109 xxv).

364 1139 385 1173 ι
426 1121 704 1188 Quomodo
737 1123 932 1187 dicitis,
966 1125 1157 1182 Fortes
1185 1143 1404 1193 sumus,
1429 1139 1482 1184 et
1508 1131 1610 1184 viri
1661 1132 1864 1186 robusti

288 1228 309 1261 ι
357 1212 426 1266 ad
448 1212 835 1282 prteliandum?
863 1214 1079 1272 Vastata
1105 1227 1191 1272 est
1236 1217 1421 1284 Moab,
1451 1228 1508 1274 et
1529 1220 1775 1276 civitates
1801 1222 1867 1275 il-

289 1320 311 1353 (
357 1303 462 1357 lius
513 1304 857 1358 succiderunt
886 1313 942 1359 et
990 1306 1145 1361 electi
1169 1306 1398 1376 juvenes
1431 1309 1548 1377 ejus
1574 1311 1865 1365 descende«

289 1414 309 1445 σ
357 1404 485 1449 runt
512 1396 567 1449 in
594 1396 942 1461 occisionem,
972 1399 1047 1451 ait
1082 1414 1174 1453 rex
1206 1419 1219 1453 :
1250 1401 1506 1457 Dominus
1528 1403 1864 1458 exercituum

286 1505 306 1537 ι
354 1487 678 1543 nominetur.
705 1488 877 1558 Prope
906 1497 989 1543 est
1015 1489 1267 1546 interitus
1295 1491 1452 1546 Moab
1480 1500 1539 1546 ut
1582 1494 1785 1558 veniat,
1807 1502 1864 1548 et

284 1597 305 1630 ι
354 1580 553 1634 malum
612 1580 730 1651 ejus
784 1581 1044 1636 velociter
1102 1592 1351 1637 occurret
1404 1584 1586 1638 nimis.
1655 1605 1674 1639 ι
1736 1585 1862 1640 Hrec

279 1679 464 1726 autem
488 1671 763 1735 dicuntur,
783 1679 842 1724 ut
865 1671 965 1726 sub
989 1671 1207 1726 nomine
1228 1671 1384 1726 Moab
1409 1672 1636 1727 stultitia
1653 1674 1859 1740 saeculi,

278 1763 337 1817 in
371 1754 565 1817 coelum
615 1777 674 1816 se
699 1762 930 1816 ell'erens
970 1762 1222 1831 superbia
1269 1772 1601 1819 conteratur.
1630 1765 1856 1820 Frustra

1969 586 2124 643 fusus
2154 598 2237 643 est
2257 590 2430 656 Moab,
2455 594 2707 661 quoniam
2739 597 2910 653 victus
2946 609 3071 654 est:
3109 603 3309 661 ululate
3336 620 3389 664 et
3431 612 3542 666 cla-

1970 688 2137 742 mate,
2167 698 2185 730 ι
2213 688 2503 747 ριαΈιονδ;
2528 698 2593 738 ac
2617 684 2661 738 si
2685 686 2890 742 diceret
2917 706 2930 741 :
2960 690 3110 756 Quod
3134 693 3289 749 nobis
3310 701 3542 768 prophe-

1971 767 2108 822 ticus
2152 784 2330 824 sermo
2358 770 2410 824 in
2440 787 2668 840 persona
2696 774 2849 830 Moab
2876 782 3287 849 praenuntiavit,
3317 767 3542 856 repente

1969 871 2129 925 super
2177 873 2275 911 nos
2320 860 2484 923 venit,
2509 869 2566 915 et
2611 862 2863 919 confusus
2902 875 2985 921 est
3033 868 3230 925 Moab:
3279 874 3369 941 qui
3415 884 3542 930 ante

1967 946 2223 1001 victorem
2279 964 2337 1003 se
2387 966 2544 1019 posse
2597 951 2715 1007 fieri
2789 955 3139 1022 gloriabatur.
3208 960 3361 1017 Unde
3417 978 3538 1019 cum

1968 1037 2171 1092 ululatu
2209 1048 2264 1093 et
2292 1041 2528 1096 clamore.
2557 1043 2753 1112 ubique
2784 1046 2883 1099 hoc
2910 1050 3232 1106 aununtiare
3257 1054 3498 1124 praecipit
3521 1075 3536 1111 :

1965 1130 2215 1197 quoniam
2239 1131 2418 1187 clades
2445 1143 2501 1187 et
2520 1136 2750 1188 vastatio
2781 1138 3030 1192 omnibus
3065 1140 3374 1200 civitatibus
3421 1144 3541 1213 ejus

1963 1224 2322 1277 communiter
2338 1223 2574 1280 advenit.
2617 1226 2840 1296 Mystice
2862 1237 3040 1283 autem
3082 1233 3352 1302 sapientes
3383 1236 3538 1291 istius

1963 1313 2147 1367 mundi
2174 1325 2227 1368 et
2255 1314 2514 1381 hmretici,
2541 1333 2677 1387 quos
2713 1318 2767 1371 in
2814 1319 2969 1373 Moab
3012 1336 3239 1389 persona
3290 1328 3538 1395 superius

1964 1402 2270 1471 designatos
2315 1404 2570 1469 diximus,
2613 1407 2658 1460 si
2689 1422 2748 1461 se
2785 1423 2815 1461 a
2848 1408 3073 1463 stultitia
3126 1427 3223 1466 sua
3264 1429 3373 1469 non
3411 1431 3534 1470 cor-

1965 1493 2236 1556 rexerint,
2265 1501 2319 1547 et
2367 1495 2434 1547 ad
2478 1496 2760 1551 veritatem
2790 1498 2915 1552 ﬁdei
2952 1500 3229 1557 catholicae
3257 1520 3363 1559 non
3408 1521 3538 1561 con-

1963 1582 2241 1643 verterint,
2281 1582 2467 1652 ingens
2491 1585 2595 1638 illis
2621 1587 2773 1641 ruina
2796 1589 2996 1654 veniet,
3019 1600 3076 1645 et
3100 1596 3397 1650 devastatio
3420 1598 3533 1652 uni-

1962 1671 2135 1725 versis
2165 1672 2390 1727 urbibus
2432 1674 2570 1740 ejus,
2604 1676 2707 1731 hoc
2733 1686 2837 1741 est,
2865 1679 3093 1736 diversis
3117 1684 3277 1738 sectis
3305 1686 3537 1754 philoso-

1959 1759 2208 1826 phorum,
2235 1777 2354 1830 qua:
2378 1763 2552 1833 longe,
2578 1766 2690 1821 sive
2714 1782 2897 1838 prepe,
2927 1785 2958 1824 a
2987 1773 3212 1827 veritate
3240 1776 3532 1842 distabant,

276 1867 338 1907 se
361 1863 545 1921 sperat
587 1850 800 1914 fortem,
829 1851 921 1920 qui
957 1851 1010 1904 in
1044 1851 1328 1905 Dominum
1364 1868 1469 1907 non
1496 1853 1715 1908 conlidit
1740 1871 1858 1908 om-
1885 1847 1931 1906 Β
1958 1849 2264 1906 lucescente
2287 1852 2572 1924 Evangelio
2595 1856 2794 1912 Christi
2819 1860 3215 1917 subverteutur.
3267 1864 3402 1921 Nam
3440 1870 3536 1924 ad-

276 1942 636 2011 nipotentem.
688 1940 807 1996 Cito
846 1942 990 1996 enim
1038 1943 1219 1997 veniet
1266 1943 1315 1998 ei
1363 1952 1509 1998 certa
1558 1945 1851 2011 damnatio,

275 2046 437 2100 quem
483 2031 679 2085 summi
707 2032 848 2102 regis
886 2047 993 2085 non
1039 2031 1278 2087 defendit
1331 2035 1625 2103 protectio,
1668 2050 1859 2092 omne-

275 2137 383 2191 que
409 2122 575 2178 robur
594 2122 708 2192 ejus
751 2123 1125 2192 dissipabitur,
1152 2125 1244 2193 qui
1275 2124 1326 2178 in
1370 2126 1585 2195 propria
1633 2126 1851 2192 virtute,

274 2227 369 2268 seu
412 2212 636 2267 scientia
685 2212 962 2267 conlidens
1006 2213 1286 2283 gloriatur.
1339 2234 1358 2266 ‹
1407 2215 1600 2286 Prope,
1642 2217 1852 2286 inquit,

274 2317 358 2359 est
378 2305 628 2359 interitus
652 2303 804 2360 Moab
833 2313 893 2359 ut
924 2306 1123 2369 veniat,
1152 2315 1207 2361 et
1229 2308 1428 2361 malum
1458 2307 1575 2377 ejus
1598 2309 1856 2365 velociter

274 2396 513 2451 occurrit
559 2397 739 2451 nimis.
779 2418 798 2449 ι
833 2397 968 2465 Quia
1011 2414 1121 2452 non
1146 2408 1230 2454 est
1253 2400 1562 2456 diuturnum
1590 2404 1734 2473 quod
1758 2405 1854 2458 ali-

273 2489 492 2560 quando
520 2489 628 2544 erit
655 2491 936 2545 occiduum
969 2510 981 2545 :
1012 2506 1111 2546 nec
1145 2490 1258 2559 jam
1302 2492 1459 2563 longe
1502 2494 1687 2560 distat,
1713 2496 1856 2564 quod

274 2591 426 2638 certo
471 2581 565 2636 lini
608 2583 896 2638 obnoxium
926 2592 1155 2638 constat.
1203 2584 1399 2639 Malum
1434 2602 1564 2655 ergo
1601 2588 1857 2643 velociter

273 2669 352 2725 illi
378 2670 619 2725 occurrit
650 2687 663 2724 :
697 2671 787 2740 qui
822 2686 918 2740 per
945 2672 1317 2742 pteniteutiam
1358 2683 1414 2728 et
1462 2677 1854 2732 correctionem

274 2760 399 2815 vitae
435 2759 564 2814 illud
593 2759 821 2815 evadere
862 2777 969 2815 non
1013 2772 1297 2832 przecavet.
1354 2763 1537 2819 Solum
1580 2775 1662 2822 est
1709 2768 1856 2824 enim

272 2849 703 2921 periclitantibus
722 2849 1009 2923 refugium,
1037 2869 1068 2907 a
1092 2868 1221 2909 vero
1247 2854 1515 2910 salvatore
1536 2855 1724 2911 salutis
1743 2873 1856 2912 sua:

275 2955 517 3010 quaerere
548 2940 866 2997 remedium.
890 2942 965 2998 De
990 2957 1096 3011 quo
1117 2944 1379 3014 scriptum
1410 2953 1494 3001 est
1519 2963 1533 2999 :
1577 2964 1596 2998 ‹
1644 2947 1851 3015 Omnis,

274 3030 367 3099 qui
394 3028 614 3085 conlidit
632 3071 647 3097 ,
675 3045 782 3085 non
809 3030 1189 3087 confundetur.

352 3138 370 3170 ι
415 3119 781 3176 Consolamini
826 3137 951 3177 eum
979 3124 1319 3193 omnes,qui
1360 3124 1493 3179 estis
1519 3124 1574 3179 in
1622 3125 1851 3180 circuitu

1955 1943 2062 1998 huc
2089 1944 2334 2015 sequitur
2359 1963 2371 1999 :

2029 2050 2047 2083 ι
2081 2032 2393 2087 Abscissum
2445 2043 2529 2091 est
2563 2050 2728 2090 cornu
2784 2037 2958 2103 Moab,
2984 2050 3040 2095 et
3083 2044 3359 2103 brachium
3412 2052 3532 2121 ejus

1960 2141 1980 2176 ‹
2020 2125 2312 2179 contritum
2347 2134 2453 2191 cst,
2479 2127 2557 2181 ait
2598 2127 2874 2184 Dominus.
2921 2130 3188 2189 lnebriate
3214 2151 3360 2203 eum,
3398 2155 3534 2210 quo-

1960 2231 1981 2265 «
2026 2213 2172 2267 niam
2223 2221 2412 2268 contra
2461 2215 2747 2271 Dominum
2802 2228 3021 2276 erectus
3067 2232 3150 2278 est
3191 2244 3204 2280 :
3245 2238 3301 2282 et
3350 2230 3535 2288 allidet

1960 2320 1979 2354 ι
2022 2318 2242 2357 manum
2285 2304 2439 2359 Moab
2493 2307 2548 2362 in
2587 2309 2787 2363 vomitu
2810 2326 2947 2365 suo:
2987 2324 3042 2368 et
3072 2315 3177 2370 erit
3211 2318 3262 2372 in
3290 2320 3527 2379 derisum

1960 2412 1979 2445 ι
2020 2395 2185 2450 etiam
2232 2396 2363 2465 ipse.
2412 2396 2536 2451 Fuit
2583 2401 2726 2454 enim
2772 2402 2825 2455 in
2866 2403 3101 2459 derisum
3152 2409 3248 2464 tibi
3292 2410 3458 2469 Israel
3512 2434 3526 2470 :

1959 2504 1978 2537 ι
2019 2487 2172 2556 quasi
2205 2487 2347 2543 inter
2373 2487 2520 2544 fures
2547 2491 2840 2559 reperisses
2864 2509 3010 2547 eum.
3050 2495 3277 2566 Propter
3312 2517 3375 2556 ea
3405 2476 3535 2559 ver-1

1959 2595 1979 2628 ‹
2023 2577 2090 2631 ba
2143 2593 2275 2649 ergo
2315 2588 2437 2643 tua,
2477 2595 2598 2650 qua:
2644 2581 2930 2637 adversum
2980 2585 3128 2640 illum
3176 2587 3386 2646 locutus
3429 2608 3526 2650 es:

1959 2687 1978 2718 ι
2020 2668 2265 2738 captivus
2312 2669 2544 2724 duceris.
2596 2690 2616 2722 ι
2665 2670 2933 2743 (Ηίεινοη.)
2984 2672 3135 2729 Sicut
3164 2692 3294 2748 ergo
3340 2689 3531 2737 contra

1951 2755 2282 2827 Babylonem
2316 2765 2371 2811 et
2413 2756 2742 2812 Philistbiim
2771 2760 3038 2829 pr0pheta
3068 2763 3390 2821 vaticinatus
3424 2778 3529 2836 est,

1952 2848 2096 2918 quod
2137 2857 2520 2917 oppresserunt
2563 2850 2816 2920 p0pulum
2858 2849 3164 2908 Judreorum
3195 2897 3210 2920 ,
3263 2857 3337 2912 ita
3385 2876 3530 2917 nunc

1951 2938 2179 2994 vastitas
2199 2940 2511 3009 prmdicitur
2541 2940 2910 3007 Moabitarum,
2946 2945 2999 2999 id
3042 2956 3127 3001 est
3170 2946 3406 3017 Arabiae,
3456 2954 3527 3010 ab

1950 3028 2186 3100 Assyriis
2241 3039 2297 3085 et
2356 3030 2695 3102 Babyloniis,
2760 3034 2826 3089 ab
2889 3043 3118 3106 utraque
3182 3040 3325 3095 enim
3371 3052 3533 3113 gente

1954 3123 2149 3178 vastati
2179 3131 2304 3178 sunt
2332 3142 2344 3177 :
2375 3132 2431 3179 et
2456 3139 2521 3179 eo
2549 3133 2789 3195 tempore
2816 3143 2926 3198 quo
2966 3129 3332 3190 Sennacherib
3358 3138 3531 3208 capti-

279 3227 299 3260 c
342 3206 494 3277 ejus:
525 3217 581 3265 et
615 3210 885 3277 universi,
919 3212 1012 3282 qui
1057 3212 1208 3268 scitis
1245 3191 1450 3268 nomen
1479 3214 1616 3282 ejus,
1644 3215 1804 3270 dicite
1835 3234 1849 3269 :
1880 3191 1924 3252 (ἶ
1955 3228 2082 3266 vum
2102 3213 2254 3267 duxit
2277 3213 2459 3279 Israel,
2498 3222 2553 3269 et
2594 3191 2811 3284 quando
2833 3191 3351 3280 Nabuchodonosor
3401 3191 3530 3285 silli-

278 3316 301 3353 ι
346 3297 622 3366 Quomodo
669 3299 943 3355 confracta
996 3310 1079 3357 est
1125 3303 1278 3374 virga
1323 3301 1508 3370 fortis,
1538 3312 1595 3358 et
1635 3303 1854 3360 baculus

276 3406 300 3442 ι
339 3388 641 3460 gloriosus?
684 3391 955 3446 Descende
979 3392 1047 3446 de
1078 3392 1247 3463 gloria
1266 3402 1321 3449 et
1344 3395 1470 3449 sede
1495 3395 1548 3450 in
1580 3395 1669 3450 siti
1698 3396 1853 3451 habi-

277 3497 300 3532 (
344 3480 474 3535 tatio
503 3480 623 3536 filiae
650 3480 843 3546 Dibon,
870 3482 1123 3551 quoniam
1151 3493 1392 3538 vastator
1420 3484 1573 3540 Moab
1602 3488 1853 3542 ascendet

279 3589 298 3622 ι
342 3572 408 3626 ad
433 3581 485 3628 te
506 3612 521 3635 ,
550 3582 606 3627 et
634 3573 919 3643 dissipabit
961 3574 1289 3630 munitiones
1319 3585 1457 3630 tuas.
1495 3596 1514 3628 ›
1547 3575 1854 3632 Consolatio

272 3663 491 3734 quidem
521 3664 652 3727 baac,
683 3679 790 3734 qua
829 3663 1095 3719 consolari
1137 3665 1292 3720 Moab
1310 3666 1463 3736 jubet
1507 3667 1615 3733 bis,
1658 3668 1747 3737 qui
1796 3668 1852 3723 in

271 3754 499 3809 circuitu
520 3753 637 3823 ejus
662 3765 805 3821 sunt,
837 3755 1049 3810 videtur
1077 3756 1206 3811 mihi
1225 3756 1379 3825 juxta
1401 3758 1627 3813 ironiam
1654 3760 1854 3814 debere

271 3847 520 3918 intelligi,
563 3856 658 3902 aut
712 3850 1149 3916 provocationem
1201 3849 1267 3904 ad
1321 3851 1696 3920 paenitentiam
1738 3870 1751 3906 :
1794 3860 1853 3907 ut

270 3954 371 4010 per
391 3938 815 3995 satisfactionem
836 3956 1144 4011 congruam,
1173 3949 1229 3995 et
1253 3942 1587 3996 aversionem
1610 3958 1640 3996 a
1663 3948 1854 4012 pecca-

272 4030 374 4094 tis,
402 4039 673 4086 mereatur
710 4030 1007 4086 remedium
1035 4030 1405 4101 oppressionis
1444 4046 1553 4085 suae
1588 4031 1849 4086 invenire.

269 4121 446 4177 Aliter
474 4123 616 4177 enim
657 4123 925 4193 quomodo
949 4122 1214 4179 consolari
1244 4124 1440 4192 potuit,
1462 4139 1493 4177 a
1516 4124 1855 4179 subventori-

270 4212 375 4269 bus
401 4213 532 4277 suis,
556 4213 641 4267 cui
670 4213 850 4267 divina
880 4213 1147 4267 sententia
1176 4213 1528 4268 vastationem
1559 4218 1853 4283 superven-

275 4308 457 4356 turam
480 4301 874 4356 comminatur?
916 4300 1068 4355 Sicut
1091 4316 1330 4370 praesens
1359 4303 1627 4357 sententia
1668 4310 1723 4358 et
1766 4317 1853 4358 sc-

270 4407 448 4462 quens
474 4408 651 4447 sermo
679 4392 976 4448 declarant.
1006 4390 1139 4445 Nam
1166 4393 1409 4461 sequitur
1440 4407 1454 4445 :

349 4501 369 4533 ‹
413 4481 471 4536 1η
500 4482 580 4536 via
605 4490 689 4536 sta
713 4490 770 4539 et
794 4483 1041 4552 prospice
1069 4478 1329 4537 habitatio
1347 4482 1517 4537 Aroer
1542 4500 1554 4535 :
1581 4481 1850 4553 interroga

275 4591 296 4623 ι
343 4570 654 4642 fugientem,
681 4580 735 4626 et
765 4588 907 4636 eum,
940 4572 1030 4642 qui
1070 4572 1241 4626 evasit
1268 4590 1281 4624 :
1317 4570 1446 4636 Dic,
1468 4571 1594 4640 quid
1628 4571 1853 4626 accidit?

277 4684 295 4713 ι
342 4662 610 4718 Confusus
656 4671 739 4718 est
792 4663 971 4727 Moab,
1016 4663 1142 4733 quia
1194 4662 1364 4717 victus
1402 4670 1504 4716 est.
1562 4660 1773 4717 Ululate
1799 4670 1855 4716 et

278 4772 298 4804 ε
346 4753 598 4819 clamate,
629 4756 941 4809 annuntiate
987 4755 1041 4809 in
1083 4754 1299 4819 Arnon,
1338 4754 1591 4824 quoniam
1645 4762 1854 4809 vastata

279 4862 299 4894 ι
346 4852 432 4899 est
484 4842 661 4909 Moab,
690 4854 744 4899 ct
777 4843 1037 4912 judicium
1091 4844 1239 4899 venit
1280 4844 1347 4898 ad
1393 4852 1595 4898 terram
1641 4860 1855 4914 campe-

276 4955 299 4991 ι
344 4946 543 5001 strem,
594 4944 649 4991 et
690 4951 850 5005 super
893 4936 1047 5001 Elon,
1097 4944 1151 4991 et
1207 4951 1369 5004 super
1414 4934 1560 4999 Jasa,
1593 4946 1647 4992 et
1694 4954 1855 5007 super

276 5046 298 5081 ι
343 5025 583 5096 Mephat,
609 5035 665 5082 et
688 5043 850 5097 super
875 5026 1069 5093 Dibon,
1099 5036 1154 5082 et
1199 5043 1360 5097 super
1403 5027 1576 5094 Nabo,
1607 5039 1663 5085 et
1687 5045 1851 5100 super

280 5138 300 5171 ι
349 5119 562 5173 domum
593 5118 940 5184 Diblathaim,
974 5129 1027 5175 et
1055 5134 1218 5188 super
1249 5118 1653 5186 Cariathiarim,
1678 5129 1732 5175 et
1759 5136 1852 5176 su-

280 5229 299 5261 ‹
347 5224 443 5279 per
474 5207 818 5279 Bethgamul,
848 5217 904 5264 et
932 5223 1091 5279 super
1135 5210 1453 5275 Bethmaon,
1477 5217 1530 5264 et
1558 5226 1721 5281 super
1748 5210 1853 5267 Ca-

279 5323 297 5353 ι
344 5302 510 5369 rioth,
542 5313 597 5356 et
641 5317 805 5372 super
858 5303 1027 5357 Bosra
1052 5322 1064 5356 :
1094 5312 1149 5358 et
1190 5318 1351 5374 super
1393 5318 1580 5359 omnes
1607 5302 1856 5359 civitates

280 5414 297 5445 ι
343 5400 502 5448 terrae
544 5390 720 5460 Moab,
748 5409 868 5464 quae
894 5393 1050 5465 longe
1102 5394 1185 5448 vel
1230 5409 1395 5465 prope
1440 5405 1587 5451 sunt.
1621 5415 1639 5446 ι
1679 5396 1735 5450 In
1788 5412 1853 5452 eo

271 5486 419 5557 quod
448 5494 592 5541 stare
609 5484 765 5555 jubet
791 5486 1178 5542 habitationem
1207 5490 1402 5552 Aroer,
1428 5503 1549 5557 qua:
1579 5496 1852 5557 metropo-

269 5573 345 5630 lis
376 5583 460 5631 est
484 5575 862 5642 Moabitarum,
888 5585 943 5631 et
964 5577 1296 5647 interrogare
1317 5575 1628 5646 fugientem,
1659 5585 1711 5632 et
1730 5592 1854 5631 eum

270 5667 369 5738 qui
402 5669 577 5724 evasit
600 5669 665 5723 de
690 5668 877 5740 pnnlio
906 5668 1037 5738 quid
1061 5666 1319 5723 acciderit
1360 5685 1373 5721 :
1423 5676 1696 5738 stuporem
1737 5667 1855 5737 ejus

274 5756 481 5814 indicat
530 5767 752 5830 propter
795 5759 1137 5817 subitaneum
1181 5772 1399 5825 casum,
1445 5758 1537 5828 qui
1584 5759 1854 5831 insperate

1950 3304 2115 3359 vertit
2142 3304 2494 3361 Hierusalem.
2543 3305 2902 3364 Insultaverat
2931 3312 3075 3366 enim
3113 3314 3182 3368 ad
3232 3325 3530 3389 utrumque
3565 3337 3582 3355 ο

1950 3394 2162 3450 hostem
2212 3396 2493 3464 Ephraim,
2537 3405 2592 3451 et
2620 3395 2792 3452 Judze.
2841 3397 3143 3458 Inebriatus
3198 3420 3326 3477 ergo
3374 3407 3532 3465 Moab

1952 3488 2121 3546 calice
2165 3488 2260 3543 ira:
2302 3489 2536 3554 Domini,
2577 3488 2634 3543 in
2679 3491 2884 3546 vomitu
2933 3508 3031 3547 suo
3080 3510 3296 3550 manum
3343 3498 3526 3565 allisit,

1952 3580 2057 3634 hoc
2100 3588 2215 3645 est,
2245 3578 2300 3633 in
2338 3596 2498 3650 pinna
2532 3596 2627 3634 sua
2674 3580 2810 3635 alios
2848 3584 3101 3654 persequi
3147 3588 3410 3653 cessavit,
3450 3589 3526 3643 ir-

1952 3672 2201 3741 risorque
2256 3672 2503 3738 aliorum,
2532 3676 2695 3728 etiam
2726 3673 2841 3745 ipse
2871 3675 3246 3732 universorum
3275 3679 3529 3736 derisioni

1948 3761 2142 3831 patuit.
2193 3759 2282 3815 Sic
2331 3772 2385 3816 et
2433 3763 2595 3816 stulta
2649 3762 2807 3830 hujus
2848 3765 3031 3819 numdi
3077 3766 3372 3835 sapientia,
3410 3784 3531 3838 qua:

1950 3852 2181 3907 irridere
2224 3851 2361 3905 solet
2406 3850 2766 3906 Christianam
2815 3852 3248 3920 simplicitatem,
3290 3870 3412 3910 cum
3459 3858 3529 3914 ad

1951 3940 2114 3996 linem
2168 3941 2409 4006 venerit,
2453 3949 2579 3994 tunc
2623 3940 2707 3993 sui
2761 3941 2964 3996 erroris
3017 3941 3300 3997 stultitiam
3355 3960 3527 4015 agno-

1951 4039 2084 4086 scel.
2147 4030 2282 4085 Vere
2330 4029 2476 4082 enim
2528 4029 2787 4098 quidquid
2838 4029 2893 4083 in
2950 4030 3148 4087 szeculo
3217 4032 3528 4101 dogmatum

1950 4134 2326 4190 perversorum
2372 4127 2474 4183 est,
2512 4118 2770 4187 quidquid
2814 4119 2882 4173 ad
2928 4127 3197 4174 terrenam
3244 4123 3525 4178 scientiam

1950 4209 2205 4279 pertinet,
2244 4216 2298 4263 et
2355 4216 2575 4278 putatur
2626 4221 2745 4261 esse
2795 4209 3095 4273 robustum,
3144 4211 3246 4265 hnc
3298 4212 3526 4267 subver-

1954 4300 2105 4363 titur,
2137 4306 2191 4352 et
2216 4299 2386 4352 instar
2431 4297 2659 4352 incendii
2700 4297 2753 4351 in
2798 4297 3007 4352 cineres
3056 4298 3371 4370 favillasque
3418 4302 3527 4357 dis-

1951 4390 2221 4444 solvitur:
2253 4398 2311 4443 ut
2354 4385 2611 4458 prob'etur
2658 4388 2814 4441 nihili
2872 4388 3013 4458 quod
3063 4391 3352 4458 putabatur
3402 4406 3527 4448 esse

1954 4480 2327 4535 fortissimum.
2990 4474 3035 4486 ’”

2028 4592 2047 4624 ί
2094 4571 2397 4640 Relinquite
2421 4571 2687 4636 civitates,
2714 4580 2768 4625 et
2792 4572 3030 4626 habitate
3069 4573 3120 4627 in
3163 4582 3336 4645 petra,
3369 4576 3525 4631 habi-

1958 4680 1979 4714 ι
2021 4671 2223 4718 tatores
2246 4659 2418 4725 Moab,
2440 4668 2493 4713 et
2520 4669 2693 4715 estote
2715 4661 2868 4731 quasi
2890 4661 3137 4715 columba
3162 4663 3445 4720 nidificans
3468 4665 3525 4719 in

1959 4771 1979 4807 ί
2024 4768 2235 4808 summo
2264 4768 2357 4807 ore
2388 4750 2684 4806 foraminis.
2730 4771 2749 4803 ι
2782 4750 3071 4822 (Marinus)
3120 4751 3221 4806 Dat
3262 4754 3524 4823 propheta

1954 4843 2237 4899 consilium
2277 4842 2434 4911 hujus
2478 4842 2657 4896 saeculi
2703 4842 3057 4911 sapientibus,
3111 4850 3169 4895 ut
3221 4842 3526 4910 relinquant

1956 4932 2258 4989 habitacula
2286 4946 2530 4985 errorum
2568 4946 2787 4986 suorum
2813 4973 2829 4998 ,
2881 4941 2936 4986 et
2983 4930 3188 5002 fugiant
3216 4930 3281 4982 ad
3316 4940 3524 4999 petram

1959 5025 2234 5082 Christum
2262 5064 2277 5089 ,
2308 5031 2629 5091 sumautque
2659 5024 2711 5076 in
2740 5039 2798 5077 se
2822 5023 3220 5092 simplicitatem
3263 5020 3405 5073 illius
3438 5037 3530 5076 co-

1960 5118 2176 5181 lumbae,
2205 5117 2270 5170 de
2303 5129 2407 5184 qua
2438 5114 2489 5167 in
2508 5113 2730 5167 Cantico
2758 5114 3087 5166 canticorum
3115 5111 3372 5179 scriptum
3401 5120 3484 5165 est
3512 5129 3524 5164 :

1967 5228 1985 5261 ε
2033 5209 2225 5278 Surge,
2254 5207 2426 5259 amica
2454 5220 2594 5269 mea,
2624 5202 2863 5281 speciosa
2888 5217 3027 5264 mea,
3052 5210 3107 5255 et
3130 5201 3253 5255 veni
3282 5201 3531 5258 columba

1960 5317 2080 5357 mea
2131 5300 2182 5353 in
2232 5297 2584 5352 foraminibus
2629 5302 2829 5364 petrze,
2877 5294 2929 5347 in
2975 5308 3234 5347 cavernas
3286 5292 3531 5347 maceriae

1962 5388 2138 5461 (Cant.
2170 5386 2229 5457 ιι)
2256 5400 2269 5439 :
2302 5405 2319 5436 ι
2354 5383 2734 5451 uidilicentque
2765 5382 2819 5435 in
2850 5395 3060 5435 summo
3089 5395 3182 5434 ore
3218 5379 3528 5447 foraminis,

1961 5482 2065 5535 hoc
2093 5487 2198 5542 est,
2232 5478 2283 5530 in
2308 5474 2545 5546 perfecta
2571 5472 2909 5528 confessione
2951 5472 3215 5542 passionis
3255 5479 3310 5526 et
3352 5487 3533 5527 resur-

1962 5570 2217 5627 rectionis
2244 5567 2444 5623 Christi
2472 5606 2486 5631 ,
2516 5581 2638 5619 cum
2668 5565 2823 5619 bonis
2848 5564 3100 5634 operibus
3139 5574 3396 5618 mternum
3429 5563 3532 5620 sibi

1959 5666 2265 5733 praeparent
2304 5654 2669 5710 habitaculum
2693 5696 2708 5719 ,
2756 5654 2844 5709 ubi
2885 5654 3130 5711 laborum
3162 5669 3384 5711 suorum
3414 5666 3537 5723 ρει·-

1959 5764 2180 5826 petuum
2214 5749 2488 5820 accepturi
2514 5748 2623 5803 sint
2651 5747 2953 5817 praemium.
