3970 6190
427 347 561 403 lll9

1053 344 1117 398 Β.
1155 339 1406 397 RABANI
1443 339 1665 396 MAURl
1699 335 2018 393 ARCHIEP.
2063 333 2370 391 MOGUNT.
2405 333 2689 390 OPERUM
2725 333 2905 390 PARS
2938 333 3025 388 ιιι.

3551 332 3694 386 uso

497 476 517 510 ι
561 455 877 512 Audivimus
901 453 1207 524 superbiam
1231 451 1406 516 Moab,
1431 451 1694 520 superbus
1716 458 1800 502 est
1819 446 1992 501 valde.
2022 447 2072 507 Α
2099 453 2397 498 creatorem
2444 452 2619 497 armet
2685 459 2748 498 os
2807 459 2964 498 suum
2993 484 3008 508 ,
3055 443 3344 497 detrahens
3395 444 3692 513 prophetas

431 573 448 603 ι
494 548 894 606 Sublimitatnu
920 545 1058 615 ejus,
1089 556 1145 600 et
1167 545 1561 614 arrogantiam,
1591 552 1646 597 et
1669 543 2001 612 superbiam,

429 663 447 693 ι
494 650 549 696 et
586 640 918 695 altitudinem
954 638 1136 692 cordis
1169 637 1311 691 illius
1344 651 1443 706 ego
1465 636 1599 699 scio,
1622 635 1698 688 ait
1723 633 2000 688 Dominus.

429 753 446 780 ι
491 729 809 786 Jactantiam
841 727 976 796 ejus,
1006 735 1062 782 et
1093 726 1236 796 quod
1276 742 1379 780 non
1411 723 1651 792 sitjuxta
1683 738 1804 778 eam
1830 723 2004 777 virtus

430 842 448 868 ι
493 817 630 886 ejus,
682 833 779 872 nec
825 815 977 884 juxta
1023 815 1166 884 quod
1210 822 1423 884 poterat
1451 822 1642 866 conata
1689 813 1760 866 sit
1803 811 1999 866 facere.

430 933 447 958 ι
493 909 616 963 ldeo
643 923 804 976 super
832 906 988 960 Moab
1013 905 1280 975 evigilabo
1311 901 1566 975 [ejulabo]
1587 942 1602 966 ,
1645 910 1699 956 et
1745 901 1810 954 ad
1848 900 2002 954 Moab

429 1018 448 1047 ι
491 998 796 1052 universam
829 996 1092 1058 clamabo,
1137 994 1204 1049 ad
1245 995 1390 1047 viros
1429 992 1564 1046 muri
1599 990 1777 1046 ﬁctilis
1801 989 2004 1045 lamen-

429 1111 445 1141 α
493 1100 688 1144 tantes.
705 1090 777 1144 De
791 1088 1005 1159 planctu
1029 1085 1188 1141 Jazer
1207 1085 1426 1156 plorabo
1449 1083 1540 1136 tibi
1567 1083 1721 1136 vinea
1747 1081 1999 1135 Sabama.

429 1201 446 1231 ι
489 1180 818 1250 Pmpagines
853 1186 957 1232 tua:
988 1176 1318 1230 transierunt
1345 1189 1515 1238 mare,
1543 1165 1712 1242 usque
1737 1172 1802 1224 ad
1851 1185 2002 1224 mare

430 1293 447 1324 ι
493 1271 651 1327 Jazer
693 1279 1054 1342 pervenerunt
1083 1284 1098 1323 :
1129 1283 1293 1338 super
1321 1282 1549 1322 messem
1597 1273 1742 1318 tuam
1761 1304 1775 1328 ,
1803 1272 1856 1318 et
1887 1263 2003 1316 vin-

429 1385 446 1416 ι
493 1363 721 1421 demiam
751 1374 895 1417 tuam
922 1361 1106 1430 pr:ch
1140 1358 1297 1412 irruit
1328 1375 1340 1409 :
1380 1356 1556 1410 ablata
1587 1364 1670 1410 est
1703 1353 1919 1416 lmtitia,
1947 1359 2004 1406 et

427 1477 445 1507 ι
492 1454 780 1525 exsultatio
809 1454 875 1508 de
901 1450 1169 1515 Cartnelo,
1193 1449 1332 1504 etde
1358 1455 1500 1501 terra
1528 1446 1703 1510 Moab,
1730 1454 1785 1500 et
1816 1444 2000 1498 vinum

428 1565 447 1599 ‹
494 1546 560 1602 de
590 1543 948 1600 torcularibus
973 1539 1187 1596 sustuli.
1225 1537 1572 1607 Nequaquam
1621 1535 1856 1590 calcator
1884 1549 2001 1588 uvaa

427 1656 447 1689 c
493 1636 711 1692 solitum
743 1634 986 1690 celeuma
1016 1630 1274 1686 cantabit.
1317 1649 1335 1681 ι
1371 1629 1506 1682 Huic
1533 1625 1708 1682 simile
1730 1634 1831 1690 est,
1857 1623 2002 1694 quod

423 1728 479 1782 in
505 1727 642 1782 lsaia
668 1724 864 1796 legitur
895 1740 908 1777 :
947 1741 966 1774 ε
1005 1721 1320 1776 Audivimus
1357 1717 1662 1789 superbiam
1689 1715 1845 1771 Moab
1865 1755 1880 1780 ,
1910 1730 2002 1770 su-

2105 534 2243 603 ejus,
2273 533 2425 602 quasi
2454 534 2779 588 auctoritate
2810 533 3101 588 testimonii
3129 533 3448 602 evangelici,
3481 535 3532 586 in
3576 548 3690 602 quo

2105 625 2351 680 Salvator
2373 625 2447 678 ait
2479 642 2493 678 :
2527 641 2546 674 α
2591 623 2794 680 Omnes
2829 626 2918 696 qui
2951 635 3216 680 venerunt
3251 635 3378 679 ante
3413 641 3500 680 me
3537 627 3691 680 fures

2103 715 2322 768 fuerunt
2345 723 2402 768 et
2427 715 2667 770 latrones
2695 714 2875 785 (Joan.
2903 715 3011 786 ix);
3063 736 3080 768 ι
3125 725 3183 769 ιιι
3223 715 3442 786 Moysen
3472 731 3692 785 quoque

2103 803 2360 858 famulum
2390 804 2482 858 Dei
2511 804 2743 874 appellet
2773 806 3123 871 homicidam,
3155 815 3208 860 et
3238 804 3367 859 Jesu
3401 806 3512 858 lilio
3538 803 3690 859 Nave

2102 893 2371 958 detrahat,
2404 896 2558 965 quasi
2596 895 2801 949 homini
2830 897 3204 966 sanguinario,
3234 897 3324 966 qui
3369 905 3532 949 tantm
3559 911 3692 949 san-

2103 983 2305 1037 ctitatis
2335 983 2456 1048 fuit,
2489 991 2546 1038 ut
2576 985 2642 1038 ad
2670 984 2950 1054 imperium
2977 987 3246 1040 sermonis
3269 985 3386 1053 ejus
3411 985 3492 1040 sol
3532 985 3692 1038 luna-

2102 1088 2206 1144 que
2235 1075 2592 1129 constiterunt
2623 1073 2769 1147 (los.
2802 1075 2902 1147 ι),
2937 1085 2992 1130 et
3022 1077 3191 1132 David
3217 1078 3284 1132 de
3305 1076 3462 1144 cujus
3479 1077 3694 1132 semine

2101 1178 2255 1223 ortus
2280 1178 2365 1223 cst
2406 1168 2653 1225 Christus
2685 1171 3010 1224 homicidam
3043 1180 3101 1226 et
3152 1171 3458 1226 adulterum
3505 1179 3690 1235 vocet,

2102 1277 2207 1316 non
2234 1263 2526 1332 respiciens
2556 1263 2672 1332 ejus
2712 1264 3083 1332 paenitentiam
3111 1274 3166 1318 et
3193 1265 3689 1328 mansuetudinem,

2102 1373 2205 1427 qua
2248 1357 2341 1412 Dei
2372 1357 2655 1412 clementia
2687 1366 3054 1427 comparatur.
3088 1357 3196 1412 Sed
3225 1357 3477 1427 quamvis
3501 1371 3693 1426 super-

2100 1449 2202 1502 bus
2249 1454 2304 1502 et
2351 1462 2610 1519 arrogans
2647 1448 2736 1513 sit,
2771 1457 2825 1502 et
2875 1447 3193 1502 furibundus
3215 1447 3476 1510 exsultet,
3507 1455 3690 1501 tamen

2101 1539 2220 1608 plus
2240 1537 2420 1600 audet,
2447 1552 2609 1607 quam
2633 1537 2750 1606 ejus
2771 1538 2974 1607 patitur
2994 1535 3278 1592 fortitudo.
3303 1537 3512 1591 Idcirco
3533 1535 3690 1590 Moab

2102 1629 2330 1684 ululabit
2353 1631 2419 1683 ad
2441 1629 2616 1694 Moab,
2647 1630 2699 1684 id
2727 1638 2830 1693 est,
2857 1629 2994 1684 alter
3019 1629 3086 1684 ad
3110 1629 3364 1692 alterum,
3391 1643 3584 1682 omnes
3608 1629 3689 1682 vi-

2101 1719 2294 1776 delicet
2317 1719 2691 1774 haereticorum
2741 1727 2796 1774 et
2830 1719 3106 1774 saacularis
3146 1718 3428 1788 sapientia:
3457 1717 3690 1772 diversi-

422 1817 622 1886 perbus
646 1823 728 1870 est
756 1813 930 1868 valde.
959 1810 1223 1882 Superbia
1257 1808 1396 1878 ejus,
1426 1817 1481 1864 et
1519 1806 1828 1861 arroaanlia
1857 1804 1998 1874 eius,
2028 1812 2074 1872 B
2105 1820 2244 1866 tates
2269 1821 2458 1865 contra
2486 1825 2545 1864 se
2575 1810 2834 1880 mugient,
2874 1825 2996 1864 cum
3025 1809 3080 1863 in
3134 1807 3424 1862 tormentis
3465 1806 3690 1861 fuerint.

423 1913 478 1959 et
503 1903 798 1974 indignatio
816 1901 952 1970 ejus,
970 1900 1252 1970 plusquam
1268 1897 1529 1952 fortitudo
1543 1897 1660 1968 ejus
1673 1895 1808 1968 (Ira.
1828 1911 1915 1950 xvi
1946 1935 1959 1950 .
1975 1914 1992 1946 ι

422 1997 628 2052 idcirco
655 1994 879 2048 ululabit
922 1991 1078 2047 Moab
1121 1991 1187 2046 ad
1228 1990 1418 2049 Moab.
1451 2003 1732 2044 universus
1774 1986 2004 2041 ululabit

424 2087 544 2148 sibi,
579 2084 668 2156 qui
696 2084 943 2139 laetantur
977 2097 1140 2152 super
1168 2093 1352 2136 muros
1389 2079 1530 2134 cocti
1571 2077 1772 2132 lateris.
1807 2076 2004 2146 Loqui-

426 2178 555 2233 mini
599 2177 784 2248 plagas
810 2173 944 2244 ejus.
983 2175 1219 2230 Rursum
1255 2175 1320 2228 ad
1354 2173 1698 2244 praesentiam
1743 2171 1902 2235 redit,
1948 2180 2004 2225 et

423 2268 685 2339 superbiae
725 2274 916 2336 arguet
945 2265 1121 2332 Moab,
1151 2265 1294 2336 quod
1323 2263 1490 2319 multo
1527 2263 1647 2334 plus
1687 2261 1861 2316 elatus
1891 2261 1960 2316 sit
1985 2299 2000 2326 ,

423 2373 585 2428 quam
611 2357 726 2427 ejus
754 2356 1010 2412 fortitudo
1039 2355 1317 2426 poscebat,
1355 2362 1411 2409 et
1452 2363 1672 2424 propter
1724 2354 1864 2408 hanc
1915 2368 2002 2407 su-

425 2449 665 2519 perbiam
693 2447 929 2502 ululatus
955 2447 1025 2501 sit
1052 2445 1207 2501 Moab
1241 2445 1309 2499 ad
1345 2444 1523 2509 Moab,
1554 2444 1607 2498 id
1634 2452 1747 2508 est,
1773 2441 2004 2513 populus

425 2541 492 2594 ad
523 2539 735 2603 urbem,
764 2539 849 2592 vel
876 2537 1191 2606 metropolis
1215 2537 1280 2591 ad
1305 2532 1669 2606 provinciam,
1714 2542 1769 2588 et
1809 2540 2004 2589 cuncta

424 2630 715 2684 ululatibus
740 2638 882 2683 terra
907 2628 1186 2683 resonabit
1211 2642 1374 2697 super
1418 2641 1602 2681 muros
1630 2625 1768 2680 cocti
1798 2623 2000 2678 lateris.

426 2721 502 2776 De
529 2719 724 2790 quibus
759 2728 816 2775 et
851 2717 1112 2774 Jeremias
1140 2734 1285 2773 nunc
1311 2719 1386 2772 ait
1416 2735 1428 2770 :
1459 2735 1479 2768 ι
1514 2717 1638 2771 Ideo
1659 2729 1820 2786 super
1850 2713 2003 2768 Moab

423 2809 669 2879 cjulabo,
713 2819 769 2866 et
803 2810 871 2865 ad
912 2809 1068 2866 Moab
1112 2810 1419 2865 universam
1460 2809 1738 2874 clamabo,
1765 2808 1832 2862 ad
1859 2806 2005 2862 viros

425 2903 566 2958 muri
596 2902 777 2958 ﬁctilis
816 2903 1191 2958 lamentantes.
1227 2922 1246 2954 ι
1296 2903 1398 2955 l‘er
1444 2901 1559 2956 hzec
1596 2908 1777 2954 autem
1815 2907 2006 2970 poten-

425 2995 554 3049 tiam
583 2993 822 3064 pristiua:
867 2991 1142 3050 felicitatis
1165 3033 1178 3058 ,
1228 2999 1284 3047 et
1325 2992 1511 3062 plagas
1549 2989 1845 3062 repentina:
1873 2988 2003 3044 sub-

423 3086 688 3141 versionis
714 3085 969 3140 ostendit.
1016 3085 1180 3139 Moris
1203 3093 1288 3138 est
1313 3083 1736 3152 Scripturarum,
1773 3087 1832 3135 ut
1857 3089 2004 3150 post-

2105 1901 2463 1969 Quamobrem
2509 1899 2629 1964 his,
2666 1899 2758 1969 qui
2804 1913 2988 1952 muros
3036 1896 3272 1959 habent,
3315 1912 3424 1950 non
3470 1894 3693 1964 quadris

2101 1990 2392 2046 aediﬁcatus
2422 1989 2712 2061 lapidibus,
2735 1989 2800 2044 de
2826 1988 3026 2058 quibus
3081 1987 3334 2057 templum
3362 1986 3691 2040 :ediﬁcatum

2103 2091 2204 2149 est,
2234 2092 2289 2138 et
2313 2083 2368 2137 in
2408 2091 2616 2136 tantum
2643 2081 2845 2152 politis,
2878 2089 2938 2135 ut
2964 2080 3192 2134 malleus
3219 2088 3276 2133 et
3325 2079 3542 2134 securis
3584 2093 3693 2134 non

2103 2178 2172 2234 sit
2224 2177 2406 2232 audita
2451 2176 2504 2230 in
2555 2176 2714 2231 domo
2749 2175 2864 2239 Dei,
2918 2189 2952 2228 ο
2987 2188 3083 2228 vos
3114 2172 3371 2227 Ecclesia:
3423 2170 3694 2242 magistri,

2102 2269 2188 2324 vel
2217 2269 2308 2338 qui
2338 2268 2469 2323 estis
2491 2268 2556 2322 de
2583 2267 2744 2322 Moab
2772 2281 2958 2324 errore
2987 2265 3200 2330 salvati,
3229 2265 3554 2319 annuntiate
3580 2264 3696 2334 pla-

2104 2373 2201 2429 gas
2227 2375 2374 2424 suas,
2401 2360 2598 2429 quibus
2626 2359 3002 2412 haereticorum
3025 2356 3222 2424 jaculis
3251 2356 3524 2410 vulnerati
3545 2364 3691 2408 sunt.

2104 2450 2304 2507 Oinues
2348 2449 2496 2504 enim
2542 2449 2901 2520 cogitationes
2958 2463 3180 2512 eorum,
3215 2446 3361 2516 quod
3419 2446 3696 2516 signiﬁcat

2104 2541 2338 2607 Esebon,
2370 2557 2475 2596 non
2507 2539 2575 2594 ad
2609 2539 2760 2593 urbis
2806 2538 3100 2592 Dominicae
3147 2537 3540 2592 habitationem
3570 2552 3696 2605 per-

2106 2634 2295 2694 tinent,
2331 2632 2396 2687 de
2425 2647 2533 2702 qua
2558 2629 2818 2700 scriptum
2850 2637 2932 2684 est
2963 2647 2978 2682 :
3009 2647 3028 2679 ‹
3052 2627 3315 2682 Fluminis
3343 2628 3581 2697 impetus
3605 2627 3696 2681 lm-

2105 2722 2276 2777 tiﬁcat
2319 2721 2593 2777 civitatem
2641 2720 2736 2775 Dei
2768 2719 2942 2792 (Psal.
2970 2718 3116 2786 xu).
3163 2737 3184 2771 ι
3228 2716 3336 2773 Sed
3379 2716 3694 2771 suburbana

2106 2824 2250 2880 sunt,
2281 2814 2408 2869 licet
2454 2814 2522 2869 ad
2567 2813 2755 2868 urbem
2795 2812 3010 2868 Domini
3056 2814 3330 2881 pertinere
3373 2811 3692 2875 credantur,

2105 2905 2232 2975 quia
2279 2905 2377 2959 sub
2427 2903 2560 2960 urbe
2597 2911 2724 2958 sunt
2759 2920 2774 2958 :
2808 2903 3023 2958 deserta
3051 2912 3230 2957 tamen
3271 2902 3546 2974 praesidio,
3576 2903 3696 2957 sive

2107 2997 2290 3052 divino
2321 2997 2441 3068 igne
2463 2995 2743 3052 combusta
2765 3004 2948 3060 erunt,
2971 2995 3242 3065 praecipue
3259 2995 3416 3050 vinea
3433 2993 3692 3058 Sabama,

2109 3101 2229 3156 qure
2255 3084 2642 3154 interpretatur
2668 3083 2920 3140 attollens
2963 3084 3322 3150 altitudinem,
3348 3100 3416 3140 eo
3442 3085 3588 3154 quod
3638 3085 3694 3140 in

423 3191 584 3246 quam
639 3175 1071 3246 desperationem
1121 3174 1318 3229 mentis
1370 3177 1616 3228 humana:
1652 3171 1776 3226 laato
1817 3169 2004 3224 nuntio
2031 3161 2076 3223 C
2107 3179 2278 3234 auum
2308 3194 2368 3234 se
2394 3178 2585 3250 erigat,
2614 3187 2669 3233 ει
2696 3179 2964 3247 superbiae,
3013 3193 3125 3232 sum
3169 3177 3362 3231 tun-im
3407 3192 3579 3247 usque
3621 3177 3694 3230 ad

382 3265 395 3280 '
427 3265 792 3319 sublevaverit
813 3304 830 3329 ,
882 3279 1096 3318 rursum
1139 3263 1468 3334 negligentes
1492 3269 1548 3316 et
1573 3260 1817 3316 nolentes
1846 3275 2006 3330 agere

424 3357 795 3428 paenitentiam
821 3397 836 3420 ,
889 3355 1307 3411 comminatione
1356 3355 1644 3408 deterreat.
1698 3351 1815 3406 Non
1861 3351 2006 3406 enim

425 3445 638 3499 bonitas
667 3445 761 3498 Dei
794 3445 1010 3498 indurat
1040 3459 1137 3498 cor
1184 3451 1449 3498 nostrmn.
1501 3439 1665 3510 Cujus
1714 3440 1794 3496 rei
1840 3450 2018 3494 unum'

427 3544 632 3589 tantum
661 3550 925 3606 ponamus
954 3534 1258 3606 exemplum
1289 3549 1304 3588 :
1336 3533 1395 3587 lu
1439 3533 1736 3588 centesimo
1777 3533 2006 3603 quadra-

425 3625 630 3695 gesimo
646 3634 836 3694 quarto
856 3624 1062 3695 psalmo
1081 3625 1340 3696 legimus:
1373 3642 1394 3676 ι
1423 3623 1616 3678 Suavis
1643 3632 1728 3677 est
1747 3623 2006 3678 Dominus

426 3716 712 3780 universis,
759 3724 815 3770 et
841 3716 1214 3770 miserationes
1263 3714 1382 3784 ejus
1432 3730 1598 3784 super
1627 3715 1806 3770 omnia
1841 3730 2004 3786 opera

425 3804 540 3873 ejus
570 3804 741 3875 (Psal.
773 3805 943 3875 xux).
980 3824 1000 3856 ι
1034 3805 1103 3859 Ει
1144 3813 1266 3874 post
1307 3803 1585 3874 paululum
1618 3823 1632 3858 :
1671 3823 1689 3856 ι
1724 3803 2005 3859 Sustentat

428 3897 688 3952 Dominus
727 3912 917 3952 omnes
955 3897 1048 3968 qui
1077 3907 1380 3961 corruunt,
1408 3905 1463 3953 et
1493 3899 1651 3969 erigit
1695 3913 1886 3954 omnes
1931 3898 2006 3952 al-

426 3987 573 4041 lisOs.
601 3987 750 4043 Oculi
779 3989 1016 4042 omnium
1055 3989 1106 4042 in
1136 3997 1187 4042 te
1209 3997 1449 4059 sperant,
1475 3989 1721 4054 Domine,
1753 3998 1807 4044 et
1833 3997 1887 4042 tu
1910 3990 2007 4044 das

428 4095 607 4134 escam
641 4078 854 4134 illorum
885 4080 938 4134 in
965 4089 1208 4150 tempore
1246 4095 1344 4134 suo
1373 4078 1545 4151 (Paul.
1572 4080 1774 4149 cxuv).
1799 4099 1818 4132 ι
1846 4080 2005 4135 Cum-

427 4186 532 4241 que
574 4171 927 4240 prmmisisset
965 4189 977 4224 :
1015 4189 1034 4221 ι
1066 4170 1312 4227 Custodit
1345 4170 1606 4226 Dominus
1647 4186 1840 4225 omnes
1879 4171 2003 4225 dili-

427 4270 614 4333 gentes
636 4278 724 4326 se,
758 4282 776 4313 ›
815 4278 884 4318 ne
931 4261 1291 4333 negligentem
1333 4261 1538 4317 faceret
1577 4262 1899 4328 auditorem,
1924 4263 2006 4316 in—

429 4352 548 4408 tulit
586 4371 598 4406 :
640 4372 658 4403 ‹
687 4361 744 4408 et
766 4369 956 4409 omnes
984 4363 1298 4422 peccatores
1317 4352 1609 4422 disperdet.
1641 4371 1659 4404 ι
1685 4353 1820 4419 Quia
1845 4353 2006 4423 igitur

428 4443 696 4512 inpriore
728 4452 938 4499 comate
985 4443 1054 4499 ad
1103 4443 1476 4513 paenitentiam
1517 4449 1763 4498 errantes
1812 4457 2007 4512 provo~

427 4535 584 4589 cabat
607 4575 621 4600 ,
675 4545 730 4590 et
759 4537 826 4590 ad
855 4535 1127 4591 Christum
1155 4537 1399 4591 converti
1425 4537 1694 4602 mouebat,
1723 4545 1781 4590 ut
1804 4535 1858 4589 in
1887 4519 2002 4604 ejus

432 4623 535 4678 ﬁde
569 4632 832 4694 perpetuo
848 4633 1150 4690 manerent,
1178 4640 1319 4679 nunc
1341 4625 1594 4694 quoniam
1617 4623 2006 4694 incorrigibiles

426 4729 494 4767 ex
551 4713 631 4767 eis
671 4713 932 4783 plurimos
971 4719 1132 4781 esse,
1179 4724 1236 4770 et
1272 4716 1626 4784 perdurantes
1677 4715 1732 4771 in
1777 4715 2005 4771 stultitia

429 4820 524 4860 sua
567 4805 829 4876 agnoscit,
886 4821 954 4860 ex
999 4820 1231 4874 persona
1266 4814 1598 4872 sanctorum,
1633 4806 1723 4876 qui
1756 4805 1822 4860 de
1849 4805 2006 4860 Moab

427 4894 619 4950 salvati
685 4903 806 4949 sunt
844 4935 859 4960 ,
909 4903 967 4948 et
1015 4894 1386 4964 experimento
1437 4909 1536 4950 suo
1595 4892 1710 4963 ejus
1770 4895 2008 4950 didicere

426 4987 759 5059 superbiam,
806 4997 1092 5059 propterea
1122 4986 1395 5057 loquitur:

504 5203 524 5238 ε
567 5184 885 5241 Audivimus
907 5183 1215 5254 superbiam
1237 5183 1412 5252 Moab,
1437 5184 1701 5256 superbus
1723 5191 1806 5238 est
1829 5183 2005 5250 valde,

2106 3269 2303 3325 ccelum
2329 3278 2609 3325 exstruere
2625 3278 2868 3323 conetur.
2888 3267 2961 3322 De
2981 3268 3082 3321 bac
3104 3267 3258 3321 vinea
3286 3282 3504 3336 quoque
3523 3266 3695 3322 Isaias

2104 3359 2280 3414 dicit:
2325 3379 2343 3412 ι
2390 3359 2603 3414 Domini
2652 3359 2890 3428 gentium
2937 3357 3256 3412 exciderunt
3303 3355 3512 3428 ﬂagella
3548 3358 3692 3428 ejus,

2105 3464 2275 3518 usque
2300 3448 2368 3502 ad
2397 3447 2556 3503 Jazer
2587 3455 2974 3518 pervenerunt.
3005 3446 3337 3501 Erraveruut
3367 3448 3422 3501 in
3467 3446 3694 3502 deserto

2103 3542 2423 3612 propagines
2451 3541 2589 3611 ejus,
2618 3539 2819 3595 relictae
2857 3547 3003 3605 sunt,
3031 3539 3360 3598 transierunt
3388 3554 3562 3604 mare,
3591 3553 3692 3594 suo

2103 3647 2200 3702 per
2228 3633 2328 3686 hoc
2353 3618 2576 3701 plorabo
2610 3631 2663 3684 in
2711 3629 2838 3684 ﬂetu
2872 3629 3034 3685 Jazer
3067 3629 3225 3684 vinea
3271 3628 3533 3694 Sabama,
3563 3630 3690 3685 ine-

2103 3723 2291 3778 briabo
2321 3733 2374 3778 te
2409 3724 2647 3796 lacryma
2673 3739 2792 3778 mea
2822 3723 3038 3778 Ezebon
3085 3731 3144 3778 et
3186 3723 3398 3788 Eleale,
3427 3723 3688 3791 quoniam

2103 3833 2267 3896 super
2293 3819 2617 3874 vindemiam
2659 3827 2805 3873 tuam
2854 3827 2910 3872 et
2933 3833 3094 3888 super
3120 3832 3352 3872 messem
3399 3827 3548 3871 tuam
3577 3831 3685 3870 vox

2104 3909 2429 3964 calcautium
2459 3909 2634 3972 irruit,
2663 3919 2719 3964 et
2759 3907 3034 3964 auferetur
3061 3907 3267 3972 laetitia,
3299 3915 3357 3962 et
3396 3905 3693 3962 exsultatio

2105 4002 2170 4057 de
2187 4001 2454 4068 Carmelo,
2470 4010 2523 4057 et
2549 4003 2602 4056 in
2635 4001 2806 4056 vineis
2839 4017 2946 4056 non
2974 3999 3269 4056 exsultabit
3292 4013 3469 4068 neque
3487 3998 3690 4069 jubila-

2102 4093 2200 4166 bit.
2233 4092 2428 4148 Vinum
2481 4093 2535 4147 in
2563 4093 2820 4148 torculari
2862 4107 2968 4147 non
3011 4090 3263 4155 calcabit,
3290 4089 3438 4158 quod
3479 4088 3694 4144 calcare

2104 4192 2459 4240 consueverat
2488 4201 2502 4238 :
2533 4197 2722 4240 vocem
2750 4182 3075 4238 calcautium
3105 4179 3303 4235 abstuli
3328 4178 3466 4252 (Ita.
3490 4178 3625 4244 κιαι).
3663 4197 3684 4230 ι

2107 4274 2425 4330 Suburbaua
2455 4274 2690 4340 Esebon,
2725 4274 2794 4329 de
2820 4273 3017 4343 quibus
3064 4287 3226 4342 supra
3272 4270 3536 4340 scriptum
3582 4277 3688 4330 eat,

2105 4366 2320 4421 deserta
2347 4375 2488 4431 sunt,
2513 4375 2568 4421 et
2599 4367 2752 4421 vinea
2785 4364 3042 4429 Sabama,
3070 4378 3190 4434 qua:
3218 4359 3570 4431 interpretari
3594 4374 3692 4429 po-

2107 4462 2211 4510 test
2238 4473 2344 4511 non
2374 4456 2546 4512 solum
2577 4455 2842 4510 extollens
2867 4453 3230 4517 altitudinem,
3261 4452 3355 4506 sed
3378 4460 3434 4506 et
3457 4465 3688 4506 conver—

2107 4547 2188 4601 sio
2217 4546 2415 4616 aliqua,
2441 4547 2566 4616 quia
2595 4547 2807 4600 videtur
2837 4546 2890 4599 in
2921 4545 3142 4616 regione
3169 4542 3455 4598 Moabitica
3479 4541 3547 4596 ad
3580 4541 3688 4596 Do-

2109 4637 2240 4690 mini
2258 4637 2575 4691 servitutem
2601 4635 2781 4704 aliqua
2801 4649 2866 4688 ex
2891 4643 3044 4705 parte
3066 4632 3200 4688 velle
3220 4631 3490 4688 converti.
3521 4628 3694 4698 Hujus

2112 4726 2278 4796 igitur
2303 4726 2474 4780 vinea:
2519 4723 2752 4780 Sabama
2802 4724 3014 4779 Domini
3058 4723 3299 4794 gentium
3341 4720 3597 4792 apostoli,
3636 4728 3695 4774 et

2113 4815 2394 4886 apostolici
2427 4815 2530 4869 viri
2555 4813 2760 4886 ﬂagella
2790 4822 2845 4868 et
2873 4813 3197 4884 propagines
3243 4811 3462 4883 penitus
3509 4809 3690 4865 absci-

2107 4905 2323 4972 derunt,
2353 4923 2419 4963 ue
2444 4924 2510 4962 ex
2539 4907 2661 4962 aliis
2690 4906 2988 4962 hzeresibus
3014 4906 3133 4960 alia:
3181 4913 3538 4960 nascerentur
3584 4903 3698 4958 ba:-

2112 5013 2260 5053 reses
2286 5008 2343 5054 et
2369 4995 2575 5052 inﬁnita
2599 4998 2896 5054 errantium
2935 4997 3092 5053 ﬁeret
3130 4995 3436 5052 multitudo.
3490 4994 3561 5051 Et
3587 5010 3693 5049 non

2110 5087 2282 5142 solum
2307 5088 2622 5143 exciderunt
2649 5087 2977 5158 propagines
3011 5087 3282 5153 Sabamte,
3311 5086 3409 5141 sed
3430 5100 3604 5156 usque
3624 5084 3691 5138 ad

2107 5177 2268 5234 Jazer
2295 5188 2679 5249 pervenerunt,
2705 5195 2826 5250 qum
2871 5178 3264 5248 interpretatur
3304 5175 3567 5232 fortitudo
3599 5191 3690 5230 eo-

428 5275 814 5331 sublimitatem
860 5276 980 5346 ejus
1026 5283 1082 5330 et
1125 5275 1490 5345 arrogantiam
1527 5283 1581 5329 et
1621 5275 1927 5346 superbiam
1955 5285 2012 5330 et
2110 5284 2251 5334 rum.
2282 5268 2385 5324 hoc
2411 5277 2514 5333 est,
2545 5267 2612 5323 ad
2643 5267 2935 5323 forIiSSima
2963 5282 3191 5337 quamne
3226 5266 3480 5337 dogmata
3523 5265 3694 5320 ἱκετε-

429 5366 765 5422 altitudinem
812 5367 993 5423 cordis
1057 5366 1234 5432 illius,
1285 5385 1303 5417 ι
1353 5375 1456 5421 etc.
1508 5365 1811 5438 (Ηὶειοοη.)
1876 5365 2008 5433 Quis

429 5457 572 5512 enim
604 5459 982 5514 hereticorum
1009 5473 1116 5512 non
1159 5457 1423 5526 superbus
1471 5467 1574 5521 est,
1607 5457 1698 5526 qui
1746 5455 2008 5511 ecclesia-

426 5545 617 5600 sticam
647 5547 949 5618 despiciens
986 5546 1412 5616 simplicitatem,
1443 5546 1514 5601 ita
1556 5547 1720 5602 habet
1754 5546 2009 5602 Ecclesia:

427 5633 676 5691 homines
699 5638 855 5707 quasi
877 5638 1037 5693 bruta
1072 5636 1326 5692 animalia
1359 5654 1372 5690 :
1404 5644 1460 5692 et
1488 5637 1543 5692 in
1568 5645 1778 5692 tantum
1818 5652 2010 5708 super-

428 5725 533 5782 bia:
557 5725 874 5795 injuriaequc
911 5735 1175 5782 tumorem
1211 5725 1461 5794 erigitur,
1490 5736 1548 5781 ut
1601 5736 1788 5782 contra
1835 5729 2009 5800 ipsum

2109 5359 2338 5414 ticorum
2364 5367 2419 5412 et
2448 5358 2726 5414 dialectica
2771 5365 2890 5412 arte
2918 5365 3250 5420 constructa,
3283 5356 3338 5410 in
3379 5355 3575 5425 quibus
3607 5367 3682 5408 ro-

2110 5451 2212 5505 bur
2225 5450 2307 5506 sui
2329 5449 2653 5506 videbantur
2667 5449 2888 5514 habere,
2905 5449 3035 5504 etin
3063 5455 3275 5502 tantum
3299 5462 3485 5501 eorum
3508 5457 3690 5499 mucro

2107 5543 2404 5599 bacchatus
2439 5551 2543 5608 est,
2573 5550 2634 5596 ut
2671 5541 2966 5597 novissime
2989 5549 3239 5595 errarent
3276 5539 3331 5593 in
3373 5536 3684 5597 solitudine,

2109 5644 2167 5691 et
2210 5650 2370 5706 quem
2417 5631 2788 5690 interﬁcerent
2833 5648 2944 5688 non
2987 5631 3269 5688 baberent.
3319 5628 3562 5698 Cumque
3614 5624 3688 5680 illi

2113 5725 2425 5781 exciderent
2455 5721 2664 5792 ﬂagella
2703 5721 2823 5794 ejus
2855 5739 2869 5776 :
2903 5728 3081 5778 tamen
3115 5719 3246 5775 vitio
3288 5717 3490 5774 radicis
3523 5713 3684 5788 μεδέ-
