3970 6190
303 300 434 355 “Si

1193 302 1556 362 EXPOSITIO
1598 304 1821 362 SUPER
1856 306 2223 369 ιΕῐιΕΜιΑΜ.
2263 346 2332 356 -
2372 317 2499 376 LIB.
2542 318 2654 376 XV.

3419 335 3559 388 1122

295 427 402 465 mm
428 410 754 481 propagines
777 411 971 481 aliqum
1003 423 1403 468 remanserunt.
1455 416 1665 471 Domini
1699 426 1878 473 autem
1906 423 1955 482 Α
1985 423 2052 476 ad
2101 436 2373 484 extremos
2423 430 2557 487 lines
2600 433 2834 491 ululatus
2872 439 3164 506 provincire
3210 445 3554 512 personabat.

296 502 537 569 gentium
567 502 900 558 transierunt
920 517 1093 565 mare.
1120 504 1223 559 hoc
1244 515 1348 566 est,
1374 508 1700 563 tentationes
1720 509 1877 578 hujus

294 592 503 656 smculi,
531 592 598 647 de
626 593 895 662 quibusin
922 595 1130 665 psalmo
1152 596 1382 667 legimus
1409 616 1423 651 :
1460 618 1479 650 ε
1508 597 1644 654 Veni
1672 600 1725 654 in
1748 616 1878 671 pro-

295 680 520 736 fundum
538 684 725 747 maris,
740 693 791 739 et
812 692 1105 755 tempestas
1115 688 1393 744 absorbuit
1407 689 1513 759 me(
1520 687 1616 763 Ps‘
1628 690 1837 759 vaut).
1850 709 1870 744 ι

290 771 361 825 Et
394 772 445 825 in
477 771 583 826 alio
614 772 732 828 loco
764 788 779 827 :
822 793 840 825 ι
885 774 988 841 Qui
1008 776 1345 833 descendunt
1372 794 1521 833 mare
1549 779 1603 834 in
1624 782 1872 843 navibus,

293 864 557 920 facientes
592 880 755 936 opera
788 868 841 921 in
872 869 1028 938 aquis
1054 872 1260 936 multis,
1288 873 1389 943 ipsi
1423 874 1673 929 viderunt
1711 891 1874 945 opera

291 956 506 1041 Domini
549 966 601 1012 et
646 959 912 1014 mirabilia
955 960 1074 1027 ejus
1110 963 1164 1016 in
1204 963 1489 1033 profundo.
1536 984 1556 1016 ι
1597 966 1691 1021 Isti
1728 969 1874 1023 enim

292 1049 628 1103 transierunt
661 1065 832 1115 mare,
860 1060 918 1104 ut
949 1066 1113 1122 opera
1149 1052 1363 1108 Domini
1391 1055 1444 1109 in
1464 1055 1733 1124 profundo
1756 1066 1874 1113 ten-

289 1140 556 1193 tationum
601 1142 997 1211 conspicerent,
1031 1145 1156 1198 dum
1193 1144 1494 1201 liberantur
1523 1163 1589 1203 ex
1626 1149 1726 1203 eis.
1767 1149 1873 1203 Ita-

286 1245 397 1297 que
432 1244 610 1285 sermo
635 1233 983 1302 propheticus
1007 1233 1213 1305 plangit
1243 1235 1614 1292 fortitudinem
1649 1239 1871 1293 haereti-

286 1337 513 1382 corum,
541 1322 592 1375 id
636 1331 738 1386 est,
770 1320 931 1377 Jazer
973 1334 1029 1378 et
1079 1325 1291 1379 vineam
1338 1325 1606 1392 Sabama,
1638 1343 1759 1397 quae
1811 1344 1871 1384 se

284 1411 499 1466 extollit
522 1420 710 1467 contra
736 1413 1019 1467 scientiam
1044 1414 1135 1468 Dei
1164 1432 1176 1467 :
1207 1433 1226 1465 ι
1254 1424 1311 1470 et
1334 1416 1612 1472 inebriabo
1633 1417 1870 1489 lacryma

284 1519 408 1556 mea
478 1503 717 1567 Esebon,
775 1522 794 1556 ι
851 1504 1210 1575 cogitationes
1262 1505 1472 1562 scilicet
1522 1522 1711 1563 eorum
1755 1526 1768 1562 :
1814 1516 1872 1563 et

283 1593 489 1658 Eleale,
518 1594 797 1662 quibusad
825 1594 1038 1650 excelsa
1065 1597 1521 1652 conscenderunt.
1552 1598 1662 1653 Cur
1685 1608 1868 1654 autem

280 1685 447 1740 Jazer
474 1686 679 1756 plangit
702 1685 916 1740 vineam
948 1684 1206 1754 Sabama,
1237 1694 1292 1741 et
1316 1687 1551 1743 inebriat
1572 1689 1784 1745 Esebon
1809 1697 1866 1744 et

282 1777 466 1832 Eleale
495 1778 747 1850 lacrymis
782 1779 933 1835 suis?
958 1788 1018 1834 ut
1045 1780 1171 1835 dum
1200 1790 1254 1836 et
1287 1782 1403 1852 ipse
1440 1782 1636 1852 plorat,
1662 1793 1716 1839 et
1744 1783 1863 1839 illos
1892 1786 1938 1845 B

282 1868 497 1938 plorare
521 1871 731 1925 doceat.
761 1896 781 1922 ι
804 1871 1089 1938 Quoniam,
1117 1872 1316 1943 inquit,
1342 1889 1505 1944 super
1532 1875 1861 1932 vindemiam

279 1969 454 2023 tuam,
485 1966 541 2012 et
584 1973 749 2029 super
794 1975 1025 2015 messem
1075 1969 1244 2027 tuam,
1277 1978 1379 2018 vox
1423 1963 1744 2019 calcantium
1793 1965 1864 2019 ir-

282 2052 411 2106 ruit.
461 2072 479 2102 ι
536 2053 702 2107 Vinea
755 2053 1146 2122 Moabitarum,
1200 2065 1423 2126 propter
1449 2057 1702 2112 viciniam
1734 2057 1859 2123 loci,

280 2142 405 2196 talis
428 2153 534 2207 est,
562 2143 737 2212 qualis
774 2153 830 2200 et
856 2145 1014 2200 vinea
1061 2144 1440 2211 Sodomorum,
1474 2147 1542 2203 de
1582 2162 1687 2217 qua
1722 2147 1859 2202 dici-

281 2240 413 2285 tur:
450 2251 468 2283 ι
514 2233 590 2287 De
618 2233 772 2288 vinea
821 2233 1179 2290 Sodomorum
1223 2237 1381 2291 vinea
1415 2251 1625 2302 eorum,
1654 2246 1709 2292 et
1735 2253 1863 2308 pro-

276 2339 418 2393 pago
459 2338 644 2378 eorum
697 2325 765 2380 de
809 2325 1134 2381 Gomorrha.
1181 2347 1201 2380 ι
1256 2327 1325 2382 Et
1369 2329 1421 2382 in
1466 2330 1861 2400 septuagesimo

275 2416 510 2484 septimo
532 2416 740 2485 psalmo
765 2417 830 2472 de
859 2415 1096 2489 Egypto
1124 2418 1338 2475 vineam
1370 2419 1599 2491 legimus
1626 2421 1858 2475 transla-

278 2517 410 2571 tam,
442 2525 602 2577 quam
633 2511 777 2564 Deus
811 2511 1046 2580 percutit
1081 2512 1362 2583 grandine.
1407 2512 1612 2568 Messes
1646 2528 1860 2584 quoque

277 2597 582 2654 Moabitica:
629 2609 930 2656 nascuntur
978 2601 1032 2655 in
1079 2602 1330 2667 vallibus,
1356 2618 1477 2673 qua:
1522 2604 1859 2674 appellantur

274 2689 825 2763 Iiaphaim,falsaque
847 2676 1115 2750 vindemia
1143 2705 1229 2751 est
1246 2696 1440 2761 vineae,
1468 2696 1534 2751 de
1562 2713 1665 2767 qua
1696 2713 1856 2767 supra

274 2782 512 2837 dicitur:
546 2802 564 2834 ς
595 2784 807 2838 Domini
833 2785 1071 2856 gentium
1097 2787 1415 2841 exciderunt
1434 2786 1642 2859 ﬂagella
1664 2786 1801 2855 ejus.
1833 2806 1852 2839 ι

273 2872 367 2926 Isti
395 2875 539 2928 enim
577 2886 866 2930 conterunt
916 2892 1048 2931 uvas
1072 2877 1459 2944 amarissimas,
1492 2888 1549 2934 et
1600 2880 1714 2934 suis
1753 2879 1860 2935 cal-

273 2971 404 3017 cant
432 2962 681 3032 pedibus,
706 2980 777 3018 ne
816 2965 1067 3021 draconis
1093 2981 1160 3021 ex
1182 2966 1264 3021 eis
1296 2967 1603 3036 exprimant
1623 2982 1854 3031 venena,

272 3065 325 3108 et
354 3069 543 3110 omnes
585 3055 977 3111 interficiantur
1018 3058 1282 3113 bibentes.
1310 3058 1601 3114 Auferetur
1644 3074 1857 3129 quoque

1984 510 2137 568 Unde
2182 532 2323 573 nunc
2372 519 2635 578 Jeremias
2689 524 2809 579 ait:
2866 545 2885 577 ι
2926 527 3002 582 De
3049 510 3287 586 clamore
3344 535 3557 592 Esebon

1978 617 2151 673 usque
2183 606 2359 663 Eleale
2384 619 2438 664 et
2460 611 2624 668 Jasan
2669 615 2931 672 dederunt
2976 635 3163 675 vocem
3204 638 3376 678 suam.
3415 645 3435 679 ι
3480 629 3559 685 De

1979 692 2084 749 hoc
2126 705 2182 751 et
2224 697 2436 754 Isaias:
2494 701 2669 773 Super
2714 707 2851 773 hoc,
2882 709 3086 779 inquit,
3123 715 3355 782 expediti
3401 716 3556 772 Moab

1977 786 2281 853 ululabunt,
2313 794 2489 846 anima
2519 795 2638 875 ejus
2668 797 2894 856 ululabit
2930 803 3028 857 sibi
3058 804 3194 875 (Isa.
3226 807 3338 873 xv).
3372 829 3391 860 ›
3428 812 3553 865 Ver-

1976 876 2105 931 bum
2136 878 2459 936 Ilebraicum
2507 871 2660 949 m'm
2705 905 2803 958 pro
2835 908 2941 962 quo
2974 871 3165 965 Aquila
3214 871 3466 973 EEa’iyoug,
3501 905 3552 957 id

1975 974 2077 1031 est,
2107 971 2406 1037 expeditos,
2427 981 2480 1027 et
2509 978 2743 1032 exsertis
2778 981 3014 1038 humeris
3036 1026 3049 1050 ,
3082 971 3438 1057 Symmachus
3458 1010 3553 1048 ac-

1974 1057 2183 1113 cinctos
2207 1061 2609 1132 interpretatus.
2646 1067 2873 1134 Quidam
2899 1066 3089 1141 putant
3118 1093 3221 1132 non
3266 1081 3430 1145 viros,
3458 1086 3549 1137 sel

1973 1164 2168 1205 nomen
2207 1154 2357 1209 urbis
2401 1157 2643 1230 intelligi,
2676 1176 2795 1230 quae
2825 1164 2983 1220 hodie
3028 1171 3326 1238 appellatur
3365 1175 3549 1241 Elusa,

1972 1248 2028 1294 et
2069 1251 2152 1297 est
2178 1244 2233 1297 in
2260 1245 2563 1303 Moabitidis
2591 1253 2835 1319 partibus
2862 1255 2983 1310 sita.
3032 1256 3326 1316 Possumus
3372 1274 3548 1320 autem

1970 1333 2154 1388 ethoc
2179 1336 2377 1404 dicere,
2409 1341 2550 1409 quod
2596 1344 2845 1400 universa
2888 1359 3247 1419 pugnatorum
3292 1353 3551 1412 fortitudo

1971 1425 2257 1490 corruerit,
2292 1438 2347 1481 et
2377 1432 2579 1486 mutuis
2605 1431 2817 1490 ﬂetibus
2860 1440 3037 1495 omnis
3076 1450 3218 1498 terra
3247 1458 3545 1502 resonaret.

1972 1516 2065 1572 Sin
2096 1529 2275 1575 autem
2298 1523 2493 1590 Elusm,
2523 1535 2580 1580 ut
2600 1527 2791 1598 Aquila
2826 1531 3014 1596 voluit,
3048 1540 3281 1593 exsertis
3307 1539 3547 1597 humeris

1969 1608 2349 1680 intelligantur,
2386 1614 2475 1669 ille
2504 1617 2659 1672 nobis
2706 1634 2899 1677 sensus
2944 1627 3268 1695 suggeritur,
3295 1632 3439 1700 quod
3479 1634 3546 1687 ad

1968 1697 2325 1770 plangendum
2366 1707 2544 1760 cuncti
2579 1709 2918 1766 nudaverant
2947 1725 3186 1782 pectora.

2043 1805 2063 1839 ι
2110 1789 2304 1846 Vectes
2328 1808 2513 1849 eorum
2547 1811 2577 1849 a
2610 1796 2780 1869 Segor
2808 1816 2978 1872 usque
3006 1805 3073 1860 ad
3113 1807 3367 1866 Oronaim
3406 1814 3549 1870 vitu-

1972 1895 1990 1928 ι
2024 1877 2130 1933 lam
2156 1891 2586 1941 eonternantem.
2622 1908 2641 1939 ι
2671 1889 2745 1942 De
2771 1906 2875 1959 qua
2903 1893 3068 1950 Isaias
3101 1915 3114 1948 :
3149 1917 3168 1950 ‹
3207 1898 3399 1958 Vectes
3430 1904 3546 1973 ejus

1964 1982 2135 2037 usque
2163 1970 2229 2023 ad
2271 1971 2440 2044 Segor
2476 1977 2696 2032 vitulam
2736 1992 3142 2042 conternantem
3189 1970 3470 2068 (Isauxv).
3519 2018 3538 2050 ι

1964 2061 2041 2115 De
2068 2060 2172 2117 hac
2195 2070 2251 2117 et
2278 2065 2334 2118 in
2383 2066 2537 2123 libris
2566 2068 2933 2136 Quaestionum
2977 2076 3137 2134 Hebr.
3158 2080 3362 2139 icarum
3407 2060 3545 2143 dixi-

1961 2168 2116 2218 mus,
2171 2163 2227 2210 et
2274 2173 2417 2212 nunc
2459 2159 2698 2216 breviter
2741 2174 3084 2234 annotamus,
3117 2174 3259 2239 quod
3308 2175 3422 2244 ipsa
3471 2178 3543 2231 sit

1962 2246 2147 2315 quinta
2175 2248 2306 2303 urbs
2326 2258 2448 2319 post
2475 2249 2763 2308 Sodomam
2791 2265 2847 2311 et
2872 2256 3251 2329 Gomorrham,
3278 2265 3540 2351 Adampm

1960 2342 2015 2389 et
2042 2335 2282 2403 Seboim,
2313 2353 2432 2408 quae
2459 2341 2525 2395 ad
2552 2357 2741 2412 preces
2766 2345 2866 2401 Lot
2887 2363 3053 2418 parva
3080 2361 3290 2407 servata
3319 2365 3421 2421 est,
3447 2335 3542 2428 ap-

1959 2427 2298 2499 pellaturque
2326 2429 2475 2497 Bala,
2510 2433 2562 2487 id
2589 2443 2693 2501 est,
2728 2438 2982 2507 absorpta
3007 2454 3028 2494 :
3058 2444 3395 2501 tradentibus
3427 2427 3536 2503 IIe-

1959 2519 2139 2586 brazis,
2170 2523 2314 2591 quod
2345 2524 2503 2579 tertio
2528 2531 2835 2583 terrmmotu
2857 2540 3124 2599 prostrata
3156 2535 3252 2600 sit;
3290 2537 3405 2606 ipsa
3432 2547 3538 2605 est,

1958 2624 2078 2680 qua“:
2117 2613 2276 2669 hodie
2323 2614 2460 2687 Syro
2487 2631 2738 2673 sermone
2775 2630 2998 2676 vocatur
3035 2623 3235 2689 Zoora,
3274 2626 3538 2687 Hebraice

1960 2704 2150 2773 Segor,
2187 2712 2418 2775 utraque
2445 2707 2690 2776 parvula.
2742 2709 3039 2767 Possumus
3077 2715 3296 2770 vitulam
3325 2728 3541 2776 conter-

1957 2801 2177 2848 nantem
2211 2809 2311 2864 pro
2334 2795 2571 2865 perfecta
2599 2806 2758 2852 aetate
2783 2801 3050 2871 accipere.
3092 2803 3246 2860 Sicut
3270 2807 3414 2863 enim
3442 2808 3538 2864 tri-

1957 2883 2191 2940 cesimus
2227 2902 2401 2941 annus
2420 2887 2475 2941 in
2504 2888 2833 2957 hominibus,
2861 2892 2932 2946 ita
2960 2893 3012 2947 iu
3036 2896 3332 2964 pecudibus
3370 2913 3435 2953 ac
3456 2898 3542 2967 ju-

1956 2976 2173 3041 mentis,
2201 2979 2390 3034 tertius
2419 2980 2827 3038 robustissimus
2854 2993 2956 3039 est.
2985 2986 3178 3042 Vectes
3202 3004 3415 3059 quoque
3439 3007 3538 3061 pro

1960 3069 2204 3125 terminis
2241 3082 2296 3125 et
2331 3073 2526 3128 robore
2572 3073 2831 3148 intellige,
2863 3093 2929 3133 eo
2972 3081 3113 3149 quod
3163 3080 3333 3152 Segor
3380 3084 3434 3138 in
3475 3083 3538 3139 ﬂ-

272 3144 459 3199 lactitia
484 3154 539 3200 et
563 3146 855 3202 exsultatio
884 3148 1280 3212 haereticorum,
1310 3165 1471 3220 quam
1497 3158 1622 3204 ante
1666 3152 1854 3205 audire
1882 3136 1925 3199 C
1957 3159 2115 3214 nibus
2145 3159 2498 3218 Moabitarum
2531 3164 2633 3219 sita
2681 3136 2776 3233 sit:
2817 3136 3064 3226 divide-ns
3109 3170 3178 3225 ab
3222 3136 3304 3226 gis
3335 3180 3536 3229 ten-am

270 3248 690 3304 consueverunt,
716 3248 774 3294 ut
812 3249 1096 3312 postquam
1125 3244 1338 3314 egerint
1381 3244 1754 3313 paenitentiam
1796 3245 1855 3299 il-

270 3329 365 3384 lud
407 3340 718 3386 mereantur
766 3332 998 3388 audire:
1036 3351 1056 3384 ι
1100 3333 1249 3389 Beati
1289 3334 1554 3406 lugentes,
1599 3335 1851 3405 quoniam

269 3421 377 3490 ipsi
412 3422 1064 3495 consolabuntur(MatlIi.
1097 3423 1175 3495 v).
1221 3445 1240 3478 ι
1279 3426 1539 3496 Quodque
1557 3427 1762 3481 addidit
1787 3427 1853 3481 de

272 3515 544 3580 Carmelo,
579 3516 680 3571 hoc
702 3516 989 3588 signiﬁcat,
1014 3534 1121 3573 non
1144 3519 1286 3588 quod
1312 3520 1550 3575 hmretici
1580 3535 1711 3575 vere
1724 3520 1854 3576 Car-

268 3606 473 3661 melum
500 3605 755 3671 habeant,
781 3608 832 3661 id
852 3616 952 3671 est,
980 3608 1241 3679 spiritalis
1262 3609 1688 3666 circumcisionis
1712 3612 1855 3666 noti-

269 3697 426 3763 tiam,
444 3698 536 3753 sed
552 3713 659 3769 quo
674 3698 809 3754 falso
828 3700 1029 3755 habere
1049 3716 1106 3757 se
1118 3700 1343 3771 jactent.
1367 3701 1611 3772 Cumque
1630 3703 1855 3759 succisae

268 3786 475 3842 fuerint
505 3789 692 3856 vineae,
717 3799 771 3845 et
805 3790 981 3846 ablata
1029 3791 1214 3848 l:etitia
1242 3801 1298 3848 et
1323 3793 1612 3850 exsultatio
1640 3795 1707 3850 de
1735 3792 1852 3849 falsi

268 3880 513 3934 nominis
567 3881 836 3947 scientia,
899 3889 1029 3938 tunc
1082 3878 1262 3939 nullus
1318 3884 1423 3975 erit
1483 3884 1552 3939 de
1606 3884 1855 3954 pristinis

268 3970 633 4028 calcatoribus
660 4013 675 4039 ,
727 3973 820 4043 qui
887 3973 1059 4030 calcet
1094 3991 1265 4043 uvas,
1311 3970 1447 4046 quas
1504 3984 1629 4030 ante
1680 3976 1855 4033 calca-

268 4070 461 4125 verat,
498 4071 553 4118 et
589 4078 689 4118 vox
741 4079 931 4119 eorum
979 4074 1181 4123 :eterno
1233 4068 1572 4123 obmutescet
1617 4068 1851 4136 silentio,

268 4169 373 4209 nec
405 4155 647 4209 celeuma
694 4157 911 4211 solitum
940 4158 1202 4224 cantabit,
1231 4159 1333 4214 hoc
1362 4169 1466 4226 est,
1496 4175 1715 4216 carmen
1763 4159 1854 4215 lm-

270 4246 439 4310 titim,
464 4247 591 4316 quia
619 4252 948 4317 sempiterno
985 4263 1220 4305 maerore
1258 4264 1320 4306 os
1365 4266 1555 4306 eorum
1596 4252 1853 4323 opprimi-

269 4346 383 4389 tur.
414 4335 665 4392 Celeuma
692 4338 835 4393 enim
864 4346 1057 4394 cantus
1083 4348 1168 4393 est
1194 4341 1249 4394 in
1278 4340 1395 4397 lacu
1425 4342 1773 4409 calcantium,
1796 4351 1855 4398 ut

267 4429 498 4499 quidam
526 4430 728 4497 volunt,
758 4431 843 4485 vel
870 4432 1062 4487 melius
1086 4440 1277 4488 cantus
1304 4434 1359 4488 in
1395 4434 1517 4488 navi
1538 4443 1847 4489 nautarum.

263 4520 401 4575 Ideo
430 4536 556 4592 ergo
585 4522 687 4578 hoc
724 4522 843 4580 loco
869 4523 1020 4578 Isaia:
1048 4539 1171 4579 cum
1194 4525 1529 4594 expositione
1550 4541 1646 4580 sua
1667 4527 1851 4596 posui-

267 4629 397 4669 mus
433 4615 776 4681 sententiam,
808 4630 928 4686 qua:
952 4630 1093 4687 pene
1121 4615 1314 4671 similis
1358 4623 1442 4671 est
1484 4616 1611 4672 huic
1658 4633 1851 4673 narra-

266 4706 409 4760 tioni
434 4703 683 4762 Ieremia:
712 4725 726 4761 :

350 4818 369 4849 ι
416 4798 493 4854 De
511 4799 745 4855 clamore
770 4798 987 4856 Esebon
1026 4815 1199 4870 usque
1236 4798 1416 4856 Eleale
1441 4809 1497 4857 et
1523 4798 1648 4857 Jesa
1694 4802 1854 4859 dede-

270 4902 402 4949 runt
430 4907 619 4948 vocem
649 4908 824 4949 suam.
873 4913 892 4946 ι
935 4893 1149 4949 Esebon
1177 4902 1233 4949 et
1267 4894 1449 4950 Eleale
1475 4894 1695 4950 nomina
1723 4895 1861 4973 civi-1

269 4997 449 5043 talum
498 4986 802 5044 Moabitidaa
844 4988 1141 5063 provincia;
1184 4997 1339 5055 sunt,
1370 5003 1601 5059 quarum
1643 4988 1854 5061 Esebon

267 5080 403 5134 urbs
434 5078 535 5133 fuit
558 5081 830 5150 quondam
859 5078 1001 5135 Seon
1024 5079 1166 5152 regis
1184 5080 1645 5148 Amorrhaaorum,
1664 5082 1731 5136 de
1749 5097 1854 5150 qua

264 5177 397 5242 post
416 5169 690 5240 aliquanta
717 5171 859 5229 idem
890 5170 1153 5228 Jeremias
1172 5170 1327 5227 'dicit
1356 5189 1368 5225 :
1413 5171 1557 5242 Ignis
1603 5186 1855 5244 egressus

267 5273 359 5320 est
387 5265 453 5319 de
475 5264 710 5332 Esebon,
727 5273 783 5319 et
806 5264 1021 5320 ﬂamma
1052 5265 1119 5321 de
1142 5267 1318 5323 medio
1333 5265 1496 5321 Seon.
1526 5266 1856 5337 Interpreta-

176 5399 199 5416 .
268 5365 365 5410 tur
387 5364 568 5410 autem
586 5355 821 5422 Esebon,
838 5366 898 5411 ut
920 5357 1174 5423 diximus,
1197 5359 1450 5430 cogitatio
1468 5377 1481 5412 :
1499 5366 1554 5415 et
1576 5360 1697 5416 ideo
1718 5361 1851 5418 allu-

269 5446 407 5501 dens
435 5444 505 5500 ad
527 5460 741 5511 nomen,
769 5444 1034 5503 Jeremias
1054 5456 1243 5504 contra
1282 5449 1494 5506 Esebon
1537 5451 1652 5506 ait:
1689 5471 1709 5503 ‹
1749 5453 1854 5510 Co-

266 5537 578 5608 gitaverunt
598 5538 759 5604 mala,
792 5553 960 5609 usque
986 5539 1108 5595 Jesa
1140 5542 1318 5596 audita
1346 5551 1430 5597 est
1458 5558 1562 5597 vox
1589 5559 1793 5599 eorum.
1828 5564 1847 5597 ι

271 5630 418 5687 Urbs
440 5629 563 5688 Jesa
612 5632 824 5688 Mortuo
860 5635 996 5689 mari
1028 5635 1295 5702 imminet,
1324 5638 1415 5691 ubi
1456 5645 1541 5693 est
1590 5638 1854 5695 terminus

273 5723 566 5794 provincia:
589 5723 963 5781 Moabitarum.
989 5724 1102 5782 Hoc
1121 5740 1251 5798 ergo
1271 5728 1491 5796 indicat,
1516 5730 1657 5799 quod
1682 5744 1855 5801 usque

1954 3246 2307 3304 Philistliiim.

2031 3358 2049 3391 ‹
2092 3342 2259 3410 Aquae
2279 3358 2493 3414 quoque
2517 3346 2756 3403 Nemrim
2782 3350 3031 3419 pessimae
3050 3362 3226 3408 erunt.
3276 3373 3295 3407 ι
3338 3355 3415 3412 De
3436 3357 3538 3413 hoc

1953 3440 2009 3484 et
2057 3430 2223 3487 Isaias
2256 3450 2269 3487 :
2317 3454 2335 3486 ι
2376 3428 2543 3505 Aqua:
2578 3453 2792 3510 quoque
2823 3439 3064 3496 Nemrim
3103 3443 3329 3501 desertae
3356 3456 3534 3503 erunt.

1954 3522 2090 3589 Quia
2116 3524 2260 3578 aruit
2285 3525 2472 3593 herba,
2496 3528 2693 3585 defecit
2716 3547 2958 3603 germen,
2991 3535 3140 3590 viror
3180 3538 3357 3594 omnis
3399 3539 3538 3594 inte-

1953 3614 2068 3678 riit,
2122 3618 2417 3672 secundum
2463 3622 2891 3692 magnitudinem
2940 3627 3157 3696 operis,
3205 3638 3260 3684 et
3302 3630 3537 3687 visitatio

1953 3720 2140 3762 eorum
2164 3726 2177 3762 :
2203 3710 2271 3765 ad
2290 3718 2582 3766 torrentem
2609 3713 2830 3770 salicum
2859 3717 3127 3774 deducent
3157 3735 3269 3787 eos,
3292 3740 3309 3774 i
3331 3733 3384 3779 et
3407 3724 3534 3780 reli-

1953 3812 2079 3867 qua.
2111 3797 2245 3870 (Isa.
2272 3799 2387 3871 xv.)
2437 3799 2552 3856 Hoc
2590 3804 2844 3874 oppidum
2887 3821 3050 3876 super
3088 3825 3239 3866 mare
3266 3812 3533 3870 Mortuum

1953 3896 2036 3944 est
2049 3890 2208 3946 salsis
2228 3892 2404 3961 aquis,
2419 3900 2471 3948 et
2488 3894 2557 3948 ob
2574 3895 2677 3950 hoc
2696 3896 2870 3965 ipsum
2894 3898 3188 3956 sterilibus.
3210 3901 3337 3959 Sive
3357 3918 3536 3963 autem

1954 3977 2214 4033 allusitad
2230 3994 2447 4045 nomen,
2462 3982 2576 4037 sive
2596 3985 2739 4053 quod
2755 3994 2879 4041 ante
2890 4001 2997 4041 non
3012 3986 3207 4056 fuerat,
3224 4000 3350 4060 post
3369 3997 3537 4050 vasti-

1955 4076 2120 4124 tatem
2149 4070 2363 4137 accidit,
2386 4079 2449 4127 ut
2472 4073 2635 4128 etiam
2670 4089 2822 4145 aqua:
2849 4077 2903 4131 in
2926 4079 3339 4137 amaritudinem
3362 4095 3538 4142 verte-

1954 4167 2162 4215 rentur.
2195 4158 2310 4216 Non
2342 4170 2401 4216 ut
2440 4163 2658 4233 quidam
2697 4175 2891 4235 putant
2917 4184 3043 4224 vere
3074 4182 3295 4240 propter
3324 4175 3539 4231 steriles

1952 4249 2194 4305 Nemrim
2225 4265 2395 4321 aquas
2419 4253 2596 4307 omnis
2625 4253 2791 4309 herba
2822 4258 3055 4323 exaruit,
3081 4260 3173 4313 sed
3222 4276 3320 4331 per
3364 4276 3537 4319 mcta-

1951 4341 2177 4412 phoram
2202 4340 2486 4411 Scriptura
2514 4342 2776 4413 loquitur.
2823 4346 2891 4400 Et
2915 4355 3000 4403 est
3047 4364 3237 4406 sensus
3269 4370 3281 4405 :
3319 4353 3375 4408 In
3406 4370 3538 4410 cun-

1951 4440 2041 4487 cto
2082 4431 2239 4487 Moab
2264 4448 2417 4503 aqua:
2443 4431 2680 4490 Nemrim
2728 4447 2885 4492 erant
2933 4439 3088 4494 salsa:
3137 4448 3192 4495 et
3237 4457 3455 4509 antarm,
3484 4455 3542 4501 et

1953 4523 2225 4593 quomodo
2255 4521 2330 4576 ibi
2356 4522 2503 4578 nulla
2530 4524 2696 4580 herba
2726 4526 2977 4596 pullulat,
3006 4529 3085 4585 sic
3115 4537 3283 4586 totam
3308 4535 3531 4604 provin-

1957 4611 2098 4667 ciam
2146 4611 2362 4667 siccitas
2410 4614 2777 4683 consequitur,
2830 4616 2881 4670 id
2932 4628 3034 4683 est,
3068 4634 3098 4673 a
3150 4618 3321 4691 Segor
3369 4640 3541 4698 usque

1958 4703 2235 4771 Oronaim,
2264 4720 2295 4760 a
2321 4704 2519 4761 finibus
2542 4720 2714 4775 usque
2755 4706 2821 4762 ad
2866 4707 3020 4766 lines.
3067 4709 3126 4766 Id
3181 4713 3356 4783 ipsum
3396 4732 3541 4773 nunc

1957 4796 2221 4854 Jeremias
2253 4818 2272 4852 ι
2317 4814 2471 4869 aquae
2515 4798 2753 4854 Nemrim
2782 4802 3031 4871 pessima:
3077 4814 3236 4860 erunt
3272 4826 3285 4860 :
3343 4822 3540 4863 secun-

1961 4891 2088 4947 dum
2139 4893 2563 4963 magnitudinem
2602 4893 2782 4964 operis
2828 4902 2885 4949 et
2928 4895 3165 4952 visitatio
3216 4913 3428 4966 eorum,
3471 4903 3541 4958 ad

1960 4993 2255 5040 torrentem
2301 4986 2525 5042 salicum
2568 4985 2768 5042 ducent
2817 5003 2930 5044 eos.
2977 5008 2996 5040 ι
3039 4989 3143 5045 Pro
3188 4992 3441 5048 salicibus
3484 4993 3540 5048 in

1958 5076 2190 5133 Hebraeo
2228 5078 2456 5150 legimus
2491 5087 2678 5144 Din-1y
2706 5081 2849 5149 quod
2890 5089 3071 5151 potest
3116 5091 3173 5136 et
3215 5081 3421 5138 Arabes
3451 5085 3540 5139 in-

1958 5169 2124 5240 telligi
2150 5179 2204 5224 et
2233 5170 2336 5241 legi
2366 5171 2574 5238 Orbim,
2605 5172 2659 5227 id
2705 5180 2809 5237 est,
2841 5172 2965 5226 villa
3003 5172 3058 5227 in
3097 5173 3293 5229 ﬁnibus
3348 5189 3537 5231 eorum

1959 5262 2084 5328 sita,
2114 5263 2268 5334 cujus
2298 5277 2328 5316 a
2373 5263 2648 5333 plerisque
2688 5262 2884 5319 accolae
2931 5264 2987 5318 in
3016 5273 3198 5320 monte
3224 5264 3367 5322 Ot‘eb
3409 5267 3541 5323 Elia:

1956 5354 2255 5426 praebuisse
2276 5353 2528 5409 alimenta
2555 5354 2827 5409 dicuntur.
2875 5353 3028 5421 Quod
3076 5370 3269 5411 nomen
3320 5367 3543 5427 propter

1960 5449 2369 5519 ambiguitatem
2430 5447 2770 5512 transfertur,
2804 5450 2859 5501 et
2887 5447 2940 5501 in
2981 5461 3174 5503 corvos
3205 5456 3366 5518 atque
3398 5452 3542 5506 occi-

1961 5542 2179 5597 dentem
2227 5539 2453 5609 locaque
2497 5538 2843 5608 campestria.
2910 5537 3009 5592 Est
3053 5547 3234 5592 autem
3295 5553 3486 5596 sensus
3522 5560 3538 5597 :

1959 5633 2118 5688 Juxta
2146 5629 2321 5685 morbi
2352 5629 2775 5701 magnitudinem
2815 5629 2921 5684 erit
2950 5629 3205 5684 visitatio.
3260 5628 3538 5687 Visitatio—

1960 5742 2087 5783 nem
2114 5726 2204 5782 hic
2257 5738 2362 5779 non
2411 5738 2509 5792 pro
2545 5721 2802 5789 remedio,
2834 5722 2927 5777 sed
2982 5738 3080 5792 pro
3127 5721 3284 5794 plaga
3338 5723 3542 5794 accipe.
