3970 6190
441 313 584 368 1125

1081 310 1142 364 Β.
1183 307 1438 364 RABANI
1473 307 1691 364 MAURI
1728 303 2048 361 ARCIIIEP.
2089 302 2398 362 MOGU‘NT.
2439 301 2723 360 OPERUM
2758 299 2938 358 PARS
2973 298 3064 356 Ill.

3555 299 3704 356 “2.-

442 425 600 484 Unde
648 423 702 478 in
750 423 1004 494 psalmo:
1050 440 1069 473 ι
1113 421 1360 478 V'isitabo
1411 423 1462 476 in
1509 422 1659 493 virga
1707 421 2019 491 iniquitates
2045 428 2092 485 Α
2121 419 2323 475 fontem
2343 419 2978 474 dominicorumarietum
2999 415 3305 488 pervenire,
3321 414 3703 484 sivefortimn,

437 533 629 573 eorum
662 513 833 586 (Psal.
863 513 1148 585 Lxxxvnt).
1196 532 1215 566 ›
1260 514 1578 569 Torrentem
1600 513 1822 568 salicum
1848 513 2018 584 Baby-

441 605 622 660 lonica
645 605 829 676 accipe
852 602 1094 668 ﬁumina,
1111 601 1179 656 de
1198 604 1397 672 quibus
1416 613 1472 656 et
1493 603 1692 658 David:
1717 621 1735 652 ‹
1761 600 1819 655 In
1842 601 2022 656 salici-

441 705 546 752 bus
570 699 623 752 in
645 697 822 751 medio
857 693 974 762 ejus
1001 695 1376 764 suspendimus
1403 709 1606 764 organa
1640 700 1822 747 nostra
1847 689 2019 760 (Psul.

443 788 689 860 cxxxvt).
720 807 738 838 ι
771 787 896 841 Sive
920 785 1110 841 vallem
1135 785 1366 848 Aral'im,
1393 799 1491 854 per
1515 799 1676 854 quam
1693 783 1933 852 pergitur
1955 782 2024 836 ad

441 879 712 951 Assyrios.
745 876 1060 947 Aceiugitur
1094 875 1356 945 spiritalis
1383 873 1538 930 Moab
1571 889 1732 928 sacco
1759 873 2026 944 pmnitcn—

449 971 560 1035 tiae,
588 977 643 1024 et
677 983 838 1037 super
881 975 1021 1020 tecta
1067 981 1131 1020 ac
1182 967 1418 1030 domata,
1452 965 1506 1019 in
1551 964 1746 1033 quibus
1794 963 2022 1033 primum

444 1077 508 1117 se
531 1061 786 1116 sublimes
829 1072 950 1112 esse
977 1059 1291 1122 credebant,
1321 1065 1376 1112 ct
1421 1057 1474 1110 in
1505 1055 1716 1126 plateis,
1745 1056 1870 1125 quia
1918 1069 2024 1108 non

451 1153 826 1224 ingrediuntur
877 1165 974 1220 per
1017 1157 1300 1220 angustam
1349 1149 1527 1214 viam,
1557 1150 1652 1202 sed
1695 1164 1792 1218 per
1839 1147 2026 1210 latam,

447 1259 572 1314 quae
597 1242 744 1296 ducit
772 1241 838 1294 ad
867 1249 1118 1305 mortem,
1150 1241 1258 1295 erit
1308 1239 1564 1304 ululatus,
1590 1247 1646 1292 et
1693 1251 2028 1306 nequaquam

447 1332 742 1386 ascendeut
769 1329 822 1383 in
869 1329 1197 1400 superbiam,
1220 1329 1314 1383 sed
1343 1328 1670 1384 descendent
1722 1327 1775 1381 in
1821 1326 2027 1381 fletum.

451 1425 605 1480 Tunc
666 1422 964 1493 intelligent
1017 1436 1209 1476 omnes
1249 1420 1602 1491 cogitationes
1657 1433 1784 1474 suas
1824 1432 2029 1482 vanas,

453 1517 598 1588 quod
622 1516 1012 1584 interpretatur
1037 1511 1272 1577 Esebon,
1299 1519 1354 1566 et
1379 1525 1564 1566 casum
1617 1523 1900 1564 ascensum
1945 1524 2037 1562 su-

452 1605 677 1676 perbiae,
706 1602 846 1671 quod
877 1600 1054 1655 Eleale
1106 1607 1286 1664 sonat,
1308 1607 1369 1653 ut
1395 1614 1497 1653 vox
1527 1612 1718 1652 eorum
1761 1596 2032 1661 audiatur,

453 1709 625 1764 usque
655 1694 721 1748 ad
757 1691 896 1747 mala
922 1705 1086 1760 opera
1112 1705 1322 1752 eorum,
1363 1703 1484 1758 quae
1514 1686 1780 1752 fecerunt,
1811 1695 1866 1740 et
1889 1701 2036 1740 man-

2121 509 2249 578 quia
2285 508 2423 562 Elim
2454 517 2742 584 utrumque
2769 506 3058 576 signiﬁcat.

2199 619 2217 651 ι
2260 600 2328 654 Et
2357 599 2598 654 auferam
2624 600 2691 653 de
2737 597 2912 664 Moab,
2947 599 3026 653 ait
3073 599 3358 664 Dominus,
3387 596 3706 653 oﬂ'erentan

2124 691 2178 745 in
2205 689 2450 760 excelsis,
2483 700 2538 746 et
2593 689 2992 746 sacriﬁcantem
3021 690 3126 744 diis
3169 689 3306 758 ejus.
3345 708 3366 742 ι
3407 688 3708 761 (Mannum)

2121 777 2268 834 Bene
2293 793 2424 848 ergo
2449 779 2664 842 dicitur,
2687 778 2831 848 quod
2858 778 3121 834 Dominus
3149 779 3367 834 auferat
3383 777 3712 834 oﬁ‘erentem

2125 869 2192 924 de
2222 868 2376 923 Moab
2401 867 2455 922 in
2479 867 2726 932 excelsis,
2755 875 2812 922 et
2835 866 3230 923 sacriﬁcantem
3265 867 3372 923 diis
3409 867 3550 937 ejus,
3577 881 3714 936 quia

2126 973 2250 1012 cum
2297 956 2496 1014 defecit
2535 972 2783 1027 regnum,
2827 957 3064 1012 cessavit
3108 973 3240 1013 usus
3287 959 3708 1014 sacriﬁciorum.

2128 1047 2351 1119 Mystice
2377 1055 2553 1102 autem
2584 1048 2886 1102 intereunte
2915 1057 3060 1103 secta
3109 1048 3360 1103 humana:
3404 1048 3712 1118 sapientirc,

2129 1137 2362 1192 cessavit
2405 1135 2564 1190 simul
2603 1136 2806 1191 clamor
2852 1145 2908 1191 et
2940 1151 3130 1207 pompa
3181 1139 3496 1202 verborum,
3527 1139 3604 1192 ita
3657 1145 3720 1191 ut

2133 1243 2234 1281 nec
2255 1227 2558 1297 philosophi
2584 1227 2742 1282 istius
2771 1227 2988 1291 mundi,
3020 1243 3195 1297 neque
3215 1228 3459 1284 hzcretici
3489 1228 3558 1283 de
3589 1227 3716 1282 uni-

2132 1328 2243 1374 tate
2277 1319 2530 1375 Ecclesite
2563 1321 2785 1390 egressi,
2819 1320 3016 1390 aliquid
3044 1322 3097 1375 in
3127 1321 3370 1376 doctrina
3415 1335 3517 1376 sua
3562 1320 3719 1374 inve.

2138 1411 2312 1477 niant,
2347 1411 2494 1480 quod
2517 1412 2772 1467 humana:
2800 1413 2924 1467 vita:
2977 1411 3213 1482 aliquam
3247 1411 3544 1466 utilitatem
3589 1425 3723 1466 con-

2133 1501 2294 1557 ferat.

2212 1633 2232 1666 ι
2275 1614 2566 1686 Propterea
2597 1629 2693 1670 cor
2719 1631 2897 1671 meum
2925 1616 2992 1670 ad
3043 1615 3218 1682 Moab,
3244 1618 3400 1687 quasi
3431 1619 3564 1674 tibia
3601 1619 3724 1674 reris

2147 1722 2165 1754 ι
2212 1706 2510 1771 resonabit,
2541 1714 2597 1760 et
2639 1721 2734 1760 cor
2764 1721 2940 1761 meum
2970 1705 3037 1760 ad
3068 1707 3212 1763 viros
3251 1710 3391 1762 muri
3423 1709 3606 1764 ﬁctilis
3632 1709 3724 1763 da.

455 1787 662 1851 datum,
692 1784 833 1854 quod
878 1783 1137 1853 putabant
1191 1780 1286 1835 Dei
1333 1779 1548 1850 propria
1595 1793 1654 1833 se
1697 1777 2038 1832 confessione

2154 1814 2165 1847 l
2212 1796 2294 1852 bit
2324 1797 2557 1853 sonitum
2595 1796 2868 1851 tibiarum.
2919 1795 3054 1863 Quia
3082 1798 3201 1868 plus
3230 1798 3382 1864 fecit,
3415 1817 3584 1870 quam
3626 1817 3722 1870 po-

456 1875 793 1930 damnantes.
818 1873 1111 1941 Propterea
1137 1877 1340 1933 vectes,
1373 1870 1422 1924 id
1453 1877 1556 1932 est,
1586 1868 1676 1938 qui
1732 1867 1872 1922 ﬁrmi
1921 1867 2036 1922 fuco

455 1969 568 2022 rint
597 1967 648 2020 in
676 1965 853 2029 Moab,
880 1973 935 2018 et
971 1979 1212 2020 errorem
1241 1977 1397 2017 suum
1441 1960 1824 2025 intellexerint,
1864 1958 2037 2014 ulula-

457 2058 593 2112 bunt
620 2067 675 2112 et
701 2049 849 2126 spem
877 2055 1078 2110 habere
1106 2051 1382 2124 profectus
1404 2051 1681 2122 incipient,
1713 2066 1836 2106 cum
1859 2050 2036 2104 anima

457 2163 647 2218 eorum
676 2147 961 2200 ululavcrit
995 2145 1118 2200 sibi.
1169 2144 1320 2200 Unde
1349 2143 1608 2214 propheta
1652 2151 1737 2198 est
1784 2141 2039 2212 patientis

459 2237 676 2303 affectu,
703 2237 938 2307 loquitur
967 2235 1035 2289 ad
1066 2250 1179 2298 eos,
1207 2249 1439 2304 quorum
1471 2233 1650 2287 anima
1679 2231 1902 2287 ululabit
1937 2231 2040 2287 sibi

457 2342 515 2388 ct
547 2331 681 2386 dicit
713 2349 726 2384 :
759 2349 777 2380 ι
818 2329 924 2384 Cor
953 2344 1129 2384 meum
1157 2328 1224 2382 ad
1279 2326 1434 2382 Moab
1482 2324 1740 2382 clamabit
1781 2342 1800 2374 ι
1842 2329 1904 2378 ιιι
1948 2335 2042 2378 eos

451 2421 528 2476 -ad
557 2420 927 2490 pmniteutiam
951 2425 1226 2488 provocet.
1280 2415 1472 2470 Vectcs
1518 2423 1698 2470 autem
1748 2426 1956 2477 eorum,
1987 2418 2044 2466 et

459 2511 644 2566 omnia
669 2509 1035 2573 ﬁrmamenta,
1067 2521 1187 2576 qua:
1217 2505 1418 2561 habere
1444 2505 1500 2559 in
1557 2502 1852 2558 haeresibus
1896 2499 2046 2556 vide-

461 2599 682 2664 bantur,
713 2614 743 2652 a
773 2597 958 2668 Segor,
987 2598 1092 2652 hoc
1115 2604 1220 2661 est,
1253 2598 1320 2651 ad
1346 2594 1630 2666 parvulam
1655 2609 1824 2664 usque
1850 2607 2046 2665 perve-

465 2689 637 2744 nient.
691 2687 1008 2744 Ostenditur
1063 2702 1170 2741 non
1243 2686 1464 2741 robusta
1511 2699 1652 2749 esse,
1678 2684 1772 2740 scd
1817 2683 2040 2755 fragilis.

467 2779 596 2836 llaec
631 2789 812 2834 autem
841 2777 1030 2848 Segor,
1054 2778 1157 2832 hoc
1184 2785 1288 2840 est,
1319 2791 1487 2847 parva
1511 2775 1829 2846 poenitentia
1850 2775 1896 2830 si
1924 2790 2046 2845 per-

466 2871 830 2936 severaverit,
876 2871 1136 2940 perducet
1187 2884 1283 2926 eos
1333 2869 1402 2922 ad
1446 2867 1745 2938 perfectam
1793 2865 2044 2931 salutem,

465 2962 611 3032 quod
646 2961 812 3016 vitula
851 2963 1015 3018 trium
1073 2975 1336 3016 annorum
1387 2958 1674 3031 signiﬁcat,
1704 2959 1860 3030 juxta
1895 2959 2044 3024 illud,

2149 1904 2169 1937 ‹
2217 1885 2320 1940 tuit
2355 1903 2368 1938 :
2407 1885 2612 1941 idcirco
2641 1886 2942 1954 perierunt.
2988 1906 3006 1938 ι
3050 1887 3316 1958 Propheta
3346 1890 3592 1960 loquitur
3636 1891 3728 1944 do-

2144 1975 2303 2032 lentis
2350 1976 2566 2041 all'ectu,
2602 1976 2682 2030 vel
2729 1978 2870 2046 quod
2919 1978 3060 2033 hosti
3088 1982 3363 2034 creditura
3397 1983 3488 2045 sit,
3520 1982 3572 2036 in
3621 1998 3727 2052 quo

2145 2075 2226 2122 tot
2253 2067 2393 2121 mala
2423 2067 2829 2137 superveniunt,
2862 2067 2946 2123 vel
2969 2070 3110 2138 quod
3142 2071 3304 2125 tantis
3324 2070 3727 2133 calamitatibus

2147 2156 2521 2226 opprimendi,
2573 2164 2635 2210 ut
2689 2156 2853 2211 etiam
2899 2157 3132 2213 inimicis
3179 2159 3523 2214 miserabiles
3571 2159 3722 2215 ﬁant.

2147 2245 2304 2303 Unde
2329 2244 2459 2300 dicit
2484 2260 2578 2300 cor
2606 2259 2763 2300 suum
2798 2255 2858 2299 ut
2883 2246 3066 2300 tibiam
3103 2261 3362 2302 resonare
3380 2288 3396 2312 ,
3425 2249 3555 2318 quia
3581 2248 3734 2319 lugu-

2145 2335 2244 2392 bre
2267 2350 2485 2390 carmen
2517 2349 2681 2405 super
2701 2335 2820 2405 ejus
2840 2335 3166 2406 superbiam,
3193 2343 3249 2389 et
3273 2343 3456 2391 tamen
3487 2335 3730 2404 fragilem

2147 2433 2204 2480 et
2229 2424 2545 2479 continuum
2571 2423 2829 2495 gemitum
2859 2433 3141 2494 promptus
3167 2423 3238 2479 sit
3263 2437 3332 2478 ex
3357 2425 3530 2480 corde
3579 2427 3738 2480 dare-

2147 2529 2214 2570 eo
2239 2515 2383 2584 quod
2409 2514 2478 2568 ab
2502 2514 2748 2569 hostibus
2775 2514 3014 2584 perierit.

2226 2620 2248 2654 ι
2286 2601 2458 2658 Omne
2509 2603 2653 2657 enim
2697 2613 2860 2672 caput
2911 2603 3206 2670 calvitium,
3236 2612 3293 2659 et
3335 2604 3518 2659 omnis
3565 2606 3736 2660 barba

2155 2712 2175 2744 ι
2217 2707 2340 2748 rasa
2373 2693 2499 2748 erit.
2539 2693 2597 2748 in
2649 2695 2861 2748 cunctis
2905 2694 3154 2749 manibus
3175 2693 3470 2765 colligatio,
3494 2705 3552 2750 et
3571 2711 3736 2767 super

2156 2804 2174 2836 ι
2213 2801 2374 2841 omne
2399 2786 2618 2840 dorsum
2639 2784 2896 2850 ciliciunt,
2924 2794 2978 2840 ct
2998 2801 3160 2855 super
3178 2787 3360 2842 omnia
3387 2795 3532 2842 tecta
3555 2787 3738 2853 Moab,

2157 2894 2176 2927 ι
2223 2885 2279 2931 et
2321 2875 2376 2930 in
2411 2876 2606 2946 plateis
2623 2874 2740 2944 ejus
2796 2877 2972 2930 omnis
3024 2876 3290 2946 planctus,
3322 2878 3450 2946 quia
3501 2879 3740 2934 contrivi

2157 2983 2177 3017 ε
2223 2965 2378 3020 Moab
2415 2965 2555 3020 sicut
2580 2980 2676 3020 vas
2701 2964 2912 3030 inutile,
2939 2965 3016 3019 ait
3063 2965 3344 3020 Dominus.
3398 2965 3476 3019 De
3519 2981 3629 3036 quo
3687 2977 3744 3021 et

464 3053 611 3123 quod
663 3053 717 3107 in
775 3051 973 3108 Genesi
1032 3052 1259 3123 legimus
1298 3049 1450 3123 (Gen.
1499 3050 1590 3123 xv)
1621 3069 1635 3105 :
1667 3051 1758 3108 ubi
1805 3051 2050 3122 prtecipit
2152 3055 2320 3112 lsaias
2355 3073 2370 3109 ε
2417 3073 2436 3106 ι
2471 3054 2529 3110 In
2551 3055 2762 3111 cunctis
2787 3055 3055 3124 capitibus
3080 3055 3197 3125 ejus
3235 3055 3535 3122 calvitium,
3559 3059 3744 3113 omnis

465 3143 762 3208 Abraham,
815 3152 876 3198 ut
921 3143 1110 3200 offerat
1164 3143 1424 3208 vitulum,
1468 3143 1692 3198 arietem
1742 3151 1798 3198 et
1840 3143 2049 3198 hircum
2077 3127 2122 3190 Ο
2160 3164 2179 3199 ι
2223 3147 2392 3202 barba
2413 3146 2656 3201 radetur.
2682 3145 2741 3200 In
2766 3145 2939 3201 triviis
2985 3145 3100 3215 ejus
3135 3147 3364 3202 accincti
3405 3159 3538 3203 sunt
3555 3164 3738 3212 sacco,

470 3235 633 3288 trium
683 3249 983 3299 annorum,
1009 3233 1308 3304 perfectum
1365 3233 1571 3288 scilicet
1613 3231 1956 3297 sacriﬁcium,
1993 3239 2055 3288 ut

2159 3255 2179 3289 ι
2221 3251 2386 3306 super
2411 3243 2550 3291 tecta
2569 3235 2686 3304 ejus
2706 3244 2762 3292 et
2801 3237 2854 3290 in
2879 3236 3072 3306 plateis
3093 3235 3211 3304 ejus
3250 3238 3428 3294 omnis
3471 3238 3674 3294 ululat.
3713 3258 3735 3292 ι

471 3324 648 3378 lueres
683 3323 776 3378 Dei
799 3338 918 3378 esse
947 3333 1242 3378 mereatur.
1282 3322 1523 3392 Cumque
1548 3325 1757 3393 egerint
1782 3325 2060 3394 pteniten-
2151 3328 2306 3399 Apud
2343 3328 2592 3397 antiquos
2621 3342 2752 3395 ergo
2794 3326 2974 3382 barbae
2999 3328 3299 3398 capitisque
3324 3343 3540 3395 rasura,
3564 3329 3743 3385 luctu

471 3409 602 3464 tiam
632 3425 730 3478 per
753 3409 910 3464 Luith
936 3450 951 3474 ,
983 3410 1037 3465 id
1077 3419 1162 3466 est
1184 3424 1442 3482 genarum
1476 3411 1776 3482 laerymas,
1806 3412 1874 3466 ad
1919 3412 2054 3470 alta-

469 3498 610 3556 rium
635 3500 1017 3564 conscendent,
1052 3510 1108 3554 et
1134 3499 1290 3570 quasi
1315 3499 1566 3556 maeroris
1595 3499 1862 3557 foramine
1889 3510 2054 3574 atque

467 3587 716 3654 introitu,
731 3587 1024 3644 clamorem
1041 3589 1380 3646 contritionis
1393 3589 1648 3645 levahunt
1661 3591 1727 3645 ad
1741 3589 2050 3658 Dominum,

469 3686 530 3731 ut
554 3677 764 3745 possint
793 3676 1016 3733 dicere:
1050 3696 1069 3729 ι
1116 3677 1454 3734 Sacriﬁcium
1499 3679 1610 3734 Deo
1657 3679 1882 3750 spiritus
1929 3696 2055 3736 con-

468 3765 777 3832 tribulatus,
802 3781 897 3822 cor
925 3773 1218 3824 contritum
1263 3779 1318 3823 et
1369 3769 1710 3824 bumiliatum
1760 3770 1902 3826 Deus
1945 3787 2053 3826 non

467 3857 675 3928 spernit
702 3855 874 3928 (Psal.
904 3855 977 3930 ι).
1027 3877 1046 3910 ι
1089 3857 1204 3914 Hoc
1234 3858 1326 3914 ﬁet
1351 3860 1478 3930 quia
1515 3875 1671 3930 aquae
1716 3859 1978 3926 Nemrim,
2001 3861 2052 3918 id

466 3957 572 4013 est,
605 3947 850 4004 doctrina
885 3949 1284 4016 bzereticorum,
1317 3966 1438 4020 quae
1485 3951 1667 4022 pardis
1713 3961 1769 4006 et
1797 3953 2052 4022 praevari-

466 4041 746 4096 catoribus
769 4049 1130 4112 comparatur,
1167 4043 1380 4098 deserta
1410 4044 1535 4110 erit,
1563 4053 1620 4099 et
1666 4045 1961 4100 deducetur
1984 4045 2052 4098 ad

471 4131 722 4186 nihilum.
748 4131 909 4185 Pardi
936 4140 1064 4186 sunt
1085 4146 1316 4201 quorum
1339 4133 1392 4186 in
1412 4131 1646 4190 Ieremia
1663 4131 1794 4204 (Jer.
1813 4133 1932 4204 xm)
1959 4150 2052 4188 va-

475 4224 700 4280 rietates
723 4232 778 4280 et
805 4223 1029 4278 maculae
1051 4238 1157 4278 non
1181 4233 1478 4288 mutantur,
1505 4233 1556 4279 et
1577 4232 1833 4294 apostata:
1855 4225 1920 4280 de
1934 4225 2052 4294 qui-

473 4315 572 4368 bus
601 4313 654 4368 in
679 4313 888 4385 psalmo
915 4314 1144 4384 legimus
1177 4331 1190 4368 :
1244 4332 1263 4365 ι
1310 4314 1762 4370 Pracvaricatorcs
1807 4317 2051 4386 reputavi

467 4417 661 4458 omnes
713 4411 1032 4474 peccatores
1069 4412 1232 4460 terrae
1278 4402 1466 4476 (Paul.
1513 4404 1735 4477 cxvnt).
1784 4423 1802 4456 ι
1864 4405 2052 4462 Omnis

2155 3418 2411 3473 indicium
2447 3417 2568 3472 fuit.
2598 3417 2704 3472 Per
2729 3418 2843 3472 hate
2869 3418 3182 3489 magnitudo
3211 3419 3468 3474 maeroris
3497 3419 3741 3475 ostendi-

2156 3517 2261 3562 tur.
2293 3508 2408 3564 Non
2429 3517 2590 3564 erunt
2619 3509 2842 3578 privatae
2879 3508 3130 3581 lact'ymte
3165 3527 3178 3562 :
3205 3509 3482 3580 publicum
3510 3509 3740 3574 luctum,

2151 3598 2367 3668 publica
2393 3598 2628 3652 lamenta
2655 3598 3004 3660 resonabant,
3037 3613 3136 3654 nec
3163 3607 3445 3664 matronae,
3477 3615 3581 3654 nec
3625 3600 3742 3654 vir-

2153 3688 2322 3758 gines,
2353 3703 2454 3742 nec
2480 3696 2612 3742 aetas
2646 3701 2813 3757 parva
2855 3701 3172 3756 puerorum,
3203 3703 3302 3742 nec
3339 3685 3502 3741 fracti
3548 3702 3740 3742 senum

2153 3791 2375 3844 gressus
2415 3776 2740 3832 tenebuntur
2767 3775 3034 3842 domibus,
3063 3776 3324 3846 pudorem
3355 3783 3413 3830 et
3455 3776 3742 3831 imbecilli-

2155 3874 2320 3922 tatem
2359 3874 2604 3922 extrema
2648 3866 2936 3937 captivitas
2983 3867 3224 3932 nesciet,
3261 3884 3281 3917 ι
3325 3867 3454 3936 quia
3505 3867 3744 3923 contrivi

2155 3956 2310 4015 Moab
2359 3957 2498 4012 sicut
2545 3971 2642 4012 vas
2692 3957 2904 4019 inutile,
2944 3975 2962 4007 ι
2998 3955 3076 4010 ait
3121 3955 3400 4010 Dominus.
3458 3957 3571 4012 Vas
3611 3971 3744 4028 ergo

2155 4045 2342 4102 inutile
2372 4045 2472 4100 fuit
2496 4044 2672 4112 Moab,
2703 4055 2759 4100 et
2803 4046 2984 4099 minus
3025 4053 3208 4114 aptum
3236 4045 3304 4098 ad
3332 4060 3470 4114 opus
3516 4045 3742 4110 bonum,

2155 4135 2275 4190 ideo
2301 4151 2330 4188 a
2365 4135 2592 4189 Domino
2623 4133 2913 4188 contritum
2946 4143 3028 4189 est
3059 4143 3118 4188 et
3137 4133 3314 4188 omnis
3338 4134 3586 4188 doctrina
3623 4137 3744 4205 phi-

2153 4227 2524 4297 losophorum,
2555 4241 2676 4296 quae
2729 4225 2936 4296 fragilis
2969 4233 3053 4280 est
3103 4234 3159 4280 et
3202 4223 3421 4279 falsitati
3467 4225 3740 4292 innititur,

2153 4326 2446 4389 superante
2474 4319 2702 4372 veritate
2731 4318 3030 4372 conteritur
3083 4326 3247 4386 atque
3287 4316 3662 4388 dissipabitur,
3689 4325 3745 4373 et

2155 4407 2498 4478 dcspectione
2522 4415 2685 4476 atque
2711 4406 2931 4476 gemitui
2960 4415 3168 4460 aeterno
3191 4405 3418 4476 patebit.

465 4510 685 4566 quoque
715 4495 883 4552 herba
911 4504 968 4552 et
1015 4512 1258 4568 germen,
1289 4505 1346 4554 ct
1395 4497 1657 4568 quidquid
1703 4499 1756 4553 in
1805 4484 2133 4554 sermoncD
2235 4516 2252 4549 ι
2295 4498 2574 4565 Quomodo
2620 4497 2758 4552 victa
2807 4505 2892 4552 est
2940 4504 2994 4550 et
3046 4495 3428 4550 ululaverunt?
3469 4498 3743 4566 quomodo

467 4598 656 4640 eorum
686 4587 856 4642 viride
903 4586 1190 4642 videbatur
1233 4586 1465 4649 exaruit,
1494 4595 1549 4641 et
1597 4587 1891 4642 secundum
1941 4603 2054 4644 tua-

467 4675 804 4748 gnitudinem
833 4687 1178 4750 peccatorum
1197 4691 1228 4730 a
1257 4677 1367 4732 Deo
1402 4677 1605 4732 visitati
1631 4684 1778 4741 sunt,
1810 4686 1869 4731 ut
1893 4688 2052 4747 quem

472 4783 571 4838 per
593 4767 860 4824 beneﬁcia
881 4785 991 4824 non
1039 4776 1347 4836 senserant,
1372 4784 1468 4839 per
1502 4767 1714 4839 ﬂagella
1762 4784 2057 4840 cognosce-

471 4867 612 4916 rent.
627 4860 868 4930 Denique
891 4861 1158 4916 ducentur
1183 4861 1252 4916 ad
1277 4861 1492 4927 vallem,
1515 4861 1630 4916 sive
1653 4869 1944 4916 torrentem
1969 4877 2055 4916 sa-

469 4951 656 5020 licum,
673 4961 733 5007 ut
752 4953 932 5010 nullus
954 4953 1007 5008 in
1032 4953 1112 5008 eis
1133 4953 1340 5009 fructus
1363 4960 1580 5009 maneat
1603 4970 1616 5006 :
1641 4953 1781 5008 hanc
1801 4952 1944 5006 enim
1974 4969 2058 5007 se-

469 5046 635 5104 minis
667 5045 861 5102 harum
900 5045 1157 5103 arborum
1191 5045 1375 5100 dicunt
1405 5059 1526 5100 esse
1555 5052 1834 5107 naturam,
1874 5051 1935 5096 ut
1961 5043 2052 5112 qui

471 5137 600 5194 illud
624 5137 679 5193 in
699 5137 891 5210 poculo
911 5137 1177 5202 hauserit,
1191 5135 1377 5192 liberis
1401 5146 1604 5191 careat.
1629 5133 1780 5190 Unde
1801 5143 1856 5189 et
1879 5135 2052 5190 sancti

365 5295 368 5299 η
469 5229 562 5298 qui
593 5237 814 5300 propter
836 5239 1088 5299 pecccata
1115 5227 1169 5282 in
1197 5226 1514 5284 confusione
1539 5225 1698 5296 hujus
1727 5225 1913 5280 mundi
1931 5239 2053 5279 esse

471 5326 772 5388 creperum,
802 5319 858 5374 in
891 5318 1148 5374 salicibus
1172 5315 1589 5388 Babyloniorum
1622 5315 1904 5372 fluminum
1934 5330 2054 5371 sus-

469 5406 712 5477 pendunt
770 5424 973 5478 organa
1025 5422 1146 5465 sua.
1204 5404 1404 5464 Omnes
1459 5407 1718 5463 terminos
1786 5405 2050 5461 Moabita-

474 5514 592 5554 rum
622 5500 828 5556 clamor
864 5500 1078 5566 circuit,
1109 5499 1195 5556 vel
1221 5498 1630 5570 provocantium
1656 5497 1721 5552 ad
1760 5497 2052 5567 paenitudi-

474 5605 618 5655 nem,
646 5591 728 5647 vel
778 5606 876 5662 pro
899 5605 1086 5647 errore
1110 5590 1464 5662 gementium,
1497 5597 1557 5642 ut
1603 5587 1799 5642 offerre
1843 5585 2052 5658 possint

472 5696 571 5754 per
599 5685 858 5742 ululatum
907 5702 1064 5742 suum
1114 5687 1311 5742 vitulos
1360 5685 1645 5748 labiorum,
1675 5692 1730 5739 et
1775 5696 1944 5752 usque
1983 5682 2049 5737 ad

2164 4608 2183 4640 ι
2226 4587 2422 4657 dejecit
2449 4589 2715 4643 cervicem
2767 4586 2924 4640 Moab
2969 4595 3024 4641 et
3067 4585 3328 4642 confusus
3371 4588 3490 4642 est?
3515 4586 3741 4658 Eritque

2163 4699 2182 4731 ι
2225 4680 2379 4734 Moab
2403 4679 2456 4733 in
2487 4678 2750 4741 derisum,
2786 4687 2842 4732 et
2883 4679 2934 4731 in
2958 4677 3262 4746 exemplum
3283 4678 3536 4734 omnibus
3563 4679 3616 4733 in
3635 4680 3744 4734 cir-

2151 4791 2181 4836 ⁵ι
2223 4771 2368 4826 cuitu
2413 4780 2522 4824 tuo.
2573 4788 2592 4820 ι
2637 4770 2788 4824 Victa
2819 4778 2904 4824 est
2955 4769 3102 4838 regio
3141 4767 3322 4834 Moab,
3351 4770 3494 4824 unde
3529 4768 3742 4824 habita-

2161 4872 2304 4916 tores
2327 4859 2443 4928 ejus
2493 4858 2851 4915 ululaverunt.
2914 4857 3122 4928 Dejeeit
3165 4857 3430 4914 cervicem
3475 4857 3740 4928 superbia:

2159 4968 2270 5006 sua:
2294 4960 2351 5008 et
2374 4949 2597 5007 confusa
2627 4958 2730 5015 est,
2759 4949 2974 5020 eritque
3001 4948 3160 5003 Moab
3211 4949 3265 5004 iu
3295 4949 3536 5006 derisum
3573 4957 3631 5004 et
3685 4949 3740 5004 in

2157 5039 2458 5110 exemplum
2505 5039 2756 5094 omnibus
2797 5039 2852 5092 in
2897 5037 3127 5093 circuitu
3169 5052 3290 5104 suo,
3313 5037 3438 5106 quia
3487 5036 3739 5108 superbia

2156 5135 2274 5205 ejus
2304 5147 2495 5202 magna
2524 5130 2679 5186 valde
2706 5138 2790 5185 est
2817 5128 3046 5198 dejecta.
3077 5127 3170 5184 Sic
3191 5129 3503 5185 ethumana
3528 5129 3739 5200 sapien-

2157 5227 2232 5281 tia
2253 5232 2515 5294 quantum
2531 5221 2692 5292 erigit
2711 5234 2770 5275 se
2794 5228 2982 5275 contra
3000 5219 3284 5275 Dominum
3299 5217 3442 5273 fastu
3469 5218 3736 5282 elationis,

2160 5327 2366 5372 tantum
2406 5316 2634 5370 veritate
2664 5321 2954 5385 superante
2986 5313 3204 5369 habebit
3252 5327 3439 5369 coram
3489 5313 3737 5368 omnibus

2157 5407 2410 5463 ruborem
2436 5405 2786 5462 confusionis.
3731 5393 3772 5424 ⁸

2233 5518 2251 5551 ι
2302 5497 2428 5553 Haec
2450 5499 2577 5552 dicit
2610 5498 2870 5554 Dominus
2912 5515 2926 5552 :
2963 5497 3104 5553 Ecce
3131 5497 3284 5568 quasi
3312 5497 3494 5568 aquila
3517 5494 3731 5558 volavit,

2162 5610 2180 5644 ι
2223 5599 2278 5645 et
2302 5591 2541 5644 extendit
2563 5589 2676 5645 alas
2699 5599 2827 5645 suas
2853 5590 2920 5643 ad
2967 5587 3146 5646 Moab.
3178 5588 3346 5659 Capta
3375 5597 3459 5644 est
3495 5585 3730 5650 Carioth,
3763 5583 3774 5590 ’

2162 5700 2179 5732 ‹
2221 5690 2274 5735 ει
2319 5680 2644 5735 munitiones
2670 5679 2786 5750 ejus
2812 5694 2909 5751 per
2939 5695 3063 5737 eum
3093 5679 3500 5750 comprehensm
3523 5690 3664 5734 sunt.
