3970 6190
286 280 421 335 “9.5

275 492 405 546 tem,
438 487 695 554 quoniam
730 490 783 545 in
834 493 1207 549 devastatioue
1237 495 1572 553 diversarum
1620 495 1859 565 gentium

270 580 538 634 exercuit.
574 580 674 647 Qui
710 597 831 637 cum
865 584 981 639 alas
1012 599 1160 645 suas,
1192 586 1293 640 hoc
1330 599 1434 652 est,
1467 591 1754 646 transitum
1788 592 1851 646 ad

281 674 440 728 Moab
462 675 760 742 direxerat,
783 684 939 744 capta
962 688 1043 731 est
1070 678 1290 735 Cariotb
1311 681 1437 736 urbs
1467 680 1854 751 famosissima,

275 778 331 820 et
387 767 725 823 munitiones
771 766 889 837 ejus
935 784 1035 839 per
1077 786 1201 827 eum
1248 775 1653 844 comprehensa:
1704 787 1854 833 sunt.

273 856 430 912 Unde
461 868 515 914 et
555 860 835 929 sequitur:

350 973 368 1004 ι
393 951 453 1006 Ει
493 954 601 1009 erit
634 969 729 1010 cor
768 954 992 1013 fortium
1028 957 1186 1015 Moab
1218 960 1270 1015 in
1302 961 1388 1017 die
1426 962 1539 1032 illa,
1583 964 1723 1020 sicut
1759 981 1855 1021 cor

284 1065 303 1097 ι
344 1046 584 1102 mulieris
616 1047 993 1117 parturientis,
1018 1059 1070 1105 ct
1088 1055 1322 1109 cessabit
1354 1053 1511 1110 Moab
1539 1073 1657 1112 esse
1689 1074 1854 1129 popu-

274 1156 293 1189 ι
329 1138 454 1193 lus:
491 1140 750 1206 quoniam
785 1152 974 1197 contra
1007 1141 1290 1201 Dominum
1330 1150 1593 1219 gloriatus
1616 1161 1719 1207 est.
1750 1153 1853 1207 Pa-

275 1250 293 1281 ι
332 1247 430 1285 vor
452 1241 505 1284 et
536 1233 689 1287 fovea
712 1246 768 1289 et
798 1232 1026 1304 laqueus
1054 1253 1217 1307 super
1238 1250 1305 1305 te,
1324 1257 1356 1296 ο
1375 1241 1647 1297 habitator
1667 1243 1847 1309 Moab,

272 1342 291 1373 ι
322 1323 399 1376 ait
426 1322 722 1378 Dominus:
750 1326 851 1390 Qui
881 1325 1077 1395 fugerit
1108 1345 1136 1382 a
1171 1330 1307 1384 faeie
1338 1334 1575 1401 pavoris,
1605 1336 1760 1390 cadet
1794 1338 1847 1392 in

212 1473 218 1479 _
271 1428 287 1456 ι
338 1407 549 1465 foveam
598 1421 653 1467 et
681 1413 773 1483 qui
806 1417 1181 1472 conscenderit
1204 1419 1270 1473 de
1298 1417 1475 1485 fovea,
1505 1420 1751 1490 capietur
1778 1420 1859 1474 la-

271 1520 289 1551 ι
337 1517 498 1571 queo.
526 1502 803 1561 Adducam
829 1508 972 1562 enim
1000 1524 1164 1579 super
1190 1509 1346 1565 Moab
1370 1527 1569 1565 annum
1597 1511 1856 1567 visitatio-

270 1611 289 1642 ι
335 1593 422 1648 nis
446 1609 654 1659 eorttm,
687 1596 818 1652 dicit
840 1598 1118 1653 Dominus.
1152 1619 1170 1651 ι
1214 1599 1381 1655 Recte
1402 1616 1499 1656 cor
1524 1600 1681 1657 Moab
1702 1603 1853 1658 cordi

263 1693 546 1753 comparat
573 1686 816 1743 mulieris
838 1690 1214 1759 parturientis,
1237 1691 1363 1760 quia
1386 1692 1453 1747 de
1479 1708 1675 1763 magna
1696 1693 1854 1747 luxu-

1170 288 1528 349 EXPOSITIO
1568 292 1793 351 SUPER
1830 291 2193 351 JERI-JMIAM.
2236 328 2305 337 —
2344 296 2469 352 LIB.
2521 297 2635 355 XV.

273 395 528 463 Aquilam
553 397 1050 460 Nabuchodonosor
1077 405 1329 475 appellat,
1356 416 1573 476 propter
1596 404 1863 476 rapacita-
1889 407 1941 464 Α

3410 315 3548 371 H20

2519 411 2746 467 CAPUT
2776 411 2955 469 xux.
3375 394 3393 407 ’

1962 495 2144 552 Sermo
2176 497 2388 554 Domini
2421 512 2600 576 contrna
2631 504 2874 576 Ammon,
2898 518 2946 559 et
2977 519 3161 564 contra
3212 511 3503 576 Iduma'am
3524 535 3546 575 :

2329 581 2511 624 contra
2543 570 2733 639 Cedar,
2768 574 2903 629 Asor
2927 589 2974 631 et
3006 579 3178 635 Elmu.

2038 701 2057 732 ‹
2101 681 2226 737 Ηιεε
2253 683 2382 737 dicit
2420 684 2680 741 Dominus
2714 688 2781 741 ad
2822 689 2959 745 ﬁlios
2991 692 3219 748 Ammon
3252 715 3263 749 :
3296 697 3546 770 Nunquid

1968 791 1987 822 ι
2027 772 2119 825 ﬁlii
2175 789 2282 827 non
2335 784 2460 828 sunt
2490 775 2695 830 Israel?
2727 790 2818 833 aut
2849 781 3021 834 heres
3066 801 3170 838 non
3198 796 3281 841 cst
3304 789 3399 842 ei?
3433 791 3545 846 Cur

1968 883 1986 915 ι
2022 864 2184 935 igitur
2213 867 2527 921 haereditate
2567 872 2807 937 possedit
2853 873 3096 929 Mclchon
3124 877 3257 943 Gad,
3287 890 3341 933 et
3381 897 3547 952 popu-

1968 973 1986 1004 ι
2025 954 2108 1008 lus
2136 954 2252 1022 ejus
2283 956 2334 1008 in
2379 957 2602 1011 urlzibus
2652 958 2767 1025 ejus
2792 961 3095 1017 habitavit?
3133 965 3254 1020 Ideo
3281 984 3407 1024 ecce
3429 971 3548 1029 dies

1968 1062 1986 1093 ι
2021 1045 2242 1099 veniunt
2279 1047 2331 1099 in
2374 1055 2445 1111 te,
2491 1048 2621 1101 dicit
2656 1048 2935 1112 Dominus,
2970 1061 3023 1105 et
3058 1056 3301 1111 auditum
3348 1059 3546 1118 faciant

1968 1152 1986 1184 ι
2024 1150 2188 1204 super
2220 1136 2486 1203 Itahbath,
2522 1138 2753 1192 ﬁliorum
2780 1140 3010 1197 Ammon
3048 1144 3319 1203 fremitum
3352 1153 3544 1222 puclii,

1965 1246 1984 1278 ι
2018 1237 2071 1280 ει
2101 1229 2204 1282 erit
2242 1229 2293 1283 in
2328 1231 2614 1285 tumultum
2672 1234 2930 1304 dissipata
2963 1255 2975 1289 :
3011 1237 3240 1308 ﬁliaeque
3274 1242 3389 1310 ejus
3424 1246 3546 1315 igne

1966 1335 1984 1368 ι
2018 1320 2414 1374 sueceudentur
2464 1339 2476 1373 :
2524 1331 2577 1375 et
2629 1324 2928 1392 possidebit
2982 1326 3148 1381 Israel
3206 1345 3546 1399 possessores

1965 1428 1984 1458 ι
2023 1424 2170 1473 suos,
2204 1410 2333 1465 dicit
2368 1410 2645 1467 Dominus.
2685 1434 2702 1465 ι
2750 1413 2975 1487 (ilium)
3027 1418 3155 1474 Post
3202 1420 3355 1475 Moab
3386 1425 3539 1494 igitur

1958 1496 2025 1550 ad
2052 1497 2188 1552 ﬁlios
2219 1498 2449 1554 Ammon
2491 1516 2670 1557 sermo
2728 1502 2944 1562 divinus
2994 1511 3349 1576 convertitur,
3382 1523 3436 1567 et
3466 1515 3546 1568 in-

1960 1598 2149 1659 crepat
2181 1605 2296 1655 eos,
2326 1594 2471 1663 quod
2504 1595 2621 1649 ausi
2651 1605 2781 1650 sunt
2836 1607 3036 1653 terram
3068 1601 3433 1659 Israelitarum
3464 1608 3544 1660 in-

1962 1677 2180 1746 festare,
2207 1691 2261 1738 et
2290 1684 2662 1741 haereditatem
2704 1689 2915 1745 Domini
2965 1692 3219 1751 invadere
3246 1714 3259 1750 :
3292 1713 3544 1767 pramun-

263 1776 344 1829 ria
369 1778 435 1829 ad
487 1794 739 1850 magna“,
789 1755 1038 1851 ρέηυεηίι
1084 1755 1379 1848 tristitiam,
1409 1755 1600 1838 etiam.
1617 1786 1853 1840 cessavi;
1879 1755 1926 1813 Β
1957 1772 2095 1826 tians
2137 1774 2217 1827 eis
2253 1774 2489 1830 debitam
2521 1778 2778 1834 ultionem
2809 1780 2935 1836 inde
2964 1783 3248 1840 imminere
3293 1796 3348 1842 et
3371 1788 3537 1844 Israel

261 1883 384 1923 csse
411 1870 660 1940 populus,
688 1871 813 1941 quia
860 1874 1093 1943 superbe
1124 1873 1178 1928 in
1228 1889 1325 1927 sua
1369 1875 1609 1944 potentia
1659 1885 1850 1930 contra

264 1958 553 2015 Dominum
581 1970 662 2015 est
690 1961 970 2033 gloriatus.
1008 1963 1159 2019 Unde
1182 1979 1349 2033 pavor
1377 1966 1574 2020 mentis
1614 1975 1667 2021 et
1694 1966 1850 2021 fovea

260 2048 615 2118 deceptionis,
646 2059 700 2105 et
722 2052 946 2122 laqueus
989 2053 1320 2123 captivitatis
1345 2069 1467 2109 eum
1496 2057 1849 2125 comprehen-

260 2139 360 2192 dit.
419 2138 618 2210 Sicque
667 2139 871 2195 factum
918 2152 1020 2207 est,
1071 2150 1129 2196 ut
1179 2159 1301 2197 cum
1358 2142 1593 2215 effugere
1631 2155 1850 2215 pararet

259 2229 329 2281 ab
355 2230 599 2298 angustia
630 2230 863 2300 pavoris,
890 2233 1108 2287 caderet
1156 2232 1208 2286 in
1238 2232 1444 2289 foveam
1491 2234 1843 2302 obsessionis,

257 2327 314 2372 et
347 2320 470 2375 inde
499 2320 731 2375 evadere
759 2330 992 2385 tentans,
1026 2331 1314 2392 caperetur
1363 2325 1432 2378 ab
1483 2325 1728 2380 hostibus
1767 2326 1846 2379 la-

257 2429 401 2483 queo
426 2416 773 2485 captivitatis.
809 2415 1063 2486 thuare
1090 2416 1193 2471 hoc
1223 2417 1324 2472 sibi
1355 2419 1590 2472 evenerit
1622 2419 1846 2490 subjun-

256 2505 435 2575 gcudo
466 2504 743 2575 Scriptura
790 2506 1025 2561 ostendit
1063 2525 1075 2559 :
1110 2507 1236 2576 quia
1287 2507 1542 2563 nimirum
1584 2509 1844 2566 Dominus

255 2597 480 2650 adduxit
509 2613 658 2667 super
700 2596 854 2652 Moab
878 2614 1077 2652 anntun
1127 2600 1456 2655 visitationis
1502 2616 1709 2667 eorum,
1739 2603 1843 2658 hoc

253 2696 364 2752 est,
380 2686 540 2755 jttstzc
574 2689 969 2755 retributionis,
998 2698 1058 2744 ut
1099 2692 1315 2744 tandem
1345 2707 1444 2761 per
1479 2692 1842 2750 calamitatem

255 2780 541 2847 sentirent,
573 2781 718 2851 quod
747 2780 800 2835 in
837 2782 1196 2852 prosperitate
1237 2782 1398 2851 positi
1425 2781 1721 2855 intelligere
1747 2800 1843 2840 no—

255 2870 495 2926 luerunt.

334 2979 352 3011 ι
397 2960 452 3013 In
482 2960 671 3015 umbra
698 2960 907 3018 Esebon
939 2970 1206 3018 steterunt
1236 2965 1302 3020 de
1339 2963 1530 3035 laqueo
1551 2963 1836 3037 fugientes,

259 3069 278 3102 ι
318 3051 442 3120 quia
474 3052 612 3122 ignis
657 3067 907 3123 egressus
937 3062 1022 3108 est
1074 3054 1141 3109 de
1175 3055 1409 3120 Esehon,
1451 3065 1506 3111 et
1533 3056 1745 3112 flamma
1774 3058 1841 3112 de

1950 1878 2294 1932 pOSSCSSOI'CS
2315 1883 2443 1923 SUOS
2465 1885 2839 1939 pOSSCSSUI'UIII
2869 1888 3008 1929 esse.

2028 1975 2046 2007 ι
2084 1956 2261 2020 Ulula,
2319 1959 2551 2025 Iisebon,
2607 1963 2860 2030 quoniam
2894 1975 3105 2020 vastata
3139 1976 3224 2023 est
3252 1968 3388 2023 Hai:
3423 1970 3538 2024 cla-

1956 2064 1974 2096 ι
2011 2055 2175 2111 mate,
2203 2047 2323 2102 tili:e
2342 2049 2615 2116 Rabbath,
2642 2054 2907 2124 acelngite
2920 2072 3016 2112 vos
3037 2058 3232 2113 ciliciis
3259 2078 3271 2114 :
3302 2060 3541 2131 plangite

1955 2153 1972 2186 ι
2008 2144 2064 2190 ει
2101 2137 2326 2192 circuite
2378 2155 2476 2209 per
2529 2157 2707 2211 sepes,
2760 2145 2887 2214 quia
2925 2144 3166 2201 Melchon
3197 2148 3252 2203 in
3283 2152 3541 2205 transmi-

1955 2243 1973 2274 ι
2010 2227 2310 2294 grationem
2366 2230 2614 2296 ducetur,
2665 2235 2979 2291 sacerdotes
3016 2237 3134 2307 ejus
3183 2239 3536 2311 etprincipes

1956 2334 1974 2366 ι
2010 2317 2127 2387 ejus
2171 2318 2353 2377 simul.
2418 2340 2437 2372 ι
2488 2321 2641 2388 Quod
2691 2324 2901 2380 Esebon
2951 2328 3081 2382 urbs
3130 2327 3295 2383 fuerit
3340 2345 3534 2398 magna

1944 2407 2406 2477 Amorrhzeorum,
2461 2429 2623 2484 supra
2667 2414 2776 2482 jam
2823 2417 3025 2473 dictum
3055 2430 3157 2474 est.
3186 2421 3262 2476 Ar
3317 2437 3537 2495 quoque

1946 2503 2262 2572 metropolis
2292 2504 2483 2561 civitas
2528 2505 2631 2563 fuit
2678 2509 3036 2568 Moabitarum
3066 2532 3078 2567 :
3112 2531 3231 2585 quae
3283 2518 3442 2574 hodie
3464 2534 3532 2575 ex

1946 2589 2195 2658 Hebrmo,
2254 2603 2308 2650 et
2357 2595 2547 2652 Grch
2597 2614 2848 2657 sermone
2901 2605 3220 2674 composita,
3261 2607 3535 2679 Ariopolis

1944 2692 2303 2753 nuncupatur.
2332 2685 2465 2741 Nam
2494 2697 2551 2743 et
2598 2690 2844 2762 plerique
2883 2696 3152 2751 aestimant
3205 2702 3347 2768 quod
3372 2702 3534 2768 Arcs,

1946 2771 1999 2826 id
2027 2781 2131 2839 est,
2162 2774 2349 2832 Martis
2382 2778 2577 2835 civitas
2627 2782 3033 2853 interpretetur.
3068 2788 3317 2845 Rahbath
3350 2802 3533 2847 autem

1944 2869 2260 2939 metropolis
2305 2880 2427 2927 erat
2477 2873 2908 2933 Ammonitarum
2937 2898 2950 2932 :
2983 2896 3103 2950 qua:
3152 2883 3309 2937 hodie
3339 2901 3371 2938 a
3401 2902 3530 2957 rege

1944 2955 2163 3030 Egypti
2193 2961 2481 3025 Ptolomaao
2504 2977 2860 3036 cognomento
2882 2969 3251 3041 Philadelpho,
3281 2974 3370 3043 qui
3396 2955 3534 3031 Ara-

1944 3046 2088 3102 biam
2116 3050 2288 3105 tenuit
2328 3067 2449 3107 cum
2478 3052 2680 3122 Iudaea,
2711 3055 3060 3131 Philadelpha
3085 3074 3392 3134 nuncupata
3423 3076 3526 3124 est.

1231 3109 1271 3111 ρ
1302 3109 1306 3110 ν
1460 3109 1499 3111 μ
1779 3109 1833 3112 π-
2666 3109 2680 3122 ι
2712 3109 2733 3111 κ
2757 3109 3060 3131 --η-ή--τ--ν-
3085 3109 3392 3134 "mu—«ruu-
3425 3109 3526 3124 νυ-

256 3162 278 3196 (
322 3109 791 3209 [Inediochon’vet
820 3146 1099 3201 devoravit
1129 3157 1338 3216 partem
1383 3147 1557 3213 Moab,
1589 3158 1643 3203 el,
1672 3149 1839 3203 verti-
1867 3109 1912 3173 Ο
1944 3138 2188 3196 Μειειιοιι
2223 3155 2353 3198 vero
2389 3143 2590 3200 idolum
2626 3145 2728 3203 fuit
2774 3149 3232 3215 Ammonitarum,
3268 3164 3323 3210 et
3361 3156 3534 3212 inter-

256 3257 277 3289 ι
316 3252 436 3291 cem
487 3237 719 3292 ﬁliorum
750 3238 1030 3294 tumultus.
1067 3258 1084 3291 ι
1130 3240 1187 3295 In
1221 3242 1411 3296 umbra
1443 3242 1656 3297 Esebon
1708 3242 1839 3297 dicit

250 3328 472 3383 stetisse
501 3330 567 3384 ιῖε
595 3328 789 3398 laqueo
814 3328 1104 3400 fugientes,
1137 3332 1261 3401 quia
1300 3332 1352 3385 in
1383 3330 1500 3400 ejus
1539 3333 1838 3389 munitione

250 3418 548 3487 sperabant
579 3434 639 3474 se
670 3418 873 3490 aliquid
906 3421 1156 3475 solatium
1176 3404 1425 3487 .habcre,
1466 3423 1559 3477 scd
1591 3422 1791 3479 frustra
1821 3441 1834 3477 :

249 3510 382 3577 quia
423 3510 562 3579 ignis
605 3509 881 3575 vindicum,
914 3526 1034 3581 qua:
1062 3527 1127 3566 ex
1162 3513 1374 3567 meritis
1398 3528 1586 3567 corum
1618 3530 1840 3583 proces-

248 3599 344 3660 sit,
397 3599 653 3654 verticem
714 3600 979 3656 tumultos
1032 3601 1259 3655 ﬁliorum
1309 3602 1464 3658 Moab
1488 3602 1839 3673 justojudice

248 3687 591 3745 ltetribuente
623 3690 911 3758 oppressit.
940 3689 1091 3745 Unde
1116 3692 1362 3760 sequitur
1390 3710 1402 3745 :

333 3796 352 3829 ι
386 3776 476 3832 Va:
505 3778 623 3843 tibi,
678 3779 857 3843 Moab,
905 3781 1113 3850 periisti
1156 3781 1353 3851 popule
1398 3781 1634 3839 Chamos
1664 3799 1679 3838 :
1710 3784 1837 3854 quia

254 3891 276 3924 ι
313 3870 692 3941 comprehensi
723 3880 850 3925 sunt
880 3872 970 3925 ﬁlii
1014 3872 1110 3937 tui,
1137 3881 1194 3928 et
1231 3872 1353 3927 tilia:
1384 3881 1488 3929 tua:
1516 3875 1570 3928 in
1608 3875 1837 3945 captivi-

258 3981 277 4014 ι
314 3970 501 4018 tatem.
532 3982 551 4016 ι
588 3962 741 4018 Nulla
765 3964 911 4020 enim
962 3965 1190 4019 munitio
1221 3966 1434 4021 urbium
1462 3982 1704 4030 suarum,
1738 3981 1840 4022 nec

247 4055 365 4109 ulla
392 4056 473 4110 vis
494 4054 755 4110 falsorum
793 4056 1094 4120 numinum,
1121 4072 1240 4125 qua:
1275 4057 1329 4111 in
1357 4056 1592 4112 Chamos
1621 4058 1838 4113 nomine

248 4144 507 4200 denotata
541 4155 645 4211 est,
672 4160 768 4200 eos
802 4144 871 4199 ab
925 4146 1170 4200 hostibus
1201 4147 1414 4217 eripere
1442 4162 1507 4201 ac
1550 4146 1837 4203 defendere

245 4237 573 4307 praevaluit:
609 4237 702 4291 sed
733 4252 924 4292 omnes
952 4236 1044 4291 ﬁlii
1072 4245 1127 4292 et
1163 4236 1283 4292 ﬁli-.1:
1312 4254 1500 4293 eorum
1532 4239 1585 4293 in
1609 4239 1838 4309 captivi-

250 4336 422 4382 tatem
474 4328 826 4383 transierunt.
876 4326 968 4383 Sic
1002 4330 1108 4383 erit
1136 4345 1216 4383 vae
1267 4338 1586 4403 perpetuum
1611 4332 1715 4396 his,
1743 4331 1836 4402 qui

245 4418 529 4473 conﬁdunt
558 4418 611 4472 ιιι
659 4419 924 4487 sapientia
973 4420 1228 4485 humana,
1262 4430 1317 4475 ει
1336 4422 1656 4477 deserviunt
1686 4437 1838 4477 erro-
1866 4450 1915 4511 Ι)

246 4509 404 4563 ribus
435 4509 686 4575 diversis,
718 4526 818 4565 nec
857 4510 1043 4565 volunt
1070 4511 1259 4567 audire
1291 4513 1613 4582 sapientiam
1644 4514 1756 4578 Dei,
1781 4524 1837 4569 et

241 4599 461 4671 legibus
490 4600 680 4670 subjici
732 4602 928 4657 divinis
955 4616 969 4654 :
1000 4601 1125 4670 quia
1167 4601 1260 4657 ﬁlii
1291 4611 1346 4657 et
1375 4602 1496 4659 ﬁliae
1548 4618 1734 4658 eorum
1764 4606 1837 4661 si-

241 4691 362 4747 mul
412 4708 535 4747 cum
583 4693 898 4762 parentibus
949 4694 1085 4757 suis,
1121 4693 1226 4749 hoc
1278 4704 1381 4761 cst,
1430 4696 1674 4766 discipuli
1711 4712 1835 4751 cum

241 4783 526 4854 magistris
578 4784 731 4840 ibunt
765 4784 818 4839 in
868 4784 1259 4853 captivitatem,
1310 4786 1376 4841 de
1412 4802 1519 4857 qua
1567 4801 1672 4841 non
1703 4802 1831 4857 pos-

242 4883 376 4930 sunt
395 4876 600 4945 egredi.
635 4876 789 4944 Quod
818 4886 999 4932 autem
1027 4877 1311 4946 sequitur:
1488 4880 1491 4883 ’

323 4986 342 5018 ι
376 4966 443 5022 Ει
475 4978 788 5023 convertam
815 4969 1187 5039 captivitatem
1240 4968 1395 5025 Moab
1426 4969 1834 5028 in-novissimis

248 5078 267 5110 ι
315 5058 530 5125 diebus,
585 5060 661 5115 ait
712 5061 994 5127 Dominus,
1045 5082 1064 5115 ι
1099 5064 1311 5118 videtur
1353 5063 1486 5119 mihi
1526 5065 1834 5135 signiﬁcare

243 5163 499 5221 tempora
532 5153 760 5223 gratiae:
794 5154 849 5207 in
879 5154 1075 5225 quibus
1115 5156 1425 5226 quicunque
1458 5156 1690 5212 voluerit
1717 5172 1837 5211 cre-
1876 5224 1879 5225 ν

243 5244 377 5298 dere
413 5244 480 5299 de
509 5244 776 5300 universis
807 5245 1076 5315 gentibus,
1106 5254 1160 5300 et
1188 5245 1433 5301 converti
1470 5246 1538 5301 ab
1568 5246 1831 5303 idolorum

243 5335 486 5399 cutura,
517 5350 641 5407 spes
672 5336 747 5390 illi
781 5336 1036 5392 tribuitur
1064 5335 1255 5391 salutis
1287 5345 1505 5391 aeterna:
1532 5354 1546 5391 :
1577 5337 1703 5407 quia
1726 5353 1833 5393 non

243 5436 331 5485 est
356 5444 715 5498 personarum
753 5438 1009 5500 acceptor
1037 5430 1200 5495 Deus,
1232 5430 1326 5485 sed
1354 5431 1407 5485 in
1462 5430 1610 5485 omni
1650 5439 1832 5502 gente,

241 5519 340 5590 qui
369 5520 523 5575 timet
574 5519 748 5575 Deum
795 5529 850 5576 et
875 5529 1130 5591 operatus
1170 5531 1253 5576 est
1275 5519 1544 5590 justitiam
1580 5531 1835 5590 acceptus

242 5617 333 5665 est
359 5608 458 5663 illi.
490 5628 508 5661 ι
544 5609 611 5664 Ει
636 5609 763 5675 erit,
791 5608 945 5680 juxta
975 5610 1318 5680 prophetiam
1361 5608 1498 5675 Joel,
1527 5611 1834 5681 quicunque

241 5701 585 5757 invocaverit
624 5718 820 5759 nomen
872 5704 1083 5759 Domini
1137 5703 1317 5759 salvus
1345 5704 1449 5759 erit
1489 5702 1646 5775 (Joel.
1684 5704 1763 5775 tt).
1810 5723 1827 5755 ι

1939 3240 2185 3300 pretatur
2227 3248 2319 3288 rex
2384 3250 2556 3291 meus.
2603 3236 2903 3310 Meritoque
2950 3243 3263 3312 przedicitur
3308 3246 3531 3303 sceleris

1940 3324 2176 3379 vindicta
2206 3324 2290 3381 his
2323 3327 2635 3385 civitatibus
2668 3348 2680 3384 :
2715 3332 2839 3400 quia
2866 3348 2973 3388 non
3004 3334 3175 3390 solum
3205 3335 3374 3392 Deum
3402 3355 3531 3394 con-

1941 3417 2624 3489 tempserantdiripientes,
2650 3430 2706 3476 et
2734 3423 3078 3481 dcvastantes
3105 3428 3359 3499 populum
3390 3429 3528 3499 ejus,

1941 3508 2034 3560 sed
2071 3508 2234 3562 etiam
2262 3509 2462 3563 idolum
2493 3511 2545 3564 in
2576 3510 2694 3566 loco
2736 3512 2829 3568 Dei
2855 3529 2954 3583 pro
2982 3519 3204 3573 nomine
3224 3519 3529 3585 coluerunt,

1940 3599 2273 3669 appellantes
2309 3600 2437 3656 illud
2470 3619 2564 3657 rex
2616 3619 2769 3659 meus
2792 3646 2809 3659 .
2841 3607 2864 3658 ἱ
2903 3607 3038 3675 Quia
3086 3626 3277 3667 omnes
3302 3613 3372 3667 dii
3400 3629 3529 3685 gen-

1942 3692 2075 3745 tium
2115 3692 2398 3759 dmmonia,
2458 3694 2715 3752 Dominus
2758 3708 2939 3754 autem
2982 3703 3148 3758 ctelos
3203 3705 3327 3760 fecit
3353 3704 3524 3777 (Psal.

1940 3781 2071 3853 th).
2108 3801 2127 3832 ι
2162 3782 2227 3836 Ει
2256 3784 2573 3840 maledictus
2597 3798 2681 3843 est
2704 3787 2792 3843 ille
2830 3790 2924 3859 qui
2964 3794 3131 3847 servit
3157 3795 3261 3849 diis
3307 3795 3522 3863 alienis,

1939 3882 1993 3927 et
2016 3889 2120 3927 non
2145 3873 2257 3927 vult
2280 3874 2538 3931 exhibere
2576 3878 2854 3931 servitium
2911 3880 3011 3935 soli
3054 3890 3217 3951 atque
3262 3884 3353 3938 uni
3379 3884 3524 3953 Deo,

1938 3979 2067 4019 vero
2093 3964 2263 4029 Patri,
2289 3974 2342 4020 et
2370 3964 2506 4020 Filio
2536 3976 2589 4022 et
2616 3967 2839 4038 Spiritui
2870 3982 3079 4029 sancto.

2015 4072 2032 4103 ι
2070 4052 2206 4118 Quid
2256 4052 2511 4125 gloriaris
2561 4055 2615 4109 in
2669 4058 3051 4116 convallibus?
3106 4062 3339 4119 Deﬁuxit
3368 4066 3526 4124 vallis

1944 4161 1962 4193 ι
1999 4151 2087 4196 tua
2114 4141 2220 4196 ﬁlia
2248 4142 2497 4210 delicata,
2532 4159 2650 4214 qua:
2674 4148 2987 4204 conﬁdebas
3018 4151 3071 4206 in
3098 4152 3367 4210 thesauris
3393 4157 3523 4223 tuis,

1944 4251 1962 4283 ι
1996 4241 2050 4288 ει
2076 4232 2293 4288 dicebas
2324 4253 2336 4287 :
2366 4234 2497 4301 Quis
2523 4238 2672 4291 venit
2698 4238 2763 4292 ad
2799 4240 2925 4294 me?
2954 4241 3093 4297 Ecce
3127 4258 3227 4312 ego
3254 4245 3522 4300 adducam

1944 4342 1963 4375 ι
1999 4338 2162 4395 super
2194 4333 2243 4380 te
2274 4334 2559 4392 terrorem,
2590 4328 2666 4381 ait
2698 4329 2955 4385 Dominus
2984 4333 3128 4388 Deus
3159 4336 3522 4403 exercituum,

1946 4434 1965 4467 ι
2002 4416 2069 4469 ab
2092 4417 2402 4472 hominibus
2427 4418 2517 4486 qui
2549 4427 2673 4473 sunt
2699 4420 2753 4474 in
2795 4422 3027 4477 circuitu
3058 4432 3148 4479 tuo
3176 4442 3188 4478 :
3218 4435 3274 4480 et
3310 4427 3523 4497 disper-

1947 4526 1966 4559 σ
2002 4508 2186 4578 gimini
2243 4509 2496 4579 singulia
2527 4520 2817 4581 conspectu
2872 4523 3078 4579 vestro,
3136 4531 3237 4571 nec
3298 4518 3402 4572 erit
3430 4520 3524 4589 qui

1945 4616 1963 4649 ι
2002 4608 2289 4670 congreget
2320 4598 2608 4670 fugientes.
2654 4620 2671 4652 ι
2717 4601 2949 4657 Vallium
2982 4606 3203 4660 nomine
3249 4605 3523 4665 fructuum

1938 4693 2323 4748 abundantiam
2357 4694 2627 4765 designat,
2657 4695 2710 4749 in
2757 4712 2863 4767 qua
2889 4697 3215 4756 Ammonita:
3244 4704 3524 4760 conﬁden-

1937 4793 2019 4837 tes
2041 4783 2263 4839 minime
2311 4784 2377 4838 ad
2408 4786 2689 4853 penuriam
2741 4802 2799 4842 se
2848 4803 3007 4858 posse
3038 4791 3226 4846 venire
3271 4793 3524 4849 arbitrati

1938 4881 2064 4927 sunt
2093 4891 2105 4926 :
2137 4873 2232 4928 sed
2283 4873 2496 4930 Domini
2549 4876 2714 4931 verbo
2740 4878 3140 4946 praenuntiatur
3164 4880 3245 4935 eis
3273 4880 3525 4935 devasta-

1935 4966 2012 5021 tio
2036 4977 2091 5021 et
2141 4966 2405 5037 dispersio
2456 4967 2656 5024 futura.
2707 4970 2959 5026 Ezechiel
3009 4988 3224 5042 quoque
3272 4973 3525 5029 similiter

1936 5065 2123 5113 contra
2170 5058 2310 5114 ﬁlios
2336 5058 2567 5115 Ammon
2614 5062 2976 5130 prophetavit,
3010 5062 3239 5117 dicens:
3277 5082 3295 5114 ι
3324 5063 3523 5119 Audite

1935 5150 2158 5204 verbum
2213 5149 2426 5205 Domini
2457 5170 2469 5205 :
2509 5150 2636 5205 Haec
2685 5152 2816 5207 di'cit
2844 5152 3102 5207 Dominus
3134 5153 3316 5209 Deus:
3350 5154 3518 5225 Euge,

1935 5254 2093 5310 euge,
2149 5254 2314 5309 super
2367 5241 2736 5295 sanctuarium
2794 5256 2996 5307 meum,
3042 5243 3157 5297 sive
3190 5243 3316 5311 quia
3347 5244 3520 5315 gavisi

1934 5333 2066 5387 estis
2096 5347 2259 5403 super
2285 5332 2655 5387 sanctuarium
2702 5346 2906 5396 meum,
2958 5332 3085 5402 quia
3118 5332 3382 5402 pollutum
3412 5344 3519 5404 est,

1935 5434 1990 5480 et
2019 5440 2181 5493 super
2211 5433 2412 5478 terram
2461 5422 2648 5489 Israel,
2703 5423 2829 5492 quia
2879 5423 3115 5478 desolata
3146 5432 3250 5490 est,
3279 5435 3335 5480 et
3356 5441 3521 5497 super

1936 5518 2152 5574 domum
2175 5514 2335 5581 Juda,
2370 5514 2627 5586 quoniam
2671 5514 2819 5570 ducti
2872 5527 3001 5569 sunt
3025 5515 3077 5568 in
3105 5516 3516 5586 captivitatem:

1935 5611 2138 5667 idcirco
2173 5623 2273 5680 ego
2299 5608 2508 5663 tradam
2537 5615 2590 5661 te
2637 5606 2763 5662 ﬁliis
2794 5607 3171 5674 orientalibus,
3204 5608 3319 5663 sive
3347 5607 3516 5671 Eden,

1934 5702 1989 5755 in
2046 5699 2435 5756 [nereditatem
2488 5696 2846 5754 Collocabunt
2887 5698 3074 5757 caulas
3100 5713 3228 5755 suas
3256 5697 3311 5753 in
3339 5706 3432 5753 te:
3465 5707 3520 5755 et
