3970 6190
450 201 586 256 1127

1020 259 1031 266 _
1088 197 1151 252 D.
1193 197 1450 254 RABAN]
1484 195 1707 253 MAURI
1740 194 2058 253 ARCHIEP.
2099 193 2406 254 MOGUNT.
2438 196 2720 256 OPERUM
2758 196 2940 254 PARS
2973 196 3057 253 111.

3561 199 3710 258 1128

443 319 646 382 ponent
671 308 726 364 in
758 318 809 364 te
830 309 1063 364 tentoria
1093 323 1210 364 sua.
1242 307 1349 378 lpsi
1371 306 1654 363 comedent
1680 305 1860 377 fruges
1881 313 2021 370 tuas,
2051 305 2418 377 AAmos,qui
2442 317 2630 363 contra
2654 307 2942 362 ldumazam
2971 316 3026 362 ct
3044 306 3215 362 Edam
3241 307 3520 364 vaticinati
3539 321 3662 365 sunt
3689 328 3706 362 :

444 414 502 460 et
525 405 626 474 ipsi
653 403 840 459 bibent
889 403 993 469 lac,
1043 403 1158 457 sive
1199 403 1502 456 ubertatem
1550 407 1718 453 tuam.
1768 397 2024 467 Daboque

447 493 694 549 Rabbath
724 496 776 550 in
805 495 1164 549 habitaculum
1201 493 1553 556 camelorum,
1602 492 1717 547 sive
1747 491 2024 546 civitatem

445 589 674 642 Ammon
707 587 758 639 iu
801 599 999 656 pasrua
1055 583 1409 647 camelorum,
1457 591 1511 636 et
1538 581 1676 636 ﬁlios
1708 582 1938 635 Ammon
1970 581 2023 634 iu

445 676 622 732 cubile
675 691 975 745 pecorum:
1017 684 1071 729 et
1124 674 1309 729 scietis
1367 673 1492 742 quia
1533 687 1634 742 ego
1683 670 1961 725 Dominus.
2000 689 2019 722 ι

445 766 716 839 ("iet-on.)
746 765 1037 819 Possumus
1069 763 1222 832 juxta
1256 762 1608 832 tropologiam
1637 761 1774 815 ﬁlios
1794 760 2024 816 Ammon

445 855 767 925 intelligere,
798 855 890 923 qui
937 855 1003 909 de
1055 853 1190 907 Loth
1227 853 1280 908 in
1333 852 1586 922 spelunca
1631 850 1872 922 generati
1900 859 2028 906 sunt

443 945 669 1006 semine,
693 952 748 998 et
780 943 1020 1013 generati
1058 942 1111 996 in
1161 943 1422 996 ebrietate
1470 950 1524 995 et
1563 942 1794 1006 incesto,
1833 933 2024 996 omnes

445 1035 752 1089 lia-reticos.
787 1035 861 1087 De
913 1033 1109 1102 quibus
1156 1033 1286 1087 dicit
1337 1041 1392 1087 et
1439 1031 1717 1101 apostolus
1748 1030 2022 1086 Joannes:

449 1147 468 1178 ι
501 1128 577 1182 Ex
614 1128 770 1181 nobis
805 1127 1074 1190 exierunt,
1107 1125 1201 1179 sed
1252 1140 1360 1180 non
1414 1125 1632 1178 fuerunt
1661 1139 1728 1178 ex
1765 1123 1936 1178 nobis.
1967 1121 2024 1176 Si

442 1219 587 1272 enim
620 1218 848 1272 fuissent
887 1232 952 1270 ex
1005 1216 1179 1279 uobis,
1233 1216 1660 1285 permansissent
1709 1214 1894 1283 utique
1931 1229 2027 1268 no—

443 1308 649 1364 biscum
683 1307 734 1379 (I
762 1307 923 1360 Joan.
952 1306 1034 1377 ιι).
1075 1327 1093 1358 ι
1126 1306 1220 1361 lsti
1265 1307 1329 1361 de
1361 1306 1710 1360 inclinatione
1743 1305 1848 1360 orti
1879 1314 2023 1370 sunt,

444 1400 548 1453 huc
573 1398 714 1453 enim
756 1397 860 1450 Lot
888 1397 940 1450 in
987 1396 1222 1467 linguam
1253 1403 1499 1450 nostram
1529 1395 1797 1449 vertitur:
1837 1413 1855 1444 ι
1890 1393 2027 1460 Quia

443 1504 633 1542 mnues
671 1487 1079 1541 declinaverunt
1118 1485 1296 1549 simul,
1324 1487 1542 1540 inutiles
1579 1485 1704 1539 facti
1741 1494 1889 1547 sunt,
1919 1499 2024 1538 non

441 1589 528 1634 est
553 1579 642 1649 qui
673 1579 833 1633 faciat
872 1581 1090 1640 bonum,
1123 1593 1227 1631 non
1257 1587 1341 1631 est
1367 1593 1536 1648 usque
1567 1578 1632 1632 ad
1662 1593 1825 1631 unum
1851 1575 2022 1647 (Ρεςιι.

2127 397 2328 453 Abdias
2355 399 2616 470 propheta
2655 407 2822 453 totam
2853 399 3189 468 prophetiam
3233 408 3427 454 contra
3459 399 3598 454 hanc
3623 399 3714 453 di-

2126 489 2255 559 rigit
2281 490 2578 555 nationem,
2608 490 2736 560 quia
2765 490 3124 560 primogenita
3150 489 3387 560 perdidit
3407 498 3462 545 et
3489 490 3558 544 ab
3577 489 3718 544 edu-

2125 577 2197 648 lio
2223 579 2446 634 sortitus
2469 578 2788 634 vocabulum
2835 588 2938 633 est.
2969 578 3110 632 Esau
3145 593 3358 648 quoque
3387 577 3594 634 factura
3621 579 3718 632 in-

2127 678 2474 740 terpretatur.
2508 669 2576 724 Et
2603 669 2706 724 hoc
2735 669 3035 731 sciendum,
3062 668 3206 739 quod
3235 666 3286 722 iu
3313 667 3543 723 Hebraeo
3567 685 3717 723 nun-

2125 775 2290 830 quam
2340 761 2609 816 scribatur
2655 759 2906 825 ldumzea,
2937 759 3030 816 sed
3069 775 3284 831 semper
3315 758 3506 826 Edom,
3549 777 3720 831 quem

2125 848 2410 904 ldumzeam
2439 849 2707 918 expressit
2734 847 2924 904 Graica
2951 849 3254 905 translatio.
3285 850 3724 921 Pratdiciturqne

2125 940 2389 1006 ldumaue,
2417 939 2558 1010 quod
2596 939 2734 995 ultra
2773 957 2882 996 non
2913 941 3008 996 ﬁat
3043 942 3312 1012 sapientia
3339 943 3392 996 in
3421 942 3722 1011 Themam,

2127 1047 2246 1101 qua:
2283 1031 2670 1102 interpretatur
2715 1032 2993 1097 deﬁciens,
3025 1032 3226 1103 ﬁatque
3266 1034 3472 1088 inutilis
3499 1035 3727 1104 sapien-

2128 1123 2200 1178 tia
2229 1137 2438 1187 eorum,
2464 1131 2724 1194 tergaque
2750 1133 2959 1178 vertent
2987 1125 3322 1181 habitatores
3353 1125 3570 1191 Dedan,
3600 1142 3726 1195 qua:

2127 1211 2375 1267 similiter
2395 1220 2480 1268 est
2510 1213 2642 1268 urbs
2679 1212 2945 1279 Idumam,
2978 1222 3034 1268 et
3085 1215 3474 1284 interpretatur
3513 1231 3731 1285 cogna-

2128 1305 2241 1373 tio,
2278 1305 2533 1375 quoniam
2571 1306 3011 1372 vindemiatores,
3055 1305 3106 1361 id
3149 1315 3233 1363 est
3273 1315 3604 1373 vastatores,
3635 1324 3730 1362 vc-

2127 1406 2342 1464 nerunt,
2367 1414 2529 1469 super
2553 1398 2862 1462 ldumteam,
2895 1399 2986 1470 qui
3033 1379 3164 1453 non.
3185 1398 3524 1470 reliquerunt
3561 1414 3726 1454 race-

2127 1505 2274 1544 mum
2306 1507 2320 1543 :
2353 1498 2409 1544 et
2450 1505 2558 1544 non
2591 1489 2774 1544 furtim
2821 1506 2888 1545 ex
2929 1500 3103 1560 parte,
3160 1491 3253 1546 sed
3281 1490 3462 1559 palam
3504 1505 3580 1545 ex
3614 1499 3730 1546 toto

2128 1589 2476 1635 vastaverunt
2523 1596 2663 1645 eam,
2722 1589 2778 1635 et
2827 1596 3011 1634 semen
3057 1579 3193 1652 ejus,
3250 1589 3306 1636 et
3351 1579 3560 1636 fratres
3585 1581 3725 1651 ejus.

443 1669 588 1741 aut).
611 1687 630 1720 ι
670 1670 972 1724 Adversum
1015 1668 1114 1722 hos
1159 1669 1402 1737 ponitur,
1436 1669 1550 1722 sive
1601 1666 1920 1721 obﬁrmatur
1948 1665 2028 1719 fa-
2054 1664 2102 1724 B
2135 1688 2153 1719 ι
2191 1667 2248 1723 Si
2279 1669 2715 1733 vindemiatores,
2738 1667 2933 1738 inquit,
2985 1668 3264 1724 venissent
3304 1685 3470 1739 super
3499 1677 3585 1732 te,
3623 1685 3728 1722 non

443 1762 555 1816 cies
601 1759 954 1830 prophetalis,
983 1768 1042 1813 ut
1073 1775 1168 1814 eos
1196 1775 1292 1814 sua
1323 1758 1642 1814 austeritate
1675 1764 1944 1821 conterat,
1975 1763 2030 1810 et

443 1853 574 1909 dicit
600 1853 720 1908 eis:
759 1851 894 1918 Quia
930 1850 1228 1906 insultastis
1285 1849 1539 1905 Ecclesia:
1595 1865 1728 1904 mea:
1789 1857 2030 1917 tempore

443 1945 858 2016 persecutionis,
893 1959 962 1998 eo
997 1941 1139 2013 quod
1178 1944 1513 1998 diversorum
1548 1943 1806 1998 vitiorum
1855 1943 2032 2012 pollu-

446 2042 560 2088 tum
609 2041 753 2089 esset
807 2033 1172 2088 sanctuarium
1231 2047 1410 2088 meum
1442 2050 1456 2086 :
1491 2031 1604 2090 sive
1628 2047 1818 2088 eorum
1875 2031 2028 2095 vitio,

392 2125 399 2134 ’
445 2129 540 2200 qui
596 2127 726 2182 mihi
775 2126 1105 2189 serviebant,
1150 2125 1264 2180 sive
1289 2124 1523 2179 hostium
1570 2123 1912 2189 crudelitate,
1939 2123 2032 2192 qui

449 2232 602 2272 meos
646 2215 1154 2286 persequebantur;
1185 2221 1387 2269 terram
1444 2227 1660 2282 quoque
1689 2211 1873 2277 Israel,
1909 2225 2034 2266 scn-

449 2323 544 2362 sus
570 2304 816 2360 videntes
842 2292 1029 2367 Deum,
1065 2318 1187 2358 esse
1217 2301 1514 2357 desolatam
1552 2301 1808 2354 virtutum
1844 2300 2029 2355 choro.

449 2396 519 2451 Et
558 2394 827 2464 quomodo
879 2393 971 2447 ﬁlii
1016 2393 1212 2448 domus
1237 2389 1393 2455 Juda,
1427 2391 1594 2445 Deum
1623 2389 1944 2456 conﬁtentis,
1979 2389 2034 2444 in

451 2501 556 2556 qua
588 2493 672 2538 est
713 2499 838 2538 vera
871 2483 1025 2547 ﬁdes,
1053 2491 1109 2536 et
1153 2490 1306 2538 recta
1336 2481 1625 2547 confessio,
1653 2483 1798 2538 ducti
1823 2491 1946 2538 sunt
1977 2482 2034 2539 in

452 2577 846 2647 captivitatem,
877 2584 930 2629 ct
958 2575 1164 2630 servire
1206 2575 1435 2630 Domino
1463 2575 1778 2640 desierunt;
1807 2575 2032 2640 idcirco,

451 2683 486 2722 ο
515 2667 690 2722 omnis
715 2665 1002 2731 insultans,
1036 2664 1268 2720 traderis
1290 2665 1413 2718 ﬁliis
1449 2664 1824 2728 orientalibus,
1845 2664 1939 2734 qui
1968 2664 2035 2718 de

451 2774 580 2814 vero
611 2757 811 2813 lumine
861 2764 986 2811 sunt
1014 2755 1263 2827 profecti,
1289 2763 1346 2810 et
1390 2755 1620 2810 traderis
1659 2753 2036 2810 in.ha:redita-

453 2861 606 2908 tem:
641 2859 700 2905 ut
737 2859 793 2906 tu
839 2865 1055 2921 quoque
1105 2849 1286 2904 discas
1333 2847 1618 2903 Dominum
1670 2844 1936 2902 conﬁteri.
1969 2845 2038 2900 Et

450 2959 550 3015 per
589 2941 994 2998 translationem
1021 2940 1241 3005 dicitur,
1287 2942 1428 3008 quod
1461 2937 1552 2992 filii
1573 2937 1800 2993 orientis
1837 2943 2037 3006 ponant

2131 1759 2477 1829 reliquissent
2511 1772 2784 1814 racemum
2817 1776 2830 1812 :
2864 1759 2906 1813 si
2941 1755 3088 1815 fures
3119 1757 3170 1813 in
3217 1769 3376 1815 nocte
3409 1761 3734 1830 rapuissent

2131 1851 2276 1922 quod
2321 1849 2592 1906 sufﬁceret
2627 1851 2748 1906 sibi.
2792 1849 2906 1922 Ego
2953 1865 3081 1906 vero
3133 1848 3476 1922 discooperui
3532 1851 3730 1907 Esau:

2133 1941 2365 2000 revelavi
2387 1942 2704 1998 abscondita
2738 1941 2872 2012 ejus,
2913 1950 2968 1996 et
3001 1941 3166 1998 celari
3202 1957 3309 1997 non
3355 1943 3587 2012 poterit.
3621 1941 3736 1997 Va-

2131 2043 2334 2089 statum
2359 2041 2444 2088 est
2467 2048 2652 2089 semen
2684 2031 2823 2100 ejus,
2850 2040 2904 2088 et
2927 2031 3124 2088 fratres
3145 2031 3284 2101 ejus,
3312 2042 3368 2087 et
3397 2033 3567 2088 vieini
3593 2033 3734 2103 ejus,

2133 2134 2188 2182 ct
2216 2142 2322 2182 non
2352 2125 2476 2180 erit.
2509 2143 2526 2176 ι
2563 2123 2716 2192 Quod
2743 2123 2872 2179 dicit
2898 2124 3001 2178 hoc
3045 2132 3130 2178 est
3157 2142 3169 2178 :
3207 2121 3267 2178 Si
3297 2123 3448 2179 fures
3475 2134 3534 2178 et
3567 2124 3740 2178 latro-

2133 2231 2256 2281 nes,
2305 2214 2398 2286 qui
2428 2223 2586 2270 nocte
2616 2215 2804 2268 domos
2845 2212 3113 2269 suffodere
3147 2221 3502 2278 consuerunt,
3543 2222 3609 2268 et
3651 2230 3740 2268 ra-

2133 2323 2262 2378 pere
2292 2322 2410 2376 qua:
2433 2306 2486 2360 in
2518 2306 2765 2361 domibus
2799 2313 2944 2370 sunt,
2975 2305 3290 2360 introissent
3321 2305 3388 2360 ad
3419 2314 3496 2370 te,
3527 2314 3595 2359 et
3618 2307 3744 2360 abs-

2134 2399 2335 2456 conditi
2394 2397 2635 2453 tenebris
2683 2397 3007 2452 circuissent
3063 2397 3254 2452 domus
3303 2404 3411 2451 ture
3466 2397 3729 2468 angulos,

2133 2489 2322 2559 utique
2351 2487 2454 2542 hoc
2484 2487 2754 2553 tulissent,
2783 2487 2928 2558 quod
2961 2487 3062 2542 sibi
3091 2487 3356 2557 putabant
3393 2502 3562 2557 posse
3589 2486 3739 2542 sudi-

2135 2589 2297 2632 cere:
2332 2583 2388 2630 et
2421 2575 2624 2646 aliquid
2677 2575 2730 2630 in
2767 2577 2992 2640 aedibus,
3027 2575 3112 2629 vel
3141 2591 3238 2646 per
3278 2577 3621 2630 satietatem.
3657 2578 3741 2632 vel

2133 2680 2232 2736 per
2266 2665 2623 2737 ignorantiam
2663 2665 3029 2736 reliquissent.
3065 2663 3123 2719 Si
3173 2665 3613 2720 vindemiatorcs
3661 2669 3740 2721 in-

2137 2759 2394 2815 troissent
2418 2759 2630 2813 vineam
2661 2765 2830 2822 tuam,
2853 2766 2909 2812 et
2939 2771 3056 2811 cam
3081 2756 3166 2810 vel
3193 2757 3466 2810 hostiliter
3487 2766 3738 2822 vastare,

2135 2850 2275 2906 vela
2305 2859 2355 2906 te
2380 2850 2631 2906 conducti
2679 2850 2953 2905 demetere
3001 2855 3282 2918 cuperent,
3323 2847 3587 2918 quamvis
3618 2849 3740 2903 dili-

2139 2959 2270 3015 gens
2300 2958 2487 2997 eorum
2517 2940 2709 2996 fuisset
2759 2941 3048 3003 vindemia,
3084 2950 3268 2994 tamen
3319 2954 3578 2994 racemos
3615 2941 3744 2994 viti-

452 3004 619 3106 super
657 3048 751 3088 eos
779 3031 962 3088 caulas
1012 3046 1158 3094 suas,
1191 3038 1246 3084 et
1278 3030 1446 3098 ﬁgant
1473 3029 1726 3092 tentoria.
1751 3035 1808 3082 el
1853 3027 2037 3104 bibant
2063 3004 2108 3066 C
2138 3004 2239 3086 bus
2273 3031 2519 3101 foliisque
2549 3031 2753 3086 celatos
2788 3031 2933 3084 inter
2952 3029 3202 3102 palmites
3235 3029 3618 3098 reliquissent,
3651 3032 3742 3085 sed

454 3123 561 3188 lac,
602 3132 659 3178 et
683 3121 969 3176 comedunt
997 3118 1214 3191 fruges:
1245 3127 1298 3172 et
1331 3119 1526 3173 civitas
1549 3117 1819 3186 quondam
1850 3129 2038 3184 super-

453 3213 555 3269 bia:
582 3212 674 3265 ﬁat
713 3212 765 3264 in
796 3207 1164 3264 habitaculum
1191 3207 1520 3262 camelorum
1542 3247 1556 3272 ,
1587 3206 1678 3275 qui
1714 3205 1924 3274 possint
1948 3205 2039 3258 de-

452 3301 632 3374 posito
653 3313 817 3353 onere
851 3304 1199 3366 peccatorum
1225 3295 1432 3349 intrare
1469 3309 1568 3364 per
1595 3293 1837 3349 foramen
1866 3309 1994 3348 acus
2021 3309 2035 3346 :

454 3399 510 3443 et
545 3389 598 3442 in
629 3386 804 3443 cubile
835 3400 1118 3456 pecorum,
1150 3397 1270 3454 qua:
1292 3392 1552 3453 reguntur
1577 3398 1608 3436 a
1634 3390 1850 3453 pastore
1877 3383 2034 3446 bono,

455 3491 515 3534 ut
551 3495 672 3533 cum
724 3479 826 3533 hoc
873 3475 1118 3542 fecerint,
1170 3474 1322 3530 misti
1368 3482 1424 3530 et
1455 3475 1638 3529 traditi
1665 3473 1904 3530 Orientis
1939 3490 2039 3544 pa-

453 3569 692 3624 storibus
749 3565 1068 3636 intelligant,
1119 3564 1264 3636 quod
1298 3563 1414 3634 ipse
1457 3563 1530 3619 sit
1575 3563 1852 3619 Dominus.
1888 3563 2041 3620 Unde

455 3659 652 3716 dicitur
678 3675 691 3712 :

531 3771 550 3804 ι
600 3751 662 3805 Et
691 3757 811 3820 post
859 3750 976 3804 haec
1031 3746 1228 3802 reverti
1286 3745 1482 3802 faciam
1532 3746 1775 3817 captivos
1806 3746 2040 3803 filiorum

459 3863 480 3898 ι
515 3843 764 3904 Ammon,
793 3841 870 3895 ait
894 3840 1173 3895 Dominus.
1214 3858 1230 3889 ι
1269 3837 1495 3910 (Maura)
1522 3838 1660 3905 Quia
1709 3849 1830 3909 post
1860 3854 2042 3894 rever.

455 3935 661 3991 sionem
725 3931 1104 3987 haereticorum
1162 3930 1230 3984 ab
1267 3945 1452 3984 errore
1482 3930 1550 3984 ad
1603 3928 1762 3984 ﬁdem
1810 3941 2039 3996 rectam,

455 4025 742 4096 captivitas
792 4024 874 4078 eis
923 4021 1248 4077 dissolvetur
1283 4029 1649 4090 peccatorum,
1688 4029 1742 4074 et
1773 4023 2040 4092 recipien-

459 4127 546 4172 tur
573 4118 625 4172 in
656 4126 858 4172 sancta:
908 4113 1188 4178 Ecclesiae,
1221 4113 1362 4168 unde
1398 4113 1664 4178 exierant,
1707 4117 2042 4169 communio-

458 4223 604 4264 nem.

531 4315 555 4349 ι
586 4295 666 4350 Ad
694 4295 982 4351 ldumaaam
1015 4312 1029 4348 :
1061 4292 1186 4348 liiec
1211 4291 1340 4348 dicit
1368 4291 1630 4348 Dominus
1660 4293 1996 4348 exercituum
2022 4311 2034 4346 :

463 4411 480 4441 ι
519 4388 768 4458 Nunquid
799 4403 904 4442 non
931 4395 1016 4442 est
1052 4385 1190 4440 ultra
1222 4384 1485 4456 sapientia
1533 4383 1586 4439 in
1611 4384 1873 4441 Themam
1895 4385 1919 4439 ?
1939 4383 2040 4440 Pe-

465 4497 482 4530 ι
522 4479 612 4533 riit
643 4478 932 4533 consilium
965 4492 995 4532 a
1018 4477 1142 4532 ﬁliis
1173 4495 1185 4530 :
1217 4476 1422 4533 inutilis
1477 4475 1618 4532 facta
1645 4485 1728 4532 est
1773 4477 2036 4548 sapientia

463 4589 482 4620 ι
522 4583 726 4622 eorum.
757 4567 950 4638 Fugite
997 4575 1054 4622 et
1083 4576 1230 4637 terga
1283 4567 1504 4634 vertite,
1535 4568 1844 4624 descendite
1869 4569 1921 4624 in
1945 4586 2040 4627 vo-

466 4679 481 4711 ι
520 4657 782 4729 raginem,
808 4655 1140 4712 habitatores
1154 4656 1334 4710 Dedan
1361 4674 1375 4710 :
1404 4659 1656 4727 quoniam
1684 4660 2038 4730 perditionem

462 4770 483 4804 ι
521 4749 660 4805 Esau
694 4747 890 4803 adduxi
919 4761 1082 4816 super
1107 4760 1250 4810 eum,
1283 4754 1494 4818 tempus
1547 4747 1870 4804 visitationis
1899 4749 2036 4821 ejus.

461 4859 484 4895 ι
518 4840 578 4898 Si
607 4839 1028 4895 vindemiatorcs
1057 4836 1333 4892 venissent
1355 4854 1518 4910 super
1541 4847 1611 4901 te,
1653 4855 1758 4894 non
1787 4840 2039 4910 reliquis-

462 4953 482 4986 ι
515 4941 638 4989 sent
665 4941 937 4987 racemum
967 4947 980 4984 :
1012 4929 1055 4984 si
1084 4924 1230 4984 fures
1265 4928 1319 4984 in
1348 4938 1504 4984 nocte
1549 4930 1856 5001 rapuissent
1896 4933 2038 5002 quod

463 5046 481 5078 ι
520 5024 790 5080 sufﬁceret
819 5023 942 5079 sibi.
975 5024 1086 5095 Ego
1114 5039 1242 5077 vero
1281 5023 1619 5092 discooperui
1668 5024 1848 5078 Esau:
1885 5040 2040 5080 reve-

462 5139 479 5170 ι
517 5118 620 5172 lavi
650 5117 964 5172 abscondita
995 5117 1113 5186 ejus
1145 5122 1201 5170 et
1245 5114 1410 5170 celari
1455 5129 1563 5169 non
1601 5116 1816 5185 poterit.
1851 5115 2041 5171 Vasta-

461 5228 481 5261 ι
520 5217 630 5263 tum
656 5217 740 5263 est
771 5223 954 5263 semen
979 5205 1118 5276 ejus,
1151 5215 1205 5260 ct
1231 5205 1428 5260 fratres
1465 5205 1604 5276 ejus,
1635 5213 1688 5261 et
1713 5205 1876 5260 vicini
1903 5205 2040 5276 ejus,

462 5318 479 5350 ι
514 5310 571 5354 et
623 5313 728 5352 non
780 5301 904 5354 erit.
953 5318 970 5350 ι
1005 5296 1278 5367 (Hieron)
1328 5296 1482 5365 Quod
1522 5297 1660 5352 Esau
1700 5307 1755 5353 et
1806 5297 1947 5362 Seir,
1989 5307 2044 5353 et

457 5376 628 5456 Edon,
659 5400 714 5446 et
765 5391 1022 5456 llumtea,
1073 5398 1130 5444 et
1154 5390 1324 5445 Duma
1352 5405 1457 5443 una
1505 5404 1640 5460 gens
1689 5388 2041 5459 appellentur,

455 5499 561 5538 non
592 5482 848 5556 ambiget.
888 5484 979 5554 qui
1003 5481 1286 5539 scientiam
1331 5481 1586 5538 habuerit
1612 5481 2040 5554 Scripturarum.

457 5572 523 5625 Et
548 5583 604 5626 ut
653 5573 719 5628 de
746 5575 954 5630 ueteris
1005 5573 1280 5643 prophetis
1313 5581 1544 5628 taceam.
1595 5572 1757 5640 lsaia,
1787 5572 2044 5643 Jcremia,

2138 3122 2318 3176 omnia
2345 3121 2546 3182 hostes,
2575 3121 2668 3190 qui
2717 3121 2784 3175 ad
2814 3128 2868 3174 te
2912 3119 3140 3174 Domino
3185 3117 3413 3189 jubcntc
3462 3130 3746 3174 venerunt

2139 3211 2433 3283 (signiﬁcat
2461 3219 2639 3265 autem
2665 3209 2990 3282 Babylonios
3031 3219 3084 3264 et
3109 3210 3405 3264 exercitum
3437 3207 3743 3266 Nabucho-

2140 3299 2417 3374 duuosor),
2438 3301 2937 3372 iuvestigaverunt:
2969 3307 3023 3353 et
3053 3299 3232 3354 omnia
3273 3307 3485 3354 secreta
3533 3308 3664 3364 tua,
3691 3307 3745 3353 et

2139 3407 2402 3446 cavernas
2431 3405 2494 3444 ac
2537 3388 2806 3444 foramina
2859 3389 3262 3460 speluncarum,
3302 3389 3356 3442 in
3403 3388 3618 3458 quibus
3651 3391 3745 3442 ha-

2139 3483 2301 3549 bitas,
2332 3483 2716 3538 lustraverunt.
2751 3481 2819 3535 Et
2849 3496 3057 3544 revera,
3089 3488 3148 3534 ut
3177 3480 3418 3536 dicamus
3443 3479 3667 3549 aliquid
3691 3488 3746 3534 et

2141 3575 2206 3632 de
2245 3583 2436 3628 natura
2477 3574 2602 3628 lori.
2636 3573 2824 3628 Omnis
2861 3572 3113 3626 australis
3165 3571 3314 3641 regio
3369 3571 3744 3626 ldumatomm

2141 3666 2206 3722 de
2237 3664 2600 3735 Eleuteropoli
2661 3679 2834 3736 usque
2881 3663 3094 3718 Petram
3141 3675 3198 3719 et
3227 3662 3435 3717 llialam
3471 3663 3622 3736 (haec
3662 3673 3746 3718 est

2141 3761 2284 3816 enim
2333 3761 2604 3832 possessio
2651 3758 2838 3829 Esau),
2876 3758 2928 3813 in
2959 3757 3226 3828 specubus
3267 3756 3742 3817 habitatiunculas

2142 3853 2346 3908 habet:
2381 3862 2435 3908 ct
2463 3860 2683 3922 propter
2709 3851 2906 3906 nimios
2940 3850 3150 3904 calores
3181 3849 3333 3912 solis,
3385 3847 3510 3917 quia
3562 3849 3744 3902 meri-

2143 3945 2299 3999 diana
2340 3945 2620 4014 provincia
2672 3953 2776 4003 est.
2837 3941 3205 3999 subterraneis
3255 3940 3486 4012 tuguriis
3531 3941 3742 3996 utitur.

2149 4055 2167 4087 ι
2218 4037 2584 4106 Discooperui,
2625 4057 2642 4088 ι
2673 4036 2868 4107 inquit,
2903 4035 2953 4089 id
3001 4044 3101 4094 est,
3133 4035 3277 4104 quod
3337 4041 3485 4086 terra
3515 4049 3746 4102 preme-

2142 4129 2300 4184 batur
2334 4129 2386 4183 in
2417 4129 2652 4182 medium
2681 4127 2900 4199 protuli,
2933 4135 2988 4181 et
3023 4135 3210 4195 aperta
3241 4133 3367 4178 sunt
3393 4123 3580 4178 omnia
3620 4140 3747 4194 qua:

2142 4217 2466 4272 claudebas:
2497 4218 2964 4286 substantiamque
3018 4225 3162 4269 tuam
3218 4229 3303 4267 mc
3353 4213 3563 4284 pariter
3615 4230 3744 4268 cum

2145 4307 2389 4363 hostibus
2415 4307 2783 4378 perquirente,
2813 4305 2953 4360 nulla
2978 4310 3266 4374 patuerunt
3293 4311 3503 4357 secreta
3529 4302 3742 4357 celare.

2142 4396 2357 4452 Aliter:
2391 4397 2538 4452 fures
2584 4405 2640 4453 et
2671 4396 2932 4462 latrones,
2978 4395 3068 4466 qui
3127 4393 3508 4464 ingrediuntur
3550 4402 3742 4458 nocte,

2145 4491 2270 4562 quia
2297 4489 2390 4544 ﬁlii
2427 4497 2552 4544 sunt
2576 4488 2751 4543 noctis
2777 4495 2832 4542 et
2859 4487 3225 4551 tenebrarum,
3259 4485 3548 4540 haereticos
3579 4494 3742 4553 puto,

2146 4579 2391 4636 veritatis
2437 4579 2687 4648 dogmata
2737 4595 2846 4634 non
2905 4577 3283 4648 praedicantes,
3339 4578 3431 4647 qui
3485 4576 3747 4630 furantur

2147 4671 2465 4728 sufﬁcientia
2517 4671 2616 4725 sibi
2647 4685 2661 4725 :
2691 4679 2746 4724 et
2796 4669 3142 4740 quotidiede
3170 4667 3427 4722 Ecclesiie
3479 4669 3744 4740 gregibus

2149 4780 2341 4834 rapere
2384 4763 2660 4818 festinant.
2715 4762 2808 4818 Isti
2862 4761 3229 4831 ingredientes
3265 4761 3477 4814 vincam
3519 4761 3744 4815 Domini

2148 4853 2319 4908 nostri
2347 4867 2506 4923 quam
2561 4853 2628 4906 de
2651 4851 2886 4922 Egypto
2925 4843 3084 4920 hujus
3135 4849 3313 4905 saeculi
3350 4850 3656 4915 transtulit,
3689 4857 3745 4902 et

2148 4947 2214 5001 de
2245 4943 2399 5012 cujus
2426 4943 2696 5015 genimine
2733 4943 2917 4998 viuum
2969 4957 3030 4998 se
3075 4957 3198 4998 esse
3237 4941 3536 4995 hibiturum
3563 4939 3622 4994 in
3658 4956 3748 4995 re-

2146 5049 2252 5104 gno
2280 5034 2450 5104 patris
2481 5033 2781 5102 pollicetur,
2815 5033 2890 5087 ita
2917 5033 3140 5102 cupiunt
3178 5033 3431 5086 universa
3459 5031 3744 5102 populari,

2149 5132 2210 5177 ut
2233 5123 2320 5176 vix
2353 5138 2626 5178 racemum
2677 5121 2987 5193 relinquant
3038 5122 3092 5177 in
3120 5137 3183 5178 ea
3215 5139 3228 5174 :
3267 5122 3362 5177 sed
3387 5135 3420 5176 e
3451 5121 3745 5176 contrario

2147 5213 2406 5270 Dominus
2435 5215 2581 5286 agit:
2605 5217 2784 5271 omnia
2812 5217 2954 5274 enim
2982 5223 3191 5272 secreta
3216 5230 3405 5270 eorum
3430 5224 3486 5268 et
3519 5213 3741 5270 occulta

2147 5306 2402 5377 mysteria
2450 5315 2507 5362 et
2531 5308 2962 5376 patriarcharum
3015 5307 3156 5363 Esau
3198 5306 3322 5376 (hos
3346 5307 3546 5378 quippe
3575 5304 3743 5360 inui-

2145 5395 2252 5469 ligo
2274 5398 2365 5467 qui
2420 5397 2578 5467 primi
2608 5398 2844 5454 haereses
2895 5397 3334 5468 adinvenerunt),
3389 5413 3488 5468 per
3513 5405 3744 5450 sanctos

2147 5503 2274 5542 suos
2304 5497 2360 5542 et
2389 5487 2787 5544 ecclesiasticos
2837 5488 2984 5543 viros
3041 5497 3203 5555 atque
3243 5487 3490 5541 doctores
3527 5483 3742 5554 profert

2148 5580 2201 5633 in
2228 5580 2459 5635 medium
2495 5599 2507 5634 :
2540 5589 2590 5634 et
2638 5581 2808 5650 prima
2839 5580 2982 5636 illius
3017 5581 3244 5634 victoria
3271 5589 3374 5644 est,
3407 5589 3580 5648 patere
3607 5593 3740 5647 qua:
