3970 6190
290 321 431 377 1129

284 539 401 594 tur,
434 548 453 580 ‹
490 527 762 597 quomodo
790 532 1163 596 perscrutatus
1195 532 1279 578 est
1304 523 1492 578 Esau?
1522 522 1869 594 Deprehensa

282 629 414 676 sunt
440 619 649 675 occulta
678 616 817 687 ejus.
854 637 872 669 ι
908 615 1039 671 Vide
1064 612 1396 671 Marcionem
1425 623 1481 670 et
1505 613 1864 673 Valentinum,

281 722 341 767 et
367 726 559 767 omnes
585 711 894 775 haereticos,
927 709 1198 780 quomodo
1221 708 1273 763 in
1298 708 1560 764 doctrinis
1581 706 1874 762 daemonio-

280 818 407 857 rum
445 801 805 856 cauteriatam
837 800 1102 854 habentes
1133 798 1523 853 conscientiam
1547 795 1875 866 applaudant

279 895 389 949 sibi
417 909 431 947 :
462 902 518 948 et
547 893 821 962 simplices
852 893 1065 947 animas
1099 891 1255 962 quasi
1302 889 1626 961 quibusdam
1675 888 1874 943 divinis

278 984 562 1054 mysteriis
590 982 867 1038 initiantes
915 981 1218 1051 composito
1271 993 1522 1035 sermone
1556 978 1869 1049 decipiant:

281 1077 380 1130 sed
408 1091 532 1130 cum
560 1075 777 1144 triginta
803 1089 1006 1139 :eonas,
1031 1082 1087 1128 et
1116 1073 1367 1136 decadas,
1396 1082 1454 1127 et
1497 1071 1792 1142 ogdoadas,
1820 1078 1876 1126 et

281 1166 649 1230 duodecadas,
712 1174 769 1219 et
823 1164 1089 1235 duplicem
1158 1163 1330 1219 Deum
1390 1173 1446 1218 et
1501 1170 1873 1233 portentorum

280 1258 519 1312 abraan
545 1258 601 1312 in
631 1257 866 1312 medium
911 1272 1093 1312 sermo
1121 1255 1427 1326 protulerit,
1481 1264 1608 1309 tunc
1634 1254 1874 1324 pruden-

283 1360 362 1405 tia
412 1350 553 1404 Esau
603 1350 831 1404 stultitia
864 1350 1291 1404 demonstratur.
1344 1347 1655 1402 Secundum
1693 1355 1877 1415 tropo-

282 1441 482 1510 logiam
541 1440 631 1495 hic
682 1440 813 1495 mihi
866 1455 1059 1494 sensus
1100 1437 1608 1493 videturzldumzna
1659 1446 1874 1491 terrena

281 1532 588 1603 appellatur
636 1542 691 1588 et
718 1548 940 1597 carnea,
991 1547 1111 1603 qua:
1157 1530 1439 1601 consurgit
1486 1540 1678 1586 contra
1715 1529 1874 1600 spiri-

284 1634 421 1689 tum,
451 1632 511 1677 ut
543 1639 648 1677 non
682 1622 945 1679 faciamus
983 1639 1047 1678 ea
1099 1638 1219 1693 qua:
1247 1622 1475 1692 spiritus
1497 1630 1645 1687 sunt,
1675 1630 1730 1676 et
1753 1620 1873 1675 ani-

282 1731 427 1767 mam
460 1714 512 1768 in
551 1714 847 1768 meditullio
876 1715 1106 1783 positam
1160 1714 1226 1769 ad
1276 1729 1335 1769 se
1385 1715 1601 1768 trahere
1630 1711 1873 1778 festinat,

285 1803 507 1870 vultque
555 1801 783 1856 ultiones
821 1802 1069 1868 reddere,
1108 1803 1303 1872 quibus
1330 1802 1482 1872 prius
1508 1802 1721 1857 subdita
1751 1809 1871 1856 erat

285 1893 414 1947 ﬁliis
440 1891 576 1947 Juda
603 1911 616 1946 :
649 1902 703 1947 et
743 1894 1061 1948 recordatur
1095 1893 1297 1948 doloris
1326 1893 1559 1963 antiqui,
1590 1893 1732 1962 quod
1761 1908 1867 1947 non

283 1985 502 2055 proprie
530 1985 693 2041 fuerit
726 1987 1008 2055 potestatis
1039 2002 1052 2040 :
1090 1994 1145 2041 et
1173 1986 1293 2041 ideo
1345 1985 1639 2041 vindictam
1666 1985 1870 2055 expetit

287 2077 356 2130 de
376 2076 475 2141 eis,
507 2077 597 2147 qui
646 2077 959 2131 recedentes
991 2091 1021 2130 a
1063 2090 1228 2131 carne
1275 2075 1522 2144 spiritum
1572 2075 1870 2143 sequeban-

287 2176 393 2222 tur.
423 2169 715 2239 Propterea
764 2170 877 2238 ipse
929 2168 1208 2232 Dominus,
1259 2166 1487 2221 filiorum
1538 2164 1674 2220 Juda
1727 2166 1871 2220 ultor

283 2264 546 2328 existens,
578 2263 815 2317 extendit
875 2277 1091 2315 manum
1129 2276 1290 2330 super
1331 2259 1617 2313 Idumteam
1647 2276 1660 2311 :
1691 2266 1745 2313 et
1773 2274 1871 2312 au-

287 2356 397 2410 fert
450 2355 744 2410 secundum
798 2353 1099 2408 Ezechielis
1141 2352 1479 2422 prophetiam
1510 2351 1576 2405 dc
1595 2366 1659 2404 ea
1695 2349 1869 2404 homi-

286 2462 412 2500 nem
439 2455 495 2500 et
519 2444 846 2513 iumentum,
885 2442 1141 2512 quidquid
1169 2441 1253 2496 vel
1282 2441 1504 2495 rationis
1532 2441 1744 2495 videtur
1772 2440 1868 2494 ha-

286 2538 439 2599 bere,
471 2536 552 2592 vel
578 2535 837 2605 simplicis
860 2535 1005 2600 fidei,
1034 2543 1092 2587 ut
1125 2548 1244 2588 eam
1297 2532 1505 2602 redigat
1540 2532 1593 2585 in
1623 2530 1868 2587 solitudi-

284 2641 410 2680 nem
446 2644 458 2679 :
507 2633 562 2679 et
591 2625 656 2679 de
683 2624 946 2687 Thcman,
1003 2638 1123 2692 qua:
1154 2623 1541 2692 interpretatur
1585 2620 1863 2685 deﬁciens,

285 2726 343 2771 et
371 2715 577 2779 Dedan,
621 2729 741 2784 quae
766 2720 820 2767 et
863 2713 977 2783 ipsa
1026 2713 1405 2783 cognationem
1439 2719 1616 2766 sonat.
1663 2709 1866 2765 Omnes

285 2807 464 2877 gladio
491 2804 781 2870 interfecit,
841 2819 1001 2874 quem
1032 2804 1211 2872 posuit
1237 2802 1292 2856 in
1346 2817 1507 2855 manu
1556 2800 1736 2870 populi
1781 2800 1864 2871 sui

285 2897 475 2960 Israel,
505 2903 563 2950 ut
585 2893 933 2949 subvertatur
962 2894 1151 2958 Edoni,
1181 2900 1237 2948 et
1262 2892 1395 2946 iram
1430 2890 1629 2946 sentiat
1657 2889 1865 2945 Domini

286 3003 353 3043 ac
379 2987 617 3042 furorem
645 3004 658 3040 :
682 2995 738 3041 et
768 2985 1033 3055 intelligat
1064 2983 1357 3038 vindictam
1386 2980 1502 3051 ejus
1521 2979 1588 3034 ad
1616 2980 1719 3033 hoc
1738 2993 1865 3049 pro-

288 3079 500 3143 fecisse,
537 3087 597 3133 ut
632 3078 836 3133 serviat
870 3075 1048 3131 domui
1087 3073 1259 3130 Judre.
1293 3072 1407 3128 Hoc
1460 3082 1564 3137 est,
1618 3069 1752 3126 illud
1800 3071 1866 3126 de

288 3185 396 3238 quo
416 3177 471 3224 et
486 3138 785 3239 'Apostolus
819 3167 1060 3238 disputat
1093 3165 1336 3221 scribens
1363 3180 1377 3217 :
1408 3182 1427 3214 ι
1465 3161 1632 3219 Jacob
1659 3161 1819 3218 dilexi
1845 3180 1861 3218 :
1892 3138 1937 3201 (ἶ

290 3261 433 3317 Esau
482 3268 660 3316 autem
711 3259 835 3314 odio
878 3257 1041 3313 habui
1086 3255 1259 3329 (Rom.
1290 3255 1391 3326 ix).
1426 3274 1444 3307 ι
1477 3253 1865 3325 Diligitautem

284 3351 476 3417 Iacob,
516 3350 642 3420 quia
681 3365 938 3405 carneum
966 3356 1127 3417 atque
1161 3356 1432 3401 terrenum
1484 3344 1790 3416 supplantat
1811 3353 1868 3401 et

280 3449 525 3512 superat,
574 3452 631 3496 et
680 3438 1083 3494 benedictiones
1126 3437 1270 3491 illius
1313 3445 1554 3491 meretur
1599 3436 1862 3506 accipere.

286 3533 529 3587 Primum
552 3532 693 3586 enim
714 3528 867 3599 juxta
891 3542 1111 3585 carnem
1144 3535 1199 3583 et
1226 3534 1411 3598 postea
1428 3525 1583 3596 juxta
1618 3527 1865 3598 spiritum

286 3622 518 3676 vivimus
554 3638 565 3674 :
597 3628 721 3674 ante
753 3619 900 3685 vitia,
947 3616 1141 3672 deinde
1191 3616 1444 3682 virtutes,
1495 3616 1689 3686 quibus
1738 3616 1866 3670 vitia

285 3712 643 3775 subruuntur,
693 3709 818 3779 quia
868 3707 1171 3779 appositum
1217 3721 1313 3762 cor
1356 3707 1591 3762 hominis
1620 3707 1687 3761 ad
1716 3705 1870 3761 mali-

288 3801 419 3856 tiam
453 3817 484 3855 a
534 3800 782 3871 pueritia,
816 3811 1136 3870 erroresque
1191 3798 1570 3854 adolescentia:
1598 3807 1729 3852 satas
1754 3812 1869 3851 ma-

286 3903 408 3948 tura
445 3902 773 3949 contemnat.
830 3893 983 3949 Unde
1018 3902 1073 3949 et
1110 3892 1318 3947 David:
1357 3912 1375 3943 ι
1411 3890 1640 3957 Delicta,
1672 3892 1865 3962 inquit,

279 3982 586 4052 juventutis
636 3984 968 4054 ignorantias
1016 3998 1167 4038 meas
1213 3997 1281 4036 ne
1330 3981 1642 4035 memineris
1691 3978 1865 4052 (Psal.

287 4072 469 4144 xvnt).
522 4093 541 4126 ι
591 4073 657 4128 Εῑ
700 4082 879 4128 tamen
934 4073 1234 4137 sciendum,
1265 4072 1409 4143 quod
1436 4067 1603 4127 Iacob
1639 4071 1868 4141 primam

287 4166 502 4236 accepit
552 4166 1009 4227 benedictionem,
1042 4165 1183 4220 Esau
1224 4163 1515 4219 secundam
1554 4170 1649 4217 :et
1670 4161 1736 4216 ad
1771 4176 1865 4218 ex-

288 4267 527 4313 tremum
581 4257 778 4311 dicitur
822 4258 889 4312 de
924 4272 991 4312 eo
1030 4271 1044 4310 :
1078 4276 1097 4308 ι
1151 4256 1353 4311 Servus
1404 4255 1513 4310 eris
1564 4253 1747 4308 fratris
1792 4254 1865 4307 tui

289 4348 450 4421 (Gen.
491 4346 684 4421 xxvn),
723 4368 743 4401 ι
790 4355 845 4403 et
877 4355 1162 4417 postquam
1194 4345 1403 4417 spiritui
1452 4359 1581 4400 caro
1624 4342 1867 4413 subjecta

287 4442 476 4505 fuerit,
528 4440 711 4511 illique
747 4438 1030 4509 conjuncta
1066 4453 1194 4493 caro
1221 4452 1340 4493 esse
1366 4436 1592 4492 desistat
1621 4454 1636 4491 :
1668 4444 1723 4491 et
1745 4436 1867 4492 Idu-

287 4549 428 4588 maea
467 4541 711 4588 transeat
737 4534 791 4587 in
822 4532 1080 4586 Jndzeam.

365 4642 386 4674 ι
424 4623 686 4693 Relinque
733 4623 962 4694 pupillos
1005 4631 1145 4685 tuos,
1177 4636 1275 4690 ego
1300 4635 1393 4673 eos
1422 4617 1614 4673 faciam
1639 4618 1822 4675 vivere
1848 4633 1865 4674 :

288 4733 307 4766 ‹
364 4722 421 4768 et
446 4714 617 4769 vidua:
647 4725 751 4768 tua:
802 4714 856 4767 in
892 4727 978 4766 me
1030 4710 1375 4780 sperabunt.»
1408 4707 1634 4780 (MAUR.)
1664 4706 1864 4762 Vidua-

284 4820 412 4860 rum
439 4815 493 4861 et
529 4808 895 4877 orphanorum
923 4812 1077 4875 pater
1123 4801 1387 4872 promittit
1425 4802 1476 4854 in
1506 4818 1565 4856 se
1600 4800 1866 4871 speranti-

281 4899 392 4953 bus
432 4898 600 4953 vitam
645 4897 914 4960 daturum,
965 4904 1023 4950 ut
1063 4895 1313 4950 ostendat
1336 4909 1394 4947 se
1423 4894 1594 4963 ipsum
1627 4907 1765 4960 esse,
1800 4894 1867 4948 ad

282 5003 451 5059 quem
496 4988 757 5058 propheta
796 4986 908 5042 ait:
948 5004 967 5037 ‹
1016 4984 1154 5049 Tibi,
1188 4984 1434 5048 Domine,
1474 4983 1762 5039 derelictus
1783 4992 1869 5039 est

282 5094 516 5148 pauper,
562 5078 763 5149 pupillo
806 5086 860 5130 tu
891 5077 1000 5129 eris
1040 5074 1253 5142 adjutor
1283 5072 1453 5144 (Psal.
1487 5074 1583 5145 Ix).
1621 5094 1638 5125 ι
1672 5074 1739 5129 Et
1774 5074 1863 5144 qui

282 5169 399 5221 alio
446 5168 566 5221 loco
602 5169 778 5237 inquit
810 5184 823 5220 :
859 5185 877 5217 ι
924 5165 1150 5219 Viduam
1202 5162 1317 5231 ejus
1358 5163 1681 5218 benedicens
1706 5164 1867 5217 bene-

280 5261 488 5323 dicam,
505 5273 769 5329 pauperes
783 5258 897 5328 ejus
914 5255 1171 5310 saturabo
1188 5250 1599 5324 panibus(l’sal.
1616 5254 1819 5325 cxxxr).
1841 5272 1859 5304 ι

278 5350 590 5405 Interfectis
637 5365 767 5421 ergo
823 5347 1149 5403 adversariis
1208 5344 1324 5407 Dei,
1368 5343 1551 5413 pupilli
1586 5359 1773 5399 eorum
1806 5353 1867 5399 et

274 5440 463 5494 vidua:
516 5440 812 5504 salvantur,
868 5438 991 5507 quia
1041 5436 1220 5489 anima
1285 5441 1612 5504 sequestrata
1663 5448 1694 5486 a
1736 5434 1864 5487 luxu

278 5530 474 5586 mundi
509 5540 672 5601 atque
707 5529 950 5586 saeculari
991 5527 1424 5592 conversatione,
1454 5525 1498 5582 si
1527 5539 1585 5580 se
1612 5533 1775 5581 totam
1800 5527 1866 5582 ad

276 5622 458 5677 Deum
503 5620 846 5683 converterit,
881 5628 935 5674 et
963 5619 1017 5673 in
1066 5617 1182 5687 ejus
1228 5616 1474 5673 bonitate
1528 5615 1863 5683 speraverit,

271 5720 448 5768 vitam
479 5720 734 5766 aatcruam
761 5708 998 5765 habebit.

606 5806 878 5865 Parant.
925 5801 1091 5865 CXI.

1182 314 1549 374 EXPOSITIO
1587 315 1815 373 SUPEII
1851 314 2216 372 JEREMIAM.
2260 344 2327 355 —
2365 315 2492 371 LIB.
2535 315 2643 372 XV.

284 437 608 508 tegebantur
648 433 879 491 occulta.
914 432 1066 490 Unde
1112 441 1318 487 etcum
1359 430 1717 486 admiratione
1746 430 1876 485 dici-
1903 435 1952 493 Α

1891 4487 1945 4547 D

3412 325 3546 381 ιιτο

2055 447 2074 479 v
2111 428 2247 494 Quia
2273 429 2388 485 haec
2414 430 2546 484 dicit
2581 429 2840 486 Dominus
2868 448 2881 484 ι
2915 430 3053 487 Ecce
3079 434 3273 502 quibus
3304 452 3410 491 non
3436 449 3555 495 erat

1980 540 1998 572 ι
2029 521 2310 592 judicium,
2345 530 2405 575 ut
2445 520 2692 578 biberent
2716 523 2956 585 calicem,
2989 524 3235 583 bibentes
3261 529 3465 598 bibent,
3500 543 3555 587 et

1981 631 1997 663 ι
2038 621 2089 666 ιιι
2117 613 2271 682 quasi
2312 613 2569 667 innocens
2602 614 2920 684 relinqueris
2940 617 2965 669 ἲ
2990 614 3104 671 Non
3136 617 3245 673 eris
3268 619 3551 689 innocens,

1980 724 1999 756 ι
2034 706 2126 761 sed
2151 706 2339 761 bibens
2360 705 2530 761 bibes.
2560 705 2691 773 Quia
2719 723 2815 777 per
2845 708 3219 780 memetipsum
3242 709 3443 781 juravi,
3472 713 3555 767 di-

1979 816 1996 844 ι
2033 798 2105 851 cit
2146 797 2426 862 Dominus,
2479 799 2620 867 quod
2674 799 2728 853 in
2778 799 3143 868 solitudinem,
3193 803 3328 857 etin
3352 818 3556 874 oppro—
3601 792 3615 862 ἰ

1980 910 1999 943 ‹
2038 893 2238 957 brium,
2266 877 2269 881 7
2293 900 2350 946 et
2378 892 2428 945 in
2473 891 2767 955 desertum,
2805 901 2861 947 et
2910 892 2965 946 in
2996 892 3427 948 maledictionem
3454 894 3560 949 erit

1980 1003 1999 1034 ι
2023 983 2204 1037 ’Βοὸτέι
2234 1001 2248 1037 :
2280 991 2336 1038 et
2358 997 2547 1039 omnes
2576 983 2822 1038 civitates
2847 982 2964 1051 ejus
3001 991 3160 1038 erunt
3207 984 3260 1039 in
3312 985 3558 1040 solitudi-

1982 1093 1999 1125 ί
2037 1089 2133 1128 ncs
2159 1074 2535 1142 sempiternas.
2572 1090 2590 1124 ι
2628 1071 2684 1127 Si
2719 1072 2807 1126 vix
2854 1072 3032 1142 justus
3061 1072 3375 1139 salvabitur,
3403 1073 3555 1144 impii

1974 1175 2029 1221 et
2053 1173 2364 1236 peccatores
2397 1165 2485 1221 ubi
2543 1165 2918 1236 apparebunt?
2953 1165 3006 1237 (Ι
3034 1165 3150 1220 Pet.
3186 1167 3283 1237 IV.)
3324 1168 3389 1222 Et
3412 1168 3455 1223 si
3489 1167 3555 1221 fi—

1973 1255 2102 1311 lium
2128 1265 2283 1327 pater
2311 1254 2543 1325 ﬂagellat
2569 1273 2582 1309 :
2610 1270 2800 1310 servus
2839 1270 3071 1325 nequam
3100 1256 3227 1326 quid
3274 1259 3555 1312 meretur?

1976 1346 2197 1403 Frustra
2216 1363 2343 1419 ergo
2357 1347 2586 1402 Idumxea
2605 1332 2858 1417 speraba’t
2879 1349 3141 1418 impunite
3168 1365 3225 1405 se
3251 1365 3408 1420 posse
3429 1367 3557 1420 pec-

1975 1451 2117 1501 care,
2132 1452 2253 1491 eum
2278 1437 2486 1491 videret
2508 1435 2748 1491 Judazam
2764 1436 3049 1492 Dominum
3069 1455 3164 1509 pro
3184 1441 3421 1509 peccatis
3444 1441 3559 1497 suis

1974 1528 2029 1582 in
2058 1529 2294 1583 hostium
2321 1544 2513 1583 manus
2535 1528 2600 1583 ad
2623 1529 3025 1600 corripiendum
3057 1532 3359 1589 tradidisse.
3389 1533 3554 1589 Bosra

1974 1638 2103 1696 ergo
2136 1624 2329 1681 civitas
2363 1640 2470 1679 non
2502 1633 2586 1679 est
2635 1624 2688 1679 in
2735 1624 2923 1691 Edom,
2964 1625 3058 1680 sed
3093 1625 3145 1679 in
3177 1624 3356 1690 Moab,
3392 1636 3445 1683 et
3477 1628 3558 1681 in-

1977 1725 2304 1789 terpretatur
2329 1716 2485 1772 ﬁrma
2513 1724 2675 1787 atque
2706 1718 2908 1772 munita
2934 1735 2946 1771 :
2979 1718 3073 1773 sed
3099 1727 3278 1773 tamen
3302 1721 3429 1790 quia
3451 1721 3557 1776 D0-

1898 1787 1945 1847 B
1973 1787 2105 1862 mini
2128 1807 2334 1877 judicio
2358 1808 2687 1863 devastanda
2711 1816 2849 1875 erat,
2868 1808 3021 1879 quasi
3053 1809 3267 1864 infirma
3297 1787 3453 1880 capta
3473 1822 3558 1866 est

1970 1907 2023 1952 et
2062 1899 2336 1979 destituta.
2372 1897 2641 1972 (Πὶεγοη.)
2670 1898 2838 1956 Nosse
2867 1901 3125 1956 debemus
3152 1903 3446 1957 secundum
3474 1903 3553 1959 lc-

1970 2006 2066 2062 ges
2096 1990 2428 2062 trepologim,
2461 1999 2554 2044 aut
2592 2000 2780 2046 contra
2817 1990 3030 2046 Judmos
3059 1991 3259 2047 factum
3293 2008 3414 2049 esse
3441 2010 3531 2050 ser

1971 2095 2202 2143 mouem,
2237 2081 2329 2150 qui
2359 2088 2484 2135 sunt
2508 2079 2682 2135 aemuli
2736 2080 3078 2146 Christianis,
3115 2090 3169 2136 et
3214 2098 3555 2154 persequun-

1972 2179 2060 2223 tur
2107 2168 2332 2224 fratrem
2364 2185 2517 2224 suum
2555 2169 2721 2225 Jacob
2763 2170 3018 2241 populum
3069 2171 3552 2242 supplantatorem,

1969 2260 2061 2329 qui
2089 2259 2192 2315 illis
2218 2260 2579 2332 primogenita
2624 2262 2900 2333 praeripuit
2931 2280 2945 2316 :
2980 2273 3074 2317 aut
3099 2272 3248 2320 certe
3292 2266 3554 2322 adversus

1968 2364 2158 2405 omnes
2185 2351 2438 2417 lmreses,
2484 2359 2539 2407 et
2568 2353 2842 2408 contraria
2869 2354 3139 2425 dogmata,
3167 2370 3288 2425 quae
3306 2355 3557 2411 videntur

1968 2437 2185 2507 quidem
2235 2438 2391 2493 nobis
2450 2454 2572 2495 esse
2625 2440 2826 2505 vicina,
2882 2442 2974 2496 sed
3021 2443 3193 2513 magis
3244 2444 3556 2500 adversaria

1968 2534 2117 2590 sunt,
2139 2535 2199 2581 et
2226 2527 2291 2581 de
2313 2536 2538 2596 paterna
2575 2529 2892 2585 haereditate
2918 2531 3216 2601 simplicem
3245 2541 3301 2588 et
3337 2534 3550 2590 habita-

1968 2622 2140 2670 torem
2170 2616 2365 2671 domus
2391 2615 2556 2673 Jacob
2578 2619 2823 2674 nituntur
2846 2621 3133 2691 expellere.
3162 2620 3389 2694 Propter
3410 2628 3552 2695 quod

1969 2704 2204 2760 ldumzea
2237 2713 2291 2760 et
2323 2716 2538 2761 terrena
2574 2707 2961 2779 interpretatur
2988 2719 3044 2767 et
3065 2721 3290 2782 pr0pter
3318 2714 3553 2769 colorem

1965 2796 2192 2850 rubrum
2248 2806 2471 2852 cruenta
2535 2812 2749 2867 quoque
2802 2799 3025 2870 intelligi
3085 2808 3282 2870 potest.
3349 2803 3555 2859 Idcirco

1967 2884 2217 2941 Salvator
2253 2895 2479 2957 portans
2525 2890 2593 2944 ad
2638 2888 2853 2944 Patrem
2885 2891 2951 2946 de
2995 2892 3194 2947 mundo
3244 2893 3549 2957 victoriam,

1964 2977 2180 3045 quando
2203 2978 2375 3049 angeli
2400 2977 2815 3035 conclamabant
2842 2994 2856 3033 :
2882 2980 3101 3051 Aperite
3128 2986 3556 3054 portas,princi-

1966 3083 2082 3138 pes,
2111 3077 2338 3135 vestras,
2370 3080 2425 3125 et
2452 3070 2696 3126 introibit
2748 3086 2848 3126 rex
2898 3072 3081 3143 gloriae
3108 3071 3280 3141 (Psal.
3310 3074 3491 3147 χχιιι).
3528 3098 3547 3129 ι

1970 3159 2039 3214 Ει
2063 3160 2116 3214 in
2147 3159 2284 3215 Isaia
2313 3170 2605 3231 stupentes,
2650 3161 3054 3234 interrogabant
3080 3182 3094 3219 :
3131 3182 3151 3216 ί
3186 3163 3318 3233 Quis
3342 3175 3423 3221 est
3450 3167 3552 3222 iste

1970 3252 2060 3320 qui
2089 3251 2325 3307 ascendit
2353 3251 2418 3308 de
2457 3252 2627 3307 Edom
2680 3252 2879 3308 fulvida
2928 3262 3077 3310 veste
3121 3254 3188 3310 de
3237 3256 3424 3319 Bosor,
3478 3259 3558 3313 sic

1969 3342 2238 3398 formosus
2260 3342 2311 3396 in
2331 3342 2466 3398 stola
2486 3342 2756 3398 candida?
2779 3343 2912 3415 (Isa.
2945 3345 3123 3417 uni),
3148 3365 3166 3398 ι
3200 3353 3256 3400 et
3282 3348 3349 3403 ad
3374 3347 3551 3418 ipsum

1969 3435 2213 3490 cominus
2265 3434 2669 3506 loquebantur:
2711 3454 2730 3487 ‹
2768 3435 2949 3503 Quare
3001 3438 3229 3493 rubrum
3281 3449 3366 3495 est
3395 3440 3553 3495 indu-

1968 3537 2208 3581 mentum
2233 3533 2409 3591 tuum,
2437 3535 2491 3581 et
2525 3526 2845 3582 vestimenta
2898 3535 2989 3583 tua
3044 3530 3185 3585 sicut
3229 3531 3553 3587 caleautium

1971 3617 2023 3672 in
2053 3618 2353 3673 toreulari?
2393 3638 2410 3669 ι
2439 3618 2559 3688 Ipse
2583 3618 2823 3688 loquitur
2851 3620 2904 3675 in
2942 3621 3238 3694 triumpho,
3277 3639 3555 3694 exponens

1971 3708 2176 3777 palmas
2204 3708 2383 3763 crucis
2409 3724 2520 3763 suae
2546 3727 2559 3763 :
2606 3727 2626 3760 ι
2661 3709 2924 3765 Torcular
2970 3711 3173 3767 calcavi
3210 3714 3374 3774 solus,
3405 3724 3461 3768 et
3490 3716 3557 3770 de

1969 3798 2223 3868 gentibus
2249 3798 2333 3851 vir
2372 3812 2478 3852 non
2525 3806 2611 3855 est
2655 3815 2891 3855 mecum.
2931 3821 2951 3854 ι
2983 3799 3123 3856 Sunt
3147 3803 3238 3872 qui
3265 3803 3554 3859 [dammam

1970 3888 2037 3942 ad
2068 3903 2286 3944 carnem
2319 3887 2580 3955 referant,
2613 3897 2670 3945 et
2694 3891 2955 3946 adversus
2993 3891 3135 3947 illius
3177 3909 3410 3964 pugnam
3439 3895 3557 3949 ani-

1971 3993 2112 4032 mam
2164 3979 2440 4047 mstiment
2490 3982 2813 4050 provocari:
2849 3991 2909 4037 ut
2943 3983 3334 4041 mortificantes
3383 4001 3553 4040 mem-

1968 4067 2066 4122 bra
2097 4076 2281 4123 nostra
2313 4084 2476 4138 super
2512 4079 2738 4138 terram,
2796 4071 3232 4139 fornicationem,
3261 4076 3551 4133 immundi-

1970 4160 2124 4225 tiam,
2187 4160 2514 4231 passionem,
2563 4171 2829 4219 aeternam
2890 4163 2947 4219 in
2998 4164 3218 4221 Christo
3270 4168 3552 4224 victoriam

1970 4266 2385 4321 consequamur.

2046 4361 2064 4392 ι
2102 4342 2358 4399 Auditum
2388 4344 2567 4400 audivi
2597 4361 2626 4399 a
2653 4344 2903 4412 Domino,
2948 4354 3007 4402 et
3042 4345 3252 4417 legatus
3278 4347 3344 4402 ad
3366 4356 3553 4418 gentes

1976 4455 1994 4486 ‹
2032 4438 2232 4491 missus
2276 4445 2379 4492 est.
2428 4436 2841 4509 Congregamini
2893 4446 2949 4492 et
2997 4439 3177 4494 venite
3234 4440 3302 4494 ad
3333 4455 3471 4504 eam,
3501 4450 3552 4495 et

1975 4543 1994 4575 ι
2033 4540 2424 4596 consurgamus
2481 4527 2535 4581 in
2588 4527 2850 4597 praelium.
2908 4548 2926 4580 ι
2979 4528 3208 4603 (Maura)
3257 4530 3546 4587 Sciendum

1969 4630 2099 4670 vero
2144 4617 2286 4685 quod
2314 4616 2428 4672 hare
2456 4618 2723 4673 sententia
2752 4617 3002 4675 Ieremize
3025 4636 3162 4691 pene
3203 4622 3402 4678 eisdem
3434 4640 3553 4678 ver-

1968 4704 2054 4760 bis
2092 4705 2144 4760 in
2179 4706 2351 4762 Abdia
2380 4709 2638 4778 propheta
2685 4709 3013 4776 continetur,
3065 4711 3207 4766 sicut
3234 4721 3289 4766 et
3316 4713 3546 4783 plurima

1968 4796 2131 4850 verba
2156 4796 2310 4852 istius
2333 4799 2547 4868 capituli
2577 4797 2823 4854 Jeremiae
2844 4805 3181 4858 concordant
3224 4804 3411 4859 Abdiuc
3434 4821 3517 4860 ser
3535 4833 3549 4846 -

1970 4887 2237 4942 monibus.
2269 4886 2385 4943 Jam
2435 4905 2595 4961 supra
2649 4892 2884 4947 diximus
2908 4895 3158 4950 eumdem
3205 4910 3325 4950 esse
3352 4896 3545 4961 Edom,

1972 4995 2134 5050 quam
2165 4991 2220 5036 et
2248 4983 2535 5039 ldumaeam
2565 5002 2578 5038 :
2621 4986 2746 5056 quia
2769 4987 2823 5041 in
2854 4987 3116 5043 Hebraico
3138 4989 3269 5058 ipse,
3295 4989 3387 5058 qui
3416 5005 3550 5044 con-

1974 5073 2129 5139 didit,
2163 5075 2213 5128 in
2237 5073 2425 5129 (ἔντηρο
2460 5077 2610 5141 urbs,
2637 5092 2757 5146 qua:
2790 5078 2860 5133 sit
2902 5079 2970 5132 ab
2998 5093 3064 5133 eo
3111 5079 3345 5143 condita,
3376 5081 3550 5136 nomi-

1974 5173 2151 5219 natur.
2194 5167 2410 5220 Audivit
2438 5183 2568 5239 ergo
2595 5168 2880 5234 Jeremias,
2929 5170 3013 5224 vel
3058 5168 3280 5231 Abdias,
3312 5170 3398 5227 vel
3426 5188 3546 5225 om-

1975 5268 2071 5307 nes
2100 5252 2378 5322 Prophcta'e
2402 5258 2608 5326 pariter
2654 5257 2956 5312 audierunt.
2995 5257 3195 5314 Omnes
3224 5258 3367 5313 enim
3415 5260 3551 5316 scri-

1973 5343 2107 5397 bunt
2148 5353 2335 5398 contra
2392 5345 2583 5409 Edom,
2626 5347 2768 5414 quod
2798 5347 2864 5401 ad
2892 5356 3080 5416 gentes
3109 5348 3318 5420 legatus
3350 5350 3551 5408 missus

1971 5436 2059 5498 sit,
2094 5436 2357 5489 mediator
2382 5435 2474 5489 Dei
2515 5445 2570 5490 et
2599 5438 2876 5491 hominum
2927 5440 3088 5494 homo
3114 5438 3364 5496 Christus
3389 5440 3548 5498 Iesus

1971 5525 2022 5597 (I
2056 5525 2189 5579 Tim.
2222 5525 2314 5596 n);
2345 5528 2408 5581 de
2433 5542 2539 5596 quo
2567 5536 2622 5581 et
2670 5527 2829 5583 Pater
2866 5528 3101 5599 loquitur
3128 5544 3224 5600 per
3247 5529 3502 5602 Aggaeum
3530 5551 3545 5589 :

1976 5633 1993 5665 ι
2042 5613 2263 5669 Movebo
2288 5631 2476 5671 omnes
2502 5626 2712 5686 gentes,
2744 5625 2798 5671 et
2840 5618 3019 5673 veniet
3047 5616 3384 5676 desideratus
3411 5636 3546 5677 cuu-

1969 5705 2070 5761 ctis
2119 5705 2366 5777 gentibus
2416 5706 2567 5779 (Agg.
2628 5707 2712 5780 ιι).
2768 5728 2786 5761 ι
2817 5708 2921 5765 Iste
2977 5710 3029 5765 in
3082 5708 3264 5766 Isaia:
3307 5730 3325 5763 ι
3368 5710 3544 5784 Magi

3094 5805 3170 5863 36
