3970 6190
433 331 560 385 1131
1061 325 1122 379 Β.
1166 322 1416 378 RABAN!
1454 321 1671 378 MAURI
1710 319 2022 376 ARCHIEP.

2122 317 2368 375 DGUNT.
2407 315 2691 372 OPERUM
2729 313 2909 371 PARS
2945 316 3030 371 Ill.
3533 316 3682 372 “'52

431 439 640 496 consilii
681 436 926 509 angelus,
980 445 1037 492 et
1087 445 1242 504 pater
1263 433 1436 489 futuri
1466 433 1646 488 saeculi
1681 452 1700 483 ι
1740 431 2000 486 describi-
2031 436 2077 496 Α
2105 431 2241 486 siam
2271 443 2445 485 meam
2475 427 2688 497 (Matth.
2731 428 2842 498 xvi)
2871 447 2883 482 :
2919 449 2937 480 ι
2972 438 3148 483 tamen
3177 437 3231 484 et
3259 432 3314 486 in
3341 429 3683 486 contrariam

431 543 521 588 tur
573 528 708 602 (Ira.
749 527 846 600 Ix).
899 525 1193 582 Possumus
1226 525 1406 580 dicere
1453 523 1596 593 quod
1645 522 1758 592 ipse
1797 521 2002 590 legatus
2101 528 2308 590 partem
2331 518 2641 589 frequenter
2660 517 2922 587 accipitur
2952 533 2967 570 :
3000 537 3018 568 ι
3044 516 3322 583 Auroram,
3351 517 3550 587 inquit,
3583 532 3689 570 cur

437 623 529 688 sit,
564 629 622 677 et
645 621 760 690 ipsa
787 617 1016 673 munitio
1053 616 1238 670 dicens
1263 629 1330 670 ea
1367 628 1487 684 qua:
1530 611 1861 682 prophetalis
1889 625 2004 666 ser-
2101 610 2392 681 lapideum,
2417 617 2472 665 et
2491 610 2630 665 dabo
2655 609 2734 664 eis
2759 624 2853 664 cor
2871 624 3126 663 carneum
3153 607 3372 679 (Each.
3395 609 3622 679 um).
3665 626 3684 658 ι

435 727 525 768 mo
576 708 870 773 contexuit,
935 705 1139 777 surgite
1203 713 1258 760 et
1307 717 1692 774 consurgamus
1747 701 2006 755 adversus
2104 701 2212 755 Et:
2250 719 2268 751 ε
2303 701 2501 756 Potens
2543 707 2629 754 est
2651 698 2911 754 Dominus
2937 698 3004 754 de
3051 697 3316 770 lapidibus
3343 699 3464 753 istis
3499 698 3690 753 susci-

439 819 584 868 eum,
613 799 696 854 vel
747 813 868 854 eam
913 798 967 850 in
1018 794 1283 867 prarlium.
1318 793 1550 864 Legatus
1578 789 1671 862 qui
1717 791 1788 844 ad
1815 797 2005 860 gentes
2104 799 2221 846 tare
2251 790 2390 845 filios
2444 790 2676 846 Abrahae
2729 789 2942 862 (Matth.
2989 789 3169 860 111);»
3205 790 3549 860 maximeque
3592 791 3692 844 hic

441 891 638 946 missus
682 896 782 950 est,
816 887 931 941 haec
977 883 1302 952 loquituru
1337 880 1527 951 Surge,
1560 879 1652 949 qui
1705 877 1929 942 dormis,
1953 885 2008 932 et
2107 883 2196 938 ubi
2248 898 2356 938 non
2405 883 2560 947 dixit,
2609 883 2940 938 habitantem
2987 900 3154 955 super
3193 894 3418 955 ραι-ωτι,
3461 887 3518 940 in
3571 901 3692 954 qua

441 981 650 1034 elevare
675 994 703 1031 a
737 975 982 1037 mortuis,
1012 981 1068 1028 et
1094 971 1412 1028 illuminabit
1435 980 1486 1024 te
1515 970 1762 1025 Christus
1787 968 2004 1040 (EpIm.
2104 975 2342 1044 prudens
2369 974 2666 1030 ωάίῆοειοι-
2703 975 2918 1030 domum
2948 989 3100 1029 suam
3149 977 3377 1032 enim“
3424 995 3438 1030 ε
3481 977 3581 1032 sed
3633 977 3695 1030 in

442 1072 516 1140 v).
555 1067 680 1120 mAe
709 1081 775 1120 ne
813 1063 1032 1120 forsitan
1065 1062 1242 1134 gravis
1294 1061 1450 1116 nobis
1476 1069 1530 1114 et
1559 1059 1774 1114 insolita
1828 1071 2007 1129 pugna
2107 1065 2374 1128 scissuris,
2419 1063 2501 1118 vel
2555 1065 2609 1122 in
2653 1066 2901 1120 cavernis
2956 1076 3142 1135 patrm,
3199 1075 3261 1121 ιιι
3306 1068 3599 1123 misse...“
3659 1083 3694 1121 ιι

444 1158 708 1220 videatur,
737 1169 842 1216 me,
899 1151 1092 1220 inquit,
1147 1149 1356 1203 habetis
1397 1149 1630 1217 primum
1661 1146 1716 1200 in
1746 1147 1884 1211 acie,
1911 1160 2010 1216 ego
2108 1164 2260 1224 petra
2309 1153 2529 1219 Christi,
2581 1163 2636 1209 et
2680 1156 2747 1210 ab
2777 1155 3014 1211 Ecclesia
3059 1157 3322 1227 signiticet
3363 1159 3694 1212 scissiones.

445 1263 538 1301 ero
565 1241 977 1319 ἁρχιστρατηγός
1029 1237 1334 1309 praeliorum
1373 1251 1388 1289 :
1419 1235 1511 1304 qui
1538 1247 1592 1290 et
1614 1234 1742 1290 Jesu
1772 1233 1883 1288 ﬁlio
1910 1231 2012 1287 Na-

2122 1245 2278 1300 Purro
2301 1245 2444 1316 quod
2493 1244 2687 1314 legitur
2711 1245 2762 1301 ir-
2789 1244 2959 1300 Abdia
2991 1263 3004 1300 :
3038 1265 3059 1298 ι
3096 1246 3430 1320 Ειςθιωιιιθηι
3483 1248 3698 1303 solium

449 1356 512 1392 ve
549 1338 779 1408 gladium
825 1341 1017 1388 tenens
1045 1331 1268 1400 apparui
1313 1347 1326 1383 :
1364 1338 1420 1384 et
1467 1328 1723 1384 Amalech
1750 1327 1805 1382 in
1834 1327 2014 1382 crucis
2111 1351 2290 1402 suum,
2317 1345 2372 1391 et
2405 1336 2495 1404 qui
2547 1335 2678 1390 dicit
2707 1336 2759 1390 in
2794 1335 2956 1390 corde
2995 1351 3114 1400 suo,
3142 1335 3276 1404 Quis
3301 1337 3550 1392 detrahet
3599 1352 3699 1392 me

449 1441 582 1481 mea:
611 1422 805 1480 vexillo
846 1421 990 1476 Mose
1035 1427 1306 1490 pugnante
1341 1417 1608 1488 superavi.
1639 1415 1902 1472 Jeremias
1925 1415 2014 1471 hic
2111 1426 2166 1482 in
2197 1436 2397 1481 isi-ram
2452 1425 2608 1497 (ΑΜ,
2657 1426 2742 1495 ιιι)
2770 1425 2794 1479 ν
2823 1444 2842 1477 ι
2881 1433 3145 1480 tumorem
3173 1427 3434 1482 [ixi-cuca
3485 1427 3702 1480 mearis

452 1520 503 1574 iu
535 1515 738 1570 visione
764 1520 951 1568 contra
995 1511 1281 1566 ldumteam
1312 1525 1418 1565 non
1446 1508 1671 1566 multum
1699 1509 1768 1564 ab
1796 1509 1882 1564 his
1908 1507 2016 1563 dis-
2110 1518 2363 1581 ostendit,
2403 1516 2782 1572 confidentiam
2809 1516 2912 1571 sibi
2963 1516 3017 1571 in
3049 1517 3320 1588 mysteriis
3365 1525 3421 1571 et
3453 1516 3700 1572 secretis

451 1614 656 1678 crepat.
2113 1609 2245 1674 suis,
2273 1617 2534 1677 quantum
2579 1607 2632 1661 in
2676 1607 2808 1677 ipsis
2850 1615 2954 1662 est.
2986 1606 3336 1680 Hyperbolice
3361 1619 3544 1664 autem
3585 1607 3698 1662 hoc

525 1729 543 1759 ι
586 1707 720 1762 Ecce
747 1704 889 1760 enim
941 1698 1221 1773 parvulum
1259 1697 1382 1754 dedi
1411 1706 1464 1752 te
1504 1696 1557 1752 in
1582 1696 1849 1768 gentibus,
1886 1709 2018 1752 con-
2117 1699 2362 1770 accipere
2392 1699 2671 1765 debemus,
2698 1699 3188 1769 repromittentium
3214 1701 3317 1756 sibi
3361 1715 3532 1772 regna
3573 1715 3698 1754 cae-

457 1821 474 1852 c
515 1794 859 1866 temptibilem
891 1794 1028 1848 inter
1061 1789 1324 1845 homines.
1379 1787 1702 1858 Arrogantia
1735 1795 1824 1840 tua
1852 1787 2014 1842 dece-
2045 1787 2092 1848 Β
2117 1789 2313 1846 lorum.
2367 1789 2520 1846 Unde
2565 1790 2634 1846 ad
2683 1788 3048 1858 hujuscemodi
3099 1791 3340 1846 homines
3396 1793 3700 1862 Apostolus

459 1912 475 1941 ι
512 1889 588 1958 pit
617 1896 688 1952 te,
717 1893 772 1940 et
801 1882 1048 1954 superbia
1073 1879 1250 1936 cordis
1273 1879 1372 1942 tui,
1401 1878 1491 1948 qui
1519 1877 1730 1932 habitas
1757 1876 1807 1932 in
1833 1891 2019 1932 caver-
2117 1881 2308 1936 scribit
2333 1897 2346 1934 :
2384 1899 2403 1932 ι
2454 1877 2574 1935 Jam
2621 1895 2738 1936 sme
2766 1881 2922 1937 nobis
2975 1883 3259 1952 regnastis,
3290 1892 3453 1953 atque
3479 1885 3698 1939 utinam

460 2004 476 2032 ε
516 1981 598 2034 nis
622 1986 801 2048 petrae,
829 1985 883 2030 et
911 1971 1311 2045 apprehendere
1333 1971 1522 2026 niteris
1544 1969 1875 2026 altitudinem
1903 1969 2018 2025 col-

459 2091 478 2122 ι
511 2069 598 2124 lis.
641 2067 776 2124 Cum
821 2063 1143 2120 exaltaveris
1197 2061 1349 2132 quasi
1398 2060 1577 2131 aquila
1635 2060 1822 2115 nidum
1847 2069 2017 2125 tuum,

460 2178 479 2210 ι
513 2158 638 2212 inde
661 2154 939 2211 detraham
977 2159 1048 2217 te,
1084 2151 1214 2207 dicit
1243 2149 1519 2204 Dominus.
1558 2167 1578 2200 ι
1613 2147 1670 2203 ln
1697 2149 2023 2219 interpreta-

459 2253 600 2305 tione
620 2247 930 2319 pmphetica
957 2245 1214 2300 debemus
1251 2258 1455 2298 morem
1481 2249 1727 2297 nostrum
1762 2241 1935 2310 sequi,
1963 2251 2024 2294 ut

458 2341 688 2412 primum
741 2336 979 2392 historias
1028 2333 1375 2390 fundamenta
1420 2333 1702 2404 jaciamus,
1737 2331 1950 2395 deinde,
1976 2329 2022 2385 si

458 2443 764 2502 possumus,
795 2425 1040 2483 excelsas
1070 2435 1250 2480 turres
1279 2433 1334 2478 et
1361 2431 1620 2480 tectorum
1641 2422 1873 2478 culmina
1891 2419 2022 2476 sub-

459 2524 713 2592 rigamus.
739 2519 805 2586 Ο,
833 2519 1023 2590 inquit,
1053 2518 1239 2581 Edom,
1277 2517 1369 2587 qui
1401 2532 1524 2572 cum
1553 2515 1806 2570 minimus
1840 2514 1914 2568 sis
1941 2513 2024 2568 in-

461 2623 542 2668 ter
571 2626 758 2668 omnes
787 2611 840 2666 in
867 2609 1096 2665 circuitu
1142 2609 1410 2674 nationes,
1454 2599 1531 2664 et'
1555 2608 1622 2662 ad
1669 2605 2026 2676 comparatio-

458 2720 579 2760 nem
599 2704 835 2776 gentium
857 2709 1170 2758 ctetcrarum
1199 2716 1399 2772 parvus
1420 2700 1472 2754 in
1503 2713 1746 2764 numero,
1775 2699 1918 2753 ultra
1945 2698 2026 2752 vi-

459 2811 547 2849 res
568 2793 795 2864 erigeris
825 2791 1095 2862 superbia.
1133 2791 1375 2861 Cumque
1413 2789 1622 2846 habites
1651 2789 1704 2844 in
1731 2788 2021 2860 speluncis,

459 2885 566 2940 imo
591 2885 644 2940 in
673 2884 922 2941 cavernis
950 2891 1246 2954 petrarum,
1292 2881 1510 2938 humilis
1546 2888 1707 2952 atque
1728 2893 2025 2951 paupercu-

456 2975 560 3040 lus,
603 2981 660 3030 et
704 2972 915 3028 excelsa
966 2972 1311 3029 aedificiorum
1355 2979 1494 3027 tecta
1552 2986 1658 3026 non
1719 2969 2023 3041 possidens,

458 3065 610 3136 quasi
639 3065 813 3136 aquila
847 3064 898 3119 in
926 3063 1152 3118 sublime
1193 3061 1484 3128 extolleris,
1512 3071 1565 3117 et
1595 3070 1802 3116 tantum
1829 3061 2027 3132 cogita-

2119 1971 2438 2043 regnaretis,
2466 1979 2528 2026 ut
2570 1977 2628 2026 et
2653 1986 2752 2027 nos
2797 1961 3075 2028 vobiscum
3105 1987 3456 2044 regnaremus
3481 1973 3532 2044 (l
3563 1974 3695 2030 Cor.

2121 2062 2218 2133 tv).
2253 2081 2271 2114 ι
2314 2060 2443 2116 Tale
2467 2060 2598 2131 quid
2631 2068 2687 2116 et
2713 2061 2879 2116 David
2925 2061 3202 2131 loquitur:
3242 2081 3262 2114 ε
3297 2061 3605 2119 Posuerunt
3637 2065 3696 2118 iu

2118 2145 2256 2208 (εαξιό
2283 2167 2344 2207 os
2373 2167 2550 2217 suum,
2601 2159 2656 2206 et
2705 2152 2886 2222 lingua
2920 2167 3107 2207 eorum
3158 2155 3408 2208 transivit
3456 2155 3513 2209 in
3547 2163 3694 2210 terra

2121 2240 2293 2313 (Psal.
2325 2241 2516 2314 Lxxn).
2563 2262 2581 2294 ι
2622 2241 2680 2297 Si
2706 2241 2927 2297 exaltati
2961 2257 3091 2313 ergo
3125 2242 3343 2308 fuerint,
3381 2252 3440 2298 ut
3470 2245 3698 2314 aquila:

2121 2347 2246 2387 nam
2289 2339 2343 2387 et
2372 2332 2476 2403 ipsi
2519 2332 2820 2402 aquilarum
2870 2333 2970 2388 sibi
3000 2333 3401 2390 similitudinem
3429 2335 3700 2404 pollicen-

2107 2417 2229 2488 tur,
2265 2438 2384 2493 qua:
2419 2423 2595 2479 solent
2627 2425 2696 2479 ad
2721 2425 2950 2480 cadaver
2977 2426 3302 2481 dominicum
3348 2431 3696 2498 congregari.

2122 2511 2190 2566 Et
2217 2513 2359 2567 inter
2384 2513 2558 2567 media
2580 2514 2758 2569 sidera
2807 2524 3103 2585 posuerunt
3127 2516 3312 2570 nidum
3342 2532 3524 2582 suum,
3568 2518 3704 2574 inde

2121 2602 2400 2658 detraham
2429 2619 2544 2668 eos,
2572 2604 2700 2659 dicit
2725 2603 3001 2661 Dominus.
3047 2605 3198 2662 Sicut
3221 2607 3366 2662 enim
3393 2609 3706 2666 dormiente

2120 2692 2504 2763 patret'amilias
2529 2695 2670 2750 inter
2696 2680 2893 2751 bonam
2920 2706 3219 2752 sementem
3261 2698 3516 2754 inimicus
3539 2701 3706 2754 boum

2121 2784 2329 2839 zizania
2367 2786 2762 2856 superseminat
2808 2785 3022 2858 (Matth.
3081 2788 3222 2859 sm),
3251 2788 3326 2844 ita
3353 2789 3496 2845 solet
3517 2792 3702 2860 aquila

2121 2875 2356 2944 grandis,
2388 2891 2704 2946 magnarum
2730 2876 2954 2940 alarum,
3006 2877 3164 2949 longo
3199 2881 3570 2936 membrorum
3601 2883 3689 2936 du-

2123 2972 2235 3030 ctu,
2264 2963 2424 3033 plena
2453 2963 2670 3034 plumis,
2719 2973 2774 3022 et
2803 2965 3084 3030 varietate,
3126 2982 3246 3036 quae
3273 2968 3440 3024 habet
3475 2971 3698 3024 ductum

2124 3055 2356 3110 intrandi
2383 3055 2435 3112 in
2471 3055 2754 3121 Libanum,
2785 3064 2840 3112 et
2869 3057 3008 3114 tollit
3045 3059 3114 3113 de
3135 3059 3418 3115 cacumine
3446 3061 3618 3127 cedri,
3647 3070 3702 3116 et

462 3157 606 3210 tione
629 3152 962 3217 intunwscis,
991 3160 1050 3206 ut
1073 3152 1216 3207 inter
1243 3151 1419 3207 sidera
1442 3150 1686 3205 habitare
1713 3157 1765 3204 te
1788 3149 1978 3204 credas
2003 3166 2017 3204 :
2049 3145 2093 3207 C
2124 3142 2332 3212 plantat
2365 3159 2526 3214 super
2555 3159 2726 3215 aquas
2767 3145 2982 3210 multas,
3035 3153 3094 3200 ut
3137 3145 3190 3200 in
3241 3147 3398 3202 vinea
3429 3147 3697 3220 plantaria

459 3243 672 3299 etiamsi
719 3241 859 3297 ultra
889 3249 1133 3294 naturam
1177 3255 1364 3310 posses
1393 3239 1515 3294 creti
1562 3239 1669 3292 alta
1716 3246 2020 3308 penetrare,

459 3337 581 3390 imle
612 3344 664 3390 te
689 3332 1050 3395 detrahercm,
1081 3337 1138 3385 et
1177 3329 1246 3384 ad
1296 3339 1494 3384 terram
1525 3329 1862 3393 deducerem,
1893 3328 2026 3384 dicit

459 3423 716 3480 Dominus
748 3421 908 3476 Deus.
937 3419 1070 3474 Illud
1121 3427 1300 3474 autem
1351 3419 1494 3488 quod
1531 3419 1585 3472 in
1615 3415 1845 3473 Jeremia
1875 3418 2026 3474 addi-

460 3527 570 3571 tum
599 3523 718 3569 est:
758 3531 776 3563 t
819 3511 886 3564 Et
907 3509 1308 3579 apprehendere
1344 3507 1531 3564 niteris
1555 3507 1892 3564 altitudinem
1916 3508 2025 3564 col-

461 3607 546 3672 lis,
597 3623 616 3656 i
651 3602 858 3674 aperuit
907 3600 1155 3672 mnigma,
1207 3598 1396 3654 collem
1433 3597 1744 3670 signiﬁcans
1785 3609 2024 3654 montem

462 3696 590 3750 Sion
622 3711 636 3748 :
668 3709 732 3750 ac
758 3707 854 3763 per
892 3691 1016 3755 hoc,
1042 3689 1125 3744 vel
1154 3690 1325 3760 ipsam
1373 3689 1559 3744 urbem
1587 3685 1904 3751 Jerusalem,
1937 3689 2024 3744 vel

462 3786 736 3856 templum,
787 3783 930 3856 quod
983 3783 1036 3836 in
1065 3797 1128 3836 ea
1158 3781 1428 3836 conditum
1475 3789 1576 3846 est,
1611 3780 1723 3834 vult
1777 3781 2020 3853 intelligi.

457 3883 704 3953 Aquilam
733 3886 908 3936 autem
959 3872 1167 3930 eunetis
1211 3872 1399 3926 avibus
1427 3870 1589 3926 altius
1610 3870 1835 3926 volitare
1859 3871 2024 3926 etiam

455 3973 532 4040 hi,
561 3973 651 4044 qui
680 3971 744 4026 de
773 3978 964 4024 natura
999 3963 1174 4022 avium
1201 3961 1493 4036 disputant,
1522 3959 1796 4017 memorire
1841 3960 2020 4036 prodi-

457 4064 692 4118 derunt:
723 4059 960 4129 tantique
985 4057 1258 4114 contuitus
1305 4072 1425 4112 esse
1455 4056 1670 4121 dicitur,
1703 4063 1760 4109 ut
1786 4071 1908 4110 cum
1933 4071 2024 4110 su-

459 4170 553 4225 per
588 4152 757 4208 maria
811 4147 1070 4205 immobili
1120 4162 1292 4217 penna
1340 4144 1565 4210 feratur,
1623 4161 1726 4200 nec
1776 4144 2022 4199 humanis

458 4251 638 4315 pateat
688 4241 989 4304 obtutibus,
1047 4237 1114 4292 de
1163 4245 1311 4292 tanta
1367 4235 1692 4291 sublimitate
1738 4234 2024 4304 pisciculos

457 4343 647 4390 natare
673 4333 852 4388 videat
893 4349 906 4385 :
950 4338 1154 4388 etcum
1190 4326 1346 4397 juxta
1376 4327 1525 4383 littus
1570 4327 1732 4382 fuerit
1769 4326 2020 4381 tormenti

458 4425 630 4478 instar
651 4420 998 4484 descendere,
1029 4425 1342 4488 raptamque
1369 4417 1600 4484 przedam
1624 4417 1814 4484 pennis
1843 4416 1909 4470 ad
1935 4414 2021 4468 lit-

2124 3231 2384 3302 pullulent
2411 3233 2551 3288 inter
2575 3233 2752 3290 sidera
2783 3234 3066 3300 Ecclesia,
3099 3235 3168 3290 de
3212 3237 3407 3304 quibus
3434 3247 3490 3292 et
3515 3239 3568 3293 in
3593 3239 3702 3294 alio

2125 3319 2244 3376 loco
2301 3322 2536 3378 dicitur:
2578 3341 2597 3374 ι
2629 3321 2770 3378 Justi
2819 3333 2996 3379 autem
3023 3325 3165 3380 sicut
3211 3327 3380 3382 stellae
3416 3326 3702 3400 fulgebunt

2125 3409 2340 3481 (Matth.
2367 3411 2510 3483 xm),
2547 3431 2567 3464 ι
2595 3428 2795 3482 ponere
2821 3415 3007 3470 nidum
3036 3432 3214 3471 suum.
3245 3416 3366 3472 Dixi
3399 3435 3566 3489 supra
3595 3421 3699 3476 hoc

2125 3502 2323 3572 ipsum,
2376 3513 2432 3559 et
2477 3505 2760 3560 adversum
2791 3521 3010 3562 carnem
3054 3507 3298 3579 intelligi,
3343 3511 3488 3580 quod
3517 3511 3701 3566 immi-

2122 3604 2270 3650 nuta:
2297 3595 2407 3650 sint
2435 3596 2580 3650 vires
2609 3595 2724 3664 ejus
2756 3597 2808 3651 in
2853 3597 3080 3652 adventu
3114 3597 3337 3664 Christi,
3371 3609 3430 3654 et
3453 3613 3700 3656 contem-

2121 3687 2346 3758 ptibilis,
2376 3688 2674 3758 animatque
2699 3687 2940 3758 subjecta
2968 3690 3210 3758 imperio,
3227 3699 3282 3745 et
3299 3689 3496 3746 frustm
3520 3693 3700 3763 eriga-

2125 3788 2212 3833 tur
2239 3795 2360 3834 cum
2392 3779 2598 3834 habitet
2625 3779 2680 3833 in
2701 3779 2950 3834 cavernis
2977 3789 3168 3848 petrae,
3197 3780 3278 3836 vel
3309 3783 3580 3846 sensibus,
3612 3783 3698 3839 vel

2122 3870 2558 3942 cogitationibus,
2586 3879 2642 3925 et
2669 3870 2796 3924 velit
2823 3871 3088 3927 dominari
3119 3873 3311 3928 anima:
3335 3873 3588 3928 exultans
3611 3889 3701 3928 so-

2123 3963 2254 4020 lium
2293 3979 2468 4034 Suum,
2501 3984 2601 4024 nec
2625 3978 2790 4038 opera
2817 3978 2910 4020 sua
2961 3979 3122 4039 posse
3155 3965 3386 4026 credens
3427 3967 3696 4040 superari.

2120 4061 2216 4114 Cui
2247 4060 2464 4120 dicitur,
2493 4060 2636 4130 quod
2663 4060 2916 4128 quamvis
2949 4076 3009 4116 se
3051 4061 3242 4132 erigat,
3274 4071 3324 4116 et
3356 4063 3556 4130 aquilae
3581 4063 3702 4116 imi-

2123 4157 2266 4204 tetur
2307 4149 2540 4212 excelsa,
2591 4150 2891 4220 multosque
2937 4159 3246 4207 sanctorum
3285 4152 3577 4222 deceperit,
3617 4161 3700 4205 Ia-

2123 4255 2242 4294 men
2273 4255 2304 4294 a
2331 4240 2556 4296 Domino
2582 4251 2828 4311 separata
2868 4242 2940 4297 sit
2987 4251 3150 4313 atque
3199 4243 3428 4315 dejecta.
3463 4245 3618 4312 Quod
3643 4247 3698 4300 in

2121 4315 2390 4386 haereticis
2413 4340 2470 4386 et
2489 4347 2650 4386 carne
2687 4331 3069 4399 intelleximus,
3115 4344 3302 4391 contra
3325 4333 3542 4392 Judmos
3566 4354 3700 4408 quo-

2121 4435 2225 4490 que
2251 4421 2472 4492 intelligi
2501 4431 2696 4492 potest.

457 4529 542 4570 tus
595 4513 924 4585 pertrahere.
957 4509 1014 4566 Si
1041 4509 1327 4565 didicimus
1381 4508 1684 4570 historiam,
1731 4521 2018 4576 sequamur
2046 4495 2096 4554 Ι)
2195 4528 2214 4561 ι
2257 4510 2326 4565 Et
2351 4513 2455 4566 erit
2477 4511 2703 4566 ldumaza
2733 4513 2968 4581 deserta,
2995 4515 3171 4571 omnis
3210 4517 3301 4587 qui
3331 4519 3584 4574 transibit
3603 4535 3700 4590 per

457 4604 858 4676 intelligentiam
880 4600 1194 4674 spiritalem.
1223 4598 1372 4654 Licet
1399 4597 1514 4660 tibi,
1544 4613 1577 4652 ο
1604 4597 1872 4662 lueretice,
1901 4612 2019 4651 ma-

455 4715 590 4771 gnus
611 4711 732 4753 esse
753 4693 1005 4759 videaris,
1051 4699 1106 4747 et
1139 4699 1452 4747 contemnas
1497 4689 1752 4745 Ecclesiae
1785 4689 2021 4760 paucita-

457 4798 586 4852 tem,
612 4796 790 4840 tamcn
814 4795 1012 4852 parvus
1043 4781 1094 4834 in
1131 4779 1378 4848 gentibus
1405 4793 1484 4842 es,
1507 4787 1562 4832 et
1583 4779 2018 4849 contemptibilis,

453 4892 508 4936 et
541 4894 645 4934 non
674 4875 844 4932 solum
879 4870 1319 4942 contemptibilis,
1343 4870 1436 4926 sed
1465 4886 1584 4924 eum
1612 4871 1839 4928 ἕπετᾶσιι
1870 4871 2022 4924 valde

453 4964 886 5038 contemptibilis.
923 4981 941 5014 ι
981 4960 1244 5031 Superbia
1297 4961 1475 5016 cordis
1535 4962 1606 5015 tui
1654 4961 1843 5014 extulit
1889 4971 1956 5016 te.
1995 4983 2013 5014 ι

455 5060 585 5127 Quis
609 5059 752 5114 enim
773 5054 1148 5110 haereticorum
1177 5067 1282 5109 non
1309 5052 1360 5107 in
1391 5053 1694 5123 superbiam
1723 5053 2020 5120 extollitur,

455 5147 707 5204 Ecclesiae
758 5143 1155 5215 simplicitatem
1205 5143 1616 5212 parvipcndens,
1648 5151 1702 5196 et
1730 5143 2022 5197 Iidemim-

455 5239 700 5308 peritiam
727 5242 980 5306 reputans
1011 5251 1023 5286 :
1058 5232 1310 5286 habitans
1335 5231 1388 5285 in
1433 5231 1678 5286 scissuris
1709 5239 1897 5300 petrte,
1920 5247 2022 5286 ex-

457 5331 632 5382 altans
683 5325 875 5382 solium
930 5339 1108 5378 suum.
1155 5323 1312 5376 Petra
1353 5337 1658 5392 quanquam
1713 5321 2023 5392 frequenter

459 5419 538 5474 vel
569 5417 622 5471 in
652 5429 874 5486 persona
931 5411 1166 5476 Domini,
1221 5409 1303 5464 vel
1357 5411 1406 5464 in
1454 5409 1724 5465 soliditate
1771 5419 2022 5479 ponatur,

459 5508 598 5562 unde
627 5513 682 5561 ct
715 5503 976 5573 propheta
1018 5501 1148 5556 dicit
1177 5517 1190 5554 :
1225 5517 1244 5552 ι
1279 5499 1481 5554 Statuit
1521 5515 1682 5569 super
1703 5511 1908 5570 petram
1934 5517 2026 5570 pe-

461 5597 554 5653 des
583 5613 731 5652 meos
759 5594 928 5668 (Psal.
959 5592 1104 5667 XIX);
1140 5613 1157 5646 ι
1194 5602 1247 5648 et
1271 5593 1336 5648 ad
1377 5593 1595 5648 Petrum
1626 5593 1822 5648 dicitur
1849 5612 1861 5648 :
1893 5613 1911 5645 α
1946 5594 2026 5648 'l‘u

463 5700 522 5740 es
571 5685 779 5748 Petrus,
815 5692 868 5738 et
899 5697 1061 5754 super
1099 5683 1237 5738 hanc
1277 5691 1484 5752 petram
1514 5682 1789 5738 mdiﬁcabo
1845 5683 2028 5740 Eccle-

2126 4617 2146 4650 ι
2189 4614 2306 4654 eam
2335 4601 2588 4670 stupebit,
2619 4610 2674 4657 et
2699 4603 2936 4658 sibilabit
2960 4620 3120 4676 super
3139 4621 3328 4662 omnes
3351 4609 3535 4678 plagas
3557 4611 3696 4678 ejus,

2127 4709 2144 4742 ‹
2190 4691 2330 4746 sicut
2367 4693 2624 4748 subversa
2661 4701 2745 4749 est
2769 4693 3002 4751 Sodoma
3024 4703 3078 4750 et
3102 4695 3404 4752 Gomorrha
3433 4707 3488 4754 et
3509 4701 3698 4756 vicinae

2127 4804 2144 4832 ι
2189 4783 2328 4852 ejus,
2367 4783 2442 4837 ait
2483 4782 2780 4840 Dominus:
2808 4783 2924 4840 Non
2953 4787 3218 4844 habitabit
3238 4789 3311 4844 ibi
3349 4790 3456 4856 vir,
3501 4801 3556 4846 et
3593 4809 3696 4848 non

2127 4893 2146 4924 ‹
2193 4874 2387 4929 ineolet
2419 4891 2538 4930 eam
2567 4875 2708 4930 illius
2733 4877 2985 4934 hominis.
3031 4898 3052 4932 ι
3095 4879 3213 4934 Erit
3237 4895 3368 4951 ergo
3395 4881 3454 4936 iu
3501 4883 3592 4938 die
3620 4884 3696 4937 fn-

2126 4965 2264 5019 roris
2299 4964 2510 5020 Domini
2553 4966 2963 5022 conciliabulum
3013 4970 3412 5039 haereticorum,
3439 4977 3556 5028 sive
3605 4972 3696 5028 Ju-

2123 5055 2358 5110 daaorum
2396 5054 2879 5126 blasphemantium
2910 5057 3204 5123 desertum,
3243 5062 3367 5132 quia
3421 5079 3692 5132 nunquam

2121 5155 2307 5216 postea
2347 5145 2622 5202 habebunt
2665 5156 2981 5216 potestatem
3035 5165 3363 5221 congregare
3410 5155 3688 5211 concilium

2123 5233 2550 5304 malignantium.
2597 5234 2911 5306 Omnisque,
2949 5238 3040 5306 qui
3093 5241 3369 5296 transierit
3409 5258 3510 5312 per
3551 5260 3688 5310 eauti,

2125 5325 2379 5394 stupebit,
2418 5333 2472 5378 et
2505 5323 2742 5379 sibilabit
2767 5341 2927 5394 super
2955 5342 3142 5382 onmes
3177 5330 3361 5401 plagas
3399 5333 3532 5403 ejus.
3561 5336 3690 5401 Quia

2125 5413 2382 5483 supplicia
2416 5428 2625 5478 eorum,
2654 5429 2773 5482 quae
2815 5416 3154 5471 sustinebunt
3197 5434 3292 5486 pro
3333 5421 3692 5490 impietatibus

2125 5504 2237 5559 suis
2265 5503 2534 5558 formidini
2562 5514 2616 5559 et
2644 5505 2828 5575 pavori
2851 5506 3005 5561 valde
3024 5507 3182 5579 digna
3204 5519 3385 5564 erunt.
3409 5513 3692 5580 Quosdam,

2129 5597 2270 5651 sicut
2284 5595 2570 5650 Sodomam
2593 5606 2648 5654 et
2664 5597 3020 5654 Comorrham
3044 5599 3266 5670 sulphur
3283 5613 3338 5658 et
3351 5605 3492 5675 ignis
3513 5608 3692 5662 incen-

2129 5686 2207 5739 dit
2243 5683 2391 5756 (Cen.
2433 5688 2566 5758 xix),
2615 5696 2668 5741 et
2708 5697 2759 5741 in
2787 5697 3044 5744 retentam
3085 5691 3424 5749 solitudinem
3473 5697 3693 5766 redigit.
