3970 6190
267 239 407 295 1153

266 435 409 493 ritus
434 435 795 506 procellarum
828 451 954 507 pars
980 436 1166 492 calicis
1187 451 1399 491 eorum.

344 546 364 580 ι
407 528 548 583 Ecce
582 528 740 598 quasi
776 527 863 583 leo
896 530 1155 583 ascendet
1188 530 1255 585 de
1318 530 1572 599 superbia
1615 527 1864 586 Iordanis

269 634 298 671 ι
341 619 409 674 ad
442 618 898 688 pulchritudinem
930 619 1227 682 robustam,
1264 619 1392 688 quia
1433 619 1613 675 subito
1642 634 1866 675 currere

269 727 295 762 ί
336 723 462 765 eum
498 707 693 762 faciam
727 707 792 762 ad
834 709 1001 773 illam,
1033 719 1088 763 et
1129 710 1250 779 quis
1282 709 1390 764 erit
1427 710 1630 766 electus
1656 751 1671 776 ,
1702 724 1863 780 quem

272 818 297 854 ί
342 816 640 872 proponam
670 801 758 855 ei?
786 800 920 867 Quis
939 801 1082 855 enim
1113 800 1307 857 similis
1332 802 1476 857 mei?
1505 802 1573 857 Et
1600 802 1723 872 quis
1748 817 1866 858 sus-

274 909 297 943 ι
344 892 537 947 tinebit
559 891 681 947 me?
707 891 775 947 Et
795 892 917 960 quis
942 900 1026 946 est
1038 892 1138 947 iste
1164 904 1370 962 pastor,
1393 893 1485 962 qui
1504 893 1720 948 resistet
1750 892 1868 948 vul-

277 1004 295 1036 ι
343 983 418 1037 tui
434 983 589 1038 meo?
609 1002 628 1035 ι
645 981 814 1053 Igitur
827 982 967 1036 sicut
982 983 1240 1038 Dominus
1252 983 1536 1053 castigavit
1558 982 1868 1053 superbiam

270 1073 601 1138 Iudaeorum,
631 1088 769 1144 quos
802 1071 1054 1128 Iordanis
1094 1073 1312 1129 nomine
1355 1081 1509 1128 notat
1543 1091 1557 1127 :
1596 1074 1671 1128 ita
1704 1074 1868 1128 etiam

272 1171 331 1223 et
384 1163 741 1219 Idumaeorum
791 1161 1072 1233 perfidiam
1138 1158 1303 1234 atque
1352 1164 1609 1219 invidiam
1637 1205 1651 1229 ,
1704 1176 1868 1233 quam

274 1264 638 1314 exercuerant
669 1264 861 1311 contra
901 1255 1098 1311 fratres
1134 1271 1260 1311 suos
1286 1297 1300 1321 ,
1333 1270 1432 1327 per
1468 1256 1748 1310 ministros
1775 1256 1871 1310 iraa

276 1361 390 1403 sum
418 1345 576 1418 plena
606 1344 842 1399 vindicta
871 1344 1149 1413 corripiet,
1183 1356 1283 1398 nec
1316 1353 1401 1399 est
1430 1344 1569 1398 ullus
1608 1344 1699 1413 qui
1755 1341 1872 1411 ejus

276 1438 507 1495 consilio
531 1453 593 1493 ac
610 1436 873 1493 voluntati
902 1436 1157 1491 resistere
1180 1436 1372 1506 possit.
1402 1435 1664 1491 Similiter
1689 1444 1744 1491 et
1762 1436 1874 1491 bae-

280 1529 442 1585 retici
473 1536 529 1582 et
555 1528 742 1582 hostes
771 1526 1028 1582 Ecclesia:
1048 1526 1143 1581 Dei
1174 1541 1281 1580 non
1313 1526 1545 1581 evadent
1579 1533 1866 1588 tormenta,

282 1619 484 1690 iniquis
515 1619 770 1689 operibus
817 1626 873 1672 et
913 1613 1269 1688 dogmatibus
1296 1618 1410 1672 suis
1442 1616 1729 1688 condigna.
1764 1615 1871 1671 Sed

656 297 660 301 .
1151 236 1516 294 EXPOSITIO
1552 234 1780 293 SUPER
1807 234 2179 290 JEREMIAM.
2212 266 2282 276 —
2322 236 2448 291 LIB.
2490 235 2605 292 XV.

265 347 345 401 ita
375 354 430 401 et
450 359 612 415 super
636 354 948 416 peccatores
968 345 1105 416 pluit
1138 346 1279 417 ignis
1306 355 1361 400 et
1388 345 1632 416 sulphur,
1663 352 1720 400 et
1748 345 1857 415 spi-
1883 361 1932 421 Α
1960 347 2112 413 titur,
2144 363 2265 418 qua:
2293 356 2349 403 et
2377 348 2493 419 ipsa
2520 348 2713 420 regalis
2731 348 3001 419 quondam
3032 350 3222 407 civitas
3251 348 3387 420 fuit,
3408 365 3466 412 et
3493 357 3549 412 in

3404 235 3547 295 11⁸54

1963 439 2109 493 omni
2160 438 2313 511 Syria
2363 440 2537 495 tenuit
2596 440 2980 512 principatum.
3044 439 3282 497 Necdum
3325 445 3551 501 tlorebat

1964 526 2249 584 Antiochia
2281 538 2338 585 et
2370 530 2645 597 Laodicia,
2691 539 2747 586 et
2778 531 3004 601 Apamia
3031 573 3046 598 ,
3088 547 3222 603 quas
3261 536 3425 591 urbes
3453 552 3550 608 per

1963 620 2330 675 Alexandrum
2370 630 2426 676 et
2470 620 2817 677 Macedonum
2867 623 3151 693 imperium
3203 633 3389 681 auctas
3431 642 3552 684 esse

1966 711 2338 781 cognovimus.
2386 709 2523 777 Quia
2566 711 2733 782 igitur
2794 727 3010 783 semper
3071 713 3256 769 decem
3306 716 3554 773 tribubus

1964 806 2158 853 contra
2186 798 2378 854 Iudam
2408 801 2685 870 praebebat
2729 802 3008 869 auxilium,
3040 812 3096 858 et
3129 802 3334 875 Regum
3365 816 3419 861 et
3459 807 3557 860 Pa-

1966 890 2337 961 ralipomenon
2362 899 2549 944 narrat
2573 891 2822 958 historia,
2848 894 3011 947 etiam
3033 894 3134 964 ipsi
3162 896 3462 951 vastitatem
3490 898 3555 953 ab

1967 979 2204 1050 Assyriis
2232 980 2666 1050 appropinquare
2708 980 3014 1050 significat,
3053 984 3267 1039 dicente
3295 1001 3419 1056 rege
3451 988 3555 1042 As-

1968 1072 2237 1142 syriorum
2274 1071 2442 1142 :Cepi
2500 1072 2754 1127 Arabiam
2804 1082 2859 1128 et
2911 1073 3231 1130 Damascum
3276 1085 3331 1130 et
3372 1075 3558 1132 Sama—

1969 1163 2129 1218 riam.
2178 1163 2332 1219 Sicut
2352 1165 2497 1219 enim
2545 1165 2665 1219 illas
2702 1166 2850 1235 cepi,
2896 1175 2950 1220 et
2990 1168 3240 1222 universa
3273 1185 3435 1240 regna
3466 1186 3541 1225 ca-

1968 1253 2136 1323 piam.
2170 1252 2303 1308 Item
2332 1253 2387 1307 in
2426 1253 2635 1325 Regum
2678 1254 2952 1311 volumine
2995 1256 3221 1327 legimus
3254 1275 3267 1310 :
3300 1257 3561 1314 Ascendit

1971 1359 2066 1400 rex
2086 1343 2434 1416 Assyriorum
2459 1344 2804 1410 Damascum,
2825 1348 3035 1415 etcepit
3062 1362 3181 1402 eam
3211 1355 3265 1402 et
3289 1351 3564 1404 transtulit

1972 1436 2026 1490 in
2066 1435 2331 1509 Cyrenen.
2380 1436 2547 1492 Rasin
2589 1451 2802 1507 quoque
2842 1437 3133 1504 interfecit,
3179 1440 3270 1508 qui
3316 1448 3432 1494 erat
3468 1456 3562 1495 rex

1975 1527 2241 1583 Damasci.
2268 1527 2399 1595 Quae
2420 1529 2601 1583 omnia
2631 1527 2860 1584 Ezechia
2890 1527 3276 1601 ll'erosolymis
3304 1543 3565 1603 regnante

1973 1632 2230 1688 perpessa
2262 1628 2405 1673 sunt.
2435 1618 2628 1673 Ematb
2656 1633 2784 1690 ergo
2810 1626 2865 1673 et
2884 1618 3151 1690 Arphath,
3178 1637 3298 1691 quae
3327 1620 3379 1675 in
3404 1620 3565 1677 Esaia

283 1710 368 1766 leo
419 1707 749 1766 saevissimus
789 1715 846 1762 et
881 1706 1265 1776 rapacissimus
1311 1705 1555 1761 diabolus
1599 1705 1655 1759 in
1698 1712 1871 1758 tarta-
1900 1712 1950 1772 B
1976 1717 2031 1763 et
2060 1710 2112 1764 in
2143 1709 2417 1765 Hieremia
2447 1710 2716 1781 leguntur,
2753 1709 2914 1767 urbes
2945 1719 3071 1766 sunt
3098 1712 3367 1778 Damasci,
3404 1723 3568 1785 atque

287 1818 407 1858 rum
477 1816 573 1855 eos
633 1799 906 1870 perpetuis
957 1796 1249 1853 laniatihus
1306 1796 1629 1852 cruciandos
1688 1804 1873 1851 retru-

283 1890 387 1948 dit.

361 2003 382 2036 ι
427 1984 720 2054 Propterea
760 1982 946 2038 audite
977 1982 1259 2038 consilium
1288 1980 1541 2047 Domini,
1569 1980 1713 2050 quod
1755 1979 1880 2035 iniit

292 2096 310 2124 ι
356 2076 423 2131 de
468 2075 635 2130 Edom
658 2082 760 2140 ,ει
800 2074 1154 2146 cogitationes
1189 2071 1305 2141 ejus
1342 2087 1477 2142 quas
1513 2071 1770 2143 cogitavit
1811 2071 1878 2127 de

292 2182 315 2218 ι
356 2164 753 2220 habitatoribus
773 2163 1049 2230 Theman;
1080 2164 1126 2218 si
1156 2179 1262 2218 non
1299 2163 1596 2233 dejecerint
1619 2175 1716 2216 eos
1758 2176 1882 2231 par-

291 2277 312 2308 ι
358 2255 468 2311 vuli
499 2255 698 2326 gregis,
713 2254 824 2322 nisi
846 2254 1231 2324 dissipaverint
1254 2267 1379 2308 cum
1410 2253 1489 2308 eis
1511 2252 1878 2309 habitaculum

294 2367 314 2400 ι
361 2363 571 2404 eorum.
623 2347 671 2401 A
710 2362 843 2401 voce
873 2347 1043 2401 ruina;
1063 2360 1250 2400 eorum
1280 2354 1548 2401 commota
1588 2352 1670 2400 est
1700 2355 1842 2400 terra
1862 2385 1878 2410 ,

295 2461 314 2492 ι
361 2440 570 2495 clamor
610 2440 663 2495 in
716 2439 854 2494 mari
890 2438 1075 2494 Rubro
1109 2439 1324 2492 auditus
1361 2444 1444 2493 est
1481 2438 1631 2492 vocis
1669 2452 1879 2492 eorum.

296 2554 314 2585 ι
360 2533 500 2587 Ecce
527 2532 681 2601 quasi
709 2532 887 2602 aquila
919 2530 1174 2587 ascendet
1198 2539 1253 2585 et
1280 2530 1500 2595 volabit,
1532 2538 1589 2585 et
1614 2531 1885 2601 expandat

300 2643 316 2672 I
364 2622 481 2678 alas
492 2620 1046 2693 suassuperBosram.
1071 2622 1134 2675 Et
1154 2621 1261 2677 erit
1285 2636 1382 2677 cor
1395 2620 1615 2677 fortium
1636 2621 1886 2677 Idumam

299 2734 318 2764 ι
368 2715 424 2769 in
454 2713 542 2769 die
569 2713 659 2769 illa
689 2714 845 2783 quasi
888 2728 984 2769 cor
1024 2714 1263 2770 mulieris
1297 2714 1667 2785 parturientis.
1715 2733 1735 2767 ι
1778 2713 1887 2769 Va-

292 2812 504 2860 statore
547 2804 799 2860 veniente
835 2818 999 2874 super
1036 2804 1321 2859 ldumazam
1352 2814 1406 2861 et
1452 2820 1614 2876 super
1641 2805 1884 2871 Bosram,

294 2909 460 2967 quem
489 2894 684 2965 aquila:
716 2895 1040 2966 expandenti
1066 2894 1182 2950 alas
1213 2910 1339 2949 suas
1362 2934 1379 2961 ,
1425 2895 1528 2950 hoc
1552 2906 1638 2950 est
1658 2935 1674 2961 ,
1703 2896 1772 2950 ad
1796 2912 1888 2950 ra-

298 2986 555 3058 piendum
593 2993 816 3056 parata,
856 2994 1156 3056 comparat,
1184 3001 1288 3041 vox
1314 2987 1484 3041 ruinae
1514 3002 1703 3041 eorum
1731 2986 1889 3058 longe

1975 1800 2206 1861 Arabia},
2232 1817 2368 1871 quas
2386 1815 2477 1855 rex
2494 1802 2837 1873 Assyriorum
2858 1804 3111 1858 vastavit.
3161 1802 3266 1859 Sed
3289 1806 3567 1861 sciendum

1977 1892 2118 1961 quod
2158 1891 2226 1945 ab
2251 1892 2410 1947 Esaia
2438 1894 2611 1947 vicina
2651 1893 2937 1963 captivitas
2982 1895 3351 1965 Assyriorum,
3380 1912 3409 1949 a
3441 1896 3570 1951 Ilic-

1981 1982 2148 2036 remia
2171 1995 2385 2051 quoque
2397 1980 2723 2052 Babylonica
2748 1984 3036 2053 captivitas
3058 1984 3401 2041 Damascenze
3421 1987 3570 2043 urbis

1979 2071 2329 2136 describitur,
2371 2071 2421 2125 id
2460 2082 2577 2136 est,
2613 2088 2907 2142 paucorum
2935 2090 3072 2144 quos
3100 2075 3442 2146 Assyriorum
3475 2092 3573 2133 rex

1980 2163 2274 2233 reliquerat
2319 2163 2375 2218 in
2403 2178 2487 2218 ea.
2528 2164 2633 2218 Alii
2662 2165 2931 2220 aestimant
2972 2166 3038 2223 de
3067 2152 3308 2222 Romana
3341 2169 3574 2239 captivi-

1983 2263 2094 2310 tate
2124 2254 2345 2326 praedici
2370 2296 2385 2323 ,
2416 2255 2632 2325 quando
2660 2263 2713 2311 et
2742 2254 3048 2311 Iudaeorum
3076 2268 3265 2327 captus
3291 2267 3374 2313 est
3405 2275 3573 2329 popu-

1984 2344 2069 2399 lus
2095 2385 2111 2409 ,
2158 2353 2214 2400 et
2245 2345 2571 2419 Damascus,
2611 2345 2697 2400 cui
2727 2346 3031 2416 imperabat
3075 2347 3298 2413 Aretba,
3338 2349 3572 2404 similem

1987 2435 2246 2490 sustinuit
2286 2436 2601 2490 servitutem
2636 2475 2651 2501 ,
2699 2442 2760 2490 ut
2797 2444 2990 2490 cuncta
3025 2477 3041 2501 ,
3092 2452 3212 2506 qua:
3257 2452 3421 2509 super
3481 2454 3577 2493 cas

1987 2528 2187 2596 scripta
2217 2536 2362 2593 sunt,
2399 2529 2464 2583 ad
2496 2528 2699 2584 Christi
2737 2537 2949 2599 tempus
2973 2538 3028 2585 et
3057 2530 3433 2599 Apostolorum
3461 2548 3578 2604 my—

1989 2617 2155 2671 steria
2190 2617 2607 2673 transferantur.
2643 2619 2965 2675 Praedicitur
2991 2620 3136 2675 enim
3172 2621 3436 2678 Damasco
3461 2636 3581 2677 ver-

1988 2708 2117 2762 bum
2166 2707 2382 2764 crudele
2425 2710 2755 2780 captivitatis
2781 2750 2797 2776 ,
2839 2710 2984 2781 quod
3022 2711 3289 2781 propheta
3334 2712 3580 2767 auditum

1987 2800 2284 2869 pessimum
2329 2810 2640 2872 nuncupat,
2678 2803 2927 2873 quodque
2969 2804 3153 2872 vigore
3190 2803 3449 2860 dissoluto
3484 2820 3581 2875 ap-

1991 2891 2288 2960 prehendet
2313 2905 2433 2945 eam
2474 2891 2636 2946 timor
2666 2900 2722 2947 et
2751 2891 2964 2948 dolores
2997 2892 3152 2964 quasi
3189 2894 3580 2964 parturientem

1992 2979 2284 3050 exagitent,
2340 2995 2633 3051 murosque
2678 2980 2930 3039 Damasci
2987 2991 3043 3039 et
3083 2984 3283 3039 muenia
3327 2985 3579 3041 Benedah

295 3077 517 3149 lateque
540 3077 772 3145 sonabit,
814 3086 869 3133 et
896 3085 1158 3134 terrorem
1191 3078 1386 3133 vicinis
1418 3078 1711 3148 provinciis
1738 3078 1888 3133 incu-
1916 3070 1960 3133 C
1993 3069 2133 3140 ignis
2166 3068 2405 3125 devoret.
2458 3069 2707 3126 Damasci
2748 3072 2981 3142 primum
3027 3087 3225 3128 nomen
3282 3074 3335 3128 iu
3381 3073 3583 3130 Genesi

301 3171 368 3224 tit
397 3187 412 3223 :
446 3170 569 3239 quia
597 3168 753 3239 juxta
796 3169 1080 3224 consilium
1120 3169 1335 3226 Domini
1375 3185 1509 3242 gens
1538 3171 1770 3241 superba
1801 3171 1895 3225 de-

297 3263 444 3318 bitas
485 3276 674 3333 paruas
717 3262 834 3315 luit.
886 3262 1105 3333 Mystice
1150 3272 1329 3317 autem
1355 3303 1370 3329 ,
1413 3262 1566 3334 juxta
1610 3262 1895 3317 consilium

300 3353 534 3419 Domini,
561 3354 767 3425 parvuli
803 3368 1051 3426 gregum,
1091 3357 1193 3408 hoc
1227 3364 1331 3420 est,
1361 3354 1590 3409 humiles
1613 3355 1680 3409 de
1702 3353 1896 3424 populo

300 3444 548 3500 ecclesiae
587 3453 734 3500 recta
773 3446 877 3498 title
924 3453 980 3499 et
1012 3444 1189 3499 veraci
1228 3445 1499 3515 dogmate,
1539 3443 1794 3512 dejiciunt
1832 3457 1897 3498 ac

301 3533 572 3604 dissipant
627 3535 860 3604 superba
906 3534 1159 3603 dogmata
1213 3533 1614 3589 hmreticorum.
1652 3552 1671 3585 ι
1708 3532 1774 3587 Et
1793 3532 1899 3589 erit

303 3639 406 3680 cor
431 3622 652 3679 fortium
680 3623 925 3679 Idumaeas
972 3623 1025 3677 in
1065 3623 1151 3679 die
1189 3622 1304 3688 illa,
1344 3624 1497 3693 quasi
1520 3637 1616 3678 cor
1655 3621 1898 3677 mulieris

304 3715 659 3787 parturientis
684 3732 698 3769 :
734 3734 754 3768 ι
773 3714 897 3783 quia
914 3714 1091 3769 omnis
1113 3714 1286 3769 fastus
1308 3713 1660 3769 contumaciae
1683 3713 1896 3769 hau-eti-

304 3822 498 3863 corum
532 3807 741 3862 Domini
767 3816 898 3861 nutu
926 3805 1237 3861 ednteretur
1259 3847 1275 3870 ,
1312 3814 1368 3861 et
1410 3806 1476 3860 ad
1503 3804 1730 3860 nihilum
1757 3804 1900 3860 redi-

305 3905 486 3968 getur,
511 3896 725 3966 quando
739 3894 894 3963 juxta
917 3895 1258 3950 Psalmistam
1285 3912 1299 3949 :
1329 3912 1347 3946 ι
1382 3895 1651 3966 Exsurget
1676 3894 1822 3950 Deus
1846 3905 1901 3949 et

307 3988 715 4058 dissipabuntur
740 3988 942 4042 inimici
971 3986 1089 4054 ejus
1114 4027 1129 4051 ,
1169 3987 1260 4057 qui
1286 3988 1520 4042 oderunt
1559 4002 1703 4041 eum.
1747 3985 1902 4041 Sicut

309 4077 497 4134 deﬁcit
524 4078 703 4132 fumus
731 4077 1000 4141 deﬁcient,
1040 4077 1184 4131 sicut
1211 4075 1326 4131 fluit
1355 4091 1479 4132 cera
1508 4092 1537 4131 a
1564 4075 1704 4133 facie
1740 4076 1896 4149 ignis,

308 4158 399 4226 sic
425 4171 673 4240 peribunt
694 4177 1005 4239 peccatores
1039 4184 1070 4222 a
1100 4168 1237 4223 facie
1266 4168 1359 4224 Dei
1390 4188 1403 4223 :
1430 4168 1499 4223 Et
1526 4168 1657 4240 justi
1684 4167 1904 4239 epulen—

314 4270 429 4325 tur,
458 4260 726 4315 exsultent
752 4261 804 4314 in
834 4268 1127 4330 conspectu
1164 4259 1282 4325 Dei,
1321 4269 1376 4315 et
1404 4260 1813 4316 delectabuntur
1846 4258 1901 4314 in

312 4350 505 4406 laetitia
532 4366 595 4404 ac
618 4350 959 4404 multitudine
984 4350 1132 4418 pacis
1149 4347 1323 4421 (Psal.
1358 4349 1546 4419 vau).
1591 4368 1610 4400 ι

1996 3160 2223 3231 legimus
2271 3160 2425 3231 (Gen.
2458 3159 2592 3232 xv),
2635 3163 2725 3231 qui
2775 3171 2901 3217 ante
2940 3162 3092 3218 Isaac
3131 3162 3227 3218 fuit
3268 3166 3586 3222 vernaculus

1996 3249 2266 3306 Abraham
2296 3259 2352 3306 et
2389 3252 2679 3321 putabatur
2717 3252 2910 3320 bmres,
2949 3254 3053 3309 nisi
3082 3263 3227 3310 esset
3268 3253 3416 3310 Sat-ae
3446 3256 3586 3311 ﬁlius

1995 3358 2060 3398 ex
2097 3343 2454 3412 promissione
2487 3352 2795 3416 generatus.
2833 3344 3226 3417 Interpretatur
3265 3356 3447 3402 autem
3491 3358 3584 3404 aut

1998 3437 2274 3509 sanguinis
2333 3436 2617 3506 poculum,
2672 3445 2768 3491 aut
2816 3439 3133 3506 sanguinem
3188 3440 3381 3496 bibens
3417 3481 3432 3505 ,
3491 3451 3586 3496 aut

1999 3530 2220 3599 sanguis
2238 3528 2433 3595 cilicii,
2476 3544 2595 3598 qua:
2615 3529 2792 3583 omnia
2816 3530 3012 3600 populo
3037 3532 3366 3586 conveniunt
3388 3531 3583 3586 Ethni-

1998 3634 2207 3686 corum,
2259 3619 2350 3691 qui
2393 3630 2519 3676 ante
2571 3619 2731 3676 ﬁdem
2783 3619 2982 3678 Christi
3034 3624 3240 3680 amicus
3293 3633 3413 3679 erat
3466 3639 3583 3679 san-

1999 3709 2177 3780 guinis
2200 3719 2255 3764 et
2283 3709 2616 3765 crudelitatis
2639 3752 2655 3777 ,
2686 3718 2743 3766 et
2777 3711 2936 3782 digna
2957 3727 3123 3781 opera
3157 3713 3371 3783 planctu
3397 3714 3592 3785 agebat

2000 3809 2056 3855 et
2098 3816 2277 3856 sacco.
2320 3799 2375 3855 In
2412 3799 2629 3855 Dierum
2658 3802 2799 3857 libro
2839 3812 3026 3857 narrat
3072 3804 3296 3859 historia
3344 3805 3427 3876 (ll
3458 3806 3587 3860 Par.

1994 3891 2111 3943 ’xxn
2130 3887 2149 3959 )
2168 3928 2183 3953 ,
2210 3890 2351 3957 quod
2383 3888 2603 3958 impleto
2639 3904 2782 3943 anno
2810 3892 3114 3946 ascenderit
3141 3902 3329 3948 contra
3358 3894 3486 3949 Joas
3510 3910 3593 3949 re-

2000 3995 2121 4052 gem
2175 3978 2480 4036 Judzeorum
2518 3983 2792 4039 exercitus
2841 3983 3034 4055 Syriae,
3071 3997 3126 4040 et
3157 3989 3367 4043 venerit
3402 3988 3594 4044 llicru-

2003 4070 2168 4126 salem
2203 4112 2217 4135 ,
2273 4080 2328 4125 et
2381 4086 2570 4128 omnes
2622 4073 2895 4144 principes
2954 4075 3137 4146 populi
3207 4077 3543 4135 interfecerit
3572 4120 3588 4146 ,

2003 4169 2364 4232 cunctamque
2390 4163 2628 4232 praedam
2664 4166 2872 4220 miserit
2903 4167 3017 4238 regi
3050 4167 3318 4233 Damasci,
3345 4170 3438 4239 qui
3467 4185 3592 4227 cum

2002 4252 2190 4322 paucis
2223 4251 2356 4307 viris
2396 4264 2662 4319 venerat,
2707 4262 2761 4309 et
2807 4255 2951 4311 Deus
2988 4257 3285 4312 tradiderat
3324 4258 3378 4313 in
3428 4276 3593 4316 manu

2002 4356 2191 4396 eorum
2226 4341 2621 4398 multitudinem
2659 4360 2908 4415 magnam
2947 4347 3127 4410 nimis,
3169 4362 3236 4404 eo
3277 4351 3422 4419 quod
3465 4351 3593 4407 reli-

397 4461 418 4493 ι
461 4441 542 4496 Ad
578 4443 895 4497 Damascum
927 4461 940 4495 ε
970 4441 1206 4497 confusa
1241 4451 1322 4495 es;
1352 4441 1546 4496 Emam
1577 4450 1631 4495 et
1658 4441 1898 4511 Alpina,
1930 4437 1979 4500 ῐ)
2004 4430 2767 4505 quissentDominumpatrum
2780 4451 3022 4491 suorum.
3042 4437 3368 4507 Quodjuxta
3392 4457 3596 4514 auaga-

322 4552 341 4585 ι
387 4533 515 4602 quia
539 4532 783 4586 auditum
806 4532 1100 4601 pessimum
1126 4531 1431 4595 audierunt,
1468 4529 1666 4584 turbati
1698 4540 1824 4584 sunt
1853 4530 1907 4584 in

323 4644 345 4677 ι
393 4624 554 4687 mari,
584 4624 637 4677 in
662 4622 1023 4679 sollicitudine
1048 4622 1327 4692 quiescere
1363 4636 1466 4676 non
1509 4622 1700 4691 potuit.
1728 4620 1909 4676 Disso-

323 4735 345 4768 ι
393 4713 505 4769 luta
526 4720 609 4768 est
634 4711 960 4778 Damascus',
991 4726 1149 4766 versa
1191 4719 1275 4766 est
1312 4711 1366 4765 in
1398 4709 1596 4780 fugam,
1630 4710 1794 4764 timor
1815 4725 1909 4779 ap-

326 4828 344 4857 ι
391 4804 676 4875 prehendit
698 4818 839 4869 eam,
875 4803 1124 4874 angustia
1154 4809 1211 4857 et
1230 4801 1444 4856 dolores
1472 4808 1761 4855 tenuerunt
1786 4815 1906 4855 eam

326 4916 346 4947 ι
394 4896 551 4966 quasi
585 4895 993 4965 parturientem.
1039 4893 1317 4961 Quomodo
1347 4892 1746 4962 dereliquerunt
1779 4891 1908 4946 civi-

326 5006 347 5038 ι
397 4993 566 5039 tatem
614 4983 935 5039 laudabilem
967 5026 981 5048 ,
1036 4985 1221 5037 urbem
1269 4982 1501 5037 ltetitiaz?
1546 4981 1670 5037 Ideo
1714 4984 1909 5036 cadent

330 5096 350 5127 ι
391 5074 619 5145 juvenes
644 5072 761 5143 ejus
789 5074 844 5129 in
885 5074 1079 5143 plateis
1106 5073 1222 5142 ejus
1249 5113 1264 5138 ,
1304 5081 1362 5127 et
1389 5087 1580 5127 omnes
1608 5072 1711 5127 viri
1740 5071 1908 5142 prmlii

329 5188 350 5222 ι
397 5166 765 5223 conticescent
792 5166 847 5219 in
890 5165 977 5220 die
1015 5166 1121 5229 illa,
1152 5166 1229 5219 ait
1254 5163 1512 5219 Dominus
1540 5163 1872 5217 exercituum
1894 5203 1909 5228 ,

334 5278 353 5310 ι
397 5263 457 5312 et
484 5258 803 5311 succendam
827 5256 1000 5326 ignem
1024 5257 1075 5310 in
1091 5271 1244 5310 muro
1274 5254 1544 5319 Damasci,
1568 5262 1623 5308 et
1639 5255 1919 5310 devorabit

338 5370 359 5404 σ
405 5351 604 5406 mtenia
631 5350 899 5406 Benedad.
929 5350 1011 5405 Ad
1050 5348 1224 5405 Cedar
1243 5357 1299 5404 et
1327 5349 1395 5402 ad
1427 5364 1589 5419 regna
1614 5348 1769 5409 Asor,
1796 5363 1916 5419 qua:

339 5466 362 5499 ι
409 5443 674 5515 percussit
711 5442 1202 5498 Nabuchodonosor
1249 5456 1343 5495 rex
1380 5439 1684 5509 Babylonis.
1725 5458 1743 5491 ι
1788 5438 1915 5494 Post

335 5535 640 5594 Philistaeos
680 5544 736 5589 et
777 5532 1058 5596 Moabitas,
1098 5531 1439 5586 Ammonitas
1465 5543 1677 5598 quoque
1718 5535 1772 5583 et
1796 5527 1916 5583 ldu-

338 5642 528 5690 matus,
557 5626 623 5681 ad
650 5625 991 5692 Damascum,
1022 5623 1072 5679 id
1098 5634 1185 5678 est
1210 5620 1464 5677 Arabiam
1489 5634 1667 5676 sermo
1692 5634 1917 5675 conver-

2009 4541 2111 4596 gen
2155 4535 2210 4581 et
2232 4524 2539 4582 futurorum
2567 4536 2749 4600 typum
2776 4531 3226 4586 consulerandum
3255 4542 3378 4589 est:
3413 4544 3592 4591 utrum

2009 4618 2113 4672 hoc
2137 4618 2204 4673 ad
2238 4624 2451 4687 tempus
2472 4619 2736 4677 Dominici
2763 4621 3024 4678 adventus
3055 4623 3259 4680 referre
3298 4626 3592 4683 valeamus.

2010 4707 2137 4764 Post
2158 4707 2322 4764 ﬁnem
2346 4710 2492 4765 enim
2518 4712 2643 4766 anni
2662 4714 3028 4783 acceptabilis,
3059 4715 3114 4771 in
3136 4731 3289 4786 quoa
3315 4717 3596 4774 Salvatore

2008 4801 2358 4874 Evangelium
2387 4803 2735 4873 praedicatum
2771 4813 2876 4871 est,
2932 4806 3177 4861 ascendit
3217 4809 3283 4862 de
3328 4806 3593 4862 Daiuasco

2011 4889 2252 4958 gentium
2291 4889 2582 4955 exercitus,
2614 4891 2667 4944 in
2699 4892 2885 4960 paucis
2917 4892 3069 4956 viris,
3098 4904 3286 4946 contra
3318 4891 3511 4947 Judant
3540 4903 3595 4947 et

2013 4975 2350 5032 Hierusalem
2371 5019 2386 5043 ,
2434 4994 2553 5048 quae
2588 4979 2921 5048 reliquerunt
2956 4981 3241 5035 Dominum
3267 5020 3283 5046 ,
3324 4989 3381 5035 et
3406 4997 3595 5038 omnes

2015 5087 2200 5127 eorum
2235 5071 2377 5141 leges
2425 5089 2487 5127 ac
2519 5074 2921 5142 prophetarum,
2960 5073 3231 5129 abstulere
3260 5074 3499 5140 divitias,
3538 5083 3594 5131 et

2014 5162 2281 5216 miserunt
2322 5167 2434 5232 regi
2482 5162 2751 5228 Damasci,
2797 5164 2930 5218 viris
2970 5163 3354 5220 ecclesiasticis
3382 5175 3437 5220 et
3469 5166 3594 5220 doc-

2015 5252 2175 5306 trium
2189 5252 2526 5323 evangelicae,
2544 5252 2634 5320 qui
2661 5252 2727 5306 ad
2743 5253 3198 5321 comparationem
3224 5255 3385 5310 totius
3408 5256 3595 5310 muttdi

2020 5342 2195 5397 adhuc
2223 5350 2352 5397 tunc
2380 5341 2585 5408 ﬁdeles,
2624 5351 2679 5397 et
2715 5343 2765 5397 in
2796 5351 2908 5397 toto
2945 5343 3076 5400 orbe
3097 5344 3461 5414 dispersorum
3494 5345 3595 5401 Ju-

2017 5433 2288 5497 daeorum,
2334 5432 2489 5500 pauci
2538 5440 2720 5498 erant,
2764 5442 2819 5488 et
2863 5443 3039 5488 tamen
3079 5436 3337 5492 Dominus
3373 5439 3596 5494 tradidit

2018 5523 2351 5580 Hierusalem
2401 5523 2645 5579 manibus
2696 5539 2917 5592 eorum,
2958 5541 3023 5581 eo
3065 5527 3208 5598 quod
3255 5528 3599 5599 reliquissent

2017 5617 2111 5673 Dei
2154 5615 2368 5683 Filium,
2412 5616 2501 5685 qui
2543 5632 2638 5687 per
2667 5618 2955 5689 prephetas
2983 5629 3108 5674 ante
3134 5621 3455 5690 praedicatus
3487 5634 3591 5705 est.
