3970 6190
460 270 592 326 “55

1090 269 1150 324 Β.
1193 266 1446 324 ΒΑΒΛΝΙ
1485 265 1700 323 MAIJRI
1737 264 2052 320 ARClllEP.
2084 263 2391 321 MOGUNT.
2426 265 2708 322 OPERUM
2742 266 2923 324 PARS
2961 269 3044 324 Ill.

3567 267 3717 324 H56

448 384 558 454 Ego
583 383 652 438 ob
681 382 836 439 ~banc
869 396 1091 438 causam
1129 395 1284 446 reor,
1323 389 1377 434 et
1405 378 1626 434 Saulnm
1657 417 1672 442 ,
1711 377 1802 446 qui
1839 383 2027 447 postea
2055 377 2102 437 Α
2133 389 2236 429 nox
2265 375 2584 444 compulerit
2605 377 2762 432 sedes
2789 385 2998 442 tenent,
3021 377 3219 447 quibus
3237 385 3484 433 armenta
3506 390 3632 432 sunt
3659 389 3721 433 et

448 471 597 529 Pauli
619 491 682 530 ex
711 475 910 529 virtute
944 489 1138 528 nomen
1179 471 1416 541 accepit,
1457 469 1550 540 qui
1590 467 1869 522 aemulator
1904 473 2023 520 erat

449 569 582 635 regis
628 581 694 618 ex
737 563 1032 628 Damasco,
1069 570 1124 616 et
1159 570 1346 616 contra
1376 559 1655 615 credentes
1681 572 1745 610 ex
1775 555 2024 625 gentibus

447 671 689 726 pttgnare
733 655 964 708 voluisse
989 695 1004 715 ,
1043 652 1134 722 qui
1178 653 1230 706 in
1271 653 1532 706 Damasco
1558 647 1933 711 versabantur,
1967 652 2026 698 ut

449 747 570 802 inde
611 762 824 800 rursum
863 743 1194 798 Hierusalem
1245 741 1458 798 Judmos
1495 747 1894 808 expugnaturus
1943 750 2026 788 as-

449 840 698 894 cenderet
736 837 874 909 (Act.
911 839 1010 906 lx).
1048 835 1151 889 Per
1188 833 1506 886 Damascum
1543 828 1751 884 vocatio
1785 827 2022 896 gentium

447 927 798 998 significatur,
823 925 1076 995 quoniam
1108 923 1381 986 amabant,
1397 921 1480 975 vel
1513 919 1770 974 bibebant
1803 915 2023 986 sangui—

446 1033 594 1082 nem,
627 1031 747 1086 quae
767 1024 1048 1086 postquam
1081 1012 1134 1066 in
1167 1011 1380 1066 Christo
1410 1007 1758 1070 crediderint,
1783 1005 2024 1075 pristina:

447 1105 872 1160 conversationis
918 1102 1108 1156 civitas
1154 1115 1272 1154 esse
1317 1099 1613 1160 desistent,
1661 1115 1679 1148 ι
1717 1103 1772 1149 et
1817 1101 2019 1158 erunt,

441 1193 595 1264 juxta
647 1194 798 1248 Isaiae
847 1191 1189 1253 vaticinium,
1250 1189 1650 1242 sicutacervus
1689 1183 1926 1252 lapidum
1967 1181 2021 1235 in

448 1287 600 1338 ruina
657 1281 793 1354 (lsa.
854 1279 1008 1351 xvn).
1054 1300 1072 1331 ι
1115 1279 1393 1346 Quomodo
1440 1279 1582 1332 enim
1656 1275 1834 1330 acervi
1881 1273 2018 1343 lapi-

447 1373 574 1427 dum
596 1412 612 1437 ,
667 1371 756 1441 qui
788 1370 842 1423 in
868 1369 1010 1440 agris
1057 1368 1281 1438 dispersi
1307 1377 1454 1432 sunt,
1482 1367 1534 1421 in
1567 1381 1730 1420 unum
1755 1363 2019 1418 tumulum

443 1469 846 1531 cutnportantur
870 1498 885 1522 ,
935 1459 1012 1512 sic
1048 1457 1115 1511 de
1143 1457 1408 1510 universis
1447 1453 1751 1508 nationibus
1796 1465 2020 1506 acervus

441 1549 772 1606 credentium
822 1556 1196 1618 congregatur,
1245 1545 1296 1599 in
1345 1545 1556 1598 ruinam
1587 1542 1765 1612 populi
1811 1541 2019 1596 Judaeu—

442 1655 580 1702 rum,
613 1639 717 1693 illis
746 1638 1059 1693 cadentibus
1091 1644 1146 1691 et
1182 1636 1336 1690 nobis
1365 1635 1706 1702 surgentibus
1728 1631 2015 1703 (MAUBUS).

2122 478 2318 534 pecora
2351 464 2679 519 camelorum
2707 480 3002 536 gregesque
3030 467 3234 531 ovium,
3255 467 3348 536 qui
3373 483 3480 521 non
3507 467 3724 522 habent

2121 553 2259 607 ostia
2289 565 2388 606 nec
2412 563 2608 608 vectes.
2641 553 2756 608 Non
2785 556 2927 609 enim
2953 567 3242 610 versantur
3267 557 3323 610 in
3363 557 3596 611 urbibus
3619 557 3726 612 sed

2123 639 2178 693 in
2204 640 2510 694 solitudine.
2542 641 2609 695 Et
2640 643 2692 696 hi
2733 659 2860 714 ergo
2885 659 2915 696 a
2934 644 3241 714 Babyloniis
3267 643 3428 698 deleti
3455 654 3582 698 sunt
3601 685 3618 708 ,
3649 661 3726 699 eo

2125 731 2266 798 quod
2299 732 2437 784 Aser
2463 731 2762 794 civitatem,
2793 747 2912 802 qure
2939 733 3253 801 metropolis
3283 735 3463 802 gentis
3489 733 3639 786 illius
3661 735 3730 789 it:

2123 837 2305 877 eremo
2331 823 2450 887 fuit,
2477 838 2646 893 usque
2686 823 2754 878 ad
2781 824 2952 878 solum
2991 825 3383 885 subverterent,
3425 833 3482 878 et
3528 835 3724 878 tamen

2123 929 2245 968 cum
2277 913 2604 970 camelorum
2627 923 2684 970 et
2725 915 2907 970 ovium
2944 931 3133 987 greges
3157 916 3302 986 capti
3331 923 3476 980 sunt,
3517 917 3726 986 pelles~

2121 1017 2228 1072 que
2273 1019 2460 1058 eorum
2499 1012 2554 1058 et
2593 1005 2826 1058 tentoria
2857 1014 3002 1060 sorte
3041 1007 3247 1069 divisa,
3270 1007 3507 1060 nominis
3534 1008 3724 1077 gentis

2123 1095 2266 1149 illius
2293 1095 2626 1163 significatur
2664 1096 2914 1150 interitus
2931 1137 2946 1162 ,
2971 1111 3038 1150 eo
3062 1098 3204 1166 quod
3230 1098 3596 1151 dromedariis
3631 1113 3727 1152 ca—

2122 1188 2277 1244 melis
2301 1197 2515 1242 ccntum
2552 1196 2609 1243 et
2644 1187 2874 1258 amplius
2910 1189 3077 1243 millia
3117 1205 3226 1242 uno
3250 1189 3337 1243 die
3367 1203 3466 1258 per
3499 1200 3724 1243 vastata

2120 1278 2464 1333 solitudinem
2509 1276 2693 1346 fugere
2739 1278 2932 1333 solent.
2972 1277 3250 1340 Anfertur,
3279 1280 3490 1346 inquit,
3535 1280 3726 1332 omnis

2119 1368 2292 1425 Cedar
2320 1369 2375 1422 in
2408 1370 2612 1423 minuto
2637 1383 2862 1422 numero
2890 1368 3314 1438 sagittariorum,
3344 1383 3450 1437 qua
3474 1367 3723 1422 maxime

2117 1459 2319 1530 pollent
2341 1468 2480 1514 arte.
2522 1457 2848 1527 Spiritalitcr
2875 1467 3054 1512 autem
3089 1458 3284 1523 Ccdar,
3317 1459 3408 1527 qui
3441 1459 3722 1528 interpre-

2120 1557 2264 1604 tatur
2286 1547 2536 1612 tenebrtc,
2557 1559 2611 1603 et
2631 1549 2894 1617 Asor,qui
2919 1548 3306 1617 interpretatur
3323 1550 3522 1618 sagitta
3555 1549 3720 1603 lumi-

2119 1641 2224 1707 nis,
2247 1641 2553 1712 signiﬁcant
2577 1643 2860 1697 haereticos
2878 1653 3057 1698 mente
3081 1643 3421 1706 tenebrosus,
3443 1654 3501 1697 et
3527 1656 3712 1698 tamen

443 1730 763 1784 Damascum
811 1745 938 1796 ergo
977 1727 1273 1797 spiritalem
1321 1727 1482 1780 timor
1525 1723 1890 1794 apprehendit,
1925 1737 2018 1775 an-
2051 1721 2094 1779 Β
2123 1733 2402 1787 sententiis
2426 1731 2732 1803 dogmarum
2752 1749 2973 1788 suorum
3002 1735 3227 1804 saginas
3255 1734 3475 1789 luminis
3505 1734 3715 1804 ﬁnge"-

440 1821 632 1888 gustia:
659 1828 716 1874 et
739 1817 952 1873 dolores
978 1819 1127 1887 quasi
1163 1816 1575 1886 parturientem,
1607 1815 1709 1869 hoc
1735 1821 1836 1874 est,
1875 1811 2014 1874 illos,

439 1911 530 1979 qni
584 1925 765 1964 coram
792 1909 903 1963 Deo
941 1921 1041 1976 pro
1082 1907 1317 1976 peccatis
1347 1905 1457 1960 suis
1495 1902 1869 1973 paenitentiam
1899 1915 2018 1970 ege-

443 2010 610 2064 runt,
654 2009 713 2053 ut
753 1999 1080 2068 partui-irent
1129 1997 1373 2066 spiritum
1403 1994 1609 2056 salutis,
1660 1999 1716 2047 et
1755 1993 2016 2046 bonorum

438 2104 661 2158 operum
702 2086 931 2140 fructum
958 2083 1280 2154 proferrent.
1329 2084 1452 2138 Ideo
1483 2098 1610 2152 ergo
1643 2081 1780 2135 versi
1809 2088 1933 2133 sunt
1965 2083 2013 2134 in

440 2176 616 2247 fugam
644 2176 934 2241 salubrem,
950 2185 1008 2228 ut
1027 2175 1338 2229 deserentes
1365 2170 1716 2226 idololatriam
1735 2171 1802 2226 ad
1832 2185 2016 2222 verum

439 2271 603 2324 Deum
642 2277 1044 2336 convertantur,
1081 2276 1132 2326 et
1161 2266 1250 2340 qui
1271 2266 1421 2342 prius
1453 2265 1666 2322 fut-rant
1701 2279 1796 2338 per
1823 2260 2015 2315 feroci-

437 2371 602 2420 tatem
633 2365 964 2434 praeliatores
992 2363 1220 2428 diaboli,
1255 2377 1400 2417 nunc
1431 2361 1558 2416 fiant
1583 2376 1679 2431 per
1715 2367 2017 2414 niansuctu-

437 2459 610 2514 dinem
642 2456 816 2512 devoti
846 2455 1042 2510 milites
1065 2453 1283 2509 Christi.

511 2569 528 2600 ι
576 2547 699 2602 llaec
746 2547 875 2602 dicit
944 2546 1198 2600 Dominus
1246 2564 1258 2598 :
1304 2543 1562 2613 Surgite,
1617 2540 1886 2596 ascendite
1946 2539 2013 2594 ad

443 2658 460 2689 ι
509 2637 702 2700 Cedar,
741 2646 798 2691 et
826 2645 1032 2690 vastate
1063 2634 1200 2690 filios
1241 2633 1485 2688 orientis.
1517 2630 1885 2686 Tabernacula
1925 2643 2014 2683 eo-

442 2746 459 2775 ι
508 2741 626 2779 rum
657 2734 712 2779 et
736 2740 924 2796 greges
944 2740 1129 2778 eorum
1157 2722 1388 2792 capient,
1416 2720 1579 2792 pelles
1603 2735 1790 2774 eorum
1817 2727 1869 2772 et
1897 2733 2012 2772 om-

438 2837 456 2868 ι
504 2817 592 2871 nia
620 2831 748 2870 vasa
778 2830 986 2880 eorum,
1023 2824 1073 2869 et
1112 2812 1347 2868 camelos
1386 2827 1572 2866 eorum
1603 2809 1787 2864 tollent
1810 2808 1930 2871 sibi,
1960 2817 2013 2863 et

441 2927 458 2960 ι
501 2909 766 2962 vocabunt
805 2920 965 2976 super
1001 2921 1094 2961 eos
1129 2903 1466 2961 formidinem
1517 2902 1568 2957 in
1616 2902 1840 2956 circuitu
1875 2898 2006 2967 ejus.

442 3013 459 3046 ι
505 2995 710 3066 Fugite,
741 2995 883 3049 abite
919 2995 1284 3057 vehementer,
1324 2992 1378 3046 in
1415 2990 1762 3060 Voragiuibus
1797 2989 2008 3053 sedete,

2117 1833 2218 1888 tes,
2247 1822 2339 1892 qui
2379 1837 2438 1876 se
2463 1823 2719 1877 simulant
2747 1838 2866 1879 esse
2897 1823 3035 1878 ﬁlios
3063 1825 3310 1889 orientis,
3345 1840 3474 1878 cum
3505 1828 3712 1880 veraci-

2117 1919 2199 1964 ter
2254 1911 2362 1966 sint
2413 1911 2506 1965 filii
2571 1913 2937 1966 tenebrarum.
2995 1912 3196 1967 Horum
3251 1915 3606 1968 tabernacula
3657 1925 3712 1970 et

2113 2015 2325 2071 greges,
2356 2001 2521 2070 pelles
2547 2010 2602 2054 ct
2635 2017 2794 2066 vasa,
2837 2001 3073 2057 camelos
3119 2010 3174 2056 ct
3214 2000 3471 2070 iumenta
3494 2044 3510 2067 ,
3552 2003 3712 2058 Chal-

2114 2092 2210 2145 daei
2238 2091 2505 2161 spiritales
2532 2107 2652 2147 cum
2691 2092 3184 2146 Nabuchodonosor
3211 2093 3444 2162 mystico
3489 2103 3711 2147 vastan-

2116 2189 2196 2237 tes
2235 2183 2478 2252 capiunt,
2509 2183 2635 2252 quia
2671 2183 2917 2238 doctores
2961 2199 3084 2238 cum
3121 2183 3400 2252 discipulis
3437 2200 3566 2238 vasa
3624 2202 3716 2239 nc-

2113 2271 2293 2346 qnitim
2320 2315 2334 2341 ,
2357 2288 2481 2331 cum
2525 2272 2829 2334 morticinis
2858 2272 3189 2340 facinorum,
3221 2276 3411 2332 brutus
3451 2275 3709 2330 homines

2112 2382 2143 2419 a
2186 2366 2498 2421 tortitudine
2540 2377 2881 2436 peccatorum
2923 2367 3208 2431 deformes,
3253 2368 3305 2422 in
3351 2366 3714 2438 voraginibus

2115 2456 2378 2511 scelerum
2414 2473 2633 2511 suorum
2663 2457 2936 2513 latitantes
2963 2457 3201 2527 capiunt,
3228 2469 3395 2527 atque
3425 2461 3478 2512 in
3509 2460 3708 2513 interi-

2114 2556 2225 2601 tutn
2261 2548 2646 2617 sempiternum
2675 2548 2977 2602 abducunt:
3007 2549 3100 2618 qui
3129 2547 3253 2603 licet
3277 2548 3475 2602 attonsi
3509 2549 3626 2603 sint
3657 2549 3711 2602 in

2112 2651 2263 2691 coma
2283 2677 2298 2703 ,
2329 2647 2384 2692 et
2411 2637 2646 2707 privatos
2687 2638 2927 2692 crinibus
2953 2638 3204 2692 vitiorum
3242 2653 3302 2693 se
3338 2639 3709 2702 arbitrentur,

2115 2735 2292 2781 tamen
2319 2737 2537 2799 propter
2575 2737 2794 2798 peccata
2844 2742 2963 2792 sua,
2999 2737 3056 2782 et
3094 2727 3403 2798 hypocrisin
3432 2728 3712 2796 ncquissi-

2112 2833 2254 2870 mam
2297 2817 2460 2871 morti
2497 2817 2714 2872 obnoxii
2751 2827 2880 2870 sunt
2913 2827 3200 2886 perpetuae.
3241 2816 3468 2885 Eritqne
3509 2818 3710 2871 civitas

2109 2921 2316 2974 eorum,
2344 2908 2484 2976 quod
2511 2923 2723 2977 semper
2749 2908 3015 2962 contraria
3039 2908 3322 2962 exstiterat
3343 2908 3552 2962 civitati
3580 2908 3700 2973 Dei,

2089 2999 2472 3056 Jtabitaculum
2503 2999 2795 3054 draconum
2827 2999 3147 3069 spiritalium
3167 3039 3183 3064 ,
3227 3015 3325 3053 nec
3353 3000 3424 3054 ibi
3459 3001 3707 3054 auehit

448 3108 464 3136 ι
509 3063 608 3154 qui
631 3085 886 3140 habitatis
910 3083 1066 3149 Asor,
1093 3081 1168 3137 ait
1191 3083 1469 3138 Dominus.
1505 3079 1628 3134 lniit
1651 3080 1794 3135 enim
1821 3088 2008 3134 contra
2037 3063 2080 3123 (ἶ
2112 3090 2196 3144 vi;-
2223 3089 2620 3146 θεοιεείειειίωε
2657 3099 2818 3158 atque
2853 3063 3181 3154 Labdacqu
3209 3104 3307 3144 nec
3339 3089 3538 3144 ίηοοιει
3574 3105 3702 3144 eam

441 3195 456 3226 ι
499 3193 596 3232 vos
629 3175 1123 3232 Nabuchodonosor
1168 3191 1264 3229 rex
1307 3173 1596 3244 Babylonis
1627 3174 1931 3238 consilium,
1957 3181 2013 3227 et

441 3286 458 3316 ι
503 3266 758 3334 cogitavit
797 3264 1078 3319 adversum
1130 3280 1226 3318 vos
1269 3263 1643 3331 cogitationes.
1693 3263 2011 3332 Consurgitc

439 3375 456 3407 ι
501 3363 552 3409 et
599 3355 876 3409 ascendite
917 3355 982 3409 ad
1031 3366 1246 3425 gentem
1273 3356 1509 3425 quietam
1535 3395 1548 3418 ,
1587 3362 1643 3408 et
1681 3353 2008 3408 habitantem

437 3467 453 3498 ε
501 3446 864 3508 conﬁdenter,
909 3446 982 3500 ait
1028 3446 1302 3500 Dominus.
1343 3444 1460 3500 Non
1497 3445 1652 3507 ostia,
1696 3460 1800 3498 non
1831 3453 2010 3498 vectes

439 3555 456 3586 ι
504 3537 614 3601 eis,
654 3533 752 3590 soli
791 3533 1049 3588 habitant.
1078 3534 1143 3588 Et
1176 3544 1333 3588 erunt
1366 3533 1556 3588 cameli
1575 3547 1762 3587 eorum
1786 3532 1838 3586 in
1862 3531 2007 3585 dirc-

439 3644 456 3676 ι
502 3624 755 3693 ptioncm,
791 3631 847 3679 et
871 3623 1156 3678 multitudo
1182 3623 1544 3693 jumentornm
1572 3621 1624 3676 in
1664 3619 1917 3690 praedam,
1953 3628 2008 3674 et

437 3738 454 3767 ι
500 3715 804 3786 dispergam
827 3730 920 3769 eos
949 3715 1000 3768 in
1031 3729 1246 3769 omnem
1277 3724 1513 3779 ventum,
1542 3712 1632 3782 qui
1665 3722 1789 3766 sunt
1807 3712 2005 3766 attonsi

437 3828 454 3859 ι
503 3807 552 3862 in
583 3822 759 3872 coma,
790 3815 846 3860 et
866 3822 929 3860 ex
956 3806 1102 3860 onmi
1125 3806 1356 3860 confinio
1381 3821 1566 3860 eorum
1587 3805 1844 3860 adducam
1870 3803 2007 3857 inte-

439 3917 457 3950 ι
506 3899 663 3952 ritum
693 3911 853 3966 super
875 3913 990 3962 eos,
1023 3897 1097 3950 ait
1125 3895 1396 3951 Dominus.
1446 3895 1512 3950 Et
1539 3897 1644 3951 erit
1670 3894 1811 3948 Asor
1831 3893 1882 3948 in
1909 3895 2004 3948 ha-

437 4005 456 4038 c
498 3986 785 4042 bitaculum
809 3987 1100 4040 draconum
1131 4026 1146 4052 ,
1175 3985 1386 4041 deserta
1413 4000 1581 4054 usque
1609 3984 1663 4038 in
1691 3994 1951 4038 aeternum
1986 4001 1999 4036 :

438 4093 456 4126 ι
499 4075 612 4130 Non
639 4075 877 4130 manebit
909 4075 978 4128 ibi
1019 4075 1098 4127 vir
1124 4114 1138 4138 ,
1183 4089 1280 4128 nec
1305 4073 1498 4128 incolet
1521 4087 1637 4127 eam
1665 4071 1805 4126 filius
1833 4071 2004 4126 homi—

436 4187 454 4217 ο
497 4167 582 4222 nis
610 4186 628 4219 ι
660 4165 926 4238 (Hieron)
950 4165 1108 4218 Liber
1131 4162 1399 4219 Geneseos
1425 4163 1580 4218 docet
1603 4177 1668 4215 ex
1693 4160 1879 4216 lsmael
1903 4160 2002 4216 Ce-

431 4259 528 4312 dar
551 4265 606 4312 el
633 4256 928 4327 Agat-enus,
956 4255 1043 4324 qui
1079 4269 1332 4324 perverso
1359 4253 1574 4308 nomine
1609 4251 1862 4306 Saraceni
1901 4267 1998 4306 vo-

427 4355 640 4412 cantur,
658 4363 778 4402 esse
805 4357 1106 4418 generatos.
1123 4344 1186 4398 lli
1203 4361 1297 4414 per
1312 4352 1475 4398 totam
1499 4344 1740 4399 habitant
1760 4341 2001 4399 solitudi-

433 4451 552 4490 nem
577 4475 593 4501 ,
623 4407 688 4490 de
720 4407 914 4504 quibus
941 4443 1067 4504 puto
1094 4443 1150 4489 et
1174 4407 1384 4504 poetam
1419 4433 1620 4499 dicere,
1652 4432 1877 4504 Lateque
1908 4450 2000 4486 va-
2025 4407 2075 4466 Ῑ)

429 4537 610 4597 ganm
677 4525 936 4580 Barcha'i.
993 4525 1060 4580 Et
1115 4524 1268 4594 juxta
1329 4515 1692 4594 stipradictum
1752 4523 1998 4578 volumen

434 4637 452 4668 ι
481 4625 666 4671 contra
689 4615 878 4670 faciem
899 4617 1135 4671 omnium
1174 4617 1396 4671 fratrum
1425 4631 1642 4670 suorum
1667 4615 1944 4670 habitabit.
1975 4635 1994 4668 ›

427 4723 492 4762 eo
507 4708 647 4777 quod
667 4706 925 4760 latissima
945 4719 1158 4762 eremus
1185 4708 1250 4762 ab
1275 4707 1418 4761 lndia
1441 4707 1505 4762 ad
1522 4705 1892 4761 Mauritaniam
1916 4723 2002 4761 ns-

429 4813 534 4867 que
591 4797 838 4852 tendatur
877 4805 931 4850 et
978 4797 1298 4851 Atlanticum
1347 4812 1626 4851 oceanum.
1669 4798 1820 4863 Quod
1870 4807 2000 4866 puto

421 4887 668 4944 Jeremia:
707 4886 915 4941 titulum
963 4899 1154 4940 sonare
1177 4890 1244 4939 ad
1289 4885 1462 4940 Ccdar
1487 4894 1540 4940 et
1563 4885 1628 4940 ad
1653 4901 1817 4958 regna
1841 4892 1994 4951 Asot‘,

425 4993 545 5047 qua:
590 4977 855 5048 percussit
887 4973 1376 5030 Nabuchodonosor
1405 4991 1497 5029 rex
1538 4975 1840 5046 Babylonis.
1875 4975 1998 5032 Sta-

425 5074 627 5140 timque
669 5070 930 5139 sequitur.
972 5087 990 5120 ‹
1028 5067 1152 5123 Haec
1185 5067 1596 5123 dicitDominus
1630 5085 1643 5122 :
1689 5070 1905 5140 Surgite
1943 5081 1998 5127 et

425 5160 697 5216 ascendite
727 5160 792 5214 ad
825 5159 996 5214 Ccdar
1032 5165 1086 5212 et
1110 5166 1318 5212 vastate
1348 5157 1484 5212 filios
1509 5158 1749 5213 orientis.
1795 5159 1997 5215 Taber-

425 5248 613 5304 nacula
641 5262 828 5304 eorum
855 5256 910 5304 et
943 5263 1130 5318 greges
1152 5264 1337 5303 eorum
1369 5249 1599 5318 capient,
1621 5249 1788 5318 pelles
1807 5266 1994 5306 eorum

421 5347 477 5392 et
503 5339 682 5393 omnia
709 5352 838 5392 vasa
863 5345 918 5390 et
955 5337 1188 5392 camelos
1221 5337 1406 5392 tollent
1445 5337 1547 5393 sibi
1577 5376 1592 5403 ,
1645 5358 1664 5391 ι
1717 5348 1771 5394 et
1799 5351 1990 5396 cretcra

423 5445 590 5500 usque
617 5431 671 5486 in
702 5429 859 5484 linem
888 5428 1124 5496 capituli.
1155 5427 1446 5483 Considera
1489 5430 1754 5498 quomodo
1790 5431 1990 5486 [smac-

425 5519 658 5585 litarum,
684 5519 788 5575 hoc
810 5529 892 5574 est
921 5517 1338 5584 Saracenorum,
1368 5521 1639 5590 propriam
1665 5529 1874 5591 gentem
1901 5521 1992 5576 de-

423 5610 700 5678 scripserit
735 5627 748 5665 :
776 5611 874 5678 Qui
909 5611 1153 5667 habitant
1181 5609 1232 5664 in
1263 5611 1523 5679 tentoriis,
1552 5612 1640 5681 qui
1670 5613 1990 5682 ubicumque

2112 3180 2252 3235 filius
2299 3181 2529 3236 hominis
2551 3219 2566 3246 ,
2609 3181 2876 3235 veraciter
2906 3188 3060 3235 utens
3095 3195 3126 3234 a
3154 3179 3264 3234 Deo
3297 3180 3352 3233 in
3385 3195 3444 3234 se
3473 3179 3700 3234 condita

2111 3273 2322 3328 ratione
2343 3313 2358 3338 ,
2389 3273 2483 3328 sed
2523 3272 2620 3327 soli
2651 3272 2842 3342 perditi
2876 3287 2942 3326 ac
2969 3271 3243 3326 erroribus
3269 3270 3478 3338 decepti
3505 3286 3700 3324 mane-

2109 3362 2242 3417 bunt
2267 3362 2320 3416 in
2358 3371 2692 3434 perpetuum.
2721 3360 2794 3416 De
2825 3361 2926 3415 hoc
2949 3359 3175 3430 spiritali
3201 3358 3375 3414 Cedar
3405 3359 3696 3414 Psalmista

2109 3462 2518 3517 commemorat,
2564 3451 2750 3506 dicens
2789 3469 2804 3504 :
2853 3469 2873 3502 ι
2910 3449 3022 3504 Heu
3049 3465 3191 3523 _me,
3243 3449 3368 3520 quia
3427 3450 3696 3504 iaculatus

2109 3559 2263 3600 meus
2304 3544 2656 3614 prolongatus
2693 3551 2778 3598 est
2803 3583 2816 3600 .
2869 3541 3105 3599 habitari
3152 3555 3273 3594 cum
3319 3541 3699 3594 habitantibus

2107 3637 2280 3693 Cedar
2319 3635 2493 3708 (Psal.
2539 3634 2708 3708 cxtx).
2755 3655 2774 3688 ι
2808 3635 2968 3690 \enit
3004 3633 3070 3688 ad
3108 3633 3398 3688 secundam
3439 3644 3690 3700 partem,

2106 3728 2197 3784 ubi
2226 3725 2510 3782 damnatus
2535 3726 2685 3790 vitia,
2713 3725 2890 3780 δεδουὶί
2921 3725 3086 3778 vitam
3113 3738 3173 3778 se
3209 3723 3437 3792 pteniwt
3482 3721 3692 3776 habere

2105 3818 2470 3890 longinquam.
2492 3837 2510 3869 ι
2531 3816 2645 3872 Heu
2671 3833 2772 3880 me,
2797 3837 2816 3868 ι
2835 3832 3013 3872 sermo
3027 3815 3256 3870 dolentis
3267 3823 3370 3878 est,
3385 3815 3510 3883 quia
3527 3814 3692 3883 lmjus

2106 3908 2291 3964 mundi
2321 3909 2628 3978 prolixitate
2651 3907 2926 3976 fatigetur,
2949 3923 3112 3977 quam
3140 3906 3412 3976 querelam
3441 3907 3688 3960 diversus

2103 4007 2318 4054 sanctos
2352 3997 2601 4053 habuisse
2635 4014 2740 4052 non
2783 3996 3002 4051 dubium
3029 4004 3136 4061 est,
3165 3995 3301 4049 sicut
3331 3994 3687 4050 Ecclesiastes

2103 4092 2234 4148 dicit
2267 4110 2281 4144 :
2317 4111 2336 4142 ε
2374 4091 2442 4152 Et
2480 4090 2690 4146 laudavi
2738 4103 2924 4144 omnes
2947 4089 3036 4158 qui
3085 4089 3281 4143 mortui
3321 4099 3469 4152 sunt,
3519 4104 3686 4156 super

2101 4193 2291 4234 omnes
2318 4178 2410 4246 qui
2435 4177 2617 4231 vivunt
2647 4193 2816 4247 usque
2836 4193 2978 4231 nunc
2999 4176 3186 4248 (Eccli.
3211 4176 3305 4248 tv).
3347 4195 3364 4227 ι
3395 4175 3682 4245 Apostolus

2101 4284 2312 4339 quoque
2342 4267 2539 4322 Paulus
2584 4267 2851 4323 exclamat
2889 4287 2902 4321 :
2955 4265 3161 4336 «Cupio
3200 4267 3416 4321 dissolvi
3461 4277 3512 4321 et
3558 4283 3682 4322 esse

2101 4374 2222 4412 cum
2252 4359 2466 4413 Christo
2507 4356 2674 4429 (Phil.
2712 4359 2774 4429 l).
2813 4378 2834 4411 ι
2877 4358 3065 4414 Merito
3093 4373 3221 4428 ergo
3249 4368 3303 4413 et
3329 4361 3590 4428 propheta
3619 4361 3674 4413 in

2097 4449 2202 4508 hac
2224 4457 2376 4518 parte
2389 4449 2714 4520 congemuit,
2737 4449 2826 4518 qui
2852 4449 3122 4504 simillimo
3143 4449 3352 4504 Domini
3379 4466 3566 4504 amore
3581 4452 3672 4504 lla-

2101 4540 2292 4610 gravit.
2335 4539 2600 4594 lncolatus
2639 4549 2817 4593 autem
2861 4539 3130 4609 significat
3163 4541 3670 4610 peregrinationem.

2097 4629 2307 4684 lncolas
2330 4631 2474 4684 enim
2513 4629 2770 4694 dicimus,
2797 4629 2886 4698 qui
2931 4630 2997 4683 ad
3029 4638 3235 4697 tempus
3273 4639 3443 4684 terras
3471 4629 3675 4683 alienas

2099 4717 2302 4782 colunt,
2341 4719 2433 4773 sed
2473 4734 2503 4772 a
2541 4719 2714 4788 patria
2753 4734 2848 4772 sua
2885 4717 3039 4790 longe
3078 4717 3305 4786 seiuncti
3341 4728 3486 4774 sunt.
3521 4720 3673 4787 Quod

2099 4807 2164 4862 de
2188 4807 2292 4863 illis
2318 4811 2511 4864 merito
2538 4810 2752 4873 dicitur,
2777 4825 3002 4880 quorum
3025 4812 3360 4866 conversatio
3381 4826 3596 4880 semper
3617 4812 3668 4866 in

2103 4898 2255 4954 caelis
2283 4907 2364 4954 est
2385 4941 2400 4964 ,
2441 4900 2533 4955 sed
2571 4901 2746 4954 adhuc
2773 4899 2862 4955 hic
2894 4915 3119 4970 corpore
3161 4901 3485 4955 da-tinentur.
3519 4901 3668 4965 Quod

2103 5000 2280 5044 autem
2311 4991 2445 5044 dixit
2475 5009 2487 5043 :
2525 5009 2542 5039 ‹
2575 4989 2918 5062 prolongatus
2951 5001 3031 5046 est
3053 5031 3067 5056 ,
3106 5011 3126 5044 ι
3157 4989 3404 5046 allectum
3445 4992 3666 5045 nimium

2101 5079 2454 5134 desiderantis
2499 5079 2764 5148 expressit
2807 5097 2820 5133 :
2863 5079 3106 5149 Cupienti
3154 5080 3419 5148 siquidem
3459 5079 3666 5134 felicem

2098 5167 2326 5237 patriam
2363 5166 2560 5228 videre,
2599 5168 2845 5236 quamvis
2880 5169 2969 5223 hic
2992 5169 3152 5223 breve
3183 5179 3392 5235 tempus
3413 5171 3667 5238 probetur

2099 5271 2216 5312 esse
2261 5275 2275 5311 :
2321 5257 2671 5327 longinquum
2716 5266 2893 5312 tamen
2935 5273 3056 5312 esse
3092 5257 3325 5313 videtur.
3365 5258 3663 5328 Sequitur:

2099 5367 2118 5398 ι
2157 5347 2403 5403 llabitavi
2457 5364 2576 5403 cum
2635 5349 3000 5404 habitantibus
3046 5348 3236 5404 Cedar.
3276 5368 3296 5401 ι
3341 5348 3516 5403 Ccdar
3564 5346 3665 5402 He-

2090 5440 2292 5494 brieum
2324 5455 2514 5494 nomen
2547 5448 2630 5496 est
2656 5481 2672 5506 ,
2701 5441 2842 5510 quod
2863 5450 3046 5496 nostra
3073 5441 3252 5511 lingua
3283 5442 3666 5510 interpretatur

2091 5528 2344 5583 tenebraz.
2371 5527 2482 5583 Hoc
2509 5530 2576 5584 ad
2602 5531 2782 5584 sasculi
2812 5530 2972 5600 hujus
2996 5531 3228 5601 pertinet
3253 5543 3546 5594 amatores,
3573 5533 3660 5599 qui

2093 5619 2391 5674 tenebrosis
2419 5620 2628 5674 actibus
2653 5620 2897 5689 involuti,
2926 5621 3015 5676 illa
3041 5623 3212 5710 magis
3247 5622 3496 5692 diligunt,
3525 5623 3663 5679 unde
