3970 6190
270 317 406 373 H57
1135 315 1505 372 EXPOSITIO
1546 316 1769 371 SUPER
1806 315 2172 370 IEREMIAM.
2210 346 2280 355 —
2317 314 2443 368 LIB.
2485 314 2625 368 XVI.
3372 312 3509 365 1158

266 428 443 497 perire
472 431 782 479 noscuntur.
815 422 931 490 Quo
956 423 1214 478 vocabulo
1238 432 1604 493 competenter
1632 422 1832 493 signifi-
1859 426 1905 486 Α
1933 418 3511 492 Magnipotcntiamdestruendisuut.lpseenim,quicaatera

268 527 354 572 cat
381 525 720 585 peccatores.
768 515 911 568 inter
934 529 1069 582 quos
1096 529 1156 569 se
1190 513 1369 569 adhuc
1394 514 1641 567 habitare
1669 514 1846 579 suspi-
1942 526 2103 580 regna
2131 524 2229 578 pro
2254 510 2625 579 iniquitatibus
2654 510 2769 564 suis
2797 511 3082 580 corripuit,
3118 510 3258 564 istul
3288 524 3513 578 regnum

268 615 368 659 rat.
406 605 639 659 Necesse
680 611 763 658 est
807 604 953 657 enim
989 611 1047 656 ut
1081 605 1254 660 bonus
1290 605 1505 659 animus
1531 602 1802 674 allligatur
1825 642 1841 669 ,
1939 615 2038 671 pro
2078 599 2281 655 scelere
2317 614 2414 654 suo
2434 609 2489 653 et
2519 599 2878 668 impietatibus
2907 598 3228 669 impunitum
3256 614 3360 652 non
3392 597 3515 651 reli-

267 697 515 766 quoticns
542 695 803 750 malorum
834 696 1188 765 permixtione
1215 694 1570 750 concluditur.
1940 688 2075 757 quit.
2118 688 2543 755 lutei-pretantur
2577 702 2705 756 ergo
2747 686 2987 741 Elamitm
3028 687 3361 754 despicientem
3405 686 3517 740 sive

344 806 362 839 ι
409 787 560 853 Quod
586 784 786 840 factum
833 793 917 839 est
952 787 1173 840 verbum
1220 785 1429 839 Domini
1458 785 1525 838 ad
1554 782 1844 839 Jeremiam
1940 786 2218 841 tardantes,
2249 789 2303 831 et
2328 776 2630 846 significant
2658 784 3032 845 persecutores
3068 774 3322 829 Ecclesiae
3362 773 3519 830 Chri-

270 896 292 930 c
332 877 650 947 prophetam
684 876 938 930 adversas
968 875 1139 939 Elam,
1184 876 1238 929 in
1262 874 1524 943 principio
1564 874 1715 943 regni
1744 872 1843 928 Se-
1943 868 2037 934 sti,
2061 867 2257 936 quibus
2294 874 2532 936 potestas
2553 868 2677 921 data
2702 875 2783 921 est
2811 882 2842 920 a
2868 867 3108 928 Domino,
3144 876 3201 920 ut
3221 867 3514 921 secundum

271 986 294 1020 ι
333 966 535 1022 άεοιιίξε
577 966 720 1036 regis
752 963 885 1018 Juda
912 1005 928 1029 ,
967 965 1152 1020 dicens
1182 982 1196 1018 :
1242 964 1369 1019 Haec
1412 965 1544 1019 dicit
1589 965 1848 1020 Dominus
1943 969 2155 1029 tempus
2190 958 2487 1013 Ecclesia"!
2520 958 2611 1012 Dei
2649 958 3008 1027 despicienles
3031 998 3047 1023 ,
3078 959 3246 1012 variis
3270 972 3520 1027 persecu-

272 1076 291 1106 ι
337 1054 670 1111 exercituum
712 1070 725 1107 ;
764 1054 901 1109 Ecce
929 1069 1031 1125 ego
1071 1052 1410 1123 confringam
1447 1069 1638 1109 arcum
1670 1053 1845 1117 Elam,
1946 1049 2182 1103 tionibus
2204 1049 2461 1103 tentando
2486 1046 2731 1117 fatigent.
2759 1046 2864 1102 Sed
2892 1048 3070 1103 veniet
3091 1049 3224 1102 hora
3250 1049 3464 1117 quando
3489 1062 3521 1100 a

272 1166 291 1196 ι
336 1155 390 1199 et
413 1158 679 1199 summam
705 1141 1072 1197 fortitudinem
1106 1156 1320 1206 eorum,
1345 1150 1399 1197 et
1419 1142 1666 1198 inducam
1687 1154 1849 1210 super
1946 1147 2177 1209 quatuor
2200 1139 2370 1210 plagis
2393 1139 2514 1195 cmli
2541 1138 2644 1192 illis
2663 1139 2899 1192 vindicta
2926 1139 3271 1207 superveniat
3293 1177 3307 1200 ,
3346 1147 3399 1191 et
3429 1153 3522 1206 pa—

272 1254 290 1285 ι
338 1234 490 1287 Elam
531 1241 763 1302 quatuor
807 1241 991 1287 ventos
1032 1247 1062 1285 a
1109 1241 1343 1302 quatuor
1370 1232 1544 1303 plagis
1586 1231 1708 1286 coeli
1737 1270 1753 1296 ,
1796 1238 1852 1286 et
1945 1237 2110 1284 veant
2131 1243 2312 1283 coram
2358 1228 2589 1282 inimicis
2619 1229 2752 1291 suis,
2787 1227 2913 1297 quia
2939 1228 3176 1297 undique
3215 1228 3295 1281 eis
3322 1226 3521 1281 malum

272 1344 290 1377 ι
336 1324 608 1379 ventilabo
636 1338 730 1377 eos
772 1323 823 1377 in
861 1338 1050 1378 omnes
1094 1333 1283 1379 ventos
1312 1322 1481 1387 istos,
1520 1331 1576 1377 et
1607 1337 1716 1376 non
1745 1322 1852 1379 erit
1948 1322 2227 1384 imminet,
2264 1331 2322 1375 et
2362 1321 2535 1375 valida
2582 1330 2872 1389 tempestas
2917 1318 3093 1373 futura
3142 1318 3261 1373 erit.
3300 1336 3318 1369 ‹
3352 1316 3526 1373 Mittet

271 1434 299 1468 ι.
336 1431 494 1488 gens,
537 1414 600 1469 ad
637 1429 796 1484 quam
833 1429 938 1469 non
987 1415 1301 1483 perveniant
1336 1414 1549 1485 profugi
1586 1414 1758 1478 Elam,
1796 1422 1853 1469 et

270 1528 289 1558 ι
338 1521 537 1576 pavere
583 1504 775 1563 faciam
807 1505 955 1559 Elam
999 1520 1182 1561 coram
1225 1505 1457 1560 inimicis
1498 1504 1611 1559 suis
1636 1543 1652 1570 ,
1694 1511 1749 1559 et
1796 1504 1850 1557 in

270 1619 289 1649 ι
334 1606 625 1668 conspectu
667 1597 1018 1666 quaarentium
1057 1596 1292 1650 animam
1332 1610 1540 1650 eorum.
1586 1594 1655 1649 Et
1686 1594 1853 1648 addu-

271 1707 290 1738 c
331 1703 449 1742 eam
479 1703 640 1757 super
668 1702 763 1743 eos
788 1687 986 1741 malum
1009 1726 1024 1752 ,
1057 1686 1191 1741 iram
1219 1684 1416 1740 furoris
1445 1685 1572 1749 mei,
1597 1684 1725 1739 dicit
1755 1683 1855 1737 Do-

273 1798 291 1827 (
337 1778 516 1833 minus
541 1797 553 1831 :
582 1786 636 1834 et
662 1778 870 1832 mittam
911 1787 1031 1846 post
1060 1791 1155 1831 eos
1180 1775 1415 1845 gladium
1445 1775 1613 1830 donec
1651 1789 1850 1829 consu-

273 1884 292 1916 ι
343 1882 487 1920 mam
524 1882 637 1933 eos,
679 1875 733 1922 et
767 1881 961 1937 ponam
1003 1864 1193 1920 solium
1234 1878 1412 1918 meum
1463 1863 1519 1917 in
1554 1863 1705 1919 Elam
1736 1902 1752 1927 ,
1794 1869 1850 1918 et

270 1980 299 2010 (ί
342 1961 562 2031 perdam
594 1958 718 2012 inde
742 1971 920 2026 reges,
950 1964 1002 2010 ct
1042 1955 1331 2024 principes,
1358 1954 1432 2008 ait
1460 1952 1719 2007 Dominus
1747 1970 1760 2005 :
1793 1952 1848 2006 in

272 2068 293 2102 ε
339 2045 644 2104 novissimis
683 2052 860 2099 autem
895 2042 1086 2098 diebus
1126 2042 1324 2097 reverti
1365 2041 1562 2097 faciam
1609 2041 1848 2112 captivos

271 2163 299 2195 α
340 2143 517 2205 Elam,
540 2138 669 2193 dicit
688 2137 967 2192 Dominus.
1004 2155 1022 2187 ι
1052 2135 1203 2190 Elam
1229 2146 1407 2189 autem
1431 2150 1551 2191 esse
1572 2135 1847 2205 regionem

270 2232 510 2289 Persidis
531 2244 638 2283 non
664 2227 1016 2296 ambigamus,
1039 2224 1181 2279 unde
1201 2233 1254 2280 et
1275 2224 1513 2278 Elamitae
1534 2240 1847 2294 nuncupan-

271 2335 381 2380 tur.
400 2320 649 2377 Prazdicit
674 2318 818 2374 enim
841 2317 1102 2387 propheta
1135 2315 1301 2370 Medis
1326 2323 1381 2370 et
1416 2315 1596 2370 Persis
1615 2314 1848 2371 licetBa-

272 2417 525 2489 bylonem
550 2412 968 2477 devastaverint,
994 2425 1325 2481 regnumque
1355 2409 1723 2465 Chaldteorum
1757 2410 1849 2464 de-

273 2505 581 2563 struxerint
600 2523 612 2559 :
631 2504 731 2575 ipsi
754 2512 931 2558 tamen
945 2516 1042 2572 per
1054 2500 1370 2555 Macedones
1382 2508 1543 2571 atque
1558 2499 1847 2556 Alexandri

1949 1413 2093 1467 enim
2139 1413 2283 1468 ﬁlius
2325 1413 2559 1467 hominis
2596 1414 2813 1482 angelos
2854 1429 2982 1468 suos
3009 1430 3039 1467 a
3079 1425 3313 1483 quatuor
3350 1414 3525 1471 ventis

1950 1502 2097 1566 caeli,
2123 1509 2183 1555 ut
2208 1501 2461 1572 colligant
2485 1502 2668 1556 omnia
2690 1503 2943 1557 scandala
2974 1505 3040 1559 de
3067 1519 3233 1574 regno
3254 1505 3388 1575 ejus,
3424 1526 3449 1559 »μ
3470 1512 3524 1561 et

1950 1607 2045 1647 eos
2069 1592 2160 1663 qui
2186 1603 2477 1663 operantur
2499 1593 2832 1664 iniquitatem
2877 1612 2897 1646 ‹
2931 1596 3147 1650 mittant
3170 1598 3223 1652 in
3253 1598 3523 1652 caminum

1950 1683 2091 1753 ignis
2138 1685 2412 1750 ardentis,
2462 1685 2533 1740 ibi
2582 1687 2686 1740 erit
2733 1685 2888 1742 fletus
2940 1696 2996 1742 et
3044 1688 3245 1743 stridor
3288 1689 3525 1743 dentium

1884 1774 1927 1834 Β
1954 1773 2148 1847 (Marc.
2191 1777 2312 1845 xm)
2336 1816 2352 1842 ,
2396 1795 2416 1828 ι
2460 1777 2641 1846 ibique
2675 1792 2769 1832 eos
2793 1777 3003 1849 gladius
3025 1780 3278 1834 vindicta:
3316 1779 3527 1834 Domini

1955 1874 2239 1920 consumet
2265 1866 2318 1920 in
2345 1874 2623 1922 aeternum.
2655 1867 2905 1924 Attamen
2927 1869 3053 1938 quia
3082 1870 3233 1923 multi
3277 1877 3403 1923 sunt
3435 1870 3527 1938 qui

1953 1971 2017 2012 ex
2048 1958 2178 2027 ipsis
2206 1960 2640 2028 persecutoribus
2664 1967 2789 2013 ante
2808 1961 2876 2014 ad
2902 1960 3062 2015 ﬁdem
3083 1960 3285 2016 Christi
3306 1976 3532 2016 conver-

1953 2057 2154 2113 tentur,
2194 2057 2248 2104 et
2288 2049 2342 2103 in
2372 2064 2595 2104 numero
2620 2048 2848 2105 fratrum
2874 2051 3224 2120 recipientur,
3252 2067 3429 2106 sermo
3452 2052 3531 2105 di-

1952 2140 2109 2194 vinus
2148 2154 2255 2193 non
2308 2148 2454 2195 tacet
2490 2156 2613 2194 eum
2657 2141 2827 2196 dicit:
2861 2161 2879 2193 ι
2910 2142 2966 2196 1η
3011 2142 3316 2198 novissimis
3347 2152 3526 2198 autem

1952 2230 2140 2287 diebus
2160 2230 2355 2286 reverti
2382 2230 2576 2286 iaciam
2598 2232 2839 2302 captivos
2860 2232 3174 2298 Elam,dicit
3199 2233 3478 2297 Dominus,
3506 2253 3524 2287 ι

1953 2322 2079 2392 quia
2101 2321 2201 2392 ipsi
2216 2322 2306 2391 qui
2331 2330 2456 2377 ante
2475 2322 2715 2392 peccatis
2734 2322 2944 2378 fuerant
2971 2324 3167 2393 captivi
3180 2365 3194 2388 ,
3215 2340 3312 2395 per
3330 2324 3530 2379 Christi

1953 2413 2181 2483 gratiam
2212 2414 2550 2482 postmodum
2577 2422 2737 2470 erunt
2762 2413 2937 2478 liberi,
2965 2425 3021 2470 et
3042 2415 3134 2486 qui
3164 2423 3288 2470 ante
3316 2412 3532 2468 fuerant

1954 2501 2180 2565 inimici,
2212 2501 2324 2572 jam
2353 2501 2485 2557 ﬁent
2513 2503 2672 2558 amici
2703 2511 2758 2558 et
2784 2505 3036 2574 proximi.

1233 2773 1527 2852 LIBER
1604 2768 2057 2848 DECIMUS
2137 2769 2555 2850 SEXTUS.

1724 2958 2070 2974 m

346 3069 573 3138 Expleta
622 3065 876 3121 vaticinio
922 3064 1066 3135 quod
1112 3070 1303 3119 contra
1370 3062 1615 3119 diversas
1673 3072 1858 3135 gentes
1885 3092 1927 3153 Ο
1960 3063 2213 3133 produnt,
2238 3072 2294 3119 et
2318 3063 2441 3118 libri
2464 3065 2848 3135 prophetarum
2879 3083 2985 3125 non
3010 3076 3209 3127 tacent.
3229 3070 3382 3127 Unde
3402 3086 3531 3139 pra»-

272 3164 538 3234 propheta
569 3158 807 3229 protulit,
838 3158 941 3212 hoc
964 3165 1066 3220 est,
1105 3162 1290 3211 contra
1319 3152 1613 3226 Egyptum
1661 3163 1718 3211 et
1750 3155 1855 3209 Pa-

275 3253 515 3307 lzestinos
544 3258 707 3319 atque
754 3248 929 3312 Moab,
979 3254 1277 3315 contraque
1324 3244 1463 3300 ﬁlios
1504 3244 1757 3310 Ammon,
1805 3254 1860 3299 et

272 3346 600 3400 Damascum
650 3348 814 3417 atque
853 3336 1047 3402 Cedar,
1097 3335 1389 3392 novissime
1417 3343 1605 3390 contra
1634 3334 1865 3406 Babylo-

273 3448 403 3488 nem
431 3440 488 3488 et
528 3429 807 3486 Chaldaeos
832 3428 930 3497 qui
978 3435 1203 3483 caeteras
1233 3434 1419 3497 gentes
1449 3423 1604 3493 jussu
1644 3424 1860 3479 Domini

273 3522 599 3594 arguebant,
647 3532 953 3575 sermonem
979 3518 1191 3587 dirigit,
1225 3524 1286 3571 ut
1321 3532 1458 3586 quos
1502 3524 1629 3571 ante
1667 3516 1720 3570 in
1750 3515 1862 3585 ple-

274 3615 467 3682 risque
488 3611 621 3667 locis
651 3611 880 3666 latenter
903 3610 1100 3679 arguit,
1131 3623 1276 3664 nunc
1306 3608 1483 3678 palam
1510 3608 1715 3663 scelera
1742 3608 1860 3664 ίιιυ-

277 3688 584 3772 τυιιιέιίιυε
611 3709 832 3772 peccata
860 3698 1257 3756 manifestando
1275 3739 1291 3764 ,
1317 3699 1673 3754 vastationem
1712 3698 1860 3768 ipso-

278 3810 403 3848 rum
435 3808 534 3862 pro
569 3793 675 3847 hoc
714 3799 877 3861 atque
921 3788 1311 3845 deSolationem
1358 3787 1654 3857 perfectam
1682 3787 1864 3857 expri.

278 3892 419 3940 mat.

904 3992 1131 4051 CAPUT
1181 3992 1243 4046 L.

279 4135 473 4193 Sermo
520 4132 729 4188 Domini
775 4138 955 4185 contra
997 4125 1315 4196 Babylgnem
1356 4123 1592 4196 praedicit
1642 4122 1864 4176 reditum

692 4200 881 4272 populo
906 4197 941 4252 J
949 4197 1050 4251 uda
1079 4194 1125 4250 et
1154 4194 1472 4250 Jerusalem.

360 4356 382 4390 ε
424 4337 648 4392 Verbum
670 4332 811 4405 quod
848 4331 1059 4388 locutus
1081 4340 1163 4385 est
1196 4329 1454 4384 Dominus
1488 4328 1556 4384 de
1592 4326 1864 4397 Babylone

1961 3169 2085 3208 sens
2115 3155 2373 3224 propheta
2413 3154 2569 3227 jubet
2612 3158 2943 3214 annuntiare
2960 3159 3014 3213 in
3043 3160 3291 3230 gentibus
3315 3168 3369 3215 et
3397 3175 3533 3230 pne-

1961 3246 2142 3301 dicare
2169 3245 2312 3315 quod
2338 3256 2496 3317 capta
2526 3246 2597 3302 sit
2636 3245 2899 3318 Babylon,
2931 3249 3185 3306 confusus
3228 3252 3341 3315 Bel,
3371 3261 3427 3305 et
3453 3252 3530 3305 vi-

1961 3345 2080 3391 ctus
2102 3336 2407 3402 Merodach,
2456 3336 2596 3392 idola
2619 3338 2864 3394 videlicet
2891 3355 3010 3410 quae
3033 3342 3269 3397 Chaldaei
3310 3356 3409 3412 pro
3437 3344 3537 3398 diis

1960 3427 2228 3482 colebant.
2263 3426 2495 3482 Confusa
2521 3437 2646 3484 sunt
2671 3431 2851 3485 omnia
2878 3432 3144 3502 sculptilia
3187 3434 3328 3503 ejus,
3374 3444 3429 3489 et
3452 3450 3535 3489 su-

1959 3526 2147 3587 perata
2191 3529 2317 3573 sunt
2342 3519 2482 3574 idola
2510 3535 2716 3586 eorum,
2759 3524 3013 3592 quoniam
3056 3525 3299 3579 ascendit
3350 3535 3533 3582 contra

1959 3624 2079 3665 eam
2108 3625 2239 3681 gens
2288 3611 2574 3668 Persarum
2603 3614 2786 3684 utique
2807 3623 2967 3685 atque
2988 3615 3260 3673 Medorum
3291 3618 3358 3673 ab
3378 3617 3540 3687 Aqui-

1961 3698 2102 3760 lone,
2129 3714 2249 3769 quae
2274 3709 2437 3768 ponet
2467 3709 2666 3755 terram
2695 3700 2810 3770 ejus
2843 3703 2893 3756 in
2935 3703 3277 3758 solitudinem
3304 3723 3316 3756 :
3355 3704 3427 3758 ita
3482 3717 3536 3757 ιιι

1960 3807 2069 3845 non
2096 3791 2166 3845 sit
2189 3792 2278 3860 qui
2304 3791 2508 3846 habitet
2528 3793 2582 3845 in
2611 3808 2697 3859 ea,
2727 3793 2794 3846 ab
2822 3793 3040 3848 homine
3065 3807 3232 3863 usque
3259 3795 3326 3847 ad
3352 3809 3536 3863 pecus.

1961 3879 2059 3934 Cui
2085 3880 2236 3949 paria
2261 3880 2431 3935 Isaias
2469 3881 2524 3935 in
2551 3881 2689 3936 libro
2731 3896 2831 3936 suo
2853 3883 3069 3951 scripsit
3094 3884 3318 3937 dicens:
3355 3903 3372 3934 ι
3406 3884 3542 3939 Ecce

1964 3986 2061 4041 ego
2082 3970 2353 4026 suscitabo
2378 3986 2538 4041 super
2563 3986 2657 4027 eos
2693 3973 2875 4029 Medos
2901 3975 2992 4045 qui
3019 3983 3298 4044 argentum
3326 3990 3430 4029 non
3460 3990 3547 4031 re-

1962 4064 2198 4134 quirant,
2216 4078 2389 4134 neque
2409 4080 2599 4119 aurum
2626 4065 2811 4132 velint,
2837 4067 2931 4123 sed
2957 4068 3166 4138 sagittis
3188 4068 3439 4138 parvulos
3464 4070 3539 4125 in-

1966 4155 2255 4222 terficiant“,
2297 4165 2353 4212 et
2380 4156 2704 4214 laetantibus
2744 4159 2916 4214 uteris
2945 4175 3052 4214 non
3099 4161 3458 4215 miserentur:
3487 4169 3543 4216 et

1964 4263 2125 4318 super
2150 4247 2287 4303 filios
2317 4264 2425 4304 non
2453 4258 2639 4320 parcet
2666 4250 2853 4306 oculus
2883 4266 3088 4307 eorum.
3142 4252 3206 4306 Et
3227 4252 3329 4306 erit
3362 4252 3539 4322 Baby-

1962 4337 2052 4393 lon
2078 4338 2168 4393 illa
2198 4338 2430 4409 gloriosa
2462 4340 2515 4394 in
2541 4341 2740 4410 regnis,
2786 4340 2985 4412 inclyta
3013 4342 3066 4395 in
3106 4344 3357 4411 superbia
3382 4342 3543 4398 Chal-

284 4449 303 4481 ‹
339 4437 398 4484 et
443 4428 509 4483 de
537 4435 681 4481 terra
725 4423 1094 4479 Cbaldmorum
1135 4421 1188 4475 in
1231 4435 1391 4474 manu
1424 4417 1672 4474 Ieremia:
1730 4430 1857 4486 pro-

1962 4427 2220 4493 dteorum,
2264 4429 2408 4483 sicut
2432 4429 2694 4484 subvertit
2735 4430 2875 4486 Deus
2917 4429 3204 4486 Sodomam
3228 4439 3283 4486 et
3312 4431 3543 4487 Gomor-

284 4540 305 4573 σ
343 4521 520 4590 pheta
549 4535 563 4571 :
598 4514 929 4570 Annuntiate
957 4513 1007 4567 in
1039 4512 1285 4583 gentibus
1321 4520 1375 4564 et
1400 4510 1640 4564 auditum
1674 4506 1856 4570 facite,

285 4631 303 4660 ι
342 4611 518 4663 levate
547 4607 777 4676 signum,
831 4603 1118 4673 prmdicate
1142 4610 1196 4655 et
1223 4600 1386 4657 nolite
1426 4600 1622 4664 celare,
1653 4598 1857 4653 dicite:

286 4721 305 4752 ι
344 4700 512 4769 Capta
541 4707 623 4752 est
670 4696 933 4767 Babylon,
979 4692 1234 4748 confusus
1282 4699 1365 4746 est
1412 4689 1526 4753 Bel,
1568 4689 1744 4743 victus
1777 4694 1860 4743 est

283 4811 303 4844 ι
349 4788 675 4843 Merodach:
708 4783 928 4841 confusa
958 4781 1282 4838 suntomnia
1316 4779 1582 4849 sculptilia
1608 4776 1744 4846 ejus,
1776 4792 1862 4832 su-

283 4900 303 4932 ‹
346 4885 536 4950 perula
565 4885 690 4931 sunt
717 4875 856 4930 idola
880 4888 1090 4938 eorum,
1115 4872 1367 4942 quoniam
1407 4870 1648 4924 ascendit
1669 4877 1860 4925 contra

283 4992 304 5025 ι
343 4984 466 5026 eam
496 4983 628 5039 gens
671 4967 738 5021 ab
761 4965 1030 5034 aquilone,
1080 4976 1197 5030 quae
1224 4968 1388 5032 ponet
1415 4968 1611 5013 terram
1652 4958 1771 5028 ejus
1808 4957 1865 5011 in

286 5090 306 5120 ι
347 5065 718 5127 solitudinem,
762 5069 951 5116 etnon
995 5058 1100 5112 erit
1127 5056 1217 5125 qui
1261 5055 1469 5110 habitet
1505 5053 1558 5108 in
1582 5068 1645 5107 ea
1670 5051 1738 5106 ab
1762 5052 1864 5107 ho—

290 5178 310 5210 ι
355 5156 502 5210 mine
530 5168 699 5222 usque
733 5151 799 5205 ad
828 5165 991 5219 pecus
1021 5165 1034 5202 :
1068 5156 1123 5202 et
1147 5146 1279 5200 moti
1306 5153 1433 5200 sunt
1457 5153 1511 5198 et
1534 5144 1801 5199 abierunt.
1837 5162 1856 5194 ι

285 5243 582 5321 (ΜΑυιωε.)
609 5241 772 5297 Isaias
793 5251 845 5295 et
880 5238 1142 5294 Jeremias
1174 5244 1334 5306 atque
1358 5234 1607 5290 Ezechiel
1643 5234 1864 5289 verbum

283 5337 503 5394 Domini
534 5344 720 5391 contra
766 5332 1112 5404 Babylonem,
1149 5338 1203 5384 et
1252 5340 1452 5383 terram
1490 5328 1867 5383 Chaldaeorum

285 5426 653 5499 protulerunt,
692 5426 744 5478 in
792 5440 899 5493 quo
948 5420 1418 5492 praevaricationes
1455 5428 1511 5474 et
1557 5418 1867 5487 iniquitates

286 5516 408 5586 ejus
452 5515 710 5585 plurimas
755 5512 1177 5582 replicaverunt,
1221 5518 1275 5564 et
1300 5510 1547 5564 meritam
1574 5508 1864 5563 vindictam

288 5608 418 5663 inde
457 5605 559 5660 sibi
597 5612 879 5657 venturam
920 5600 1298 5671 praedixerunt.
1342 5598 1620 5666 Quomodo
1663 5614 1791 5670 ergo
1832 5615 1865 5653 a

288 5696 465 5752 Medis
494 5704 549 5750 et
600 5693 779 5750 Persis
807 5691 935 5747 urbs
963 5690 1196 5761 Babylon
1245 5690 1501 5746 subversa
1528 5688 1599 5745 sit
1628 5688 1865 5744 historiae

1963 4519 2137 4574 rbam.
2185 4518 2303 4575 Non
2352 4519 2683 4575 habitabitur
2707 4537 2876 4591 usque
2926 4523 2979 4577 in
3033 4525 3439 4593 sempiternum,
3487 4532 3546 4578 et

1960 4623 2068 4662 non
2098 4606 2408 4662 fundabitur
2437 4625 2607 4679 usque
2638 4610 2705 4665 ad
2729 4613 3125 4681 generationem
3156 4622 3211 4669 et
3238 4616 3544 4685 generatio-

1961 4709 2120 4750 nem:
2154 4711 2256 4751 nec
2293 4705 2453 4766 ponet
2498 4698 2570 4753 ibi
2599 4701 2826 4756 tentoria
2858 4701 3051 4764 Arabs.
3093 4720 3264 4774 neque
3295 4714 3538 4773 pastores

1964 4786 2303 4855 requiescent
2342 4788 2415 4843 ibi
2443 4806 2458 4842 :
2508 4790 2602 4845 sed
2629 4799 2791 4845 erunt
2834 4792 2907 4847 ibi
2936 4794 3142 4860 bestiae,
3174 4803 3228 4848 et
3256 4795 3542 4863 replehun-

1966 4884 2056 4931 tur
2081 4878 2272 4933 domus
2296 4895 2483 4934 eorum
2513 4880 2859 4947 draconibus,
2885 4892 2940 4939 et
2965 4884 3281 4939 habitabunt
3301 4885 3372 4938 ibi
3398 4892 3542 4939 stru-

1968 4966 2199 5033 thiones,
2255 4977 2312 5023 et
2361 4970 2516 5038 pilosi
2566 4972 2838 5027 saltabunt
2893 4973 2993 5037 ibi,
3038 4982 3093 5028 et
3142 4976 3544 5044 respondebunt

1969 5056 2126 5112 ululae
2159 5058 2212 5112 in
2240 5059 2446 5114 aedibus
2474 5062 2605 5127 suis,
2634 5071 2692 5117 et
2731 5064 2924 5118 sirena:
2951 5066 3006 5119 in
3036 5066 3273 5120 delubris
3300 5066 3545 5136 volupta-

1973 5146 2042 5201 tis
2081 5146 2213 5215 (lsa.
2245 5148 2388 5217 xnt).
2422 5169 2441 5201 ι
2497 5150 2756 5219 Apertum
2786 5161 2871 5207 est
2890 5155 3032 5222 quod
3066 5154 3281 5210 latebat.
3334 5156 3545 5226 Nequa-

1971 5250 2132 5305 quam
2161 5234 2326 5289 fortes
2351 5243 2405 5289 et
2443 5236 2687 5306 gigantes
2723 5240 2895 5309 angeli
2946 5240 3274 5312 intelligendi
3318 5252 3444 5298 sunt
3486 5253 3547 5301 et

1972 5325 2263 5387 daemones,
2305 5326 2397 5380 sed
2429 5324 2701 5381 Medorum
2726 5342 2875 5396 gens,
2916 5344 3143 5398 quorum
3168 5333 3417 5403 princeps
3441 5336 3543 5389 Da-

1969 5416 2083 5469 rius
2109 5415 2314 5485 primus
2353 5414 2765 5486 Babyloniorum
2801 5419 3064 5472 destruxit
3112 5420 3415 5489 imperium.
3446 5439 3541 5481 oc-

1969 5505 2082 5560 ciso
2102 5504 2380 5559 Baltbasar
2407 5513 2598 5574 nepote
2610 5504 3121 5573 Nabuchodonosor,
3146 5511 3238 5579 qui
3254 5510 3548 5568 Evilmero—

1971 5598 2110 5653 dach
2136 5596 2277 5651 [ilius
2308 5596 2425 5650 fuit.
2453 5595 2675 5651 Tantam
2699 5605 2876 5652 autem
2906 5599 3095 5655 scribit
3119 5598 3394 5655 Medorum
3417 5600 3547 5658 Per.

1971 5704 2259 5757 sarunrque
2304 5688 2585 5751 saevitiam,
2628 5696 2684 5742 ut
2722 5689 2914 5745 ardore
2947 5690 3218 5749 sanguinis
3241 5689 3549 5747 ellundcudi
