3970 6190
540 330 679 386 1139

1174 324 1235 379 Β.
1280 322 1535 377 ΒΑΒΛΝΙ
1570 321 1789 378 MAUBI
1824 322 2143 380 ARCHIEP.
2184 318 2492 378 MOGUNT.
2522 322 2807 380 OPERUM
2845 322 3024 379 PARS
3062 323 3126 379 ill

3624 333 3727 390 1140

537 461 734 505 aurum
778 453 1171 517 argentumque
1226 453 1598 509 contemnant,
1643 453 1700 499 et
1742 443 1952 499 oblatas
1996 455 2126 512 opes
2153 437 2205 498 Α
2230 447 2287 493 et
2315 439 2420 495 hoc
2441 440 2586 510 quod
2608 441 2711 496 sub
2739 440 2843 495 alia
2879 440 3237 496 similitudine
3278 441 3509 498 Ezechiel
3529 447 3730 517 pmpheu

536 557 636 612 pro
664 539 777 594 luto
796 544 1046 607 reputent
1071 553 1084 588 :
1114 535 1209 589 sed
1234 534 1445 602 sagittis
1477 533 1731 604 parvulos
1768 532 2122 595 interﬁciant,

536 640 592 686 et
616 628 945 686 lactantibus
968 625 1139 680 uteris
1168 639 1274 678 non
1313 624 1693 688 misereantur,
1719 631 1774 676 et
1804 636 1966 691 super
1986 620 2125 675 ﬁlios

539 735 647 775 non
692 724 883 789 parcat
937 713 1127 769 oculus
1177 727 1387 767 eorum.
1442 711 1839 767 lnterficiantur
1891 709 2122 781 parvuli,

537 825 768 882 quorum
792 807 1013 862 vulnera
1048 811 1208 859 erunt
1233 818 1339 858 non
1369 803 1578 859 minora
1603 817 1769 873 quam
1794 816 2043 871 corpora,
2069 809 2127 855 et

539 909 877 974 praegnantes
927 898 1069 953 uteri
1120 903 1396 961 secentur,
1443 894 1818 964 elidanturque
1867 891 2121 956 infantes,

536 1005 594 1052 et
616 995 683 1049 ad
710 993 877 1048 ubera
896 1004 1115 1059 pressos
1141 987 1279 1042 ﬁlios
1300 985 1534 1041 crudelis
1559 984 1734 1039 vietor
1766 983 1996 1038 occidat.
2025 981 2127 1037 Us—

536 1100 642 1154 que
666 1084 721 1137 in
740 1087 1062 1153 praesentem
1091 1093 1219 1149 ergo
1246 1077 1390 1131 diem
1410 1074 1693 1146 prophetia
1719 1072 2011 1145 Babylonis
2030 1087 2126 1127 ex-

535 1174 751 1244 pletur:
780 1183 836 1226 et
856 1171 998 1227 sicut
1023 1167 1289 1225 subvertit
1322 1167 1464 1223 Deus
1492 1166 1785 1221 Sodomam
1816 1172 1873 1219 et
1891 1162 2122 1219 Gomor-

538 1268 716 1331 rham,
748 1266 827 1319 sic
846 1271 902 1318 et
941 1263 1041 1317 ista
1071 1260 1329 1315 subversa
1353 1273 1461 1312 non
1509 1256 1841 1311 habitabitur
1877 1255 1934 1309 in
1960 1262 2122 1309 aeter—

537 1374 685 1414 num.
736 1357 843 1411 Pro
871 1355 960 1409 illa
988 1354 1134 1409 enim
1150 1350 1453 1407 Seleuciam
1468 1356 1521 1405 et
1541 1348 1945 1419 Ctesiphontem
1958 1347 2123 1402 urbes

536 1450 822 1505 Persarum
876 1444 1103 1516 inclytas
1137 1442 1399 1497 fecerunt.
1452 1438 1562 1495 Nec
1590 1445 1752 1510 ponet
1795 1437 1869 1492 ibi
1892 1437 2124 1493 tentoria

536 1538 732 1604 Arabs,
760 1552 862 1592 nec
888 1544 1138 1605 pastores
1177 1532 1520 1603 requiescent
1555 1530 1665 1586 ibi:
1719 1530 1819 1586 sed
1862 1538 2024 1583 erunt
2048 1527 2124 1583 ibi

535 1630 745 1691 bestia},
783 1635 839 1682 et
873 1625 1223 1696 replebuntnr
1241 1624 1433 1678 domus
1457 1637 1646 1677 eorum
1680 1620 2026 1684 draconibus,
2067 1627 2123 1673 et

538 1720 857 1776 habitabunt
880 1717 954 1772 ibi
977 1716 1331 1779 strnthiones,
1362 1722 1418 1768 et
1434 1713 1589 1784 pilosi
1621 1712 1895 1768 saltabunt
1939 1711 2035 1777 ibi,
2065 1720 2122 1766 et

539 1811 939 1883 respondebunt
967 1808 1126 1862 ululae
1151 1808 1204 1861 in
1234 1806 1441 1861 :edihus
1470 1806 1603 1868 suis,
1630 1812 1686 1860 et
1727 1804 1922 1859 sirena:
1949 1804 2005 1858 in
2030 1804 2125 1859 de—
2152 1785 2200 1847 Β

537 1903 708 1958 lubris
731 1900 1041 1970 voluptatis.
1081 1899 1140 1953 ln
1177 1906 1386 1953 tantum
1411 1895 1649 1967 Babylon
1671 1903 1881 1950 vastata
1908 1894 2017 1950 erit
2044 1902 2128 1948 at-

537 2009 643 2065 que
671 1981 917 2056 deserta,
959 1998 1115 2045 utne
1142 1989 1210 2044 ad
1256 2003 1461 2058 pascua
1505 1987 1722 2058 quidem
1752 1994 2125 2042 armentorum

535 2093 590 2141 et
617 2099 873 2155 pecorum
899 2082 1049 2137 utilis
1093 2081 1204 2137 sit:
1254 2096 1363 2136 non
1409 2080 1559 2134 enim
1601 2080 1787 2135 tendet
1832 2078 1904 2133 ibi
1951 2078 2127 2133 Arabs

542 2178 955 2246 Saracenusque
992 2172 1246 2235 tentoria,
1299 2186 1403 2227 nec
1445 2178 1693 2241 pastores
1734 2177 1856 2239 post
1897 2166 2124 2238 vestigia

537 2285 757 2343 gregum
786 2268 913 2324 fessi
940 2266 1126 2323 labore
1152 2265 1475 2335 quiescent:
1508 2261 1602 2319 sed
1643 2262 1787 2316 inter
1826 2260 2126 2330 parietinas

537 2371 593 2419 et
641 2359 917 2432 angustias
959 2367 1201 2414 veterum
1245 2354 1525 2410 ruinarum
1577 2352 1900 2415 habitabant
1946 2358 2120 2409 cum:

538 2454 680 2525 quod
705 2452 805 2509 soli
857 2449 1209 2522 Septuaginta
1230 2449 1403 2523 θηρία,
1444 2444 1499 2501 id
1529 2452 1637 2510 est,
1668 2444 1857 2498 bestias
1892 2448 2128 2497 transtu-

538 2546 759 2600 lerunt:
802 2542 890 2597 alii
918 2541 1036 2612 ipso
1072 2538 1291 2595 nomine
1336 2537 1480 2609 quod
1527 2536 1669 2606 apud
1708 2533 1965 2590 Hebraeos
1991 2532 2126 2588 scri-

537 2646 690 2708 ptum
731 2643 833 2699 est,
865 2633 1108 2689 volentes
1149 2645 1347 2703 genera
1399 2629 1702 2685 danuonum
1748 2626 1997 2698 intelligi,
2037 2624 2124 2679 vel

536 2731 937 2801 phantasmata.
990 2724 1253 2794 Quodque
1278 2722 1522 2793 sequitur
1551 2738 1565 2775 :
1601 2740 1619 2771 ι
1655 2719 1820 2775 Pilosi
1853 2718 2126 2774 saltabant

537 2820 635 2887 ibi,
666 2840 685 2871 ι
716 2817 802 2873 vel
844 2815 1160 2879 incubones,
1205 2812 1290 2868 vel
1318 2819 1502 2867 tauros
1531 2809 1825 2882 sylvestres
1862 2808 2123 2879 quosdam

530 2910 803 2973 homines,
834 2921 971 2979 quos
1024 2903 1269 2961 nonnulli
1298 2902 1543 2968 Faunos,
1596 2899 1834 2956 Sicarios
1877 2906 2075 2954 vocant
2105 2916 2117 2951 :

537 3012 632 3059 aut
659 3002 959 3058 daemonum
996 3012 1195 3070 genera
1225 2994 1547 3066 intelligunt.
1588 2992 1697 3048 Pro
1723 2991 1883 3047 ululis
1909 3005 2124 3060 quoque

537 3108 728 3150 onlnes
756 3091 931 3161 ipsum
959 3088 1183 3144 verbum
1225 3085 1550 3141 Hebraicum
1578 3091 1732 3147 non.
1762 3081 1860 3138 soli
1893 3080 2122 3150 Septua-

2225 527 2280 582 in
2328 527 2466 583 libro
2504 543 2605 584 suo
2647 529 2925 595 describit,
2945 529 3181 584 dicens:
3245 548 3266 582 ι
3303 529 3398 597 Tu,
3439 531 3506 587 ﬁli
3534 535 3730 606 hominis,

2225 633 2381 673 sume
2406 619 2500 674 tibi
2529 618 2735 690 lignum
2765 636 2953 685 unum,
2981 628 3040 675 et
3086 622 3268 677 scribe
3306 636 3456 693 super
3475 626 3584 681 illud
3602 627 3730 697 lude,

2223 719 2279 765 et
2305 710 2538 767 ﬁliorum
2572 712 2764 779 Israel,
2802 714 3075 770 sociorum
3113 714 3257 784 ejus,
3288 724 3342 772 et
3366 718 3482 774 tolle
3502 719 3734 792 lignumal-
3850 768 3851 773 η

2225 810 2425 869 terum,
2455 814 2510 859 et
2532 805 2711 860 scribe
2731 819 2895 876 super
2912 821 3034 861 eum
3056 805 3283 878 Ioseph,
3306 810 3494 881 lignum
3512 813 3732 884 prraim,

2223 903 2280 950 et
2311 906 2519 952 cuncta:
2541 896 2726 953 domui
2758 898 2925 955 Israel
2948 940 2964 966 ,
3008 901 3389 971 sociorumque
3420 904 3541 975 ejus.
3592 907 3646 962 Et
3663 910 3732 964 ad-

2216 985 2387 1057 junge
2416 987 2506 1043 illa
2536 1005 2703 1042 unum
2727 990 2795 1045 ad
2826 991 3080 1056 alterum,
3117 994 3216 1048 tibi
3243 995 3296 1049 in
3317 995 3503 1066 lignum
3531 1014 3737 1061 unauna

2224 1085 2385 1132 erunt
2418 1077 2475 1132 in
2498 1078 2754 1135 unionem
2799 1080 2852 1136 in
2899 1097 3066 1137 manu
3113 1094 3248 1149 tua;
3278 1101 3400 1140 cum
3438 1098 3594 1144 autem
3627 1092 3735 1147 dixe-

2225 1167 2338 1223 rint
2361 1168 2430 1223 ad
2472 1177 2529 1224 te
2562 1168 2662 1224 ﬁlii
2702 1170 2882 1241 populi
2912 1173 2988 1227 tui
3032 1172 3359 1243 loquentes:
3386 1176 3556 1234 Nonne
3584 1181 3735 1237 incusas

2223 1257 2382 1313 nobis
2392 1259 2521 1330 quid
2549 1260 2603 1315 in
2619 1261 2706 1317 his
2728 1262 2824 1317 tibi
2845 1263 2981 1319 velis
3000 1264 3026 1318 ‘.'
3053 1263 3297 1335 loqueris
3323 1268 3387 1322 ad
3402 1284 3488 1323 eos
3504 1287 3517 1323 :
3531 1269 3735 1328 Haecu'icit

2223 1349 2485 1407 Dominus
2508 1352 2692 1408 Deus:
2740 1353 2880 1411 Ecce
2914 1372 3017 1425 ego
3056 1372 3335 1414 assumam
3368 1360 3550 1433 lignum
3572 1361 3733 1434 Ioseph,

2223 1442 2368 1512 quod
2393 1450 2479 1498 est
2496 1443 2552 1497 in
2572 1459 2733 1499 manu
2762 1446 3043 1517 Epliraim,
3070 1456 3129 1504 et
3152 1450 3324 1505 tribus
3350 1452 3522 1519 Israel,
3542 1456 3736 1526 qnnjun-

2222 1537 2326 1585 cta:
2349 1539 2477 1587 sunt
2496 1532 2571 1598 ei,
2618 1541 2677 1588 et
2705 1532 2846 1591 dabo
2870 1550 2964 1592 eas
2990 1539 3204 1608 pariter
3230 1556 3351 1595 cum
3376 1541 3509 1613 ligno
3538 1541 3665 1611 Juda,
3699 1554 3735 1601 et

2221 1620 2419 1677 faciam
2442 1638 2539 1680 eas
2565 1624 2620 1680 in
2655 1625 2862 1698 lignum
2888 1644 3080 1695 unum,
3107 1639 3163 1685 et
3191 1641 3349 1687 erunt
3372 1649 3524 1687 unum
3556 1634 3600 1688 in
3620 1651 3733 1690 manu

2221 1712 2360 1783 ejus.
2415 1714 2591 1771 Erunt
2627 1724 2809 1773 autem
2852 1719 2997 1790 ligna
3046 1736 3216 1792 super
3264 1739 3383 1794 quae
3427 1726 3665 1795 scripseris
3699 1729 3733 1781 in
3850 1748 3851 1795 ξ

2227 1823 2388 1863 manu
2417 1817 2511 1864 tua
2560 1809 2615 1863 in
2655 1809 2826 1866 oculis
2861 1826 3076 1877 eorum,
3124 1823 3183 1869 ct
3230 1815 3376 1872 dices
3410 1817 3473 1872 ad
3507 1833 3615 1873 eos:
3647 1816 3735 1872 [lac

2227 1900 2358 1956 dicit
2384 1899 2645 1957 Dominus
2664 1902 2807 1958 Deus
2834 1921 2849 1957 :
2891 1903 3034 1960 Ecce
3065 1921 3168 1977 ego
3193 1921 3457 1963 assumam
3483 1909 3597 1966 ﬁlios
3620 1909 3733 1965 lsrael

2226 1990 2295 2046 de
2314 1991 2490 2046 medio
2517 1992 2815 2058 nationum,
2845 1993 2914 2049 ad
2942 2010 3081 2066 quas
3109 1997 3377 2064 abierunt,
3401 2007 3454 2055 et
3474 2001 3734 2071 congregabo

2226 2096 2321 2139 eos
2346 2084 2581 2155 undique
2600 2093 2659 2141 et
2677 2088 2941 2144 adducam
2965 2105 3063 2147 eos
3083 2092 3152 2147 ad
3183 2093 3399 2148 humum
3425 2109 3577 2159 suam,
3615 2103 3658 2149 et
3675 2091 3732 2145 la-

2228 2176 2369 2231 ciam
2399 2192 2493 2232 eos
2521 2186 2735 2248 gentem
2759 2195 2923 2234 unam
2950 2181 3004 2236 in
3030 2191 3204 2249 terra,
3240 2184 3294 2238 in
3328 2185 3575 2240 montibus
3600 2181 3732 2243 Israel.

2227 2276 2283 2322 et
2308 2283 2396 2323 rex
2426 2285 2565 2323 unus
2599 2269 2704 2325 erit
2729 2271 2979 2329 omnibus
3002 2274 3300 2346 imperans,
3330 2285 3383 2332 et
3410 2291 3505 2332 non
3528 2284 3655 2331 erunt
3680 2274 3733 2329 ul-

2227 2368 2313 2412 tra
2342 2359 2461 2413 duae
2483 2368 2692 2430 gentes,
2721 2377 2823 2417 nec
2843 2362 3158 2420 dividentur
3180 2366 3406 2436 amplius
3421 2368 3469 2421 in
3489 2367 3580 2421 duo
3599 2381 3730 2436 regna,

2227 2466 2404 2521 neque
2423 2452 2732 2523 pollnentur
2764 2454 2903 2509 ultra
2939 2456 3001 2512 in
3031 2456 3193 2514 idolis
3221 2460 3354 2524 suis,
3382 2468 3434 2516 et
3455 2458 3731 2514 abominatio-

2225 2541 2408 2608 nibus,
2433 2552 2490 2598 et
2524 2543 2579 2598 in
2602 2545 2812 2601 cunctis
2838 2546 3225 2617 iniquitatibus
3260 2551 3390 2616 suis,
3420 2559 3471 2605 et
3495 2549 3641 2604 salvos
3670 2561 3732 2601 eos

2226 2631 2423 2688 faciam
2454 2635 2523 2691 de
2554 2636 2822 2694 universis
2865 2639 3091 2695 sedibus
3118 2641 3234 2696 suis
3264 2642 3318 2696 in
3343 2641 3520 2712 quibus
3543 2652 3731 2710 peccave-

2228 2733 2373 2790 runt,
2425 2733 2481 2779 et
2526 2727 2795 2783 mandabo
2840 2743 2957 2795 eos,
3007 2739 3066 2785 et
3107 2739 3271 2786 erunt
3312 2732 3435 2786 mihi
3464 2730 3663 2801 populus,
3695 2735 3731 2781 et

2226 2829 2329 2885 ego
2356 2829 2453 2871 ero
2493 2816 2575 2871 eis
2612 2817 2771 2872 Deus.
2801 2817 2867 2873 Et
2908 2834 3103 2876 servus
3130 2836 3285 2877 meus
3322 2820 3479 2875 David
3507 2835 3584 2875 rex
3619 2830 3731 2885 super

2226 2921 2339 2972 eos,
2368 2912 2425 2960 et
2458 2917 2645 2976 pastor
2667 2923 2806 2963 unus
2845 2909 2951 2964 erit
2977 2911 3227 2967 omnium
3251 2927 3451 2968 eorum.
3504 2909 3553 2964 In
3572 2907 3731 2976 judiciis

2225 2994 2361 3049 meis
2391 2989 2758 3056 ambulabunt.
2790 3004 2844 3052 et
2872 2997 3133 3053 mandata
3163 3014 3283 3054 mea
3313 2998 3597 3057 custodient,
3617 3002 3658 3051 et
3679 2993 3729 3045 la-

2224 3086 2372 3143 cient
2419 3102 2504 3152 ea,
2559 3095 2615 3142 et
2648 3088 2968 3144 habitabunt
3014 3080 3182 3161 super
3230 3101 3452 3154 terram,
3493 3102 3623 3158 quam
3644 3082 3727 3138 dedi

537 3186 689 3257 ginta
747 3160 1147 3237 otiocentauros
1200 3176 1611 3233 transtulerunt.
1678 3173 1883 3230 Sirena:
1939 3181 2122 3228 autem
2151 3160 2196 3222 C
2228 3192 2389 3233 servo
2412 3192 2536 3234 meo
2564 3176 2750 3243 Jacob,
2780 3179 2836 3233 in
2855 3193 2965 3249 qua
2996 3160 3378 3236 habitaverunt
3402 3188 3565 3249 patres
3593 3170 3728 3232 vestri,

534 3281 675 3335 nam
707 3286 845 3341 quas
868 3284 970 3325 nos
998 3276 1093 3321 aut
1118 3267 1411 3333 dzemones,
1443 3273 1540 3320 aut
1583 3272 1826 3320 monstra
1855 3264 2122 3336 quaedam,

531 3366 622 3424 vel
649 3372 796 3422 certe
813 3364 1077 3419 dracones
1101 3373 1324 3430 magnos
1352 3356 1695 3428 interpretati
1719 3369 1930 3419 sumus,
1980 3353 2124 3424 quod

535 3453 744 3514 cristati
781 3461 907 3510 sunt
952 3460 1010 3507 et
1049 3449 1328 3507 volantes:
1369 3462 1467 3518 per
1496 3460 1620 3516 quae
1645 3445 1827 3501 omnia
1856 3444 2125 3502 vastitatis

535 3556 592 3606 et
620 3525 926 3604 solitudinis
968 3544 1121 3614 signa
1144 3549 1554 3600 monstrantur:
1585 3539 1731 3609 quod
1758 3546 1908 3594 tanta
1938 3538 2010 3595 sit
2032 3539 2125 3593 de-

532 3636 810 3710 populatio
843 3634 994 3690 urbis
1016 3632 1287 3704 quondam
1325 3631 1736 3701 potentissimae,
1766 3638 1827 3686 ut
1854 3644 1968 3701 pra:
1991 3629 2121 3684 mul-

536 3726 768 3786 titudine
817 3725 1123 3782 demonum
1152 3737 1218 3779 ac
1254 3719 1554 3778 bestiarum
1584 3718 1763 3776 nullus
1792 3720 1847 3776 in
1876 3734 1998 3775 eam
2028 3734 2126 3775 an-

536 3820 662 3881 deat
686 3824 893 3888 pastor,
925 3816 978 3872 id
1001 3823 1105 3881 est,
1139 3813 1341 3870 deserti
1374 3812 1642 3883 appetitor
1666 3812 1893 3867 intrare.
1925 3811 2125 3867 Didici-

535 3928 657 3969 mus
683 3927 715 3966 a
744 3909 980 3985 quodam
1027 3908 1196 3963 fratre
1246 3907 1478 3962 Elamita
1519 3906 1613 3976 qui
1658 3906 1727 3962 de
1776 3905 1883 3961 illis
1927 3905 2124 3961 ﬁnibus

533 4003 817 4076 egrediens
865 4017 1011 4057 nunc
1060 3998 1448 4071 Hierosolymis
1502 3999 1669 4053 vitam
1719 3998 1887 4069 exigit
1941 4013 2124 4052 mona-

532 4095 784 4159 chorum,
804 4093 1120 4149 venationes
1143 4090 1320 4161 regias
1346 4090 1534 4148 essein
1557 4089 1848 4161 Babylone,
1872 4098 1929 4144 et
1944 4091 2124 4146 omnis

534 4185 750 4257 generis
789 4183 993 4241 bestias
1019 4197 1296 4238 murorum
1322 4179 1440 4250 ejus
1482 4189 1689 4236 tantum
1735 4181 1939 4237 ambitu
1969 4197 2123 4237 coer-

534 4293 665 4333 cert.

612 4389 630 4420 ι
664 4369 720 4423 lu
746 4368 937 4423 diebus
984 4366 1091 4421 illis
1116 4375 1173 4421 et
1212 4368 1264 4420 in
1298 4374 1542 4436 tempore
1572 4365 1686 4431 illo,
1717 4367 1794 4421 ait
1835 4367 2114 4432 Dominus,

541 4482 558 4511 ι
595 4461 812 4518 venient
837 4461 934 4516 lilii
973 4461 1160 4525 Israel,
1200 4461 1299 4532 ipsi
1325 4469 1379 4516 et
1421 4460 1517 4515 lilii
1544 4458 1702 4524 Juda,
1734 4460 1893 4514 simul
1924 4460 2117 4516 ambu—

542 4571 560 4601 ι
598 4551 772 4607 lantes
799 4560 855 4605 et
903 4550 1092 4606 ﬂentes
1119 4551 1503 4621 properabant,
1559 4558 1616 4604 et
1639 4550 1920 4605 Dominum
1948 4549 2117 4605 Deum

542 4666 557 4691 ι
598 4657 753 4697 suum
778 4651 1040 4712 quarent.
1076 4640 1135 4695 1n
1180 4638 1311 4695 Sion
1347 4639 1757 4711 interrogabant
1793 4639 1960 4706 viam,
2011 4641 2118 4696 huc

541 4759 556 4784 .
598 4733 764 4790 facies
796 4748 982 4791 eorum
1009 4732 1245 4798 venient,
1291 4740 1346 4787 et
1369 4740 1709 4802 apponentur
1733 4733 1800 4788 ad
1829 4733 2115 4789 Dominum

542 4846 561 4874 ι
596 4824 800 4880 findere
841 4823 1191 4893 sempiterno,
1234 4822 1377 4891 quod
1423 4821 1569 4876 nulla
1603 4821 1873 4877 oblivione
1915 4821 2114 4879 delebi-

541 4938 558 4967 ι
597 4926 700 4971 tur.
740 4934 759 4967 ι
802 4913 925 4969 Haec
948 4928 1078 4984 ergo
1101 4912 1387 4983 promissio
1430 4913 1497 4967 ad
1543 4913 1904 4968 reversionem
1930 4914 2113 4985 pepuli

537 5008 633 5067 Dei
690 5007 757 5064 de
805 5006 1154 5076 captivitate,
1202 5020 1365 5075 quam
1400 5005 1501 5060 sub
1536 5003 1771 5076 Assyriis
1825 5005 1910 5060 vel
1954 5005 2116 5061 Chal-

536 5099 666 5153 dmis
694 5114 885 5169 passus
907 5105 992 5153 est
1019 5097 1076 5151 in
1106 5105 1306 5152 terram
1333 5094 1492 5161 Iuda,
1530 5095 1799 5165 pertinet,
1820 5095 1905 5150 vel
1944 5096 2115 5167 magis

535 5188 843 5245 Christiana
894 5194 1135 5258 tempora
1177 5186 1478 5258 signiﬁcat,
1523 5186 1739 5257 quando
1781 5187 1846 5241 de
1887 5187 2115 5242 diversis

535 5279 786 5351 gentibus
820 5276 916 5333 lilii
954 5277 1049 5333 Dei
1075 5276 1401 5333 conveniunt
1428 5277 1496 5332 ad
1564 5277 1856 5332 Ecclesium
1893 5277 2116 5333 catholi-

535 5385 655 5427 cam
685 5378 742 5426 et
788 5369 858 5425 ad
877 5384 1063 5426 veram
1086 5368 1424 5440 religionem.
1463 5367 1651 5438 lbique
1670 5378 1913 5440 quaerent
1936 5368 2115 5423 Domi-

538 5475 669 5514 num
713 5474 870 5515 suum
898 5458 1315 5529 interrogantes,
1355 5465 1414 5513 et
1439 5456 1711 5514 discentes
1736 5460 1881 5514 viam
1917 5459 2116 5514 verita-

536 5552 628 5617 tis,
662 5551 976 5620 vultumque
1003 5550 1185 5605 eordis
1234 5550 1317 5605 sui
1345 5550 1412 5605 ad
1442 5548 1745 5606 faciendam
1788 5553 2114 5608 voluntatem

542 5642 634 5696 Dei
686 5649 1050 5706 convertunt,
1088 5640 1494 5712 jungunturque
1542 5641 1616 5696 illi
1668 5641 1870 5698 fcedere
1916 5644 2118 5713 sempi-

540 5742 717 5796 terno,
753 5732 896 5801 quod
923 5731 1069 5787 nulla
1100 5731 1370 5787 oblivione
1403 5747 1639 5802 unquam
1667 5733 1946 5789 dclehitur.
1982 5734 2116 5790 Nam

2226 3277 2283 3325 et
2302 3270 2622 3325 habitabunt
2670 3285 2834 3341 super
2857 3286 2977 3327 eam
3028 3272 3135 3343 ipsi
3167 3282 3223 3327 et
3248 3271 3341 3326 ﬁlii
3368 3285 3555 3333 eorum,
3583 3275 3628 3322 et
3663 3260 3726 3316 ﬁlii

2227 3360 2457 3416 filiorum
2479 3375 2666 3417 eorum
2692 3377 2865 3432 usque
2892 3362 2948 3417 in
2970 3364 3360 3435 sempiternum
3384 3381 3397 3417 :
3420 3370 3473 3418 et
3493 3356 3628 3416 David
3647 3368 3727 3409 ser-

2225 3466 2326 3506 vus
2352 3465 2522 3518 meus,
2556 3452 2806 3524 princeps
2834 3469 3022 3509 eorum
3061 3455 3117 3510 in
3147 3462 3473 3526 perpetuum.
3515 3450 3570 3504 Et
3591 3458 3726 3518 perol-

2225 3544 2358 3599 tiam
2407 3543 2512 3600 illis
2546 3544 2742 3613 ftedus,
2791 3554 3009 3616 pactum
3062 3550 3441 3620 sempiternum
3466 3545 3559 3600 erit
3591 3541 3667 3603 eis.
3689 3542 3727 3591 α

2226 3633 2462 3691 fundaho
2487 3651 2602 3701 eos,
2654 3644 2711 3691 et
2739 3636 3111 3709 multiplicabo
3130 3680 3146 3706 ,
3178 3650 3233 3695 et
3265 3641 3397 3696 dabo
3420 3628 3723 3695 sanctiﬁcatio-

2225 3741 2351 3781 nem
2379 3742 2557 3783 meam
2600 3728 2656 3782 in
2698 3730 2877 3785 medio
2919 3744 3112 3786 eorum
3160 3734 3214 3787 in
3242 3741 3553 3804 perpetuum,
3590 3721 3725 3781 θεαί(

2226 3816 2630 3873 tabernaculum
2663 3834 2844 3875 meum
2868 3820 2920 3875 in
2952 3823 3055 3887 eis,
3090 3832 3147 3877 et
3185 3839 3280 3879 ero
3324 3823 3399 3878 eis
3423 3823 3563 3883 Deus,
3586 3825 3628 3872 et
3654 3812 3721 3884 ἰρεί

2223 3918 2387 3962 erunt
2420 3908 2551 3964 mihi
2581 3909 2828 3981 populus,
2874 3920 2928 3967 et
2963 3914 3142 3969 scient
3186 3924 3367 3985 gentes
3400 3914 3512 3983 quia
3551 3923 3630 3978 ego
3650 3906 3721 3959 Do-

2224 3998 2403 4054 minus
2430 4001 2799 4057 sanctiﬂcator
2840 4002 3023 4069 Israel,
3080 4020 3203 4061 cum
3250 4005 3406 4060 fuerit
3446 3996 3721 4059 sanctificatio

2224 4102 2345 4143 mea
2373 4089 2428 4143 in
2450 4089 2626 4144 medio
2645 4105 2830 4145 eorum
2856 4094 2908 4146 in
2932 4104 3252 4165 perpetuum
3276 4094 3477 4167 (Ezech.
3506 4086 3717 4156 tum)”

2223 4176 2430 4251 Regum
2445 4190 2631 4235 narrat
2661 4182 2883 4239 historia
2910 4183 3029 4253 (III
3062 4186 3188 4258 lleg.
3217 4186 3414 4255 xxxvn)
3438 4184 3526 4240 sub
3542 4178 3718 4235 Roboam

2225 4267 2334 4324 lilio
2376 4266 2679 4325 Salomonis
2722 4273 3003 4328 duodecim
3041 4276 3213 4331 tribus
3259 4275 3415 4331 fuisse
3462 4272 3644 4332 divisas,
3679 4270 3717 4318 el

2222 4360 2374 4424 duas,
2405 4359 2507 4415 hoc
2535 4369 2640 4427 est,
2668 4360 2860 4417 Iudam
2888 4372 2942 4417 et
2981 4364 3257 4436 Benjamin
3282 4381 3401 4420 cum
3420 4361 3574 4418 levitis
3595 4368 3719 4412 acst-

2221 4454 2530 4510 cerdotibus
2574 4463 2787 4511 secutas
2813 4471 2934 4512 esse
2961 4457 3223 4524 Roboam,
3252 4458 3339 4528 qui
3361 4453 3573 4527 regnavit
3590 4450 3631 4504 in
3650 4445 3715 4500 Je-

2223 4546 2473 4611 rusalem,
2503 4558 2557 4601 et
2583 4562 2809 4619 regnum
2834 4550 2951 4620 ejus
2987 4551 3310 4622 appellatum
3349 4558 3426 4605 est
3447 4545 3594 4603 Iuda:
3621 4539 3716 4594 aliis

2218 4652 2349 4692 vero
2383 4637 2567 4692 decem
2597 4638 2768 4694 tribus
2809 4654 2930 4709 qua:
2977 4641 3269 4697 dixerunt:
3309 4659 3325 4692 ι
3371 4638 3477 4694 Νοη
3504 4642 3574 4692 est
3605 4626 3715 4686 nobis

2217 4741 2346 4795 pars
2375 4727 2427 4781 in
2449 4726 2639 4794 David,
2668 4744 2838 4799 neque
2860 4730 3154 4788 hzereditas
3182 4733 3233 4787 in
3256 4731 3361 4786 lilio
3388 4727 3520 4783 Jesse
3541 4718 3675 4797 [153i],
3698 4733 3709 4764 '

2219 4815 2543 4872 Hierohoam
2579 4818 2690 4874 ﬁlio
2737 4819 2972 4886 Nabath,
3000 4822 3067 4877 de
3105 4824 3245 4878 tribu
3270 4821 3525 4893 Ephraim,
3546 4814 3621 4885 qui
3642 4808 3713 4863 fuit

2218 4908 2361 4966 ﬁlius
2391 4908 2610 4981 Ioseph,
2641 4913 2956 4969 submisisse
2996 4916 3232 4971 cervices
3259 4926 3311 4971 et
3337 4911 3546 4969 servisse
3567 4906 3625 4968 ei.
3646 4914 3713 4970 al"

2216 5003 2546 5075 pellatasque
2570 5019 2636 5060 ex
2672 5020 2865 5077 magna
2908 5016 3064 5076 parte
3108 5006 3283 5078 populi
3316 5005 3517 5075 antiquo
3547 4993 3710 5053 nomine

2216 5092 2420 5150 lsrael:
2449 5103 2505 5150 et
2530 5096 2698 5150 multo
2724 5105 2962 5168 tempore
2997 5114 3215 5169 regnum
3259 5095 3386 5152 Iuda
3415 5106 3462 5150 et
3487 5087 3622 5146 Israel
3643 5082 3709 5138 ad-

2217 5200 2435 5242 versum
2456 5202 2515 5243 se
2542 5187 2793 5244 habuisse
2822 5191 3140 5255 certamina,
3189 5189 3501 5262 propriisque
3519 5176 3707 5255 paruisse

2219 5277 2455 5347 *θεῖδιιεν
2484 5278 2792 5349 Primaque
2812 5281 2997 5336 decem
3038 5281 3204 5337 tribus
3232 5288 3404 5350 captas
3426 5277 3487 5331 ab
3505 5264 3703 5340 Assyriis.

2218 5376 2274 5422 et
2294 5375 2418 5437 post
2438 5368 2769 5439 aliquantum
2817 5372 3073 5443 temporis
3098 5386 3190 5426 eas
3228 5385 3340 5440 quae
3370 5360 3706 5437 appellabantur

2215 5458 2372 5526 Juda,
2398 5476 2427 5515 a
2456 5460 2721 5518 Chaldzeis
2746 5463 2799 5517 in
2820 5463 3141 5536 Babylonem
3164 5464 3344 5519 ductas
3366 5473 3473 5514 esse
3498 5449 3701 5521 captivas.

2216 5558 2272 5605 et
2296 5552 2494 5606 tribum
2522 5550 2655 5607 Juda
2683 5562 2802 5622 post
2828 5569 2999 5609 annos
3019 5553 3341 5626 septuaginta
3365 5545 3566 5613 antiqua:
3586 5544 3701 5626 ιειξηθ

2218 5644 2482 5700 redditam
2510 5663 2523 5700 :
2562 5646 2746 5701 decem
2778 5654 2956 5702 autem
3001 5623 3169 5703 tribus
3192 5623 3305 5718 qua:
3328 5639 3611 5697 vocabantur
3640 5623 3696 5677 ls-

2221 5735 2353 5803 racl,
2391 5752 2559 5806 usque
2595 5737 2753 5793 hodie
2783 5737 2834 5791 in
2877 5736 3464 5801 montibnsurbibusquc
3482 5719 3696 5780 Medorum
