3970 6190
327 313 462 365 ll“

1177 306 1538 364 EXPOSITIO
1577 304 1803 362 SUPER
1839 303 2205 360 JEREMIAM.
2247 337 2316 346 ——
2355 306 2482 360 LIB.
2527 304 2665 360 XVI.

3453 305 3593 360 lli?

322 430 530 485 servire
556 428 795 497 captivas
825 426 872 498 (Ι
893 424 929 477 γ
961 422 1090 497 ιιὲῃ.
1143 442 1236 489 xu,
1284 426 1311 479 I
1331 424 1368 479 V
1396 426 1521 498 Reg.
1558 426 1704 495 xxv).
1750 427 1898 480 [διιε-
1926 424 1975 484 Ᾱ
2003 422 2322 487 Salvatoris,
2353 423 2570 491 quando
2591 420 2991 477 tabernaculum
3012 418 3130 489 ejus
3151 421 3384 490 positum
3415 430 3500 476 est
3536 420 3595 476 iu

321 537 451 578 scus
470 520 634 593 igitur
659 519 941 590 prophetia
986 520 1101 575 haec
1125 535 1192 574 ex
1222 534 1318 574 ore
1358 519 1567 574 Domini
1607 517 1905 589 pollicetur,

321 615 466 686 quod
498 621 790 682 utrumque
836 613 937 667 sibi
986 613 1245 683 jungatur
1302 612 1622 683 imperium,
1679 613 1781 666 hoc
1827 621 1911 666 cst

326 720 550 775 regnum
576 704 729 760 Judze
751 745 765 770 ,
816 713 871 759 et
897 719 1123 774 regnum
1152 703 1318 759 Israel
1346 722 1358 756 :
1408 704 1731 773 tollaturqne
1759 704 1909 773 virga

326 796 603 866 l-Ipbraim,
632 796 727 864 qui
753 796 821 849 de
866 794 1036 865 Stirpe
1064 793 1267 864 Joseph
1313 803 1604 865 generatus
1630 802 1744 859 est,
1784 810 1910 850 cum

324 889 550 958 reliquis
599 886 844 942 tribubus
872 902 995 956 qua
1036 888 1086 942 ei
1133 887 1351 942 sociata:
1401 895 1548 952 sunt,
1580 895 1635 942 et
1654 885 1913 957 jungatur

322 980 492 1049 virga
509 977 682 1043 Judaz,
724 986 787 1032 ut
820 992 1163 1050 nequaquam
1214 988 1433 1036 vocetur
1459 980 1597 1035 Jnda
1644 989 1699 1035 et
1724 980 1909 1046 Israel,

323 1070 421 1123 sed
449 1083 557 1123 uno
579 1068 797 1123 nomine
817 1069 1157 1138 appellentur
1174 1069 1311 1125 Juda
1333 1084 1349 1123 :
1373 1078 1429 1125 et
1459 1071 1559 1125 sub
1591 1069 1760 1141 figura
1786 1086 1912 1140 pro—

323 1160 524 1229 phetae,
566 1160 659 1228 qui
685 1159 940 1228 praecedit
966 1160 1020 1214 in
1050 1168 1176 1231 typo
1211 1160 1424 1216 Domini
1464 1161 1771 1226 salvatoris,
1819 1175 1911 1215 ue-

323 1266 595 1322 quaquam
625 1252 834 1305 duahus
856 1252 1122 1316 manibus,
1147 1252 1241 1307 sed
1269 1267 1373 1307 una
1396 1252 1595 1307 Christi
1628 1260 1914 1306 teneantur

326 1356 506 1395 manu.
538 1341 679 1396 Dicit
703 1340 845 1396 enim
884 1355 944 1396 se
972 1356 1248 1395 assumere
1270 1342 1406 1397 filios
1441 1342 1604 1396 Israel
1630 1342 1696 1396 de
1736 1343 1913 1397 medio

327 1431 606 1485 nationum
637 1431 705 1485 ad
727 1446 864 1500 quas
884 1432 1079 1500 captivi
1110 1430 1258 1486 ducti
1298 1442 1442 1497 sunt,
1488 1442 1544 1486 et
1568 1433 1911 1487 reducturum

325 1536 427 1577 eos
449 1522 503 1576 iu
529 1530 750 1588 terram,
787 1532 843 1578 et
869 1530 1081 1578 montes
1111 1523 1296 1588 Israel,
1323 1525 1391 1578 de
1420 1523 1616 1594 quibus
1640 1539 1801 1594 supra
1833 1524 1913 1577 le-

325 1612 523 1681 gimus,
549 1619 606 1667 et
643 1612 1011 1682 appellandam
1037 1628 1198 1668 uuam
1226 1622 1441 1684 gentem
1470 1615 1738 1685 uniusque
1769 1615 1913 1687 regis

328 1702 619 1772 regendam
656 1703 902 1774 imperio,
944 1713 1005 1759 ut
1036 1706 1176 1759 ultra
1205 1721 1311 1760 non
1355 1706 1665 1776 polluantur
1707 1707 1761 1762 in
1791 1708 1909 1764 ido-

2010 514 2241 569 ecclesia
2284 514 2375 567 ubi
2396 514 2571 568 factus
2595 521 2678 568 est
2706 513 2849 567 Deus
2878 522 3082 577 uoster,
3130 521 3185 567 et
3225 528 3326 567 nos
3363 512 3594 582 populus

2008 609 2145 679 ejus,
2180 606 2561 678 profectusque
2588 606 2827 660 oumium
2866 614 2971 669 est,
3006 612 3064 657 ut
3093 604 3266 658 sciant
3297 604 3442 671 quod
3477 604 3593 672 ipse

2010 701 2081 756 sit
2122 699 2382 754 Dominus
2406 738 2421 763 ,
2447 706 2501 752 et
2540 697 2652 765 ipse
2698 694 2998 751 sanctificet
3040 693 3199 749 Israel
3232 712 3245 746 :
3300 708 3406 747 non
3437 692 3593 762 juxta

2008 804 2258 855 carnem,
2305 788 2398 844 sed
2439 786 2592 856 juxta
2642 786 2917 857 spiritum,
2967 785 3193 855 quando.
3233 782 3592 842 sanctificatio

2010 882 2128 953 ejus
2170 881 2225 934 in
2268 878 2444 934 medio
2480 879 2813 933 credentium
2860 877 2999 931 facta
3035 885 3118 931 est
3149 878 3211 931 in.
3253 884 3591 946 perpetuum.

2011 971 2163 1039 Quod
2197 979 2379 1025 autem
2408 968 2665 1024 Dominus
2691 967 2946 1037 abjecerit
2978 967 3175 1021 tribum
3223 967 3500 1036 Ephraim,
3541 976 3600 1020 et

2011 1063 2238 1135 elegerit
2267 1063 2465 1117 tribum
2490 1059 2654 1123 Juda,
2695 1068 2749 1114 et
2784 1060 2836 1113 iu
2864 1058 3091 1113 Psalmis
3121 1058 3364 1128 legimus.
3402 1058 3455 1110 in
3480 1058 3599 1125 qui-

2010 1158 2113 1213 bus
2137 1157 2395 1225 scriptum
2422 1161 2543 1210 est:
2591 1174 2609 1205 ι
2642 1154 2709 1208 Ει
2740 1151 2934 1221 repulit
2954 1150 3355 1206 tabernaculum
3370 1149 3592 1220 Joscph,

2011 1257 2068 1305 et
2092 1247 2289 1302 tribum
2327 1246 2562 1316 Ephrem
2593 1256 2699 1299 nou
2744 1241 2928 1313 elegit,
2959 1250 3013 1295 et
3050 1241 3213 1310 elegit
3242 1242 3437 1294 tribum
3458 1240 3596 1293 .luda

2013 1339 2184 1412 (Psal.
2222 1337 2452 1409 anu),
2489 1357 2506 1389 ι
2549 1338 2615 1392 de
2656 1350 2761 1405 qua
2793 1336 3054 1404 scriptum
3099 1343 3225 1388 est:
3275 1351 3294 1383 ι
3326 1331 3443 1386 Non
3467 1331 3599 1386 deft—

2012 1430 2121 1485 ciet
2147 1428 2399 1499 princeps
2421 1438 2488 1483 ex
2514 1425 2671 1489 Juda,
2704 1439 2878 1493 neque
2902 1424 3009 1477 dux
3040 1423 3106 1478 de
3133 1422 3437 1477 senioribus
3457 1419 3598 1489 ejus,

2012 1520 2183 1575 donec
2204 1518 2384 1574 veniat
2423 1517 2515 1586 qui
2553 1516 2848 1570 mittendus
2892 1523 2995 1577 est,
3038 1514 3124 1568 cui
3151 1513 3444 1582 repositum
3493 1523 3596 1573 est,

2011 1618 2068 1664 et
2087 1610 2201 1680 ipse
2221 1606 2673 1677 eritexspectatio
2698 1604 2938 1674 gentium
2990 1601 3143 1675 (Gen.
3194 1602 3363 1672 χιιι).
3401 1622 3419 1653 ι
3463 1601 3600 1657 Vere

2009 1703 2154 1759 enim
2184 1703 2240 1757 in
2283 1702 2516 1757 adventu
2544 1701 2760 1757 Domini
2789 1700 3076 1756 salvatoris
3100 1700 3220 1754 dum
3253 1700 3439 1769 virgae,
3466 1705 3520 1753 et
3544 1707 3601 1751 ut

326 1792 395 1847 Iis
424 1800 479 1848 et
526 1793 1016 1850 abominatiouibus
1041 1798 1180 1851 suis:
1216 1798 1309 1851 sed
1337 1813 1459 1852 eum
1490 1797 1689 1853 fuerint
1729 1800 1797 1853 de
1819 1814 1911 1853 ca-
1940 1782 1985 1841 Β
2015 1795 2070 1849 iu
2101 1794 2366 1850 Hebraieo
2402 1792 2636 1864 positum
2675 1800 2780 1856 est,
2826 1791 2932 1846 duo
2961 1790 3105 1861 ligna
3134 1790 3188 1844 iu
3220 1804 3385 1847 eumn
3410 1788 3598 1857 juncta

323 1884 592 1953 ptivitatis
648 1883 867 1940 sedibus
917 1885 1169 1951 liberati,
1221 1888 1275 1941 in
1319 1887 1515 1957 quibus
1552 1896 1911 1959 peccaverunt

324 1975 576 2030 omnibus
597 1976 762 2039 vitiis,
790 1990 910 2031 esse
936 1978 1276 2033 mandandos
1311 1987 1366 2032 et
1419 1978 1625 2033 futuros
1659 1979 1908 2049 populum

326 2065 445 2129 Dei,
474 2067 546 2120 ita
570 2074 628 2119 ut
652 2066 909 2121 Dominus
929 2067 1000 2121 sit
1023 2067 1167 2122 Deus
1189 2082 1396 2121 eorum.
1429 2086 1449 2117 ι
1478 2068 1545 2122 Et
1566 2083 1779 2132 servus,
1829 2069 1911 2122 in-

325 2156 464 2225 quit,
494 2172 645 2211 meus
670 2156 838 2211 David
869 2172 961 2211 rex
987 2173 1147 2227 super
1174 2173 1287 2212 eos.
1317 2177 1335 2210 ι
1369 2158 1446 2213 De
1465 2174 1573 2227 quo
1593 2166 1648 2212 et
1688 2159 1911 2227 angelus

326 2246 568 2318 loquitur
602 2247 657 2301 iu
697 2247 985 2317 Evangelia
1031 2246 1182 2320 (Luc.
1216 2252 1278 2319 ι),
1327 2250 1471 2319 quod
1501 2258 1820 2317 regnaturus
1841 2249 1912 2303 sit

324 2352 492 2412 super
525 2340 743 2395 domum
772 2339 960 2406 Jacob,
992 2351 1045 2397 et
1067 2342 1216 2412 regni
1237 2341 1352 2410 ejus
1373 2356 1478 2396 nou
1507 2341 1577 2396 sit
1602 2341 1741 2396 fluis.
1770 2341 1910 2395 'l‘au-

331 2437 507 2499 teque
533 2430 637 2485 erit
678 2431 998 2497 clementiae,
1030 2440 1091 2485 ut
1118 2447 1225 2487 nou
1266 2430 1439 2486 solum
1470 2445 1589 2498 rex,
1628 2431 1722 2486 sed
1751 2439 1911 2501 etpa-

329 2534 446 2576 stor
472 2520 787 2591 appelletur.
832 2520 985 2587 Quod
1007 2522 1296 2591 superbum
1337 2537 1532 2577 nomen
1559 2521 1770 2591 imperii
1816 2538 1911 2591 pa-

250 2650 253 2651 ν
330 2610 494 2665 storis
530 2610 846 2665 vocabulum
873 2610 1102 2683 mitiget.
1149 2611 1251 2678 Qui
1290 2620 1573 2681 postquam
1623 2611 1826 2667 fuerint
1855 2612 1909 2666 in

331 2709 547 2769 gentem
574 2716 757 2766 uuam,
784 2709 842 2756 et
874 2701 930 2756 in
956 2710 1102 2758 terra
1126 2702 1325 2768 Israel,
1365 2718 1429 2757 ac
1458 2703 1730 2759 montibus
1759 2702 1911 2758 habi-

335 2791 583 2855 taverint,
609 2791 931 2847 ambulaturi
953 2792 1061 2847 sint
1089 2792 1143 2850 in
1172 2793 1423 2847 omnibus
1444 2792 1660 2863 judieiis
1671 2792 1906 2857 Domini,

326 2890 383 2937 et
405 2892 669 2952 praecepta
697 2883 833 2939 illius
869 2883 1185 2939 custodituri
1213 2901 1225 2936 :
1273 2882 1564 2938 habitaturi
1593 2893 1772 2939 autem
1802 2899 1907 2938 nou

328 2972 383 3027 iu
411 2972 516 3027 alia
548 2980 710 3038 terra,
741 2974 835 3029 sed
874 2974 929 3028 iu
955 2987 1019 3028 ea
1047 2989 1209 3045 quam
1231 2974 1379 3030 dedit
1406 2989 1563 3029 servo
1597 2990 1695 3030 suo
1720 2973 1905 3042 Jacoh,

328 3062 384 3116 in
420 3078 524 3131 qua
565 3062 946 3117 habitaverunt
972 3070 1155 3133 patres
1176 3079 1384 3129 eorum,
1412 3063 1703 3131 Abraham,
1734 3065 1903 3130 Isaac,

326 3161 383 3207 et
406 3152 593 3220 Jacob,
623 3162 680 3209 et
715 3154 903 3223 reliqui
928 3155 1103 3209 sancti
1129 3173 1143 3208 :
1172 3162 1227 3209 et
1262 3171 1369 3211 uou
1412 3155 1585 3210 solqu
1631 3156 1731 3226 ipsi
1758 3157 1907 3211 habi-
1936 3148 1981 3211 C

331 3243 495 3298 taturi
518 3244 646 3309 sint,
676 3243 770 3300 sed
795 3253 852 3300 et
871 3244 995 3301 filia:
1023 3260 1211 3301 eorum
1240 3261 1305 3301 ac
1327 3255 1570 3315 nepotes,
1593 3245 1750 3315 juxta
1781 3247 1909 3303 illud

328 3339 681 3411 Virgiliauum
707 3354 723 3393 :

481 3439 543 3489 Et
566 3438 664 3489 uati
688 3446 928 3500 natorum,
951 3450 1003 3490 et
1024 3442 1106 3501 qui
1142 3448 1404 3491 nascentur
1427 3440 1636 3490 abillis:

332 3522 678 3591 habiteutque
702 3538 807 3577 uou
835 3523 903 3577 ad
922 3524 1084 3577 breve
1108 3533 1335 3593 tempus,
1367 3526 1462 3579 sed
1491 3524 1545 3578 iu
1570 3532 1908 3594 perpetuum.

328 3611 501 3667 Vultis
521 3620 700 3667 autem
730 3613 869 3668 scire
899 3612 989 3682 qui
1020 3612 1090 3666 sit
1113 3613 1214 3667 iste
1236 3629 1329 3667 rex
1353 3621 1407 3667 et
1431 3613 1658 3683 pastor?
1688 3614 1803 3684 Ipse
1827 3623 1912 3668 est

328 3703 394 3758 de
429 3718 536 3772 quo
557 3718 717 3773 supra
740 3702 852 3757 dixi
884 3718 898 3756 :
932 3722 950 3753 ι
982 3701 1183 3758 Servus
1212 3719 1364 3758 meus
1387 3704 1575 3759 David.
1609 3724 1628 3756 ι
1657 3734 1727 3743 -
1758 3723 1776 3754 ι
1807 3704 1909 3771 Qui

327 3808 450 3849 cum
468 3793 703 3848 informa
719 3793 813 3848 Dei
826 3802 988 3859 esset,
1007 3810 1114 3848 uou
1128 3802 1209 3849 est
1226 3794 1465 3864 rapinam
1485 3794 1780 3849 arbitratus
1792 3809 1914 3853 esse

326 3899 387 3939 se
410 3883 669 3954 aequalem
689 3882 799 3939 Deo
816 3902 829 3937 :
846 3884 941 3938 sed
960 3882 1570 3938 scexiuauivitfonuam
1603 3884 1744 3939 servi
1773 3885 1913 3940 acci-

328 3975 500 4046 piens,
522 3985 577 4030 et
599 3974 772 4030 factus
796 3982 881 4029 est
904 3975 1159 4029 obedieus
1187 3973 1331 4027 Patri
1364 3988 1534 4042 usque
1562 3972 1632 4027 ad
1658 3983 1911 4041 mortem,

331 4074 558 4121 mortem
587 4073 769 4119 autem
805 4064 981 4119 crucis
1021 4061 1332 4134 (Philip.u).
1376 4081 1397 4114 ι
1419 4061 1663 4133 Cumque
1690 4064 1790 4118 sub
1819 4064 1912 4118 tali

331 4172 456 4228 rege
484 4156 704 4223 fuerint,
728 4158 1021 4228 percutiam
1044 4155 1150 4211 illis
1182 4156 1359 4211 fmdus
1380 4156 1551 4225 pacis,
1574 4172 1911 4227 nequaquam

331 4262 390 4305 ut
404 4252 457 4304 iu
469 4250 633 4306 veteri
651 4258 968 4306 testamento
977 4249 1332 4305 certaminum
1346 4259 1508 4318 atque
1519 4249 1802 4316 bellorum,
1817 4252 1910 4306 sed

331 4350 544 4412 pactum
568 4341 736 4409 pacis,
760 4356 878 4409 qua:
896 4349 1184 4409 exsuperat
1205 4354 1420 4395 oinuem
1442 4354 1680 4404 sensum,
1708 4340 1774 4395 de
1804 4356 1909 4411 qua

331 4433 577 4490 Salvator
603 4433 840 4502 loquitur
872 4433 939 4486 ad
983 4434 1293 4502 apostolos:
1349 4449 1367 4482 ι
1410 4432 1605 4486 Pacem
1636 4447 1813 4487 meam
1840 4433 1908 4488 d0

329 4524 512 4589 vobis,
541 4538 729 4594 pacem
757 4522 1000 4591 relinquo
1028 4524 1179 4578 vobis
1213 4523 1390 4594 (Joau.
1424 4524 1534 4593 xuv)
1562 4541 1575 4575 :
1615 4542 1633 4573 ι
1669 4533 1723 4577 et
1769 4522 1906 4578 Pro-
1933 4513 1983 4570 Ι)

328 4616 491 4686 pheta
539 4615 712 4670 dicit:
753 4632 772 4665 ι
807 4613 1003 4669 Factus
1022 4623 1107 4669 est
1151 4614 1204 4668 iu
1236 4628 1364 4682 pace
1408 4612 1560 4668 locus
1579 4612 1699 4680 ejus
1729 4610 1900 4683 (Psal.

330 4706 513 4779 uxv).
547 4725 566 4757 ι
592 4708 737 4774 Quos
762 4722 883 4762 cum
913 4706 966 4760 in
995 4706 1234 4761 Ecclesia
1264 4704 1565 4760 fundaverit
1591 4714 1647 4759 et
1669 4704 1906 4760 stabilie-

330 4797 444 4864 rit,
487 4797 561 4852 ita
602 4808 661 4851 ut
685 4798 889 4867 possint
916 4796 1144 4852 dicere:
1202 4815 1221 4846 ι
1259 4796 1460 4850 Statuit
1501 4811 1665 4864 supra
1694 4803 1901 4864 petram

329 4891 493 4961 pedes
529 4907 678 4947 meos
718 4889 888 4963 (Paul.
920 4893 1131 4961 xum),
1163 4908 1180 4940 ι
1233 4898 1359 4943 tunc
1386 4888 1901 4958 multiplicabuntur,

330 4981 416 5037 vel
452 4982 782 5037 credentium
821 4995 1067 5047 numero,
1127 4979 1213 5034 vel
1265 4978 1708 5048 multiplicatione
1734 4978 1905 5033 virtu-

330 5082 465 5127 tum.
495 5091 515 5123 ι
551 5072 619 5126 Et
646 5072 803 5136 dabo,
832 5071 1022 5140 inquit,
1051 5069 1533 5125 sanctificatiouem
1562 5083 1766 5135 meam,
1791 5066 1905 5122 sive

331 5162 693 5218 sanctuarium
715 5177 917 5227 meum,
939 5162 992 5216 iu
1021 5162 1196 5218 medio
1225 5176 1411 5217 eorqu
1440 5160 1494 5214 iu
1520 5169 1856 5230 perpetuum.
1877 5178 1897 5211 ι

330 5255 482 5319 Quod
541 5252 711 5308 Judaei
761 5254 828 5310 de
878 5253 1077 5323 templo
1114 5253 1558 5324 interpretantur,
1615 5252 1761 5323 quod
1802 5252 1903 5307 sub

328 5342 623 5400 Zorobabel
646 5353 976 5399 exstructum
997 5353 1099 5400 est.
1123 5344 1230 5399 Sed
1254 5344 1522 5416 quomodo
1542 5355 1687 5399 stare
1706 5343 1905 5414 poterit

328 5431 451 5499 hoc,
480 5432 628 5502 quod
653 5433 870 5500 dicitur,
902 5434 957 5489 iu
998 5442 1350 5505 perpetuum:
1392 5450 1513 5491 cum
1539 5434 1793 5503 templum
1835 5433 1901 5485 il-

329 5522 421 5578 lud
442 5524 586 5595 quod
605 5543 635 5580 a
649 5524 946 5581 Zorobahel
970 5534 1302 5582 exstructum
1315 5536 1397 5582 est
1425 5536 1478 5582 et
1499 5537 1684 5596 postea
1708 5542 1737 5580 a
1766 5524 1902 5578 mul-

330 5616 402 5670 tis
433 5615 809 5682 instauratum,
853 5614 1094 5673 Romano
1122 5617 1244 5687 igne
1277 5631 1592 5672 succensum
1629 5616 1732 5670 sit?
1761 5614 1900 5681 Quae

329 5711 509 5767 ctuuia
539 5709 826 5767 referenda
863 5717 987 5764 sunt
1016 5708 1081 5764 ad
1112 5707 1404 5765 Ecclesium
1447 5717 1501 5763 ct
1540 5707 1607 5763 ad
1655 5715 1898 5774 tempora

2013 1894 2138 1942 sunt
2163 1895 2469 1955 sceptrum,
2503 1891 2559 1939 et
2587 1883 2638 1936 iu
2682 1882 3005 1952 baptismate
3041 1880 3245 1934 Christi
3288 1879 3487 1934 dudum
3517 1893 3601 1932 se-

2011 1986 2198 2048 parata
2219 1977 2513 2040 sociantur,
2546 1982 2605 2028 ut
2643 1974 2773 2026 fiant
2796 1972 2853 2025 iu
2873 1986 3037 2025 unum
3078 1985 3276 2023 novum
3330 1969 3598 2023 hominem

2010 2081 2066 2124 et
2095 2068 2149 2124 iu
2177 2083 2335 2122 unam
2366 2076 2580 2137 gentem
2606 2084 2619 2119 :
2664 2080 2838 2135 neque
2861 2063 3167 2133 polluantur
3188 2062 3325 2116 ultra
3365 2062 3420 2116 iu
3445 2060 3602 2115 idolis

2013 2169 2069 2214 et
2095 2158 2604 2221 abominationibus,
2628 2157 2723 2212 sed
2757 2154 2937 2209 mundi
2976 2153 3190 2208 lavacro
3236 2153 3346 2208 siut
3372 2153 3602 2222 populus

2014 2252 2130 2317 Dei,
2160 2259 2216 2305 et
2242 2250 2469 2320 imperet
2510 2249 2591 2304 eis
2619 2248 2890 2311 Christus,
2920 2256 2977 2301 et
3017 2246 3262 2301 habitent
3302 2261 3464 2315 super
3491 2254 3598 2299 ter-

2016 2358 2155 2409 ram,
2205 2350 2510 2410 terramque
2552 2340 2844 2395 viventium
2875 2355 3036 2408 quam
3070 2338 3297 2395 dederat
3316 2353 3473 2394 servo
3498 2352 3600 2394 suo

2011 2438 2195 2501 Iacob,
2224 2438 2316 2507 qui
2336 2436 2595 2508 populum
2623 2434 2789 2491 Israel
2816 2435 2870 2490 in
2897 2435 3088 2490 matris
3108 2444 3263 2491 utero
3290 2433 3600 2504 supplanta—

2013 2530 2111 2583 vit.
2158 2527 2255 2585 Siu
2284 2536 2464 2583 autem
2510 2525 2840 2581 voluerimus
2876 2524 3029 2594 juxta
3074 2524 3410 2597 prophetiam
3460 2523 3600 2578 Osce

2012 2632 2131 2687 quae
2156 2631 2296 2688 pene
2321 2616 2500 2672 omnis
2545 2614 2613 2671 ad
2656 2616 2842 2670 decem
2889 2614 3064 2670 tribus
3106 2612 3374 2684 dirigitur,
3428 2612 3480 2669 id
3514 2621 3601 2667 est

2013 2708 2081 2763 ad
2121 2705 2344 2777 Joseph,
2378 2715 2435 2761 et
2462 2705 2743 2777 Ephraim,
2767 2713 2824 2761 et
2858 2702 3185 2769 Samariam,
3211 2711 3267 2759 et
3293 2703 3477 2768 Israel,
3510 2703 3601 2758 iu-

2013 2799 2254 2870 telligere
2283 2797 2403 2853 falsi
2424 2797 2658 2853 nominis
2706 2795 2993 2852 scientiam
3019 2835 3035 2860 ,
3064 2803 3120 2849 et
3166 2794 3371 2850 divisas
3408 2794 3603 2848 turbas

2011 2887 2410 2952 haereticorum,
2447 2887 2550 2943 hoc
2572 2886 2836 2951 dicemus,
2867 2884 3008 2955 quod
3034 2883 3090 2937 in
3123 2882 3312 2939 ultimo
3359 2892 3601 2952 tempore

2018 2997 2036 3029 ι
2078 2978 2292 3047 quando
2343 2977 2729 3031 subiutraverit
2773 2975 3052 3047 plenitudo
3092 2974 3355 3045 gentium,
3395 2982 3452 3028 et
3479 2990 3601 3029 om-

2014 3072 2099 3128 nis
2118 3072 2281 3128 lsrael
2307 3072 2487 3127 salvus
2530 3070 2693 3126 fuerit
2718 3068 2887 3141 (Rom.
2933 3069 3032 3139 XI).
3069 3089 3087 3121 ι
3132 3068 3285 3123 Tunc
3310 3068 3471 3123 etiam
3503 3070 3600 3123 ad-

2013 3164 2239 3219 versarii
2266 3163 2445 3234 populi
2474 3164 2566 3233 qui
2594 3169 2780 3217 contra
2810 3161 3031 3217 domum
3077 3159 3251 3226 ludas,
3283 3169 3342 3214 et
3386 3158 3600 3215 confes-

2013 3257 2223 3312 sionem
2258 3255 2513 3311 Ecclesia:
2539 3259 2934 3323 pugnaverunt,
2969 3251 3185 3305 tradant
3226 3265 3287 3305 se
3331 3249 3592 3305 ecclesia-

2011 3351 2161 3405 sticae
2192 3347 2338 3412 fidei,
2369 3356 2425 3401 et
2454 3345 2721 3401 universis
2744 3344 3023 3399 erroribus
3043 3341 3353 3406 derelictis,
3376 3351 3432 3396 et
3452 3342 3597 3412 priu-

2012 3440 2223 3511 cipibus
2247 3438 2429 3494 mundi
2458 3437 2612 3492 istius
2639 3436 2729 3507 qui
2756 3436 3130 3501 destruantur,
3180 3442 3236 3488 et
3272 3433 3599 3504 patriarchis

2012 3532 2148 3597 suis,
2199 3530 2292 3599 qui
2321 3543 2414 3584 eos
2459 3528 2513 3581 iu
2561 3526 3015 3597 blasphemiarum
3059 3524 3339 3579 baratrum
3364 3524 3597 3580 deduxe-

2011 3631 2167 3686 runt,
2199 3626 2525 3689 consurgant
2549 3626 2605 3673 et
2631 3618 2936 3688 relinquant
2971 3617 3110 3672 idola
3141 3632 3269 3682 sua,
3299 3625 3357 3673 et
3382 3616 3594 3672 abomi-

2012 3713 2259 3768 natioues
2287 3725 2433 3775 suas,
2470 3724 2603 3778 quas
2631 3707 2698 3762 de
2735 3722 2832 3763 suo
2868 3707 3034 3763 corde
3073 3706 3489 3763 confluxerant:
3538 3714 3598 3761 et

2014 3808 2081 3860 de
2106 3803 2313 3859 cunctis
2338 3800 2554 3856 sedibus
2567 3800 2702 3865 suis,
2721 3798 2777 3853 iu
2802 3798 2996 3867 quibus
3014 3804 3394 3867 peccaverant,
3420 3806 3594 3850 trans-

2012 3903 2139 3952 eant
2187 3895 2255 3949 ad
2296 3890 2716 3949 ecclesiasticam
2746 3890 2928 3953 fidem,
2979 3888 3357 3952 emundentur,
3389 3895 3449 3942 et
3483 3887 3597 3943 sint

2012 3982 2241 4055 populus
2269 3978 2491 4045 Christi,
2536 3986 2592 4033 et
2619 3977 2733 4049 ipse
2759 3976 2831 4029 sit
2856 3976 2999 4030 Deus
3024 3990 3230 4029 eorum.

2088 4092 2108 4126 ‹
2136 4073 2280 4130 Grex
2303 4069 2546 4142 perditus
2573 4068 2749 4123 factus
2773 4075 2854 4122 est
2878 4067 3107 4138 populus
3131 4082 3305 4131 meus,
3344 4075 3594 4136 pastores

2018 4187 2036 4217 ι
2080 4180 2267 4223 eorum
2295 4163 2622 4219 seduxerunt
2646 4175 2757 4224 eos,
2789 4158 3136 4229 feceruntque
3159 4158 3337 4229 vagari
3357 4158 3412 4212 iu
3439 4174 3593 4213 mon-

2018 4278 2037 4310 ι
2082 4258 2242 4313 tibus.
2272 4254 2352 4309 De
2378 4260 2560 4308 monte
2587 4252 2640 4305 iu
2665 4250 2856 4306 collem
2883 4249 3216 4304 transierunt
3241 4266 3255 4303 :
3287 4248 3439 4304 obliti
3463 4259 3592 4304 sunt

2019 4366 2038 4400 ι
2083 4344 2275 4402 cubilis
2314 4345 2417 4398 sui.
2480 4339 2679 4396 Omnes
2730 4339 2822 4410 qui
2876 4339 3194 4393 invenerunt
3240 4338 3596 4393 comederunt

2019 4458 2037 4489 ι
2073 4453 2216 4493 eos.»
2237 4433 2528 4508 (MAUBUS).
2559 4431 2670 4487 Hae
2683 4431 2949 4488 sententia
2976 4431 3303 4485 deuotautur
3330 4445 3484 4501 reges
3514 4431 3589 4485 ls-

2009 4529 2320 4586 raelitarum
2344 4526 2437 4596 qui
2462 4540 2647 4580 errare
2692 4523 2934 4578 fecerunt
2961 4520 3215 4592 populum
3244 4536 3275 4575 a
3315 4521 3463 4576 cultu
3502 4521 3588 4577 di-

2009 4621 2154 4686 vino,
2197 4627 2253 4673 et
2295 4617 2569 4673 declinare
2594 4617 2660 4670 ad
2687 4615 3045 4669 idololatrian:
3076 4634 3088 4668 :
3119 4629 3351 4686 quorum
3381 4614 3588 4683 primus

2008 4709 2329 4766 Hieroboam
2355 4706 2458 4762 fuit
2483 4707 2625 4761 filius
2650 4705 2879 4770 Nabath,
2930 4706 3023 4776 qui
3048 4706 3233 4762 decem
3262 4706 3434 4762 tribus
3459 4706 3591 4760 fecit

2006 4800 2230 4856 adorare
2258 4798 2455 4853 vitulos
2479 4813 2694 4862 aureos,
2723 4811 2950 4865 quorum
2973 4813 3139 4851 unum
3160 4797 3342 4866 posuit
3362 4796 3413 4850 iu
3444 4796 3584 4857 Dan,

2004 4901 2060 4949 et
2096 4892 2327 4947 alterum
2353 4892 2407 4946 iu
2431 4889 2636 4955 Bcthel,
2666 4897 2723 4944 et
2738 4888 2947 4953 Achab,
2978 4889 3045 4943 de
3067 4904 3171 4957 qua
3201 4887 3478 4955 Scriptura
3509 4884 3588 4937 di-

2004 4982 2081 5039 cit
2108 5002 2120 5036 :
2155 4962 2297 5053 quod
2323 4982 2660 5037 venundatus
2688 4981 2779 5047 sil,
2811 4989 2871 5035 ut
2896 4981 3099 5035 faceret
3132 4978 3333 5032 malum
3366 4977 3418 5030 in
3450 4992 3583 5030 cou-

2004 5083 2190 5145 spectu
2239 5072 2481 5134 Domini,
2536 5088 2635 5126 nec
2674 5087 2780 5125 non
2811 5079 2867 5124 et
2898 5078 3126 5124 cmteros
3165 5081 3319 5134 reges
3346 5062 3586 5133 ejusdem

2003 5163 2183 5234 populi
2212 5176 2349 5233 quos
2375 5160 2551 5231 arguit
2579 5159 2854 5228 Scriptura
2879 5157 3319 5228 praevaricatores
3345 5169 3463 5208 esse
3504 5152 3583 5207 le-

2005 5254 2086 5324 gis
2110 5252 2224 5307 Dei.
2263 5251 2484 5323 Mystiee
2514 5259 2695 5304 autem
2739 5248 3006 5320 significat
3034 5246 3260 5310 scribas,
3312 5254 3369 5300 ct
3395 5244 3583 5315 phari-

2006 5358 2163 5408 szcos,
2213 5341 2299 5396 vel
2324 5342 2486 5396 etiam
2528 5340 2810 5396 haereticos
2854 5339 2945 5408 qui
2989 5338 3128 5392 fastu
3157 5334 3420 5407 superbia:
3446 5351 3582 5402 suae,

2008 5433 2330 5490 induxerant
2356 5443 2532 5485 sectas
2558 5430 2872 5501 perditionis
2916 5430 2967 5483 in
2996 5427 3249 5500 populum
3276 5429 3395 5495 Dei,
3416 5429 3581 5483 variis

2009 5521 2523 5593 trausgressionibus
2564 5520 2822 5574 facientes
2856 5519 3183 5576 obnoxium:
3227 5528 3282 5572 et
3325 5519 3578 5588 quoniam

2005 5613 2357 5668 deseruerunt
2386 5611 2729 5665 traditionem
2759 5608 2950 5664 divinae
2978 5608 3131 5679 legis,
3161 5616 3217 5663 et
3239 5616 3582 5662 recesserunt

2006 5704 2071 5759 de
2098 5702 2257 5758 cubili
2292 5711 2489 5757 sancta:
2519 5699 2791 5768 Ecclesia},
2829 5700 2917 5756 ubi
2946 5714 3176 5771 sponsus
3222 5714 3345 5754 cum
3378 5716 3576 5766 sponsa
