3970 6190
479 301 618 356 1143

1123 298 1185 352 Β.
1227 297 1480 353 RABANI
1522 297 1742 354 MAlllll
1778 297 2102 356 AllClIlEP.
2145 299 2457 358 IlOGUNT.
2500 301 2784 360 OPERUM
2824 303 3004 362 PARS
3042 306 3132 362 Ill.
3575 316 3684 374 illi

471 413 814 484 colloquitur.
862 411 1004 469 Oves
1034 411 1134 467 Dei
1157 409 1454 477 Christum,
1482 411 1575 482 qui
1598 411 1795 466 ostium
1831 419 1938 478 est,
1969 426 2066 482 op-
2091 413 2140 475 Α
2166 419 2282 477 est,
2324 412 2527 468 salvari
2571 429 2679 470 non
2725 423 2922 486 potest.
2951 417 3054 484 Qui
3101 419 3269 474 etiam
3313 423 3592 483 remnlatus
3619 432 3690 488 ubi

471 511 768 575 posuerunt
795 510 984 559 contra
1010 502 1148 565 illos,
1194 501 1285 572 qui
1321 501 1562 556 lacerant
1591 516 1685 556 ωε
1712 501 1920 571 peccati
1947 501 2060 570 spi-

472 596 631 660 culis,
669 596 872 667 quique
900 597 1004 651 hoc
1031 609 1130 666 pro
1159 593 1327 649 nihilo
1362 602 1624 664 perpetuo
1652 593 1857 649 ducunt
1881 601 1940 648 et
1964 593 2062 650 du-

472 688 669 743 xerint.
691 688 844 744 Unde
871 695 926 742 et
949 687 1226 756 sequitur:

545 795 566 830 c
602 777 794 832 Hostes
813 791 1000 832 eorum
1031 775 1286 830 dixerunt
1314 793 1328 828 :
1372 793 1390 825 ι
1431 773 1546 829 Non
1567 774 1930 844 peccavimus,
1960 791 2060 847 pro

477 887 496 920 ε
538 883 606 925 eo
643 869 786 940 quod
829 875 1191 939 peccaverunt
1236 867 1462 924 Domino
1491 867 1675 922 decori
1709 867 1952 938 justitizn,
2005 875 2062 926 et.

473 981 495 1013 ι
537 960 926 1032 exspectationi
952 969 1164 1030 patrum
1192 975 1378 1016 eorum
1402 958 1974 1016 aDomiuoaPossunt
2004 966 2061 1014 et

471 1052 783 1109 sacerdotes
821 1051 948 1106 mali
984 1049 1140 1121 juxta
1178 1050 1531 1122 tropologiam
1563 1050 1616 1104 in
1648 1050 1781 1120 ipsis
1819 1049 2058 1120 pastori-

470 1146 571 1200 bus
607 1144 800 1214 accipi,
824 1144 916 1215 qui
946 1143 1094 1200 curis
1123 1144 1411 1199 mundanis
1444 1152 1499 1200 et
1523 1143 1790 1199 illecebris
1807 1143 2055 1215 volupta-

472 1248 582 1294 tum
620 1239 806 1304 dediti,
843 1253 1022 1300 causa:
1048 1238 1182 1294 ﬁunt
1220 1237 1539 1310 perditionis
1569 1238 1742 1309 plebis
1775 1239 1876 1294 sibi
1903 1253 2055 1294 como

445 1333 668 1388 ‘missaa.
717 1333 793 1387 De
845 1333 1040 1402 quibus
1087 1347 1186 1404 per
1230 1334 1548 1404 prepbetam
1595 1335 1793 1390 dicitur
1834 1333 2054 1390 :Causa

471 1423 641 1477 ruinae
690 1422 870 1493 populi
916 1421 1228 1478 sacerdotes
1262 1425 1410 1480 mali.
1470 1424 1575 1492 Qui
1619 1424 1746 1480 licet
1767 1435 2054 1495 peccatum

467 1512 672 1584 grande
699 1526 796 1582 per
819 1512 1202 1585 negligentiam
1221 1528 1375 1570 suam
1398 1515 1796 1581 commiserint,
1821 1529 1889 1570 eo
1910 1515 2055 1586 quod

468 1613 656 1661 contra
689 1615 1016 1677 praeceptum
1057 1605 1304 1676 justitiae,
1345 1616 1402 1663 et
1431 1623 1582 1680 spem
1629 1607 1827 1665 futurae
1865 1625 2046 1664 remu-

469 1695 786 1762 nerationis,
816 1711 945 1751 oves
969 1695 1172 1752 Christi
1208 1695 1459 1768 luporum
1493 1699 1764 1754 morsibus
1813 1699 2053 1755 tradide-

2159 500 2325 558 fuerit
2346 501 2666 572 Jerusalem,
2715 507 3020 578 ingemiscit
3069 517 3130 564 et
3173 511 3305 567 dicit
3345 531 3358 566 :
3403 533 3422 564 ι
3464 516 3692 582 Quomodo

2159 595 2498 652 cantabimus
2528 597 2804 654 canticum
2841 599 3056 656 Domini
3097 601 3152 656 in
3191 610 3334 658 terra
3365 605 3522 662 aliena
3555 607 3690 680 (Ptol.

2159 686 2410 760 cxxxvt);
2446 709 2464 741 ι
2505 698 2562 744 et
2587 691 2715 760 quia
2753 690 3088 762 impossibile
3113 701 3202 749 est
3231 695 3287 748 in
3319 695 3568 769 Babylone
3589 715 3693 756 eou-

2158 778 2407 834 stitutum
2436 779 2548 836 Deo
2568 781 2788 850 organis
2821 795 3040 847 canere,
3068 782 3250 838 otiosa
3299 786 3484 858 quippe
3516 788 3580 844 ibi
3599 799 3694 845 sunt

2157 883 2360 939 organa
2389 869 2714 941 hymnorum
2749 869 2880 938 Dei,
2920 881 3214 943 propterea
3242 875 3434 931 dicitur
3477 893 3562 948 per
3589 879 3693 935 Pro-

2157 961 2378 1032 phetam
2410 980 2422 1016 :
2460 981 2480 1013 ι
2516 961 2692 1034 Super
2721 962 2945 1018 ﬁumina
2975 964 3295 1036 Babylonis,
3332 968 3404 1024 ibi
3437 969 3698 1027 sedimuset

2156 1050 2402 1108 ﬂevimus
2445 1068 2569 1108 eum
2621 1055 3035 1112 recordaremur
3081 1056 3250 1124 Sion;
3301 1060 3356 1114 in
3397 1061 3620 1117 salicibus
3653 1063 3694 1118 in

2157 1142 2338 1198 medio
2381 1142 2500 1214 ejus
2549 1143 2930 1214 suspendimus
2975 1161 3185 1217 organa
3235 1156 3417 1204 nostra
3459 1148 3638 1221 (Ibid).
3676 1170 3690 1204 ι

2159 1229 2431 1302 Suspensa
2461 1240 2588 1288 sunt
2613 1249 2818 1304 organa
2873 1245 3064 1291 nostra
3107 1238 3347 1307 quandiu
3388 1239 3436 1293 in
3475 1239 3696 1312 Babylone

2156 1339 2364 1390 sumus,
2399 1324 2452 1380 in
2497 1323 2752 1381 salicibus
2791 1325 3076 1384 ﬂuminum
3131 1328 3438 1401 Babylonis.
3467 1329 3520 1385 Si
3555 1341 3692 1388 autem

2157 1415 2528 1473 invenerimus
2555 1416 2854 1474 Jerusalem
2871 1460 2886 1486 ,
2921 1419 3102 1476 locum
3131 1421 3356 1477 visionis
3381 1432 3435 1478 et
3458 1423 3603 1492 pacis,
3623 1439 3693 1478 or-

2155 1521 2295 1579 gana
2319 1522 2441 1578 qua:
2474 1516 2603 1564 ante
2640 1509 2818 1564 otiosa
2859 1511 3192 1581 pendebant,
3240 1520 3367 1568 tunc
3404 1527 3694 1570 assumuntur

2155 1597 2212 1652 in
2237 1597 2506 1664 manibus,
2532 1607 2664 1655 tunc
2683 1599 2886 1671 jugiter
2912 1600 3222 1671 psallimus,
3247 1613 3374 1659 tunc
3399 1603 3692 1660 cotttinuatitn

2155 1690 2564 1757 citharizamus,
2608 1699 2664 1747 et
2689 1707 2796 1748 non
2823 1701 2908 1747 est
2939 1702 3156 1762 tempus
3182 1695 3396 1764 quando
3425 1711 3522 1750 non
3556 1695 3695 1749 laude-

469 1791 578 1845 rint
605 1807 618 1843 :
651 1797 830 1846 tamen
854 1789 1000 1844 nulla
1027 1789 1370 1860 poenitentia,
1400 1790 1484 1846 vel
1525 1798 1670 1846 metu
1717 1789 1912 1847 futura:
1932 1792 2052 1846 vin-
2084 1785 2129 1845 Β
2155 1782 2346 1838 demus
2373 1783 2542 1839 Deum
2585 1797 2684 1856 per
2730 1798 2794 1838 ca
2820 1799 3023 1856 organa
3050 1800 3176 1856 Quae
3207 1786 3464 1842 habemus
3491 1787 3538 1842 in
3564 1786 3693 1841 mani-

465 1881 634 1937 dictaa‘
660 1881 916 1936 commoti
959 1895 1016 1936 se
1061 1897 1091 1937 a
1123 1882 1358 1952 peccatis
1405 1883 1680 1955 corrigere
1703 1881 1968 1940 student:
1999 1893 2054 1939 et

469 1971 730 2028 excaecati
777 1973 996 2043 pulvere
1057 1988 1311 2029 curarum
1379 1982 1736 2040 terrenarum,
1803 1975 1934 2031 caeci
1986 1974 2055 2029 ad

469 2066 650 2137 ignem
676 2066 875 2121 vadunt
902 2074 1242 2138 perpetuum.
1269 2067 1385 2135 Qua
1415 2076 1597 2124 autem
1631 2077 1812 2125 mente
1839 2069 2052 2124 anima-

469 2174 592 2213 rum
617 2157 814 2229 praesul
853 2159 1059 2214 honore
1084 2158 1340 2229 pastorali
1367 2159 1512 2215 inter
1532 2169 1760 2216 caeteros
1787 2161 1978 2226 utitur,
2000 2170 2056 2216 et

467 2250 614 2305 inter
648 2257 864 2305 terrena
893 2251 1131 2322 negotia,
1162 2266 1283 2321 quae
1303 2251 1700 2322 reprehendere
1727 2252 1783 2308 in
1808 2252 1931 2308 aliis
1960 2253 2055 2308 de-

470 2341 605 2406 buit,
635 2341 752 2412 ipse
777 2349 1024 2396 versatur
1055 2357 1068 2395 :
1101 2341 1244 2411 quod
1265 2339 1532 2408 videlicet,
1573 2357 1640 2399 ex
1672 2343 1754 2398 ira
1778 2341 1942 2413 justze
1966 2357 2050 2398 re-

467 2435 776 2491 tributionis
801 2449 902 2507 per
923 2435 1243 2506 prophetam
1261 2433 1523 2493 Dominus
1547 2436 1804 2503 minatur,
1829 2438 2049 2494 dicens:

467 2524 536 2578 Et
555 2525 662 2580 erit
710 2525 853 2581 sicut
895 2525 1122 2597 populus
1151 2525 1234 2582 sie
1281 2527 1536 2584 sacerdos
1561 2525 1817 2600 (Malach.
1848 2528 1911 2598 ι).
1943 2527 2046 2584 Sa-

464 2615 658 2672 cerdos
685 2617 885 2688 quippe
923 2626 1010 2673 est
1035 2626 1093 2672 ut
1115 2618 1368 2689 populus,
1409 2621 1624 2690 quando
1651 2636 1715 2676 ea
1740 2621 1849 2693 agit
1877 2621 1924 2677 is
1959 2621 2052 2691 qui

465 2707 697 2777 spiritali
733 2707 908 2764 cilicio
958 2707 1219 2780 fungitur,
1265 2724 1386 2780 qua:
1427 2711 1504 2766 illi
1533 2711 1792 2767 nimirum
1823 2711 2050 2778 faciunt,

461 2799 554 2870 qui
580 2799 756 2856 adhuc
777 2801 844 2855 de
872 2799 1066 2856 studiis
1095 2800 1404 2856 carnalibus
1428 2800 1760 2870 judicantur.

537 2910 558 2944 ‹
594 2890 850 2948 Recedite
887 2891 954 2947 de
997 2891 1175 2948 medio
1210 2891 1522 2966 Babylonis,
1547 2901 1605 2950 et
1640 2895 1706 2950 de
1731 2902 1876 2950 terra
1897 2895 2054 2952 Chal-

468 2997 492 3030 ς
527 2980 763 3036 ᾶωοτυιη
809 2982 1167 3054 egredimini,
1214 2992 1272 3039 et
1327 2992 1499 3040 estote
1551 2986 1707 3056 quasi
1747 2987 1885 3042 haedi
1927 2997 2052 3044 ante

466 3093 483 3123 ι
523 3087 736 3144 gregem
763 3092 777 3129 :
803 3075 1058 3145 quoniam
1090 3089 1216 3132 ecce
1245 3091 1346 3148 ego
1373 3078 1663 3145 suscitabo,
1699 3088 1756 3136 et
1785 3081 2048 3136 adducam

468 3183 486 3214 ι
530 3164 583 3218 in
613 3164 940 3236 Babylonem
969 3169 1440 3238 congregationem
1470 3170 1714 3241 gentium
1733 3187 2049 3242 magnarum

469 3276 487 3306 ε
527 3256 596 3312 de
615 3265 761 3313 terra
773 3256 1079 3328 Aquilonis,
1094 3269 1150 3314 et
1163 3262 1614 3330 prteparabuntur
1635 3261 1893 3318 adversus
1907 3279 2049 3331 eam,

465 3367 486 3399 ‹
521 3356 576 3403 et
603 3348 728 3404 inde
761 3349 1006 3420 capietur
1037 3366 1051 3404 :
1087 3349 1284 3422 sagitta
1316 3349 1434 3419 ejus
1465 3353 1620 3421 quasi
1653 3352 1755 3406 viri
1785 3353 1942 3409 fortis
1971 3354 2052 3408 in-

466 3457 486 3490 c
525 3438 848 3506 terfeetoris,
882 3455 990 3496 non
1021 3449 1324 3496 revertetur
1344 3457 1534 3498 vacua.
1571 3463 1591 3496 ι
1629 3443 1931 3499 Secundum
1971 3447 2054 3501 hi-

459 3531 686 3586 storiam
708 3541 895 3586 monet
913 3533 1174 3602 propheta
1205 3533 1498 3602 lsraelitas,
1524 3535 1618 3606 qui
1655 3535 1711 3590 in
1741 3536 2053 3606 captivitate

458 3621 750 3679 Chaldaica
783 3622 909 3678 ituri
930 3633 1085 3680 erant
1118 3625 1172 3680 in
1199 3624 1550 3698 Babylonem,
1577 3636 1636 3682 ut
1669 3643 1774 3683 non
1805 3629 2052 3685 stabilem

457 3715 856 3786 possessionem
888 3716 1282 3772 arbitrarentur
1303 3716 1503 3774 ibidem
1526 3733 1586 3774 se
1609 3719 1910 3786 habituros,
1957 3720 2054 3778 sed

460 3819 614 3874 spem
645 3805 906 3862 haberent
937 3807 1260 3865 reversionis
1293 3822 1406 3864 suae
1437 3809 1493 3864 in
1526 3818 1727 3866 terram
1755 3812 2048 3882 propriam,

456 3904 512 3952 et
541 3900 756 3968 quando
788 3905 998 3969 tempus
1028 3899 1282 3956 relaxata:
1301 3900 1628 3972 captivitatis
1648 3903 1880 3969 veniret,
1908 3903 2054 3960 festi-

460 3999 654 4046 narent
678 3991 802 4047 inde
835 3991 984 4047 abire
1011 4010 1024 4046 :
1056 3993 1310 4063 quoniam
1341 3991 1580 4049 futurum
1615 4004 1756 4063 erat,
1789 4008 1850 4051 ut
1883 4013 1912 4052 a
1946 3997 2054 4054 Me-

457 4082 542 4139 dis
571 4089 627 4138 et
654 4079 836 4138 Persis
880 4091 1207 4148 vastaretur,
1242 4091 1298 4138 et
1325 4083 1791 4154 opulentissimum
1825 4102 2050 4158 regnum

455 4175 830 4232 Chaldzeorum
863 4173 918 4230 in
951 4175 1188 4246 praedam
1221 4173 1459 4231 hostium
1487 4184 1813 4232 verteretur.
1849 4177 2047 4254 (0rt'g.)

457 4265 681 4338 Mystice
720 4274 901 4322 autem
939 4266 1209 4335 quomodo
1253 4280 1451 4337 corpus
1489 4276 1732 4324 nostrum
1773 4269 1828 4324 in
1867 4269 2050 4341 aliquo

458 4369 620 4416 terrae
647 4359 768 4416 loco
808 4359 1080 4426 consistit,
1124 4360 1316 4415 eodem
1358 4360 1518 4416 modo
1557 4361 1721 4416 etiam
1755 4362 1934 4418 anima
1964 4379 2050 4419 se-

2152 1875 2274 1932 bus.
2298 1875 2488 1947 Igitur,
2517 1883 2578 1930 ut
2613 1875 2794 1931 dicere
2821 1890 3192 1946 crepet-auius,
3233 1891 3441 1947 semper
3475 1878 3627 1932 anima
3653 1875 3692 1930 in

2153 1971 2336 2042 aliquo
2363 1972 2727 2042 nuncupatim
2757 1980 2915 2028 terrae
2943 1971 3066 2027 loco
3099 1982 3220 2040 est,
3251 1983 3304 2026 et
3333 1971 3466 2026 sicut
3497 1977 3690 2040 peccato-

2157 2062 2235 2118 ris
2267 2063 2323 2118 in
2363 2063 2660 2136 Babylone,
2686 2064 2768 2120 sic
2791 2079 2824 2120 e
2849 2065 3133 2122 contrario
3168 2065 3300 2136 justi
3339 2064 3390 2118 in
3424 2063 3583 2119 Judaea
3611 2069 3688 2118 est.

2153 2153 2537 2209 Verumtamen
2558 2152 2714 2223 juxta
2740 2153 3061 2224 qualitatem
3089 2155 3218 2210 vitae
3239 2164 3295 2211 et
3325 2153 3462 2219 ﬁdei,
3486 2152 3683 2209 etiamin

2153 2247 2268 2317 ipsa
2316 2245 2534 2314 Judzea,
2581 2246 2712 2304 locis
2762 2248 2907 2304 inter
2951 2265 3010 2305 se
3059 2250 3230 2306 variis
3273 2260 3552 2322 separatur.
3594 2248 3689 2303 Sive

2151 2339 2299 2394 enim
2335 2339 2389 2394 in
2420 2339 2535 2394 Dan
2561 2347 2664 2405 est,
2693 2356 2812 2411 quae
2838 2353 3103 2397 extrema:
3135 2351 3320 2414 partes
3359 2341 3538 2397 Juda-a':
3575 2349 3686 2404 sunt,

2153 2430 2270 2486 sive
2315 2431 2369 2485 iu
2418 2433 2789 2502 superioribus
2834 2433 3114 2504 paululum
3161 2436 3556 2504 melioribusque
3590 2432 3687 2487 locis

2154 2536 2318 2592 quam
2353 2523 2489 2590 Dan,
2519 2525 2634 2580 sive
2669 2525 2723 2580 in
2760 2525 2954 2582 mediis
2989 2526 3192 2583 ﬁnibus
3217 2526 3424 2593 dudm,
3449 2527 3548 2582 sive
3574 2525 3685 2580 circa

2151 2611 2450 2670 Jerusalem
2469 2655 2484 2681 ,
2515 2623 2570 2670 et
2603 2625 2689 2672 est
2716 2617 2957 2672 omnium
2993 2618 3314 2674 beatissima
3343 2633 3454 2686 qua:
3480 2617 3525 2671 in
3551 2613 3684 2669 media

2150 2701 2449 2758 Jerusalem
2479 2703 2614 2759 urbe
2647 2705 2918 2760 consistit.
2962 2705 3068 2774 Qui
3107 2721 3241 2762 vero
3271 2715 3506 2777 peccator
3533 2711 3626 2766 est,
3645 2707 3683 2753 et

2153 2793 2316 2850 nimis
2339 2793 2636 2850 sceleribus
2659 2810 2972 2866 oppressus,
3001 2796 3096 2852 hic
3125 2797 3179 2853 in
3197 2796 3458 2870 Babylone
3481 2801 3586 2850 est:
3608 2790 3684 2844 hoc

2151 2885 2367 2941 modico
2395 2886 2592 2952 minor,
2619 2896 2673 2942 et
2712 2902 2812 2942 nec
2847 2888 2974 2943 dum
3002 2903 3181 2959 usque
3217 2890 3284 2944 ad
3325 2899 3563 2944 summum
3593 2893 3682 2951 pec-

2153 2985 2395 3034 catorum
2426 2979 2640 3035 culmen
2669 2981 2990 3043 ascendens,
3036 2981 3096 3038 in
3137 2981 3368 3054 Egypto
3401 2988 3451 3036 et
3481 2978 3528 3034 in
3559 2971 3682 3046 βιαί-

2153 3071 2256 3126 bus
2311 3069 2531 3142 Aigypti
2589 3081 2979 3128 commoratur.
3035 3073 3108 3129 Et
3151 3075 3288 3130 sicut
3341 3071 3426 3142 qui
3465 3072 3512 3126 in
3543 3067 3681 3123 Juda

2155 3172 2282 3219 sunt
2304 3179 2409 3219 non
2444 3164 2669 3235 aequalia
2697 3165 2877 3220 cuncti
2908 3167 3190 3236 possident
3218 3167 3328 3222 loca
3347 3207 3360 3226 .
3389 3165 3513 3220 alius
3533 3161 3682 3232 quippe

2153 3255 2209 3310 in
2237 3253 2532 3310 Jerusalem
2553 3263 2665 3318 est,
2700 3255 2838 3311 alius
2862 3255 2914 3310 in
2947 3255 3060 3312 Dan
3082 3298 3100 3323 ,
3135 3257 3273 3312 alius
3301 3257 3351 3311 in
3379 3249 3681 3324 Nephtbalim,

2155 3348 2294 3406 alius
2316 3350 2372 3405 in
2401 3349 2598 3407 ﬁnibus
2618 3350 2768 3406 Gad:
2803 3351 2884 3408 sic
2913 3367 3036 3408 cum
3067 3353 3126 3408 in
3155 3353 3380 3426 Egypto
3403 3362 3566 3405 omnes
3584 3344 3680 3404 sint.

2154 3458 2261 3498 non
2285 3441 2521 3514 aequales
2546 3441 2766 3514 ,Ἐπριί
2787 3451 2972 3514 partes
2991 3445 3260 3511 incolunt,
3278 3443 3407 3499 alius
3429 3442 3476 3498 iu
3499 3433 3678 3508 Taphui,

2155 3531 2293 3588 alius
2325 3533 2378 3586 in
2409 3531 2672 3602 Memphi,
2719 3532 2858 3588 alius
2912 3533 2966 3588 in
3007 3533 3224 3606 Syene,
3257 3535 3386 3588 alius
3429 3531 3474 3586 iu
3508 3522 3678 3582 Bubasti

2155 3622 2370 3678 habitat
2399 3640 2413 3676 :
2446 3637 2568 3693 qua».
2603 3621 2722 3678 loca
2763 3625 3030 3694 propheta
3071 3623 3323 3681 Ezechiel
3359 3623 3500 3693 plena
3531 3621 3680 3687 myste-

2155 3713 2252 3768 riis
2288 3728 2420 3768 voce
2449 3719 2699 3780 testatur,
2755 3715 2974 3770 nomina
3011 3731 3232 3786 quoque
3265 3714 3482 3787 partium
3507 3702 3676 3777 ΕΒΗ)ιί

2153 3823 2449 3880 exponens.
2489 3809 2566 3864 De
2603 3808 2800 3878 quibus
2841 3809 2888 3865 si
2927 3810 3050 3880 quis
3079 3811 3252 3866 lector
3291 3807 3438 3863 fuerit
3475 3795 3678 3873 spiritalis

2154 3900 2454 3970 dijudicans
2476 3899 2681 3965 omnia,
2703 3909 2758 3956 et
2781 3900 2896 3970 ipse
2915 3915 2946 3955 a
2969 3900 3126 3956 nullo
3148 3899 3478 3970 dijudicatus,
3506 3905 3594 3947 non
3617 3899 3678 3941 so-

2153 3994 2264 4050 lum
2299 3991 2532 4063 majores
2562 3993 2812 4064 regiones
2831 3992 3228 4064 allegorizabit,
3249 3989 3403 4048 veluti
3421 3986 3619 4042 Judatam
3637 3985 3678 4032 et

2152 4084 2480 4158 Egyptum,
2523 4093 2578 4140 et
2618 4083 2947 4155 Babylonem
2971 4124 2987 4150 ,
3035 4084 3134 4140 sed
3189 4079 3468 4155 particulas
3510 4080 3678 4158 quoque

2153 4157 2315 4231 terra:
2347 4193 2361 4228 :
2399 4181 2455 4230 et
2493 4175 2765 4244 quomodo
2804 4174 2857 4228 in
2897 4171 3101 4238 Judaea,
3149 4170 3452 4233 Jerusalem,
3481 4171 3530 4220 et
3558 4157 3674 4216 Beth-

2149 4267 2325 4323 lehem
2348 4274 2680 4336 exterasque
2699 4265 2818 4338 ejus
2836 4266 3115 4321 civitates:
3145 4267 3214 4320 ita
3237 4265 3289 4319 in
3305 4260 3518 4332 Egyplo
3534 4254 3674 4322 ἐδεῖτε

2149 4357 2436 4428 Dispolim,
2477 4357 2779 4420 Bubaston,
2823 4355 3105 4425 Taphnan,
3152 4353 3431 4424 Memphin,
3470 4347 3668 4418 Syenem.

457 4449 692 4505 cundum
727 4459 926 4505 statum
966 4464 1125 4506 suum
1164 4450 1218 4504 in
1255 4449 1437 4522 aliquo
1473 4451 1848 4522 nuncupativa:
1887 4462 2048 4510 terra:
2077 4517 2110 4522 _
2147 4464 2248 4518 pro
2294 4449 2565 4506 intellectu
2617 4464 2798 4504 rerum
2842 4448 3112 4520 ﬁgurabit.
3172 4449 3421 4504 Hortatur
3453 4451 3564 4509 ergo
3594 4445 3668 4486 ῖόκ

458 4542 575 4596 loco
604 4549 708 4596 est.
741 4540 892 4609 Quod
921 4540 1042 4596 dico
1067 4541 1148 4596 sic
1187 4537 1280 4597 ﬁet
1307 4517 1680 4596 manifestius:
1715 4557 1912 4612 corpus
1944 4558 2042 4600 no-
2075 4517 2124 4576 θ
2149 4517 2347 4608 divina,
2373 4552 2433 4599 ut
2462 4545 2553 4613 qui
2587 4544 2639 4598 in
2673 4517 2991 4600 confusione
3027 4543 3184 4599 istius
3205 4539 3377 4597 saeculi
3399 4531 3568 4606 captivi
3583 4526 3666 4581 ΐυθ*

455 4643 630 4690 strum
673 4641 768 4689 aut
800 4633 856 4689 in
895 4632 1124 4704 [Egypto
1158 4641 1274 4700 est,
1314 4641 1408 4688 aut
1442 4633 1498 4688 in
1527 4633 1818 4705 Babylone,
1862 4643 1954 4689 aut
1989 4635 2044 4690 in

455 4725 764 4792 Palaestina,
795 4727 960 4782 autin
991 4726 1169 4798 Syria,
1190 4735 1282 4781 aut
1304 4735 1452 4782 certe
1479 4725 1802 4796 ubicunque.
1835 4725 2040 4781 Simili-

459 4828 543 4875 ter
595 4827 650 4875 et
678 4817 856 4873 anima
883 4817 938 4872 in
975 4815 1153 4886 aliquo
1187 4815 1428 4888 ejusdem
1477 4831 1600 4872 cum
1635 4825 1778 4871 terra
1809 4817 2042 4872 nominis

456 4909 575 4966 loco
619 4917 722 4974 est,
754 4907 858 4962 alia
884 4906 938 4962 in
972 4905 1265 4978 Babylone,
1309 4905 1414 4961 alia
1451 4905 1506 4960 in
1543 4904 1800 4977 Egypto,
1836 4904 1938 4960 alia
1982 4905 2037 4961 in

453 5001 885 5056 Ammanitarum
914 4996 1131 5068 regione
1147 5015 1158 5050 :
1179 5004 1232 5051 et
1247 4996 1325 5052 sic
1338 5005 1550 5052 sacrata
1565 4997 1860 5052 secundum
1881 4995 2038 5052 intel-

453 5093 731 5167 ligentiam
757 5091 1161 5162 Scripturarum
1203 5105 1303 5160 pro
1345 5088 1604 5161 qualitate
1636 5089 1760 5144 vitae
1796 5089 2039 5144 locorum

454 5187 764 5244 diversitate
792 5183 1158 5256 distinguitur.
1189 5181 1244 5238 ln
1277 5181 1545 5254 Babylone
1567 5189 1648 5237 est
1671 5181 1887 5250 quando
1910 5196 2042 5236 cou-

457 5279 726 5344 l'uuditur,
779 5277 996 5349 quando
1049 5275 1326 5339 turbatur,
1379 5273 1594 5344 quando
1639 5286 1772 5344 pace
1824 5273 2039 5328 deserta

452 5368 592 5424 bella
628 5369 860 5426 sustinet
894 5367 1241 5439 passionum,
1272 5363 1486 5434 quando
1528 5363 1787 5419 tumultus
1817 5362 2037 5418 malitiae

452 5459 596 5514 circa
622 5475 742 5516 eam
760 5458 983 5514 fremit:
1011 5467 1160 5522 tunc,
1190 5456 1517 5522 utdiximus,
1537 5457 1591 5511 in
1621 5454 1896 5527 Babylone
1925 5463 2034 5520 est,

449 5557 508 5605 et
543 5549 608 5604 ad
634 5550 794 5606 istam
821 5549 1056 5606 animam
1084 5548 1412 5620 prophetalis
1441 5561 1619 5604 sermo
1648 5547 1915 5616 dirigitur,
1951 5545 2035 5600 di-

456 5657 589 5696 cens
613 5656 628 5696 :
656 5641 850 5712 Fugite
877 5642 944 5698 de
960 5641 1137 5696 medio
1162 5639 1546 5712 Babylonis,et
1571 5637 1838 5692 resalvate
1867 5651 2036 5692 unus-

453 5737 685 5814 quisque
707 5736 944 5792 auimam
968 5753 1140 5793 suam.
1169 5736 1346 5793 Donec
1365 5737 1507 5792 enim
1535 5734 1655 5805 quis
1687 5735 1738 5790 in
1770 5733 2039 5805 Babylone

2147 4642 2273 4689 runt
2315 4634 2587 4705 peccatis,
2637 4649 2734 4704 per
2785 4633 3196 4690 conversionem
3239 4640 3294 4687 et
3339 4622 3665 4686 correctionem

2144 4728 2270 4782 vitae
2297 4729 2366 4784 de
2405 4742 2572 4799 regno
2611 4725 2842 4791 diaboli,
2886 4733 2942 4780 et
2976 4726 3042 4781 de
3081 4731 3342 4797 potestate
3377 4715 3664 4786 tenebrarum

2145 4819 2431 4883 recedant,
2481 4819 2813 4889 redeantque
2854 4833 2954 4889 per
2998 4815 3363 4888 paenitentiam
3405 4808 3466 4864 ad
3505 4811 3662 4889 terret"

2141 4909 2439 4966 Ecclesiae:
2469 4924 2597 4964 nam
2647 4887 2785 4964 hmdi
2831 4887 3158 4978 pmnitentes
3206 4902 3522 4975 signiﬁcant:
3553 4887 3661 4945 unde

2141 5008 2196 5055 et
2245 5000 2300 5055 in
2341 4999 2462 5070 lege
2509 5015 2606 5071 pro
2645 5000 2882 5068 peccatis
2927 4999 3308 5055 oﬂerebantur.
3353 4987 3528 5047 Audita
3560 4989 3662 5071 ergo

2142 5065 2524 5148 devastatione'
2550 5065 2857 5163 Babylonis,
2895 5098 2951 5144 et
2985 5088 3343 5145 destructione
3373 5077 3506 5150 regni
3529 5065 3656 5127 Chal-

2141 5183 2414 5249 daorum,
2450 5182 2708 5239 Israelita:
2745 5183 3093 5255 egrediuntur
3121 5197 3136 5237 :
3167 5194 3286 5237 cum
3311 5172 3450 5232 eiecti
3477 5165 3655 5239 quique,

2141 5283 2451 5330 sanctorum
2479 5275 2756 5332 doctorum
2795 5276 3016 5332 vocibus
3053 5271 3313 5338 instructi,
3339 5275 3452 5325 ante
3481 5263 3652 5330 me“

2141 5365 2551 5434 praedicatorum
2587 5374 2840 5437 aguntur,
2881 5375 2942 5421 ut
2973 5367 3171 5421 vadant
3205 5365 3256 5420 in
3293 5369 3472 5418 terram
3503 5357 3652 5418 rei)”

2143 5459 2420 5515 missionis
2442 5458 2669 5514 futuraz:
2699 5467 2900 5514 terram
2927 5459 3173 5516 videlicet
3217 5446 3648 5540 viventiututll‘fi':I

2143 5552 2304 5608 mites
2325 5557 2378 5607 et
2402 5551 2667 5607 mansueti
2693 5550 3045 5620 possidebunt
3063 5551 3120 5606 in
3145 5556 3388 5604 atteruum
3411 5556 3423 5593 :
3445 5535 3648 5620 quon?”

2145 5656 2269 5696 cum
2289 5609 2826 5697 audierintJoan'nem
2840 5639 3153 5711 Apostolum
3165 5635 3262 5695 sibi
3274 5633 3511 5690 dicentem
3523 5609 3648 5711 ²¹Νξ⁹¹

2147 5732 2240 5788 me
2287 5732 2509 5804 diligere
2551 5731 2808 5790 mundum
2831 5705 3006 5801 neque
3031 5745 3092 5787 ea
3115 5743 3228 5801 qua:
3259 5725 3308 5779 in
3332 5711 3508 5776 mundo
3527 5705 3641 5762 suillo
