3970 6190
222 319 354 374 IN?)

1070 313 1433 370 EXPOSI'I‘IO
1468 308 1693 370 SUPER
1730 310 2094 367 JEBEMIAM.
2134 344 2203 354 —
2240 313 2369 369 LIB.
2414 313 2549 369 XVI.

3348 317 3486 373 IHG

212 432 435 486 Mundus
455 427 882 492 autem'transit,
903 435 959 482 et
978 427 1417 497 concupiscentia
1438 423 1555 491 ejus
1574 424 1625 495 (ι
1638 423 1799 479 Joan.
1829 425 1879 485 Α
1905 424 2105 494 perbia:
2145 442 2258 481 sua:
2296 427 2603 494 stultitiam,
2651 428 2853 483 intenta
2895 427 2995 483 fuit
3031 431 3099 486 ad
3133 433 3489 488 devastaudas

213 524 293 591 ιι),
322 539 341 570 ι
382 518 721 589 egredientes
749 517 816 570 de
840 516 1154 570 confusione
1177 515 1431 569 vitiomm
1460 521 1673 569 certant
1696 512 1803 567 siu-

212 613 339 684 guli,
366 611 419 666 in
446 609 580 668 calle
607 607 862 662 virtutum
884 622 1074 677 gressu
1096 607 1358 677 bonorum
1379 618 1628 675 operum,
1651 603 1804 658 ocius

213 701 490 775 pervenire
521 698 588 753 ad
619 696 1011 752 habitationem
1042 694 1279 750 caelestis
1307 694 1514 764 patriae.

288 811 308 844 ι
343 792 409 847 Et
441 788 560 844 'erit
601 786 853 842 Chaldaeo
899 785 952 839 in
994 786 1266 854 przcdam,
1308 797 1497 836 omnes
1531 788 1804 835 vastantes

221 904 241 937 ι
274 899 390 940 eam
424 880 792 950 replebantur,
810 877 887 931 ait
911 876 1170 931 Dominus
1200 893 1213 928 :
1245 875 1498 944 quoniam
1522 871 1804 928 exsultatis

219 996 240 1029 4
274 987 328 1032 et
344 988 534 1045 magna
557 968 862 1041 loquimini,
879 967 1193 1036 diripientes
1210 964 1463 1020 hmredita
1472 974 1576 1019 tem
1596 976 1800 1016 meam:

222 1091 240 1123 ι
275 1068 528 1140 quoniam
574 1062 729 1119 elI'usi
765 1061 920 1124 estis,
959 1060 1100 1114 sicut
1148 1056 1300 1111 vituli
1343 1070 1505 1125 super
1542 1055 1762 1109 herbam
1785 1092 1801 1117 ,

220 1184 238 1216 ι
272 1171 327 1218 et
350 1158 621 1231 mugiistis
648 1163 708 1208 ut
737 1152 897 1207 tauri.
932 1171 950 1203 ι
982 1147 1584 1220 (Μιιυιωε.)Ροει(μιιιηι
1615 1159 1801 1200 casum

214 1252 529 1311 memoravit
572 1245 908 1317 Babyloniae,
945 1251 1000 1298 et
1040 1241 1495 1311 depraedationem
1541 1237 1804 1293 Chaldaeo

215 1344 445 1400 retexuit
464 1360 477 1395 :
498 1339 724 1411 exponit
741 1351 959 1392 causam
989 1334 1129 1389 unde
1146 1334 1260 1386 haec
1277 1330 1625 1400 patiebantur
1640 1368 1655 1392 ,
1670 1342 1804 1396 quo-

215 1439 358 1492 niam
383 1434 792 1490 exsultaverunt
820 1430 873 1483 in
903 1426 1124 1482 interitu
1152 1422 1554 1484 Judzeorum,et
1571 1419 1805 1489 superba

214 1528 377 1584 locuti
425 1534 570 1582 sunt.
620 1515 1346 1591 Diripienteshtereditatem
1379 1512 1614 1578 Domini,
1644 1509 1806 1565 lasei-

216 1622 423 1678 vientes
463 1620 517 1674 in
547 1615 896 1673 devoratione
925 1611 1062 1682 ejus,
1094 1610 1235 1664 sicut
1267 1606 1470 1661 vitulus
1495 1620 1658 1674 super
1682 1604 1807 1658 her-

214 1714 368 1776 bam,
399 1718 455 1765 et
497 1707 733 1779 superbo
760 1705 995 1760 clamore
1020 1701 1168 1756 velut
1201 1699 1415 1754 taurino
1445 1697 1648 1767 mugitu
1678 1709 1806 1763 cap~

215 1806 287 1859 tis
333 1810 495 1873 atque
546 1798 773 1855 devictis
831 1793 1088 1851 Israelitis
1136 1791 1487 1855 insultantes,
1549 1788 1643 1843 sed
1699 1800 1803 1840 non
1838 1786 1879 1843 Β

217 1895 469 1951 diuturna
529 1892 651 1947 inde
712 1888 1029 1944 fruebantur
1081 1883 1287 1946 laetitia,
1328 1882 1436 1936 imo
1491 1878 1808 1936 confusione

214 1985 434 2056 dejectaa
462 1990 588 2039 sunt
615 1988 893 2052 perpetua.
928 1976 1080 2032 Unde
1108 1984 1164 2030 et
1191 1973 1455 2042 sequitur.

295 2096 315 2129 ι
351 2074 586 2132 Confusa
627 2083 708 2128 est
748 2079 923 2126 mater
965 2080 1144 2123 vestra
1188 2064 1382 2127 nimis,
1427 2073 1483 2118 et
1525 2062 1808 2131 adaequata

224 2190 243 2223 ι
278 2168 482 2241 pulveri
523 2181 644 2236 quae
689 2160 876 2235 genuit
920 2174 1035 2213 vos.
1082 2157 1222 2212 Ecce
1270 2154 1561 2209 novissima
1609 2151 1715 2205 erit
1756 2150 1810 2203 in

224 2281 244 2314 ‹
280 2239 531 2333 gentibus
570 2256 806 2319 deserta,
855 2250 998 2305 invia
1041 2257 1096 2303 et
1141 2260 1302 2300 arens
1349 2245 1416 2298 ab
1450 2243 1530 2296 ira
1574 2239 1810 2296 Domini.

230 2374 248 2407 ι
288 2353 405 2409 Non
426 2348 779 2411 habitabitur,
803 2344 895 2399 sed
926 2342 1202 2411 redigetur
1228 2345 1338 2391 tota
1364 2336 1417 2389 in
1445 2333 1809 2389 solitudinem.

225 2467 245 2499 ι
281 2445 474 2502 Omnis
499 2443 590 2513 qui
621 2440 816 2494 transit
841 2449 937 2506 per
963 2433 1309 2505 Babylonem,
1336 2427 1574 2498 stupebit
1602 2435 1656 2480 et
1683 2425 1817 2479 sibi-

225 2557 246 2591 ‹
284 2538 418 2593 labit
444 2548 610 2603 super
647 2527 914 2584 universis
944 2524 1115 2595 plagis
1144 2520 1278 2591 ejus.
1314 2539 1332 2570 ι
1365 2517 1500 2572 Huic
1528 2514 1721 2571 similia
1749 2514 1815 2568 de

219 2628 492 2700 Babylone
526 2626 695 2681 Isaias
735 2623 791 2677 in
823 2621 961 2675 libro
996 2634 1093 2674 suo
1132 2615 1391 2686 loquitur,
1427 2612 1613 2666 dicens
1645 2626 1659 2662 :
1697 2628 1716 2660 ι
1751 2609 1818 2663 Et

214 2725 325 2780 erit
353 2720 591 2792 Babylon
623 2718 711 2773 illa
742 2715 995 2786 gloriosa,
1028 2712 1080 2765 in
1114 2708 1296 2781 regnis
1322 2705 1520 2777 inclyta
1548 2704 1602 2757 in
1632 2716 1818 2772 super-

223 2814 313 2869 bia
340 2810 739 2871 Chaldaeorum,
774 2805 913 2861 sicut
954 2801 1219 2857 subvertit
1250 2798 1394 2853 Deus
1440 2795 1732 2850 Sodomam
1758 2800 1815 2847 et

222 2903 606 2961 Gomorrham.
659 2896 773 2952 Non
822 2892 1155 2950 habitabitur
1205 2904 1377 2959 usque
1423 2888 1479 2942 in
1528 2885 1816 2956 sempiter-

222 3010 375 3059 num,
405 3003 461 3049 et
493 3007 600 3046 non
644 2987 958 3044 fundabitur
1002 2997 1171 3053 usque
1210 2982 1278 3036 ad
1316 2978 1724 3050 generationem
1761 2984 1817 3030 et

220 3088 622 3161 generationem
654 3082 789 3152 (Isa.
818 3079 960 3151 xm).
999 3098 1018 3130 ι
1051 3076 1234 3145 Usque
1262 3075 1316 3129 in
1343 3080 1662 3143 praesentem
1687 3083 1816 3139 ergo

223 3160 390 3243 diem,
419 3188 478 3232 ut
514 3191 676 3245 supra
713 3172 968 3233 diximus,
1000 3166 1283 3239 prophetia
1314 3162 1604 3235 Babylonis
1630 3160 1811 3230 exple-

224 3283 338 3340 tur,
368 3270 587 3328 confusa
615 3275 699 3326 est
727 3274 783 3323 et
810 3266 1086 3337 adiequata
1116 3259 1343 3335 pulveri,
1379 3257 1710 3329 redactaque
1735 3261 1819 3311 est

223 3368 279 3423 in
315 3364 678 3422 solitudinem.
708 3360 776 3415 Et
801 3360 942 3414 sicut
975 3356 1242 3413 subvertit
1269 3355 1412 3409 Deus
1440 3349 1730 3406 Sodomam
1765 3355 1823 3403 et

221 3456 619 3518 Gomorrham,
666 3452 745 3508 sic
784 3451 887 3505 ista
930 3448 1187 3503 subversa
1229 3461 1338 3499 non
1386 3441 1723 3496 habitabitur
1765 3439 1818 3491 in

220 3560 509 3605 mternum.
555 3543 662 3599 Pro
699 3542 786 3597 illa
808 3540 953 3596 enim
995 3536 1300 3592 Seleuciam
1330 3544 1385 3589 et
1413 3533 1819 3601 Ctesiphontem

220 3641 390 3696 urbes
417 3636 700 3692 Persarum
731 3631 962 3703 inclytas
987 3628 1266 3690 fecerunt,
1307 3624 1624 3692 cunctisque
1652 3621 1821 3691 genti-

222 3732 330 3787 bus
360 3728 413 3782 in
453 3736 727 3796 stuporem
758 3737 914 3778 versa
954 3732 1061 3785 est,
1101 3734 1167 3774 eo
1205 3717 1351 3789 quod
1395 3723 1543 3769 tanta
1582 3712 1820 3782 potentia

224 3822 416 3894 regni,
461 3821 526 3875 ad
559 3829 668 3874 tam
700 3828 947 3885 magnam
985 3811 1196 3868 venerit
1222 3807 1644 3878 despectionem.
1686 3803 1822 3857 Dicit

222 3930 360 3985 ergo
385 3911 681 3968 secundum
706 3905 1085 3978 tropologiam,
1109 3901 1252 3972 quod
1284 3902 1338 3954 in
1370 3898 1478 3953 ﬁne
1507 3896 1688 3952 mundi
1737 3894 1822 3949 vel

223 4006 424 4064 mortis
448 4001 870 4073 uniuscujusque
895 3997 1073 4053 omnis
1099 3993 1269 4065 gloria
1304 4000 1358 4047 et
1385 3990 1636 4060 superbia
1663 3987 1825 4042 Chal-

224 4100 493 4161 daeorum,
538 4104 595 4150 et
636 4091 884 4149 confusio
928 4088 1112 4145 mundi
1152 4086 1386 4147 recedat,
1439 4092 1495 4139 et
1541 4083 1614 4162 ita
1642 4079 1824 4135 omnia

225 4191 636 4253 subvertantur,
676 4186 818 4242 sicut
846 4181 1113 4239 subvertit
1147 4178 1292 4233 Deus
1317 4176 1610 4232 Sodomam
1635 4180 1691 4227 et
1714 4171 1825 4226 Go-

223 4282 534 4343 morrham,
581 4293 682 4333 nec
720 4276 865 4331 ultra
915 4272 1254 4342 voluptatum
1293 4267 1476 4323 saeculi
1518 4264 1603 4319 vel
1642 4260 1826 4317 mundi

224 4373 395 4430 istius
423 4370 635 4425 futurus
664 4369 735 4423 sit
759 4374 951 4430 status,
982 4364 1075 4419 sed
1110 4369 1318 4431 pereat.

308 4486 330 4518 ι
370 4461 753 4534 Prteparamini
794 4466 982 4515 contra
1018 4454 1352 4527 Babylonem
1385 4465 1484 4521 per
1519 4446 1824 4509 circuitum,

236 4577 255 4609 ι
294 4571 492 4611 omnes
534 4554 626 4624 qui
674 4551 895 4607 tenditis
939 4563 1123 4603 arcum
1163 4564 1178 4600 :
1220 4543 1483 4599 debellatae
1525 4555 1678 4602 eam,
1722 4552 1826 4591 non

235 4670 256 4701 ι
295 4648 540 4719 parcatis
573 4644 787 4717 jaculis,
833 4643 957 4712 quia
1003 4638 1232 4695 Domino
1276 4633 1539 4706 peccavit.
1587 4631 1830 4686 Clamate

231 4761 254 4793 ι
296 4740 588 4795 adversum
622 4752 764 4800 eam,
793 4734 992 4802 ubique
1028 4730 1176 4785 dedit
1219 4740 1437 4781 manum
1461 4763 1476 4787 ,
1519 4721 1831 4777 ceciderunt

233 4853 255 4883 ι
296 4829 652 4885 fundamenta
705 4824 840 4893 ejus.
874 4821 1142 4877 Destrueti
1184 4826 1312 4873 sunt
1351 4816 1491 4870 muri
1527 4812 1662 4881 ejus,
1691 4827 1828 4881 quo-

232 4942 254 4974 ι
300 4922 450 4978 niam
490 4919 624 4974 ultio
662 4915 874 4972 Domini
909 4920 1033 4969 est:
1066 4910 1325 4966 ultionem
1366 4906 1593 4977 accipite
1631 4904 1697 4959 de
1740 4917 1828 4969 ea,

234 5032 256 5065 σ
300 5012 447 5069 sicut
474 5010 620 5072 fecit,
648 5006 810 5061 facite
829 5004 900 5059 ei.
924 5000 1225 5071 Disperdite
1250 5006 1507 5054 statorem
1539 4990 1824 5068 [satorem]

234 5123 256 5156 ι
299 5104 369 5159 de
393 5100 684 5168 Babylone,
723 5105 781 5153 et
818 5102 1090 5151 tenentem
1120 5090 1313 5146 falcem
1339 5089 1394 5143 in
1422 5096 1664 5157 tempore
1689 5099 1831 5139 mes-

235 5213 257 5247 ι
301 5192 403 5258 sis,
430 5207 461 5245 a
489 5190 626 5246 faeie
658 5187 821 5260 gladii
876 5184 1154 5241 columbae.
1195 5201 1213 5233 ι
1249 5178 1514 5246 Prmeepit
1557 5174 1831 5247 propheti-

228 5300 341 5341 cus
370 5298 551 5339 sermo
577 5279 747 5335 Medis
773 5286 829 5332 et
852 5276 1035 5332 Persis
1057 5280 1113 5327 et
1134 5270 1342 5328 cunctis
1369 5267 1679 5324 nationibus
1711 5280 1832 5335 qua:

230 5385 438 5434 contra
473 5374 802 5446 Babylonem
832 5371 888 5426 in
919 5369 1133 5425 illorum
1161 5369 1427 5420 venerunt
1449 5360 1705 5415 auxilium
1726 5400 1741 5426 ,
1772 5366 1833 5412 ut

230 5475 554 5540 prmparent
580 5475 768 5521 contra
794 5477 913 5518 eam
945 5474 1095 5514 arma
1132 5456 1340 5519 bellica,
1372 5455 1678 5509 instaurent
1701 5466 1838 5520 prae-

232 5561 383 5617 lium
403 5599 419 5623 ,
455 5558 746 5613 clamorem
778 5553 1038 5608 adversus
1064 5564 1184 5604 eam
1226 5547 1403 5602 levent
1435 5563 1447 5599 :
1482 5553 1541 5599 ut
1580 5544 1716 5599 sicut
1746 5542 1837 5597 illa

230 5648 744 5708 Nabuchodonosor
770 5657 975 5715 regem,
1007 5653 1167 5711 quem
1208 5638 1298 5693 hic
1323 5635 1625 5692 columbam
1663 5640 1836 5696 vocat,

233 5761 359 5801 non
390 5750 610 5814 propter
654 5735 1056 5811 simplicitatem
1104 5731 1324 5796 mentis,
1367 5725 1460 5784 sed
1496 5734 1716 5798 propter
1744 5740 1835 5780 su-

1902 532 2090 572 omnes
2117 533 2214 587 per
2252 518 2536 573 circuitum
2567 528 2775 588 gentes,
2822 521 2894 574 ita
2921 529 2976 575 et
3020 521 3120 591 ipsi
3151 522 3404 579 ultionem
3433 525 3486 580 ei

1902 609 2147 673 reddant,
2172 619 2227 665 et
2247 611 2389 666 sicut
2416 610 2542 665 fecit
2563 612 2703 675 aliis,
2728 613 2800 666 ita
2826 621 2880 666 ct
2899 612 3101 669 faciant
3124 617 3193 670 ei.
3224 617 3488 686 Dejiciant

1907 712 2088 755 muros
2111 700 2250 769 ejus,
2277 709 2333 754 et
2363 698 2710 755 fundamenta
2740 703 3050 769 destruant,
3081 706 3391 775 disperdant
3418 711 3486 762 ah

1904 790 1994 846 illo
2033 799 2267 846 saturem
2316 798 2372 845 et
2417 805 2733 855 messorem,
2779 810 2880 847 nec
2925 795 3187 850 cultorem
3235 798 3335 852 loci
3372 799 3488 867 ejus

1904 881 2299 950 derelinquant.
2349 879 2534 935 Refert
2581 881 2883 937 Herodotus
2931 893 2985 936 et
3029 886 3181 939 multi
3230 887 3354 951 alii,
3398 889 3489 957 qui

1904 988 2105 1044 grazcas
2146 973 2399 1027 historias
2438 976 2911 1042 conscripserunt,
2949 975 3276 1047 Babylonem
3327 979 3493 1034 fuisse

1903 1066 2355 1135 potentissimam,
2386 1076 2443 1119 et
2468 1066 2864 1135 campestribus
2889 1084 2986 1137 per
3014 1072 3274 1137 quadrum
3308 1073 3491 1138 sitam,

1906 1158 1974 1213 ab
2013 1156 2205 1227 angulo
2245 1172 2416 1227 usque
2458 1157 2523 1211 ad
2571 1157 2823 1227 angulum
2867 1160 3004 1212 muri
3047 1161 3281 1215 sedecim
3327 1162 3493 1215 millia

1906 1247 2143 1303 tenuisse
2168 1262 2456 1316 passuum,
2490 1247 2542 1301 id
2562 1256 2676 1310 est,
2703 1247 2870 1302 semel
2900 1263 2997 1318 per
3022 1251 3306 1305 circuitum
3340 1268 3496 1305 sexa—

1904 1337 2052 1407 ginta
2081 1346 2312 1406 quatuor
2351 1337 2536 1392 millia.
2563 1338 2679 1392 Arx
2705 1348 2905 1403 autem,
2945 1339 2996 1393 id
3039 1348 3152 1405 est,
3179 1343 3491 1411 capitolium

1904 1430 2054 1483 urbis
2075 1429 2216 1485 illius
2232 1430 2504 1499 turrisque
2517 1440 2637 1499 post
2654 1431 2911 1485 diluvium
2934 1432 2985 1486 in
3003 1432 3341 1488 altitudinem
3358 1450 3487 1503 qua-

1908 1530 2032 1577 tuor
2061 1522 2227 1576 millia
2249 1522 2447 1577 dicilur
2477 1532 2659 1577 tenere
2684 1538 2963 1591 passuum,
2996 1524 3256 1593 paulatim
3291 1526 3354 1579 de
3384 1526 3494 1581 lato

1907 1616 1960 1670 in
1991 1617 2267 1687 angustias
2289 1626 2583 1681 coarctata,
2603 1625 2662 1670 ut
2683 1617 2888 1685 pondus
2916 1617 3202 1672 imminens
3229 1616 3441 1672 facibus
3465 1633 3497 1673 a

1908 1708 2190 1764 latioribus
2218 1718 2567 1763 sustentetur.
2612 1708 2878 1764 Describit
2910 1710 2984 1763 ita
3031 1710 3227 1779 templa
3260 1725 3498 1763 marmo-

1910 1815 2025 1865 rea,
2065 1814 2257 1854 aureas
2297 1808 2525 1864 statuas,
2568 1799 2773 1868 plateas
2816 1800 3081 1869 lapidibus
3123 1816 3361 1871 auroque
3402 1800 3500 1853 ful-

1910 1900 2118 1971 gentes,
2148 1899 2204 1945 et
2230 1891 2395 1945 multa
2425 1891 2527 1945 alia
2558 1907 2678 1961 qua;
2704 1908 2841 1961 pene
2868 1892 3120 1947 videntur
3146 1894 3498 1948 incredibilia.

1910 1984 2026 2039 Hoc
2061 1992 2231 2038 totum
2275 1984 2633 2047 narravimus,
2675 1993 2734 2038 ut
2775 1986 3204 2051 ostenderemus,
3250 1987 3393 2056 quod
3434 1988 3501 2041 ad

1912 2075 2048 2129 iram
2083 2075 2175 2129 Dci
2203 2076 2381 2130 omnis
2406 2075 2645 2145 potentia
2676 2074 2877 2145 polluta
2920 2076 3021 2140 sit,
3049 2087 3101 2130 et
3128 2075 3321 2131 favillae
3345 2086 3399 2132 ct
3427 2078 3506 2132 ci-

1913 2166 2031 2220 neri
2057 2174 2419 2235 comparetur.
2453 2164 2509 2219 Si
2537 2164 2725 2219 liceret
2749 2165 2976 2220 introire
3001 2177 3222 2237 propter
3245 2168 3505 2220 barbaras

1912 2257 2181 2323 nationes,
2211 2265 2267 2312 et
2297 2258 2480 2312 videre
2504 2265 2668 2312 tanta:
2694 2258 2842 2312 urbis
2866 2266 3109 2314 extrema
3146 2260 3394 2326 vestigia,
3427 2262 3505 2314 vi-

1915 2352 2167 2406 deremus
2189 2350 2587 2420 possessionem
2614 2365 2799 2404 eormn
2826 2351 3000 2413 exitii,
3025 2359 3079 2405 et
3103 2349 3289 2423 [Forte
3310 2352 3507 2406 exiissc

1915 2439 1994 2513 in]
2022 2440 2241 2511 paludes
2285 2456 2568 2510 aquarum,
2594 2450 2650 2495 et
2678 2455 2803 2495 vere
2843 2442 3167 2510 completum
3196 2456 3316 2496 esse
3362 2444 3505 2512 quod

1914 2530 2089 2586 Esaiae
2121 2531 2344 2585 vocibus
2372 2530 2587 2585 canitur
2618 2544 2633 2583 :
2670 2549 2688 2580 ι
2726 2529 2972 2600 Scopaho
3011 2548 3133 2586 eam
3160 2532 3214 2585 in
3241 2548 3400 2602 scopa
3430 2541 3507 2587 te-

1919 2636 2075 2685 rens,
2113 2641 2132 2674 »
2175 2622 2414 2691 exceptis
2452 2621 2594 2676 enim
2622 2622 2794 2675 muris
2817 2622 3120 2688 coctilibus,
3156 2623 3247 2692 qui
3287 2633 3508 2693 propter

1917 2713 2120 2767 bestias
2140 2712 2554 2775 concludendas,
2582 2719 2702 2781 post
2724 2727 2894 2767 annos
2921 2712 3180 2783 plurimos
3208 2713 3510 2767 instauran-

1918 2815 2028 2869 tur,
2050 2821 2208 2860 omne
2238 2806 2292 2859 in
2323 2806 2500 2861 medio
2528 2807 2761 2876 spatium
2791 2807 3020 2862 solitudo
3047 2817 3150 2863 est.

1995 2917 2013 2949 ι
2051 2897 2430 2967 Unusquisque
2468 2901 2534 2953 ad
2575 2898 2827 2968 populum
2865 2916 3021 2954 suum
3055 2908 3418 2966 convcrtetur,
3451 2908 3509 2956 et

1925 3008 1943 3041 ι
1979 2989 2171 3060 singuli
2221 2990 2288 3043 ad
2340 2999 2540 3044 terram
2588 3005 2738 3044 suam
2783 2988 3006 3060 fugient.
3055 3011 3074 3044 ι
3130 2991 3401 3061 (Hieran)
3455 2991 3511 3045 Id

1922 3081 2099 3151 ipsum
2122 3081 2488 3136 testimonium
2511 3088 2563 3135 et
2582 3080 2751 3136 Isaias
2772 3082 2823 3134 in
2849 3082 2987 3136 libro
3008 3098 3105 3137 suo
3128 3083 3307 3153 ponit,
3336 3091 3516 3137 osten—

1927 3174 2057 3233 dens
2098 3174 2240 3247 quod
2284 3181 2567 3246 postquam
2596 3181 2749 3247 capta
2799 3172 2958 3229 fuerit
3006 3175 3275 3248 Babylon,
3320 3185 3372 3234 et
3421 3190 3517 3249 per

1922 3278 2108 3340 portas
2127 3267 2242 3337 ejus
2270 3268 2486 3322 intrarit
2512 3269 2722 3323 hostilis
2749 3270 3041 3334 exercitus,
3066 3283 3258 3325 cuncta
3288 3270 3511 3333 auxilia,

1921 3369 1977 3415 et
2007 3360 2341 3414 diversarum
2380 3359 2616 3426 gentium
2659 3361 3096 3430 turmae,’quibus
3133 3361 3283 3431 prius
3322 3360 3516 3414 civitas

1925 3452 2304 3507 defensabatur
2332 3452 2397 3505 ad
2425 3467 2552 3505 suas
2580 3452 2884 3520 provincias
2912 3461 3332 3506 reverterentur.

1998 3564 2017 3595 ι
2063 3542 2207 3599 Grex
2255 3543 2531 3612 dispersus
2578 3541 2770 3606 Israel,
2821 3542 3004 3597 leones
3049 3541 3325 3609 ejecerunt
3368 3556 3512 3595 cum.

1929 3655 1948 3687 ι
1988 3635 2198 3688 Primus
2232 3633 2467 3688 comedit
2498 3649 2621 3687 eum
2668 3648 2762 3686 rex
2807 3632 2995 3687 Assur.
3042 3632 3149 3688 Iste
3192 3633 3517 3687 novissimus

1932 3744 1950 3777 ι
1988 3726 2259 3781 exossavit
2302 3740 2425 3779 eum
2465 3722 2958 3777 Nabuchodonosor
2996 3737 3089 3775 rex
3136 3722 3443 3793 Babylonis.
3492 3742 3512 3773 ι

1928 3816 2217 3889 (Μλυιιυς.)
2254 3816 2428 3884 Reges
2455 3829 2585 3883 ergo
2610 3814 2975 3883 Assyriorum,
3011 3812 3112 3865 hoc
3145 3820 3249 3875 est,
3291 3811 3518 3878 Teglad-

1926 3907 2196 3976 phalasar,
2230 3904 2320 3972 qui
2359 3918 2609 3972 magnam
2651 3911 2857 3969 partem
2902 3898 3080 3968 populi
3123 3898 3430 3952 Judaaorum
3464 3900 3518 3952 in

1926 3998 2177 4068 Assyrios
2208 3994 2501 4061 transtulit,
2529 4001 2583 4049 et
2612 3992 2977 4047 Sennachcrib
3009 3993 3097 4060 qui
3134 3992 3317 4045 decem
3348 3989 3522 4045 tribus

1927 4094 2101 4163 gentis
2123 4090 2340 4154 Judmce,
2373 4104 2491 4157 quae
2514 4088 2849 4142 vocabantur
2876 4084 3063 4148 Israel,
3086 4085 3257 4137 victas
3285 4091 3524 4137 transtu-

1928 4186 2070 4241 litin
2095 4191 2308 4239 montes
2339 4182 2632 4243 Medorum,
2664 4178 2765 4249 ipsi
2796 4178 2977 4233 leones
3007 4177 3091 4231 hic
3118 4183 3517 4245 nuncupantur,

1929 4276 2022 4348 qui
2051 4274 2404 4329 comederunt
2426 4269 2610 4325 Israel.
2662 4268 2769 4324 Nec
2796 4284 2901 4322 non
2925 4277 2981 4322 et
3012 4265 3522 4328 Nabuchodonosor,

1931 4367 2022 4439 qui
2054 4363 2346 4420 novissime
2382 4371 2551 4417 totam
2580 4359 2817 4415 Iudaeam
2844 4364 3100 4421 vastavit,
3127 4356 3287 4410 urbes
3315 4356 3527 4410 destru-

1933 4458 2047 4521 xit,
2080 4463 2134 4511 et
2162 4453 2417 4524 templum
2460 4451 2554 4506 Dei
2594 4451 2649 4505 in
2686 4447 2985 4504 Jerusalem
3026 4445 3335 4509 succendit,
3371 4442 3523 4512 juxta

1935 4547 2064 4601 illud
2094 4544 2238 4614 quod
2266 4543 2319 4597 in
2345 4542 2482 4596 libro
2510 4539 2718 4610 Regum
2745 4539 3007 4607 scriptum
3037 4544 3119 4592 est
3147 4554 3159 4589 :
3188 4531 3526 4603 Pi'ojecitque

1934 4636 2196 4692 Dominus
2227 4647 2388 4687 omne
2411 4644 2596 4685 semen
2626 4627 2810 4693 Israel,
2835 4636 2890 4682 et
2915 4625 3106 4680 aﬂlixit
3129 4640 3242 4690 eos,
3274 4633 3329 4678 et
3360 4623 3526 4677 tradi-

1937 4730 2016 4786 dit
2047 4742 2142 4782 eos
2170 4726 2224 4780 in
2254 4740 2415 4779 manu
2443 4722 2789 4793 diripentium
2807 4761 2822 4785 ,
2851 4719 3020 4773 donec
3046 4716 3336 4788 projiceret
3375 4730 3468 4769 eos
3494 4728 3525 4767 a

1936 4819 2074 4875 facie
2102 4829 2200 4873 sua
2230 4833 2243 4869 :
2290 4831 2357 4870 ex
2385 4829 2450 4869 eo
2472 4815 2583 4884 jam
2616 4821 2857 4882 tempore
2879 4825 2985 4880 quo
3015 4809 3218 4863 scissus
3248 4814 3330 4860 est
3359 4803 3524 4858 Israel

1938 4929 1971 4968 a
2014 4912 2174 4967 domo
2220 4907 2413 4973 David,
2467 4915 2522 4961 et
2569 4905 2964 4959 constituerunt
3001 4899 3103 4953 sibi
3147 4912 3327 4968 regem
3374 4893 3529 4949 Jeru-

1940 5004 2099 5060 boam
2137 4999 2306 5055 ﬁlium
2345 4996 2556 5051 Nabath
2597 4993 2716 5066 (ΙΙΙ
2743 4992 2868 5061 Reg.
2901 4989 3016 5061 xu).
3059 4987 3342 5056 Separavit
3379 4983 3526 5039 enim

1940 5093 2225 5150 Jeroboam
2252 5086 2416 5143 Israel
2445 5102 2476 5140 a
2514 5084 2758 5144 Domino,
2787 5090 2842 5135 et
2867 5091 3088 5150 peccare
3115 5091 3211 5130 eos
3248 5073 3375 5129 fecit
3402 5088 3529 5144 pec-

1942 5195 2122 5242 catum
2152 5193 2427 5250 magnum,
2457 5184 2513 5230 et
2548 5172 2958 5228 ambulaverunt
2995 5166 3088 5221 filii
3118 5164 3283 5219 Israel
3326 5164 3379 5218 in
3409 5163 3529 5218 uni-

1942 5276 2118 5334 versis
2156 5270 2396 5346 peccatis
2425 5265 2713 5322 Jeroboam
2752 5277 2873 5333 qua:
2916 5258 3161 5313 fecerat:
3207 5269 3310 5309 nec
3344 5269 3527 5310 reces-

1943 5376 2133 5428 serunt
2157 5367 2226 5421 ab
2271 5363 2371 5427 eis,
2412 5371 2692 5427 usquequo
2725 5353 2983 5407 Dominus
3011 5349 3248 5404 auferret
3290 5346 3451 5401 Israel
3497 5361 3527 5401 a

1940 5461 2080 5516 facie
2109 5472 2230 5521 sua,
2254 5454 2394 5508 sicut
2416 5451 2629 5505 locutus
2656 5444 2850 5506 fuerat,
2882 5442 2935 5494 in
2960 5455 3120 5495 manu
3149 5437 3389 5493 omnium
3417 5450 3529 5490 ser-

1940 5568 2131 5610 vorum
2153 5562 2374 5606 suorum
2394 5542 2816 5614 prophetarum:
2838 5534 3239 5600 translatusque
3260 5536 3344 5584 est
3365 5524 3528 5582 Israel

1940 5649 2006 5705 de
2034 5654 2184 5699 terra
2214 5653 2311 5695 sua
2340 5637 2394 5692 in
2422 5630 2674 5703 Assyrios
2703 5641 2874 5698 usque
2902 5626 2955 5680 in
2985 5625 3126 5680 diem
3156 5622 3316 5677 hanc.

2016 5757 2036 5790 ι
2076 5734 2363 5804 Propterea
2391 5727 2508 5784 haec
2531 5720 2662 5779 dicit
2690 5719 2949 5775 Dominus
2984 5715 3125 5771 Deus
3150 5710 3313 5771 lsraet
3340 5727 3356 5768 :
3386 5706 3531 5769 Ecce
