3970 6190
578 330 716 387 ιιιτ

1211 330 1271 383 B.
1314 326 1565 384 BABANI
1606 327 1820 383 MAURI
1855 325 2169 382 ARCHIEP.
2211 323 2517 381 MOGUNT.
2557 325 2843 383 OPERUM
2878 325 3056 384 PARS
3096 329 3183 385 III.

3626 330 3726 387 IIIS

587 469 605 499 ι
640 463 740 519 ego
764 447 991 502 visitabo
1018 460 1198 516 regem
1226 444 1529 515 Babylonis,
1551 452 1604 497 ct
1627 453 1824 497 terram
1851 440 1987 510 ejus,
2011 442 2151 496 sicut
2179 444 2228 503 Α
2253 438 2394 495 facta
2423 439 2768 504 desolatione,
2801 441 2952 511 juxta
2985 442 3170 496 omnia
3206 457 3323 512 qua:
3352 444 3573 512 prmeepit
3600 444 3724 499 Domi

591 559 608 589 ι
646 539 852 593 visitavi
879 554 1056 608 regem
1081 538 1269 600 Assur,
1309 543 1364 589 et
1392 537 1640 589 reducam
1667 534 1826 588 Israel
1851 535 1917 589 ad
1943 535 2153 589 habita-

591 648 609 680 ι
645 628 822 682 culum
845 643 1022 691 suum,
1043 636 1099 680 et
1119 638 1367 696 pascetur
1388 624 1689 680 Carmelum
1715 634 1771 678 et
1795 625 1990 689 Basan,
2015 633 2070 678 et
2097 624 2152 677 in

592 738 609 769 ι
646 729 826 771 monte
859 718 1111 788 Ephraim
1139 725 1195 771 et
1220 716 1421 771 Galaad
1449 716 1780 770 saturabitur
1809 716 1988 770 anima
2012 716 2149 785 ejus.

589 828 606 858 ι
642 808 698 860 In
741 807 928 861 diebus
968 806 1074 860 illis
1111 814 1167 859 et
1204 808 1257 859 in
1304 814 1541 874 tempore
1582 803 1688 868 illo,
1729 805 1804 858 ait
1846 804 2104 860 Dominus
2134 844 2149 871 ,

589 916 607 946 ι
645 906 911 965 quzeretur
935 895 1190 965 iniquitas
1217 894 1401 959 Israel,
1426 902 1480 948 et
1512 908 1618 948 non
1644 894 1766 959 erit,
1792 902 1849 949 et
1873 905 2153 965 peccatum

588 1010 605 1038 ι
642 990 797 1053 Iuda,
827 999 881 1043 et
905 1005 1010 1043 non
1037 989 1353 1054 invenietur,
1382 990 1633 1057 quoniam
1661 989 1923 1058 propitius
1950 1004 2045 1044 ero
2075 990 2155 1044 eis

588 1100 605 1128 ι
645 1096 779 1147 quos
822 1079 1107 1147 reliquero.
1151 1097 1169 1130 ι
1214 1078 1460 1131 Visitavit
1501 1093 1630 1148 ergo
1672 1078 1927 1133 Dominus
1972 1094 2152 1150 regem

583 1169 884 1240 Babylonis,
915 1170 1014 1223 hoc
1035 1176 1147 1231 est,
1176 1168 1471 1232 Balthasar,
1497 1169 1588 1237 qui
1615 1169 1937 1224 novissimus
1960 1183 2153 1239 regna-

583 1262 659 1313 vit
690 1262 739 1314 in
770 1260 1065 1330 Babylone,
1096 1269 1152 1314 et
1180 1270 1377 1314 terram
1406 1260 1540 1330 ejus,
1576 1261 1792 1329 quando
1831 1274 1929 1330 per
1955 1259 2153 1332 Cyrum

583 1360 638 1403 et
677 1350 925 1415 Darium,
972 1348 1152 1403 Medos
1190 1360 1245 1404 et
1286 1350 1477 1404 Persas
1520 1364 1743 1421 regnum
1781 1348 2154 1404 Chaldaeorum

582 1440 865 1493 destruxit.
900 1438 990 1495 Sic
1015 1440 1251 1494 visitavit
1276 1441 1445 1494 Assur
1470 1438 1858 1505 Sennacherib,
1894 1448 1949 1495 et
1982 1454 2154 1508 popu-

582 1531 691 1584 lum
738 1531 851 1599 ejus
895 1532 985 1600 qui
1032 1531 1422 1601 hlaspbemavit
1467 1532 1633 1585 Deum
1679 1530 1844 1585 Israel
1889 1530 1943 1584 in
1992 1544 2154 1583 manu

585 1619 891 1674 iiuntiorum
934 1635 1151 1675 suorum
1185 1638 1198 1673 :
1230 1620 1373 1673 unde
1399 1632 1645 1687 egressus
1682 1618 1904 1688 angelus
1943 1618 2155 1672 Domini

583 1709 846 1776 percussit
894 1708 944 1763 in
990 1709 1183 1763 castris
1234 1708 1577 1779 Assyriorum
1621 1716 1838 1763 centum
1884 1708 2154 1779 octoginta

583 1799 819 1867 quinque
854 1799 1018 1853 millia
1045 1798 1128 1871 (II
1159 1798 1288 1852 Par.
1318 1798 1511 1868 χχχιι),
1545 1808 1600 1853 et
1637 1814 1883 1854 reversus
1906 1809 1992 1854 est
2016 1799 2153 1855 Sen-
2182 1786 2227 1846 Β

584 1887 841 1942 nacherib
878 1904 972 1943 rex
999 1888 1340 1959 Assyriorum
1365 1896 1421 1942 et
1452 1888 1714 1942 habitavit
1754 1889 1807 1943 in
1835 1888 2041 1943 Ninive.
2088 1890 2156 1945 Et

585 1979 781 2032 factum
819 1989 904 2033 est
954 1993 1074 2032 cum
1104 1980 1352 2033 adoraret
1396 1979 1450 2031 in
1482 1978 1678 2049 templo
1720 1978 1957 2034 Nesracb
1996 1980 2156 2033 deum

583 2085 736 2124 suum
754 2110 769 2132 ,
795 2068 1146 2122 Adramalecli
1171 2076 1226 2120 et
1252 2068 1476 2122 Sarasar
1505 2067 1597 2121 ﬁlii
1628 2068 1745 2138 ejus
1777 2076 2157 2138 percusserunt

582 2176 703 2216 cum
745 2160 797 2214 in
833 2160 1006 2229 gladio
1033 2159 1384 2229 fugeruntque
1415 2158 1468 2212 in
1503 2166 1700 2212 terram
1741 2159 1979 2224 Ararad,
2017 2159 2157 2213 sicut

583 2251 720 2305 liber
754 2250 904 2305 Isaiae
936 2260 1176 2304 testatur.
1216 2248 1578 2318 Itelaxataque
1613 2256 1695 2303 est
1732 2248 2016 2317 captivitas
2046 2247 2149 2303 IIe-

584 2342 847 2394 hraeorum
882 2354 978 2409 per
1013 2338 1209 2409 Cyrum
1240 2338 1331 2407 qui
1361 2338 1745 2408 quinquaginta
1780 2338 1950 2393 ferme
1987 2338 2153 2393 millia

585 2433 856 2486 hominum
889 2430 1097 2502 regredi
1129 2429 1251 2484 fecit
1282 2429 1334 2483 in
1367 2428 1635 2492 Judaeam,
1662 2437 1718 2483 et
1743 2441 1929 2499 postea
1958 2428 2154 2500 templo

582 2522 879 2587 aediﬁcato,
932 2528 988 2576 et
1032 2520 1248 2576 civitate
1300 2526 1600 2573 restaurata
1652 2518 1903 2574 Israelita:
1955 2527 2154 2573 terram

583 2628 735 2666 suam
761 2611 939 2665 colere
984 2618 1282 2679 cmperunt.
1320 2607 1539 2679 Mystice
1563 2620 1742 2664 autem
1784 2609 2045 2664 Dominus
2071 2610 2152 2664 vi-

584 2707 713 2756 sitat
757 2717 932 2772 regem
975 2699 1283 2769 Babylonis,
1328 2705 1431 2754 hoc
1471 2708 1576 2764 est,
1624 2697 1971 2762 confusionis,
2015 2698 2157 2753 sicut

583 2792 820 2846 visitavit
868 2806 1046 2862 regem
1087 2790 1278 2854 Assur,
1326 2789 1419 2854 qui
1467 2789 1849 2860 interpretatur
1884 2789 2150 2858 gradiens,

581 2883 667 2937 vel
706 2882 971 2952 dirigens,
1008 2897 1131 2935 cum
1173 2879 1443 2935 diabolum
1481 2893 1663 2949 regem
1696 2877 2059 2943 confusionis,
2097 2886 2154 2931 et

584 2985 848 3030 rectorem
879 2975 1221 3029 tenebrarum
1261 2975 1451 3028 barum
1487 2972 1845 3037 destruxerit,
1888 2972 2029 3026 sicut
2056 2971 2151 3026 de-

583 3067 781 3120 struxit
811 3066 1210 3131 antichristum,
1253 3074 1308 3120 et
1336 3080 1524 3121 omnes
1564 3075 1938 3135 persecutores
1964 3064 2152 3121 Eccle-

583 3158 696 3223 εἰπε,
718 3157 809 3228 qui
832 3157 1146 3213 direxerunt
1165 3171 1316 3210 arma
1329 3157 1580 3226 nequitia:
1597 3172 1707 3211 sua:
1729 3164 1916 3211 contra
1939 3164 2153 3212 sanctos

586 3248 704 3312 Dei,
732 3255 787 3301 et
811 3246 1109 3301 effuderunt
1141 3246 1457 3316 sanguinem
1482 3247 1841 3311 innocentem,
1880 3244 1963 3298 vel
1990 3245 2153 3299 etiam

584 3337 862 3391 haereticos
884 3336 975 3405 qui
998 3335 1234 3407 dirigunt
1250 3335 1424 3403 jacula
1452 3351 1631 3405 prava:
1660 3336 1917 3390 doctrinae
1945 3336 2001 3390 in
2032 3335 2152 3390 ani-

587 3440 701 3478 mas
748 3424 1098 3493 simplicium,
1146 3433 1205 3477 ut
1254 3424 1579 3478 interﬁciant
1618 3438 1731 3479 eas.
1776 3424 1835 3479 In
1870 3424 1976 3480 ﬁne
2009 3425 2153 3480 enim

587 3514 790 3579 mundi,
822 3513 1065 3568 diabolus
1089 3514 1180 3583 qui
1218 3514 1510 3569 seducebat
1538 3523 1725 3584 gentes
1754 3514 2045 3570 mittendus
2070 3525 2155 3571 est

583 3611 639 3665 in
676 3620 922 3680 stagnum
960 3610 1098 3681 ignis
1128 3618 1182 3664 et
1222 3609 1514 3679 sulphuris,
1556 3608 1647 3664 ubi
1675 3617 1759 3664 est
1802 3610 1973 3665 bestia
2010 3610 2151 3664 anti-

586 3701 818 3755 christus
845 3715 967 3754 cum
1002 3700 1180 3770 impiis
1202 3700 1458 3755 membris
1480 3699 1593 3755 suis
1618 3708 1672 3755 et
1694 3701 2149 3769 persecutoribus,

582 3800 639 3846 et
683 3790 1159 3860 pseudopropheta:
1200 3790 1317 3846 sine
1349 3789 1511 3845 dubio
1549 3790 1813 3856 haeretici,
1853 3798 1907 3845 et
1940 3792 2151 3846 crucia-

584 3884 783 3938 buntur
808 3882 895 3937 die
920 3893 974 3937 et
1000 3892 1156 3939 nocte
1182 3882 1235 3937 in
1264 3882 1456 3938 saecula
1484 3883 1834 3950 saeculorum,
1869 3892 1924 3938 et
1960 3899 2150 3956 regna-

583 3974 720 4028 hunt
743 3974 914 4029 sancti
944 3990 1068 4030 cum
1108 3990 1231 4045 rege
1257 3990 1354 4030 suo
1390 3975 1444 4029 in
1470 3984 1754 4042 :eternum,
1786 3986 1842 4032 et
1871 3977 2154 4031 satiabitur

585 4066 762 4119 anima
789 4080 975 4120 eorum
1000 4066 1247 4122 omnibus
1281 4065 1452 4130 bonis,
1492 4075 1725 4137 tuncque
1749 4070 2012 4124 veraciter
2050 4070 2151 4123 im-

586 4154 814 4224 plebitur
842 4154 969 4211 illud
992 4157 1133 4225 quod
1156 4157 1353 4211 dicitur
1377 4174 1392 4212 :
1418 4158 1475 4212 In
1500 4165 1740 4228 tempore
1768 4159 1860 4215 illo
1883 4169 2153 4230 quazretur

585 4248 840 4317 iniquitas
876 4247 1059 4314 Israel,
1095 4257 1150 4304 et
1190 4265 1295 4304 non
1336 4251 1460 4315 erit,
1489 4259 1544 4306 et
1582 4258 1859 4321 peccatum
1902 4252 2059 4316 Juda,
2099 4263 2155 4309 et

584 4357 691 4395 non
718 4341 1038 4409 invenietur,
1082 4343 1205 4412 quia
1237 4350 1363 4399 tunc
1389 4344 1627 4416 alligabit
1669 4345 1925 4400 Dominus
1959 4345 2153 4401 vulnus

583 4432 763 4501 populi
789 4434 891 4496 sui,
927 4442 982 4489 et
1011 4434 1221 4490 sanabit
1253 4436 1603 4491 contritiones
1630 4434 1744 4505 ejus
1776 4436 2152 4507 abstergetque

588 4539 799 4578 omnem
838 4525 1126 4597 Iacrymam
1154 4526 1222 4580 ab
1263 4527 1433 4582 oculis
1477 4536 1785 4583 sanctorum
1819 4543 2067 4593 suorum,
2098 4536 2153 4582 et

584 4629 732 4668 mors
754 4631 860 4668 non
884 4617 987 4671 erit
1012 4616 1169 4680 ultra,
1195 4632 1369 4686 neque
1388 4617 1583 4681 luctus,
1615 4633 1787 4687 neque
1810 4619 2037 4685 clamor,
2059 4636 2154 4674 ne-

584 4721 689 4777 que
715 4707 865 4762 dolor
888 4709 992 4763 erit
1014 4708 1174 4774 ultra,
1202 4726 1321 4779 qua:
1351 4711 1522 4779 prima
1545 4710 1792 4766 abierunt
1818 4725 1833 4764 :
1866 4712 1957 4766 sed
1985 4725 2155 4766 novus

583 4796 830 4868 populus,
875 4812 1068 4852 novam
1114 4798 1384 4854 civitatem
1428 4800 1710 4865 introiens,
1758 4800 1830 4856 ibi
1871 4799 2152 4869 multiplici

581 4887 936 4943 exsultatione
958 4886 1266 4958 gaudebunt
1291 4888 1346 4942 in
1369 4901 1702 4959 perpetuum.

656 5001 675 5033 ι
714 4980 887 5052 Super
928 4988 1127 5034 terram
1165 4980 1551 5036 dominantium
1590 4982 1849 5049 ascende,
1893 4990 1949 5038 et
1990 4999 2153 5055 super

586 5092 605 5124 ι
643 5073 977 5128 habitatores
1014 5070 1130 5141 ejus
1158 5072 1341 5139 visita,
1382 5073 1618 5143 dissipa,
1659 5084 1716 5131 et
1750 5075 1994 5132 interﬁce
2033 5094 2152 5149 quae

587 5183 606 5216 ι
644 5173 765 5234 post
799 5181 895 5220 eos
936 5172 1089 5226 sunt,
1128 5165 1204 5220 ait
1245 5165 1539 5220 Dominus:
1570 5175 1625 5221 et
1668 5166 1753 5222 fac
1779 5167 1932 5237 juxta
1970 5170 2151 5224 omnia

588 5274 605 5304 ι
645 5272 763 5324 qua:
800 5257 1028 5326 praecepi
1055 5256 1169 5310 tibi.
1200 5275 1219 5308 ι
1250 5254 1438 5311 Sermo
1468 5257 1678 5312 divinus
1702 5257 1769 5312 ad
1794 5272 2016 5326 regnum
2044 5257 2152 5311 Me-

581 5346 774 5401 dorum
815 5354 976 5415 atque
1016 5346 1299 5402 Persarum
1335 5347 1604 5418 dirigitur,
1645 5356 1704 5403 ut
1746 5362 1907 5418 super
1949 5356 2148 5403 terram

581 5436 969 5491 dominantium
985 5476 1000 5501 ,
1024 5436 1128 5491 hoc
1151 5444 1234 5492 est
1259 5451 1421 5506 super
1442 5437 1762 5509 Babylonem
1784 5446 1837 5492 et
1862 5453 2022 5506 super
2046 5438 2147 5492 ha-

582 5524 841 5580 bitatores
885 5526 1001 5594 ejus
1033 5525 1313 5583 Chaldwos
1349 5528 1643 5583 ascendens
1671 5528 1873 5591 visitet,
1904 5526 2143 5595 dissipet,

582 5620 635 5664 ct
670 5614 973 5681 interﬁciat,
1002 5630 1123 5686 quae
1145 5625 1266 5686 post
1290 5631 1382 5673 eos
1411 5625 1552 5681 sunt,
1581 5625 1640 5672 ut
1662 5616 1950 5686 posteritas
1975 5615 2146 5686 Baby-

587 5700 724 5761 lonis
766 5705 1003 5763 funditus
1048 5705 1306 5773 intereat,
1352 5721 1452 5762 nec
1486 5707 1598 5779 jam
1643 5708 1781 5762 ultra
1827 5707 2140 5762 habitetur:

2252 546 2373 585 nus.
2428 530 2649 601 Mystice
2700 540 2878 585 autem
2926 532 3237 588 doctoribus
3286 542 3338 588 et
3379 535 3729 602 praediatorihtn

2251 620 2448 676 Christi
2476 622 2803 691 pra-cipitur,
2834 630 2895 675 ut
2922 638 3146 693 regnum
3172 623 3366 678 diaboli
3391 625 3441 678 in
3467 625 3628 680 mundo
3650 636 3730 680 stn-

2251 712 2408 766 deant
2436 720 2702 767 evertere.
2744 720 2800 765 et
2839 713 3102 782 dissipent
3135 728 3296 781 opera
3330 713 3438 783 ejus
3469 717 3672 787 maligna,
3693 728 3731 771 et

2250 800 2533 856 destruant
2564 800 2787 855 consilia
2822 802 2939 870 ejus
2972 803 3228 869 pessima,
3256 812 3313 857 ut
3347 803 3626 859 interﬁcth
3646 822 3729 860 on-

2252 904 2347 944 nes
2379 898 2692 959 peccatores
2722 897 2900 953 terrae,
2936 897 2991 960 et
3016 891 3328 959 disperdant
3358 892 3421 945 de
3453 893 3631 947 civitate
3658 895 3731 949 Do-

2270 982 2381 1036 niui
2410 996 2597 1035 omnes
2619 981 2713 1051 qui
2739 994 3032 1052 operantur
3060 984 3415 1053 iniquitatem.

2328 1092 2345 1122 ι
2386 1071 2499 1127 Vox
2530 1073 2651 1127 belli
2682 1074 2735 1127 in
2763 1083 2928 1138 terra,
2959 1083 3014 1129 et
3038 1076 3291 1130 contritio
3317 1092 3510 1146 magna,
3534 1079 3733 1146 quomodo

2258 1180 2276 1211 ι
2312 1162 2621 1217 confractus
2639 1171 2743 1227 est,
2759 1170 2813 1216 et
2830 1164 3096 1218 contritus
3115 1164 3337 1218 malleus
3355 1166 3583 1219 universe
3598 1166 3732 1219 terra?

2259 1271 2277 1303 α
2313 1252 2592 1319 Quomodo
2614 1267 2767 1307 versa
2793 1262 2877 1308 est
2911 1255 2966 1308 in
2997 1255 3272 1309 desertum
3306 1255 3518 1325 Babylon
3549 1257 3593 1309 in
3614 1259 3733 1325 genti-

2261 1364 2277 1396 ο
2314 1347 2450 1400 bus?
2476 1346 2764 1415 Illaqueavi
2795 1356 2868 1412 te,
2899 1354 2954 1403 et
2991 1354 3149 1417 capta
3187 1363 3246 1402 es
3279 1347 3494 1419 Babylon
3524 1356 3570 1402 et
3590 1348 3733 1401 nescie-

2260 1452 2278 1484 ι
2315 1435 2433 1499 bas,
2462 1434 2677 1488 inventa
2702 1448 2762 1488 es
2794 1443 2851 1488 et
2882 1437 3240 1504 apprehensa,
3266 1436 3499 1504 quoniam
3523 1436 3731 1489 Dominum

2260 1542 2279 1574 α
2312 1525 2635 1592 provocasti.
2672 1544 2691 1576 ι
2729 1523 2978 1580 Malleum
3004 1526 3272 1580 universae
3302 1534 3447 1581 terra:
3473 1526 3734 1580 bistorialiter

2254 1611 2589 1666 demonstrat
2614 1627 2711 1681 per
2736 1620 2950 1683 tropum
2986 1616 3325 1684 synecdoche
3360 1615 3636 1685 Babylonem
3651 1630 3732 1669 can

2256 1705 2472 1776 regibus
2496 1706 2628 1770 suis,
2654 1707 2747 1776 qui
2773 1707 3035 1778 plurimas
3064 1716 3224 1763 terra:
3256 1717 3427 1776 partes
3448 1705 3733 1775 conquassarit

2255 1811 2417 1871 atque
2441 1802 2739 1857 devastavit
2763 1817 2778 1856 :
2805 1810 2862 1858 et
2885 1803 3082 1858 merito
3113 1805 3166 1858 in
3196 1801 3310 1873 ejus
3338 1802 3532 1857 interitu
3551 1815 3632 1853 vox
3652 1797 3732 1852 belli

2256 1900 2315 1945 et
2345 1893 2597 1946 contritio
2625 1908 2816 1962 magna
2844 1893 3121 1960 resonuit,
3162 1896 3286 1965 quia
3321 1891 3541 1962 plurimis
3560 1889 3732 1959 gentibus

2256 1985 2372 2054 ejus
2421 1985 2721 2041 devastatio
2766 1986 3021 2054 gaudium
3064 1985 3211 2040 fecit.
3252 1983 3439 2055 (θήῃ.)
3468 1980 3730 2048 Quaerendum

2256 2075 2419 2145 igitur
2439 2082 2523 2130 est
2548 2075 2668 2143 quis
2694 2075 2766 2129 sit
2783 2075 3103 2145 spiritaliter
3123 2075 3340 2130 malleus
3367 2072 3594 2126 universa:
3611 2077 3727 2127 terra.

2255 2182 2441 2236 quaeve
2461 2166 2578 2236 ejus
2599 2169 2858 2223 contritio
2876 2170 3218 2239 prophetata,
3244 2167 3364 2238 quia
3381 2173 3493 2220 ante
3508 2162 3730 2219 confractus

2255 2266 2339 2313 est
2395 2272 2556 2327 quam
2602 2259 2890 2313 contritus.
2933 2259 3068 2325 Quis
3117 2266 3201 2314 est
3254 2258 3348 2311 iste
3387 2255 3581 2310 malleus
3607 2250 3730 2304 volun

2255 2356 2513 2417 quantum
2541 2347 2592 2401 in
2619 2364 2678 2403 se
2699 2358 2783 2404 est
2808 2349 3067 2419 impedire
3091 2349 3294 2418 lapides
3310 2343 3625 2402 :cdillcationis
3642 2348 3727 2393 tem-

2255 2438 2349 2509 pli,
2398 2446 2457 2492 ut
2503 2439 2723 2493 contriti
2768 2455 2874 2494 non
2915 2439 3244 2496 conveniant
3285 2435 3600 2493 fundamentis
3630 2428 3726 2500 ejus?

2256 2529 2389 2586 Vide
2414 2546 2556 2584 nunc
2575 2530 2845 2585 diabolum
2870 2530 2915 2586 si
2940 2545 3049 2586 non
3078 2531 3194 2601 ipse
3220 2538 3300 2586 est
3323 2527 3522 2583 malleus
3542 2522 3726 2577 universa

2258 2629 2432 2675 terrae.
2477 2620 2588 2691 Ego
2628 2630 2807 2675 autem
2851 2622 3216 2691 pronuntiabo
3261 2618 3512 2676 conﬁdens
3540 2626 3634 2669 esse
3660 2608 3723 2662 ιιίσ

2253 2726 2413 2780 (ptem
2428 2752 2445 2777 ,
2476 2712 2568 2780 qui
2596 2725 2702 2766 non
2733 2726 3059 2782 magnopere
3080 2721 3234 2768 curet
3258 2712 3323 2766 de
3344 2708 3514 2763 malleo
3539 2703 3723 2759 universe

2254 2808 2432 2856 terrae.
2449 2800 2518 2855 Et
2529 2801 2782 2871 quoniam
2804 2800 3110 2871 explum
3133 2808 3451 2870 assumptum
3466 2804 3537 2851 est
3550 2793 3602 2848 de
3613 2785 3721 2845 salsi-

2253 2895 2347 2950 hili
2376 2895 2591 2961 malleo,
2620 2911 2806 2966 quaero
2833 2895 3119 2950 materiam
3149 2892 3338 2949 malleo
3365 2887 3620 2944 fortiorem.
3645 2889 3723 2944 (Ιυε

2253 2987 2389 3043 nihil
2427 2988 2496 3043 ab
2535 3002 2602 3043 eo
2637 3002 2892 3059 percussa
2931 2987 3191 3057 patiatur.
3221 2984 3385 3051 Quam
3421 2976 3600 3063 quidam
3627 2980 3722 3063 ll”?

2255 3091 2382 3133 rens
2422 3079 2634 3148 reperio
2678 3077 2734 3131 in
2782 3091 2848 3132 eo
2891 3076 3034 3147 quod
3057 3075 3316 3144 scriptum
3352 3076 3461 3125 est:
3494 3084 3510 3116 ι
3535 3062 3641 3117 Ecce
3670 3067 3722 3160 ξιτ

2254 3178 2404 3227 stans
2442 3186 2604 3242 super
2640 3186 2827 3226 muros
2863 3171 3269 3234 adamantinos,
3311 3174 3364 3221 et
3403 3164 3451 3219 in
3495 3171 3622 3214 manu

2253 3263 2494 3317 adamas.
2524 3282 2543 3314 ι
2572 3262 2757 3318 Refert
2773 3271 2952 3317 autem
2993 3263 3059 3317 de
3099 3263 3374 3316 adamante
3404 3249 3607 3311 historia,

2252 3348 2447 3406 Iortior
2469 3351 2542 3406 sit
2563 3352 2709 3407 omni
2738 3351 2962 3407 medenti
2990 3366 3048 3406 se
3080 3350 3287 3413 malleo,
3321 3341 3594 3402 iucontritus
3612 3340 3720 3431 αξη-

2253 3442 2585 3498 convicibilis
2598 3458 2970 3513 perseverans.
2984 3443 3139 3499 Licet
3157 3456 3313 3512 super
3330 3444 3426 3493 stet
3450 3430 3629 3523 malleis

2252 3532 2428 3598 holus,
2451 3547 2507 3589 et
2529 3535 2838 3605 suppositus
2861 3535 2932 3590 sit
2953 3535 3142 3599 draco,
3165 3533 3255 3604 qui
3280 3538 3359 3587 est
3382 3523 3515 3598 quasi
3537 3522 3649 3574 incus
3664 3522 3716 3566 ln-

2253 3622 2567 3688 domabilis,
2605 3623 2738 3678 nihil
2773 3632 2953 3679 tamen
2991 3624 3043 3679 in
3077 3639 3239 3679 manu
3271 3615 3481 3678 Domini,
3509 3617 3555 3665 et
3575 3608 3718 3661 iocou-

2252 3726 2438 3785 spectu
2464 3715 2580 3785 ejus
2601 3717 2902 3773 consistens
2926 3718 3151 3772 adamas
3173 3711 3464 3787 perpetitur.
3484 3703 3576 3758 Duo
3594 3698 3716 3761 illi“

2251 3808 2525 3862 contraria
2557 3817 2682 3863 sunt
2717 3809 2990 3864 adamanti
3015 3786 3183 3877 justo,
3200 3806 3324 3880 [Al.,
3344 3799 3474 3870 isti],
3496 3786 3718 3885 ωθῌεωξί

2251 3895 2404 3952 incus
2425 3896 2866 3968 improducibilis.
2882 3897 3000 3954 lam
3015 3900 3279 3970 quoddam
3292 3903 3388 3957 est.
3401 3898 3446 3947 el
3469 3883 3581 3956 all“d
3597 3883 3714 3970 θέω

2250 4000 2350 4041 nes
2366 3987 2550 4042 tritum
2565 3987 2708 4056 vulgi
2731 4002 2980 4044 sermone
3002 3968 3351 4059 proverbium,
3368 3968 3640 4059 ntdehisqni
3651 3978 3714 4018 ιη’

2251 4076 2541 4133 xietatibus
2562 4087 2617 4133 et
2638 4079 2793 4134 malis
2819 4088 3156 4149 premuntur,
3177 4079 3375 4134 dicant:
3392 4074 3519 4131 Iule:
3533 4058 3711 4149 "an?"

2251 4172 2377 4218 sunt
2411 4172 2466 4220 et
2498 4165 2769 4221 incudem.
2804 4145 2883 4223 'I‘u
2921 4177 3103 4224 autem
3130 4145 3229 4224 hoc
3260 4164 3415 4220 refers
3439 4159 3497 4213 ad
3518 4145 3711 4209 diabolum

2251 4259 2307 4306 et
2335 4251 2642 4331 draconem,
2670 4254 2763 4324 qui
2789 4255 3089 4311 istiusmodi
3113 4269 3315 4326 semper
3335 4252 3386 4305 in
3402 4235 3639 4332 ὃοῆρωῖίξ

2252 4343 2514 4398 varietate
2536 4326 2822 4399 causarum
2849 4347 3156 4402 nominibus
3183 4324 3523 4414 insigniuntur,
3541 4336 3585 4383 el
3603 4324 3711 4417 άίξῑίξο

2253 4435 2379 4504 quia
2420 4445 2639 4491 sanctus
2668 4437 2759 4507 qui
2800 4439 2953 4508 Quasi
2995 4455 3185 4495 murus
3224 4410 3564 4492 adamantinos,
3597 4410 3708 4508 Veli."

2255 4541 2415 4580 manu
2452 4526 2662 4582 Domini
2686 4497 2913 4585 adamas
2938 4539 3044 4596 est,
3068 4546 3173 4587 non
3200 4532 3342 4584 curet
3369 4531 3516 4587 ηαιυε
3622 4497 3708 4599 mf?

2251 4612 2355 4678 leo,
2385 4630 2558 4685 neque
2586 4617 2653 4672 de
2687 4617 2912 4685 incude;
2941 4595 3036 4675 sed
3070 4627 3265 4691 quanto
3285 4614 3394 4685 plus
3420 4617 3561 4664 casus
3583 4595 3706 4691 ῖυεξτίίξ

2253 4710 2402 4759 tanto
2457 4681 2576 4774 plus
2631 4681 2906 4762 virtume
2934 4709 3051 4780 ejus
3085 4681 3443 4779 spendescere.
3492 4693 3593 4746 Post
3631 4681 3706 4734 ωδε

2251 4809 2455 4864 quaero,
2484 4797 2578 4865 qui
2605 4798 2679 4852 sit
2702 4798 2804 4855 iste
2832 4800 2922 4870 qui
2955 4802 3215 4858 universa:
3239 4807 3380 4852 term
3404 4783 3706 4870 mue?wa

2254 4881 2474 4954 fregerit
2500 4864 2556 4940 et
2580 4864 2930 4943 contriverit?
2958 4897 3013 4944 et
3032 4890 3200 4946 dicam
3222 4901 3319 4941 non
3336 4875 3538 4952 potuisse
3552 4864 3703 4931 "Oisc"

2251 4972 2587 5044 confringere
2603 4984 2764 5046 atque
2788 4985 3069 5034 conterere
3089 4977 3325 5035 malleum
3343 4968 3564 5025 universa:

2250 5076 2427 5132 neque
2464 5039 2591 5120 ante
2630 5039 2753 5122 eum
2791 5068 3087 5134 Abraham,
3127 5079 3287 5136 neque
3322 5062 3428 5132 post
3454 5039 3699 5136 ευιιιιθξιιξξ

2251 5153 2419 5220 Nave,
2466 5171 2641 5226 neque
2682 5157 2845 5213 alium
2896 5174 3208 5231 quamquam
3248 5149 3590 5236 ντονιιθιπηηῖ·

2251 5260 2382 5318 ergo
2430 5223 2605 5319 potuit
2653 5250 2816 5306 talem
2881 5223 3192 5325 tantumque
3244 5223 3467 5325 malleum

2254 5308 2412 5393 terra:
2430 5308 2776 5412 confringere
2802 5350 2858 5397 et
2885 5308 3196 5399 conterere?
3219 5336 3338 5404 Quis
3363 5336 3436 5384 ⁸⁵³
3457 5308 3698 5413 mihi?

2250 5428 2497 5486 Christus
2530 5400 2794 5505 confregit
2820 5443 2980 5505 atque
3002 5400 3479 5492 contrivit‘mnucum
3505 5400 3695 5505 "wgf

2250 5530 2426 5576 terrae.
2459 5522 2527 5577 Et
2560 5524 2665 5578 hoc
2700 5491 2843 5582 nunc
2868 5491 3137 5581 admirans
3163 5523 3214 5578 in
3239 5511 3416 5585 δΡίτίω

2249 5612 2460 5682 phetes,
2486 5613 2598 5668 ait:
2635 5634 2655 5667 ‹
2684 5616 2960 5684 Quomodo
2984 5615 3275 5673 confractus
3300 5608 3398 5709 es},

2254 5704 2473 5760 malleus
2497 5706 2758 5763 universa:
2788 5708 2979 5763 terrae?
3007 5728 3024 5761 ι
3060 5705 3228 5761 Primo
3252 5687 3512 5752 confractus
3531 5672 3607 5723 csl.
