3970 6190
532 345 662 402 “Si

1169 346 1227 399 Β.
1267 345 1518 400 RABANI
1556 343 1772 400 MAURI
1809 343 2124 398 ARCHIEP.
2165 340 2471 398 MOGUNT.
2511 340 2794 396 OPERUM
2833 340 3008 396 PARS
3049 339 3138 394 111.

3591 341 3689 397 lli!

531 471 659 528 ergo
687 458 739 510 iu
762 455 1061 517 Satvatore,
1079 467 1186 507 uno
1209 453 1771 523 subjaceute,plurimi
1799 454 2104 508 intellectus
2131 455 2177 511 A
2205 459 2333 506 tunc
2361 451 2414 505 in
2457 451 2876 505 devastationem
2903 451 3214 520 Babyloniae
3245 462 3488 507 venerunt
3512 457 3695 524 undique

533 555 659 603 sunt
685 548 1017 601 diversorum
1057 543 1174 612 ejus
1201 545 1507 608 nominum;
1545 544 1626 598 sic
1655 556 1709 598 et
1747 552 1960 600 terrena
2008 560 2102 600 ne—

531 642 672 709 gotia
697 640 850 709 juxta
887 635 1169 704 subjacens
1201 637 1413 706 quidem
1449 652 1612 690 unum
1654 645 1796 699 sunt,
1829 635 1982 704 juxta
2019 636 2104 688 in-

535 731 801 787 tellectum
847 739 1025 784 autem
1062 730 1312 798 plurima.
1338 731 1672 798 Frequenter
1696 730 2103 800 allegorizantes

535 823 853 894 Babylonem
873 823 1103 876 diximus
1122 822 1335 889 negotia
1361 836 1481 876 esse
1501 831 1736 886 terrena,
1753 837 1872 890 quae
1891 837 2103 892 semper

532 914 753 969 confusa
799 923 923 970 sunt
960 913 1128 967 vitiis.
1173 911 1462 982 Egyptum
1508 912 1755 966 similiter
1791 911 2096 982 aflligentia.

533 1006 903 1062 Chaldaeorum
933 1020 1063 1058 vero
1093 991 1313 1068 terram,
1338 1005 1406 1059 ob
1432 1004 1482 1057 id
1512 1004 1634 1072 quia
1662 1004 1876 1074 plurimi
1902 1019 1962 1058 ea
1981 1019 2102 1075 quae

535 1108 794 1171 geruntur
820 1099 870 1152 in
903 1098 1062 1152 terris
1081 1139 1095 1162 ,
1125 1095 1292 1152 stellis
1320 1103 1661 1160 consecrent,
1689 1104 1744 1150 et
1770 1096 1884 1150 sive
1911 1109 2102 1166 pecca-

530 1200 708 1244 torum
735 1196 1039 1243 nostrorum
1057 1228 1072 1251 ,
1101 1187 1214 1240 sive
1235 1187 1496 1240 virtutum
1532 1201 1740 1254 eorum,
1759 1202 1983 1256 quaeque
2013 1202 2098 1243 ac;

531 1281 718 1335 cidunt
762 1279 914 1333 nobis
964 1293 1026 1332 ex
1073 1292 1260 1330 earum
1287 1277 1507 1331 nutibus
1543 1287 1788 1332 asserant
1823 1277 1963 1342 fieri,
2005 1293 2100 1334 eos

531 1383 650 1423 esse
687 1368 948 1428 diximus,
981 1366 1069 1434 qui
1099 1366 1293 1420 talibus
1327 1381 1385 1420 se
1416 1367 1852 1434 persuasionibus
1881 1368 2100 1422 dedica-

530 1467 738 1512 verunt.
776 1471 801 1498 ιι
832 1457 1019 1512 Omnis
1041 1457 1202 1525 igitur
1225 1457 1314 1526 qui
1348 1455 1433 1510 his
1467 1457 1658 1520 credit,
1689 1457 1742 1510 in
1775 1465 1918 1510 terra
1944 1457 2098 1512 Chal-

531 1550 766 1604 daeorum
797 1558 897 1604 est.
933 1547 987 1602 Si
1021 1549 1140 1616 quis
1167 1556 1402 1602 vestrum
1431 1547 1928 1601 mathematicorum
1967 1547 2098 1602 deli-

528 1647 766 1694 ramenta
798 1647 1054 1700 sectatur,
1092 1640 1144 1691 in
1172 1645 1312 1692 terra
1339 1637 1710 1694 Chaldzeorum
1745 1647 1848 1694 est.
1889 1638 1946 1694 Si
1975 1641 2098 1709 quis

528 1728 824 1782 nativitatis
839 1729 977 1782 diem
1009 1734 1279 1796 supputat,
1311 1727 1543 1782 etvariis
1573 1728 1822 1782 horarum
1855 1743 2097 1784 momen-

528 1827 811 1888 torumque
853 1819 1349 1872 ratiocinationibus
1380 1818 1606 1872 credens
1639 1819 1742 1872 hoc
1775 1819 1965 1888 dogma
2002 1833 2092 1872 su—
2125 1809 2169 1868 Β

526 1909 685 1977 scipit
737 1909 860 1979 quia
888 1908 1056 1963 stella:
1093 1909 1272 1962 taliter
1313 1916 1368 1962 et
1407 1909 1585 1964 taliter
1615 1907 1854 1977 figuratae
1885 1907 2094 1964 faciunt

525 1999 770 2054 homines
819 1999 1154 2063 luxuriosos,
1203 1999 1506 2060 adulteros.
1563 2009 1772 2064 castos,
1834 2009 1926 2054 aut
1946 2007 2094 2054 certe

513 2073 880 2159 'quodcunque
918 2103 1122 2153 eorum,
1169 2090 1268 2143 iste
1308 2091 1358 2144 in
1401 2097 1541 2144 terra
1579 2089 1948 2145 Chaldaeorum
1986 2098 2088 2147 est.

523 2177 639 2234 Jam
667 2180 882 2250 quidam
909 2181 1177 2235 aestimant
1203 2181 1537 2236 Christianos
1572 2198 1634 2238 ex
1665 2195 1933 2237 astrorum
1964 2199 2090 2238 cur-

523 2269 672 2325 sibus
711 2270 846 2326 fieri.
893 2271 1161 2340 Quotquot
1204 2281 1379 2327 autem
1431 2276 1530 2327 ista
1579 2275 1784 2343 sapitis,
1833 2285 2096 2344 quotquot

524 2361 682 2416 dictis
711 2361 830 2416 istis
857 2363 1096 2426 creditis,
1122 2364 1173 2416 in
1204 2371 1344 2418 terra
1362 2363 1736 2418 Chaldzeorum
1763 2366 1914 2421 estis.
1938 2365 2096 2420 Com-

525 2451 736 2505 miuans
774 2467 902 2522 ergo
950 2453 1088 2506 Deus
1134 2453 1218 2508 his
1279 2455 1369 2522 qui
1425 2455 1477 2508 in
1525 2463 1665 2509 terra
1721 2455 2092 2510 Chaldaeorum

523 2548 667 2603 sunt,
715 2541 798 2594 bis
838 2541 1151 2610 spiritaliter
1188 2545 1566 2610 comminatur,
1610 2547 1699 2616 qui
1737 2562 1794 2602 se
1833 2548 1976 2618 ipsos
2005 2565 2096 2620 ge-

523 2630 783 2700 nealogiis
811 2641 865 2685 et
905 2631 1014 2686 fato
1044 2645 1522 2701 consecraverunt,
1560 2649 1863 2694 asserentes
1901 2650 2095 2694 cuncta

522 2718 804 2786 quaeinter
841 2719 1095 2776 mortales
1121 2721 1272 2786 fiunt,
1317 2732 1409 2778 aut
1443 2740 1508 2779 ex
1535 2735 1803 2781 astrorum
1839 2729 2093 2794 motibus,

522 2819 616 2863 aut
637 2826 701 2863 ex
732 2809 824 2863 fati
871 2813 1194 2866 necessitate
1227 2813 1481 2883 pendere.
1509 2813 1617 2872 Sed
1654 2815 1796 2870 Dens
1823 2817 2096 2874 Abraham

523 2915 840 2968 promovens
869 2903 935 2956 ad
974 2903 1196 2958 meliora
1225 2905 1362 2960 dixit
1386 2905 1434 2960 ei
1464 2923 1478 2960 :
1519 2925 1539 2958 ι
1573 2906 1685 2978 Ego
1716 2909 1806 2979 qui
1837 2917 1887 2963 te
1923 2911 2092 2965 educo

522 2991 588 3043 de
613 2999 754 3044 terra
797 2991 1168 3048 Chaldaeorum
1199 2993 1352 3059 (Gen.
1390 2995 1518 3070 xv);
1555 3016 1575 3049 ι
1609 3007 1799 3064 potens
1827 3008 1910 3054 est
1947 3001 2090 3055 enim

525 3082 660 3134 Deus
689 3084 776 3150 qui
807 3085 967 3138 etiam
993 3087 1146 3140 nobis
1168 3087 1388 3151 tribuat,
1420 3097 1478 3143 ut
1502 3089 1844 3158 egrediamur
1864 3091 1928 3145 de
1950 3101 2090 3145 terra

2203 541 2292 609 qui
2322 540 2700 594 conculcarent
2725 554 2842 594 eam
2860 579 2875 603 ,
2917 547 2970 593 et
2997 539 3207 608 lapides
3233 537 3342 606 ejus
3369 541 3636 610 redegerunt
3656 543 3695 599 in

2205 643 2430 683 acervos
2460 637 2514 682 et
2545 628 2930 682 interfecerunt
2955 643 3103 694 eam,
3122 628 3196 681 ita
3225 638 3284 682 ut
3311 643 3408 682 non
3439 629 3698 700 fieretquid-

2204 735 2363 789 quam
2409 719 2697 788 reliquum,
2744 727 2800 774 et
2845 720 3246 788 dissipaverunt
3283 720 3534 774 universos
3571 721 3699 778 fomes

2201 809 2336 879 ejus,
2384 809 2776 864 descendentes
2808 809 2862 864 in
2892 810 3228 864 occisionem
3262 828 3275 864 :
3307 811 3373 864 ita
3411 821 3457 865 et
3499 813 3700 880 spiritalis

2199 899 2502 971 Babyloniae
2531 915 2675 954 nunc
2707 908 2832 954 sunt
2871 901 3086 970 plurimi
3123 902 3478 956 devastatores
3505 913 3553 956 et
3577 903 3698 958 dissi-

2200 995 2444 1058 patores,
2493 998 2550 1042 et
2578 988 2798 1042 fortium
2827 987 2944 1058 eius
2982 989 3391 1054 interfectores.
3425 1008 3531 1047 cum
3555 990 3706 1062 przedii

2199 1087 2410 1133 catores
2438 1078 2610 1133 sancti
2643 1078 2697 1132 in
2721 1079 2806 1133 his
2828 1095 2946 1148 qua:
2965 1079 3034 1134 de
3071 1081 3322 1148 gentibus
3361 1082 3562 1136 credunt
3581 1082 3700 1136 Chri-

2199 1178 2305 1234 sto,
2337 1169 2619 1224 destruunt
2651 1185 2872 1240 regnum
2902 1169 3124 1231 diaboli.
3167 1179 3222 1225 et
3260 1171 3558 1226 interficiunt
3581 1173 3700 1226 vitio-

2199 1275 2318 1312 rum
2333 1267 2598 1321 catervas,
2619 1275 2686 1313 ne
2699 1261 2769 1313 sit
2785 1261 3080 1329 quidquam
3097 1261 3360 1330 reliquum
3379 1281 3392 1315 :
3417 1263 3524 1330 quia
3547 1263 3700 1316 nullum

2199 1348 2447 1403 doctores
2473 1348 2646 1405 sancti
2683 1347 2900 1402 laudant
2919 1350 3135 1414 vitium,
3161 1365 3258 1405 nec
3292 1350 3522 1405 desinunt
3540 1350 3702 1420 aliquod

2195 1437 2444 1506 persequi
2462 1446 2736 1507 peccatum
2757 1453 2772 1492 :
2793 1439 2886 1493 sed
2903 1439 3202 1494 secundum
3218 1439 3458 1494 virtutem
3471 1440 3556 1494 sibi
3567 1441 3702 1493 datam

2197 1542 2226 1580 a
2262 1527 2370 1582 Deo
2396 1526 2648 1591 evellere,
2669 1536 2725 1582 et
2753 1529 3068 1584 subvertere
3098 1530 3316 1583 student
3335 1530 3600 1585 universam
3617 1529 3700 1584 fac-

2197 1615 2395 1669 tionem
2422 1617 2592 1670 hostis
2613 1617 2837 1685 antiqui.
2865 1616 2942 1672 Ne
2955 1619 3235 1687 pusillum,
3255 1619 3626 1688 inquit,quidem
3649 1636 3703 1672 re-

2195 1703 2451 1773 linquatis
2467 1707 2518 1760 in
2541 1722 2624 1770 ea,
2641 1715 2698 1761 et
2710 1707 2981 1764 exsiccata
2995 1724 3192 1764 omnes
3206 1709 3404 1764 fructus
3419 1709 3537 1778 ejus.
3555 1707 3698 1779 (θήῃ.)

2199 1794 2331 1860 Quis
2347 1795 2420 1848 ita
2441 1795 2630 1850 beatus
2661 1806 2767 1861 est,
2797 1806 2858 1852 ut
2873 1799 3044 1866 possit
3067 1799 3343 1854 exsiccare
3363 1813 3532 1854 omnes
3549 1799 3702 1852 fructus

2201 1893 2358 1940 terra:
2369 1885 2741 1942 Chaldaeorum
2758 1897 2811 1942 et
2833 1888 3166 1944 descendant
3199 1890 3252 1944 in
3279 1889 3592 1944 occisionem.

2268 1995 2288 2028 ι
2333 1978 2424 2032 Va:
2460 1977 2562 2043 eis,
2595 1978 2720 2046 quia
2760 1977 2911 2032 venit
2943 1979 3062 2035 dies
3102 1994 3310 2046 eorum,
3352 1987 3404 2034 et
3443 1988 3518 2034 est
3546 1987 3700 2048 tempus

2199 2089 2218 2123 ι
2255 2071 2502 2126 vindictae
2531 2085 2738 2126 eorum.
2775 2089 2794 2124 ι
2833 2070 2964 2126 Post
2990 2073 3109 2128 hac
3133 2087 3344 2128 rursum
3373 2071 3568 2125 alterius
3595 2071 3702 2138 capi-

2195 2163 2289 2218 tuli
2304 2162 2654 2218 continentia.

2269 2269 2288 2302 ¢
2334 2251 2449 2306 Vox
2483 2249 2802 2320 fugientium
2821 2259 2877 2306 et
2894 2265 3087 2307 eorum
3118 2252 3210 2322 qui
3231 2259 3502 2308 evaserunt
3525 2251 3579 2307 de
3597 2259 3700 2304 tem

2198 2359 2218 2392 ι
2263 2341 2571 2412 Babylonis,
2607 2352 2666 2396 ut
2692 2343 3018 2398 anuuntient
3045 2344 3102 2399 in
3128 2345 3258 2400 Sion
3282 2345 3520 2400 ultionem
3539 2342 3696 2398 Domini

2199 2448 2218 2480 ι
2263 2431 2356 2484 Dei
2395 2431 2582 2492 nostri,
2635 2431 2891 2487 ultionem
2941 2435 3132 2504 templi
3178 2435 3317 2504 ejus.
3357 2433 3638 2488 Anuuutiate
3661 2432 3697 2482 in

2201 2540 2220 2573 ι
2261 2521 2588 2593 Babylonem
2617 2523 2882 2592 plurimis,
2900 2524 3156 2581 omnibus
3183 2526 3274 2598 qui
3299 2524 3506 2594 tendunt
3528 2536 3694 2578 arcum:

2199 2631 2219 2664 ι
2262 2611 2552 2668 Cousistite
2588 2613 2874 2669 adversum
2911 2629 3032 2668 eam
3081 2632 3182 2684 per
3233 2631 3437 2686 gyrum,
3483 2622 3532 2668 et
3572 2611 3698 2665 nullus

2201 2721 2221 2756 ι
2265 2706 2479 2759 evadat.
2532 2705 2760 2761 Reddite
2811 2707 2861 2760 ei
2900 2709 3203 2764 secundum
3233 2723 3364 2779 opus
3403 2721 3558 2766 suum,
3585 2701 3695 2770 juxta

2201 2814 2220 2846 α
2264 2795 2446 2851 omnia
2471 2811 2591 2866 qua:
2617 2795 2742 2852 fecit
2769 2795 2929 2853 facite
2951 2797 3026 2852 illi
3062 2815 3078 2852 :
3116 2800 3243 2869 quia
3279 2805 3456 2854 contra
3479 2794 3694 2850 Dominum

2203 2905 2221 2938 ι
2267 2897 2448 2943 erecta
2497 2898 2601 2955 est,
2652 2890 2939 2945 adversum
2987 2901 3238 2948 sanctum
3276 2891 3450 2947 Israel.
3493 2909 3510 2942 ι
3551 2887 3611 2942 De
3637 2885 3696 2940 his

2198 2993 2342 3032 nunc
2371 2979 2694 3048 prophetat,
2727 2979 2818 3049 qui
2848 2995 3032 3036 mores
3065 2984 3274 3052 patrios
3299 2981 3629 3050 relinquentes,
3657 2982 3696 3028 et

2197 3077 2405 3139 gentes,
2433 3077 2488 3123 et
2509 3069 2655 3139 leges
2683 3070 2944 3140 gentium,
2966 3079 3023 3126 et
3049 3073 3462 3128 incredulitatem
3491 3077 3694 3127 veterum.

523 3170 916 3227 Chaldaeorum.
957 3173 1020 3226 Et
1059 3175 1259 3228 nullum
1297 3177 1460 3230 alium
1490 3153 1695 3246 absque
1729 3191 1794 3232 eo
1829 3193 1950 3233 esse
1975 3195 2090 3234 cre—
2119 3153 2162 3214 C
2193 3160 2414 3214 veniunt
2453 3161 2521 3214 ad
2575 3177 2880 3216 sermonem
2927 3163 3044 3219 θοί-
3074 3165 3203 3220 Tale
3230 3166 3371 3222 enim
3394 3162 3610 3234 quiddam
3642 3157 3694 3211 δ’

520 3263 726 3321 damus.
755 3265 846 3332 qui
875 3265 1186 3333 dispensans
1212 3267 1476 3327 universa,
1509 3275 1774 3336 etregeus
1793 3269 1959 3322 vitam
1990 3286 2086 3324 no-

527 3361 694 3408 stram
723 3368 822 3422 pro
864 3353 1210 3422 qualitatibus
1237 3356 1550 3409 meritorum
1587 3357 1972 3422 accedentium,
2011 3359 2093 3413 di-

530 3427 682 3496 versa
715 3443 1039 3496 moderetur.
1069 3441 1251 3512 Neque
1275 3444 1418 3498 enim
1443 3445 1647 3498 micans
1677 3445 1888 3514 aliquod
1919 3447 2088 3512 sidus,

524 3531 608 3586 vel
640 3531 966 3596 Pbaetontis,
1022 3541 1081 3586 ut
1127 3534 1311 3596 aiunt,
1353 3544 1445 3588 aut
1479 3536 1714 3605 corrupti
1769 3535 2091 3608 Ganymedis

521 3621 695 3685 stella,
749 3631 1055 3676 nostrorum
1105 3638 1298 3678 causas
1326 3624 1568 3678 continet
1618 3625 1974 3689 negotiorum.
2021 3626 2090 3680 Et

519 3711 673 3784 juxta
708 3727 872 3765 unum
911 3713 1126 3781 quidem
1153 3723 1523 3784 argumentum
1555 3715 1609 3768 in
1643 3723 1788 3769 terra
1818 3713 2093 3770 Chaldaeo—

530 3817 648 3856 rum
675 3809 775 3866 est,
817 3800 910 3870 qui
951 3803 1272 3871 supradictis
1310 3803 1612 3858 rationibus
1647 3803 1894 3857 credidit.
1931 3803 2092 3858 Juxta

527 3891 669 3946 aliud
716 3905 844 3946 vero
873 3892 1116 3946 ascendit
1156 3893 1277 3962 quis
1321 3908 1484 3963 super
1524 3900 1663 3948 tecta
1708 3901 1764 3947 et
1803 3901 2094 3948 veneratur

519 3981 768 4036 militiam
801 3980 943 4036 cali.
979 3980 1126 4051 Opus
1154 3997 1285 4053 ergo
1322 3982 1547 4038 Domino
1572 3983 1828 4038 virtutum
1857 3983 1910 4038 in
1946 3991 2092 4038 terra

519 4071 910 4136 Chaldaeorum,
939 4072 1063 4142 quia
1080 4083 1339 4128 venerunt
1371 4082 1612 4142 tempora
1645 4072 1780 4140 ejus.
1821 4091 1842 4124 ι
1869 4072 2092 4142 Aperite

521 4163 810 4231 apothecas
826 4163 978 4233 ejus:
1011 4182 1029 4213 ι
1056 4163 1400 4218 manifestum
1431 4163 1520 4233 qui
1545 4163 1654 4218 sint
1677 4163 1732 4218 in
1763 4173 1906 4218 terra
1932 4163 2092 4220 Chal-

520 4254 773 4308 daiorum.
800 4254 1128 4309 Suntautem
1147 4257 1422 4326 apotheca:
1437 4255 1814 4312 Chaldaeorum
1833 4256 2092 4311 doctrina:

518 4343 879 4398 nativitatum.
914 4364 932 4396 ι
969 4343 1295 4400 Scrutamini
1331 4361 1452 4401 eam
1496 4345 1646 4415 quasi
1689 4345 1995 4416 speluncam
2035 4353 2094 4402 et

519 4435 810 4502 disperdite
833 4450 974 4490 eam.
997 4458 1014 4488 ι
1035 4437 1133 4504 Qui
1157 4438 1364 4508 respuit
1382 4439 1786 4508 supputationes
1805 4437 2082 4501 natalium,

521 4525 609 4592 qui
639 4525 881 4580 veritatis
901 4541 1149 4582 sermone
1171 4529 1340 4582 utitur
1359 4511 1642 4584 adversum
1657 4543 1769 4599 eas,
1799 4529 1888 4598 qui
1909 4538 2090 4584 osten-

527 4614 606 4668 dit
633 4615 762 4668 nihil
785 4631 970 4670 eorum
997 4631 1114 4686 quae
1140 4633 1171 4672 a
1201 4618 1597 4673 mathematicis
1625 4619 1878 4674 dicuntur
1903 4633 2088 4674 verum

520 4719 662 4769 esse,
685 4705 777 4773 qui
805 4706 959 4760 docet
983 4706 1344 4762 iuscrutabilia
1361 4709 1563 4778 judicia
1583 4709 1698 4774 Dei,
1720 4722 1822 4764 nec
1841 4724 1906 4763 ea
1933 4723 2092 4778 posse

521 4795 588 4849 ab
617 4794 926 4849 hominibus
953 4797 1354 4865 comprehendi,
1384 4799 1475 4867 qui
1511 4799 1710 4853 asserit
1750 4799 1876 4868 quia
1905 4799 2084 4852 sidera

521 4898 627 4938 non
658 4892 783 4938 sunt
803 4899 980 4938 0311533
1004 4900 1190 4939 eorum
1216 4901 1335 4954 qua:
1359 4885 1495 4940 fiunt
1528 4903 1688 4956 super
1718 4895 1938 4952 terram,
1973 4904 2089 4942 ma-

519 4974 599 5045 gis
631 4973 853 5046 [minus]
880 4985 1058 5030 autem
1087 4991 1274 5030 eorum
1302 4991 1422 5046 qua:
1457 4977 1612 5032 nobis
1644 4977 1964 5034 Christianis
1998 4993 2088 5035 ac-

521 5066 729 5130 cidunt,
761 5067 863 5122 iste
898 5067 1206 5136 exsequitur
1231 5073 1560 5136 praeceptum
1586 5065 1816 5123 Domini.

595 5173 614 5205 ί
661 5153 852 5211 Venite
880 5157 945 5210 ad
974 5172 1093 5212 eam
1131 5159 1198 5212 ab
1223 5157 1481 5212 extremis
1519 5157 1736 5222 finibus,
1781 5159 1985 5229 aperite
2031 5168 2091 5214 ut

527 5260 547 5293 ι
587 5254 803 5310 eXeant,
823 5247 914 5314 qui
945 5248 1263 5302 conculcent
1284 5262 1424 5301 eam.
1447 5246 1639 5302 Tollite
1659 5248 1725 5302 de
1753 5249 1836 5302 via
1867 5248 2085 5316 lapides,

527 5349 546 5382 ι
589 5342 642 5386 et
670 5334 890 5405 redigite
921 5336 972 5389 in
1009 5351 1258 5402 acervos,
1301 5345 1354 5391 et
1392 5336 1679 5391 interficite
1707 5351 1848 5401 eaut,
1887 5352 1984 5390 nec
2019 5337 2091 5391 sit

529 5437 550 5471 ι
593 5423 880 5492 quidquam
935 5426 1218 5494 reliquum.
1282 5424 1547 5496 Dissipate
1565 5425 1866 5482 .universos
1925 5423 2092 5479 ‘ortes

529 5525 552 5560 ι
588 5511 723 5581 ejus,
754 5513 1081 5568 descendant
1119 5515 1172 5568 in
1201 5515 1547 5571 occisionem.
1587 5515 1677 5569 Va:
1703 5515 1803 5578 eis,
1845 5515 1970 5584 quia
1998 5531 2091 5568 ve-

533 5610 551 5640 ι
595 5597 674 5652 nit
697 5598 810 5654 dies
833 5615 1038 5664 eorum,
1075 5609 1282 5671 tempus
1307 5603 1628 5658 visitationis
1653 5618 1862 5659 eorum.
1900 5621 1918 5654 ι
1943 5601 2094 5659 Sicut

599 5721 625 5750 ι
657 5709 1034 5767 Genetbliacos
1063 5721 1229 5766 taxat.

2192 3252 2478 3323 gnificatur
2521 3253 2572 3307 in
2614 3268 2680 3308 eo
2713 3255 2856 3324 quod
2882 3256 3016 3312 dicit
3049 3276 3064 3312 :
3109 3277 3130 3310 ‹
3181 3257 3296 3314 Vox
3325 3254 3599 3328 fugientium
3627 3247 3690 3318 qui

2193 3352 2484 3398 evaserunt
2517 3344 2586 3400 de
2623 3353 2766 3400 terra
2803 3345 3129 3417 Babylonis,
3179 3369 3198 3402 ›
3233 3349 3344 3404 sive
3378 3344 3690 3402 resalvatorﬂm

2193 3433 2258 3486 de
2303 3443 2444 3487 terra
2487 3433 2792 3504 Babylonis.
2845 3435 3065 3492 Utinam
3107 3448 3164 3497 et
3209 3447 3401 3501 vestra,
3440 3450 3471 3490 ο
3498 3429 3692 3488 catechu-

2195 3523 2357 3588 meui,
2385 3539 2489 3577 vox
2519 3523 2838 3594 fugientium
2861 3536 3007 3582 esset
3036 3529 3104 3584 de
3125 3528 3387 3599 Babylone
3411 3544 3424 3580 :
3447 3519 3690 3592 fugientium

2190 3611 2318 3666 vitia
2340 3653 2354 3674 ,
2389 3612 2702 3682 fugientium
2739 3625 2980 3684 peccata.
3013 3616 3132 3674 Vox
3174 3619 3314 3673 enim
3358 3612 3626 3685 fugientium
3653 3613 3690 3658 et

2193 3701 2579 3758 resalvatorum
2606 3721 2710 3760 non
2735 3704 2930 3762 sufficit
2955 3705 3148 3776 fugere
3185 3708 3250 3762 de
3277 3715 3412 3760 terra
3433 3695 3686 3770 BabyloniS-

2195 3794 2288 3848 sed
2317 3805 2372 3849 et
2403 3795 2656 3850 resalvari
2695 3812 2761 3851 ex
2795 3805 2942 3852 terra
2973 3797 3267 3870 Babylonis
3287 3837 3302 3860 ,
3338 3795 3397 3849 ad
3429 3786 3688 3847 auuuutian-

2191 3883 2318 3938 dum
2355 3885 2408 3938 in
2446 3883 2575 3940 Sion
2610 3886 2904 3942 vindictam
2932 3888 3162 3946 Domino
3192 3889 3296 3942 Deo
3325 3893 3520 3944 nostro,
3547 3884 3595 3930 ut
3623 3871 3684 3924 fu-

2191 3976 2400 4046 gientes
2433 3979 2498 4033 de
2545 3987 2690 4033 terra
2721 3977 3008 4046 Babylonis
3046 3978 3276 4033 veniatis
3315 3975 3377 4030 ad
3404 3972 3518 4027 Sion
3550 3975 3690 4033 specu'

2191 4063 2444 4127 latorum,
2486 4065 2782 4122 Ecclesium
2813 4066 2908 4122 Dei
2954 4067 3023 4121 ad
3059 4063 3468 4122 annuntiandum
3499 4059 3542 4112 in
3569 4053 3682 4112 Sion.

2190 4153 2244 4210 id
2277 4163 2362 4210 est
2387 4154 2704 4218 Ecclesiam,
2745 4157 3037 4212 vindictam
3077 4174 3110 4214 a
3146 4156 3364 4213 Domino
3399 4154 3497 4208 Deo
3530 4152 3686 4200 nostro.

2188 4244 2479 4300 vindictam
2509 4245 2690 4314 populi
2716 4246 2850 4316 ejus.
2887 4247 3212 4302 Denuntiate
3235 4246 3286 4300 in
3319 4240 3554 4312 Babylone
3577 4229 3680 4288 mul-

2191 4333 2280 4400 tis,
2321 4334 2468 4389 omni
2513 4335 2808 4390 iutendenti
2849 4351 3032 4391 arcum
3069 4351 3084 4390 :
3115 4335 3467 4406 significanter
3503 4323 3680 4396 positum

2189 4431 2273 4478 est
2298 4423 2495 4478 multis.
2521 4423 2670 4478 Multi
2696 4425 2841 4480 enim
2873 4433 2999 4481 sunt
3025 4427 3118 4495 qui
3148 4427 3201 4480 in
3237 4420 3486 4493 Babylone
3508 4417 3623 4474 sunt,
3644 4407 3680 4459 in

2121 4492 2167 4550 ί)
2191 4511 2522 4570 Hierusalem
2544 4527 2674 4569 vero
2698 4515 2872 4584 pauci.
2900 4492 3180 4570 Nonenim
3218 4492 3408 4568 idcirco
3443 4507 3508 4561 ait
3535 4521 3546 4556 :
3573 4519 3587 4550 t
3619 4495 3680 4551 Di-

2192 4604 2327 4661 lexit
2355 4622 2452 4662 vos
2480 4605 2741 4662 Dominus
2773 4607 2918 4663 Deus
2950 4617 3158 4670 vester,
3188 4606 3312 4677 quia
3343 4599 3480 4658 multi
3516 4588 3678 4677 eratis)

2190 4712 2287 4751 vos
2323 4697 2520 4766 quippe
2565 4697 2698 4752 estis
2726 4697 2882 4766 pauci
2921 4697 2990 4752 ab
3033 4674 3278 4752 omnibus
3313 4690 3600 4776 gentibus.»
3633 4674 3680 4776 Εξε

2187 4789 2325 4843 bene
2363 4789 2445 4842 his
2465 4788 2555 4857 qui
2583 4804 2650 4842 ex
2675 4798 2827 4858 parte
2853 4797 3009 4843 erant
3033 4789 3234 4843 dictum
3262 4793 3360 4848 est,
3391 4799 3410 4832 ‹
3429 4773 3678 4865 ρειιιοί-ρδείξ

2191 4880 2261 4934 ab
2280 4879 2528 4934 omnibus
2545 4881 2811 4951 gentibus.
2837 4899 2854 4930 ι
2874 4880 3114 4950 lntellige
3137 4892 3294 4948 porro
3317 4881 3369 4929 et
3385 4874 3500 4927 hoc:
3519 4885 3535 4917 ί
3553 4862 3679 4917 Pavet

2195 4971 2287 5041 qui
2311 4971 2609 5035 salvantur,
2633 4989 2651 5022 ι
2677 4970 2770 5026 sed
2794 4981 2850 5025 et
2869 4970 3026 5025 illud:
3059 4989 3078 5022 ι
3108 4965 3409 5026 Couteudite
3425 4961 3596 5014 intrare

2195 5035 2474 5132 insanam
2515 5069 2759 5131 pOrtam;
2800 5061 2854 5114 iu
2896 5061 3002 5115 lata
3046 5069 3223 5115 autem
3255 5064 3307 5112 et
3349 5045 3529 5123 patenti
3563 5035 3678 5140 ιιξιξιιί

2195 5153 2462 5208 incedunt.
2476 5173 2495 5205 ι
2577 5172 2596 5204 ι
2611 5154 2942 5208 ~Anuuntiate
2957 5155 3009 5207 in
3025 5153 3288 5224 Babylone
3298 5140 3679 5231 multiscium

2196 5242 2433 5297 tendenti
2465 5258 2684 5308 arcum;
2718 5257 2822 5296 non
2853 5242 2924 5297 sit
2957 5257 3023 5297 ex
3051 5257 3115 5296 ea
3145 5239 3232 5310 qui
3253 5235 3485 5292 salvetur.
3513 5223 3676 5310 DiSPef'

2195 5331 2326 5398 dite,
2351 5332 2632 5386 interficite
2653 5300 2833 5386 omnia
2861 5300 3206 5403 Babylonis.)
3232 5325 3399 5392 Nuper
3415 5300 3673 5404 diximusde

2197 5423 2431 5492 parvulis
2469 5422 2794 5492 Babyloniis,
2828 5423 2894 5478 de
2920 5423 3052 5476 viris
3085 5413 3403 5490 Babyloniis,
3433 5407 3489 5460 de
3513 5403 3670 5492 scim.“

2197 5481 2509 5583 Babylonio.
2527 5481 2641 5567 Non
2657 5513 2725 5567 sit
2739 5481 2794 5568 et
2807 5513 2899 5583 qui
2919 5481 3210 5567 resalvetur
3222 5509 3283 5562 de
3304 5499 3483 5559 semine
3501 5481 3670 5583 Babllf’f

2200 5581 2613 5660 nisrrctribuite
2643 5605 2690 5659 ei
2711 5581 2865 5672 juxta
2893 5618 3055 5674 opera
3085 5599 3228 5670 ejus;
3251 5588 3504 5651 secundum
3530 5581 3662 5630 muma
