3970 6190
269 267 408 324 “5'5

1121 259 1482 317 EXPOSl'l‘IO
1520 259 1749 318 SUPER
1789 260 2166 316 JEBEMIAM.
2199 292 2269 301 —
2305 260 2435 317 LIB.
2477 262 2617 318 XVI.

3406 265 3539 321 “fil

264 396 389 452 quae
409 377 537 435 fecit
565 376 726 432 facite
750 375 821 441 ei,
844 376 970 446 quia
996 374 1224 429 Domino
1253 374 1473 439 restitit,
1496 384 1552 428 et
1573 374 1860 429 adversum
1889 384 1935 440 Α
1965 374 2151 429 mundi
2191 383 2501 441 versantur,
2530 385 2592 431 et
2619 376 2901 447 sapientia:
2941 376 3188 433 sasculari
3229 379 3538 443 innitentes,

265 480 516 529 sanctum
550 469 716 523 Deum
742 467 924 522 Israel.
952 466 1196 533 Quandiu
1224 466 1393 521 babes
1422 466 1475 520 in
1500 474 1553 520 te
1576 466 1858 537 cogitatio-

266 578 367 619 nes
395 574 626 631 nequam
668 558 982 612 resistentes
1010 557 1198 625 pietati
1242 565 1296 611 et
1324 556 1449 611 ﬁdei
1478 572 1653 622 verae,
1697 556 1861 611 habes

266 657 325 710 in
380 663 434 710 te
473 653 832 724 Babylonios;
884 652 979 706 sed
1027 651 1114 706 fac
1167 652 1482 717 vindictam,
1522 659 1579 707 et
1617 651 1861 707 interﬁce

266 761 456 802 omnes
484 752 799 816 peceatores
834 751 1012 808 terrae,
1039 757 1157 811 quae
1188 743 1242 796 in
1277 750 1328 796 te
1352 751 1454 803 est,
1483 742 1534 796 id
1555 751 1641 796 est
1672 757 1861 796 omnes

267 840 627 911 Babylonios,
660 846 719 890 ut
746 837 923 907 possis
972 838 1261 891 mundatus
1294 833 1633 889 Hierusalem
1676 841 1858 886 trans-

266 930 421 1001 gredi
453 930 727 984 civitatem
759 927 852 981 Dei
889 927 942 981 in
973 927 1188 981 Christo
1217 926 1369 981 Jesu.

347 1038 367 1071 ι
415 1020 620 1075 Idcirco
644 1017 1087 1086 eadentjuvenes
1117 1018 1169 1071 in
1207 1019 1400 1088 plateis
1421 1016 1557 1086 ejus,
1592 1026 1646 1072 et
1670 1033 1860 1074 omnes

275 1128 297 1160 ι
344 1111 444 1165 viri
491 1109 782 1165 bellatores
835 1110 953 1179 ejus
1008 1109 1375 1163 conticescent
1408 1109 1462 1162 in
1503 1110 1591 1164 die
1627 1109 1738 1174 illa,
1784 1110 1862 1164 ait

275 1219 295 1251 ι
343 1200 623 1253 Dominus.
665 1217 683 1249 ι
716 1196 950 1253 Juvenes
980 1213 1080 1268 pro
1115 1197 1347 1253 fortibus
1377 1201 1572 1268 posuit,
1605 1209 1661 1252 et
1688 1199 1859 1254 bella-

272 1299 422 1345 tores
476 1306 576 1360 pro
618 1290 873 1344 robustis.
902 1287 1139 1344 Juvenes
1179 1304 1310 1358 ergo
1338 1289 1647 1359 Babylonis,
1681 1291 1771 1358 qui
1804 1291 1859 1343 in

270 1381 468 1451 plateis
501 1378 621 1449 ejus
645 1394 766 1447 qua:
800 1380 868 1434 ad
898 1387 1128 1434 mortem
1157 1380 1362 1434 ducunt
1382 1380 1724 1450 gradiuntur,
1757 1395 1860 1435 nec

270 1481 562 1543 augustam
593 1471 734 1523 viam
768 1470 1064 1539 arripiunt,
1101 1485 1220 1539 qua:
1250 1470 1397 1524 ducit
1428 1470 1495 1524 ad
1522 1470 1707 1535 vitam,
1733 1485 1861 1539 pro-

264 1563 550 1618 culdubio
578 1562 631 1615 in
660 1562 748 1616 die
774 1562 1095 1616 visitationis
1122 1561 1333 1615 Domini
1364 1560 1576 1615 cadent.
1602 1559 1863 1615 Similiter

269 1661 330 1706 et
364 1666 554 1705 omnes
584 1652 685 1705 viri
717 1651 1022 1716 bellatores,
1054 1651 1146 1718 qui
1188 1665 1311 1705 eum
1358 1665 1485 1721 rege
1523 1665 1621 1704 suo
1650 1650 1862 1705 diabolo

1963 467 2163 519 erroris
2201 464 2491 519 simulacra
2519 482 2619 536 pro
2644 468 2874 522 veritate
2895 469 3100 533 colunt,
3126 485 3247 522 cum
3275 470 3543 527 thesauris

1959 555 2330 610 doctrinarum
2361 565 2417 609 et
2441 572 2667 626 operum
2694 574 2915 613 suorum
2945 558 3133 613 futuro
3158 559 3361 627 judicio
3386 561 3533 614 dam-

1959 647 2143 701 navit:
2172 650 2749 717 arescetquedoctriua
2773 650 3150 704 htereticorum
3183 658 3344 720 atque
3374 652 3547 706 sicca-

1954 739 2127 804 bitur,
2156 740 2283 808 quia
2318 754 2588 810 synagoga
2611 755 2797 794 eorum
2831 750 2971 795 terra
3003 742 3330 812 sculptilium
3360 751 3461 807 est,
3491 750 3546 796 et

1959 829 2014 882 in
2048 829 2340 898 portentis,
2372 831 2474 884 hoc
2518 839 2604 883 est
2632 830 2904 899 ﬁgmentis
2944 830 3111 894 falsis,
3144 831 3421 901 gloriatur.
3469 834 3547 886 De

1958 936 2067 988 quo
2088 920 2262 989 gladio
2285 920 2398 989 ipse
2424 919 2678 974 Dominus
2718 921 2769 973 in
2797 921 3009 974 cantico
3041 921 3436 975 Deuteronomii
3461 923 3544 976 di-

1958 1010 2036 1063 cit
2067 1027 2080 1062 :
2116 1029 2134 1059 ε
2178 1008 2236 1063 Si
2272 1024 2470 1064 acuero
2501 1017 2560 1062 ut
2587 1008 2763 1078 fulgur
2809 1009 3042 1079 gladium
3072 1027 3246 1065 meum
3268 1051 3282 1075 ,
3316 1021 3372 1066 et
3411 1013 3549 1066 arri-

1961 1095 2142 1169 puerit
2162 1099 2422 1170 judicium
2449 1115 2638 1153 manus
2664 1115 2805 1164 mea,
2858 1101 3075 1154 reddam
3099 1102 3353 1156 ultionem
3385 1104 3549 1158 hosti-

1962 1190 2064 1243 bus
2091 1189 2227 1242 meis
2250 1197 2304 1243 et
2327 1189 2412 1242 his
2432 1188 2523 1255 qui
2545 1189 2776 1241 oderunt
2796 1204 2882 1242 me
2918 1189 3231 1243 retribuam.
3265 1191 3546 1246 lnebriabo

1963 1280 2190 1351 sagittas
2234 1294 2381 1333 meas
2412 1294 2693 1350 sanguine,
2736 1288 2791 1332 et
2824 1279 3035 1349 gladius
3079 1295 3229 1335 meus
3273 1283 3550 1336 dcvorabit

1963 1388 2176 1436 carnes,
2208 1373 2274 1426 de
2303 1387 2496 1427 cruore
2522 1372 2827 1426 occisorum
2849 1380 2904 1425 et
2929 1373 2994 1427 de
3027 1374 3338 1442 captivitate
3361 1375 3549 1429 nudati

1964 1466 2308 1521 inimicorum
2340 1466 2535 1535 capitis
2566 1465 2741 1537 (Deut.
2775 1467 2969 1537 χχχιι).
3005 1486 3022 1517 ι

2039 1574 2057 1606 ι
2102 1554 2397 1623 Propterea
2420 1555 2739 1609 habitabant
2762 1556 3023 1611 dracones
3050 1572 3173 1611 cum
3198 1555 3360 1611 fatuis
3381 1560 3551 1614 sicca-

1971 1664 1989 1697 ‹
2028 1646 2147 1711 riis,
2169 1654 2226 1699 et
2246 1646 2568 1701 habitabuut
2597 1647 2651 1700 in
2677 1661 2739 1701 ea
2769 1646 3180 1711 struthiones,et
3207 1664 3312 1702 non
3340 1649 3551 1704 inhabi-

269 1751 465 1796 contra
496 1741 789 1796 Ecclesium
824 1739 1022 1795 Christi
1054 1748 1432 1810 pugnaverunt
1462 1740 1852 1801 conticescent;
1886 1730 1935 1790 B
1971 1755 1990 1789 ‹
2035 1736 2389 1791 tabiturultra
2412 1751 2582 1806 usque
2597 1737 2664 1791 ad
2686 1738 3222 1807 sempiternum.Nee
3238 1749 3550 1795 exstruetur

274 1849 377 1887 nec
408 1841 530 1903 post
573 1833 712 1887 diem
750 1831 939 1901 judicii
987 1831 1091 1885 ulla
1123 1831 1204 1885 eis
1249 1831 1407 1885 datur
1452 1838 1694 1899 potestas
1727 1845 1864 1899 prte-

274 1923 443 1977 liaudi
473 1933 637 1991 atque
683 1922 913 1977 nocendi
961 1920 1222 1976 militibus
1264 1919 1490 1986 Christi,
1530 1921 1627 1975 sed
1655 1928 1861 1975 aeterno

274 2014 494 2068 silentio
519 2011 871 2067 sufl‘oeantur.

355 2124 373 2155 ι
417 2104 556 2159 Ecce
581 2119 680 2175 ego
707 2105 777 2157 ad
821 2111 894 2166 te,
943 2102 1196 2172 superbe,
1245 2101 1375 2156 dicit
1415 2101 1674 2157 Dominus
1720 2103 1864 2157 Deus

278 2216 300 2248 ι
348 2196 705 2261 exercituum,
755 2196 878 2265 quia
914 2194 1065 2248 venit
1093 2194 1207 2248 dies
1247 2201 1370 2247 tuus
1392 2232 1408 2258 ,
1443 2200 1656 2261 tempus
1683 2193 1866 2247 visita-

278 2289 444 2341 tionis
475 2296 607 2351 tuae;
642 2294 696 2341 et
716 2288 876 2341 cadet
902 2285 1165 2355 superbus
1203 2293 1259 2338 et
1282 2293 1520 2357 corruet,
1545 2293 1599 2338 et
1625 2300 1728 2338 non
1759 2284 1865 2338 erit

281 2398 300 2426 ι
345 2378 436 2447 qui
474 2377 699 2431 suscitet
723 2392 846 2431 eum
869 2392 885 2443 ;
912 2384 970 2429 et
995 2374 1318 2429 sucecndam
1344 2374 1522 2445 ignem
1550 2375 1604 2428 in
1641 2373 1865 2429 urbibus

281 2487 303 2520 ι
345 2467 1034 2538 ejus,etdevorabitomnia
1049 2466 1101 2519 in
1117 2466 1497 2535 eireuituejus.
1531 2485 1550 2517 ι
1572 2464 1863 2535 (Μλυιιυδ.)

278 2558 544 2629 Loquitur
587 2560 853 2628 propheta
886 2558 955 2612 ad
996 2572 1175 2627 regem
1213 2556 1504 2626 Babylonis
1543 2556 1786 2610 indicans
1813 2556 1865 2611 ei

274 2652 519 2708 futuram
549 2650 785 2714 cladem,
817 2642 872 2704 et
899 2649 1047 2721 genti
1080 2664 1191 2704 suae
1229 2648 1392 2703 simul
1428 2649 1710 2703 imminere
1737 2667 1749 2702 :
1778 2649 1864 2703 in-

276 2758 446 2813 super
487 2753 544 2797 et
592 2743 898 2797 incendium
937 2743 1347 2797 devastaturum
1385 2756 1506 2796 esse
1530 2741 1694 2796 urbes
1727 2742 1863 2812 ejus,

279 2846 337 2893 et
377 2836 571 2906 oppida
600 2850 719 2905 quae
762 2834 977 2888 fuerunt
1028 2833 1082 2887 in
1127 2834 1380 2888 circuitu.
1432 2832 1655 2905 Mystiee
1683 2842 1866 2887 autem

278 2927 606 2998 praenuntiat
632 2926 747 2996 regi
771 2924 1157 2995 superbissimo
1197 2924 1543 2990 antichristo,
1574 2925 1666 2993 qui
1697 2923 1867 2979 extol—

279 3017 414 3071 litur
441 3032 601 3087 super
613 3032 769 3071 omne
790 3017 934 3086 quod
955 3016 1155 3070 dicitur
1175 3017 1333 3080 Deus,
1358 3026 1453 3069 aut
1475 3019 1618 3085 quod
1639 3017 1860 3083 colitur;

278 3118 339 3164 et
366 3108 624 3163 membris
651 3106 797 3175 ejus,
830 3109 934 3162 hoc
958 3117 1040 3162 est
1072 3107 1325 3162 omnibus
1367 3108 1586 3177 iniquis,
1629 3107 1866 3167 futuram
1892 3079 1940 3143 Ο

280 3199 710 3265 damnationem,
739 3206 796 3253 et
816 3214 1005 3254 omnes
1033 3198 1364 3254 munitiones
1386 3198 1505 3269 ejus
1526 3215 1661 3269 quas
1684 3200 1873 3255 habuit

278 3292 338 3346 in
391 3291 653 3359 sapientia
694 3289 937 3345 smculari
992 3300 1356 3354 constructas,
1412 3299 1463 3346 et
1517 3290 1873 3346 conciliabula

278 3382 543 3453 maligna,
579 3383 634 3435 in
676 3382 873 3451 quibus
918 3382 1165 3436 homines
1205 3383 1456 3451 decipere
1490 3385 1759 3455 gaudebat
1784 3383 1872 3438 fu-

279 3482 409 3527 turo
439 3472 689 3527 incendio
717 3473 1113 3527 concremanda
1146 3491 1159 3526 :
1197 3474 1269 3527 ita
1293 3483 1354 3527 ut
1377 3474 1644 3528 universa:
1670 3474 1875 3529 machi-

278 3565 535 3620 nationes
584 3564 735 3634 ejus,
771 3572 827 3618 et
868 3576 1021 3617 arma
1064 3577 1187 3617 cum
1217 3562 1416 3631 quibus
1441 3564 1627 3618 orbem
1674 3571 1875 3618 sanctae

278 3655 380 3711 Dei
425 3655 680 3710 Ecclesiae
744 3646 1118 3723 impugnabat,
1163 3652 1219 3707 in
1276 3653 1501 3708 interitu
1550 3654 1875 3708 devorentur

277 3755 511 3809 aeterno,
535 3760 601 3801 eo
626 3745 768 3814 quod
796 3759 900 3798 non
928 3742 1206 3798 timuerint
1224 3743 1550 3799 calumniam
1572 3741 1793 3808 inferre,
1820 3749 1875 3797 et

277 3838 654 3906 captivitatem
677 3835 871 3904 populo
900 3835 1558 3905 Deipraeparareﬂndeet
1586 3835 1830 3904 sequitur
1856 3850 1871 3889 :

360 3945 379 3977 ε
424 3926 550 3981 Haec
575 3926 708 3980 dicit
728 3925 988 3979 Dominus
1016 3926 1354 3980 exercituum
1381 3943 1393 3978 :
1418 3925 1756 3980 Calumniam
1787 3941 1874 3980 su-

285 4039 306 4072 c
353 4019 560 4072 stinent
587 4016 683 4070 ﬁlii
711 4015 899 4080 Israel,
939 4024 994 4069 et
1039 4015 1134 4067 lilii
1171 4013 1311 4068 Juda
1339 4013 1532 4079 simul;
1564 4029 1754 4069 omnes
1779 4014 1871 4084 qui

287 4128 307 4160 ι
356 4113 617 4177 ceperunt
644 4119 738 4160 eos
766 4113 970 4168 tenent,
999 4103 1188 4159 nolunt
1210 4103 1486 4158 dimittere
1509 4118 1618 4159 eos.
1645 4103 1874 4159 Redem-

286 4217 308 4252 c
350 4206 474 4268 ptor
487 4210 674 4251 eorum
700 4194 873 4257 fortis,
890 4194 1149 4248 Dominus
1161 4193 1499 4248 exercituum
1516 4209 1708 4249 nomen
1722 4194 1867 4264 ejus:

287 4306 309 4340 ι
345 4284 1049 4355 judiciodefendeteausam
1073 4291 1358 4347 eorum,nt
1377 4292 1650 4337 exterreat
1671 4292 1869 4338 terram

289 4395 312 4431 ι
360 4384 417 4432 et
455 4382 793 4431 commoveat
837 4373 1169 4428 habitatores
1215 4371 1522 4443 Babylonis.
1554 4371 1773 4429 Gladius
1800 4375 1868 4429 ad

1969 1848 1989 1882 ‹
2029 1844 2198 1898 usque
2214 1829 2279 1883 ad
2301 1831 2702 1899 generationem
2727 1838 2782 1881 et
2799 1830 3231 1898 generationem:
3255 1831 3396 1885 sicut
3418 1832 3550 1886 sub-

1969 1937 1988 1970 ι
2031 1919 2193 1973 vertit
2208 1918 2348 1973 Deus
2361 1918 2649 1973 Sodomam
2665 1926 2719 1972 et
2733 1918 3086 1973 Gomorrham
3096 1960 3111 1984 ,
3126 1930 3180 1974 et
3196 1921 3397 1977 vicinas
3410 1921 3544 1990 ejus,

1968 2028 1987 2061 ι
2034 2010 2404 2064 aitDominus.
2420 2008 2534 2063 Non
2559 2008 2909 2063 habitabitibi
2937 2025 3040 2075 vir,
3062 2026 3163 2065 nec
3201 2012 3397 2066 incolet
3425 2028 3547 2067 eam

1969 2122 1988 2155 ι
2024 2103 2167 2157 ﬁlius
2192 2102 2444 2157 hominis.
2484 2122 2503 2154 ι
2546 2100 2817 2172 (Ηὶενοη.)
2851 2100 3021 2156 Medis
3065 2102 3325 2157 adversus
3360 2102 3549 2158 confu-

1963 2192 2131 2247 sionis
2157 2193 2323 2247 urbes
2342 2191 2638 2256 suscitatis,
2669 2190 2759 2259 qui
2789 2204 2891 2244 nec
2911 2205 3104 2243 aurum
3135 2190 3187 2244 in
3210 2189 3366 2245 bonis
3392 2206 3550 2261 repn-

1962 2291 2100 2348 tant,
2126 2298 2229 2338 nec
2266 2292 2574 2353 argentum,
2603 2282 2696 2351 qui
2737 2281 2950 2353 sagittis
2980 2281 3312 2336 interﬁciunt
3346 2298 3546 2353 parvu-

1961 2373 2065 2439 los,
2090 2383 2147 2428 et
2172 2374 2496 2430 laetantibus
2517 2373 2685 2427 uteris
2716 2390 2822 2427 non
2852 2373 3276 2437 miserebuntur,
3302 2383 3359 2428 et
3386 2387 3552 2444 super

1965 2464 2104 2519 ﬁlios
2144 2480 2250 2520 non
2294 2472 2480 2534 parcet
2520 2463 2709 2519 oculus
2731 2479 2942 2518 eorum.
2982 2463 3122 2519 Urbs
3158 2464 3430 2533 quondam
3468 2465 3553 2520 in-

1964 2556 2106 2626 clyta
2133 2570 2252 2625 qua:
2289 2565 2407 2608 erat
2439 2556 2493 2609 in
2528 2555 2776 2624 superbia
2818 2554 3214 2619 Chaldaeorum,
3252 2556 3344 2625 qui
3379 2556 3549 2611 inter-

1963 2654 2247 2716 pretautur
2272 2645 2426 2715 quasi
2458 2645 2748 2710 damionia,
2779 2644 2858 2699 sie
2887 2646 3219 2700 subvertitur
3237 2686 3253 2712 ,
3281 2646 3552 2714 quomodo

1966 2736 2224 2790 subversa
2250 2743 2335 2790 est
2363 2734 2596 2790 Sodoma
2624 2744 2680 2789 et
2714 2733 3034 2801 Gomorrha,
3075 2743 3133 2790 ut
3161 2737 3365 2791 nullum
3396 2738 3447 2791 in
3485 2753 3552 2793 ea

1965 2834 2184 2880 maneat
2211 2826 2452 2895 pristinae
2485 2826 2783 2882 mansionis
2802 2828 3121 2898 vestigium;
3146 2828 3241 2883 sed
3264 2837 3550 2899 postquam

1968 2916 2132 2972 fuerit
2174 2919 2371 2974 cadum
2400 2934 2596 2974 novum
2619 2961 2635 2985 ,
2664 2924 2718 2973 et
2757 2928 2904 2974 terra
2930 2936 3092 2987 nova,
3135 2932 3191 2977 et
3230 2926 3554 2993 prazterierit

1970 3013 2138 3085 figura
2167 3016 2325 3084 hujus
2352 3016 2534 3070 mundi
2569 3014 2619 3086 (Ι
2659 3013 2783 3069 Cor.
2808 3018 2907 3086 vn)
2927 3056 2941 3080 ,
2978 3032 3083 3071 non
3112 3016 3387 3071 habitetur
3421 3019 3552 3073 urbs

1971 3106 2302 3163 confusionis
2342 3108 2397 3160 in
2439 3114 2779 3176 perpetuum.
2828 3106 3125 3176 (MAURUS.)
3162 3106 3297 3172 Quia
3325 3123 3454 3176 ergo
3483 3107 3553 3162 de

1971 3197 2229 3252 monstris
2258 3197 2347 3251 his
2379 3212 2500 3266 quae
2526 3196 2614 3251 hic
2648 3205 3163 3261 commemorantur,
3205 3198 3256 3251 in
3286 3199 3553 3267 principio

1971 3291 2130 3359 hujus
2156 3292 2462 3362 Babyloniae
2494 3289 2825 3360 captivitatis
2850 3288 3005 3358 juxta
3036 3290 3323 3358 prophetas
3354 3290 3549 3345 lsaiam

1971 3392 2027 3439 et
2080 3382 2368 3439 Jeremiam
2426 3383 2779 3439 liistorialiter
2820 3381 2934 3451 jam
2992 3383 3256 3449 diximus;
3310 3383 3551 3437 dicamus

1972 3477 2132 3530 modo
2173 3477 2469 3530 secundum
2516 3474 2902 3545 trepologiam,
2931 3476 3075 3546 quod
3105 3475 3159 3528 in
3193 3474 3297 3528 ﬁne
3339 3475 3547 3538 mundi,

1970 3566 2055 3619 vel
2098 3567 2291 3620 mortis
2322 3566 2743 3635 uniuscujusque
2793 3565 2968 3619 omnis
3008 3565 3177 3634 gloria
3206 3572 3261 3619 et
3301 3565 3553 3635 superbia

1973 3655 2369 3721 Chaldteorum,
2406 3664 2461 3710 et
2501 3655 2747 3710 confusio
2771 3655 2953 3709 mundi
2997 3656 3214 3710 recedet
3238 3670 3268 3709 a
3300 3656 3472 3721 nobis,
3498 3664 3556 3711 et

1974 3745 2048 3799 ita
2087 3744 2269 3800 omnia
2303 3745 2704 3807 subvertentur,
2745 3744 2887 3798 sicut
2914 3744 3181 3798 subvertit
3216 3745 3356 3799 Deus
3384 3745 3555 3799 Sodo-

1974 3850 2116 3889 mam
2139 3843 2191 3889 et
2214 3835 2571 3890 Gomorrbam
2598 3853 2611 3888 :
2645 3850 2744 3889 nec
2777 3834 2917 3888 ultra
2943 3835 3125 3889 mundi
3159 3835 3312 3888 istius
3340 3834 3553 3889 futurus

1973 3926 2044 3982 sit
2071 3935 2263 3991 status,
2288 3927 2381 3980 sed
2410 3934 2628 3996 pereat;
2677 3940 2778 3979 nee
2805 3933 2973 3995 ponat
3007 3926 3077 3981 ibi
3105 3926 3280 3981 Arabs
3318 3929 3549 3980 tentoria

1972 4031 2089 4070 sua.
2116 4016 2192 4072 De
2225 4032 2331 4086 quo
2360 4017 2413 4070 in
2444 4016 2781 4087 sexagesimo
2803 4014 3011 4085 psalmo
3034 4015 3228 4084 legitur
3260 4033 3272 4067 :
3310 4015 3445 4069 «lter
3468 4015 3550 4068 la-

1972 4109 2141 4164 citeei
2168 4108 2260 4178 qui
2290 4109 2532 4164 ascendit
2561 4123 2721 4177 super
2740 4123 2992 4162 occasum
3026 4124 3038 4159 :
3068 4105 3326 4160 Dominus
3357 4123 3551 4162 nomen

1971 4208 2057 4254 est
2079 4196 2215 4267 ejus.
2260 4217 2277 4249 ι
2322 4197 2433 4253 Nec
2463 4207 2707 4267 pastores
2749 4196 2820 4251 ibi
2859 4195 3219 4263 requiescant,
3252 4195 3425 4265 angeli
3460 4197 3553 4264 qui

1973 4292 2212 4346 humano
2240 4298 2482 4359 pnnsuut
2523 4289 2728 4357 generi,
2771 4296 2824 4341 et
2851 4286 3090 4355 quotidie
3131 4285 3320 4339 vident
3357 4284 3552 4340 faciem

1975 4380 2189 4433 Patris:
2220 4380 2313 4433 sed
2341 4376 2683 4446 requiescant
2717 4378 2789 4430 ibi
2821 4376 3026 4441 bestim,
3083 4384 3138 4430 et
3182 4377 3467 4443 dracones,
3498 4387 3556 4434 et

288 4490 313 4526 σ
354 4470 655 4534 Chaldaeos,
682 4467 759 4521 ait
785 4467 1069 4531 Dominus,
1099 4475 1154 4521 et
1178 4466 1246 4519 ad
1276 4437 1612 4521 habitatores
1643 4466 1869 4537 Babylo-
1896 4437 1947 4495 D
1973 4470 2328 4535 struthiones,
2376 4437 2435 4523 et
2484 4468 2661 4539 pilosi,
2707 4476 2763 4522 et
2801 4467 2981 4531 ululae,
3014 4437 3083 4522 'et
3130 4468 3346 4535 sirenze,
3406 4437 3544 4540 quas

286 4577 311 4615 ι
352 4559 463 4624 nis,
491 4567 549 4614 et
577 4558 643 4613 ad
672 4556 965 4627 principes,
994 4563 1047 4609 et
1071 4554 1139 4608 ad
1168 4555 1443 4625 sapientes
1468 4555 1586 4624 ejus
1620 4573 1632 4609 :
1663 4557 1868 4627 gladius

284 4670 313 4708 ι
354 4653 425 4707 ad
449 4650 658 4705 divinos
686 4648 804 4717 ejus
831 4648 922 4717 qui
961 4645 1112 4701 stulti
1141 4656 1332 4711 erunt,
1363 4646 1570 4717 gladius
1602 4647 1671 4701 ad
1703 4647 1869 4703 fortes

287 4761 312 4798 ‹
358 4742 505 4797 illius
532 4741 623 4810 qui
657 4739 939 4803 timebunt,
991 4737 1199 4808 gladius
1236 4738 1305 4792 ad
1343 4752 1511 4806 equos
1551 4736 1688 4805 ejus,
1720 4747 1777 4794 et
1801 4739 1869 4794 ad

290 4855 310 4888 ι
358 4846 556 4888 currus
582 4830 699 4899 ejus
717 4869 733 4893 ,
763 4836 821 4882 et
842 4829 909 4882 ad
936 4842 1095 4882 omne
1118 4826 1309 4898 vulgus
1333 4828 1475 4896 quod
1505 4828 1665 4883 estin
1694 4829 1870 4885 medio

290 4948 309 4979 ι
357 4924 501 4994 ejus,
538 4931 593 4978 et
624 4931 783 4977 erunt
811 4921 962 4990 quasi
994 4921 1278 4986 mulieres;
1312 4921 1519 4992 gladius
1555 4920 1623 4975 ad
1652 4921 1869 4976 thesau-

290 5039 309 5071 ι
358 5033 450 5072 ros
475 5014 611 5084 ejus,
640 5015 731 5084 qui
753 5014 1105 5082 diripieutur;
1135 5014 1351 5069 siccitas
1371 5029 1532 5085 super
1554 5029 1724 5084 aquas
1753 5013 1870 5083 ejus

291 5128 312 5162 ι
361 5110 486 5173 erit,
525 5116 582 5163 et
609 5113 889 5168 arescent,
927 5105 1052 5174 quia
1084 5114 1227 5159 terra
1255 5104 1579 5174 sculptilium
1603 5114 1706 5171 est,
1732 5114 1788 5160 et
1816 5106 1869 5159 In

294 5220 313 5251 ‹
362 5198 629 5269 portentis
647 5197 923 5267 gloriatur.
958 5215 977 5248 ι
1004 5195 1224 5251 Gladius
1250 5195 1391 5249 enim
1415 5194 1625 5250 Domini
1648 5198 1870 5253 devorat

286 5302 483 5345 omnes
512 5296 826 5358 peceatores
852 5294 1039 5350 terrm,
1070 5293 1118 5341 et
1150 5301 1255 5340 non
1287 5285 1456 5340 solum
1486 5284 1786 5349 Chaldaeos,
1817 5294 1873 5341 et

291 5380 628 5436 habitatores
655 5376 982 5448 Babyloniae,
1018 5377 1120 5431 hoc
1145 5384 1246 5440 est,
1280 5376 1549 5445 principes
1570 5376 1688 5446 ejus
1708 5386 1762 5430 et
1787 5392 1875 5430 sa-

289 5469 505 5539 pientes
520 5466 657 5537 ejus,
688 5478 850 5536 atque
876 5467 1086 5522 divinos
1113 5482 1233 5523 cum
1253 5467 1399 5521 omni
1419 5466 1600 5537 vulgo,
1626 5465 1870 5521 imbelles

285 5558 448 5627 quasi
480 5558 757 5622 mulieres,
778 5572 877 5626 per
911 5555 1112 5623 Medos,
1152 5567 1314 5626 atque
1348 5556 1542 5611 Persas
1576 5554 1869 5610 historiali-

290 5666 379 5711 ter
413 5654 718 5722 destruxit;
769 5657 866 5713 sed
901 5657 1067 5711 etiam
1110 5671 1297 5712 omnes
1328 5655 1419 5725 qui
1451 5656 1504 5711 in
1552 5654 1869 5711 confusione

1971 4578 2162 4618 omnes
2198 4563 2399 4618 bestias
2434 4563 2658 4634 figuram
2701 4561 3049 4632 intelligimus
3089 4563 3425 4633 angelorum,
3468 4564 3554 4619 vel

1972 4653 2304 4719 dzcmonum;
2327 4662 2384 4709 et
2404 4653 2796 4722 eorumquibus
2815 4654 3078 4708 tradimur
3090 4654 3155 4708 ad
3181 4656 3506 4724 puniendum
3534 4695 3549 4719 ,

1970 4755 2027 4801 et
2066 4748 2118 4802 in
2149 4748 2395 4802 domibus
2425 4751 2691 4816 quondam
2727 4746 3056 4815 voluptatis,
3093 4747 3182 4802 ubi
3214 4758 3331 4801 erat
3367 4746 3549 4800 laetitia

1972 4846 2027 4890 et
2054 4838 2327 4907 gaudium,
2366 4839 2435 4892 sit
2468 4838 2713 4906 planctus
2744 4837 3042 4901 ulularum,
3077 4837 3158 4891 vel
3192 4836 3551 4890 lamentabilis

1972 4940 2077 4979 vox
2106 4929 2406 4982 sirenarum
2441 4942 2560 4996 qua:
2580 4926 2853 4980 auditores
2881 4942 3008 4980 suos
3034 4926 3181 4979 ducit
3205 4926 3271 4978 ad
3294 4933 3544 4978 mortem.

1975 5019 2209 5091 Tempus
2255 5023 2537 5076 imminere
2557 5019 2743 5088 judicii
2774 5030 2830 5073 ct
2879 5019 3021 5072 diem
3072 5016 3551 5073 consummationis

1975 5112 2280 5181 Babylonia:
2325 5128 2432 5168 non
2482 5112 2736 5180 elongare
2764 5149 2779 5171 ,
2836 5124 3173 5178 nequaquam
3213 5108 3499 5162 mirabitur
3529 5148 3544 5166 ,

1974 5201 2065 5269 qui
2093 5200 2333 5268 quotidie
2352 5216 2448 5268 per
2476 5208 2696 5252 sanctos
2725 5200 2891 5261 viros,
2924 5200 2976 5251 in
3008 5199 3092 5253 his
3114 5198 3204 5267 qui
3235 5198 3464 5252 credunt
3492 5199 3547 5251 in

1978 5291 2206 5344 Domino
2241 5290 2477 5343 subverti
2509 5290 2740 5344 viderint
2772 5289 3097 5361 Babylonem
3126 5329 3140 5354 ,
3185 5290 3542 5343 arternitatem

1978 5388 2347 5450 comparatam
2375 5380 2521 5433 omni
2557 5380 2874 5451 longitudini
2905 5395 3023 5435 esse
3060 5381 3311 5434 vicinam.
3351 5379 3427 5435 De
3452 5396 3545 5450 ge-

1977 5473 2195 5529 neribus
2228 5473 2521 5529 bestiarum
2572 5474 2681 5528 imo
2718 5482 3080 5529 monstrorum
3129 5476 3365 5531 breviter
3406 5475 3547 5530 dixi-

1975 5582 2097 5622 mus
2131 5585 2144 5620 :
2181 5567 2307 5636 quia
2346 5566 2400 5621 in
2447 5567 2719 5635 prioribus
2758 5565 2913 5633 juxta
2957 5566 3239 5621 historiam
3278 5582 3344 5621 ex
3394 5574 3552 5638 parte

1974 5658 2258 5727 perstricta
2299 5666 2446 5714 sunt.
2499 5656 2611 5713 Hoc
2655 5673 2868 5727 quoque
2910 5658 3358 5714 considerandum
3407 5659 3550 5729 quod
