3970 6190
566 243 706 298 H55

1197 243 1258 298 B.
1302 244 1557 300 RABANI
1596 246 1815 303 MAUBI
1853 246 2173 303 ARCHIEP.
2213 244 2526 302 MOGUNT.
2565 246 2851 304 OPERUII
2888 247 3065 305 PARS
3101 249 3184 305 Ill.

3604 261 3700 318 "56

564 368 844 432 postquam
871 360 1271 449 ecclesiasticus
1300 376 1502 427 sermo,
1535 372 1592 417 et
1621 364 1867 419 doctrina
1892 364 2142 418 Salvato-
2175 364 2219 423 A
2241 361 2448 433 judicio
2494 362 2694 419 factum
2738 379 2881 431 esse,
2917 364 3071 434 cujus
3113 366 3354 425 voluntati
3391 370 3539 429 nullus
3573 392 3703 449 regum

561 449 637 506 tis
682 448 871 502 urbem
912 447 1246 503 confusionis
1285 452 1563 516 everterit,
1597 452 1669 506 ita
1712 461 1774 507 ut
1816 452 2063 508 Sodomae
2086 462 2142 507 et
2246 467 2421 524 neque
2449 455 2725 509 hominum
2756 455 3003 511 resistere
3025 457 3238 524 poterit,
3268 475 3380 513 mox
3403 462 3619 518 subdidit:

562 536 876 593 Comorrhre
897 549 1259 607 comparetur,
1299 556 1405 595 non
1435 541 1713 597 habitetur
1743 558 1775 597 a
1818 544 2020 598 sanctis
2059 544 2141 598 vi-

559 630 657 692 ris,
683 642 781 682 nec
802 636 1046 697 pastores
1075 631 1416 699 requiescant
1448 632 1542 696 ibi,
1573 634 1663 702 qui
1699 632 1898 688 Christi
1922 649 2138 704 gregem

556 733 781 787 pascere
810 730 1227 785 consueverunt,
1257 723 1351 777 sed
1379 725 1655 779 contrario
1695 726 2037 794 requiescant
2064 726 2138 781 ibi

555 807 775 873 bestiae,
807 818 862 864 et
889 811 1171 875 dracones,
1222 820 1275 865 et
1310 813 1466 881 pilosi
1504 813 1701 868 saltent
1726 815 1818 869 ibi.
1866 816 2138 886 Quidquid

555 898 698 952 enim
738 900 976 954 haeretici
1017 901 1307 969 loquuntur
1351 902 1403 955 in
1446 904 1734 973 synagogis
1760 904 1998 971 Satanae,
2029 920 2135 960 non

555 994 640 1042 est
667 988 907 1042 doctrina
938 989 1176 1055 Domini,
1205 992 1298 1045 sed
1324 992 1559 1049 ululatus
1581 995 1883 1051 dmmonum
1913 1005 1968 1050 et
1998 996 2136 1067 pilo-

550 1091 757 1143 sorum,
776 1095 912 1148 quos
938 1080 1250 1136 imitabatur
1272 1082 1412 1138 Esau
1448 1103 1460 1137 :
1489 1093 1545 1139 et
1577 1087 1772 1141 sirena:
1796 1088 2137 1158 requiescent

552 1169 606 1223 in
637 1169 876 1225 delubris
894 1171 1185 1241 voluptatis
1208 1189 1329 1242 qua:
1350 1173 1493 1229 dulci
1515 1184 1571 1229 et
1595 1175 1873 1231 mortifero
1895 1179 2136 1232 carmine

550 1259 760 1313 animas
799 1262 1120 1329 pertrahunt
1160 1262 1212 1315 in
1255 1263 1601 1332 profundum,
1630 1275 1688 1320 ut
1710 1269 1966 1324 saeviente
1995 1286 2131 1325 nau-

550 1355 722 1420 lragio
745 1368 773 1405 a
797 1353 939 1423 lupis
968 1362 1024 1408 et
1050 1356 1277 1410 canibus
1306 1356 1651 1412 devorentur.

624 1486 641 1516 ι
688 1467 826 1521 Ecce
864 1466 1090 1537 populus
1117 1468 1262 1521 venit
1289 1468 1359 1523 ab
1380 1469 1631 1538 aquilone
1657 1477 1712 1526 et
1739 1487 1872 1542 gens
1910 1488 2126 1544 magna,

551 1575 569 1605 ι
615 1565 668 1610 et
684 1571 839 1626 reges
861 1557 1011 1610 multi
1033 1567 1366 1627 consurgunt
1388 1572 1418 1611 a
1435 1557 1633 1613 finibus
1656 1567 1834 1624 terrae,
1860 1575 2045 1615 arcum
2073 1570 2129 1618 et

552 1665 569 1696 ι
618 1655 827 1701 scutum
869 1647 1290 1716 apprehendent.
1332 1646 1593 1703 Crudeles
1615 1657 1773 1714 sunt,
1809 1659 1863 1704 et
1888 1651 2126 1707 immise-

2320 561 2340 594 ι
2371 543 2504 610 Quis
2553 545 2696 600 enim
2745 544 2939 601 similis
2971 546 3096 612 mei,
3134 558 3188 602 et
3211 548 3325 617 quis
3361 552 3595 608 sustinebit
3620 556 3709 611 me?

2248 650 2268 684 ί
2299 633 2363 687 Et
2403 634 2525 703 quis
2553 642 2637 689 est
2678 634 2781 690 iste
2819 644 3004 704 pastor
3043 638 3131 705 qui
3176 637 3378 693 resistat
3410 640 3550 694 vultui
3591 646 3708 699 meo!

2246 742 2265 775 α
2293 723 2587 795 Propterea
2617 725 2799 780 audite
2836 726 3117 780 consilium
3167 725 3386 793 Domini,
3428 730 3546 797 quod
3582 741 3710 789 mente

2244 834 2263 866 ι
2295 816 2541 886 concepit
2570 817 2856 872 adversum
2888 816 3229 888 Babylonem,
3252 829 3303 873 et
3326 818 3617 890 cogitationes
3629 821 3709 889 ejus

2244 923 2263 956 ι
2293 922 2430 976 quas
2484 907 2738 977 cogitavit
2786 922 2949 976 super
2998 918 3195 963 terram
3251 908 3604 966 Chaldaeorum:
3638 913 3710 969 nisi

2241 1015 2262 1048 ι
2288 996 2625 1052 detraxerint
2664 1012 2759 1052 eos
2800 997 3009 1066 parvuli
3057 1012 3294 1069 gregum,
3337 1000 3428 1053 nisi
3472 1000 3709 1070 dissipatum

2240 1108 2259 1139 ι
2288 1088 2450 1145 fuerit
2476 1105 2599 1144 cum
2623 1090 2753 1158 ipsis
2778 1089 3142 1145 habitaculum
3163 1106 3359 1146 eorum.
3400 1092 3440 1146 A
3467 1106 3572 1147 voce
3592 1092 3710 1163 capti-

2242 1200 2260 1234 ι
2290 1183 2476 1237 vitatis
2520 1181 2812 1253 Babylonis
2853 1191 3122 1238 commota
3176 1192 3258 1238 est
3306 1192 3533 1248 terra,et
3565 1184 3710 1238 clamor

2238 1295 2258 1328 σ
2290 1275 2429 1329 inter
2458 1282 2646 1345 gentes
2670 1275 2886 1330 auditus
2910 1285 3013 1329 est.
3038 1294 3057 1327 ι
3086 1274 3198 1330 Hoc
3211 1276 3363 1330 etiam
3380 1274 3525 1330 Isaias
3544 1274 3708 1330 manife-

2231 1365 2471 1420 stissime
2496 1364 2736 1419 declarat
2766 1364 2951 1418 dicens
2976 1381 2992 1419 :
3018 1382 3038 1415 ‹
3070 1364 3196 1419 Haec
3223 1365 3347 1419 dicit
3374 1364 3593 1419 Dominus
3611 1365 3709 1420 chri-

2230 1464 2316 1511 sto
2345 1470 2468 1510 meo
2490 1454 2651 1527 Cyro,
2676 1454 2831 1529 cujus
2864 1456 3192 1526 apprehendi
3216 1454 3488 1521 dexteram,
3514 1465 3564 1510 ut
3590 1456 3705 1523 subji-

2228 1547 2370 1602 ciam
2400 1554 2526 1601 ante
2549 1545 2741 1602 faciem
2767 1544 2883 1614 ejus
2909 1555 3119 1617 gentes,
3165 1555 3220 1602 et
3262 1547 3407 1601 dorsa
3451 1561 3602 1616 regum
3628 1560 3707 1600 ver-

2228 1645 2362 1702 tam,
2388 1645 2444 1693 et
2465 1637 2703 1708 aperiam
2725 1652 2909 1692 coram
2929 1652 2996 1693 eo
3010 1637 3226 1708 januas,
3253 1647 3307 1693 et
3331 1647 3481 1707 porta
3507 1654 3592 1693 non
3612 1637 3710 1692 clau-

549 1754 567 1786 ‹
612 1737 881 1803 ricordes;
912 1751 1015 1791 vox
1043 1751 1228 1791 eorum
1257 1738 1411 1807 quasi
1438 1753 1589 1792 mare
1624 1739 1859 1804 sonabit,
1883 1747 1937 1794 et
1965 1726 2113 1809 super

2225 1729 2439 1785 dentur.
2491 1729 2606 1799 Ego
2647 1738 2776 1783 ante
2808 1738 2862 1784 te
2898 1730 3009 1795 ibo,
3045 1738 3102 1785 et
3133 1730 3385 1801 gloriosos
3411 1739 3549 1786 terra:
3583 1730 3705 1785 humi.

544 1846 564 1877 ‹
610 1842 777 1897 equos
817 1829 1129 1893 ascendent,
1179 1831 1320 1884 sicut
1365 1830 1451 1883 vir
1496 1838 1717 1900 paratus
1767 1832 1834 1886 ad
1879 1832 2121 1901 praelium

545 1940 561 1970 ι
608 1928 798 1974 contra
831 1931 900 1982 te,
929 1919 1037 1973 tilia
1057 1919 1319 1991 Babylon.
1346 1921 1569 1977 Audivit
1602 1937 1700 1977 rex
1726 1922 2019 1994 Babylonis
2048 1922 2123 1979 fa-

542 2029 563 2061 c
611 2026 753 2064 mam
799 2026 1009 2078 eorum,
1042 2020 1097 2066 et
1134 2012 1410 2068 dissolutm
1443 2022 1571 2069 sunt
1606 2030 1796 2070 manus
1830 2014 1976 2084 ejus;
2023 2032 2122 2071 an-

540 2120 559 2151 ε
607 2101 781 2172 gustia
832 2103 1189 2172 apprehendit
1228 2119 1374 2170 eum,
1422 2103 1577 2159 dolor
1624 2107 1776 2175 quasi
1820 2107 2122 2176 parturien-

542 2209 560 2241 ι
610 2200 737 2245 tem.
779 2212 799 2245 ›
832 2191 1117 2247 Manifesta
1161 2202 1246 2248 est
1272 2193 1522 2259 historia,
1565 2197 1707 2265 quod
1754 2211 1886 2267 gens
1923 2213 2117 2268 magna

536 2282 807 2336 Medorum
860 2298 954 2336 seu
997 2282 1309 2350 Persarum,
1341 2293 1397 2339 et
1436 2300 1592 2356 reges
1623 2287 1775 2342 multi
1807 2304 1928 2343 cum
1975 2289 2117 2361 Cyro

533 2370 820 2425 Persarum
860 2386 1009 2443 rege,
1029 2380 1085 2427 et
1120 2373 1283 2429 Dario
1320 2373 1619 2441 Medorum,
1649 2389 2018 2435 convenerunt
2046 2380 2115 2436 ad

533 2461 916 2516 devastandam
959 2462 1341 2534 Babyloniam,
1384 2466 1475 2520 ubi
1516 2466 1803 2522 Balthasar
1847 2484 1945 2524 rex
1983 2478 2115 2526 tunc

532 2553 807 2621 regnabat.
840 2553 888 2607 ls
934 2552 1061 2607 dum
1107 2554 1414 2608 convivium
1442 2556 1738 2611 maximum
1785 2558 2114 2615 satellitibus

527 2642 640 2695 suis
665 2648 720 2696 et
756 2642 1087 2710 principibus
1113 2652 1475 2713 praepararet,
1521 2644 1723 2714 placuit
1748 2647 1799 2701 ei
1837 2656 1897 2701 ut
1925 2647 2113 2718 templi

525 2733 621 2788 Dei
664 2749 793 2789 vasa
816 2774 832 2799 ,
886 2750 1008 2804 qum
1057 2736 1124 2791 de
1178 2736 1572 2808 Hierosolymis
1615 2738 2115 2797 Nabuchodonosor

525 2832 915 2894 asportavcrat,
962 2824 1014 2878 in
1057 2840 1184 2881 suos
1205 2842 1337 2883 usus
1365 2835 1421 2883 et
1441 2829 1865 2885 concubinarum
1890 2839 2110 2888 suarum

526 2913 593 2965 ad
630 2914 924 2981 potandum
953 2923 1212 2981 verteret,
1241 2917 1423 2973 ethoc
1444 2918 1606 2974 modo
1631 2919 2033 2990 blasphemaret
2053 2925 2110 2979 in

527 3003 638 3057 Deo
671 3003 832 3072 (Dan.
859 3004 936 3075 v).
975 3004 1127 3061 Tunc
1160 3007 1346 3078 itaque
1374 3008 1509 3063 vidit
1529 3008 1596 3064 de
1621 3025 1779 3064 murn
1806 3011 2108 3068 venientem

525 3107 764 3157 manum,
800 3101 855 3148 et
884 3094 935 3148 in
966 3095 1173 3163 pariete
1197 3075 1458 3165 quasdam
1494 3098 1730 3168 syllabas
1749 3099 2103 3156 scribentem.
2135 3075 2180 3137 ο

523 3183 639 3250 Qua
672 3184 880 3239 visione
902 3186 1171 3251 turbatus,
1204 3188 1525 3243 convocavit
1549 3204 1737 3260 magos
1762 3197 1925 3259 atque
1948 3189 2109 3246 Chal-

524 3274 690 3335 datos,
724 3283 775 3328 et
801 3288 961 3328 omne
989 3290 1160 3344 genus
1180 3275 1435 3330 similium
1457 3317 1472 3341 ,
1503 3280 1648 3346 quod
1678 3278 1818 3333 inter
1847 3280 2108 3337 barbaros

525 3364 736 3419 somnia
765 3372 821 3418 et
849 3364 1152 3434 hujusmodi
1192 3365 1344 3435 signa
1365 3366 1658 3423 decernere
1681 3368 2022 3438 praevalebat,
2050 3378 2110 3426 ut

522 3455 573 3509 ei
618 3470 739 3524 qum
767 3455 964 3524 scripta
987 3454 1201 3510 fuerant
1230 3456 1662 3513 manifestarent.
1695 3459 1936 3529 Cumque
1965 3462 2109 3532 magi

522 3548 657 3603 nihil
698 3549 913 3618 penitus
956 3548 1219 3616 invenire,
1265 3565 1442 3621 neque
1485 3549 1789 3623 intelligere
1832 3567 1892 3606 se
1947 3567 2109 3621 posse

522 3641 765 3696 dicerent
794 3660 807 3695 :
834 3642 1020 3695 Daniel
1048 3643 1098 3697 ei
1134 3642 1523 3713 interpretatus
1542 3652 1630 3698 est
1663 3642 2023 3713 Scripturam,
2048 3653 2104 3699 et

523 3735 774 3805 praedixit
802 3736 851 3790 ei
892 3735 1097 3789 cladem
1146 3753 1267 3790 mox
1316 3736 1392 3790 illi
1435 3744 1907 3806 superventuram.
1958 3736 2108 3793 Unde

523 3839 758 3880 maerore
795 3833 849 3880 et
890 3825 1108 3880 tristitia
1146 3824 1433 3897 fatigatus,
1467 3828 1717 3883 hostibus
1755 3827 1866 3882 suis
1897 3842 2105 3897 nequa-

522 3934 682 3986 quam
735 3918 987 3972 resistere
1038 3926 1343 3986 paraverat,
1394 3919 1647 3988 quoniam
1699 3918 1889 3973 eadem
1950 3926 2109 3974 nocte

521 4009 844 4065 interfectus
888 4018 972 4064 est
1006 4007 1291 4064 Balthasar
1333 4025 1428 4064 rex
1465 4009 1771 4075 Chaldaeus,
1810 4018 1868 4064 et
1912 4009 2109 4064 Darius

519 4098 710 4153 Medus
759 4098 1021 4153 successit
1066 4098 1119 4151 in
1154 4113 1397 4169 regnum,
1446 4099 1514 4153 de
1549 4113 1657 4168 quo
1682 4114 1823 4153 nunc
1852 4099 2050 4153 dicitur
2087 4117 2101 4153 :

524 4206 544 4239 ι
575 4187 797 4242 Audivit
832 4202 930 4243 rex
972 4187 1261 4259 Babylonis
1285 4186 1484 4241 famam
1519 4202 1728 4254 eorum,
1757 4196 1812 4243 et
1834 4188 2108 4244 dissolutae

523 4286 651 4332 sunt
682 4294 874 4334 manus
909 4279 1065 4349 ejus;
1101 4280 1348 4349 angustia
1374 4282 1729 4351 apprehendit
1773 4296 1920 4349 eum,
1955 4281 2107 4338 dolor

516 4368 671 4437 quasi
702 4370 1112 4438 parturientem.
1134 4389 1155 4421 ι
1624 4362 1629 4365 ⁴

2221 1817 2384 1873 liaho.
2444 1818 2637 1877 Portus
2690 1833 2862 1873 aereas
2908 1828 3186 1875 conteram
3213 1861 3229 1886 ,
3273 1832 3326 1876 et
3368 1828 3526 1876 vectes
3563 1819 3705 1876 ferreos

2220 1910 2554 1981 confringam
2580 1924 2596 1963 :
2624 1918 2682 1965 et
2722 1910 2864 1966 dabo
2912 1911 3009 1965 tibi
3051 1913 3329 1967 thesauros
3361 1912 3643 1968 absmuditos
3670 1920 3706 1965 et

2220 2015 2419 2056 arcana
2457 2009 2788 2055 secretorum
2822 2016 2838 2054 :
2870 2008 2931 2054 ut
2964 2001 3111 2056 scias
3147 2003 3269 2072 quia
3294 2017 3388 2073 ego
3412 2002 3621 2056 Dominus
3642 2002 3703 2069 qui

2217 2106 2353 2146 voco
2372 2106 2567 2145 nomen
2593 2098 2763 2154 tuum,
2793 2090 2935 2145 Deus
2954 2090 3122 2145 Israel
3144 2101 3360 2162 propter
3383 2104 3566 2147 servum
3583 2102 3704 2143 meum

2216 2179 2402 2246 Iacob,
2435 2188 2491 2235 et
2517 2179 2684 2235 Israel
2711 2178 2941 2234 electum
2968 2195 3153 2235 meum
3177 2196 3192 2234 :
3221 2190 3275 2235 et
3302 2182 3470 2236 vocavi
3493 2189 3536 2234 te
3554 2177 3705 2232 nomine

2218 2278 2330 2324 tuo.
2372 2269 2679 2325 Assimilavi
2706 2277 2777 2333 te,
2802 2278 2858 2324 et
2883 2285 2989 2323 non
3017 2271 3313 2340 cognovisti
3338 2285 3435 2324 me.
3466 2268 3559 2341 Ego
3578 2266 3704 2322 Domi.

2217 2377 2319 2416 nus
2353 2370 2409 2415 et
2446 2374 2554 2414 non
2600 2370 2685 2415 est
2729 2360 2998 2429 amplius:
3030 2372 3186 2417 extra
3236 2377 3319 2417 mc
3361 2375 3454 2415 non
3485 2369 3556 2414 est
3593 2357 3702 2412 Deus.

2213 2452 2436 2507 Aecinxi
2487 2460 2558 2517 te,
2604 2460 2662 2506 et
2699 2466 2807 2505 non
2844 2451 3149 2522 cognovisti
3175 2466 3278 2507 me.
3320 2450 3384 2506 Ut
3406 2450 3555 2506 sciant
3582 2447 3704 2517 Iniqui

2213 2544 2282 2598 ab
2305 2550 2430 2598 ortu
2455 2542 2605 2607 solis,
2637 2550 2694 2600 et
2719 2543 2810 2613 qui
2837 2544 2907 2598 ab
2940 2543 3246 2610 occidente,
3293 2544 3522 2613 quoniam
3560 2542 3702 2608 absque

2213 2650 2302 2691 me
2321 2650 2429 2691 non
2455 2642 2540 2690 est
2565 2635 2727 2690 Deus.
2754 2634 2867 2704 Ego
2888 2650 3010 2690 sum
3038 2636 3295 2692 Dominus
3323 2646 3375 2691 et
3398 2649 3493 2690 non
3512 2640 3582 2688 est
3594 2630 3703 2691 alter.

2211 2723 2451 2781 formans
2475 2724 2672 2790 lucem,
2713 2733 2769 2780 et
2803 2740 3017 2781 creans
3040 2727 3311 2791 tenebras,
3359 2724 3535 2781 faciens
3556 2734 3702 2793 pacem.

2211 2824 2268 2872 et
2300 2831 2495 2872 creans
2535 2815 2739 2871 malum
2764 2840 2778 2870 :
2802 2831 2902 2888 ego
2940 2817 3205 2874 Dominus
3241 2818 3432 2873 faciens
3462 2814 3609 2871 omnia
3629 2813 3704 2867 haec

2211 2907 2347 2980 (lca.
2379 2908 2526 2981 xcv).
2561 2928 2581 2962 ι
2610 2907 2803 2965 Sciens
2829 2910 2884 2964 in
2911 2910 3019 2966 hoc
3045 2909 3303 2982 capitulo,
3326 2926 3424 2967 nou
3444 2909 3588 2964 solum
3610 2902 3704 2959 Lsti-

2210 3014 2426 3065 norum,
2468 2999 2565 3055 sed
2592 3008 2648 3054 et
2684 2999 2999 3065 Graecorum
3033 3001 3297 3072 plurimos
3331 3001 3622 3055 vehementer
3648 3008 3703 3047 er-

2211 3111 2354 3161 rare,
2380 3095 2763 3151 aestimantium
2790 3095 3053 3165 scriptum
3075 3112 3198 3153 esse
3222 3111 3236 3150 :
3269 3117 3288 3147 ‹
3312 3094 3398 3151 Sic
3436 3092 3549 3148 dicit
3583 3084 3699 3144 Doni

2209 3202 2313 3243 nus
2354 3186 2606 3253 Christo,
2651 3201 2774 3242 meo
2812 3186 3065 3253 Domino,
3097 3207 3116 3240 ι
3172 3198 3231 3242 ut
3281 3185 3568 3254 intelligatur
3597 3178 3703 3247 juxta

2209 3280 2362 3348 illud,
2390 3279 2533 3351 quod
2561 3279 2687 3335 alibi
2718 3279 2984 3350 legimus:
3015 3300 3035 3331 ι
3064 3280 3209 3336 Pluit
3230 3280 3469 3336 Dominus
3492 3292 3517 3330 a
3545 3270 3704 3329 Omnino

2211 3369 2364 3445 (Gen.
2416 3373 2555 3443 xix).
2596 3390 2616 3423 ›
2673 3371 2742 3426 Et
2782 3390 2796 3425 :
2839 3390 2859 3423 ί
2889 3371 3040 3426 Dixit
3082 3372 3338 3427 Dominus
3388 3367 3582 3423 Domino
3624 3371 3705 3414 men

2210 3459 2383 3534 (Ρειιι.
2431 3459 2564 3530 crx).
2595 3479 2614 3512 ι
2670 3459 2854 3529 Neque
2896 3461 3044 3515 enim
3102 3466 3282 3534 κυρίῷ,
3316 3459 3447 3530 quod
3494 3452 3703 3510 Dominum

2207 3560 2387 3615 sonat,
2409 3550 2503 3605 sed
2528 3548 2669 3621 Cyro
2690 3549 2906 3614 dicitur,
2935 3550 3029 3620 qui
3059 3550 3318 3606 Hebraiee
3342 3545 3601 3618 appellatur
3616 3548 3705 3598 ire

2208 3638 2323 3710 regi
2349 3637 2656 3705 Persarum,
2700 3640 2791 3709 qui
2832 3639 3166 3711 Babylonem
3213 3639 3562 3705 Cbaldmosquc
3596 3641 3703 3698 supe-

2207 3731 2366 3785 ravit.
2419 3731 2487 3787 Et
2504 3729 2710 3799 junctis
2735 3731 2923 3796 Medis,
2954 3735 3190 3804 agitator
3214 3734 3361 3803 bigw,
3388 3731 3436 3785 id
3455 3736 3542 3793 est,
3568 3718 3703 3778 eamdi

2206 3834 2263 3882 et
2290 3824 2451 3888 asini,
2474 3839 2636 3895 supra
2664 3824 2876 3894 legitur.
2930 3822 3038 3878 Iste
3078 3822 3375 3895 appellatus
3405 3827 3481 3876 est
3515 3814 3704 3872 chrisma

2207 3915 2264 3970 id
2291 3924 2396 3982 est,
2441 3922 2639 3970 unctus
2663 3913 2897 3977 Domini,
2927 3914 3076 3981 quod
3117 3924 3238 3969 erat
3268 3914 3461 3981 insigne
3489 3906 3602 3978 apud
3636 3899 3704 3955 lle'

2205 4007 2382 4062 brazos
2409 4006 2570 4077 regia:
2596 4004 2883 4074 potestatis
2914 4022 2927 4056 :
2958 4012 3020 4058 ut
3053 4004 3323 4074 quomodo
3358 4001 3487 4073 apud
3523 4011 3603 4053 nos
3628 3991 3705 4048 dia-

2207 4097 2380 4161 dema,
2430 4105 2488 4151 et
2538 4111 2777 4167 purpura
2821 4095 2950 4151 solis
2998 4096 3414 4168 imperatoribus
3456 4095 3612 4150 datur,
3653 4084 3705 4137 sic

2207 4188 2348 4258 apud
2379 4186 2636 4243 Hebraeos
2667 4186 2947 4255 regnaturi
2989 4185 3447 4256 perfundebantur
3481 4181 3704 4252 unguento.

2208 4278 2362 4335 Unde
2382 4285 2438 4333 et
2461 4276 2589 4332 Saul
2615 4277 2852 4332 christus
2876 4276 3091 4331 Domini
3115 4277 3312 4332 dicitur
3337 4274 3386 4345 (Ι
3415 4273 3528 4342 Reg.
3555 4267 3631 4338 VI).
3660 4262 3707 4316 Ει

2206 4370 2261 4425 in
2286 4369 2516 4425 Psalmis
2547 4370 2774 4440 legimus
2800 4387 2814 4423 :
2852 4387 2872 4420 ι
2907 4367 3086 4425 Nolite
3111 4378 3329 4443 tangere
3353 4367 3562 4424 christos
3584 4369 3705 4415 meoS.

597 4487 613 4516 ι
644 4468 783 4522 Ecce
809 4469 960 4538 quasi
989 4469 1072 4524 leo
1101 4471 1357 4525 ascendet
1377 4470 1443 4526 de
1465 4473 1715 4541 superbia
1739 4472 2009 4541 Iordanis,
2033 4476 2099 4531 ad

2206 4471 2263 4519 et
2302 4464 2355 4518 in
2394 4433 2670 4534 prophetis
2709 4461 2847 4518 meis
2885 4463 3053 4518 nolite
3089 4433 3370 4535 maliguari
3395 4457 3547 4532 (Ρεηι.
3575 4451 3703 4518 cn)»

523 4576 544 4607 ι
574 4556 1024 4625 pulchritudinem
1069 4561 1365 4625 robustam,
1404 4562 1529 4631 quia
1567 4564 1745 4618 subito
1779 4580 2102 4622 concurrere

524 4666 543 4698 ι
575 4662 697 4701 eum
727 4646 921 4700 faciam
954 4648 1019 4702 ad
1052 4648 1217 4702 illam.
1273 4649 1342 4702 Et
1382 4650 1505 4719 quis
1547 4651 1655 4705 erit
1698 4652 1902 4708 electus
1939 4669 2100 4723 quem

520 4755 544 4789 α
576 4750 870 4806 proponam
901 4735 950 4790 ei
983 4737 1053 4789 ἳ»
1098 4736 1209 4792 lloc
1259 4738 1473 4793 videtur
1516 4740 1606 4794 hic
1644 4741 1794 4795 locus
1824 4743 2100 4799 insinuare

522 4827 670 4900 quod
704 4826 1195 4882 Nabuchodonosor
1229 4843 1322 4883 rex
1351 4845 1474 4884 cum
1499 4829 1783 4896 Chaldaeis,
1814 4842 2097 4903 postquam

519 4932 744 4988 regnum
771 4916 1078 4973 Judaeorum
1105 4918 1337 4974 crudelis
1364 4928 1424 4973 ut
1452 4920 1537 4975 leo
1574 4921 1868 4987 subvertit,
1900 4932 2099 4977 terram

518 5010 770 5075 vastavit,
817 5010 1114 5078 urbemque
1153 5008 1486 5065 Hierusalem
1519 5018 1574 5065 et
1603 5011 1857 5080 templum
1890 5013 2099 5067 destru-

518 5101 616 5163 xit,
646 5108 806 5171 atque
829 5103 1125 5168 succendit,
1152 5103 1219 5157 ad
1254 5102 1435 5157 sedem
1476 5118 1627 5158 suam
1664 5103 1719 5156 in
1750 5103 2094 5175 Babylonem,

515 5192 670 5259 quasi
692 5192 884 5257 victor,
911 5202 967 5247 et
996 5208 1219 5248 securus
1238 5196 1304 5249 de
1326 5195 1568 5250 hostibus
1595 5196 1708 5251 suis
1734 5210 1981 5251 reversus
2008 5197 2099 5263 sit,

518 5282 855 5351 posterisque
895 5283 1008 5337 suis
1050 5297 1272 5355 regnum
1321 5285 1587 5341 incolume
1636 5286 1934 5357 reliquerit.
1994 5287 2100 5344 Sed

520 5371 745 5427 Domino
793 5374 1087 5445 dissipante
1130 5376 1333 5432 ultione
1362 5378 1415 5431 in
1444 5394 1506 5432 ea
1539 5388 1867 5449 perpetrata,
1894 5380 1946 5434 in
1973 5380 2096 5452 Cyri

520 5465 660 5536 regis
684 5475 851 5522 totum
878 5484 1100 5540 regnum
1127 5471 1403 5525 redactum
1431 5480 1513 5527 est
1542 5472 1836 5527 dominium
1861 5490 1873 5525 :
1899 5473 1966 5527 de
1992 5488 2100 5542 quo

523 5571 663 5613 nunc
687 5558 854 5614 dicit:
882 5560 948 5614 Et
977 5561 1098 5629 quis
1119 5562 1225 5616 erit
1245 5562 1469 5627 electus,
1501 5578 1662 5633 quem
1691 5577 1984 5633 proponam
2015 5562 2100 5618 ei?

522 5647 585 5702 Et
611 5660 669 5706 ut
689 5650 791 5705 huc
816 5651 1210 5707 demonstraret
1231 5669 1337 5708 non
1362 5670 1456 5709 sua
1480 5654 1743 5724 potentia,
1764 5654 1860 5710 sed
1885 5653 2099 5711 Domini

2206 4555 2378 4627 Hujus
2420 4557 2700 4612 dexteram
2767 4557 3124 4626 apprehendit
3182 4566 3238 4611 et
3290 4554 3452 4609 tenuit
3497 4558 3547 4603 ut
3582 4540 3707 4599 nullus

2204 4646 2507 4703 fortitudini
2570 4648 2686 4719 ejus
2751 4647 2954 4703 valeret
3014 4649 3287 4704 resistere.
3354 4645 3578 4715 Legimus
3635 4632 3707 4687 X8-

2204 4737 2492 4807 nophontis
2536 4747 2659 4793 octo
2704 4739 2965 4794 librorum
3020 4737 3151 4809 Cyri
3202 4736 3414 4806 majoris
3460 4726 3704 4787 historiam.

2199 4834 2257 4881 et
2292 4828 2630 4897 prophetiam
2669 4827 2820 4882 Isaia:
2862 4828 3137 4883 cernimus
3160 4828 3439 4897 expletam.
3479 4823 3589 4889 Quae
3604 4813 3707 4870 enim

2200 4919 2392 4975 civitas
2420 4919 2495 4973 illi
2525 4935 2632 4974 non
2680 4920 2900 4989 patuit?
2948 4921 3071 4990 quis
3107 4936 3213 4975 non
3249 4932 3426 4989 regum
3461 4922 3590 4981 terga
3619 4899 3704 4958 sulr

2193 5011 2366 5083 iecit?
2417 5013 2507 5081 qui
2570 5012 2711 5066 muri
2760 5012 2911 5081 prius
2965 5011 3431 5082 inexpugnabiles,
3477 5017 3569 5060 non
3606 4994 3709 5050 illius

2200 5104 2478 5159 obsidione
2529 5103 2772 5158 subversi
2823 5101 3001 5157 sunt?
3050 5101 3206 5158 Unde
3249 5102 3314 5157 ad
3359 5102 3514 5170 ipsum
3559 5089 3705 5160 Cyrum

2201 5196 2343 5250 Deus
2385 5194 2764 5264 apostropham
2800 5193 2931 5249 facit
2961 5208 2977 5248 :
3021 5211 3041 5244 ‹
3064 5192 3197 5248 Dedi
3237 5191 3331 5245 tibi
3360 5173 3708 5268 thesaurosabi:

2200 5285 2486 5348 conditos,
2542 5292 2599 5338 et
2648 5298 2777 5353 opes
2824 5291 3141 5339 cunctarum
3193 5281 3400 5337 urbium
3433 5316 3446 5341 ,
3490 5295 3507 5326 ο
3554 5276 3602 5323 ut
3639 5273 3705 5330 «ιω

2200 5378 2355 5449 prius
2390 5374 2607 5431 colebas
2633 5374 2795 5440 idola,
2820 5373 3095 5430 beneflciis
3122 5388 3287 5428 unum
3316 5369 3530 5425 sentires
3548 5360 3704 5449 Deum:

2202 5466 2501 5538 praesertim
2556 5481 2678 5522 cum
2732 5466 2875 5520 scias
2918 5465 3087 5520 multo
3139 5473 3421 5532 antequam
3466 5453 3706 5538 nasum-ns

2204 5527 2354 5613 tuum
2393 5573 2588 5612 nomen
2624 5571 2744 5612 esse
2776 5555 3108 5624 praedictum.
3163 5527 3314 5622 Quod
3347 5547 3543 5620 quidem
3571 5545 3615 5592 el
3639 5527 3706 5632 ξίν

2203 5652 2401 5721 sephus
2432 5651 2486 5704 in
2529 5646 2811 5705 undecimo
2853 5646 3088 5703 Iudaica“:
3128 5642 3456 5715 antiquitatis
3492 5631 3705 5691 volumine
