3970 6190
280 256 418 311 Hb"

1171 260 1528 318 EXPOSITIO
1563 261 1785 318 SUPER
1822 261 2184 317 JEREMIAM.
2224 294 2293 302 ——
2333 264 2466 318 LIB.
2506 263 2665 320 XVII.

3402 268 3539 324 “58

273 366 468 431 refert,
486 363 683 437 legisse
702 368 900 439 Cyrum
925 373 994 426 ab
1015 372 1153 427 Isaia
1177 372 1245 428 de
1271 389 1330 429 se
1359 383 1566 429 certum
1595 375 1854 430 vaticina-
1882 380 1929 436 Α
1956 371 2262 442 Babyloniae
2284 413 2299 437 ,
2349 383 2405 427 et
2444 373 2608 429 lorica
2663 376 2914 431 resistere
2972 391 3074 430 non
3120 387 3368 447 poterant
3404 399 3417 435 :
3445 386 3541 439 sed

276 463 393 510 tum
414 456 631 510 nomine
658 474 671 510 :
698 466 753 512 et
780 458 981 515 idcirco
1000 460 1210 516 Judaaos
1244 465 1392 530 quasi
1423 463 1717 519 familiares
1737 464 1856 533 plu-

277 545 480 600 rimum
508 545 784 603 dilexisse.
831 550 957 606 Haac
976 560 1179 617 autem,
1209 553 1405 623 inquit,
1431 554 1591 609 tribui
1622 555 1713 609 tibi
1740 568 1863 624 pro-

274 644 401 706 pter
424 633 592 691 .Iacob
629 653 846 693 servum
879 656 1080 709 meum,
1116 653 1173 698 et
1198 642 1365 699 Israel
1396 645 1623 700 electum
1659 659 1858 711 meum,

275 736 336 781 et
359 727 544 783 vocavi
566 736 618 783 te
640 729 857 785 nomine
878 738 989 797 tuo,
1012 731 1151 788 sicut
1168 733 1356 789 vocavi
1378 732 1667 799 Abraham,
1689 734 1861 802 Isaac,

277 827 332 872 et
361 816 547 880 Iacob,
576 828 633 873 et
659 817 827 874 multo
854 829 980 875 ante
1003 823 1224 891 praedixi
1254 831 1313 877 ut
1340 822 1508 889 Isaae,
1538 832 1594 880 et
1619 823 1818 880 Josiam
1844 842 1859 881 :

280 927 353 966 ne
394 913 661 982 putareris
704 911 796 967 ille
834 927 953 968 esse
983 912 1251 979 Christus,
1286 914 1373 968 cui
1411 915 1738 971 assimilatus
1779 931 1860 983 es,

278 1009 340 1055 et
368 1002 420 1055 in
447 1001 599 1072 cujus
623 1011 749 1072 typo
778 1011 832 1056 et
860 1002 1091 1073 imagine
1117 1003 1438 1072 przecessisti
1474 1022 1486 1057 :
1524 1022 1543 1055 ι
1569 1004 1648 1058 Tu
1680 1014 1860 1061 autem

283 1104 393 1144 non
426 1090 717 1160 cognovisti
754 1105 860 1156 me,
891 1111 910 1143 ι
951 1092 1002 1146 id
1044 1100 1127 1147 est
1165 1093 1454 1148 simulacra
1482 1093 1717 1154 coluisti.
1758 1110 1866 1149 non

284 1181 475 1236 Deum.
512 1199 530 1230 ι
558 1180 780 1235 Accinxi
810 1189 862 1236 te
898 1201 916 1233 ι
945 1180 1277 1247 fortitudine,
1310 1182 1598 1239 multarum
1625 1185 1867 1253 gentium

286 1272 390 1326 feci
445 1286 566 1327 esse
621 1273 883 1327 victorem
924 1288 939 1326 :
993 1288 1014 1324 ι
1049 1280 1105 1327 et
1157 1287 1265 1326 non
1320 1272 1615 1341 cognovisti
1646 1293 1665 1324 ι
1717 1273 1869 1327 auxi-

285 1361 534 1417 liatorem
592 1370 760 1416 tuum.
807 1361 865 1415 In
910 1376 1018 1431 quo
1054 1360 1172 1415 loco
1212 1361 1344 1415 satis
1383 1361 1567 1415 mirari
1616 1375 1864 1431 nequeo,

284 1466 411 1520 qua:
439 1451 663 1506 stultitia
686 1452 757 1506 sit
777 1451 1085 1521 legentium,
1114 1461 1172 1506 ut
1202 1452 1317 1507 hac
1337 1453 1403 1506 ad
1431 1451 1701 1508 Christum
1732 1455 1867 1508 refe-

289 1550 444 1596 rant:
462 1555 559 1611 per
577 1556 737 1611 quem
762 1542 988 1596 mundus
1011 1543 1387 1598 reconciliatus
1406 1552 1489 1599 est
1509 1543 1635 1599 Deo.
1692 1562 1711 1596 σ
1737 1545 1866 1615 Ego,

288 1629 372 1683 ait
392 1629 668 1695 Dominus,
693 1638 748 1684 et
778 1645 882 1683 non
922 1639 1008 1684 est
1045 1631 1276 1702 amplius
1304 1641 1454 1687 extra
1483 1648 1590 1699 me,
1618 1652 1636 1684 ι
1674 1641 1872 1704 praeter

289 1733 595 1774 sermonem
615 1720 810 1790 quippe
833 1728 994 1791 atque
1013 1722 1272 1777 rationem
1291 1722 1649 1792 virtutemque
1673 1739 1758 1779 me
1793 1739 1866 1787 m,

292 1815 351 1862 et
369 1807 684 1878 sapientiam
699 1824 819 1880 qua:
841 1809 894 1863 in
919 1825 1005 1865 me
1029 1820 1133 1875 est,
1161 1810 1334 1866 nullus
1355 1821 1437 1866 est
1457 1811 1592 1865 alter
1616 1810 1779 1867 Deus.
1805 1813 1873 1867 Et

292 1898 411 1953 haec
443 1896 548 1952 feci
594 1906 653 1952 ut
695 1886 764 1953 ab
811 1896 1030 1954 Oriente
1071 1908 1129 1955 et
1172 1898 1462 1955 Occidente
1505 1900 1682 1956 omnis
1726 1900 1873 1956 orbis

291 1996 572 2057 agnoscat,
596 1988 798 2044 nullum
818 2004 935 2045 esse
960 1991 1125 2046 alium
1146 1992 1348 2061 absque
1367 2006 1453 2047 me
1478 1992 1664 2047 Deum.
1713 2013 1730 2044 ι
1760 1993 1872 2062 Ego

293 2078 556 2135 Dominus
579 2088 633 2134 et
662 2095 767 2134 non
804 2088 889 2134 est
923 2081 1060 2136 alter
1085 2099 1097 2135 :
1130 2101 1149 2133 ι
1184 2080 1349 2136 Pater
1380 2082 1524 2136 enim
1555 2082 1608 2136 in
1633 2081 1791 2146 Fil‘o,
1817 2090 1873 2137 et

294 2170 464 2226 Filius
488 2170 541 2225 in
570 2170 747 2234 Patre,
783 2173 873 2242 qui
900 2165 1138 2245 loquitur
1165 2174 1221 2230 in
1256 2174 1544 2244 Evangelia
1572 2192 1586 2228 :
1623 2192 1641 2225 ι
1671 2174 1782 2245 Ego
1818 2183 1874 2229 et

294 2261 459 2316 Pater
508 2280 672 2318 unum
702 2281 905 2321 sumus.
948 2288 968 2319 ι
1009 2268 1065 2323 In
1102 2268 1287 2323 Esdrte
1325 2266 1593 2322 volumine
1637 2267 1871 2336 positum

294 2361 383 2406 est
423 2352 702 2423 scripsisse
737 2354 934 2426 Cyrum
978 2357 1046 2411 ad
1083 2370 1274 2412 omnes
1310 2365 1498 2426 gentes
1521 2355 1726 2410 nullum
1755 2368 1873 2410 esse

295 2443 480 2507 deum,
515 2443 620 2498 nisi
654 2444 823 2498 solum
860 2446 1027 2502 Deum
1052 2445 1237 2502 Israel.
1296 2446 1420 2501 Sive
1450 2446 1526 2500 ita
1572 2445 1873 2517 intelligen-

295 2532 426 2587 dum
467 2533 607 2603 quod
654 2537 988 2605 captivorum
1033 2538 1253 2605 laxatio,
1297 2546 1354 2592 et
1399 2539 1493 2593 Dei
1536 2538 1588 2592 in
1623 2538 1875 2610 pepulum

295 2638 456 2679 suum
486 2624 791 2692 clementia,
816 2630 1024 2686 cunctis
1045 2632 1293 2702 gentibus
1325 2630 1494 2685 Deum
1547 2629 1735 2685 fecerit
1772 2645 1874 2684 no-

296 2714 510 2769 tiorem.
554 2716 655 2783 Qui
700 2718 863 2788 igitur
902 2720 994 2775 tibi
1035 2721 1155 2778 dedi
1189 2720 1578 2784 fortitudinem,
1628 2729 1684 2776 et
1729 2721 1875 2775 solus

298 2805 446 2860 Deus
486 2822 625 2861 sum.
658 2807 774 2876 Ipse
812 2824 899 2865 res
929 2811 1071 2867 intra
1099 2827 1159 2867 se
1189 2812 1489 2868 contrarias
1514 2811 1676 2878 facio,
1700 2810 1873 2867 lucem

298 2905 358 2949 et
373 2896 639 2963 tenebras,
668 2899 722 2953 id
742 2910 826 2955 est
844 2902 985 2957 diem
1015 2915 1069 2959 et
1100 2913 1334 2970 noctem,
1359 2918 1545 2974 pacem
1574 2911 1629 2959 et
1652 2903 1874 2968 malum,

299 2986 407 3041 hoc
428 2996 532 3052 est,
559 2989 728 3044 otium
756 3002 807 3045 et
840 2994 1173 3065 bellum,per
1185 3011 1304 3066 qua:
1318 2993 1585 3066 significat
1604 2996 1798 3050 iratum
1819 3009 1877 3051 se

300 3074 474 3132 fuisse
491 3078 687 3147 populo
715 3095 830 3146 suo,
861 3085 1075 3152 quando
1094 3087 1341 3141 tenebras
1361 3085 1689 3156 captivitatis
1716 3085 1880 3140 mala-

301 3182 411 3237 que
433 3169 690 3224 sustinuit
708 3174 1014 3230 servitutis:
1048 3184 1105 3231 et
1127 3190 1342 3231 rursum
1367 3176 1645 3231 misertum
1666 3174 1880 3246 quando

305 3258 519 3314 remissi
563 3259 616 3315 in
653 3265 902 3334 patriam,
928 3279 1114 3336 pacem
1152 3272 1206 3319 et
1243 3265 1493 3336 gaudium
1538 3273 1876 3335 receperunt.

913 3375 1138 3434 CAPUT
1196 3375 1280 3431 LI.

303 3482 419 3557 Det
448 3494 596 3557 uento
640 3487 903 3557 pestilente
953 3498 1002 3544 et
1064 3489 1225 3544 calice
1274 3506 1431 3545 aureo
1457 3504 1478 3545 :
1511 3491 1577 3544 de
1616 3489 1881 3545 collisione

378 3553 663 3629 Babylonis
690 3567 738 3612 et
768 3575 883 3629 rege
909 3560 1024 3629 ejus
1051 3570 1098 3614 et
1125 3559 1385 3616 Chaldwis
1410 3575 1429 3617 :
1451 3561 1507 3617 in
1538 3561 1727 3616 librum
1755 3562 1885 3617 seri-

381 3625 452 3678 bit
483 3627 657 3681 omnia
684 3625 1064 3685 mala'veritura
1089 3630 1394 3702 Babylonis.

385 3733 403 3765 ι
433 3713 558 3770 Haec
596 3716 726 3772 dicit
767 3718 1023 3774 Dominus
1053 3734 1068 3774 :
1099 3720 1238 3777 Ecce
1271 3736 1372 3794 ego
1414 3723 1686 3781 suscitabo
1722 3737 1884 3792 super

311 3825 331 3856 ι
368 3806 687 3878 Babylonem
728 3816 783 3863 et
812 3825 971 3881 super
990 3812 1319 3870 habitatores
1335 3812 1468 3883 ejus,
1494 3816 1586 3885 qui
1605 3830 1700 3870 cor
1725 3830 1885 3870 suum

310 3915 329 3946 ι
366 3894 678 3952 levaverunt
705 3907 890 3953 contra
918 3914 1023 3965 me,
1068 3901 1221 3971 quasi
1254 3911 1473 3957 ventum
1499 3903 1833 3973 pestilentem
1867 3921 1880 3956 :

311 4002 331 4034 ι
364 3991 419 4038 ct
444 3985 649 4039 mittam
673 3985 728 4040 in
751 3986 1071 4057 Babylonem
1094 3989 1455 4053 ventilatores,
1480 3998 1536 4045 et
1554 3990 1887 4045 ventilabuut

310 4096 329 4128 σ
364 4092 508 4141 eam,
534 4086 588 4131 et
604 4077 959 4133 demolientur
975 4088 1171 4133 terram
1189 4077 1307 4149 ejus
1329 4096 1344 4133 :
1361 4080 1613 4149 quoniam
1623 4086 1888 4135 venerunt

310 4188 330 4218 ι
363 4182 525 4236 super
541 4182 661 4222 eam
679 4168 914 4238 undique
938 4169 992 4223 in
1007 4169 1091 4224 die
1113 4169 1415 4227 aﬂlictionis
1426 4171 1544 4243 ejus
1568 4189 1583 4226 :
1609 4186 1714 4228 non
1729 4169 1885 4227 habi-

310 4277 332 4309 ‹
366 4258 519 4324 tabit,
550 4259 641 4328 qui
681 4259 849 4314 tendit
875 4274 1058 4315 arcum
1083 4276 1261 4327 suum,
1291 4270 1345 4317 et
1371 4277 1480 4317 non
1519 4262 1773 4317 ascendet
1815 4261 1889 4316 lo-

248 4410 258 4419 ,
311 4370 333 4404 ι
366 4351 586 4406 ricatus.
630 4350 805 4406 Nolite
840 4366 1064 4422 parcere
1093 4352 1382 4423 juvenibus
1417 4353 1534 4424 ejus
1559 4371 1574 4407 :
1598 4349 1887 4408 interficite

311 4462 330 4494 ι
361 4456 577 4497 omnem
600 4442 845 4498 militiam
875 4442 992 4511 ejus
1020 4461 1033 4496 :
1070 4451 1124 4497 et
1149 4444 1343 4499 cadent
1365 4443 1630 4500 interfecti
1658 4443 1715 4499 in
1741 4453 1886 4499 terra

312 4552 332 4583 ι
364 4530 759 4597 Chaldzeorum,
787 4541 842 4588 et
865 4533 1129 4588 vulnerati
1155 4533 1209 4587 in
1240 4533 1549 4603 regionibus
1578 4532 1731 4603 ejus:
1761 4547 1891 4602 quo-

311 4644 333 4676 ι
364 4624 510 4677 niam
536 4639 640 4679 non
671 4623 774 4679 fuit
797 4624 1045 4680 viduatus
1075 4624 1259 4690 Israel,
1288 4633 1345 4680 et
1380 4622 1516 4679 Juda
1559 4640 1589 4679 a
1635 4623 1746 4680 Deo
1789 4638 1888 4680 suo

312 4732 333 4764 ι
367 4711 595 4766 Domino
644 4715 975 4769 exercituum
1010 4732 1023 4766 :
1056 4724 1196 4768 terra
1242 4724 1422 4769 autem
1458 4730 1645 4770 eorum
1688 4713 1889 4784 repleta

314 4819 336 4852 ι
368 4809 454 4854 est
477 4800 670 4856 delicto
690 4818 721 4856 a
747 4812 932 4858 sancto
956 4802 1139 4858 Israel.
1162 4824 1181 4855 ι
1212 4803 1501 4875 (Μιυιιυε.)
1532 4803 1892 4861 Ventilatores

311 4891 434 4954 isti,
475 4891 568 4960 qui
617 4892 1011 4948 ventilaverunt
1060 4892 1387 4964 Babylonem
1460 4902 1516 4949 et
1562 4894 1889 4964 Chaldaaam,

1963 462 2149 516 hostes
2173 476 2361 515 eorum
2384 463 2617 518 victores
2638 465 2835 533 ubique
2853 466 3162 531 existentes,
3189 483 3285 522 nec
3304 471 3539 536 senibus,

1966 564 2065 604 nec
2082 549 2400 617 juvenibus,
2430 552 2525 605 sed
2548 567 2720 621 neque
2749 553 2840 607 ulli
2869 554 3015 608 relati
3043 564 3136 608 aut
3167 557 3316 610 sexui
3344 572 3539 627 peper-

1967 646 2197 694 cerunt:
2236 639 2345 694 imo
2394 654 2607 696 omnem
2653 643 2897 698 militiam
2944 645 3060 716 ejus
3112 646 3540 704 interfecerunt:

1965 733 2217 800 quoniam
2247 732 2300 786 in
2330 733 2617 788 vindictam
2647 733 2845 791 furoris
2886 737 3096 791 Domini
3136 738 3204 791 ad
3248 738 3351 793 hoc
3395 740 3544 793 missi

1966 818 2201 884 fuerant,
2218 828 2277 875 ut
2290 820 2537 876 meritam
2564 830 2778 890 pcenam
2799 838 2829 876 a
2854 824 2959 878 reis
2979 825 3256 896 exigerent
3279 843 3293 878 :
3313 840 3379 879 eo
3401 827 3544 895 quod

1965 906 2216 979 populum
2242 908 2337 963 Dei
2357 922 2463 962 non
2484 909 2824 978 corripiendo
2843 911 3259 981 castigavcrant,
3288 913 3380 966 sed
3406 927 3545 982 prae-

1967 998 2141 1053 dando
2169 999 2600 1063 devastaverant,
2623 1008 2782 1068 atque
2805 1000 3155 1055 internecioni
3182 1003 3539 1069 tradiderant;

1967 1091 2109 1160 quod
2136 1089 2303 1149 Isaias
2329 1091 2561 1146 ostendit
2591 1091 2813 1145 dicens:
2845 1109 2864 1141 ε
2894 1090 2986 1146 Vae
3015 1092 3185 1146 Assur
3223 1094 3367 1163 virga
3398 1093 3544 1149 furo—

1968 1182 2046 1238 ris
2068 1183 2193 1247 mei,
2216 1190 2269 1237 et
2297 1180 2520 1236 baculus
2547 1182 2660 1250 ipse
2687 1191 2769 1236 est
2798 1182 2852 1237 in
2883 1197 3042 1235 manu
3064 1198 3272 1248 eorum,
3300 1185 3546 1254 indigna-

1970 1271 2046 1326 tio
2066 1286 2205 1326 mea.
2255 1270 2335 1325 Ad
2368 1279 2580 1341 gentem
2613 1269 2851 1325 fallacem
2876 1271 3083 1325 mittam
3109 1286 3250 1333 eum,
3282 1281 3337 1327 et
3361 1282 3544 1326 contra

1970 1360 2223 1430 populum
2251 1358 2449 1414 furoris
2485 1360 2587 1413 mei
2616 1360 2880 1414 mandabo
2911 1360 2985 1414 illi
3025 1369 3082 1414 ut
3126 1360 3335 1415 auferat
3377 1363 3546 1430 spolia

1967 1461 2021 1507 et
2042 1451 2261 1521 diripiat
2282 1453 2537 1521 prtedam,
2567 1461 2623 1508 et
2652 1462 2816 1522 portat
2845 1453 2990 1507 illam
3014 1454 3066 1508 in
3092 1455 3546 1510 conculcationem

1973 1541 2124 1611 quasi
2157 1541 2325 1595 lutum
2371 1540 2694 1609 platearum.
2743 1542 2861 1611 Ipse
2891 1551 3068 1597 autem
3123 1559 3225 1597 non
3283 1545 3360 1597 sic
3402 1545 3546 1598 arbi-

1972 1638 2145 1685 tratus
2190 1636 2291 1694 est,
2343 1637 2397 1683 et
2438 1644 2534 1684 cor
2573 1629 2690 1696 ejus
2737 1645 2841 1685 non
2888 1630 2962 1685 ita
3002 1631 3287 1686 aestimabit
3320 1650 3332 1685 :
3361 1633 3453 1686 sed
3480 1632 3545 1684 ad

1971 1720 2356 1775 conterendum
2386 1720 2607 1797 erit'cor
2628 1719 2761 1788 ejus,
2793 1728 2852 1777 et
2876 1723 2941 1775 ad
2976 1721 3393 1776 internecionem
3421 1738 3549 1793 gen—

1972 1810 2104 1865 tium
2152 1808 2502 1878 plurimarum
2527 1849 2544 1875 ,
2574 1829 2593 1862 ι
2627 1818 2682 1865 et
2718 1809 2921 1878 reliqua
2954 1809 3089 1880 (lsa.
3131 1810 3205 1882 κ).
3260 1811 3327 1865 Et
3376 1812 3498 1865 alibi
3532 1827 3546 1865 :

1977 1919 1995 1952 ο
2023 1898 2271 1969 Nunquid
2302 1898 2616 1969 gloriabitur
2654 1900 2860 1955 securis
2886 1908 3071 1955 contra
3110 1916 3231 1954 eum
3280 1901 3369 1969 qui
3403 1915 3551 1956 secat

1972 1989 2025 2044 in
2071 2003 2135 2043 ea
2164 2007 2177 2041 :
2206 1997 2301 2041 aut
2343 1988 2602 2043 exaltabit
2648 2003 2796 2043 serra
2840 1997 3025 2044 contra
3049 2004 3171 2044 eum
3200 2005 3230 2043 a
3252 2005 3357 2059 quo
3390 1993 3553 2046 trahi-

1976 2080 2102 2134 tur?
2153 2078 2431 2147 Quomodo
2480 2080 2525 2135 si
2572 2079 2810 2134 elevetur
2856 2082 3004 2151 virga
3049 2090 3236 2135 contra
3284 2081 3547 2137 levantem

1973 2183 2069 2233 se,
2127 2176 2182 2223 et
2235 2168 2503 2224 exaltetur
2555 2169 2777 2225 baculus
2831 2171 2922 2239 qui
2975 2171 3157 2240 utique
3211 2172 3410 2242 lignum
3468 2181 3553 2228 est

1975 2255 2227 2329 (lbid.).i
2288 2255 2556 2330 [Hierom]
2602 2257 2801 2313 Contra
2854 2258 3255 2325 Sennacberib,
3305 2262 3436 2327 sive,
3493 2272 3554 2318 ut

1974 2351 2125 2406 multi
2160 2359 2366 2420 putant,
2397 2350 2888 2407 Nabuchodonosor
2928 2352 3244 2424 gloriantem
3287 2364 3447 2425 atque
3474 2358 3554 2410 di-

1973 2450 2183 2497 eentem
2216 2459 2229 2496 :
2266 2461 2284 2494 ι
2314 2443 2370 2497 In
2394 2442 2709 2498 fortitudine
2735 2459 2926 2499 manus
2948 2460 3082 2499 mete
3115 2446 3238 2510 feci,
3283 2456 3337 2502 et
3376 2448 3429 2501 in
3474 2464 3555 2503 sa-

1974 2533 2176 2603 pientia
2217 2533 2475 2600 intellexi,
2506 2554 2526 2587 »
2557 2542 2614 2589 et
2638 2534 2871 2604 reliqua,
2928 2545 3147 2592 sanctus
3178 2540 3439 2607 propheta
3465 2556 3551 2595 rc-

1975 2624 2192 2694 spondit
2223 2642 2237 2679 :
2269 2623 2315 2681 0
2357 2614 2670 2682 stultissime
2708 2626 3039 2693 mortalium,
3078 2627 3174 2684 Dei
3216 2628 3352 2683 iram
3400 2638 3549 2685 tuam

1976 2724 2134 2785 putas
2168 2730 2291 2771 esse
2325 2717 2640 2785 sapientiam
2671 2734 2685 2769 :
2714 2724 2769 2772 et
2793 2716 2935 2772 illius
2956 2717 3251 2788 iussionem
3295 2719 3363 2773 ad
3405 2727 3553 2775 tuam

1980 2804 2600 2861 refers'fortitudinem?
2643 2807 2921 2874 Quomodo
2965 2808 3011 2863 si
3054 2809 3258 2864 securis
3297 2810 3556 2879 glorietur

1978 2903 2165 2948 contra
2212 2910 2335 2950 eum
2371 2935 2387 2960 ,
2430 2894 2522 2963 qui
2559 2895 2788 2950 securim
2840 2904 3030 2962 tenet,
3068 2905 3124 2952 et
3168 2913 3319 2953 serra
3367 2908 3555 2955 contra

1980 2985 2124 3040 illum
2160 3001 2191 3040 a
2217 3002 2324 3056 quo
2347 2986 2599 3051 trahitur,
2628 2994 2682 3041 et
2704 2986 2887 3042 dicant
2908 2997 3102 3044 cuncta
3125 3005 3288 3059 opera
3319 3008 3437 3061 quae
3458 3006 3556 3062 per

1979 3077 2211 3132 securim
2257 3085 2313 3131 et
2358 3092 2568 3132 serram
2599 3077 2773 3143 ﬁunt,
2816 3094 2912 3133 sua
2958 3089 3074 3134 arte
3119 3079 3353 3149 perfecta
3382 3100 3395 3135 :
3423 3090 3478 3136 et
3510 3083 3555 3138 si

1980 3168 2154 3224 elevet
2186 3168 2452 3239 quispiam
2489 3168 2694 3237 virgam
2728 3176 2785 3223 et
2819 3168 3018 3223 exaltet
3049 3168 3297 3225 baculum
3336 3172 3403 3225 ad
3436 3187 3560 3240 per-

1981 3258 2291 3315 cutiendum
2319 3274 2478 3329 quem
2507 3260 2756 3327 voluerit,
2792 3268 2847 3314 et
2879 3261 2995 3331 ipsa
3032 3263 3179 3331 virga
3226 3278 3290 3318 ac
3334 3264 3561 3321 baculus

1981 3348 2294 3420 glorientur,
2338 3356 2393 3404 et
2431 3348 2613 3403 dicant
2646 3363 2677 3403 a
2712 3363 2772 3403 se
2800 3363 3115 3418 percussum
3143 3366 3286 3418 esse,
3314 3354 3404 3422 qui
3431 3370 3557 3424 per-

1983 3454 2170 3493 cussus
2199 3446 2283 3494 est
2309 3456 2322 3492 :
2353 3438 2434 3493 sic
2460 3447 2517 3494 et
2557 3447 2611 3494 tu
2640 3454 2760 3493 cum
2798 3455 3063 3513 organum
3110 3442 3202 3498 Dei
3253 3443 3420 3499 fueris
3460 3460 3559 3499 vo-

1983 3527 2224 3593 luntatis,
2249 3528 2471 3599 erigeris
2501 3529 2554 3585 in
2583 3532 2910 3600 superbiam,
2931 3541 2982 3586 et
3005 3542 3197 3587 cuncta
3219 3548 3338 3602 qua:
3365 3549 3562 3604 gerun.

1986 3626 2072 3674 tur
2098 3658 2113 3687 ,
2155 3626 2258 3676 tua:
2297 3617 2547 3691 gloriaris
2584 3619 2750 3677 fuisse
2789 3621 3019 3675 virtutis.
3078 3620 3345 3691 Quidquid
3378 3634 3560 3679 autem

1983 3711 2205 3781 Assyrio
2233 3710 2450 3776 dicitur,
2479 3719 2535 3765 et
2560 3708 2626 3764 ad
2649 3708 3024 3765 haereticorum
3047 3712 3375 3781 superbiam,
3409 3722 3462 3768 et
3493 3714 3562 3769 ad

1986 3802 2256 3856 diabolum
2303 3800 2497 3857 referri
2537 3810 2734 3870 potest,
2792 3801 2883 3869 qui
2932 3802 3158 3863 securis,
3208 3811 3264 3856 et
3313 3817 3463 3857 serra
3508 3814 3565 3858 et

1988 3895 2138 3961 virga
2179 3893 2235 3946 iu
2273 3891 2567 3960 Scripturis
2611 3890 2949 3961 appellatur:
2982 3906 3048 3946 eo
3092 3892 3233 3960 quod
3275 3908 3371 3962 per
3414 3893 3563 3948 illum

1986 3983 2330 4037 infructuosa).
2367 3981 2585 4035 arbores
2619 3980 2983 4045 succidantur,
3008 3987 3063 4035 et
3087 3980 3372 4046 dividatur,
3400 3970 3566 4051 atque

1989 4082 2230 4128 scrretur
2249 4069 2643 4126 incredulorum
2667 4069 2886 4136 duritia,
2913 4080 2970 4125 et
2990 4070 3360 4140 percutiantur
3390 4071 3562 4140 virga,

1914 4164 2081 4259 uni
2132 4179 2237 4219 non
2292 4161 2560 4232 recipiunt
2622 4159 2980 4259 disciplinain.
3049 4159 3297 4214 Iiseretici
3352 4175 3566 4230 quoque

1993 4269 2221 4326 quorum
2259 4268 2322 4308 os
2355 4253 2409 4307 in
2448 4251 2585 4305 ctelo
2617 4250 2835 4321 ponitur
2867 4258 2922 4305 et
2947 4248 3126 4320 lingua
3172 4251 3461 4319 pertransit
3511 4252 3566 4307 in

1991 4355 2402 4409 terra,sensum
2453 4356 2615 4412 quem
2664 4341 2733 4396 ab
2778 4356 2843 4396 eo
2888 4340 2943 4395 in
2996 4340 3190 4395 bonam
3233 4353 3440 4412 partem
3478 4357 3568 4398 ac-

1990 4437 2232 4507 ceperint
2282 4434 2575 4489 abutuntur
2629 4433 2686 4488 in
2741 4431 3068 4489 contrarium
3124 4445 3285 4502 atque
3342 4448 3566 4503 perver-

1990 4542 2128 4591 sum,
2161 4534 2219 4580 ut
2246 4524 2534 4593 loquantur
2555 4532 2744 4579 contra
2769 4538 2893 4577 eum
2924 4537 2955 4576 a
2981 4536 3087 4592 quo
3114 4522 3313 4577 conditi
3343 4531 3488 4589 sunt,
3512 4533 3570 4579 et

1990 4616 2184 4688 lingua:
2215 4616 2576 4671 ministerium
2604 4630 2712 4686 quo
2738 4614 3031 4670 laudandus
3060 4623 3144 4670 est
3169 4615 3426 4671 Dominus
3449 4632 3571 4670 vcr-

1993 4717 2109 4763 tant
2132 4709 2186 4762 in
2220 4707 2628 4779 blasphemiam.
2670 4707 2738 4762 Et
2765 4709 3018 4778 quoniam
3061 4718 3203 4763 terra
3232 4723 3440 4773 eorum,
3468 4709 3569 4762 hoc

1990 4808 2099 4867 est,
2139 4799 2249 4854 vita
2292 4800 2623 4870 temporalis,
2663 4815 2770 4870 qua
2812 4800 2998 4855 vivunt
3033 4800 3088 4854 in
3121 4801 3224 4855 hoc
3255 4801 3452 4854 mundo
3486 4815 3569 4853 re-

1992 4890 2133 4961 pleta
2178 4899 2263 4946 est
2302 4892 2503 4946 erroris
2539 4891 2751 4955 delicto,
2797 4890 2853 4945 in
2899 4888 3081 4945 futuro
3121 4889 3331 4944 Domini
3365 4888 3568 4957 judicio

1995 4982 2344 5052 subjiciantur
2367 4992 2569 5039 aeterno
2601 4991 2889 5038 tormento.

314 4994 464 5050 saepe
492 4980 620 5035 dicti
648 4981 786 5036 Medi
809 4990 1116 5053 suntatque
1140 4983 1335 5048 Persae,
1366 4992 1556 5040 contra
1575 5000 1711 5055 quos
1734 5000 1894 5041 arcus

1234 5217 1532 5293 LIBER
1584 5214 2034 5292 DECIMUS
2097 5212 2643 5335 SEPTIMUS.

1767 5354 2142 5372 _—

398 5451 621 5512 Vellem,
652 5447 696 5504 si
720 5463 951 5518 possem,
980 5447 1287 5502 vaticinium
1312 5444 1559 5501 Ieremia:
1583 5450 1770 5498 contra
1794 5441 1898 5495 Ba-

327 5541 579 5611 bylonem
613 5554 721 5593 uno
750 5538 887 5592 libro
915 5536 1385 5607 comprehendere,
1414 5535 1506 5590 sed
1535 5533 1659 5602 quia
1687 5531 1902 5602 prolixi-

331 5640 417 5688 tas
460 5631 728 5686 sermonis
770 5645 875 5683 non
921 5627 1080 5691 sinit,
1128 5627 1180 5680 in
1227 5626 1361 5681 duos
1406 5625 1572 5678 libros
1621 5621 1905 5691 dispertire

2007 5440 2136 5496 illud
2177 5438 2384 5493 decrevi
2419 5455 2432 5491 :
2462 5437 2532 5489 ita
2563 5449 2777 5505 quoque
2814 5439 2872 5487 ut
2900 5441 3021 5502 post
3046 5432 3232 5503 plagas
3250 5439 3575 5487 memoratas

2003 5528 2308 5600 Babylonis,
2339 5541 2474 5595 quas
2494 5528 2640 5595 prior
2668 5525 2803 5578 liber
2828 5539 2891 5578 ex
2919 5530 3070 5592 parte
3093 5531 3298 5588 narrat,
3328 5523 3575 5576 exhorta-

2010 5620 2204 5675 tionem
2244 5616 2518 5687 propheta:
2552 5614 2618 5668 ad
2665 5612 2877 5668 Iudaeos
2928 5612 3220 5667 secundum
3274 5608 3571 5675 historiam,
