3970 6190
551 289 687 350 H39

1185 286 1248 340 Β.
1287 283 1536 339 RABA‘NI
1577 283 1794 340 MAUBI
1831 283 2147 339 ARCHIEP.
2188 281 2496 340 MOGUNT.
2535 279 2818 337 OPERUM
2852 281 3032 338 PARS
3072 283 3162 338 Ill.

3601 285 3703 340 “60

549 401 633 458 vel
645 404 807 458 etiam
827 401 894 456 ad
913 399 1096 455 lideles
1117 397 1410 454 secundum
1433 395 1688 466 mystieos
1717 411 1926 458 sensus,
1950 405 2012 450 nt
2038 395 2122 449 fu-
2147 400 2197 458 Α
2226 403 2431 448 tantum
2461 391 2596 447 dixit
2619 391 2822 446 salvate
2843 431 2859 456 ,
2887 393 2978 448 sed
2999 391 3292 447 secundum
3319 390 3462 446 aliam
3487 393 3706 450 editionem

549 495 696 564 giant
743 495 810 547 de
865 491 1040 544 medio
1085 488 1390 560 Babylonis,
1433 497 1488 540 et
1527 489 1594 540 de
1631 485 1944 541 confusione
1970 486 2124 540 istius

553 582 735 636 mundi
781 581 1050 636 salvantes
1087 579 1295 632 animas
1328 592 1490 641 suas,
1540 575 1814 645 sequentis
1862 575 1984 630 libri
2030 575 2126 628 ini-

553 673 684 726 tium
705 671 922 726 faciam.

627 779 647 812 ι
678 761 865 831 Fugite
887 761 952 813 de
971 761 1147 814 medio
1166 759 1473 830 Babylonis,
1495 763 1551 812 et
1571 757 1743 812 salvet
1762 757 2126 826 unusquisque

558 867 575 898 ι
607 848 837 902 animam
877 865 1048 901 suam.
1082 869 1100 899 ι
1155 847 1452 901 Audiamus
1493 862 1623 918 ergo
1662 846 1791 916 quid
1826 845 1910 900 his
1943 846 2032 914 qui
2072 846 2126 899 in

552 935 819 1006 Babylone
847 948 989 999 sunt,
1015 937 1107 989 Dei
1135 951 1312 989 sermo
1341 935 1631 1004 praecipzat.
1681 934 1892 1004 Fugite,
1933 933 2126 1003 inquit,

553 1029 618 1082 de
646 1029 819 1082 medio
847 1027 1148 1098 Babylonis,
1180 1043 1284 1080 non
1311 1025 1571 1096 gradatim
1591 1066 1606 1090 ,
1635 1040 1739 1080 non
1774 1024 2127 1095 pedetentim,

552 1121 649 1175 sed
688 1135 810 1174 cum
852 1121 1153 1182 velocitate,
1185 1136 1305 1173 cum
1343 1136 1502 1174 cursu
1529 1119 1712 1185 fugite,
1745 1120 1846 1173 hoc
1877 1126 1960 1172 est
1985 1119 2129 1173 enim

553 1212 759 1281 fugere.
801 1212 992 1282 Fugite
1029 1213 1095 1266 de
1125 1213 1296 1265 medio
1335 1211 1620 1282 Babylonis
1657 1211 1962 1280 quicunque
2002 1224 2132 1264 con-

551 1301 728 1356 fusam
752 1302 960 1354 habetis
980 1301 1212 1354 animam
1239 1316 1267 1354 a
1292 1301 1562 1354 variorum
1586 1299 1836 1368 passione
1853 1299 2128 1362 vitiorum,

553 1391 627 1446 ad
663 1407 760 1446 vos
791 1405 970 1444 sermo
1007 1391 1274 1460 dirigitur,
1330 1399 1386 1444 et
1429 1389 1558 1443 ntihi
1605 1404 1820 1459 quoque
1865 1388 1919 1442 id
1955 1389 2130 1458 ipsum

550 1479 787 1550 iubetur.
825 1479 1100 1548 Siquidem
1129 1479 1302 1534 adhuc
1321 1479 1372 1532 in
1397 1477 1710 1533 confusione
1737 1493 1858 1532 sum
1888 1478 2081 1531 mentis
2115 1493 2128 1530 :

553 1576 612 1622 et
645 1569 762 1622 ideo
786 1569 838 1622 in
873 1568 1143 1639 Babylone
1171 1584 1310 1622 sum.
1354 1567 1492 1634 Quid
1518 1583 1648 1638 ergo
1673 1568 1928 1637 praecepit
1951 1566 2134 1622 Deus?

557 1659 673 1712 Non
727 1661 858 1714 dicit
894 1677 908 1712 :
947 1661 1090 1714 exite
1130 1661 1196 1714 de
1238 1661 1413 1715 medio
1455 1659 1740 1730 Babylonis
1765 1699 1779 1721 ,
1835 1659 1938 1713 hoc
1989 1659 2133 1712 enim

2225 483 2523 548 resalvate,
2556 483 2819 552 appositio
2844 483 3063 554 syllaba:
3092 483 3352 554 significat
3377 495 3708 551 sacramentum,

2225 576 2350 644 quia
2392 575 2662 644 quondam
2702 583 2978 644 gustantes
3016 574 3277 636 salutem,
3313 582 3363 628 et
3393 576 3452 628 de
3477 592 3528 629 ea
3551 589 3713 646 propter

2223 676 2445 735 peccata
2492 675 2676 735 postea
2721 674 3034 720 corruentes
3077 667 3320 720 venimus
3353 666 3402 719 in
3444 665 3711 736 Babylonem.

2227 752 2389 822 Cujus
2419 755 2495 808 rei
2523 768 2686 808 causa
2713 761 2926 823 oportet
2963 768 3392 822 unumquemque
3426 754 3602 808 salvare
3633 755 3714 808 aui-

2228 861 2370 899 ntam
2417 860 2592 909 suam,
2645 853 2706 898 ut
2753 846 2972 914 incipiat
3011 861 3330 916 recuperare
3370 847 3497 914 quod
3527 847 3716 915 perdidit,

2229 934 2522 988 secundum
2546 934 2764 988 Petrum
2794 935 3095 1004 apostolum
3122 936 3197 990 ita
3227 937 3508 991 dicentem:
3533 956 3549 987 ι
3570 936 3719 1006 [lepor-

2231 1023 2464 1078 tabintus
2495 1023 2658 1078 linem
2685 1024 2808 1079 ﬁdei
2839 1025 3064 1080 salutem
3096 1026 3390 1080 animarum
3415 1026 3458 1097 (Ι
3488 1027 3605 1081 Patr.
3635 1029 3712 1098 ι).ι

2231 1112 2308 1168 De
2325 1129 2431 1184 qua
2461 1113 2629 1168 salute
2652 1114 3025 1184 exquisierunt
3048 1122 3104 1170 et
3122 1117 3342 1170 scrutati
3363 1126 3475 1170 sunt
3495 1119 3716 1186 prophetat,

2231 1207 2323 1274 qui
2355 1215 2573 1275 propter
2618 1215 2856 1260 nostram
2899 1207 3131 1276 gratiam
3176 1209 3604 1276 prophetaverunt.
3648 1208 3718 1262 Ve-

2235 1303 2534 1349 rumtamen
2567 1294 2620 1348 in
2642 1295 2796 1350 nobis
2820 1304 2903 1350 est
2933 1294 3119 1364 fugere
3146 1297 3211 1351 de
3247 1296 3506 1368 Babylone,
3530 1306 3574 1352 et
3595 1299 3635 1350 in
3656 1313 3720 1351 no-

2234 1393 2345 1440 stra
2399 1393 2486 1440 est
2525 1385 2755 1454 positum
2798 1393 3090 1455 potestate,
3147 1388 3191 1442 si
3233 1388 3448 1441 velimus
3478 1389 3720 1442 resuscitare

2235 1474 2378 1543 quod
2403 1477 2628 1528 corruit.

2311 1561 2530 1618 rNolite
2575 1571 2755 1618 tacere
2803 1579 2967 1634 super
3009 1565 3346 1636 iniquitatem
3391 1565 3512 1633 ejus,
3536 1564 3718 1633 quoniam

2243 1672 2262 1704 ι
2295 1663 2505 1724 tempus
2549 1655 2766 1710 ultionis
2811 1664 2900 1710 est
2943 1656 3193 1720 Domino,
3241 1656 3613 1710 vicissitudinem
3649 1658 3721 1726 ipse

558 1758 733 1818 potest
775 1751 892 1805 ﬁeri
943 1759 998 1804 et
1047 1751 1313 1821 gradatim
1347 1790 1363 1817 ,
1420 1751 1516 1806 sed
1577 1769 1595 1800 ‹
1625 1749 1789 1819 fugite
1838 1751 1902 1803 de
1959 1749 2134 1803 medio
2166 1747 2210 1804 Β
2243 1763 2262 1795 ι
2292 1746 2552 1800 retribuet
2593 1745 2663 1800 ei.
2693 1764 2712 1796 ι
2773 1745 2928 1812 Quod
2957 1745 3011 1799 in
3049 1745 3157 1800 alia
3195 1747 3420 1800 editione
3456 1747 3518 1798 ita
3552 1746 3718 1814 legitur:

560 1842 862 1912 Babylonis.
889 1863 908 1894 ι
965 1843 1106 1912 Ergo
1153 1849 1206 1896 et
1251 1843 1306 1896 in
1349 1856 1416 1896 eo
1438 1842 1579 1911 quod
1607 1842 1820 1904 dicitur,
1859 1859 1879 1892 ι
1915 1842 1978 1894 de
2019 1855 2132 1894 nic-

559 1932 698 1994 dio,»
743 1933 1003 1986 rationem
1037 1947 1219 2001 quer
1250 1933 1536 1987 sermonis.
1565 1932 1748 1986 Potest
1771 1933 1966 2001 quippe
2010 1945 2132 1985 eve-

2237 1857 2256 1890 ‹
2286 1837 2362 1892 Ne
2385 1839 2743 1909 projiciamini
2769 1839 3130 1908 iniquitatem.
3162 1859 3180 1891 ι
3222 1835 3496 1911 (Marinus)
3523 1836 3602 1901 Qui
3624 1839 3719 1890 enim

2233 1931 2461 1984 tacendo
2518 1930 2785 1984 consentit
2831 1944 3086 2000 perversa
3139 1930 3406 1984 voluntate
3437 1971 3450 1994 ,
3490 1938 3567 1982 aut
3610 1943 3720 1998 prava

560 2023 697 2086 nire,
725 2032 784 2076 ut
805 2023 998 2092 aliquis
1027 2025 1079 2076 in
1105 2025 1370 2094 Babylone
1398 2024 1489 2088 sit,
1518 2024 1610 2079 sed
1639 2039 1760 2077 cum
1792 2024 1842 2076 in
1872 2022 2132 2077 extremis
2226 2019 2445 2073 actione
2470 2019 2741 2088 iniquitati
2767 2019 3079 2092 Babylonis,
3110 2029 3168 2075 et
3193 2035 3298 2075 non
3324 2021 3482 2090 magis
3509 2019 3720 2088 reprehen-

556 2115 674 2184 ejus
705 2115 901 2169 ﬁnibus
929 2115 1264 2180 imntoretur,
1287 2115 1676 2184 quodammodo
1713 2125 1864 2168 extra
1905 2113 2130 2183 Babylo-

559 2219 684 2259 nem
730 2220 848 2260 esse
897 2207 1159 2260 videatur.
1207 2205 1364 2261 Aliud
1397 2214 1574 2261 autem
1623 2214 1707 2260 est
1745 2207 1798 2260 in
1848 2205 2135 2260 medietate

561 2295 846 2366 Babylonis
873 2297 1189 2363 consistere,
1229 2305 1286 2350 ut
1331 2312 1400 2352 ex
1440 2297 1585 2352 omni
1626 2305 1778 2366 parte
1816 2295 2021 2366 mquale
2066 2294 2137 2349 sit

561 2387 827 2456 spatium,
873 2395 928 2440 et
959 2387 1030 2439 ita
1080 2387 1132 2440 in
1173 2387 1428 2455 umbilico
1468 2387 1604 2457 ejus,
1658 2387 1810 2456 quasi
1863 2387 1915 2440 in
1960 2385 2136 2441 medio

559 2475 738 2530 cordis
767 2475 1014 2528 animalis
1041 2475 1264 2530 habitet.
1331 2475 1502 2530 Sicuti
1541 2477 1685 2530 enim
1733 2475 1980 2530 animalis
2023 2491 2137 2530 me-

563 2565 736 2619 dietas
771 2579 868 2618 cor
897 2573 1007 2628 est,
1036 2573 1091 2618 et
1121 2565 1172 2619 in
1201 2565 1487 2636 Evangelio
1543 2567 1837 2622 secundum
1886 2567 2088 2622 Lucam
2119 2584 2132 2619 :

568 2674 588 2705 ‹
613 2655 720 2710 Cor
742 2663 898 2709 terra:
927 2653 1077 2726 (Luc.
1110 2655 1262 2728 xvn),
1293 2675 1311 2708 ›
1341 2656 1600 2712 medietas
1629 2668 1786 2712 terrm
1808 2658 2132 2714 nominatur.

566 2744 658 2800 Sic
681 2744 812 2798 mibi
845 2745 1074 2810 videtur,
1099 2753 1154 2798 et
1183 2746 1234 2799 in
1265 2745 1548 2802 Ezechiele
1572 2749 1773 2801 dictum
1798 2761 1813 2800 :
1847 2767 1863 2797 ι
1889 2746 1946 2800 In
1975 2748 2138 2804 corde

567 2833 733 2888 maris
771 2834 943 2903 posita
993 2834 1164 2904 Tyrus
1195 2834 1411 2906 (Ezech.
1446 2835 1620 2904 xxvr),
1648 2854 1668 2887 ι
1697 2844 1752 2891 et
1784 2851 1926 2891 nunc
1948 2851 2139 2906 pecca-

570 2935 711 2981 tores
753 2927 819 2982 de
853 2927 1029 2982 medio
1069 2927 1374 2998 Babylonis,
1418 2928 1521 2984 hoc
1565 2935 1665 2992 est,
1708 2929 1775 2983 de
1811 2929 1972 2984 corde
2023 2929 2141 2999 ejus

569 3021 752 3091 fugere
777 3021 990 3076 debere.
1037 3022 1224 3094 Fugite
1259 3038 1386 3094 ergo
1425 3026 1492 3080 de
1535 3025 1710 3080 medio
1747 3024 2050 3097 Babylonis,
2081 3033 2141 3079 ut

2233 2108 2375 2164 derit
2397 2124 2535 2172 eam,
2563 2112 2831 2180 particeps
2853 2123 2936 2166 est
2966 2110 3153 2165 delicti
3176 2108 3291 2178 ejus
3312 2119 3364 2165 et
3393 2125 3583 2164 consors
3603 2107 3722 2161 vindi-

2235 2209 2356 2254 ctaa.
2385 2200 2520 2254 Cum
2561 2209 2741 2256 autem
2771 2201 2894 2271 quis
2915 2200 3085 2256 fuerit
3108 2202 3164 2256 in
3188 2201 3391 2270 justitia
3415 2199 3661 2270 Babylonis,
3689 2206 3724 2249 et

2235 2305 2341 2344 non
2387 2291 2560 2361 egerit
2613 2292 3007 2361 paenitentiam,
3053 2301 3185 2348 tunc
3233 2306 3538 2362 consequens
3579 2301 3656 2352 est.
3684 2303 3724 2344 ιιι

2240 2382 2572 2453 projiciatur.
2595 2383 2832 2440 Observa
2863 2399 2990 2440 vero
3019 2383 3356 2455 Scripturam
3381 2383 3624 2454 quomodo,
3641 2380 3721 2432 licet

2236 2494 2306 2534 ex
2329 2480 2551 2534 Hebraea
2577 2479 2754 2551 lingua
2777 2480 2830 2533 in
2852 2479 3104 2534 Graecum
3126 2481 3198 2535 sit
3219 2480 3484 2542 translata,“
3503 2487 3722 2532 sermonem

2239 2575 2610 2641 nihilominus,
2647 2585 2908 2644 quantum
2976 2575 3220 2645 recipere
3268 2581 3436 2644 potest
3483 2566 3723 2624 dillereutias

2237 2668 2552 2732 verborum,
2581 2666 2952 2736 signiﬁcanter
2981 2665 3326 2734 expresserit.
3355 2663 3482 2716 Dicit
3515 2659 3663 2728 quippe
3688 2652 3720 2704 in

2239 2759 2346 2814 alio
2399 2759 2516 2814 loco
2547 2776 2562 2812 :
2596 2778 2614 2810 ι
2643 2759 2790 2828 Elegi
2837 2758 3082 2828 abjectus
3135 2772 3254 2812 esse
3303 2757 3352 2809 in
3401 2757 3538 2809 domo
3579 2746 3720 2803 llotttiti

2242 2850 2418 2925 (Paul.
2457 2849 2710 2922 ιιιχχιιι),
2741 2869 2757 2900 ι
2795 2857 2850 2903 et
2891 2865 2994 2903 non
3023 2851 3103 2902 ait
3139 2847 3417 2918 projectus.
3462 2843 3510 2897 lu
3547 2836 3720 2910 persenti

2245 2951 2426 2996 autem
2471 2956 2574 2993 non
2622 2940 2823 3008 posuit,
2849 2955 2914 2992 ne
2941 2937 3270 3005 :ibjiciamini
3301 2937 3351 2990 in
3379 2932 3599 3002 injustitia
3631 2929 3722 2993 ejus.

2243 3031 2338 3086 sed
2377 3049 2396 3080 ι
2428 3043 2496 3084 ne
2521 3027 2878 3100 projiciamini
2913 3027 2967 3081 in
2999 3027 3262 3098 injustitia
3299 3026 3426 3094 ejus.
3457 3041 3474 3074 ›
3518 3019 3640 3073 Aliud
3673 3020 3725 3066 est

571 3109 624 3163 in
657 3109 938 3165 medietate
977 3111 1262 3182 Babylonis
1301 3116 1629 3181 deserentes,
1676 3116 1730 3170 in
1780 3116 1974 3170 finibus
2023 3116 2140 3184 ejus
2169 3107 2214 3167 C
2248 3120 2390 3174 enim
2433 3119 2620 3189 projici
2645 3158 2660 3183 ,
2711 3117 2856 3171 aliud
2904 3114 3096 3185 abjici.
3152 3115 3300 3184 Quod
3340 3113 3471 3168 enim
3516 3109 3558 3162 in
3599 3107 3725 3172 despe

572 3201 842 3270 incipiatis
874 3217 1014 3267 esse,
1058 3219 1160 3256 non
1202 3203 1254 3257 in
1297 3205 1494 3258 medio.
1532 3205 1687 3272 Quod
1731 3207 1775 3260 si
1820 3206 1904 3262 cui
1936 3207 2146 3262 videtur

571 3293 881 3353 obscurum,
905 3293 983 3346 sic
1010 3294 1100 3347 fiet
1125 3293 1480 3349 manifestius.
1521 3296 1622 3362 Qui
1656 3297 1812 3350 valde
1839 3305 1924 3350 est
1951 3298 2148 3352 dimer—

575 3397 668 3435 sus
694 3382 745 3435 in
777 3383 938 3448 vitiis,
968 3384 1054 3437 hic
1079 3385 1285 3438 medius
1311 3385 1595 3456 Babylonis
1621 3387 1890 3441 habitator
1912 3396 2026 3454 est;
2054 3389 2143 3458 qui

574 3488 703 3528 vero
727 3473 980 3542 paulatim
1005 3474 1310 3543 relinquens
1343 3475 1560 3540 malum,
1593 3484 1836 3530 naturam
1882 3493 2032 3532 suam
2079 3479 2146 3533 ad

574 3561 796 3617 meliora
823 3572 1161 3629 convertens,
1199 3579 1304 3618 non
1337 3572 1444 3618 tam
1472 3566 1695 3635 coeperit
1725 3566 1950 3620 virtutes
1973 3568 2147 3638 possi-

575 3654 703 3707 dere
722 3669 882 3724 quam
903 3669 1124 3724 cupere:
1143 3655 1241 3710 iste
1259 3655 1383 3710 licet
1405 3671 1468 3711 ex
1498 3655 1672 3712 medio
1700 3657 1894 3728 fugerit
1924 3657 2148 3730 Babylo-

576 3746 688 3810 nis,
715 3757 890 3800 tamen
914 3747 1138 3802 necdum
1165 3748 1230 3803 de
1253 3749 1517 3818 Babylone
1551 3749 1817 3804 discessit.
1844 3749 2146 3806 Secundum

577 3838 875 3894 istiusmodi
901 3841 1264 3909 expositiones
1291 3842 1445 3896 docet
1471 3857 1654 3896 sacras
1680 3841 1886 3898 litteras
1909 3845 2143 3908 credere,

577 3945 644 3982 ne
674 3945 837 3983 unum
865 3931 1080 4000 quidem
1119 3934 1328 4000 apicem
1372 3931 1570 3986 habere
1612 3947 1842 3988 vacuum
1887 3935 2146 4002 sapientia

578 4020 692 4074 Dei.
749 4021 848 4086 Qui
890 4021 1032 4076 enim
1067 4022 1270 4076 homini
1303 4023 1564 4092 praecipit,
1591 4024 1777 4078 dicens
1805 4043 1820 4078 ι
1855 4043 1874 4077 ι
1912 4025 2023 4079 Non
2050 4041 2148 4094 ap-

575 4111 788 4180 parebis
849 4119 974 4164 ante
1039 4119 1386 4180 conspectum
1446 4127 1623 4165 meum
1682 4127 1884 4168 vacuus
1937 4114 2144 4182 (lt'xod.

2249 3213 2426 3266 ctione
2459 3220 2562 3275 est,
2611 3219 2665 3264 et
2717 3207 3037 3277 neglectum,
3090 3209 3194 3263 hoc
3237 3221 3341 3260 non
3383 3200 3634 3273 projicitur,
3665 3191 3724 3246 sed

2249 3301 2534 3372 abjicitur:
2566 3298 2706 3368 quod
2734 3313 2863 3352 vero
2889 3296 3024 3352 foris
3049 3298 3262 3367 penitus
3285 3311 3314 3348 a
3337 3293 3490 3348 salute
3509 3299 3554 3344 et
3574 3302 3598 3340 a
3614 3283 3726 3339 beati-

2250 3392 2435 3446 tudine
2466 3391 2697 3444 alienum
2735 3391 2840 3444 hoc
2864 3389 3170 3461 projicitur.
3226 3388 3371 3454 Quod
3409 3383 3592 3454 quidem
3627 3385 3666 3432 et
3691 3373 3723 3426 in

2249 3485 2358 3538 alio
2385 3483 2504 3538 loco
2533 3481 2769 3536 declarat
2793 3480 3077 3552 Scriptura
3115 3481 3313 3540 divina,
3349 3477 3546 3532 dicens:
3575 3491 3590 3522 ι
3610 3470 3723 3524 Duces

2248 3574 2432 3644 populi
2455 3573 2557 3628 mei
2584 3573 2932 3642 projicientur
2960 3584 3030 3626 ex
3058 3572 3216 3626 domo
3248 3567 3532 3624 deliciarum
3555 3569 3722 3614 suarum.

2247 3673 2469 3735 propter
2485 3666 2750 3734 pessimus
2777 3662 3083 3718 voluntates
3110 3676 3235 3718 suas
3261 3678 3275 3714 :
3305 3657 3426 3715 cieri
3451 3655 3571 3711 enim
3595 3659 3722 3704 eorum

2249 3769 2354 3807 non
2374 3754 2671 3822 proderunt
2690 3752 2770 3807 eis
2799 3751 2986 3823 (Mich.
3023 3751 3110 3825 tt).
3144 3769 3164 3802 ›
3213 3749 3288 3805 Ne
3320 3739 3652 3825 projiciamini,
3673 3735 3721 3784 in-

2247 3845 2386 3912 quit,
2419 3843 2756 3912 iniquitatem
2795 3824 3103 3914 Babylonis,
3149 3841 3272 3912 quia
3322 3849 3512 3905 terupus
3548 3824 3724 3919 vindicta:

2245 3935 2366 4005 ejus
2387 3943 2473 3990 est
2497 3933 2744 3988 Domino.
2782 3931 2918 3986 Miro
2944 3946 3107 3986 sensu
3137 3928 3386 4002 supplicia
3412 3925 3524 3978 dicit
3544 3920 3723 3984 irroga",

2247 4036 2468 4098 propter
2507 4026 2624 4097 ejus
2663 4024 2754 4093 qui
2785 4039 2846 4080 ea
2882 4024 3086 4094 patitur
3110 4023 3395 4077 ultionem:
3421 4012 3600 4087 quando
3626 4005 3720 4098 enim

2247 4119 2370 4187 quis
2413 4133 2516 4172 non
2571 4115 2910 4180 vindicatur,
2953 4113 3276 4184 relinquitur
3319 4097 3724 4187 impunituslixtc'

3837 1029 3839 1138 ι

3838 1215 3839 1302 ι

3837 1507 3839 1622 Ν

575 4201 756 4272 xxut),
787 4222 804 4254 ι
850 4202 1017 4256 multo
1065 4202 1186 4272 plus
1230 4203 1334 4256 hoc
1375 4202 1489 4271 ipse
1529 4204 1658 4272 agit,
1713 4219 1782 4259 ne
1823 4204 2021 4274 aliquid
2058 4221 2150 4260 va-
2249 4183 2479 4276 quenter
2520 4205 2722 4258 dixisse
2764 4216 2851 4258 me
2889 4203 3132 4268 tuemini,
3175 4202 3227 4256 id
3270 4198 3403 4269 quod
3441 4196 3488 4249 in
3518 4183 3722 4276 duodecim

574 4270 733 4348 cuum
790 4270 1085 4363 loquatur.—
1134 4295 1215 4349 Ex
1275 4270 1602 4364 plenitudine
1660 4295 1776 4364 ejus
1826 4270 2151 4365 accipientes
2248 4270 2524 4368 prophetis
2568 4296 2826 4366 scriptum
2866 4301 2991 4350 est:
3028 4311 3048 4344 ι
3075 4293 3145 4348 Et
3179 4307 3282 4346 non
3312 4286 3518 4344 visitabo
3544 4270 3722 4347 ευρετιί·

575 4386 848 4456 prophetae
879 4425 894 4451 ,
945 4400 1008 4440 ea
1056 4401 1178 4455 quae
1233 4396 1389 4441 erant
1445 4387 1510 4440 de
1563 4385 1888 4456 plenitudine
1937 4396 2149 4456 sumpta
2177 4446 2218 4456 _
2251 4388 2352 4442 lias
2393 4396 2603 4441 vestras
2645 4383 2858 4454 quando
2896 4383 3244 4447 fornicantur,
3274 4390 3325 4436 et
3353 4389 3499 4446 super
3521 4373 3722 4456 nurus-ve-

577 4446 888 4528 recinernnt
919 4492 932 4528 :
963 4485 1018 4528 et
1057 4475 1258 4530 idcirco
1304 4491 1516 4546 semper
1543 4446 1697 4530 sacra
1731 4477 2000 4530 volumina
2035 4446 2146 4546 spi-
2171 4446 2226 4504 Β
2249 4485 2392 4530 stras
2432 4476 2644 4544 quando
2690 4473 3014 4528 adulteram.
3049 4492 3069 4526 ι
3121 4472 3235 4526 Non
3275 4483 3430 4539 ergo.
3473 4472 3526 4518 αι
3567 4452 3718 4546 quidet"

579 4564 738 4616 ritum
769 4563 1117 4632 plenitudinis
1152 4567 1378 4636 spirant,
1414 4565 1651 4634 nihilque
1687 4573 1771 4622 est
1801 4567 1916 4621 sive
1945 4565 1996 4620 in
2024 4582 2149 4636 pro—

578 4655 792 4726 phetia,
841 4656 954 4710 sive
1004 4656 1056 4709 in
1094 4656 1244 4726 lege,
1295 4657 1408 4712 sive
1459 4657 1511 4710 in
1556 4657 1878 4728 Evangelia,
1931 4658 2044 4712 sive
2092 4658 2146 4712 in

575 4744 849 4814 Apostolo,
887 4746 1028 4814 quod
1068 4762 1172 4799 non
1211 4761 1242 4799 a
1279 4747 1608 4816 plenitudine
1633 4748 1825 4803 divina:
1852 4748 2149 4818 majestatis

577 4839 884 4892 descendat.
931 4836 1286 4903 Quamobrem
1331 4839 1536 4908 spirant
1578 4838 1736 4893 hodie
1769 4853 1887 4909 quae
1924 4839 1978 4894 in
2025 4854 2150 4894 san-

577 4933 678 4986 ctis
722 4929 1016 5000 Scripturis
1054 4939 1180 4984 sunt
1218 4930 1566 5001 plenitudinis
1609 4931 1793 4985 verba.
1835 4929 2015 4999 Spirat
2053 4946 2147 4986 au—

581 5033 686 5076 tem
737 5023 818 5076 his
857 5023 947 5090 qui
989 5021 1190 5075 habent
1231 5019 1416 5076 oculos
1465 5021 1534 5074 ad
1585 5020 1811 5074 videnda
1863 5021 2104 5075 cmlestia
2130 5059 2146 5085 ,

577 5121 632 5166 et
675 5127 832 5166 aures
883 5113 949 5165 ad
1001 5112 1261 5167 audienda
1301 5112 1505 5176 divina,
1550 5118 1607 5166 et
1650 5125 1810 5165 nares
1845 5111 1910 5163 ad
1937 5125 2001 5164 ea
2029 5125 2150 5179 qua:

579 5212 704 5259 sunt
740 5199 1086 5273 plenitudinis
1130 5202 1428 5258 sentienda.
1473 5202 1600 5256 llzec
1642 5201 1756 5256 dixi
1797 5202 1921 5271 quia
1949 5217 2055 5256 non
2080 5202 2151 5255 sit

580 5294 893 5362 simpliciter
934 5294 1163 5362 positum
1199 5311 1210 5346 :
1243 5292 1432 5364 Fugite
1472 5292 1538 5346 de
1574 5290 1860 5362 Babylone.
1897 5289 1990 5344 sed
2025 5303 2146 5343 cum

578 5389 939 5441 additamento
970 5385 1292 5449 necessario,
1325 5384 1490 5455 fugite
1522 5383 1588 5438 de
1627 5382 1802 5437 medio
1841 5379 2148 5450 Babylonis,

577 5487 634 5530 et
677 5476 940 5531 resalvate
985 5477 1351 5544 unusquisque
1395 5475 1628 5528 animum
1685 5487 1855 5526 suam.
1908 5469 2146 5523 Primum

577 5573 789 5629 oportet
821 5564 1002 5632 fugere
1045 5564 1110 5617 de
1150 5564 1324 5618 medio
1352 5563 1661 5633 Babylonis,
1693 5561 1884 5616 deinde
1911 5559 2148 5628 singulos

579 5656 784 5710 animas
831 5672 956 5711 suas
1003 5658 1270 5711 resaivare
1314 5671 1436 5712 cum
1488 5655 1736 5727 fugerint.
1793 5653 1974 5722 Neque
2019 5668 2146 5708 vero

2247 4567 2538 4628 mstimaut,
2567 4565 2708 4618 Deus
2729 4574 3042 4633 peccatores
3081 4564 3230 4634 punit
3274 4562 3448 4620 iratus,
3489 4549 3569 4607 sed
3603 4544 3638 4598 si
3669 4544 3719 4592 sic

2247 4655 2462 4724 expedit
2503 4655 2668 4724 loqui,
2694 4671 2885 4725 magna
2928 4655 3007 4708 ira
3051 4664 3153 4717 est,
3179 4671 3207 4706 a
3249 4652 3354 4705 Deo
3399 4647 3619 4700 tormenta
3650 4643 3718 4684 ιιοιι

2245 4745 2471 4816 perpeti.
2499 4745 2600 4812 Qui
2623 4745 2762 4798 enim
2785 4745 3024 4813 punitur,
3047 4743 3254 4798 etiamsi
3275 4743 3339 4794 ab
3360 4752 3419 4792 ea
3439 4746 3543 4804 qua?
3561 4727 3720 4816 νοοῆυπ

2247 4813 2755 4906 Dei'iracorripitur,
2771 4837 2837 4889 ad
2868 4837 2969 4890 hoc
2985 4825 3595 4906 punitur,utemendetur.
3625 4813 3719 4906 illo‘

2247 4929 2411 4990 mine,
2439 4929 2515 4982 ait
2533 4929 2716 4992 David,
2742 4942 2810 4982 ne
2833 4928 2884 4981 in
2909 4929 2985 4981 ira
3009 4936 3097 4981 tua
3119 4937 3308 4996 arguas
3328 4936 3422 4983 me,
3447 4925 3591 4981 nequ
3607 4909 3648 4996 in
3668 4901 3720 4953 {’1‘

2249 5033 2370 5072 rore
2398 5026 2489 5072 tuo
2513 5017 2776 5085 corripias
2801 5031 2885 5070 me
2917 5015 3086 5088 (Psal.
3115 4995 3210 5086 vi).
3239 5031 3257 5064 ι
3303 5009 3402 5064 Sed
3438 5004 3575 5060 etiam
3601 4995 3718 5090 si

2247 5109 2388 5179 θυῖε»
2420 5124 2584 5178 argue
2617 5081 2713 5161 llus
2743 5107 2796 5161 in
2829 5081 3058 5177 judicio,
3090 5113 3146 5159 et
3171 5081 3286 5158 non
3321 5101 3372 5153 in
3407 5081 3718 5179 furore._Ditil

2247 5177 2506 5252 .leremias
2533 5215 2545 5250 :
2577 5197 2820 5252 Invenies
2857 5207 3034 5250 autem
3077 5197 3236 5250 etiam
3263 5203 3316 5246 et
3341 5177 3714 5256 repromissione!!!

2253 5289 2364 5354 Dei,
2397 5289 2450 5342 in
2471 5266 2731 5358 quosdam
2757 5288 3153 5356 corruptionem
3181 5283 3316 5347 dari,
3353 5292 3463 5334 cum
3493 5273 3537 5361 in
3561 5269 3716 5361 col”?

2251 5379 2496 5433 cantibus
2512 5378 2711 5432 Christi
2739 5379 3034 5447 liliispmna
3056 5373 3388 5446 promittitur,
3403 5379 3462 5420 ne
3482 5359 3716 5447 miseria-tt:

2249 5471 2334 5524 dia
2365 5471 2672 5540 denegetur.
2724 5436 2990 5538 Scriptum
3015 5436 3099 5523 est
3129 5485 3141 5521 :
3180 5485 3198 5515 ι
3229 5465 3284 5518 Si
3309 5436 3714 5540 dereliquerintﬁlti

2249 5560 2364 5630 ejus
2398 5562 2566 5631 legem
2595 5575 2792 5623 meam,
2821 5570 2875 5616 et
2903 5563 2955 5615 in
2977 5561 3189 5630 judictis
3215 5557 3341 5612 meis
3363 5567 3457 5608 non
3481 5536 3712 5631 ambulare:

2249 5625 2357 5706 rint
2388 5669 2402 5705 :
2445 5625 2490 5705 si
2515 5650 2754 5721 justitias
2809 5667 2956 5706 meas
2978 5625 3392 5720 'profanaverint
3413 5679 3425 5702 ,
3465 5625 3644 5687 visitabo
3676 5625 3712 5667 in

2292 5854 2315 5881 ν.
