3970 6190
250 342 387 413 ιιει

1109 308 1474 401 Expositio
1517 329 1745 398 SUPER
1783 321 2151 395 inuenisti.
2196 365 2262 377 ρ-
2298 333 2425 388 LIB.
2469 320 2628 387 xvii.

3397 317 3533 383 Ηΰῇ

247 474 404 541 Virga
433 436 683 523 facinora
698 464 906 524 eorum,
941 467 998 517 ‘et
1035 458 1089 514 in
1136 459 1358 528 ﬂagellis
1408 457 1720 526 iniquitates
1761 469 1847 509 εον
1874 458 1921 515 Α
1953 448 2291 519 temperavit,
2324 455 2383 502 ut
2413 447 2531 517 quis
2558 448 2747 502 videns
2800 445 3048 499 decorem
3087 442 3234 509 auri,
3277 438 3401 499 dum
3442 459 3536 498 ra-

251 540 376 613 rum
417 551 894 611 :.misericordiam
935 558 1116 604 autem
1167 564 1345 604 meam
1382 564 1491 605 non
1543 540 1847 617 dispergam

246 652 322 703 ab
349 662 428 703 eis
451 642 625 718 (Psal.
658 639 942 705 LXXXVIII).
968 659 986 691 ι
1037 639 1142 693 Ista
1182 636 1690 705 considerans,vide
1718 650 1851 703 quo-

248 741 416 797 modo
442 735 671 793 necdum
700 748 861 804 pinna
907 730 1099 802 dignus
1121 731 1210 795 sit,
1235 731 1324 799 qui
1349 744 1517 799 usque
1537 729 1589 781 in
1613 741 1850 796 praesens

252 847 468 906 tempus
521 826 814 887 committit
867 824 1072 880 scelera
1107 863 1123 888 ,
1171 838 1270 878 nec
1311 823 1552 893 punitur.
1596 817 1851 873 Visitatio

247 929 455 997 quippe
502 922 597 977 Dei
646 935 745 993 per
783 916 990 972 visitati
1038 923 1304 970 tormenta
1341 919 1690 967 monstratur.
1744 908 1913 979 Quiﬁ

254 1029 437 1073 autem
465 1028 699 1086 peccans
721 1008 1032 1078 corripitur,
1063 1006 1247 1062 nescio
1276 1005 1405 1076 quid
1427 1004 1476 1059 ei
1501 1010 1759 1059 excurrat
1783 1016 1850 1056 ex

254 1126 439 1181 pmna.
464 1109 586 1162 llaec
607 1111 831 1175 propter
846 1103 948 1156 hoc
974 1099 1119 1170 quod
1138 1099 1339 1154 dictum
1361 1105 1447 1152 est
1473 1114 1487 1151 :
1519 1116 1537 1149 ι
1561 1095 1688 1165 quia
1717 1102 1851 1150 tem-

252 1216 358 1272 pus
377 1200 625 1257 vindicue
642 1195 759 1265 ejus
775 1212 803 1248 a
821 1193 1047 1249 Domino
1072 1198 1207 1258 est.)
1237 1189 1492 1260 Sequitur
1512 1194 1525 1241 ‘:
1559 1207 1577 1237 ι
1600 1186 1853 1242 Retribu-

253 1303 462 1347 tionem
487 1290 599 1359 ipse
615 1285 877 1343 retribuet
897 1283 944 1338 ei
964 1296 978 1336 :
1001 1296 1021 1336 ι
1048 1298 1153 1336 non
1181 1296 1276 1351 per
1297 1278 1574 1333 ministros
1594 1277 1854 1331 retribuet

254 1383 512 1457 Babyloni
552 1381 725 1445 Deus,
767 1377 862 1432 sed
908 1376 1021 1444 ipse
1073 1373 1341 1428 retribuet
1383 1371 1529 1440 quod
1590 1375 1848 1422 meretur.

254 1474 394 1531 Volo
422 1472 675 1544 quiddam
706 1468 889 1523 dicere
933 1466 985 1520 in
1024 1463 1391 1519 additamento
1427 1458 1765 1548 pronominis
1795 1457 1850 1512 in

254 1578 327 1619 co
349 1563 491 1633 quod
528 1560 791 1630 scriptum
813 1564 900 1612 est
922 1556 1029 1625 ipse
1060 1568 1074 1607 :
1111 1571 1130 1605 ι
1160 1551 1278 1623 Ipse
1309 1550 1528 1615 etenim,
1560 1550 1656 1615 ait,
1690 1548 1850 1603 retri-

253 1655 536 1710 butionem
592 1650 856 1706 retribuet
907 1647 980 1701 ei.
1018 1665 1041 1698 ι
1100 1645 1221 1701 Non
1274 1643 1525 1702 omnibus
1566 1643 1708 1698 Deus
1740 1657 1849 1697 ,ιε-

256 1743 469 1798 tribuet
507 1755 626 1811 quae
662 1745 959 1802 merentur,
999 1736 1093 1792 sed
1129 1743 1255 1795 sunt
1279 1735 1498 1806 quidam
1532 1734 1729 1804 quibus
1756 1748 1852 1802 per

255 1833 395 1890 alios
442 1809 693 1892 restituit,
739 1828 853 1884 sive
887 1827 1117 1897 puniens
1163 1841 1276 1891 eos,
1312 1841 1406 1881 seu
1450 1825 1727 1879 medicans
1755 1836 1852 1894 per
1882 1809 1927 1866 Β

254 1923 525 1986 dolorem,
539 1930 599 1975 ut
620 1921 673 1975 in
698 1919 924 1975 Psalmis
949 1918 1290 1973 continetur:
1313 1916 1495 1995 inlisit
1515 1916 1577 1971 in‘
1596 1931 1690 1972 eos
1708 1914 1859 1970 furo-

257 2026 376 2068 rem
399 2014 492 2068 irae
512 2028 646 2077 sum,
663 2011 923 2075 furorem,
945 2017 1001 2064 et
1029 2009 1187 2072 iram,
1211 2014 1277 2067 ct‘
1296 2007 1622 2078 angustiam,
1652 2006 1856 2060 immiss

254 2108 468 2163 sionem
510 2120 605 2175 per
650 2103 868 2175 angelos
908 2102 1178 2174 pessimos
1217 2098 1388 2172 (Psal.
1419 2097 1649 2168 Lxxvn).
1682 2115 1702 2149 ι
1762 2097 1858 2153 llis

257 2214 368 2254 non
394 2199 509 2269 ipse
533 2196 800 2261 restituit,
827 2196 920 2251 sed
947 2197 1014 2249 ad
1046 2193 1457 2249 retributionem
1484 2206 1672 2246 eorum
1696 2191 1855 2246 mini-

256 2288 392 2344 stris
423 2303 552 2342 usus
577 2294 664 2341 est
701 2285 911 2357 angelis
955 2284 1224 2356 pessimis,
1259 2291 1316 2337 et
1342 2280 1462 2335 aliis
1492 2278 1718 2337 forsitan
1746 2294 1855 2334 non

258 2395 362 2450 per
386 2378 554 2433 malus
578 2376 798 2448 angelos
820 2375 1016 2440 reddit,
1037 2374 1136 2430 sed
1151 2388 1249 2443 per
1270 2373 1461 2437 bonos,
1487 2379 1545 2424 ut
1570 2370 1622 2424 in
1643 2370 1855 2439 εἰς»,αυὶ

255 2490 355 2539 pro
406 2467 697 2524 sceleribus
750 2465 1066 2537 puniuntur.
1132 2463 1405 2533 Multaque
1455 2461 1758 2517 istiusmodi
1805 2460 1852 2516 si

259 2561 572 2630 Scriptores
597 2558 856 2613 scruteris
882 2555 1145 2615 invenies.
1180 2554 1275 2609 Est
1301 2562 1480 2607 autem
1509 2552 1724 2621 quando
1749 2552 1852 2606 mi-

256 2657 559 2712 nistrorum
587 2651 765 2709 cilicio
794 2649 1052 2715 refutato,
1086 2648 1497 2705 retributionem
1547 2646 1690 2705 Deus
1737 2645 1854 2715 ipse

260 2745 524 2810 restituit,
553 2751 614 2799 ut
637 2758 781 2799 nunc
815 2739 1096 2812 Babyloni.
1129 2736 1315 2793 Timeo
1338 2735 1596 2807 quiddam
1636 2735 1852 2793 obscuri

257 2837 316 2892 in
342 2836 461 2891 loco
487 2833 776 2889 manifesto
801 2832 1164 2902 interponere,
1198 2828 1339 2899 quod
1372 2826 1506 2882 mihi
1534 2826 1747 2881 videtur
1769 2826 1850 2879 la-

258 2938 379 2983 tere
408 2928 453 2983 si
499 2935 727 2982 taceam.
780 2924 1161 2980 Verumtamen
1199 2919 1502 2977 audendum
1535 2926 1621 2975 est
1659 2917 1854 2974 saltem

259 3034 435 3093 pauca
462 3019 857 3091 perstringere,
888 3016 1102 3086 quando
1136 3022 1262 3070 sunt
1290 3013 1509 3068 vulnera
1550 3011 1747 3075 facilia,
1795 3020 1854 3067 et

261 3120 508 3188 prompta
541 3111 771 3167 curatio.
812 3108 1050 3163 Medicus
1074 3106 1241 3165 mittit
1269 3120 1486 3162 servum
1520 3118 1697 3169 suum,
1726 3102 1851 3157 mit-

262 3206 329 3259 tit
354 3202 696 3272 discipulum,
735 3207 791 3257 et
824 3214 927 3270 per
975 3212 1097 3253 eum
1143 3196 1486 3267 languentem
1527 3194 1849 3260 medicatur,

260 3309 439 3365 neque
483 3294 626 3349 enim
668 3306 861 3362 magna
905 3298 1031 3346 sunt
1080 3288 1323 3343 vulnera.
1392 3286 1589 3343 Evenit
1635 3298 1854 3357 quoque

260 3384 571 3455 aliquoties,
597 3390 656 3437 ut
687 3381 942 3438 sectionis
966 3387 1023 3436 et
1051 3377 1180 3433 ferri
1207 3377 1443 3449 indigeat
1475 3376 1565 3445 qui
1605 3386 1849 3442 sanatur,

260 3484 501 3530 attamen
530 3488 637 3529 non
675 3473 789 3542 ipse
826 3462 1069 3545 medicus
1102 3468 1278 3539 pergit
1321 3466 1387 3522 ad
1430 3480 1576 3537 eum,
1626 3466 1723 3522 sed
1761 3467 1855 3522 eli-

260 3581 400 3637 gens
419 3579 584 3619 unum
614 3579 680 3619 ex
708 3561 1003 3633 discipulis,
1035 3561 1127 3630 qui
1148 3572 1341 3615 curare
1367 3556 1566 3623 valeat,
1593 3573 1659 3614 eo
1684 3557 1853 3613 utitur

262 3646 517 3717 ministro
545 3676 557 3712 :
586 3656 801 3728 quando
823 3670 952 3710 vero
977 3652 1306 3708 insanabiles
1339 3651 1510 3722 plaga:
1532 3659 1679 3722 sunt,
1712 3661 1766 3707 et
1795 3651 1850 3705 in

263 3761 512 3807 emortua
541 3763 705 3806 carne
739 3740 847 3801 alta
879 3745 1104 3816 putredo
1135 3742 1432 3808 contabuit,
1475 3750 1530 3800 et
1556 3742 1612 3797 in
1644 3751 1851 3798 tantum

265 3844 410 3899 mala
434 3842 671 3897 valitudo
690 3846 794 3901 est,
821 3846 881 3892 ut
907 3851 1014 3893 non
1039 3835 1200 3901 servi,
1223 3833 1310 3889 vel
1336 3833 1603 3905 discipuli,
1631 3836 1720 3903 qui
1738 3835 1850 3904 jam

261 3950 436 4009 prope
457 3949 579 3989 eum
605 3947 702 4002 per
727 3930 1007 3987 scientiam
1030 3928 1162 3985 artis
1182 3935 1544 3992 accesserunt,
1566 3927 1660 3983 sed
1686 3927 1854 3996 ipsius

264 4024 513 4097 magistri
543 4024 791 4080 manibus
828 4022 1084 4091 indigeat,
1134 4028 1263 4077 tunc
1294 4020 1410 4092 ipse
1458 4021 1705 4075 manibus
1739 4034 1854 4075 me-

263 4119 422 4173 dicus
445 4116 767 4187 praecinctus
788 4112 999 4169 lumbos
1029 4112 1096 4167 ad
1119 4112 1415 4168 sectionem
1444 4110 1708 4167 teterrimi
1740 4110 1856 4165 vel»

267 4208 420 4263 neris
449 4207 770 4262 concitatur.
831 4202 1095 4258 Similiter
1123 4203 1307 4272 itaque
1338 4202 1553 4272 quando
1584 4209 1710 4258 sunt
1746 4202 1852 4257 mi-

266 4312 408 4354 nora
450 4306 696 4367 peccata,
725 4309 832 4350 non
873 4293 1109 4349 restituit
1140 4294 1283 4349 Deus
1327 4293 1440 4362 ipse
1481 4292 1852 4361 peccantibus,

266 4390 366 4445 sed
381 4389 502 4443 aliis
515 4389 686 4443 utitur
702 4386 963 4442 ministris
980 4398 1007 4439 :'
1022 4384 1236 4455 quando
1248 4398 1382 4441 vero
1402 4399 1500 4455 per
1516 4385 1709 4440 merita
1733 4396 1852 4450 sua,

1952 542 2152 597 diantis
2198 538 2397 595 metalli
2443 539 2843 611 pulchritudine
2898 537 3230 600 delectatur,
3289 546 3343 591 ct
3393 544 3538 591 totus

1948 633 2120 688 oculis
2143 632 2313 687 liceret
2337 632 2391 685 in
2422 632 2620 700 specie,
2661 645 2767 684 non
2823 629 3129 685 consideret
3166 628 3296 699 quid
3341 628 3538 682 intrin-

1949 737 2105 777 secus
2130 721 2323 786 latitet,
2347 728 2401 775 et
2425 721 2695 787 accipiens
2708 720 2929 774 calicem
2952 719 3125 783 bibat,
3153 719 3396 773 nesciens
3412 717 3538 772 calid-

1956 826 2067 870 ’ch
2106 806 2621 869 Nabuchodonosor.
2654 808 2922 882 lntelligcs
2961 823 3142 866 autem
3186 811 3410 866 calicem
3447 827 3541 864 au-

1950 923 2100 962 reum
2132 909 2183 963 in
2217 908 2473 978 praise-nti
2515 907 2868 970 nominatum,
2915 906 2959 961 si
2990 906 3388 971 animadvertas
3414 918 3538 974 pes—

1951 998 2210 1053 simorum
2235 999 2545 1069 dogmatum
2571 999 2735 1052 verba
2752 987 3049 1062 mortifera,
3073 996 3283 1066 qualem
3310 997 3543 1051 habeant

1951 1090 2397 1160 compositionem
2445 1104 2796 1152 sermonum,
2850 1087 3061 1156 qualem
3119 1088 3370 1142 decorem
3426 1087 3542 1142 clo-

1951 1181 2214 1251 quentiae,
2266 1181 2478 1249 qualem
2531 1196 2710 1236 rerum
2754 1180 3109 1244 divisionem,
3155 1188 3210 1233 ct
3249 1195 3543 1251 cognosces

1953 1283 2229 1345 quomodo
2260 1275 2633 1344 unusquisque
2653 1284 2955 1343 poetarum,
2991 1273 3081 1343 qui
3113 1281 3373 1343 putantur
3403 1274 3546 1344 apud

1951 1380 2079 1420 suos
2098 1366 2464 1432 disertissimi,
2482 1366 2710 1421 calicem
2733 1380 2955 1421 auremn
2982 1367 3385 1436 temperaverit,
3410 1380 3465 1423 ct
3489 1368 3542 1421 in

1952 1456 2121 1512 calice
2155 1471 2321 1511 aureo
2350 1472 2612 1512 venenum
2643 1456 2889 1526 injecerit
2937 1456 3273 1521 idololatrize,
3297 1466 3351 1511 et
3384 1470 3545 1512 vene—

1952 1565 2080 1604 num
2115 1548 2423 1622 turpiloquii
2452 1568 2465 1603 :
2495 1565 2761 1605 venenum
2808 1562 2995 1605 eorum
3023 1566 3143 1621 qua:
3187 1550 3423 1604 animam
3454 1551 3550 1605 ho-

1954 1642 2119 1709 minis
2152 1642 2472 1697 interimunt
2502 1644 2835 1713 dogmatum,
2859 1657 3125 1697 venenum
3156 1642 3278 1698 falsi
3309 1644 3548 1698 nominis

1956 1733 2216 1800 scientiae,
2242 1734 2338 1789 sed
2361 1749 2511 1790 meus
2536 1734 2693 1789 Jesus
2735 1743 2958 1790 econtra
2994 1733 3140 1790 fecit.
3180 1735 3370 1792 Sciens
3403 1736 3548 1791 enim

1957 1838 2180 1878 aureum
2210 1823 2436 1879 calicem
2466 1824 2690 1888 diaboli,
2722 1834 2774 1880 et
2804 1840 3115 1894 praecavens
3138 1838 3205 1881 ne
3240 1826 3438 1897 aliquis
3481 1826 3549 1881 ad

1958 1913 2117 1969 tidem
2149 1930 2303 1969 suam
2339 1914 2585 1980 veniens,
2618 1917 2988 1987 snsp'caretur
3022 1917 3186 1969 etiam
3227 1915 3429 1970 Christi
3470 1925 3552 1970 ta-

1955 2006 2061 2062 lem
2088 2022 2209 2063 esse
2236 2007 2483 2073 calicem,
2509 2007 2721 2076 qualem
2754 2007 3058 2076 reliquerit,
3094 2016 3149 2062 et
3174 2022 3273 2078 per
3295 2007 3553 2063 similitu~

1955 2098 2135 2154 dinem
2163 2098 2409 2153 materiae
2433 2097 2750 2154 formidaret
2778 2113 3020 2155 errorem
3048 2117 3060 2153 :
3092 2098 3213 2153 ideo
3235 2099 3463 2166 curavit,
3492 2110 3553 2154 ut

1955 2188 2280 2244 haberemus
2313 2184 2624 2244 thesaurum
2651 2189 2811 2244 istum
2836 2190 2888 2244 in
2918 2190 3062 2245 vasis
3091 2190 3363 2253 ﬁctilibus.
3395 2190 3551 2264 Smpe

1954 2280 2061 2334 vidi
2098 2295 2322 2335 aureum
2352 2279 2574 2336 calicem
2605 2280 2658 2334 in
2689 2280 2915 2351 pulchro
2948 2280 3214 2336 sermonis
3243 2288 3459 2349 ornatu,
3496 2295 3554 2339 et

1956 2370 2267 2441 dogmatum
2295 2386 2500 2426 venena
2527 2372 2910 2438 considerans,
2957 2372 3287 2443 deprehendi
3324 2374 3551 2430 calicem

1954 2464 2265 2537 Babylonis.
2288 2484 2306 2516 ι
2328 2465 2478 2520 Calix
2501 2481 2699 2522 aureus
2721 2465 2957 2537 Babylon
2987 2465 3040 2519 in
3064 2460 3225 2521 manu
3242 2466 3488 2522 Domini:
3523 2486 3543 2520 ι

1956 2571 2061 2610 non
2088 2563 2173 2609 est
2198 2567 2412 2625 semper
2436 2555 2573 2610 calix
2615 2570 2813 2611 aureus
2853 2555 3165 2627 Babylonis.
3195 2555 3328 2612 Cum
3365 2566 3549 2614 autem

1962 2647 2170 2702 venerit
2191 2647 2258 2702 ad
2287 2647 2604 2712 vindictam,
2631 2655 2686 2701 et
2712 2648 2765 2701 in
2794 2662 2956 2701 manu
2983 2646 3195 2702 Domini
3221 2648 3399 2719 posita
3435 2647 3552 2703 lues

1956 2737 2048 2803 rit,
2077 2746 2207 2793 tunc
2244 2737 2475 2793 efficitur
2523 2746 2692 2802 terra,
2735 2754 2856 2809 qua:
2889 2738 3163 2809 quondam
3210 2747 3353 2793 tacta
3379 2747 3464 2794 est
3495 2739 3551 2793 in

1954 2825 2055 2882 Job
2079 2816 2295 2897 :Ineque
2319 2843 2451 2883 vero
2466 2828 2670 2899 jugiter
2696 2828 2751 2895 in
2776 2842 2937 2883 manu
2967 2828 3177 2883 Domini
3202 2827 3510 2883 continetur
3533 2866 3551 2893 ,

1955 2920 2050 2974 sed
2081 2920 2300 2976 ultionis
2343 2929 2549 2976 tantum
2581 2930 2823 2993 tempore
2855 2938 2976 2978 cum
3009 2923 3237 2993 creperit
3276 2923 3326 2977 ei
3364 2923 3551 2977 Domi-

1956 3026 2060 3067 nus
2094 3012 2383 3067 restituere
2413 3013 2555 3083 quod
2588 3021 2848 3079 meretur,
2878 3022 3005 3069 tunc
3039 3013 3092 3068 in
3124 3029 3288 3068 manu
3313 3014 3431 3084 ejus
3459 3012 3551 3070 lict

1957 3100 2235 3157 inebrians
2262 3117 2479 3157 omnem
2521 3111 2741 3158 terram.
2787 3103 2892 3158 Iste
2917 3102 3058 3160 calix
3087 3119 3284 3159 aureus
3313 3104 3550 3174 Babylon

1955 3193 2249 3249 inebriavit
2279 3195 2586 3249 universam
2626 3204 2851 3250 terram.
2891 3193 3175 3262 Quomodo
3209 3204 3392 3251 autem
3431 3196 3550 3250 uni-

1953 3298 2169 3339 versam
2193 3284 2541 3340 inebriaverit
2578 3294 2803 3351 terram,
2841 3283 3002 3340 facile
3042 3285 3203 3352 scies,
3228 3286 3272 3355 si
3302 3284 3551 3342 conside-

1954 3375 2163 3430 raveris
2188 3389 2378 3430 omnes
2416 3373 2664 3431 homines
2704 3375 2903 3430 ebrios.
2958 3375 3297 3431 lnebriamur
3327 3376 3424 3441 ira,
3461 3377 3548 3432 in-

1954 3468 2236 3525 cbriamur
2266 3468 2507 3534 tristitia,
2539 3468 2872 3524 incbriamur
2913 3478 2970 3525 et
3004 3479 3206 3536 mente,
3249 3470 3551 3525 excidimus

1955 3575 2163 3627 amore,
2193 3561 2649 3630 concupiscentiis
2670 3570 2725 3615 et
2752 3577 2887 3616 vana
2913 3562 3100 3632 gloria.
3125 3562 3335 3631 Quanta
3354 3564 3547 3634 pocula

1956 3653 2361 3724 temperaverit,
2388 3663 2521 3724 quot
2551 3641 2831 3709 ebrietatis
2853 3656 3158 3723 porrexerit
3181 3657 3396 3723 calices,
3420 3658 3550 3727 quid

1961 3760 2190 3801 necesse
2218 3753 2301 3807 est
2332 3745 2547 3800 dicere?
2581 3764 2598 3795 ι
2625 3745 2775 3800 Calix
2806 3758 3004 3801 aureus
3018 3745 3253 3816 Babylon
3274 3747 3550 3803 inebrians

1955 3852 2172 3893 onmem
2191 3846 2417 3893 terram.
2442 3858 2461 3890 ι
2482 3837 2867 3894 Animadverte
2884 3854 3098 3893 omnem
3116 3847 3316 3894 terram
3336 3841 3547 3910 plenam

1954 3944 2074 3986 esse
2104 3929 2357 4000 peccatis,
2390 3936 2443 3985 et
2469 3944 2576 3985 non
2614 3945 2823 4000 quaeres
2851 3930 3121 4000 quomodo
3152 3931 3387 4004 Babylon
3424 3950 3545 3989 om»

1956 4035 2080 4074 nem
2107 4028 2305 4075 terram
2338 4020 2707 4087 inebriavcrit,
2735 4022 2829 4078 sed
2864 4022 2910 4077 si
2939 4021 3079 4077 forte
3108 4023 3310 4079 videris
3339 4024 3545 4094 justum

1955 4109 2164 4164 ebrium
2194 4126 2298 4167 non
2327 4126 2448 4166 esse
2478 4114 2544 4167 de
2584 4112 2759 4167 calice
2792 4122 3159 4185 peccatorum,
3200 4114 3310 4169 noli
3355 4123 3547 4185 putare

1957 4201 2283 4273 scripturam
2330 4218 2450 4260 esse
2499 4208 2782 4283 mentitam
2839 4219 2959 4274 quae
2999 4205 3546 4262 dixerit:lnebrians

1958 4308 2173 4350 omnem
2196 4301 2419 4359 terram,
2454 4310 2576 4350 cum
2601 4297 2700 4352 iste
2729 4313 2834 4353 non
2868 4297 3167 4359 inebriatur
3188 4314 3219 4353 a
3253 4297 3543 4370 Babylone,

1959 4395 2011 4443 et
2038 4395 2218 4446 tamen
2257 4389 2520 4443 consistat
2564 4390 2616 4444 in
2662 4398 2825 4444 terra.
2853 4390 2989 4446 Audi
3041 4390 3166 4460 quia
3211 4390 3395 4460 justus
3436 4409 3544 4449 non

265 4483 461 4551 ingens
488 4480 760 4535 hominem
794 4477 1055 4546 aegritudo
1096 4475 1583 4546 comprehenderit,
1613 4486 1673 4531 ut
1712 4492 1857 4532 nunc
1881 4491 1936 4566 D’
1962 4479 2034 4533 sit
2082 4478 2134 4532 in
2189 4487 2332 4533 terra
2366 4496 2380 4535 ;
2429 4479 2657 4535 Omnem
2716 4491 2912 4537 terram
2969 4483 3200 4539 inebriat
3256 4486 3394 4541 calix
3445 4487 3547 4542 iste

263 4569 593 4640 Babylonem
638 4583 758 4641 quae
796 4567 1051 4639 gravibus
1087 4567 1319 4636 propria:
1358 4565 1576 4621 malitia:
1604 4573 1688 4621 est
1725 4582 1854 4622 con-

270 4660 420 4716 fossa
449 4660 782 4724 vulneribus,
828 4666 955 4713 tune
998 4656 1067 4712 ad
1107 4655 1514 4713 retributionem
1555 4657 1698 4712 Deus
1740 4658 1857 4727 ipse

266 4749 514 4805 festinat.
541 4746 727 4803 Simile
746 4746 1004 4816 quiddam
1030 4743 1156 4799 huic
1191 4743 1236 4798 si
1258 4743 1509 4812 requiris,
1536 4744 1778 4801 invenies
1802 4756 1859 4802 ει

266 4845 338 4899 de
375 4841 727 4906 Hierusalem,
753 4855 874 4910 quae
896 4840 946 4896 ei
974 4839 1271 4896 acciderint
1287 4848 1409 4909 post
1441 4841 1754 4911 prophetas,
1783 4840 1855 4901 ob

268 4937 349 5003 id,
382 4935 507 5006 quia
531 4936 780 4993 insidiata
809 4935 880 4991 sit
901 4935 1138 4991 Christo.

348 5047 369 5078 ε
405 5025 555 5080 Call:
580 5039 780 5080 aureus
806 5024 1043 5095 Babylon
1071 5025 1125 5080 in
1146 5040 1307 5081 manu
1327 5025 1556 5091 Domini,
1580 5026 1855 5083 inebrians

273 5141 291 5171 ι
329 5130 548 5173 onlnem
576 5125 795 5173 terram.
827 5116 903 5173 De
934 5119 1056 5174 vino
1088 5118 1205 5189 ejus
1228 5117 1483 5174 biberunt
1508 5134 1699 5176 omnes
1727 5129 1857 5191 gen-

271 5231 292 5262 a
333 5221 434 5273 tes,
463 5218 518 5266 et
550 5210 667 5264 ideo
693 5219 976 5265 commotae
996 5219 1119 5266 sunt
1143 5228 1158 5266 :
1183 5212 1362 5267 subito
1391 5212 1586 5268 cecidit
1615 5212 1856 5286 Babylon

273 5323 294 5354 ε
330 5312 386 5357 ει
426 5301 658 5356 contrita
682 5310 785 5357 est.
833 5321 852 5355 ι
907 5302 1104 5375 (0rig.)
1142 5302 1638 5360 Nabuchodonosor
1670 5303 1857 5361 volens

265 5394 523 5463 decipere
579 5394 825 5449 homines
867 5408 964 5463 per
1013 5394 1237 5450 calicem
1280 5394 1568 5467 Babylonis
1594 5396 1854 5462 dolosam,

266 5498 378 5540 non
402 5484 627 5539 miscuit
647 5484 699 5538 in
725 5497 853 5539 vase
881 5484 1053 5550 lictili,
1082 5497 1255 5555 quam‘
1274 5485 1500 5556 parabat
1537 5487 1815 5556 potionem
1842 5528 1857 5551 ,

267 5575 367 5630 sed
396 5584 569 5643 neque
618 5574 670 5629 in
714 5574 987 5644 paululum
1031 5576 1276 5643 meliore,
1308 5576 1486 5633 ferreo
1525 5579 1749 5645 scilicet,
1798 5588 1863 5635 et

268 5682 419 5722 aereo
441 5680 591 5730 vase,
624 5666 706 5720 vel
735 5674 983 5731 summo,
1004 5670 1224 5738 etquod
1255 5669 1355 5725 ista
1380 5671 1639 5740 praecellit
1662 5688 1858 5744 argen-

292 5773 361 5814 co
398 5776 411 5814 :
458 5773 646 5813 verum
697 5759 901 5828 eligens
951 5773 1049 5814 vas
1095 5773 1358 5826 aureum,
1400 5760 1455 5815 in
1493 5777 1559 5817 eo
1607 5764 1858 5832 poculum

557 5840 833 5911 ΡΑτιιοι..
878 5850 1039 5914 CXI.

1963 4586 2179 4626 aureus.
2213 4571 2398 4628 Justus
2424 4587 2555 4633 vero
2580 4590 2705 4628 eum
2734 4575 2804 4631 sit
2830 4591 2990 4644 super
3013 4583 3233 4644 terram,
3263 4593 3549 4636 conversa-

1962 4662 2165 4717 tionem
2195 4663 2248 4718 in
2279 4662 2432 4719 cmlis
2456 4663 2639 4729 habet,
2672 4673 2726 4719 et
2771 4675 2991 4736 propter
3015 4667 3119 4722 hcc
3148 4683 3255 4723 non
3293 4671 3548 4725 convenit

1962 4754 2189 4810 ulterius
2228 4754 2378 4824 justo
2423 4755 2573 4811 dici:
2612 4776 2629 4807 ι
2664 4757 2829 4812 Terra
2877 4771 2961 4819 es;
3000 4766 3055 4813 et
3108 4758 3160 4813 in
3193 4767 3394 4814 terram
3440 4760 3543 4814 ibis

1963 4842 2117 4916 (Gen.
2161 4848 2270 4917 ιιι).
2310 4866 2328 4899 ι
2373 4845 2481 4911 Sed
2525 4848 2570 4902 si
2629 4858 2849 4904 necesse
2901 4858 3007 4917 est,
3051 4851 3313 4907 audenter
3354 4851 3541 4921 loqui:

1860 4981 1869 4990 .
1961 4934 2096 4989 dicit
2113 4934 2264 5006 justo
2303 4935 2448 4992 Deus
2495 4937 2672 4994 adhuc
2720 4938 3035 4994 consistenti
3063 4953 3223 5010 super
3270 4947 3471 4995 terram
3525 4956 3537 4992 :

1955 5027 2163 5085 Caelum
2190 5044 2270 5094 es,
2294 5037 2348 5083 et
2380 5030 2432 5084 in
2459 5030 2657 5086 ctelnm
2676 5032 2836 5107 ibis:
2867 5040 3049 5101 portat
3076 5032 3220 5087 enim
3249 5030 3542 5103 imaginem

1957 5121 2214 5177 caelestis.
2246 5120 2434 5191 Igitur,
2464 5130 2526 5174 ut
2546 5122 2888 5187 concludam,
2918 5121 3057 5177 calix
3083 5137 3280 5178 aureus
3308 5122 3544 5179 inebriat

1957 5226 2173 5267 omnem
2220 5220 2443 5278 terram,
2497 5211 2551 5265 id
2597 5221 2683 5267 est
2725 5226 2914 5267 omnes
2963 5211 3032 5266 ab
3074 5226 3139 5267 eo
3187 5212 3540 5279 incbriamur,

1959 5302 2194 5372 quandiu
2223 5309 2367 5356 terra
2391 5316 2599 5355 sumus.
2635 5319 2653 5350 ι
2684 5300 2724 5353 Α
2749 5302 2874 5356 vino
2903 5299 3021 5369 ejus
3042 5300 3294 5355 biberunt
3318 5309 3505 5372 gentes
3524 5343 3541 5367 ,

1959 5403 2181 5466 propter
2208 5396 2309 5450 hoc
2332 5401 2616 5449 commotae
2640 5401 2804 5448 sunt:
2828 5411 2848 5446 ι
2873 5393 3014 5448 sicut
3042 5393 3095 5446 in
3126 5392 3210 5447 bis
3231 5392 3324 5463 qui
3353 5392 3544 5449 bibunt

1960 5486 2126 5541 istum
2151 5485 2241 5555 qui
2282 5485 2337 5539 in
2363 5499 2463 5539 usu
2499 5494 2581 5539 est
2602 5483 2712 5538 vini
2743 5484 3027 5552 liquorem,
3055 5483 3101 5538 si
3127 5497 3290 5551 super
3315 5483 3460 5538 sitim
3489 5493 3561 5539 ει·

1961 5591 2125 5650 super
2162 5590 2472 5631 mensuram
2512 5575 2747 5631 biberint
2791 5592 2805 5627 :
2849 5572 3094 5629 videmus
3123 5572 3259 5629 ebrii
3300 5572 3543 5644 corporis

1964 5679 2189 5738 motum,
2211 5669 2526 5726 vacillantes
2550 5670 2731 5740 pedes,
2757 5673 2918 5734 caput
2947 5681 3012 5722 ac
3041 5674 3281 5736 tempora
3312 5677 3545 5737 prmgraa

1963 5773 2108 5829 vata,
2132 5777 2194 5818 os
2232 5761 2570 5828 diss'olutum,
2594 5762 2830 5833 linguam
2857 5758 3246 5828 signiﬁcantem
3267 5759 3542 5816 sermoni“
