3970 6190
611 368 745 424 1165
1238 371 1297 424 Β.
1326 371 1587 453 ,ΠΑΒΑΝΙ
1626 371 1843 428 ΜΑυΒι
1880 371 2194 426 ARCHIEP.
2236 373 2538 428 MOGUNT.
2583 375 2863 432 Ol’E’ltUM
2902 377 3077 436 PARS
3111 382 3191 437 lli.
3607 398 3696 453 lilii

1319 447 1334 468 I

605 486 762 550 ebrii,
792 494 845 540 et
870 483 1194 539 haerentibus
1228 484 1382 538 labiis
1424 484 1588 539 verba
1624 485 1868 553 prateisa.
1913 481 2173 538 Similiter
2198 495 2248 551 Α
2277 485 2508 541 resinam
2536 491 2860 558 correptioni
2889 490 3186 562 Babylonis,
3233 497 3273 552 si
3298 507 3520 568 quomodo
3547 522 3701 566 sanare-

602 582 686 629 est
718 573 897 629 videre
925 588 1017 628 eos
1047 574 1135 642 qui
1173 574 1238 628 de
1276 573 1443 630 calice
1479 589 1644 629 aureo
1673 574 1904 632 biberint
1943 574 2170 645 Babylo-
2271 583 2379 638 tur,
2428 575 2671 632 fecerunt
2723 581 2866 649 quod
2915 582 3226 652 imperatum
3273 589 3438 657 fuerat,
3471 610 3705 667 acceperunt

602 679 708 731 ms,
740 664 1004 733 quomodo
1040 673 1373 729 moveantur,
1395 666 1662 735 quomodo
1704 665 1982 721 instabiles
2019 681 2170 736 gres-
2270 665 2501 720 resinam
2533 669 2600 722 ad
2623 673 3018 740 corrcptioncm
3045 675 3178 744 ejus,
3199 681 3446 739 audientes
3467 664 3590 755 posse
3611 693 3706 754 fieri,

599 770 662 811 su
725 756 862 821 sint,
913 757 1179 826 quomodo
1225 757 1495 812 debilitata
1545 766 1744 822 mente,
1792 765 1847 812 et
1879 757 2168 812 fluctuante
2269 757 2574 828 utBabylon
2603 759 2866 830 reciperet
2892 765 3276 834 sanitatem;et
3294 772 3404 840 quia
3423 779 3710 846 quodputave

599 856 792 900 cottatu
823 845 955 899 nihil
991 845 1132 900 firmi
1167 853 1402 911 teneant,
1427 845 1523 899 sed
1549 861 1760 915 semper
1783 847 1834 902 in
1863 847 2166 902 turbatione
2267 855 2408 911 rant,
2449 862 2553 902 non
2585 861 2924 918 repererunt,
2972 855 3201 926 Babylon
3240 862 3417 932 quippe
3443 868 3486 921 in
3514 845 3709 940 proposita

597 934 2164 1006 aganturincerti.«Biberuntgentes,proptereacommotte
2266 937 2464 991 malitia
2504 954 2877 1008 perseverans,
2929 943 3102 1001 noluit
3143 964 3198 1003 se
3235 953 3431 1020 curari,
3462 934 3713 1016 satisfaciam

595 1035 736 1091 sunt,
794 1036 848 1082 et
895 1028 1071 1083 subito
1112 1027 1302 1082 cecidit
1340 1026 1574 1097 Babylon
1625 1035 1677 1081 et
1721 1027 1951 1082 contrita
1999 1038 2098 1082 est.
2135 1047 2156 1081 ι
2262 1023 2386 1078 boni
2419 1027 2612 1082 medici
2637 1039 2691 1086 et
2717 1031 2944 1085 dicunt':

593 1117 817 1184 Quando
839 1126 1058 1188 repente
1098 1115 1292 1171 cecidit
1332 1114 1834 1186 Babylon?videtur
1863 1116 1991 1172 mihi
2031 1132 2157 1187 pro-
2335 1135 2354 1168 t
2389 1115 2704 1176 Curavimus
2727 1121 3072 1192 Babylonem,
3101 1137 3152 1181 et
3183 1145 3281 1183 non
3309 1141 3381 1185 est
3398 1143 3569 1188 sanata.
3595 1137 3709 1194 Derc-

591 1213 813 1279 plictare
849 1207 1362 1264 consummationem
1402 1207 1585 1262 mundi
1633 1207 1810 1262 subito
1862 1208 2094 1266 futuram

2266 1221 2286 1255 ι
2317 1203 2624 1276 linquamus
2651 1223 2792 1273 eam,
2825 1220 2878 1264 et
2916 1227 3104 1268 eamus
3142 1213 3472 1290 unusquisque
3502 1223 3544 1274 in
3568 1233 3710 1277 terram

590 1301 855 1370 quomodo
869 1300 1008 1354 enim
1031 1299 1222 1354 diebus
1234 1299 1414 1354 tiiluvii
1441 1299 1794 1354 comedebant
1811 1307 1867 1354 et
1885 1299 2136 1354 bibebant

2264 1308 2284 1342 α
2315 1307 2491 1359 suam,
2525 1297 2777 1364 quoniam
2819 1295 3062 1367 pervenit
3085 1319 3244 1372 usque
3271 1307 3334 1361 ad
3367 1310 3508 1364 caelos
3525 1310 3712 1379 judicium

589 1391 838 1446 emebant
887 1398 940 1444 ct
987 1389 1308 1456 vendebant,
1359 1389 1671 1460 plantabant
1717 1398 1772 1445 et
1820 1388 2157 1446 aedificabant
2263 1402 2282 1436 ι
2310 1385 2448 1456 eius.
2480 1389 2818 1442 etelevamm
2847 1399 2929 1445 est
2954 1395 3201 1462 usquead
3223 1398 3605 1470 nubes.»(0rig-)
3624 1403 3713 1466 Vide

589 1481 738 1554 (Luc.
759 1481 918 1554 XVII),
951 1482 1122 1537 donec
1147 1483 1292 1537 venit
1317 1483 1596 1548 diluvium,
1625 1490 1680 1538 et
1711 1481 1830 1538 tulit
1857 1499 2064 1549 omnes,
2101 1499 2133 1540 e

2256 1484 2458 1543 autem,
2491 1477 2668 1542 homo,
2694 1493 2762 1532 ne
2789 1482 3004 1548 quando
3048 1485 3246 1554 angelis
3271 1487 3511 1556 prmeipiat
3533 1490 3654 1552 Deus,
3674 1499 3712 1541 ut

585 1572 761 1626 subito
782 1571 926 1626 venit
968 1571 1262 1634 inundatio,
1295 1571 1542 1626 similiter
1569 1579 1746 1627 autem
1789 1581 1844 1628 et
1883 1573 1934 1628 in
1967 1573 2156 1632 diebus
2255 1567 2321 1622 ad
2356 1567 2665 1639 languorem
2698 1573 2904 1627 animus
2938 1581 3044 1628 ture
3083 1579 3470 1632 medicaminum
3500 1580 3711 1649 emplastra

584 1663 720 1719 Loll;
773 1683 785 1718 ;
827 1665 906 1720 sic
943 1675 998 1720 ει
1024 1666 1413 1720 consummatio
1454 1667 1637 1722 mundi
1686 1683 1793 1723 non
1831 1683 1929 1739 per
1972 1677 2152 1738 paﬂes
2253 1657 2562 1723 conﬁciant,
2589 1660 2634 1714 Si
2664 1661 2930 1728 quomodo
2959 1666 3133 1733 pOSSlS
3157 1667 3221 1720 ab
3245 1669 3550 1736 :egrotatione
3571 1669 3710 1722 sanari.

585 1755 694 1821 ﬁet,
732 1755 824 1810 sed
851 1764 1091 1826 repente.
1121 1754 1256 1809 Huic
1282 1753 1664 1812 conferendum
1695 1757 1902 1813 aestimo
1933 1757 1984 1814 id
2010 1755 2153 1828 quod
2180 1833 2191 1834 ί
2251 1745 2318 1799 Et
2348 1749 2703 1816 respondeam
2728 1752 2898 1821 angeli
2922 1768 2936 1806 ε
2961 1751 3274 1810 δυωνίωυέ
3295 1757 3436 1834 istam
3459 1755 3713 1826 Babylonem.

580 1844 838 1912 scriptum
871 1851 953 1898 est
978 1845 1030 1897 in
1054 1841 1178 1898 Jesu
1207 1842 1350 1903 Nave
1374 1843 1557 1916 (losue
1583 1845 1702 1916 vn),
1731 1847 1944 1916 quando
1965 1862 1992 1901 ῃ
2015 1863 2150 1902 voce
2179 1833 2224 1891 Β
2251 1838 2597 1893 ostendentes
2621 1855 2652 1894 a
2694 1843 3034 1909 passionibus
3073 1833 3343 1900 confusam
3373 1847 3569 1901 animam
3593 1862 3711 1909 suam,

580 1933 691 1987 sola
727 1932 864 1987 tubae
903 1932 1116 1988 Jericlto
1157 1933 1347 1988 civitas
1377 1949 1658 2001 corruens,
1687 1935 1864 1991 subito
1885 1937 2148 2006 disperiit,

575 2035 632 2080 et
663 2025 818 2094 juxta
859 2025 998 2080 hanc
1038 2023 1442 2080 similitudinem
1489 2025 1813 2098 Babylonem
1843 2043 2056 2098 quoque
2094 2029 2149 2084 in

577 2114 1096 2173 consummationem
1145 2117 1324 2172 saeculi
1377 2131 1625 2172 casuram
1669 2131 1821 2183 esse,
1865 2126 1920 2173 et
1970 2119 2148 2174 subito

577 2207 988 2274 conterendam,
1029 2216 1084 2262 et
1134 2207 1250 2262 haec
1302 2207 1517 2278 quidem
1570 2208 1639 2264 de
1683 2211 2147 2265 consummatione

577 2300 717 2354 dicta
739 2307 882 2354 sunt.
913 2298 969 2354 Si
991 2313 1120 2354 vero
1144 2299 1358 2354 veneris
1379 2300 1445 2354 ad
1469 2300 1756 2356 adventum
1795 2300 2009 2359 Domini
2040 2302 2146 2356 mei

571 2389 698 2447 Jesu
720 2389 942 2456 Christi,
968 2398 1024 2444 et
1051 2389 1252 2445 videris
1277 2404 1529 2462 magnum
1557 2405 1689 2462 opus
1715 2391 1850 2462 ejus,
1875 2393 2145 2463 quomodo

571 2483 893 2541 subverterit
914 2484 1092 2539 omnia
1118 2484 1354 2556 gentium
1386 2484 1452 2539 de
1475 2481 1629 2540 idolis
1655 2486 1924 2558 dogmata,
1951 2495 2009 2540 ut
2031 2501 2146 2542 cre-

571 2575 759 2630 dentes
807 2574 870 2632 de
907 2574 1105 2629 erroris
1141 2573 1402 2628 eximeret
1434 2575 1581 2646 jugo,
1625 2575 1888 2646 intelliges
1923 2577 2047 2646 quia
2087 2574 2141 2630 in

571 2673 812 2734 tempore
841 2664 1106 2735 passionis
1133 2661 1252 2731 ejus
1282 2663 1519 2736 Babylon
1557 2666 1824 2738 extemplo
1853 2665 2059 2722 corruit
2087 2675 2142 2724 et

569 2755 798 2812 contrita
855 2765 957 2810 est.
1004 2753 1382 2825 Unusquisque
1443 2763 1685 2812 nostrum
1724 2758 2030 2814 consideret
2080 2773 2140 2816 se

567 2846 762 2916 ipsum,
810 2855 864 2900 et
905 2843 1302 2902 animadvertat
1341 2845 1664 2918 Babylonem
1698 2849 1751 2903 in
1781 2865 1878 2905 suo
1920 2858 2140 2921 pectore

567 2936 854 2992 corruisse.
897 2933 953 2990 Si
979 2943 1159 2990 autem
1190 2935 1243 2990 in
1267 2934 1496 3006 alicujus
1523 2937 1686 2992 corde
1709 2952 1814 2994 non
1845 2939 2038 2994 cecidit
2061 2941 2138 2994 ci-

568 3025 702 3080 vitas
735 3025 1094 3092 confusionis,
1137 3026 1262 3080 huic
1303 3027 1530 3081 necdum
1594 3027 1839 3084 Christus
1897 3029 2132 3086 advenit.

569 3113 826 3174 Veniente
859 3119 1056 3189 quippe
1099 3133 1186 3184 eo,
1210 3117 1448 3189 Babylon
1479 3134 1636 3174 ruere
1666 3121 1973 3188 consuevit,
2007 3138 2134 3192 pro-

2252 1933 2305 1980 et
2343 1942 2448 1982 non
2483 1936 2566 1982 est
2593 1939 2801 1983 sanata.
2846 1929 2962 1984 Non
2999 1933 3280 1988 scientiam
3320 1935 3440 1990 artis
3460 1950 3715 2003 scan-neque

2251 2017 2442 2072 resina:
2471 2018 2578 2072 vim
2603 2017 2980 2087 criminantur,-
3003 2024 3100 2082 sed
3125 2032 3175 2079 te
3213 2027 3297 2094 qui
3327 2027 3570 2095 praeceptis
3587 2041 3713 2080 eorum

2247 2106 2471 2175 obsequi
2505 2107 2743 2175 noluisti,
2778 2109 3018 2167 dicentes
3045 2129 3063 2165 :
3108 2113 3410 2170 Curavimus
3441 2114 3713 2187 Babylonem,

2245 2204 2301 2251 et
2321 2211 2426 2252 non
2449 2205 2532 2252 est
2549 2207 2769 2265 sanata;
2800 2201 3169 2272 relinquamus
3191 2220 3327 2260 eam.
3355 2223 3374 2256 ›
3400 2205 3630 2260 Steterunt
3647 2219 3715 2258 me

2245 2286 2351 2341 diei
2379 2288 2480 2342 sub
2533 2303 2728 2359 magno
2757 2291 2966 2346 medico
2999 2294 3174 2364 angeli
3214 2295 3322 2358 Dei,
3354 2295 3562 2350 volentes
3581 2308 3715 2348 curare

2244 2376 2639 2434 imbecillitates
2665 2391 2897 2447 nostras,
2939 2383 3183 2441 volentes
3221 2387 3439 2442 animam
3471 2386 3652 2441 liberare
3665 2385 3717 2438 di—

2242 2471 2463 2540 vinitus,
2472 2475 2572 2529 sed
2586 2489 2683 2529 nos
2705 2475 2804 2546 ipsi
2819 2477 3130 2546 repellimus
3141 2495 3234 2534 eos
3246 2479 3364 2533 dum
3377 2479 3578 2534 consiliis
3588 2491 3715 2532 contu

2241 2575 2348 2617 non
2371 2563 2778 2632 acquiescimus.
2800 2564 2900 2630 tln
2919 2574 3121 2622 terram
3140 2585 3308 2633 suam,
3332 2589 3349 2623 ι
3373 2571 3464 2624 hoc
3479 2578 3563 2631 est,
3575 2567 3716 2621 credita

2239 2656 2396 2710 nobis
2422 2665 2506 2712 est
2533 2671 2564 2711 a
2591 2658 2816 2714 Domino
2837 2660 3128 2729 medicina,
3163 2673 3221 2720 ut
3248 2665 3464 2718 animam
3487 2673 3716 2718 cumcuius

2239 2746 2562 2803 humanam:
2589 2749 2932 2806 adhibuimus
2954 2752 3306 2822 adjutorium,
3328 2755 3628 2810 medicamina
3647 2753 3714 2806 im-

2236 2835 2531 2906 posuimus.
2555 2836 2777 2892 Multum
2805 2847 3095 2908 contumax
3119 2853 3220 2909 est,
3247 2860 3347 2898 non
3373 2844 3715 2902 vultobsemrct

2237 2927 2378 2996 quod
2418 2928 2666 2994 dicimus,
2715 2917 2946 2986 studium
2995 2943 3241 2990 nostrum
3270 2951 3371 2990 non
3408 2928 3717 3004 sequitureilc-

2235 3028 2375 3074 ctus.
2409 3038 2428 3071 ε
2457 3019 2843 3089 Relinquamus
2885 3039 3005 3078 eam
3027 3065 3044 3090 ,
3078 3034 3134 3080 et
3169 3027 3416 3082 abeamus
3444 3023 3718 3093 unusquisque

2237 3109 2292 3162 in
2315 3117 2510 3162 terram
2532 3124 2706 3176 suam,
2735 3130 2754 3162 ι
2781 3103 3140 3168 domesticum
3162 3125 3214 3170 et
3230 3116 3487 3186 proprium
3505 3112 3717 3183 negotium.

565 3215 684 3276 pter
717 3209 818 3263 hoc
846 3179 912 3262 ad
953 3179 1260 3262 orationum
1290 3179 1536 3276 praesidia
1573 3207 1939 3280 confugientes
1971 3179 2136 3280 petite
2162 3179 2206 3242 ς·
2237 3197 2401 3263 Cave,
2425 3198 2919 3269 homorne‘luando
2939 3203 3211 3275 relinquat
3233 3216 3282 3259 ιθ
3303 3205 3538 3265 medicus»
3556 3203 3718 3256 δίνείίυ·

567 3309 626 3354 ut
647 3299 826 3354 veniat
851 3299 1005 3354 Jesus
1041 3300 1096 3354 in
1123 3299 1286 3354 corda
1315 3308 1518 3365 vestra,
1544 3309 1598 3354 et
1626 3309 1867 3356 conterat
1903 3301 2134 3374 Babylo-

567 3405 709 3454 nem,
733 3397 786 3443 ct
816 3389 981 3444 faciat
1023 3401 1182 3444 ruere
1223 3403 1437 3444 omnem
1481 3388 1740 3444 malitiam
1780 3391 1924 3461 ejus,
1953 3398 2012 3445 ut
2051 3406 2134 3448 re-

565 3479 791 3535 :edilicet
813 3495 912 3549 pro
940 3481 1046 3547 his,
1066 3494 1184 3550 qua:
1212 3480 1470 3534 subversa
1491 3488 1634 3546 sunt,
1650 3488 1703 3535 et
1719 3495 1817 3550 pro
1841 3480 2130 3554 Babylone,

566 3583 685 3640 quoe
711 3569 889 3624 fuerat
917 3577 1041 3625 ante
1065 3575 1396 3636 constructa,
1429 3569 1482 3624 in
1512 3569 1631 3639 ipso
1647 3569 1926 3641 principali
1954 3570 2134 3627 cordis

567 3661 734 3715 nostri
764 3660 1092 3718 Hierusalem
1117 3661 1392 3716 civitatem
1409 3661 1781 3732 sanctampei.

643 3769 661 3802 ι
709 3750 914 3806 Ululate
958 3764 1120 3822 super
1145 3766 1286 3818 eam,
1318 3751 1484 3807 tollite
1523 3751 1755 3807 resinam
1782 3751 1848 3807 ad
1894 3753 2131 3809 dolorem

2236 3291 2385 3360 gelus
2409 3292 2523 3357 Dei,
2569 3293 2682 3346 sive
2712 3295 3018 3365 quicunque
3051 3297 3346 3360 hominum,
3379 3297 3456 3352 cui
3483 3295 3647 3350 credita
3665 3298 3720 3342 est

2235 3397 2364 3438 cura
2385 3397 2694 3438 sermonum
2723 3384 2790 3438 ad
2820 3385 3012 3440 salutis
3041 3389 3389 3442 medicamina
3412 3383 3661 3441 deferenda.
3681 3378 3719 3430 Si

2237 3475 2380 3530 enim
2421 3485 2471 3530 te
2512 3475 2932 3546 derelinquerint
2964 3487 3017 3532 et
3041 3480 3300 3545 dixerint,
3320 3497 3337 3530 α
3357 3478 3590 3533 Abeamus
3611 3483 3720 3526 untu-

2233 3564 2462 3633 quisque
2478 3565 2528 3618 in
2546 3573 2745 3619 terram.
2761 3580 2933 3632 suam,
2951 3568 3078 3636 quia
3093 3566 3518 3638 appropinquabit
3530 3561 3717 3618 iuctelua:

2223 3651 2486 3722 judicium
2499 3654 2612 3724 ejus
2631 3677 2648 3708 ι
2673 3673 2686 3709 :
2706 3656 3050 3716 manifestum
3069 3669 3174 3727 est,
3191 3663 3313 3730 quia
3330 3658 3571 3714 abscessio
3591 3666 3719 3710 eorum

2234 3746 2613 3801 condemnatio
2660 3756 2752 3802 tua
2796 3749 2888 3815 sit,
2925 3758 2984 3803 ut
3031 3751 3440 3806 irremediabilis
3465 3747 3719 3811 nolentisquc

569 3860 585 3892 ε
619 3840 756 3911 ejus,
785 3840 829 3894 si
855 3838 994 3894 forte
1021 3849 1258 3896 sanetur.
1307 3861 1328 3894 ι
1377 3840 1589 3896 Ululate
1632 3857 1794 3913 super
1833 3856 1951 3898 eam
1972 3883 1986 3909 ,
2029 3844 2132 3900 hoc
2233 3834 2432 3890 curari.
2458 3836 2590 3892 Cum
2616 3847 2793 3893 autem
2817 3840 3181 3907 deseruerint,
3211 3842 3336 3912 quid
3361 3841 3450 3896 tibi
3478 3837 3597 3892 aliud
3611 3847 3720 3888 eten-

562 3940 666 3998 est,
687 3931 926 4002 plangite
949 3945 1088 3986 eam.
1113 3930 1314 3988 Deinde
1338 3933 1463 4002 quia
1487 3932 1666 3987 omnis
1689 3933 1869 3988 anima
1895 3933 2132 4002 recipere
2233 3938 2412 3984 turum
2455 3939 2560 3997 est,
2585 3930 2688 3985 nisi
2721 3932 2868 4000 quod
2889 3933 3024 3988 solet
3051 3935 3143 3989 his
3163 3935 3424 3999 accidere,
3451 3930 3578 4002 quia
3604 3924 3720 3981 medi-

561 4031 739 4092 potest
778 4021 1026 4087 salutem,
1071 4030 1128 4078 et
1163 4036 1340 4093 neque
1363 4037 1469 4078 una
1493 4022 1631 4092 apud
1662 4022 1828 4079 Deum
1867 4033 1951 4080 est
1987 4023 2133 4078 insa-
2228 4021 2308 4077 eis
2325 4021 2932 4095 desperantur,utentes
2951 4025 3230 4082 voluntate
3249 4025 3414 4081 morbi
3431 4018 3720 4088 sui,utadpc-

563 4112 755 4167 nabilis
781 4129 792 4164 :
825 4113 1026 4168 idcirco
1045 4114 1326 4168 consilium
1347 4113 1439 4167 dat
1465 4113 1568 4179 his,
1595 4113 1686 4184 qui
1711 4123 1935 4184 possunt
1957 4123 2127 4172 trans-
2221 4108 2344 4181 jora
2377 4111 2792 4183 demerguntur?
2810 4113 2970 4168 Fiunt
2993 4115 3080 4169 bis
3103 4115 3326 4180 similia,
3345 4123 3398 4170 et
3432 4114 3483 4167 in
3503 4113 3718 4166 consuetu-

561 4201 896 4272 migrationis
941 4202 994 4256 in
1028 4201 1381 4268 Hierusalem,
1405 4209 1461 4258 et
1488 4202 1777 4258 testimonii
1799 4203 2000 4259 habere
2046 4216 2132 4260 re-
2229 4201 2354 4257 diue
2371 4201 2524 4258 istius
2543 4203 2668 4258 vitae
2687 4218 2720 4257 a
2737 4203 3092 4272 prudentibus
3113 4206 3356 4272 medicis.
3373 4200 3568 4258 Accedit
3583 4191 3719 4263 aliquis

563 4296 736 4350 sinam
765 4294 831 4348 ad
862 4295 1153 4366 emplastra
1181 4293 1450 4358 facienda,
1492 4302 1554 4350 ut
1580 4302 1859 4350 assumant
1896 4296 2130 4352 medica-
2227 4304 2416 4347 eorum
2433 4291 2501 4347 ad
2524 4294 2885 4362 languentem,
2911 4304 3178 4362 quantum
3208 4311 3300 4350 ars
3319 4297 3524 4364 patitur,
3547 4299 3593 4344 et
3615 4283 3720 4340 indit

561 4386 728 4452 mina,
775 4396 831 4440 et
878 4395 1076 4456 quanto
1138 4385 1318 4440 valent
1358 4385 1538 4442 studio
1577 4385 1794 4441 sanitati
1843 4387 2132 4443 nstituam
2227 4379 2358 4433 stria
2387 4379 2666 4436 medicina:
2693 4395 2802 4436 non
2820 4391 3016 4436 cessat.
3049 4382 3159 4438 Sed
3188 4385 3232 4438 si
3257 4394 3351 4438 aut
3369 4379 3596 4452 aegritudo
3617 4379 3723 4429 tanta

559 4475 905 4546 Babylonem.
949 4475 1062 4532 Hoc
1097 4476 1440 4546 experiamur
1477 4484 1532 4530 et
1571 4489 1668 4531 nos
1698 4474 1894 4542 facere,
1942 4477 2130 4547 depre-
2155 4521 2206 4547 η
2229 4471 2322 4535 sit.
2373 4477 2432 4524 ιιι
2479 4480 2740 4542 repugnet
2774 4473 3062 4540 curationi,
3102 4483 3196 4529 aut
3249 4477 3360 4544 ipse
3403 4471 3628 4528 invalidus
3657 4477 3718 4533 ρει

559 4573 742 4620 cantes
771 4565 959 4632 Deum,
985 4572 1045 4621 ut
1071 4565 1226 4622 nobis
1253 4565 1345 4621 det
1367 4565 1603 4622 resinam
1625 4566 1962 4634 rationalem
1988 4577 2043 4623 et
2062 4569 2129 4624 de
2158 4547 2206 4580 υ
2231 4562 2619 4632 ἱωρειὶθιιῑίίιω
2667 4563 2885 4636 doloris.
2910 4575 3103 4638 ορηιτει
3141 4547 3309 4622 {attint
3337 4581 3486 4634 ρυειιιι
3523 4561 3718 4630 iubam"

559 4655 806 4710 rationali
842 4656 1018 4710 resina
1067 4655 1336 4711 discamus
1387 4656 1440 4710 ei
1500 4656 1762 4726 malagma
1809 4657 2085 4728 imponere
2109 4700 2126 4727 ,
2231 4652 2482 4722 relinquit
2509 4654 2746 4710 medicus
2769 4655 3061 4724 desperans
3105 4657 3406 4712 istiusmodi
3445 4653 3670 4709 hominem
3688 4650 3723 4696 et

557 4755 614 4801 et
643 4745 843 4810 oleum,
871 4753 926 4799 et
969 4745 1330 4816 alligaturam,
1373 4755 1429 4801 et
1453 4747 1790 4816 imponentes
1813 4749 2126 4821 colligemus
2227 4744 2431 4804 recedit
2460 4762 2473 4798 :
2512 4759 2582 4800 ne
2607 4744 2750 4800 inter
2784 4753 2976 4801 manus
2997 4763 3130 4802 suas
3154 4749 3423 4818 expirans,
3448 4755 3635 4799 causam
3669 4737 3723 4788 ίη-

559 4839 780 4894 vulnera
811 4835 1114 4908 Babylonis,
1157 4835 1428 4892 imitantes
1459 4834 1784 4903 Samariten,
1822 4847 1884 4893 ut
1907 4849 2126 4896 sanetur
2227 4837 2419 4894 teritus
2448 4837 2565 4909 ejus
2583 4838 2654 4909 ad
2674 4853 2741 4894 se
2760 4830 3089 4908 retorqueat.
3117 4840 3210 4896 Sic
3241 4841 3400 4910 igitur
3431 4846 3482 4892 et
3502 4848 3598 4897 nos,
3617 4843 3669 4885 ne
3687 4827 3722 4880 in

558 4931 758 4988 misera
785 4929 996 4994 civitas,
1019 4936 1073 4984 et
1104 4937 1287 4985 curata
1329 4928 1542 4984 desinat
1583 4942 1702 4983 esse
1741 4930 1882 4998 quod
1907 4930 2119 4996 fuerat.
2223 4939 2532 4986 sanctorum
2557 4932 2865 5002 angelorum
2891 4935 3166 5001 manibus,
3197 4937 3290 5006 qui
3320 4935 3386 4988 ad
3404 4929 3638 4988 curandos
3658 4930 3724 4973 nos

555 5023 701 5078 Istud
743 5031 828 5076 est
867 5021 1010 5091 quod
1051 5021 1127 5074 ait
1177 5037 1192 5073 :
1243 5019 1440 5088 Accipe
1486 5018 1721 5074 resinam
1769 5021 2124 5089 correptionis
2224 5034 2256 5074 a
2285 5019 2522 5078 Domino.
2557 5022 2806 5076 destinati
2833 5032 2959 5078 sunt
2993 5025 3318 5090 moriamur,
3349 5023 3625 5091 relinquunt
3658 5021 3725 5064 ιιι)5

554 5115 694 5183 ejus,
725 5113 770 5168 si
793 5111 1060 5183 quomodo
1103 5110 1398 5165 sanabitur.
1430 5109 1529 5166 Ubi
1570 5117 1696 5165 sunt
1730 5111 2004 5176 haereticL.
2033 5113 2128 5168 ubi
2225 5110 2568 5184 despenantes
2592 5111 2828 5169 animam
2848 5122 3182 5179 nostram,et
3211 5117 3388 5169 aiunt:
3412 5132 3430 5162 ι
3453 5111 3556 5166 Non
3569 5113 3725 5162 est!”

558 5207 706 5270 sunt,
727 5205 818 5273 qui
858 5210 1100 5257 naturas
1121 5200 1379 5272 quasdam
1406 5201 1837 5266 introducentes,
1879 5210 2126 5256 asserunt
2224 5198 2404 5270 lagma
2439 5203 2749 5270 imponere,
2780 5218 2952 5272 neque
2978 5204 3181 5270 oleum,
3209 5219 3382 5274 neque
3411 5201 3722 5270 alligatummi

557 5309 678 5350 esse
703 5295 983 5348 materiam
1007 5290 1414 5362 desperabilem,
1445 5306 1565 5360 qua:
1599 5291 1816 5361 penitus
1845 5307 1948 5346 non
1990 5292 2128 5346 reci-
2225 5290 3260 5364 quia-appropinquavitcoclojudicium
3281 5295 3654 5364 cjus,elevatum
3667 5285 3726 5332 est

557 5388 672 5457 piat
687 5383 955 5440 salutem?
976 5382 1032 5437 Si
1063 5392 1148 5438 est
1171 5392 1362 5437 natura
1391 5397 1509 5451 qua:
1533 5389 1738 5450 pereat,
1766 5397 1886 5453 quae
1909 5383 2013 5437 alia
2044 5392 2125 5438 ta-

559 5475 625 5533 lis
670 5475 778 5531 erit
819 5483 876 5530 ut
901 5469 1178 5545 Babylon?
1217 5482 1452 5528 attamen
1485 5487 1661 5543 neque
1697 5475 1856 5528 istam
1900 5473 2126 5543 despicit

561 5564 720 5619 Deus.
751 5564 1011 5632 Prmcepit
1032 5564 1175 5618 enim
1229 5563 1486 5630 medicis:
1503 5572 1563 5618 ut
1591 5564 1857 5633 accipiant
1891 5565 2120 5620 resinam

561 5669 722 5724 super
740 5653 1087 5725 Babylonem,
1118 5654 1165 5709 si
1193 5655 1461 5723 quomodo
1482 5661 1720 5710 sanetur.
1758 5654 1984 5720 Quidam
2027 5655 2124 5725 igi-

557 5750 866 5812 tureorum,
919 5746 1009 5816 qui
1059 5745 1371 5801 mandatum
1417 5754 1758 5814 acceperant,
1788 5745 2117 5815 accipientes

2229 5397 2400 5450 usque
2440 5384 2506 5436 ad
2539 5393 2705 5440 astra.
2737 5404 2756 5438 ι
2787 5385 2888 5452 Qui
2924 5401 3150 5456 parvum
3199 5387 3363 5442 habet
3385 5388 3630 5456 peccatum
3651 5381 3726 5424 non

2228 5486 2400 5540 usque
2447 5472 2512 5525 ad
2562 5473 2757 5528 ctutum
2809 5483 2863 5528 et
2906 5476 3082 5530 sidera
3125 5477 3392 5544 judicium
3427 5483 3566 5528 suum
3596 5459 3725 5517 effert.

2197 5561 2478 5632 -._pusillum
2499 5563 2642 5618 enim
2670 5572 2726 5619 et
2751 5565 2947 5620 humile
2969 5575 3071 5621 est.
3097 5565 3200 5633 Qui
3228 5581 3358 5621 vero
3385 5561 3562 5620 crescit
3584 5555 3629 5611 in
3646 5559 3728 5604 δεῖθ’

2225 5651 2358 5718 lere,
2379 5654 2650 5715 crescitet
2685 5655 2740 5708 in
2773 5655 2994 5724 judicio,
3019 5656 3295 5726 simulque
3321 5669 3437 5711 cum
3459 5649 3586 5705 vitiis
3609 5650 3729 5734 sua?

2227 5753 2314 5798 tur
2338 5753 2390 5800 et
2431 5759 2586 5816 poena
2622 5763 2634 5799 :
2663 5755 2717 5802 et
2742 5735 2878 5816 quia
2899 5749 2952 5804 in
2989 5757 3200 5804 tantum
3228 5747 3499 5820 delinquit,
3540 5747 3590 5794 ut
3621 5728 3727 5804 judi-
