3970 6190
206 339 353 405 ἰῖδδ

1090 350 1450 408 EXPOSITIO
1491 348 1708 406 SUPER
1748 343 2110 404 JEREMIAM.
2154 379 2223 389 -—
2260 350 2388 405 LIB.
2430 347 2589 404 XVII.

3315 350 3449 413 llud

204 470 353 523 cium
375 464 491 535 ejus
518 480 687 534 usque
715 466 783 522 ad
811 465 1049 523 cmlestia
1085 469 1410 532 sublevetur,
1457 477 1510 523 et
1542 484 1636 538 per
1687 469 1783 521 im-
1813 470 1858 527 Λ
1888 482 2007 520 nem
2034 465 2322 519 humilibus
2341 465 2493 533 quasi
2524 465 2753 529 brucho,
2782 465 2905 533 quia
2934 464 2999 519 ad
3030 466 3449 526 devastationem

200 555 463 624 pietatem
509 570 660 611 suam
714 557 970 610 resistens
1024 557 1163 621 Deo,
1216 558 1283 611 ad
1338 557 1623 626 superiora~
1655 571 1782 610 con-

204 648 452 709 seendat,
485 646 689 721 profert
714 647 852 701 Deus
858 646 1117 713 judicium
1141 665 1316 713 suum,
1341 649 1393 702 in
1419 648 1785 702 lmmiliatione

204 736 553 804 cjusjudicii,
574 735 713 805 quod
738 734 1030 791 exaltatum
1060 746 1141 792 est
1163 753 1192 791 a
1216 748 1517 807 peccatore,
1540 746 1593 791 ct
1612 738 1761 809 prot‘c

206 844 337 883 rens
346 828 607 897 judicium
628 831 1067 889 suurn.humiliat
1087 832 1299 900 quidem
1321 840 1681 901 peccatorem,
1699 848 1785 886 rc-

205 922 403 976 tribuit
443 929 621 975 autem
643 921 790 990 justo
828 921 987 991 digna
1017 923 1121 975 vita
1149 921 1264 991 ejus
1300 922 1350 974 in
1386 920 1600 975 Christo
1635 912 1785 976 Iesu.

213 1032 231 1060 ι
272 1011 504 1066 Protulit
529 1012 784 1066 Dominus
797 1009 1037 1077 justitias
1062 1020 1289 1075 nostras,
1320 1012 1494 1065 venite
1517 1019 1569 1065 et
1599 1026 1786 1065 narre-

208 1092 332 1156 mus
368 1103 418 1155 in
452 1101 580 1155 Sion
613 1117 748 1171 opus
778 1101 990 1155 Domini
1020 1103 1114 1156 Dei
1142 1102 1332 1156 nostri.
1379 1123 1398 1154 ι
1433 1101 1627 1173 (0rig.)
1672 1103 1787 1157 Vox

205 1193 335 1251 inec.
355 1193 662 1263 angelorum
697 1192 907 1247 Domini
938 1200 1040 1257 est,
1072 1203 1165 1246 aut
1192 1202 1497 1247 sanctorum
1527 1192 1805 1261 prtedica»

206 1295 413 1348 torum,
436 1284 527 1353 qui
556 1285 798 1349 videntes
833 1272 1197 1339 'incurabilem
1223 1300 1341 1339 esse
1371 1286 1581 1354 plagam
1608 1285 1786 1354 Baby-

203 1374 368 1439 lonis,
398 1376 682 1429 hortantur
713 1390 770 1430 se
800 1375 1027 1429 invicem
1074 1383 1129 1427 ut
1162 1374 1481 1427 annunticnt
1506 1389 1640 1442 opus
1683 1374 1790 1428 Do-

205 1464 342 1518 mini
376 1462 466 1518 Dei
508 1464 698 1527 nostri,
738 1473 793 1519 et
823 1465 1052 1518 virtutes
1090 1461 1204 1531 ejus
1240 1464 1292 1517 in
1334 1463 1557 1518 ecclesia
1600 1464 1787 1519 catho-

204 1555 335 1617 lica,
383 1570 501 1624 qua:
534 1555 724 1609 merito
768 1554 895 1609 Sion
938 1554 1155 1618 dicitur,
1181 1556 1286 1609 hoc
1315 1566 1414 1616 est,
1445 1555 1719 1623 speculum
1769 1571 1783 1607 :

205 1645 337 1712 quia
359 1644 442 1698 illa
465 1644 573 1699 sola
597 1646 830 1714 pertinet
852 1644 918 1699 ad
940 1642 1442 1715 contemplationem
1467 1645 1645 1698 vultus
1669 1644 1783 1710 Dei,

205 1750 332 1788 cum
364 1735 813 1805 sanctisLangclis,
846 1735 935 1807 qui
966 1744 1090 1789 sunt
1122 1736 1172 1789 in
1200 1734 1354 1790 coelo.
1398 1734 1660 1791 Caeterum
1698 1734 1784 1790 illa

209 1825 486 1878 terrestris
517 1822 844 1879 Hierusalem
871 1832 1033 1895 atque
1072 1824 1222 1891 Sion,
1254 1825 1424 1895 magis
1455 1825 1783 1895 Babyloniae,
1817 1802 1859 1859 Β

206 1932 371 1984 cpiam
411 1915 561 1978 Sion,
592 1916 674 1969 vel
704 1906 1036 1970 Hierusalem
1064 1916 1298 1979 nomine,
1330 1926 1551 1989 propter
1587 1915 1788 1969 erraris

205 2007 293 2061 sui
318 2004 626 2061 scandalum
661 2005 956 2076 nuncupari
995 2014 1202 2076 potest;
1235 2008 1299 2062 de
1329 2022 1432 2075 qua
1469 2022 1564 2075 per
1594 2006 1785 2060 Isaiam

206 2097 452 2151 dicitur:
491 2115 509 2147 ι
546 2098 639 2165 \‘ze
676 2098 823 2167 genti
870 2095 1371 2168 peccatricipOpulo
1398 2097 1546 2167 gravi
1594 2095 1787 2165 iniqui-

208 2197 343 2252 tate,
394 2188 584 2243 semini
613 2205 862 2257 nequam,
898 2188 1021 2243 filiis
1047 2189 1345 2243 sceleratis.
1375 2188 1787 2257 Dcreliquerunt

209 2270 516 2344 Dominum,
556 2279 1062 2349 blasphemavcrunt
1092 2288 1336 2335 sanctum
1370 2278 1553 2341 Israel,
1595 2279 1789 2333 abalie-

206 2371 321 2424 nati
346 2379 472 2425 sunt
496 2378 811 2425 retrorsum.
843 2369 899 2424 in
931 2384 1035 2439 quo
1061 2370 1355 2439 percutiam
1378 2385 1495 2445 vos,
1520 2369 1658 2421 ultra
1690 2362 1803 2421 ad?

206 2464 402 2515 dentes
418 2461 933 2530 przevaricationem.
987 2461 1156 2515 Omne
1184 2471 1344 2535 caput
1370 2456 1699 2527 languidum,
1733 2464 1787 2511 et

202 2565 369 2606 omne
396 2565 490 2604 cor
520 2563 754 2607 nimrens
776 2564 805 2602 a
836 2542 1015 2620 planta
1046 2549 1197 2618 pedis
1221 2563 1390 2619 usque
1411 2549 1475 2602 ad
1505 2548 1781 2610 verticem,

204 2662 319 2699 non
358 2651 439 2699 est
472 2644 525 2698 in
566 2658 631 2699 co
671 2644 892 2719 sanitas.
932 2643 1136 2698 Vulnus
1158 2652 1212 2699 et
1237 2645 1390 2709 livor,
1421 2651 1474 2697 et
1502 2642 1659 2712 plaga
1704 2650 1786 2695 tu-

204 2749 365 2789 mens
387 2748 491 2807 non
514 2743 601 2807 est
624 2733 1013 2803 circumligata,
1042 2748 1141 2787 nec
1172 2741 1357 2787 curata
1386 2731 1742 2788 medicamine
1768 2772 1781 2795 ,

207 2839 313 2879 nec
337 2806 447 2878 fota
465 2806 602 2877 oleo.
631 2822 797 2876 Terra
819 2829 994 2877 vestra
1028 2821 1262 2886 deserta,
1305 2820 1549 2875 civitates
1588 2827 1784 2874 vestra:

206 2910 321 2986 igni
342 2930 650 2971 succensa:
680 2914 951 2985 regionem
984 2921 1218 2968 vestram
1240 2927 1422 2967 coram
1447 2911 1595 2966 vobis
1625 2910 1782 2965 alieni

205 3010 490 3068 devorant,
537 3011 592 3060 et
634 3004 980 3067 desolabitur,
1026 3004 1167 3064 sicut
1201 3003 1452 3058 vastitate
1498 3000 1697 3068 hostili,
1730 3009 1784 3055 et

203 3094 612 3162 derclinquetur
634 3092 739 3147 filia
757 3092 887 3148 Sion
909 3092 1432 3149 sicutumbraculum
1456 3091 1509 3146 in
1530 3092 1707 3154 vinea,
1725 3099 1779 3145 et

201 3186 349 3239 sicut
393 3183 660 3252 tugurium
698 3184 751 3236 in
795 3181 1187 3246 cucumerario,
1231 3180 1371 3239 sicut
1420 3180 1612 3236 civitas
1661 3193 1778 3248 qum

200 3283 452 3330 vastatur
490 3272 622 3346 (lsa.
657 3272 718 3346 ι).
761 3293 780 3326 ι
814 3259 1289 3327 lrremcdiabilinm
1327 3285 1457 3345 ergo
1493 3269 1780 3339 deScriptio

178 3366 488 3421 .vulnerum
529 3366 835 3420 diuturnam
874 3362 1239 3433 captivitatem
1282 3360 1538 3430 exprimit
1568 3357 1780 3414 ludam-

190 3475 351 3523 ,rum.
1154 3454 1157 3457 ’
1196 3449 1207 3457 ’

283 3568 304 3599 ο
368 3547 555 3605 Acuite
603 3549 845 3617 sagittas,
885 3545 1103 3617 implete
1140 3546 1459 3617 pharetras,
1502 3545 1783 3601 suscitavit

205 3660 227 3691 ς
261 3639 521 3695 Dominus
553 3640 797 3709 spiritum
829 3639 1101 3693 Medorum
1138 3653 1341 3709 regum,
1374 3644 1426 3690 et
1457 3628 1643 3692 contra
1680 3634 1780 3691 Ba;

209 3749 227 3779 ι
272 3729 519 3799 bylonem
552 3744 702 3783 mens
730 3728 870 3799 ejus,
902 3735 957 3782 ut
976 3729 1163 3798 perdat
1195 3744 1313 3782 eam
1359 3746 1373 3782 :
1404 3726 1663 3797 quoniam
1699 3729 1780 3783 ul-

206 3840 225 3869 ‹
267 3821 344 3872 tio
395 3818 598 3874 Domini
643 3829 723 3874 est
760 3820 887 3873 ultio
914 3820 1090 3890 templi
1124 3820 1224 3874 sui.
1256 3818 1430 3888 Super
1452 3836 1632 3874 muros
1679 3818 1779 3873 Ba-

209 3931 228 3959 ι
266 3909 476 3980 bylonis
519 3911 687 3964 levate
716 3912 950 3979 signum,
982 3920 1170 3981 augete
1196 3912 1496 3964 custodiam
1545 3926 1559 3963 :
1606 3910 1778 3965 levate

206 4020 226 4050 ‹
267 4000 533 4062 custodes,
580 4008 633 4053 et
657 4008 951 4068 pr‘reparate
981 4000 1221 4063 insidias,
1253 4001 1377 4069 quia
1398 3999 1651 4068 cogitavit
1682 3999 1780 4053 Do-

207 4116 225 4143 ‹
265 4094 463 4156 minus,
493 4103 546 4146 et
573 4093 697 4148 facit
721 4106 1048 4162 (puramque
1070 4092 1281 4149 locutus
1304 4100 1384 4148 est
1406 4101 1591 4147 contra
1625 4091 1778 4146 habi-

207 4208 225 4235 ‹
268 4193 470 4239 latores
500 4170 802 4259 Babylonis.
828 4183 958 4250 Quae
997 4184 1210 4240 habitas
1237 4198 1397 4253 super
1429 4199 1596 4253 aquas
1637 4183 1775 4237 mul-

209 4299 226 4326 σ
256 4264 366 4330 tas
392 4275 624 4345 locuples
647 4274 699 4328 in
733 4276 1022 4339 thesauris,
1049 4275 1194 4328 venit
1238 4274 1359 4329 ﬁnis
1404 4270 1524 4329 tuus
1571 4271 1776 4342 pedalis

206 4388 226 4416 ι
273 4366 606 4436 praecisionis
648 4373 770 4420 tum.
812 4365 1021 4420 Juravit
1068 4362 1331 4419 Dominus‘
1362 4365 1653 4420 exercitum
1680 4376 1777 4432 per

205 4472 222 4505 ρ
259 4457 497 4510 animam
543 4472 724 4521 suam,
780 4456 1031 4525 quoniam
1088 4456 1305 4525 replebo
1364 4464 1414 4509 te
1470 4454 1775 4509 hominibus

204 4572 223 4599 α
259 4548 416 4618 quasi
451 4549 676 4612 brucbo,
713 4555 780 4602 tet
819 4560 981 4617 super
1014 4557 1064 4601 te
1107 4546 1344 4601 celeuma
1386 4542 1709 4602 cantabitur.
1750 4566 1767 4597 ›

196 4640 495 4712 (abnues)
523 4640 601 4694 Ad
628 4640 808 4694 Medos
836 4648 889 4694 ct
916 4640 1107 4694 Persas
1152 4648 1451 4694 vastatores
1493 4639 1777 4710 Babylonis

198 4728 461 4799 loquitur,
495 4740 552 4783 ut
580 4738 879 4800 praeparent
921 4744 1068 4783 arma
1113 4744 1208 4783 sua
1249 4731 1315 4783 ad
1353 4714 1775 4784 interficiendam

196 4830 534 4890 eam,atque
556 4822 932 4875 destruendam
956 4821 1008 4874 in
1029 4820 1283 4873 ultionem
1309 4819 1485 4889 pepuli
1512 4820 1625 4873 Dei.
1647 4818 1776 4886 Qum

195 4912 349 4965 enim
374 4910 627 4978 Dominus
648 4910 897 4980 cogitavit
919 4911 1077 4977 super
1096 4908 1440 4977 Babylonem,
1465 4917 1516 4961 et
1540 4922 1635 4977 per
1656 4924 1777 4978 pro-

195 5003 400 5073 pb‘ctas
419 5016 544 5055 suos
564 4996 613 5055 ei
644 5012 701 5055 se
733 5000 998 5055 facturum
1039 5002 1395 5055 comminatus
1417 5009 1518 5063 est,
1556 5002 1776 5057 omnino

195 5110 372 5163 opere
400 5092 684 5161 complevit
710 5106 724 5145 :
754 5093 825 5146 ita
851 5099 911 5145 ut
931 5091 997 5146 de
1039 5106 1229 5159 magna
1277 5092 1537 5160 potentia,
1567 5102 1620 5147 et
1666 5108 1779 5147 am-

194 5184 466 5255 plitudine
508 5183 678 5253 regni,
713 5183 778 5236 ad
806 5190 1089 5251 angustum
1137 5181 1319 5248 ﬁnem,
1361 5183 1448 5239 vel
1494 5180 1664 5254 magis
1710 5186 1777 5239 ad

197 5274 432 5330 nihilmn
468 5289 589 5328 eam
632 5274 968 5345 perduceret.
1015 5273 1205 5329 Jurare
1234 5274 1376 5327 enim
1411 5275 1609 5329 dicitur
1638 5274 1779 5330 Deus

196 5381 305 5437 per
332 5365 566 5420 animam
594 5380 744 5419 suam
770 5383 783 5418 :
814 5380 917 5419 non
943 5366 1082 5433 quod
1111 5376 1261 5418 more
1290 5365 1524 5418 humano
1553 5377 1671 5417 cum
1695 5365 1780 5433 ju-

199 5463 454 5512 ramento
500 5456 697 5526 aliquid
744 5457 1020 5519 decernat,
1059 5455 1166 5513 sed.
1196 5463 1257 5509 ut
1300 5456 1582 5510 consilium
1625 5470 1777 5509 suum

198 5552 370 5614 atque
393 5545 613 5600 verbum
636 5546 847 5611 stabile,
876 5555 929 5600 et
952 5545 1163 5600 firmum
1186 5559 1305 5600 esse
1333 5544 1484 5599 nobis
1500 5545 1777 5599 ostendat:

198 5636 333 5704 quia
371 5654 390 5686 α
421 5636 612 5691 ccelum
640 5646 694 5692 et
728 5647 867 5693 terra
898 5626 1226 5695 transibunt.
1251 5638 1414 5692 verba
1446 5645 1624 5690 autem
1660 5651 1779 5690 mea

202 5745 315 5784 non
354 5731 659 5785 transibunt
695 5730 845 5802 (Luc.
886 5731 1021 5801 χχι).
1070 5751 1088 5783 ι
1117 5730 1361 5800 Beplevit
1387 5744 1515 5802 ergo
1550 5726 1780 5798 Babylo-

1884 554 1999 622 cjus
2023 552 2440 631 innumerabiles
2468 554 2737 607 contraxit
2763 553 3030 607 exercitus
3058 560 3073 606 9
3100 555 3189 623 qui
3216 572 3333 610 eam
3367 576 3455 611 su-

1884 652 2134 713 pcrantcs
2176 658 2274 713 pro
2315 643 2536 697 victoria
2583 644 2681 697 sibi
2717 659 2969 699 concessa
3006 661 3222 700 carmen
3270 648 3456 701 trium-

1887 736 2041 804 phale
2073 736 2364 805 gaudentes
2395 736 2705 790 cantabant.
2731 730 2882 803 Quod
2907 746 3085 792 autem
3124 738 3253 793 dicit
3302 741 3456 795 habi-

1889 835 2028 881 tasse
2050 824 2373 896 Babylonem
2420 843 2578 896 super
2607 844 2774 896 aquas
2817 830 3030 895 multas,
3063 830 3296 885 Ostendit
3340 847 3455 886 eam

1890 914 2004 970 ﬁeri
2037 915 2372 986 locupletem,
2416 916 2466 969 in
2516 915 2800 979 thesauris,
2851 916 2964 970 sive
2994 933 3253 986 aquarum
3290 920 3459 973 abun-

1889 1004 2123 1059 dantiam
2160 1000 2233 1058 ibi
2265 1019 2403 1067 esse,
2437 1003 2771 1057 interfluente
2797 1020 2892 1077 per
2916 1007 3143 1065 mediam
3186 1007 3460 1082 Euphrate

1888 1093 2125 1159 ﬂumine,
2172 1090 2523 1154 historialitcr
2551 1096 2768 1161 indicat,
2810 1101 2891 1155 vcl
2925 1102 3319 1158 multitudinem
3364 1121 3459 1173 po-

1888 1185 2133 1254 pulorum
2164 1186 2214 1238 iu
2245 1202 2309 1244 ea
2337 1206 2455 1244 esse
2487 1193 2690 1259 tropice
2710 1186 3002 1261 Vsignihcat.
3046 1191 3245 1264 (0ros.)
3290 1193 3456 1247 Nam--

1888 1291 1990 1344 que
2010 1275 2356 1351 Babyloniam
2387 1296 2416 1334 a
2434 1279 2690 1336 Nemroth
2715 1282 2926 1352 gigante
2948 1281 3245 1349 fundatam,
3273 1301 3303 1338 a
3324 1284 3461 1340 Nino

1886 1365 1971 1418 vel
2012 1365 2370 1432 Semiramide
2414 1380 2718 1441 reparatam
2772 1371 2924 1425 multi
2980 1374 3281 1444 [)I'OtlithI‘C.
3336 1374 3461 1429 Ilatc

1887 1461 2063 1527 campi
2092 1459 2310 1529 planitie
2332 1454 2566 1529 undique
2597 1460 2903 1530 conspicua,
2930 1471 3121 1517 natura
3160 1455 3261 1519 loci
3304 1465 3459 1520 latis-

1886 1544 2045 1613 sima,
2065 1557 2363 1602 castrorum
2394 1548 2528 1603 facie
2557 1552 2822 1605 mcenibus
2846 1553 3063 1621 paribus
3086 1569 3183 1623 per
3196 1553 3460 1623 quadrum

1885 1636 2163 1707 disposita,
2191 1656 2465 1694 murorum
2497 1640 2610 1709 ejus
2635 1642 2723 1696 vix
2751 1640 3019 1697 credibilis
3043 1644 3210 1697 relatu
3236 1644 3462 1700 firmitas

1885 1735 1942 1783 et
1972 1731 2302 1797 magnitudo,
2329 1732 2381 1785 id
2406 1739 2490 1786 est
2530 1733 2808 1787 latitudine
2853 1736 3156 1790 cubitorum
3196 1738 3463 1808 quinqua-

1888 1820 2057 1888 ginta,
2079 1820 2361 1875 altitudine
2388 1831 2578 1890 quater
2602 1818 3048 1880 tanta.C:cterum
3076 1831 3308 1885 ambitus
3335 1848 3461 1899 qua-

1886 1908 2185 1977 dringentis
2230 1908 2507 1982 'octoginta
2580 1915 2768 1969 stadiis
2816 1918 3233 1973 circumvenitur
3276 1938 3463 1977 murus

1886 2002 2064 2055 coctili
2092 2002 2259 2057 latere
2300 2013 2460 2074 atque
2502 2006 2758 2060 inter-fuso
2790 2008 3050 2064 bitumine
3096 2022 3405 2082 compactus
3444 2030 3461 2069 :

1889 2091 2029 2147 fossa
2051 2094 2386 2149 extrinsecds
2405 2095 2511 2149 late
2533 2106 2741 2164 patens,
2761 2096 2877 2152 vice
2906 2101 3078 2155 amnis
3101 2102 3459 2171 circumﬂuit;

1892 2201 1919 2238 a
1955 2185 2128 2239 fronte
2168 2201 2445 2239 murorum
2485 2192 2698 2241 centum
2728 2196 2897 2258 portre
2928 2206 3102 2245 (crete.
3135 2192 3251 2260 lpsa
3281 2203 3461 2250 autem

1888 2278 2110 2333 latitudo
2136 2280 2185 2333 in
2219 2281 2681 2333 consumamtionc
2715 2283 2999 2351 pinnarum
3038 2295 3264 2356 utroque
3292 2288 3463 2344 latere

1889 2370 2206 2427 habitaculis
2230 2373 2566 2429 drfcnsorum
2605 2393 2755 2447 aaq‘zc
2784 2380 3053 2447 dispositis
3099 2382 3271 2437 media
3298 2384 3464 2440 inter-

1890 2464 2146 2530 capedine
2168 2463 2247 2516 sui
2270 2465 2485 2519 vicenas
2501 2482 2601 2535 qua
2622 2468 2786 2535 lrigas
2805 2471 2967 2538 capit.
2994 2472 3192 2527 Domus
3214 2474 3465 2529 intrinse-

1889 2562 1982 2608 cus
2026 2565 2217 2623 quater
2243 2559 2466 2628 gemina:
2506 2559 3094 2617 habitationis'minaci
3136 2566 3464 2633 proceritate

1889 2646 2180 2711 mirabiles,
2199 2654 2251 2700 et
2274 2655 2448 2703 tamen
2475 2648 2767 2720 illatmagua
2780 2649 3040 2722 Babylon,
3056 2651 3141 2705 illa
3158 2654 3327 2722 prima
3342 2664 3466 2725 post

1888 2737 2284 2805 reparationem
2330 2739 2549 2793 humani
2597 2741 2812 2810 generis
2862 2744 3106 2807 condita,
3140 2761 3278 2801 nunc
3325 2763 3463 2816 pene

1888 2826 2049 2879 etiam
2073 2827 2187 2881 sine
2210 2843 2355 2881 mora
2382 2829 2538 2894 victa,
2572 2840 2726 2900 capta
2770 2840 2824 2886 ct
2853 2830 3109 2887 subversa
3148 2842 3249 2889 est.
3290 2834 3464 2905 Cyrus

1889 2915 2051 2986 igitur
2078 2919 2284 2972 cunctis
2307 2920 2589 2974 adversum
2618 2937 2752 2990 quos
2780 2921 2915 2975 ierat
2936 2922 3270 2996 perdomitis,
3299 2924 3460 2996 Assy—

1885 3000 2013 3069 rios,
2042 3015 2097 3061 et
2139 3006 2486 3078 Babyloniam
2529 3011 2681 3079 petit.
2730 3020 2960 3081 gentem,
3006 2994 3301 3082 urbemque
3333 2994 3462 3071 tunc

1885 3097 2094 3151 cunctis
2115 3094 2501 3166 epul'cntiorem
2530 3118 2541 3151 :
2575 3100 2667 3154 sed
2694 3100 2947 3168 impetum
2975 3099 3089 3168 ejus
3116 3102 3348 3159 Gindcus
3366 3102 3460 3159 llu-

1883 3186 2019 3250 vius,
2051 3189 2299 3243 secundm
2323 3197 2443 3257 post
2466 3184 2773 3259 Euphraten
2813 3192 3199 3263 magnitudinis
3227 3194 3460 3250 interce-

1879 3279 1976 3348 pit.
2015 3278 2145 3333 Nam
2192 3295 2356 3332 imum
2386 3281 2654 3351 regiorum
2686 3297 2945 3352 equorum
2983 3284 3218 3339 candore
3262 3283 3462 3341 forma-

1879 3380 1984 3440 que
2030 3370 2407 3425 evccllentcm'
2438 3372 2803 3426 transmeandi
2851 3370 3043 3427 fiducia
3092 3388 3409 3442 persuasum
3440 3417 3454 3438 ,

1878 3468 1983 3529 qua
2016 3474 2112 3529 per
2142 3474 2389 3529 rapacem
2417 3460 2625 3514 alveum
2668 3458 2857 3515 on‘en'si
2879 3461 3014 3515 vado
3043 3463 3275 3518 vortices
3300 3465 3460 3518 attol-

1879 3549 2145 3616 lebantur,
2175 3551 2452 3620 abreptum
2497 3552 2996 3621 praeripitatumque
3027 3562 3307 3607 merserat.
3343 3552 3458 3609 Rex

1880 3644 2049 3697 iratus
2072 3642 2256 3696 ulcisci
2288 3641 2339 3695 in
2367 3656 2579 3696 amnem
2612 3644 2819 3707 statuit,
2843 3648 3152 3695 contestans
3180 3656 3332 3705 eum,
3363 3644 3457 3712 qui

1882 3750 2022 3790 nunc
2057 3740 2166 3807 tam
2206 3734 2523 3802 prreclarum
2551 3746 2745 3803 equum
2783 3735 3098 3798 voravisset,
3129 3732 3341 3787 feminis
3367 3736 3458 3790 vix

1878 3842 2050 3898 genua
2101 3826 2427 3897 tingentibus
2466 3824 2843 3895 permeahilem
2880 3824 3328 3892 relinquendum:
3357 3841 3456 3880 nec

1877 3918 2179 3985 poragendo
2222 3916 2441 3985 segnior
2480 3914 2580 3968 fuit
2627 3933 2639 3966 :
2699 3914 2823 3968 totis
2860 3913 3030 3983 copiis
3062 3916 3267 3984 perpeti
3310 3930 3455 3969 anno

1879 4006 2082 4060 Gindcn
2117 4004 2332 4075 ﬂuvium
2362 4019 2459 4074 per
2496 4018 2719 4073 magnas
2742 4004 3015 4059 concisum
3060 4002 3455 4075 deductumque

1880 4096 2051 4149 fossas
2075 4074 2576 4163 inlqttazlringentos
2601 4094 2876 4163 sexaginta
2916 4092 3095 4147 alveos
3116 4094 3453 4149 eoniminuit.

1880 4186 1955 4241 Eo
1976 4200 2137 4256 opere
2159 4186 2444 4255 praedoctis
2470 4184 2762 4239 fossoribus
2784 4185 2945 4238 etiam
2974 4183 3280 4253 Euphraten
3298 4184 3452 4254 longe

1881 4274 2288 4338 validissimum,
2333 4281 2387 4327 et
2412 4274 2644 4327 mediam
2670 4273 3024 4343 Babyloniam
3056 4272 3451 4328 interfluentem

1879 4366 2159 4431 derivavit,
2190 4380 2256 4419 ac
2286 4365 2363 4419 sic
2404 4364 2721 4419 meabiliths
2749 4362 2898 4417 vadis
2927 4363 3125 4418 siccum
3161 4363 3322 4417 etiam
3358 4378 3454 4432 pa-

1805 4490 1853 4549 Ι)
1880 4457 2115 4512 tentibus
2156 4455 2291 4509 alvei
2338 4454 2726 4524 partibus'iter
2770 4437 2918 4518 fecit,
2972 4454 3221 4523 cepitque
3264 4454 3452 4509 urbem

1879 4564 2038 4619 quam
2066 4549 2302 4602 humano
2326 4562 2485 4616 opere
2511 4546 2683 4601 extrui
2700 4546 2960 4616 potuisse,
2984 4546 3066 4601 vel
3084 4548 3319 4601 humana
3344 4549 3452 4602 vir-

1879 4651 1990 4696 tute
2013 4640 2216 4697 destrui
2243 4655 2419 4710 posse,
2452 4648 2742 4708 utrumque
2780 4653 2918 4708 pene
2966 4639 3276 4694 incredibile
3312 4643 3451 4710 apud

1879 4732 2134 4787 mortales
2154 4719 2308 4785 erat.
2346 4730 2421 4785 lbi
2451 4737 2578 4784 tunc
2602 4728 2822 4785 Croesus
2854 4744 2947 4783 rex
2978 4730 3245 4799 Lydorum
3283 4729 3452 4784 famo~

1880 4838 1970 4877 sus
2002 4822 2209 4893 opibus,
2239 4837 2358 4876 cum
2386 4822 2450 4876 ad
2478 4821 2842 4876 auxiliandum
2866 4821 3171 4892 Babyloniis
3193 4822 3446 4883 venisset,

1877 4912 2053 4967 victus
2072 4913 2298 4967 sollicite
2323 4912 2381 4966 in
2413 4926 2633 4981 regnum
2650 4910 2862 4982 refugit.
2887 4910 3059 4980 Cyrus
3074 4921 3251 4964 autem
3267 4919 3450 4978 postea

1880 5016 2039 5075 quam
2058 5004 2403 5074 Babyloniam
2430 5012 2489 5057 ut
2507 5004 2678 5058 hostis
2706 5003 2921 5061 invasit.
2952 5009 3011 5055 ut
3038 5001 3214 5055 victor
3232 4999 3445 5058 evertit.

1880 5104 1941 5149 ut
1968 5110 2062 5149 rex
2092 5096 2371 5164 disposuit,
2414 5092 2611 5148 bellum
2647 5093 2918 5147 transtulit
2945 5092 3002 5144 in
3046 5090 3267 5160 Lydiam
3308 5108 3320 5142 :
3353 5089 3446 5144 ubi

1883 5186 2171 5239 contrltum
2207 5184 2470 5252 superiori
2511 5183 2622 5249 jam
2646 5182 2832 5251 praelia
2864 5170 3159 5234 (hercitum
3185 5179 3333 5232 nullo
3359 5193 3451 5232 ne-

1882 5278 2026 5346 gotio
2054 5276 2342 5344 superavit,
2373 5275 2543 5342 ipsum
2565 5274 2726 5327 etiam
2750 5271 2994 5327 Croesum
3023 5271 3182 5338 cepit,
3214 5277 3452 5338 captum.

1834 5392 1841 5398 -
1885 5383 1989 5437 que
2031 5377 2087 5421 et
2134 5367 2243 5420 vita
2283 5375 2337 5419 et
2383 5365 2709 5433 patrimonio
2752 5362 2990 5419 donavit.
3033 5361 3139 5416 Sed
3179 5377 3279 5416 nec
3320 5360 3451 5416 illud

1885 5458 2147 5511 silendum
2179 5457 2430 5515 arbitror,
2461 5454 2603 5523 quod
2631 5452 2987 5508 descendente
3013 5450 3215 5505 Arbato
3240 5463 3366 5519 rege
3394 5450 3451 5504 in

1886 5547 2066 5601 Medos
2085 5538 2290 5615 partem
2312 5545 2461 5615 regni
2487 5558 2651 5613 penes
2676 5558 2733 5598 se
2758 5544 3030 5597 retinuere
3051 5541 3283 5621 Chaldzei
3314 5559 3326 5595 :
3357 5540 3448 5609 qui

1884 5638 2225 5708 Babyloniam
2256 5635 2359 5690 sibi
2386 5635 2641 5690 adversus
2685 5634 2864 5690 Medos
2897 5634 3323 5689 vindicaverunt.
3372 5632 3449 5686 ita

1882 5734 2469 5816 Babylonim’POV-‘S‘as
2512 5723 2660 5797 3PM
2706 5724 2919 5793 Medos,
2965 5725 3266 5799 proprietas
3309 5722 3450 5793 apud
