3970 6190
590 350 721 406 “67

1222 350 1285 445 ΒΖ
1328 349 1583 407 MBAN]
1623 351 1842 408 MAUR]
1879 350 2171 408 ARCHIEP

2244 350 2552 409 MOGUNT.
2595 353 2886 411 OPERUM
2924 355 3106 412 PARS
3142 357 3225 413 Ill.

3625 365 3720 421 lluS

584 467 867 522 Chaldaeos
917 464 1039 545 fuit.
1086 463 1323 521 Chaldaei
1392 475 1572 522 autem
1624 475 1844 537 propter
1889 467 2170 537 antiquam
2198 467 2244 527 Α
2275 465 2441 521 tionis
2469 466 2598 521 fecit
2640 466 2855 540 fastigia
2902 470 3204 540 pervenire,
3250 471 3334 542 qui
3371 471 3532 529 merita
3564 477 3723 533 nubibus

586 558 748 629 regia:
776 557 927 614 urbis
950 556 1269 629 dignitatem
1297 572 1404 612 non
1436 557 1583 612 illam
1615 574 1790 624 suam,
1815 558 1909 614 sed
1941 572 2000 612 se
2027 556 2170 613 illius

585 664 782 704 vocare
806 649 1132 703 maluerunt.
1169 648 1323 705 Unde
1347 647 1550 704 factum
1595 657 1679 705 est
1713 661 1775 704 ut
1810 649 2171 704 Nabuchodo-

589 756 774 805 nosor,
824 741 1117 811 caaterique
1162 748 1287 809 post
1320 756 1442 796 eum
1496 755 1668 811 usque
1717 738 1918 812 Cyrum
1976 754 2170 810 reges,

587 832 834 901 quamvis
854 830 1230 904 Chaldaeorum
1256 832 1464 887 viribus
1486 840 1754 902 patentes,
1785 842 1842 887 et
1867 834 2173 905 Babylonia!

587 924 803 977 nomine
844 923 989 977 Darii
1020 922 1286 993 legantur,
1317 922 1372 976 iu
1402 938 1628 977 numero
1656 933 1708 978 et
1748 924 1940 979 ordine
1988 940 2172 995 regum

588 1030 694 1068 non
726 1014 1032 1069 habeantur
1078 1013 1388 1068 illustrium.
1420 1013 1659 1085 Babylon
1708 1004 1992 1086 itaque'eo
2032 1032 2174 1071 anno

586 1108 685 1162 sub
706 1105 910 1162 Arbato
939 1106 1194 1177 przefecto
1242 1106 1574 1162 dehonerata
1600 1114 1705 1171 est,
1735 1123 1844 1178 quo
1873 1106 2044 1161 Roma
2073 1106 2175 1162 sub

584 1198 755 1254 Proca
780 1214 928 1271 rege,
950 1207 1010 1253 ιιι
1032 1198 1253 1269 praprie
1285 1198 1540 1262 dixerim,
1571 1200 1837 1254 seminata
1865 1210 1967 1255 est.
2002 1198 2175 1271 Baby-

586 1290 674 1346 lon
707 1290 998 1345 novissime
1025 1303 1092 1344 ea
1114 1298 1358 1360 tempore
1383 1306 1415 1344 a
1441 1288 1581 1362 Cyro
1604 1304 1729 1362 rege
1755 1292 2032 1355 subversa,
2067 1306 2175 1361 quo

588 1382 764 1450 prima
796 1379 965 1436 Roma
991 1396 1022 1435 a
1054 1380 1473 1452 Tarquiniorum
1507 1397 1695 1455 regum
1723 1382 2094 1439 dominatione
2115 1382 2176 1439 li-

588 1474 775 1529 bcrata
798 1483 901 1530 est.

665 1587 683 1617 ι
729 1566 830 1635 Qui
871 1566 999 1624 fecit
1041 1578 1243 1624 terram
1279 1569 1331 1624 in
1368 1568 1686 1626 fortitudine
1716 1588 1813 1628 sua
1843 1613 1856 1637 ,
1884 1579 1942 1626 et
1968 1588 2174 1644 pracpa-

595 1675 612 1706 ι
661 1658 801 1711 ravit
840 1660 1027 1715 orbem
1063 1659 1118 1715 in
1147 1661 1411 1731 sapientia
1464 1677 1561 1716 sua
1589 1701 1605 1727 ,
1661 1671 1717 1716 et
1760 1662 2047 1732 prudentia
2076 1677 2174 1715 sua

595 1768 614 1799 ι
659 1751 903 1807 extendit
939 1752 1108 1809 caelos
1145 1768 1159 1806 :
1207 1754 1371 1810 dante
1406 1769 1471 1809 eo
1510 1768 1697 1809 vocem
1748 1754 2175 1825 multiplicantur

2276 567 2683 629 comparantur,
2717 562 2972 630 quoniam
3014 563 3187 617 imbre
3226 564 3304 618 sui
3348 564 3520 636 eloquii
3552 581 3577 620 a
3610 568 3724 624 laturi

2268 647 2461 717 judicii
2488 664 2590 704 nos
2613 649 2793 704 calore
2817 650 3142 717 defendunt,
3183 653 3304 707 dum
3339 654 3572 709 animabus
3590 659 3729 713 nostris

2276 749 2343 801 de
2382 747 2565 803 futuro
2593 750 2934 820 depromunt.
2966 749 3145 806 Nubes
3172 751 3329 817 enim,
3367 751 3487 807 sicut
3509 751 3729 822 frequenter

2277 840 2485 894 dictum
2528 848 2643 903 est,
2677 841 2970 910 prophetas
3010 840 3179 910 accipi
3206 840 3388 896 debere
3430 841 3650 910 Scriptura
3680 852 3729 895 te-

2277 938 2475 994 statur,
2508 929 2729 985 dicens:
2760 949 2780 981 ι
2814 930 3076 986 Mandabo
3106 932 3326 985 nubibus
3359 932 3492 997 meis,
3522 946 3576 985 ne
3606 931 3730 1001 pluant

2276 1035 2441 1091 super
2459 1036 2579 1075 eam
2600 1020 2859 1092 pluviam.
2879 1041 2899 1073 ι
2919 1021 3177 1089 Sequitur
3202 1041 3215 1075 :
3242 1040 3260 1071 ι
3280 1020 3483 1090 Fulgura
3508 1023 3551 1075 in
3571 1022 3731 1091 pluviam

2277 1110 2422 1166 fecit.
2461 1129 2480 1162 ι
2534 1110 2954 1166 Pratdicatianes
3002 1113 3185 1180 itaque
3224 1112 3562 1182 praphetarum
3590 1111 3730 1183 fulgura

2275 1207 2404 1255 sunt
2433 1215 2555 1254 cum
2594 1202 2901 1270 percutiunt
2930 1202 3180 1257 inimicos
3211 1220 3224 1255 :
3252 1202 3428 1273 pluviae
3450 1243 3463 1267 ,
3488 1219 3586 1257 cuin
3623 1204 3730 1257 devo-

2277 1297 2362 1346 tas
2401 1304 2435 1344 a
2474 1291 2713 1360 peccatis
2740 1291 2988 1356 diluunt,
3016 1300 3072 1346 et
3096 1292 3319 1346 imbrem
3345 1292 3419 1347 eis
3443 1292 3598 1346 salutis
3616 1292 3731 1346 inium

2275 1382 2431 1437 dunt.
2463 1381 2623 1438 Unde
2651 1381 2923 1452 spiritales
2953 1384 3256 1454 germinent
3278 1383 3483 1447 fructus,
3515 1392 3561 1437 et
3592 1384 3631 1437 in
3660 1400 3733 1438 ms

2277 1481 2454 1529 turam
2497 1490 2728 1530 messem
2773 1476 3002 1530 Domino
3045 1484 3330 1546 pratstante
3369 1474 3635 1531 coalescunt.
3663 1477 3730 1531 Ad-

2276 1568 2413 1624 didit
2461 1586 2474 1621 :
2512 1586 2531 1619 ι
2568 1567 2669 1635 Qui
2708 1568 2957 1639 producit
3005 1576 3195 1624 ventos
3247 1569 3311 1624 de
3346 1569 3575 1623 thesauris
3604 1569 3728 1623 suis.

2276 1659 2481 1717 Ventos
2504 1678 2610 1716 non
2658 1662 2953 1733 improprie
2999 1663 3247 1732 ponimus
3289 1660 3731 1731 apostolos:quomm

2274 1751 2593 1821 prmdicatia
2629 1759 2802 1806 totum
2843 1753 3104 1806 mundum
3156 1762 3397 1823 tanquam
3437 1761 3594 1806 ventus
3620 1751 3732 1806 celer-

594 1858 614 1892 ι
660 1856 813 1911 aqua:
843 1842 896 1896 in
933 1844 1093 1899 ccelo.
1126 1843 1228 1910 Qui
1258 1844 1400 1899 levat
1426 1845 1596 1900 nubes
1624 1845 1694 1900 ab
1718 1854 1963 1901 extrema
1994 1854 2176 1910 terrze,
2208 1836 2253 1895 B
2284 1842 2456 1899 rimus
2477 1843 2838 1913 percucurrit.
2864 1842 2942 1897 De
2965 1844 3163 1912 quibus
3184 1842 3285 1897 alio
3310 1842 3731 1911 locotscrfptumest:

595 1952 613 1983 ι
664 1932 872 2006 fulgura
904 1936 955 1990 in
988 1936 1223 2003 pluviam
1277 1938 1435 2004 fecit,
1487 1948 1543 1993 et
1594 1939 1848 2009 produxit
1877 1948 2069 1994 ventos
2112 1938 2181 1994 de

595 2046 611 2075 ι
661 2028 927 2084 thesauris
982 2030 1114 2084 suis.
1168 2050 1186 2081 ι
1238 2028 1530 2101 (Maenas)
1577 2030 1745 2085 Recte
1795 2029 2181 2085 demonstrans

588 2120 878 2193 Babylonis
907 2122 1313 2179 subversioncm
1350 2139 1529 2180 sermo
1574 2123 1952 2194 propheticus,
1980 2123 2048 2178 ad
2082 2137 2178 2176 au-

591 2222 795 2267 ctorem
834 2220 996 2268 tanta:
1021 2213 1192 2269 cladis
1241 2214 1438 2280 rediit,
1486 2214 1610 2284 quia
1657 2230 1766 2269 non
1817 2220 1902 2268 est
1936 2221 2178 2283 potestas

588 2307 692 2360 nisi
722 2323 751 2360 a
784 2306 913 2373 Dea,
945 2323 1068 2362 cum
1096 2308 1344 2364 excelsus
1370 2308 1682 2363 dominatur
1708 2308 1761 2362 in
1803 2323 1970 2378 regna
1998 2307 2177 2362 hami-

591 2415 717 2454 num
743 2408 796 2455 et
823 2400 913 2456 cui
941 2400 1175 2457 valuerit
1200 2402 1349 2457 dabit
1370 2401 1529 2457 illud:
1563 2420 1580 2452 ι
1609 2400 1709 2467 Qui
1741 2400 1868 2457 fecit
1891 2411 2092 2457 terram
2122 2402 2177 2456 in

590 2486 904 2544 fortitudine
939 2505 1056 2553 sua,
1094 2500 1149 2546 et
1183 2492 1503 2562 prmparavit
1532 2491 1721 2547 orbem
1771 2492 2036 2563 sapientia
2079 2507 2177 2548 sua

586 2587 641 2635 ct
665 2580 950 2651 prudentia
977 2596 1074 2637 sua
1098 2582 1344 2636 extendit
1369 2582 1540 2638 caelos
1568 2601 1582 2635 :
1614 2600 1633 2635 ι
1667 2581 1792 2651 quia
1824 2596 1923 2651 per
1952 2580 2177 2638 verbum

588 2686 767 2736 suum,
818 2672 921 2728 hac
947 2681 1052 2737 est,
1100 2670 1290 2729 Filium
1321 2673 1657 2744 unigenitum
1679 2715 1695 2738 ,
1729 2674 1823 2743 qui
1853 2674 2132 2730 brachium
2160 2714 2177 2741 ,

588 2760 762 2816 virtus
795 2770 850 2816 et
886 2762 1149 2832 sapientia
1181 2763 1300 2834 ejus
1326 2763 1525 2819 dicitur
1547 2804 1562 2829 ,
1593 2765 1798 2819 creavit
1840 2765 2023 2821 omnia
2056 2780 2179 2835 qua:

589 2852 643 2907 in
675 2853 836 2920 coelo,
864 2862 1065 2926 etquae
1096 2856 1148 2912 in
1197 2864 1363 2923 terra,
1391 2865 1447 2912 et
1470 2872 1590 2928 quae
1621 2859 1674 2913 in
1701 2858 1837 2914 mari
1873 2865 2019 2924 sunt,
2049 2857 2177 2928 quia

596 2966 612 2993 ι
645 2946 760 3015 ipse
798 2946 935 3002 dixit
979 2956 1035 3003 et
1089 2948 1232 3006 facta
1281 2957 1430 3016 sunt,
1457 2949 1571 3019 ipse
1606 2951 1884 3007 mandavit
1909 2958 1965 3005 et
1994 2957 2176 3005 creata

591 3045 736 3091 sunt.
799 3035 991 3093 Omnia
1038 3039 1182 3094 enim
1216 3054 1315 3109 per
1359 3039 1534 3110 ipsum
1566 3040 1709 3097 facta
1741 3048 1868 3097 sunt
1892 3082 1909 3106 ,
1948 3049 2002 3095 et
2059 3040 2178 3096 sine

588 3130 704 3195 ipso
736 3125 940 3182 factum
966 3129 1222 3183 estnihil.
1256 3148 1275 3182 ι
1308 3129 1508 3185 Rerum
1540 3130 1783 3186 omnium
1816 3140 2035 3185 creator
2062 3130 2178 3200 ipse

583 3227 639 3272 ct
668 3217 949 3273 ordinator
975 3226 1082 3285 est,
1112 3226 1165 3275 et
1186 3220 1515 3290 gubernator
1548 3238 1561 3274 :
1592 3228 1649 3275 et
1686 3220 1937 3276 universa
1981 3236 2174 3276 secun-

587 3308 716 3362 dum
756 3306 1089 3363 voluntatem
1139 3324 1294 3363 suam
1338 3309 1596 3378 disponit,
1623 3308 1909 3365 Psalmista
1939 3317 2175 3365 testante

587 3398 681 3468 qui
713 3398 787 3452 ait
818 3416 831 3451 :
872 3416 890 3449 ι
920 3397 1114 3453 Omnia
1157 3414 1492 3469 quzecunque
1530 3399 1698 3454 voluit
1753 3398 2012 3455 Dominus
2047 3399 2177 3455 fecit

587 3489 639 3543 iu
664 3489 802 3544 coelo
828 3498 885 3545 et
910 3490 965 3544 in
996 3498 1161 3554 terra,
1198 3490 1251 3544 in
1273 3490 1407 3545 mari
1430 3498 1485 3545 et
1515 3490 1569 3547 in
1600 3490 1831 3561 abyssis,
1862 3497 1919 3546 et
1938 3490 2174 3561 educens

584 3580 759 3635 nubes
788 3580 855 3637 ab
883 3589 1128 3636 extrema
1152 3588 1330 3647 terrm,
1350 3581 1625 3653 fulgurain
1642 3582 1878 3654 pluviam
1895 3582 2051 3638 fecit:
2081 3583 2173 3655 qui

584 3673 834 3743 producit
860 3681 1049 3729 ventos
1076 3674 1142 3729 dc
1190 3674 1462 3730 thesauris
1496 3674 1612 3730 suis
1662 3671 1840 3746 (Psal.
1870 3675 2110 3746 cxxnv).
2148 3693 2166 3727 ι

588 3760 877 3833 (Cassiod)
926 3760 1062 3817 Nam
1095 3762 1344 3832 quamvis
1415 3764 1523 3819 sint
1582 3763 1967 3819 inenarrabilia
2008 3777 2172 3832 opera

586 3855 820 3920 Domini,
882 3864 1133 3925 totusque
1181 3854 1414 3925 mundus
1462 3854 1671 3912 referre
1720 3871 1829 3912 non
1883 3855 2173 3927 praevaleat

584 3950 726 4019 quod
751 3959 1007 4018 operatur
1040 3967 1052 4002 :
1080 3949 1134 4003 in
1165 3949 1368 4004 mundo
1409 3957 1589 4006 tamen
1638 3948 1728 4005 hic
1772 3949 2023 4005 universa
2069 3950 2170 4005 sti-

584 4039 780 4108 pcudiu
810 4037 1072 4093 brevitate
1101 4038 1353 4103 conclusa
1381 4046 1527 4105 sunt,
1557 4039 1740 4094 omnia
1782 4040 1951 4095 Deum
1981 4039 2173 4095 fecisse

586 4146 705 4201 qum
736 4130 903 4185 valuit
929 4130 981 4185 in
1006 4130 1145 4185 cwlo
1165 4138 1220 4185 et
1247 4131 1299 4185 iu
1326 4138 1490 4195 terra,
1516 4131 1571 4185 in
1594 4131 1750 4196 mari,
1772 4141 1827 4187 et
1848 4132 1900 4188 in
1926 4132 2166 4203 abyssis:

585 4231 727 4276 utet
773 4232 956 4278 creata
1005 4236 1125 4291 quae
1170 4222 1324 4277 vides
1367 4222 1486 4293 ejus
1537 4221 1815 4279 voluntate
1862 4222 2002 4279 facta
2052 4238 2172 4279 esse

585 4330 961 4386 cognosceres,
990 4323 1049 4370 et
1078 4314 1167 4368 illa
1193 4328 1314 4382 quae
1341 4313 1592 4369 humanis
1633 4322 1911 4384 nequeunt
1944 4327 2172 4384 conspe-

586 4407 764 4461 ctibus
813 4420 1115 4477 apparere,
1158 4404 1328 4474 ipsius
1388 4404 1629 4473 potentia
1686 4404 1953 4460 contineri
2014 4419 2171 4475 posse

586 4499 837 4554 sentires.
867 4499 1074 4553 Cadunt
1107 4498 1342 4567 positum
1368 4505 1453 4553 est
1482 4512 1581 4566 pro
1605 4498 1816 4554 cunctis
1833 4497 2168 4564 cmicstibus,

588 4599 731 4642 terra
762 4603 859 4657 pro
900 4587 1155 4643 omnibus
1179 4602 1300 4656 quae
1331 4588 1388 4642 in
1441 4589 1609 4643 humo
1648 4588 1976 4660 gignuntur;
2011 4602 2165 4644 mare

586 4691 1062 4738 commemoratum
1131 4681 1374 4738 dicamus
1440 4696 1540 4750 pro
1606 4681 1726 4737 istis
1783 4681 1980 4737 ﬁnibus
2028 4695 2167 4751 quos

584 4772 1001 4831 commeantium
1051 4770 1330 4828 discursus
1387 4772 1632 4827 invisitat
1678 4788 1694 4826 :
1744 4771 1972 4842 abyssus
2034 4784 2165 4826 vero

582 4883 847 4924 oceanum
890 4866 1171 4936 designat,
1215 4865 1306 4935 qui
1351 4872 1408 4919 et
1467 4864 1625 4925 nobis
1688 4865 1948 4935 ignotus,
2001 4872 2058 4919 et
2104 4872 2165 4919 ut

582 4960 799 5029 quidem
841 4955 1082 5013 referunt
1108 4943 1390 5011 altitudine
1424 4970 1617 5026 magna
1648 4952 1945 5025 profundus
1967 4962 2071 5007 est.
2102 4952 2162 5007 lu

584 5053 670 5107 his
711 5060 891 5106 autem
927 5048 1180 5104 omnibus
1225 5046 1476 5103 voluntas
1526 5045 1771 5108 Domini,
1816 5043 1932 5099 sine
1979 5043 2160 5113 aliqua

480 5157 486 5164 ‘
586 5143 920 5198 dubitatione
949 5140 1267 5211 completur.
1290 5139 1443 5207 Quod
1478 5146 1658 5193 autem
1689 5136 1821 5192 dicit
1859 5154 1877 5186 ί
1927 5136 2164 5192 educens

587 5236 756 5291 nubes
779 5236 849 5290 ab
877 5241 1124 5290 extremo
1154 5240 1338 5296 terrae,
1360 5229 1573 5300 fulgura
1602 5229 1670 5283 in
1707 5227 1941 5298 pluviam
1982 5226 2111 5282 fecit
2141 5266 2167 5290 ,.

586 5327 674 5397 qui
705 5325 954 5396 producit
986 5332 1179 5380 ventos
1217 5323 1285 5379 de
1321 5319 1590 5377 thesauris
1630 5319 1773 5385 suis,
1808 5336 1826 5370 ›
1857 5317 1961 5374 hac
2005 5318 2051 5373 si
2091 5317 2159 5372 ad

585 5419 819 5474 litteram
864 5415 1134 5483 intendas,
1175 5424 1383 5472 secreta
1419 5422 1626 5473 naturae
1670 5411 1883 5466 Domini
1934 5416 2163 5465 testatur

587 5511 1053 5567 administratione
1101 5508 1378 5580 compleri.
1421 5507 1528 5564 Sed
1554 5508 1809 5579 quoniam
1838 5506 1906 5563 de
1934 5505 2164 5573 Hebr-mo

588 5602 782 5670 populo
812 5602 941 5656 dicit
970 5600 1194 5656 inferius
1227 5619 1239 5654 :
1270 5600 1523 5656 convenit
1568 5599 1672 5653 hoe
1725 5610 1940 5669 quoque
1982 5596 2162 5651 hami-

588 5692 744 5745 nibus
772 5692 1041 5761 applicare
1065 5710 1077 5746 :
1114 5710 1134 5743 ι
1168 5690 1364 5747 Eduxit
1386 5688 1556 5746 nubes
1579 5689 1649 5744 ab
1673 5698 1921 5747 extrema
1946 5696 2157 5741 terram

589 5786 815 5854 Quando
838 5785 1128 5853 prophetas
1156 5786 1224 5841 ab
1247 5783 1435 5840 humili
1462 5783 1771 5854 proposita,
1798 5784 1865 5837 ad
1896 5782 2160 5853 praedica—

2196 4547 2247 4607 D

2289 1954 2309 1984 σ
2346 1933 2583 2005 Sagittas
2625 1949 2754 1989 suas
2789 1934 3110 1989 ardentibus
3142 1933 3299 1990 ellicit
3328 1930 3596 2011 (Psal._vn).
3619 1932 3733 1986 vitam

2282 2026 2416 2097 ipsis
2447 2041 2660 2097 quoque
2687 2026 2867 2081 ventis
2908 2042 3103 2097 penna:
3130 2042 3228 2097 per
3248 2027 3497 2082 discursus
3516 2040 3591 2079 sua
3611 2022 3734 2077 celeti-

2281 2125 2391 2172 tate
2416 2117 2756 2183 tribuuntur;
2783 2117 2860 2171 ait
2882 2119 3028 2171 enim
3056 2136 3067 2169 :
3106 2135 3124 2169 ι
3159 2114 3491 2172 Transcendit
3523 2113 3736 2185 superem

2280 2210 2441 2265 rubin
2467 2218 2523 2265 et
2547 2209 2768 2276 volavit,
2805 2209 3008 2265 volavit
3047 2226 3211 2281 super
3248 2225 3438 2280 pennas
3475 2215 3733 2263 ventammn

2282 2301 2568 2358 Subnectit
2599 2322 2611 2356 :
2650 2321 2667 2353 ι
2700 2303 2768 2359 de
2798 2304 3070 2359 thesauris
3097 2305 3229 2359 suis.
3264 2324 3283 2357 ι
3321 2302 3459 2361 Unde
3497 2314 3646 2358 revera
3672 2299 3738 2369 spi-

2278 2391 2465 2445 ritales
2490 2400 2739 2462 poterant
2764 2393 2982 2463 prodire
3014 2393 3236 2449 divitiae.

2355 2502 2374 2534 ι
2422 2483 2631 2540 Stultus
2654 2484 2831 2555 factus
2867 2493 2952 2539 est
2980 2485 3162 2540 omnis
3201 2485 3357 2540 homo
3377 2498 3406 2537 a
3426 2481 3608 2539 scientia
3629 2498 3639 2532 :
3659 2493 3737 2533 con-

2285 2594 2304 2627 ι
2348 2575 2501 2633 fusus
2527 2587 2613 2633 est
2640 2570 2819 2633 omnis
2862 2577 3133 2634 caullator
3161 2579 3213 2633 in
3240 2577 3453 2648 sculptili
3477 2617 3490 2641 ,
3521 2575 3619 2645 quia
3646 2587 3737 2626 incn-

2284 2688 2302 2720 ι
2348 2668 2449 2724 da:
2483 2677 2569 2729 est
2593 2668 2848 2724 canﬂatio
2876 2668 3016 2738 ejus,
3046 2685 3147 2725 nec
3166 2677 3249 2725 est
3274 2670 3476 2740 spiritus
3499 2668 3545 2721 in
3564 2665 3738 2727 cistam

2284 2778 2304 2810 ι
2347 2768 2474 2815 sunt
2509 2774 2697 2831 opera,
2720 2769 2777 2816 et
2797 2761 2928 2815 risui
2953 2761 3139 2831 digna,
3184 2762 3237 2815 in
3273 2770 3495 2828 tempore
3514 2749 3739 2810 visitationis

2284 2871 2303 2905 ι
2351 2870 2463 2909 sua:
2501 2855 2777 2924 peribunt.
2821 2852 2937 2908 Non
2977 2855 3121 2910 sicut
3162 2854 3277 2909 haec
3328 2867 3443 2923 pars
3476 2849 3632 2909 Jacob,
3662 2843 3739 2913 qui!

2283 2961 2303 2995 ι
2349 2945 2442 3015 qui
2471 2944 2599 2999 fecit
2620 2944 2800 2999 omnia
2824 2946 2941 3014 ipse
2963 2951 3073 3010 est,
3105 2954 3163 2999 et
3197 2942 3355 2998 Israel
3388 2948 3615 3008 sceptrum
3635 2935 3742 2988 hare

2284 3052 2302 3083 ι
2348 3034 2535 3089 ditatis
2564 3031 2682 3102 ejus
2711 3052 2724 3086 :
2755 3034 3017 3089 Dominus
3045 3034 3375 3089 exercituum
3418 3042 3581 3085 nomen
3618 3023 3737 3092 ejus!

2280 3123 2574 3197 (Manlius)
2604 3125 2754 3181 Bene
2787 3140 2918 3195 ergo
2962 3134 3091 3196 post
3130 3124 3512 3181 subversianem
3545 3113 3741 3188 Babylonis

2202 3192 2247 3254 θ
2279 3192 2630 3285 reprehendit
2678 3192 2943 3270 idolorum
2963 3192 3342 3271 'fabricatores
3362 3256 3376 3279 ,
3403 3213 3512 3284 quia
3533 3225 3610 3281 per
3630 3202 3740 3260 stulti-

2279 3306 2409 3361 tiam
2442 3307 2691 3362 humanm
2720 3306 2916 3362 mentis
2942 3306 3088 3363 facta
3121 3323 3283 3378 opera
3310 3315 3425 3363 sunt
3450 3309 3655 3366 vana,et
3675 3296 3740 3350 risu

2277 3397 2437 3469 digna
2471 3397 2637 3466 :quia
2687 3412 2789 3452 nec
2841 3382 3091 3468 spiritus,
3120 3399 3174 3453 in
3206 3400 3285 3455 eis
3314 3439 3329 3463 ,
3368 3412 3460 3453 nec
3490 3410 3592 3457 vox,
3632 3398 3741 3454 neq»?

2276 3504 2494 3555 sensus,
2546 3504 2724 3559 neque
2774 3488 2883 3544 ulla
2929 3488 3172 3547 ellicacia
3220 3505 3431 3562 operum
3472 3488 3620 3542 inest:
3656 3476 3743 3531 unde

2275 3594 2377 3634 nec
2406 3594 2487 3644 se,
2519 3593 2696 3651 neque
2725 3578 2963 3634 cultores
2999 3596 3131 3636 suos
3165 3581 3219 3635 in
3252 3581 3336 3636 die
3361 3572 3636 3633 visitatianis
3659 3566 3741 3620 libe-

2275 3685 2401 3727 rare
2426 3679 2699 3745 poterunt.
2734 3670 2853 3728 Non
2880 3672 3024 3727 enim
3055 3682 3176 3729 erat
3204 3673 3323 3727 talis
3349 3681 3491 3727 actus
3524 3663 3661 3724 lsrael.
3686 3656 3742 3728 ιηί

2273 3764 2436 3820 unius
2475 3765 2569 3821 Dei
2596 3764 2770 3820 cultor
2796 3775 2917 3821 erat
2955 3780 2969 3819 :
3015 3781 3248 3836 quorum
3296 3764 3415 3819 licet
3445 3758 3623 3833 plurimi
3643 3752 3742 3807 aber-

2274 3858 2531 3921 raverint,
2562 3858 2715 3913 multi
2745 3865 2921 3913 tamen
2969 3858 3025 3913 in
3071 3857 3176 3913 fide
3209 3858 3599 3928 permanserunt,
3616 3853 3656 3901 et
3671 3839 3742 3908 eius

2272 3950 2477 4006 auxilio
2517 3965 2659 4020 saspe
2688 3949 2902 4004 liberati
2952 3957 3119 4020 atque
3169 3948 3389 4021 protecti
3434 3949 3557 4000 sunt.
3596 3931 3742 4006 Mysum

2272 4049 2453 4096 autem
2483 4040 2633 4096 stulti
2664 4039 2791 4095 facti
2819 4048 2945 4095 sunt
2973 4055 3167 4097 omnes
3204 4036 3433 4095 haeretici
3470 4042 3603 4103 atque
3634 4021 3743 4120 Selii?

2271 4130 2496 4196 matici',
2526 4131 2795 4202 ﬁngentes
2833 4130 3123 4187 simulacra
3151 4143 3390 4188 errorum
3419 4136 3605 4182 suorum
3630 4125 3742 4211 {quia

2271 4223 2525 4294 dogmata
2567 4236 2756 4277 eorum
2784 4236 2923 4277 vana
2952 4231 3079 4277 sunt
3123 4231 3179 4277 et
3225 4220 3336 4275 risu
3373 4217 3516 4288 digna
3543 4229 3555 4265 :
3580 4206 3743 4304 unde“!

2273 4324 2517 4385 tempore
2542 4313 2891 4379 visitationis,
2928 4314 3031 4370 hac
3058 4323 3161 4380 est,
3189 4315 3245 4369 in
3268 4313 3353 4368 die
3395 4302 3660 4365 universalis
3689 4302 3743 4362 Ιιί·

2271 4405 2589 4472 dicii,simul
2613 4421 2737 4461 cum
2770 4405 3082 4463 auctoribus
3122 4407 3237 4462 suis
3264 4404 3513 4476 peribunt.
3540 4396 3632 4452 Non
3649 4388 3743 4444 enim

2273 4495 2400 4551 talis
2424 4504 2509 4550 est
2535 4495 2782 4551 doctrina
2828 4496 3140 4567 Apastolica
3170 4505 3330 4566 atque
3362 4485 3744 4574 prophetica,

2276 4589 2333 4644 in
2376 4588 2642 4644 catholica
2688 4587 3013 4658 praedicatur
3041 4587 3294 4652 ecclesia,
3325 4592 3375 4640 et
3396 4579 3583 4636 laudem
3605 4571 3741 4663 Patria

2272 4690 2329 4736 et
2356 4679 2501 4747 Filii,
2517 4686 2573 4736 et
2593 4679 2828 4751 Spiritus
2854 4680 3051 4745 sancti,
3068 4678 3228 4734 unius
3254 4674 3489 4732 videlicet
3513 4667 3608 4730 Dei,
3627 4663 3746 4730 quoli-

2272 4773 2361 4828 die
2385 4772 2672 4831 annuntiat
2699 4770 2946 4827 ﬁdelibus
2971 4768 3110 4839 ejus,
3139 4769 3263 4840 quia
3289 4764 3534 4821 veraciter
3558 4758 3646 4826 ipse
3665 4752 3743 4803 05‘:

2269 4866 2374 4921 hoc
2397 4873 2499 4930 est,
2514 4864 2659 4920 solus
2685 4864 2739 4918 in
2765 4863 3055 4934 semetipsa
3070 4858 3411 4919 immutabilis
3430 4862 3612 4921 semper
3629 4842 3745 4899 exsul

2269 4959 2413 5013 Deus
2446 4956 2685 5011 omnium
2725 4963 2973 5019 creator,
3027 4961 3087 5008 et
3132 4952 3368 5009 omnium
3413 4934 3745 5033 formator}?

2268 5055 2459 5104 sancta
2494 5044 2735 5101 Ecclesia
2783 5051 3057 5114 sceptrum
3105 5039 3424 5097 hatreditatis
3452 5034 3575 5105 ejus,
3600 5029 3747 5103 cuiM'
3840 5054 3841 5114 ξ

2267 5148 2509 5196 manest
2539 5136 2796 5192 Dominus
2823 5136 3050 5191 sabaotlt
3075 5135 3130 5190 in
3154 5142 3429 5191 aeternum.

2341 5248 2361 5281 ι
2405 5227 2668 5285 Collidisti
2695 5226 2827 5282 mihi
2854 5241 2985 5281 vasa
3011 5226 3136 5282 belli
3159 5265 3175 5291 ,
3228 5233 3283 5280 et
3305 5237 3400 5294 ego
3420 5214 3631 5275 callidam
3652 5206 3692 5261 in
3710 5206 3744 5299 te

2270 5340 2301 5376 ι
2320 5330 2546 5393 ἐθυιθδν
2571 5326 2627 5374 ει
2657 5318 2963 5390 disperdam
3006 5306 3065 5372 t‘n
3106 5324 3160 5371 te
3194 5329 3354 5386 regna
3381 5327 3396 5366 :
3421 5316 3472 5365 et
3497 5300 3693 5362 callidam
3711 5302 3746 5342 In

2271 5433 2288 5465 ι
2332 5422 2390 5469 te
2417 5426 2615 5484 equum
2642 5419 2700 5465 et
2723 5411 2962 5481 equitem
2988 5410 3104 5482 ejus
3128 5450 3145 5474 ,
3178 5418 3235 5465 et
3264 5405 3494 5462 callidam
3528 5399 3571 5452 in
3607 5395 3747 5490 “ifilli

2270 5521 2290 5555 ι
2330 5482 2538 5558 rum'et
2570 5516 2915 5558 ascensorem
2946 5501 3064 5572 ejus
3084 5539 3101 5567 ,
3139 5510 3196 5555 et
3219 5496 3457 5555 callidam
3483 5491 3531 5545 in
3557 5494 3601 5540 te
3622 5482 3745 5531 vim“

2269 5615 2288 5647 ι
2331 5603 2387 5650 et
2412 5594 2720 5658 mulierem,
2742 5603 2800 5649 et
2819 5584 3066 5650 callidam
3091 5592 3145 5648 in
3174 5600 3226 5647 te
3254 5600 3432 5646 senem
3468 5593 3516 5638 cl
3549 5577 3746 5670 illi???“

2271 5707 2288 5739 ι
2336 5698 2393 5744 et
2418 5687 2670 5744 callidam
2696 5655 2751 5742 in
2776 5684 3097 5756 tejuvenem
3122 5690 3179 5739 et
3203 5681 3471 5752 virginem,
3498 5679 3545 5725 ει
3563 5655 3744 5761 σθηξὼξῗ

2275 5800 2293 5832 ι
2339 5782 2392 5836 in
2425 5789 2476 5835 te
2503 5789 2775 5849 pastorem
2801 5748 2864 5835 et
2889 5792 3100 5850 gregem
3127 5748 3366 5847 ejus,vet
3389 5760 3605 5824 callidam
3639 5748 3682 5803 in
3710 5748 3746 5795 ιθ
