3970 6190
188 376 324 434 “69

1062 310 1427 421 EXPOSl'flO
1468 358 1697 417 SUPER
1734 354 2097 410 JEREMIAM.
2137 386 2207 395 —
2246 355 2371 411 LlB.
2412 354 2573 412 XVII.

3308 356 3451 410 ΗΠ)

192 516 211 546 ς
256 485 543 563 agricolam
567 490 621 538 et
636 480 850 553 jugales
877 479 1012 548 ejus,
1036 476 1355 534 etcollidam
1382 475 1436 530 in
1466 483 1519 530 te
1534 474 1701 528 duces
1715 477 1771 526 et
1795 473 1850 530 Α
1880 488 1899 520 ς
1943 471 2224 526 universos
2260 469 2607 540 magistratus
2649 470 2799 538 ejus,
2846 477 3204 538 cunctamque
3243 481 3448 527 terram

195 603 213 636 ι
260 560 710 651 magistratusmt
729 569 949 626 reddam
978 566 1258 638 Babyloni,
1281 573 1336 620 et
1382 564 1590 620 cunctis
1607 560 1763 617 babi—

196 695 215 725 ι
262 670 520 728 tatoribus
538 663 822 728 Chaldaetr,
846 675 1008 717 omne
1034 659 1234 715 malum
1269 672 1426 712 suum
1460 654 1603 725 quod
1626 653 1768 708 fece-

197 782 216 815 ι
257 766 379 817 mnt
402 758 455 813 in
485 754 617 810 Sion
640 753 696 808 in
720 750 891 808 oculis
913 749 1125 813 vestris,
1151 748 1227 802 ait
1256 746 1535 800 Dominus.
1561 762 1579 795 ι
1614 742 1766 797 Prm-

187 854 318 912 dicit
342 828 522 908 sermo
549 846 764 902 divinus
779 841 1059 914 Babyloni,
1082 839 1226 910 quod
1254 837 1394 893 sicut
1419 836 1511 891 illa
1538 835 1594 889 in
1618 843 1763 889 terra

186 943 514 1003 Judaeorum,
546 943 602 990 et
630 934 685 988 in
710 930 935 987 diversis
968 926 1264 1000 provinciis
1313 924 1599 980 collidebat
1639 937 1766 978 vasa

190 1031 332 1092 belli.
362 1030 464 1084 hoc
485 1034 592 1092 est,
618 1037 774 1078 arma
818 1019 1010 1075 bellica
1032 1058 1049 1083 ,
1081 1017 1167 1072 vel
1194 1015 1441 1072 homines
1466 1014 1728 1070 bellantes
1748 1053 1763 1077 ,

188 1124 269 1178 ita
305 1120 359 1174 in
385 1118 473 1176 illa
499 1113 718 1171 collidat
741 1110 1001 1165 Dominus
1030 1122 1220 1164 omnes
1241 1113 1448 1178 gentes,
1484 1115 1541 1161 et
1568 1105 1770 1175 disper-

192 1215 284 1268 dat
312 1224 492 1280 regna,
517 1214 574 1265 et
607 1210 852 1262 conterat
885 1215 1055 1275 equos
1101 1207 1157 1254 et
1191 1199 1402 1269 equites
1429 1238 1443 1263 ,
1470 1205 1526 1252 et
1553 1197 1772 1253 collidat

192 1303 437 1365 homines
458 1295 654 1355 diversi
681 1308 845 1351 sexus
865 1301 1029 1360 atque
1050 1289 1246 1354 aetatis,
1274 1287 1559 1357 agricolas,
1582 1287 1768 1352 duces,

193 1404 250 1451 et
292 1390 662 1463 magistratus,
702 1392 973 1456 quatenus
1007 1379 1159 1450 justo
1203 1379 1388 1449 judice
1436 1378 1773 1434 retribuente

194 1482 414 1553 recipiat
451 1475 824 1548 unusquisque
851 1473 1055 1528 malum
1081 1470 1223 1542 quod
1262 1470 1389 1525 fecit
1414 1470 1467 1524 in
1509 1468 1775 1540 proximis

192 1562 324 1630 suis.
353 1573 445 1628 Sic
484 1570 652 1626 etiam
679 1567 786 1624 erit
813 1565 869 1622 in
908 1563 1092 1623 futuro
1123 1562 1219 1620 Dei
1250 1561 1474 1633 judicio,
1502 1570 1563 1616 ut
1589 1575 1773 1631 perse-

193 1676 437 1723 cuturum
463 1662 708 1720 ecclesiae
735 1658 939 1717 Christi
982 1657 1209 1730 recipiat
1248 1655 1618 1726 unusquisque
1657 1668 1774 1725 pte-

193 1779 316 1818 nam
362 1760 600 1817 debitam
627 1799 643 1826 ,
695 1771 859 1829 quam
899 1754 1200 1827 promeruit
1226 1740 1338 1824 per
1379 1750 1638 1822 injustam
1688 1748 1772 1802 vi-

194 1861 323 1911 tam.
1202 1905 1206 1909 .

266 1960 288 1993 ι
333 1940 469 1997 Ecce
502 1948 605 2010 ego
649 1937 720 1993 ad
772 1943 845 2001 te,
881 1950 1039 1991 mons
1077 1929 1331 2004 pestifer,
1376 1930 1453 1985 ait
1490 1928 1771 1993 Dominus,

200 2050 217 2082 ι
264 2030 355 2101 qui
402 2028 707 2100 corrumpis
746 2027 1055 2105 universam
1096 2031 1318 2079 terram.
1368 2021 1437 2076 Et
1486 2019 1775 2074 extendam

201 2141 220 2175 ι
268 2136 482 2177 manum
509 2133 673 2189 super
708 2125 791 2184 te,
822 2124 877 2171 et
907 2115 1152 2172 evolvam
1181 2122 1235 2169 te
1263 2128 1293 2167 a
1318 2111 1509 2183 petris,
1553 2119 1608 2167 et
1638 2111 1777 2166 dabo

200 2232 220 2266 ι
267 2223 319 2268 te
365 2214 419 2267 in
462 2217 700 2265 montem
727 2206 1120 2264 combustionis
1144 2223 1162 2264 ι
1187 2214 1242 2262 et
1274 2220 1381 2261 non
1411 2201 1599 2258 tollent
1631 2199 1697 2257 de
1727 2209 1779 2256 te

201 2322 220 2355 ‹
261 2301 491 2372 lapidem
513 2299 567 2355 in
591 2297 841 2370 angulum
860 2338 876 2364 ,
904 2306 960 2352 et
987 2295 1221 2369 lapidem
1248 2296 1303 2349 in
1332 2294 1738 2348 fundamentum
1761 2305 1776 2344 :

202 2417 222 2451 ι
264 2396 358 2451 sed
404 2393 648 2465 perditus
697 2393 750 2447 in
789 2401 1054 2448 aeternum
1107 2390 1258 2455 eris,
1308 2388 1386 2443 ait
1436 2386 1716 2442 Dominus.
1753 2403 1773 2437 ι

195 2488 431 2551 Montem
460 2483 798 2555 pestiferum,
836 2491 931 2537 aut
974 2479 1330 2537 bistorialiter
1352 2478 1781 2534 Nabuchodono-

193 2596 290 2639 sor
319 2594 439 2634 cum
471 2576 739 2633 Chaldmis
779 2582 1005 2647 propter
1045 2572 1422 2631 crudelitatem
1474 2569 1781 2644 tyrannidis

198 2674 342 2745 ejus,
385 2686 547 2742 quam
583 2669 829 2726 exercuit
850 2668 907 2723 in
947 2667 1180 2722 diversis
1204 2664 1456 2736 gentibus
1481 2704 1497 2729 ,
1531 2673 1624 2719 aut
1673 2663 1782 2733 spi-

194 2763 430 2820 ritaliter
482 2759 757 2816 diabolum
811 2765 1035 2829 propter
1087 2758 1396 2828 superbiam
1458 2762 1777 2825 nuncupat:

194 2872 359 2927 quem
387 2853 513 2909 alibi
545 2851 711 2924 (lsai.
746 2852 876 2922 xm)
903 2857 1139 2905 montem
1170 2847 1528 2917 caliginosum
1546 2854 1771 2916 propter

198 2946 404 3007 erroris
457 2944 707 2998 tenebras
755 2940 1035 3010 Scriptura
1094 2937 1345 3009 appellat.
1401 2935 1504 2991 llic
1557 2935 1783 3005 corripit

196 3042 507 3096 universam
539 3046 736 3094 terram
758 3075 772 3099 ,
805 3035 911 3090 hoc
941 3040 1026 3088 est
1052 3040 1300 3087 terrenos
1328 3037 1385 3086 et
1410 3028 1662 3085 carnales
1690 3028 1783 3083 bo-

200 3135 378 3196 mines
406 3131 632 3187 diversis
660 3127 806 3184 vitiis
832 3125 1029 3198 polluit
1054 3141 1066 3179 :
1098 3123 1169 3180 ad
1193 3137 1352 3194 quem
1393 3122 1654 3177 Dominus
1682 3135 1779 3179 ex-

202 3222 378 3283 tendit
394 3236 609 3277 manum
635 3219 905 3285 vindictae,
933 3226 990 3273 et
1014 3216 1213 3273 evolvit
1240 3217 1309 3272 de
1332 3215 1525 3287 petris,
1541 3215 1646 3269 hoc
1676 3221 1783 3279 est,

201 3313 277 3370 ab
299 3312 380 3368 eis
411 3311 504 3383 qui
555 3311 696 3366 ﬁrmi
739 3316 865 3365 sunt
912 3308 967 3364 in
1011 3307 1119 3363 fide
1167 3314 1415 3378 separat,
1451 3313 1506 3360 et
1533 3303 1680 3361 dabit
1727 3302 1781 3361 in

200 3413 445 3462 montem
480 3401 867 3459 combustionis
893 3407 1151 3466 :eternae-,
1191 3408 1251 3454 ut
1283 3398 1396 3454 luat
1429 3412 1645 3469 semper
1672 3411 1787 3467 pm—

201 3510 308 3551 nas
331 3493 595 3563 superbiae
622 3507 734 3547 suae
761 3508 775 3545 :
802 3505 905 3546 nec
926 3490 993 3545 de
1022 3504 1088 3545 eo
1118 3488 1333 3544 tollatur
1352 3487 1489 3557 lapis
1510 3486 1786 3558 angularis

201 3585 261 3639 in
292 3583 696 3639 fundamentum
728 3579 942 3637 aedilicii
972 3578 1230 3644 ccelestis,
1266 3577 1362 3639 sed
1400 3577 1645 3647 perditus
1692 3576 1789 3630 ﬁat

202 3677 262 3731 in
311 3682 592 3729 aeternum.
638 3671 721 3728 Ad
774 3673 918 3727 hunc
962 3669 1167 3727 scilicet
1241 3677 1479 3725 montem
1516 3668 1789 3738 pertinent

201 3763 454 3823 inﬁdeles
479 3760 669 3827 Judaei,
700 3761 1022 3833 blasphemi,
1052 3759 1291 3814 haeretici
1318 3798 1334 3825 ,
1386 3767 1550 3829 atque
1599 3773 1788 3815 omnes

202 3852 363 3923 impii
429 3852 522 3923 qui
568 3851 861 3923 perdurant
904 3851 961 3905 in
1006 3851 1229 3930 malitia,
1266 3865 1397 3916 sua,
1447 3865 1549 3906 nec
1601 3849 1790 3906 volunt

200 3943 454 3999 converti
497 3943 565 3998 ad
603 3941 889 3997 Dominum
921 3959 933 3994 :
961 3949 1021 3995 ut
1054 3939 1185 3995 fiant
1217 3940 1421 4011 lapides
1450 3940 1586 4019 vivi,
1609 3950 1664 3996 et
1692 3942 1791 3995 ba-

204 4032 351 4091 biles
399 4031 466 4086 ad
511 4029 794 4086 aediﬁcium
849 4028 964 4083 Dei.
1014 4027 1336 4083 Econtrario
1385 4027 1525 4084 alius
1571 4036 1655 4085 est
1702 4028 1793 4084 ille

203 4124 372 4193 lapis,
391 4138 549 4193 quem
568 4120 802 4176 Danielis
823 4119 1099 4191 prophetia
1122 4127 1508 4175 commemorat
1525 4119 1688 4192 (Dan.
1705 4122 1792 4193 ιι),

205 4212 305 4283 qui
335 4211 741 4267 abscissus-est
794 4212 861 4266 de
904 4219 1089 4266 monte
1116 4211 1235 4269 sine
1272 4211 1525 4267 manibus
1548 4251 1563 4278 ,
1601 4221 1655 4267 et
1679 4227 1798 4282 per-

204 4302 387 4358 cussit
440 4312 672 4365 statuam
722 4300 866 4357 illam
900 4302 1312 4372 grandissimam
1340 4302 1397 4357 in
1426 4301 1652 4373 pedibus
1680 4302 1797 4374 ejus

202 4393 431 4458 ferreis,
464 4403 519 4448 et
556 4391 873 4447 comminuit
916 4390 1123 4447 ferrum
1146 4432 1160 4457 ,
1202 4402 1396 4448 testam
1422 4433 1437 4459 ,
1466 4408 1573 4461 aes,
1604 4410 1797 4465 argen-

1877 581 1895 615 ‹
1940 562 2224 632 potestatis
2263 560 2379 632 ejus
2402 601 2418 626 ,
2448 569 2502 614 et
2536 560 2962 616 commovebitur
3008 567 3154 615 terra
3183 568 3238 614 et
3265 562 3452 616 turba-

1877 673 1894 704 ι
1938 655 2083 708 bitur
2111 671 2123 713 ;
2154 653 2279 722 quia
2309 651 2585 722 evigilavit
2623 660 2812 706 contra
2836 651 3163 723 Babylonem
3195 652 3454 722 cogitatio

1877 764 1894 796 ι
1945 743 2171 807 Domini,
2204 751 2267 798 ut
2293 751 2456 813 ponat
2496 751 2699 797 terram
2750 741 3035 814 Babylonis
3078 742 3351 797 desertam
3398 751 3455 796 et

1876 856 1895 889 ε
1939 833 2366 892 inbabitabilem.
2411 856 2430 886 ι
2465 832 2725 905 Loquitur
2776 834 3041 903 propheta
3088 833 3154 888 ad
3183 840 3371 904 gentes
3399 841 3456 889 et

1872 930 1940 984 ad
1964 942 2119 999 reges
2148 940 2357 990 carum,
2389 940 2513 995 quae
2556 924 2611 978 in
2640 924 2868 980 circuitu
2907 923 3171 979 Chaldaeae
3198 932 3253 979 et
3275 923 3454 995 Baby-

1871 1020 2011 1076 lonis
2047 1017 2420 1075 consistebant
2444 1054 2460 1082 ,
2501 1024 2562 1070 ut
2601 1015 2779 1070 levent
2828 1013 3024 1069 vexilla
3077 1029 3175 1069 sua
3213 1025 3267 1070 et
3299 1028 3453 1067 arma

1870 1112 2083 1177 bellica,
2110 1110 2470 1180 clangentque
2493 1106 2740 1163 buecinis
2792 1106 2846 1160 in
2890 1106 3184 1171 montibus,
3231 1115 3287 1161 et
3323 1121 3455 1162 con-

1872 1210 2066 1260 vocent
2094 1215 2300 1263 omnes
2328 1200 2578 1255 nationes
2606 1198 2674 1252 ad
2704 1197 3115 1254 subversionem
3140 1196 3453 1268 Babylonis.

1871 1293 2009 1351 Nam
2034 1292 2287 1358 Araratb,
2328 1289 2583 1344 Armenia
2605 1328 2619 1351 ,
2651 1297 2708 1344 et
2736 1288 3018 1343 Ascbenez
3047 1285 3190 1342 filius
3223 1286 3326 1341 fuit
3350 1285 3457 1342 Go-

1873 1401 2010 1450 mer,
2043 1384 2137 1439 ﬁlii
2169 1382 2385 1454 Japbet,
2435 1381 2533 1437 ﬁlii
2576 1380 2711 1447 Noe,
2738 1380 2883 1435 unde
2909 1394 3067 1451 reges
3092 1377 3270 1435 exorti
3308 1387 3454 1434 sunt.

1875 1477 2154 1549 Siquidem
2184 1491 2216 1531 a
2260 1483 2468 1546 septem
2499 1474 2624 1529 ﬁliis
2647 1473 2844 1544 Japbet
2889 1488 3139 1544 possessa
3169 1481 3254 1528 est
3279 1470 3455 1538 Asia,

1874 1570 1942 1625 ab
1983 1570 2192 1623 Amano
2218 1574 2272 1623 et
2301 1566 2480 1621 Tauro
2520 1563 2887 1636 Syriae-emiss
2910 1574 2964 1620 et
2993 1563 3196 1620 Cilicia:
3241 1573 3458 1620 montes

1875 1677 2045 1733 usque
2094 1661 2163 1716 ad
2206 1659 2427 1715 ﬁuvium
2459 1659 2683 1715 Tanaim
2718 1673 2735 1713 :
2780 1659 2837 1714 in
2865 1659 3081 1728 Europa
3119 1671 3249 1714 vero
3287 1672 3460 1728 usque

1875 1755 1942 1810 ad
1995 1752 2203 1819 Gadra,
2244 1750 2464 1808 nomina
2500 1751 2636 1806 locis
2664 1758 2717 1805 ct
2745 1750 2994 1822 gentibus
3038 1749 3409 1821 relinquentes
3447 1792 3457 1813 ,

1876 1842 2219 1902 sanctiﬁcare
2255 1843 2410 1914 jubet
2441 1850 2633 1915 gentes
2677 1849 2868 1897 contra
2920 1840 3252 1911 Babylonem
3280 1879 3297 1905 ,
3341 1854 3460 1907 qum

1874 1936 2154 2007 expletura
2182 1942 2302 1988 erat
2337 1940 2580 1987 sanetam
2619 1931 2714 1986 Dei
2757 1930 3089 1986 voluntatem
3114 1969 3130 1994 ,
3161 1937 3223 1984 ut
3258 1927 3461 1997 justam

1877 2026 2287 2083 retributionem
2318 2023 2393 2079 illi
2424 2023 2754 2081 retribueret
2782 2036 2883 2092 pro
2905 2020 3147 2091 peccatis
3186 2019 3301 2075 suis
3329 2037 3343 2073 :
3371 2019 3464 2074 de-

1878 2126 2079 2175 sertam
2110 2116 2228 2189 ejus
2254 2124 2456 2172 terram
2482 2121 2712 2187 poneret
2732 2111 3169 2169 inbabitabilem.
3199 2109 3357 2167 Unde
3381 2125 3466 2167 se-

1877 2212 2063 2283 quitur
2095 2229 2110 2266 :

1955 2321 1975 2355 ι
2018 2302 2376 2359 Cessaverunt
2410 2299 2579 2355 fortes
2603 2298 2896 2370 Babylonis
2921 2312 2953 2352 a
2977 2296 3166 2367 prtelio
3193 2336 3209 2363 ,
3251 2295 3465 2351 habita-

1885 2413 1904 2447 ι
1946 2401 2142 2448 verunt
2166 2393 2220 2448 in
2245 2391 2512 2463 praesidiis
2539 2407 2553 2446 :
2584 2391 2903 2446 devoratum
2932 2397 3017 2446 est
3058 2389 3227 2445 robur
3250 2404 3463 2453 eorum,

1886 2505 1904 2538 ι
1945 2495 2000 2541 et
2023 2484 2155 2540 facti
2181 2491 2311 2540 sunt
2347 2483 2502 2554 quasi
2544 2481 2802 2561 mulieres
2828 2522 2844 2548 ,
2876 2485 3097 2538 incensa
3129 2489 3256 2538 sunt
3290 2482 3469 2537 taber-

1886 2594 1906 2629 (
1950 2576 2143 2632 uacula
2198 2574 2336 2646 ejus.
2387 2574 2620 2631 Contriti
2663 2582 2789 2631 sunt
2831 2583 3047 2643 vectes,
3100 2574 3189 2631 vel
3241 2590 3468 2631 currens

1886 2688 1906 2721 ι
1949 2667 2165 2723 obviam
2192 2667 2435 2722 currenti
2462 2665 2643 2721 veniet
2670 2704 2685 2731 ,
2730 2673 2788 2720 et
2828 2665 3055 2722 nuntius
3098 2666 3291 2722 obvius
3331 2681 3468 2719 nun-

1890 2776 1909 2809 ι
1956 2757 2108 2815 tianti
2144 2774 2156 2810 :
2196 2764 2256 2811 ut
2280 2755 2565 2810 annuntiet
2586 2755 2700 2826 regi
2721 2755 3032 2826 Babylonis,
3054 2756 3180 2826 quia
3201 2766 3356 2826 capta
3383 2767 3466 2810 est

1888 2870 1908 2903 ι
1950 2850 2286 2923 ejuscivitas
2312 2866 2342 2904 a
2371 2864 2582 2906 summo
2611 2865 2781 2920 usque
2804 2851 2872 2906 ad
2901 2866 3172 2907 summum
3207 2865 3221 2904 :
3253 2859 3310 2905 et
3333 2853 3468 2905 vada

1888 2959 1908 2993 ι
1949 2947 2327 3010 ρι-ωοοοιῳαιδ
2356 2947 2519 3005 sunt,
2553 2947 2606 2994 et
2637 2939 2863 3010 paludes
2889 2939 3126 2996 incensae
3154 2947 3281 2995 sunt
3315 2941 3425 3010 igni
3455 2983 3469 3008 ,

1888 3052 1907 3086 ι
1950 3041 2005 3088 et
2036 3032 2136 3088 viri
2174 3031 2466 3088 bellatores
2505 3032 2814 3089 conturbati
2865 3042 3012 3091 sunt.
3044 3053 3066 3087 θ
3103 3032 3289 3090 Robur
3325 3034 3469 3088 enim

1885 3122 2172 3195 Babylonis
2204 3130 2260 3178 et
2290 3122 2616 3193 principium
2639 3120 2757 3191 ejus
2782 3123 3019 3189 defecit,
3057 3122 3199 3196 Cyro
3224 3131 3279 3180 et
3305 3123 3472 3181 Dario

1886 3229 2050 3284 super
2075 3230 2134 3269 se
2161 3214 2411 3270 veniente
2434 3229 2559 3270 cum
2589 3214 2920 3271 exercitibus
2949 3214 3083 3281 suis,
3111 3222 3166 3271 et
3195 3214 3321 3272 facti
3349 3226 3474 3271 sunt

1885 3307 2134 3364 imbelles
2164 3308 2317 3378 quasi
2344 3307 2632 3376 mulieres,
2658 3308 2862 3365 idcirco
2890 3292 3112 3364 incensa
3136 3317 3263 3364 sunt
3295 3308 3476 3365 taber-

1889 3399 2078 3455 nacula
2102 3397 2241 3469 ejus,
2262 3410 2317 3456 et
2341 3401 2517 3455 omnis
2542 3400 2775 3457 munitio
2802 3401 3098 3458 destructa.
3126 3401 3283 3471 Quod
3308 3403 3473 3459 etiam

1888 3508 2071 3564 regem
2099 3493 2384 3549 Baltbasar
2411 3493 2538 3550 licet
2563 3494 2616 3549 in
2643 3494 2895 3549 convivio
2933 3492 3119 3556 fuerit,
3153 3501 3334 3548 tamen
3368 3509 3473 3547 non

1886 3586 2084 3654 latuit,
2138 3587 2231 3644 sed
2283 3588 2459 3643 nuntii
2502 3588 2875 3644 discurrentes
2920 3589 3036 3661 regi
3089 3590 3477 3646 nuntiaverunt

1889 3676 2033 3749 quod
2060 3677 2252 3732 civitas
2272 3677 2390 3748 ejus
2412 3692 2442 3731 a
2469 3676 2576 3732 ﬁne
2601 3693 2774 3748 usque
2797 3678 2866 3733 ad
2895 3676 3057 3733 ﬁdem
3100 3687 3258 3748 capta
3284 3688 3429 3736 esset
3456 3721 3473 3746 ,

1889 3767 2025 3821 vada
2054 3766 2290 3822 fluminis
2318 3766 2592 3837 Euphrate
2632 3776 3005 3838 prmoccupata
3032 3807 3048 3833 ,
3094 3768 3318 3839 paludes
3364 3769 3475 3839 igni

1892 3860 2156 3922 incensae,
2204 3867 2260 3913 et
2307 3873 2499 3913 omnes
2546 3858 2833 3914 bellatores
2896 3858 3100 3914 turbati
3151 3875 3163 3911 :
3222 3873 3322 3914 nec
3362 3859 3475 3929 jam

1892 3952 2068 4011 fuerat
2088 3951 2179 4020 qui
2207 3950 2452 4006 hostibus
2483 3950 2740 4005 resistere
2771 3949 3107 4021 praevaleret.

1969 4060 1988 4093 ι
2034 4041 2168 4109 Quia
2203 4041 2321 4095 haec
2346 4040 2478 4097 dicit
2506 4040 2767 4095 Dominus
2794 4040 2936 4095 Deus
2964 4039 3133 4096 Israel
3156 4055 3170 4095 :
3196 4039 3333 4096 Filia
3371 4041 3477 4095 Ba-

1901 4149 1920 4183 ι
1961 4124 2171 4203 bylonis
2216 4120 2371 4201 quasi
2427 4145 2554 4186 area
2602 4138 2815 4201 tempus
2860 4131 3070 4186 tritura:
3110 4131 3225 4201 ejus
3258 4151 3270 4187 :
3304 4133 3480 4189 adhuc

1902 4244 1920 4278 ι
1968 4224 2236 4280 modicum
2263 4232 2318 4279 et
2345 4224 2562 4279 eveniet
2580 4232 2794 4295 tempus
2813 4225 3099 4281 messionis
3125 4223 3259 4294 ejus.
3275 4246 3291 4278 ι
3312 4225 3477 4294 Quasi

1895 4332 2026 4372 area
2082 4315 2184 4372 fuit
2231 4315 2382 4387 plebs
2428 4302 2756 4389 Babylonis,
2806 4319 3025 4387 quando
3054 4333 3152 4388 per
3183 4320 3478 4389 potentiam

1898 4406 2047 4476 regni
2092 4414 2148 4460 et
2177 4405 2486 4462 divitiarum
2535 4405 2962 4476 magnitudinem
2991 4407 3283 4463 triturabat
3320 4417 3483 4478 atque

210 4501 355 4599 tum:
393 4492 449 4539 et
475 4501 667 4541 aurum
702 4503 713 4539 :
747 4485 1032 4557 factusque
1067 4498 1149 4545 est
1187 4506 1344 4549 mons
1371 4506 1597 4562 magnus
1628 4491 1703 4546 ita
1734 4500 1796 4546 ut
1822 4539 1873 4599 D
1898 4497 2213 4553 coniterebat
2240 4503 2457 4567 gentes,
2506 4496 2577 4552 ad
2622 4512 2761 4568 quas
2788 4498 2952 4554 missa
2980 4507 3067 4553 est
3092 4512 3110 4554 ι
3135 4498 3229 4555 sed
3273 4507 3483 4570 tempus

206 4578 473 4649 impleret
492 4580 800 4635 universam
828 4588 1048 4635 terram.
1077 4580 1176 4637 Hic
1203 4596 1333 4652 ergo
1362 4589 1446 4637 est
1471 4580 1610 4652 lapis
1636 4595 1797 4652 quem
1822 4578 1872 4599 "
1905 4589 2193 4645 messionis
2218 4589 2366 4644 venit
2391 4606 2403 4642 :
2430 4590 2647 4660 quando
2675 4590 2968 4661 cogebatur
2989 4592 3042 4647 id
3062 4593 3310 4663 accipere
3340 4594 3481 4663 quod

206 4670 647 4740 reprobaverunt
700 4670 1065 4736 mditicantes,
1118 4679 1358 4729 attamen
1406 4672 1581 4729 factus
1622 4682 1706 4729 est
1745 4675 1800 4730 in
1906 4679 2105 4749 iniquae
2137 4681 2320 4753 gessit.
2359 4680 2435 4734 De
2480 4696 2587 4750 quo
2629 4697 2697 4737 ex
2743 4696 2976 4752 persona
3021 4683 3193 4753 plebis
3244 4682 3483 4739 Iudaica.-

206 4767 388 4831 caput
419 4760 601 4832 anguli
628 4760 778 4833 (Luc.
810 4764 935 4833 xx);
967 4779 998 4817 a
1024 4762 1252 4819 Domino
1287 4762 1487 4819 factum
1510 4773 1614 4834 est,
1636 4775 1693 4822 et
1717 4775 1802 4823 est
1905 4779 2298 4841 consequenter
2322 4771 2553 4827 dicitur:

205 4855 491 4913 mirabilis
535 4857 589 4912 in
636 4857 815 4918 oculis.
834 4857 1058 4925 nostris,
1089 4859 1243 4929 cujus
1272 4872 1499 4929 regnum
1543 4860 1599 4915 in
1649 4870 1804 4917 aeter-
1983 4879 2003 4913 ‹
2048 4837 2294 4917 comedit
2337 4878 2451 4927 me,
2512 4862 2793 4921 devoravit
2845 4879 2932 4921 me
2986 4864 3478 4922 Nabuchodonosor

205 4963 354 5004 num
380 4962 487 5002 non
516 4948 864 5018 dissipabitur
888 4991 903 5017 ,
956 4965 1056 5008 nec
1096 4947 1294 5023 populo
1320 4949 1491 5007 altero
1515 4952 1759 5009 tradetur
1782 4993 1798 5019 ,
1913 4971 1934 5006 ί
1979 4968 2075 5009 rex
2112 4951 2421 5023 Babylonis,
2460 4954 2692 5010 reddidit
2734 4971 2824 5011 me
2855 4955 3011 5026 quasi
3043 4970 3141 5010 vas
3175 4955 3353 5009 inane.
3380 4955 3484 5009 Ab-

205 5038 319 5097 setl
365 5053 589 5110 regnum
625 5039 742 5113 ejus
788 5058 1013 5114 regnum
1041 5042 1147 5098 erit
1177 5044 1418 5099 omnium
1444 5045 1799 5110 seculorum,
1913 5067 1933 5103 ι
1975 5050 2185 5106 sorbuit
2226 5064 2314 5104 me
2359 5049 2501 5105 sicut
2543 5049 2726 5115 draco,
2771 5050 2997 5120 replevit
3038 5060 3281 5105 ventrem
3325 5066 3479 5106 suum

205 5138 280 5186 et
311 5127 609 5187 dominatio
634 5132 752 5203 ejus
776 5133 832 5189 in
857 5133 1003 5199 omni
1031 5134 1381 5205 generatione
1416 5143 1473 5190 et
1503 5137 1797 5207 progenie:
1914 5158 1934 5193 ‹
1979 5140 2339 5196 teneritudine
2367 5156 2484 5196 mea
2517 5160 2531 5194 :
2563 5150 2619 5197 et
2646 5139 2807 5209 ejecit
2830 5156 2939 5207 me,
2984 5140 3243 5210 iniquitas
3288 5141 3482 5203 adver-

207 5218 374 5278 beati
405 5234 595 5279 omnes
619 5222 712 5293 qui
742 5223 1019 5280 conﬁdunt
1045 5224 1100 5278 in
1129 5238 1223 5285 eo.
1447 5226 1455 5235 ’
1914 5247 1936 5284 ι
1978 5243 2097 5286 sum
2124 5244 2232 5295 me,
2265 5238 2322 5285 et
2345 5243 2473 5286 caro
2496 5244 2617 5286 mea
2642 5244 2804 5300 super
2837 5228 3163 5301 Babylonem
3182 5270 3197 5299 ,
3229 5232 3485 5288 dicitha-

202 5362 213 5371 ,
302 5326 326 5363 ι
370 5308 571 5368 Levate
592 5314 827 5386 pignum
871 5315 927 5369 in
971 5322 1116 5372 terra
1141 5354 1158 5382 ,
1206 5315 1440 5387 clangite
1480 5317 1708 5375 buccina
1746 5319 1804 5375 in
1916 5338 1939 5375 ι
1984 5322 2177 5378 bitatio
2204 5320 2334 5378 Sion
2358 5362 2374 5387 ,
2422 5330 2478 5378 et
2506 5322 2728 5393 sanguis
2759 5336 2913 5379 meus
2956 5337 3120 5393 super
3154 5324 3487 5381 habitatores

211 5417 243 5454 ι
294 5401 591 5458 montibus.
623 5402 971 5460 Sanctiﬁcale
1013 5420 1174 5476 super
1214 5421 1335 5461 eam
1358 5417 1565 5479 gentes,
1597 5425 1806 5467 annun-
1915 5436 1937 5471 ι
1980 5412 2264 5479 Chaldaei,
2281 5411 2419 5467 dicit
2465 5409 2763 5468 Jerusalem
2812 5429 2825 5466 :
2875 5421 3164 5482 propterea
3210 5414 3325 5469 haec
3357 5414 3489 5469 dicit

216 5510 241 5543 ι
300 5489 436 5545 tiate
481 5500 669 5549 contra
724 5494 871 5550 illam
930 5496 1148 5567 regibus
1197 5496 1452 5565 Ararath,
1500 5498 1703 5569 Menni,
1754 5511 1810 5559 et
1918 5524 1938 5560 α
1980 5506 2281 5562 Dominus:
2314 5503 2454 5559 Ecce
2499 5518 2600 5573 ego
2640 5502 2896 5573 iudicabo
2946 5519 3170 5561 causam
3214 5512 3388 5570 tuam,
3433 5514 3490 5561 et

215 5602 241 5635 c
299 5580 565 5640 Amnez.
609 5585 901 5645 Numerate
935 5598 1126 5645 contra
1158 5605 1279 5646 eam
1310 5591 1532 5664 Tapsar,
1560 5596 1822 5654 adducite.
1919 5616 1939 5650 ι
1984 5596 2217 5653 ulciscar
2249 5594 2507 5652 ultionem
2535 5602 2699 5659 tuam,
2731 5605 2786 5651 et
2809 5597 3085 5653 desertum
3119 5592 3320 5653 faciam
3340 5612 3491 5652 mare

216 5694 240 5725 c
299 5690 504 5744 equum
551 5680 705 5748 quasi
753 5680 1017 5737 brucbum
1081 5682 1405 5739 aculeatum.
1462 5684 1811 5743 Sanctiﬁcate
1921 5706 1941 5741 ι
1982 5687 2120 5757 ejus,
2147 5695 2203 5743 ct
2231 5687 2451 5744 siccabo
2489 5702 2682 5743 venam
2710 5686 2866 5757 ejus,
2898 5695 2955 5744 et
2996 5688 3100 5744 erit
3148 5687 3384 5758 Babylon
3433 5688 3487 5743 in

215 5787 239 5819 ι
299 5775 491 5829 contra
520 5784 637 5827 eam
668 5769 911 5844 gentem,
956 5787 1110 5844 reges
1156 5770 1340 5831 Mediae
1384 5776 1547 5833 duces
1575 5776 1727 5849 ejus,
1761 5788 1819 5837 et
1923 5798 1945 5833 ι
1988 5778 2220 5835 tumulos
2246 5817 2261 5845 ,
2311 5777 2573 5837 habitatio
2600 5778 2919 5846 draconum,
2951 5787 3159 5848 stupor.
3196 5786 3251 5836 et
3276 5777 3487 5844 sibilus,
