3970 6190
546 383 676 438 Hii

1182 380 1243 435 Β.
1285 381 1537 436 RABANI
1577 381 1796 438 MAURI
1831 345 2150 436 ABClllEP.
2191 379 2503 439 MOGUNT.
2541 381 2826 440 OPERUM
2864 383 3044 440 PARS
3081 385 3164 440 lll.

3661 390 3690 442 1
3705 389 3824 444 ΓΞΞ

455 518 469 530 ο
540 519 564 549 ι
602 513 666 553 eo
693 497 835 568 quod
856 510 960 551 non
985 493 1536 560 sithabitator,simul
1567 503 1626 548 ut
1655 494 1836 550 leones
1861 493 2076 563 rugiant
2101 511 2114 546 :
2143 496 2196 554 Α
2221 494 2593 552 confusionem
2630 497 2688 552 in
2727 497 2937 552 inferno
2963 498 3238 553 habebunt
3279 502 3622 570 perpetuam.
3653 505 3824 563 Unde

545 609 562 637 ε
611 585 886 641 excutient
907 597 1092 640 comas
1119 583 1268 638 velut
1315 583 1480 638 catuli
1533 583 1769 638 leonum.
1823 583 1879 637 In
1938 581 2117 637 calone

546 697 565 728 α
613 693 800 734 eorum
833 691 1029 746 ponam
1067 683 1225 746 potus
1249 691 1436 730 eorum
1462 716 1478 740 ,
1533 687 1588 729 et
1624 675 1902 730 inebriabo
1929 689 2022 730 eos
2059 683 2120 730 ut

549 791 567 819 ε
613 771 908 840 sopiantur,
939 777 994 824 et
1019 769 1286 823 dormiant
1313 783 1560 823 somnum
1604 768 1990 836 sempiternum
2019 807 2035 833 ,
2064 775 2119 821 et

548 880 565 910 ι
609 875 714 914 non
753 865 1085 930 consurgant
1113 899 1126 924 ,
1180 858 1312 914 dicit
1356 858 1632 912 Dominus.
1682 857 1954 912 Deducam
2023 871 2118 912 eos

548 969 580 1000 ι
613 949 766 1019 quasi
814 965 982 1021 agnos
1019 949 1085 1003 ad
1125 949 1394 1002 victimam
1422 989 1436 1012 ,
1483 959 1536 1002 et
1577 949 1727 1016 quasi
1774 949 1970 1002 arietes
1995 963 2118 1002 cum

527 1035 797 1094 "vinariis.
837 1060 856 1091 ›
891 1041 964 1092 De
995 1039 1098 1093 hoc
1129 1053 1276 1093 mare
1296 1046 1351 1092 et
1373 1037 1539 1092 Isaias
1568 1040 1620 1091 in
1651 1037 1788 1092 libro
1827 1053 1923 1092 suo
1953 1038 2114 1093 dicit:

551 1152 568 1181 c
616 1129 764 1187 Onus
794 1131 992 1186 deserti
1040 1131 1224 1184 maris.
1268 1128 1419 1184 Sicut
1445 1130 1688 1188 turbines
1725 1130 1792 1183 ab
1817 1129 2000 1184 Africo
2022 1144 2114 1183 ve-

541 1226 704 1278 niunt
725 1239 738 1276 :
763 1225 828 1277 de
852 1224 1065 1277 deserto
1095 1223 1262 1286 venit,
1295 1230 1348 1276 et
1381 1223 1444 1277 de
1483 1228 1624 1275 terra
1661 1221 1904 1275 horribili
1937 1238 1950 1276 :
1977 1220 2117 1274 visio

542 1318 674 1369 dura
715 1301 1034 1368 annuntiata
1077 1325 1160 1368 cst
1203 1314 1351 1368 mihi.
1385 1333 1404 1366 ι
1456 1312 1808 1382 Perspicuum
1861 1319 1943 1365 est
1990 1325 2117 1379 ergo

539 1407 684 1476 qudzl
733 1407 1003 1460 desertum
1055 1421 1205 1459 mare
1247 1404 1482 1476 Babylon
1511 1404 1812 1474 appellatur
1842 1421 1853 1456 :
1886 1401 2118 1456 Jeremia

542 1487 632 1552 hic
653 1481 1046 1568 hoc'prohante
1067 1512 1130 1551 ex
1157 1511 1385 1566 persona
1417 1495 1650 1561 Domini,
1680 1495 1891 1549 dicente
1921 1511 1935 1546 :
1967 1511 1986 1544 ι
2015 1494 2118 1548 De-

539 1600 742 1644 sertum
782 1590 975 1645 faciam
1019 1605 1165 1644 mare
1195 1587 1330 1656 ejus,
1370 1596 1426 1643 et
1454 1589 1668 1642 siccabo
1697 1595 1894 1642 terram
1934 1586 2077 1640 illius
2101 1627 2117 1652 ,

539 1687 595 1735 et
623 1681 728 1734 erit
757 1681 994 1750 Babylon
1021 1680 1074 1733 in
1105 1679 1336 1734 tumulos
1356 1694 1665 1734 arenarum.
1705 1698 1724 1729 ι
1752 1677 1900 1731 Mare
1941 1684 2118 1730 autem

2222 601 2403 642 sermo
2427 587 2776 657 propheticus
2807 588 3060 643 admonet
3088 589 3290 653 ﬁdeles,
3319 598 3378 643 ut
3405 593 3775 660 egrediantur
3801 638 3818 662 ,

2219 685 2274 730 et
2303 685 2556 746 separent
2587 693 2646 733 se
2676 678 2743 733 de
2763 692 2951 732 eorum
2978 678 3260 743 societate,
3287 695 3354 734 ne
3382 679 3525 736 forte
3547 698 3683 738 cum
3707 684 3824 741 illis

2218 777 2461 838 pereant.

2295 875 2316 908 σ
2362 857 2692 930 Egredimini
2721 859 2790 915 de
2827 861 3004 915 medio
3055 857 3172 928 ejus
3215 861 3445 932 populus
3497 878 3664 920 meus
3692 904 3710 929 ,
3757 873 3822 920 ut

2227 965 2245 998 ι
2287 948 2457 1002 salvet
2510 949 2878 1020 unusquisque
2923 950 3156 1004 animam
3202 967 3354 1006 suam
3397 953 3467 1008 ab
3493 949 3576 1007 ira
3609 953 3821 1011 furoris

2226 1058 2244 1088 ι
2293 1037 2524 1100 Domini,
2551 1045 2606 1092 et
2650 1053 2718 1092 ne
2753 1039 2899 1094 forte
2933 1040 3209 1096 mollescat
3235 1056 3332 1096 cor
3349 1049 3622 1108 vestrum,
3657 1053 3718 1098 et
3747 1044 3818 1098 ti-

2225 1149 2244 1182 ‹
2289 1131 2479 1184 meatis
2509 1133 2754 1186 auditum
2784 1133 2876 1202 qui
2907 1135 3155 1188 audietur
3184 1135 3236 1189 in
3266 1143 3432 1202 terra,
3459 1145 3520 1192 et
3546 1138 3744 1192 veniet
3765 1139 3818 1192 in

2225 1241 2245 1274 ι
2273 1239 2427 1278 anno
2457 1225 2659 1278 auditio
2686 1265 2700 1289 ,
2743 1234 2798 1278 et
2830 1235 2952 1295 post
2983 1226 3127 1281 hunc
3151 1243 3352 1282 annum
3381 1229 3592 1282 auditio
3619 1237 3680 1284 et
3713 1229 3818 1283 ini-

2226 1335 2245 1366 ι
2287 1317 2466 1386 quitas
2492 1318 2542 1370 in
2575 1325 2742 1382 terra,
2763 1326 2815 1371 et
2835 1318 3138 1374 dominator
3161 1335 3324 1390 super
3347 1320 3814 1377 dominatorem.»

2220 1408 2366 1479 Opus
2405 1417 2486 1462 est
2525 1425 2652 1484 ergo
2693 1409 2980 1478 unicuique
3028 1410 3119 1479 qui
3185 1409 3299 1464 vult
3354 1403 3602 1465 animam
3664 1429 3815 1466 suam

2221 1498 2422 1554 salvam
2453 1497 2649 1563 facere,
2675 1506 2736 1552 ut
2773 1513 2830 1553 se
2871 1505 3174 1568 scquestret
3209 1498 3276 1552 de
3308 1499 3660 1568 perditorum
3694 1516 3818 1560 con-

2221 1589 2408 1653 sortio,
2443 1595 2497 1644 et
2520 1596 2833 1643 revereatur
2861 1602 3162 1644 sermonem
3195 1589 3438 1655 Domini,
3463 1592 3537 1646 de
3571 1592 3816 1646 vindicta

2220 1689 2564 1751 peccatorum
2595 1679 2772 1736 futura
2815 1682 3197 1736 comminantis
3218 1722 3232 1746 ,
3273 1683 3366 1752 qui
3395 1683 3653 1752 quotidie
3681 1700 3820 1753 prte-

539 1779 761 1843 proptcr
806 1772 1202 1826 multitudinem
1252 1769 1668 1824 inhabitantium
1705 1768 1922 1822 dicitur.
1967 1764 2121 1820 Unde
2154 1838 2190 1846 Μ
2223 1756 2506 1828 ἀίοεηιιὶίὶῃ
2535 1773 2854 1839 ecclesia,et
2879 1773 3095 1828 auditur
3115 1774 3183 1829 ab
3201 1773 3476 1838 omnibus,
3509 1773 3820 1846 scripturis

539 1838 594 1916 et
639 1838 804 1932 supra
853 1861 1072 1932 [Egypti
1119 1861 1405 1915 multitudo
1457 1859 1595 1914 mari
1651 1866 1960 1929 comparata
2013 1864 2115 1911 est.
2153 1838 2194 1896 Β
2225 1863 2426 1918 sanctis
2460 1863 2526 1918 de
2558 1877 2700 1918 anno
2744 1838 2800 1917 in
2849 1879 3049 1917 annum
3099 1863 3152 1918 id
3185 1862 3359 1932 ipsum
3399 1838 3814 1924 attestan'tihus,

535 1953 693 2009 Hanc
723 1963 902 2008 autem
935 1953 1194 2008 Dominus
1220 1967 1320 2022 per
1343 1952 1616 2008 exercitus
1645 1951 1918 2006 Medorum
1959 1958 2121 2019 atque

539 2045 830 2100 Persarum
883 2059 1018 2116 quos
1065 2044 1153 2100 hic
1199 2044 1446 2099 leonibus
1511 2049 1794 2113 comparat
1832 2049 1889 2096 et
1927 2040 2120 2095 catulis

536 2137 753 2194 leonum
776 2137 1077 2204 destruxit,
1108 2145 1164 2192 et
1205 2137 1414 2207 redegit
1446 2135 1499 2190 in
1551 2134 1782 2190 tumulos
1803 2148 2116 2196 arenarum,

537 2242 596 2288 ut
625 2231 964 2303 postmodum
996 2229 1150 2286 ﬁeret
1175 2229 1437 2284 habitatio
1473 2230 1764 2284 draconum
1782 2267 1796 2290 ,
1827 2234 1883 2280 et
1909 2233 2118 2294 stupor,

539 2331 594 2379 et
623 2322 813 2379 sibilus
851 2322 1180 2388 videntium,
1212 2330 1268 2376 et
1316 2321 1628 2375 mirantium
1677 2318 1950 2374 interitum
1981 2316 2118 2385 ejus,

539 2427 608 2466 eo
635 2413 778 2482 quod
808 2427 915 2467 non
965 2412 1034 2466 sit
1085 2413 1142 2466 in
1187 2427 1251 2466 eo
1281 2412 1569 2466 habitator.
1607 2409 1664 2464 In
1695 2417 1830 2463 testu
1861 2423 1990 2479 ergo
2017 2408 2118 2462 tri-

536 2503 874 2557 bulationum
915 2517 1134 2556 suarum
1168 2501 1424 2556 biberunt
1466 2501 1686 2556 calicem
1721 2501 1814 2555 ira:
1863 2499 2117 2563 Domini,

537 2603 592 2649 et
622 2593 874 2648 inebriati
909 2601 1056 2659 sunt,
1105 2593 1178 2647 ita
1234 2601 1292 2648 ut
1347 2593 1676 2664 sopirentur,
1718 2598 1773 2646 et
1823 2589 2121 2644 dormirent

537 2701 728 2742 somno
755 2685 1104 2756 sempiterno,
1127 2700 1225 2740 nec
1246 2694 1634 2756 consurgerent
1667 2683 1916 2754 amplius.
1937 2683 2121 2755 Mysti-

535 2791 602 2832 ce
628 2788 809 2831 autem
831 2791 985 2832 mare
1011 2776 1172 2848 hujus
1206 2776 1682 2848 sarculi‘slgniticat
1711 2779 2118 2844 turbulentiam,

538 2866 683 2936 quod
713 2867 972 2922 Dominus
1002 2867 1274 2923 desertum
1318 2867 1491 2936 ponit,
1537 2883 1658 2923 cum
1696 2881 1910 2924 cessare
1957 2867 2121 2924 faciet

538 2958 720 3012 luxum
747 2958 864 3029 ejus
888 2998 904 3026 ,
955 2966 1010 3012 et
1039 2957 1444 3028 dissipabuntur
1486 2959 1656 3029 iniqui
1685 2960 1776 3030 qui
1806 2958 2121 3016 confusione

536 3063 783 3103 errorum
822 3055 878 3102 et
929 3048 1188 3102 vitiorum
1236 3047 1610 3104 deserviebant
1663 3063 1678 3102 :
1725 3049 2122 3120 veniebantque

535 3155 696 3212 super
725 3157 820 3197 cos
853 3140 1071 3212 maligni
1103 3141 1346 3210 spiritus,
1395 3141 1518 3196 saevi
1555 3150 1615 3196 ut
1652 3141 1813 3196 catuli
1863 3141 2077 3196 leonum
2102 3181 2116 3208 ,

2223 1955 2366 2026 quod
2417 1955 2580 2024 judex
2631 1955 2866 2011 ctelestis
2909 1957 3153 2012 dicturus
3201 1955 3273 2010 sit
3315 1955 3372 2010 in
3399 1965 3660 2012 extremo
3687 1970 3816 2013 exa-

2221 2045 2388 2110 mine,
2415 2045 2500 2100 his
2522 2045 2612 2114 qui
2637 2045 2703 2099 ad
2726 2044 3000 2100 sinistram
3044 2041 3161 2110 ejus
3187 2051 3350 2098 erunt
3375 2061 3390 2096 :
3426 2063 3445 2095 ι
3479 2044 3764 2099 Discedite
3785 2059 3816 2096 ι

2223 2153 2332 2202 me,
2364 2135 2652 2200 maledicti,
2685 2137 2739 2190 in
2767 2136 2940 2208 ignem
2954 2135 3340 2205 teternum,qui
3363 2144 3715 2205 praeparatus
3739 2143 3818 2190 est

2222 2229 2438 2285 diabolo
2472 2237 2528 2284 et
2569 2227 2775 2300 angelis
2809 2226 2927 2297 ejus
2959 2226 3172 2300 (Matth.
3215 2221 3368 2299 xxv).
3418 2247 3439 2280 ι
3497 2225 3620 2280 Non
3673 2227 3813 2280 enim

2223 2320 2381 2376 debet
2423 2333 2520 2374 cor
2539 2327 2786 2374 nostrum
2825 2319 2879 2372 in
2921 2318 3201 2374 desideriis
3227 2319 3411 2374 carnis
3444 2317 3775 2373 mollescere
3795 2357 3814 2379 .

2221 2419 2278 2465 et
2299 2425 2398 2465 nos
2423 2424 2616 2480 segnes
2638 2409 2690 2464 in
2715 2423 2876 2479 opere
2923 2410 3064 2465 bono
3106 2409 3354 2476 reddere,
3395 2409 3492 2464 sed
3516 2411 3698 2479 magis
3725 2424 3813 2479 per

2223 2502 2466 2557 auditum
2494 2501 2756 2556 sollicitos
2787 2503 2840 2555 in
2870 2501 3221 2556 meditatione
3244 2501 3381 2569 legis
3409 2501 3533 2565 Dei,
3572 2511 3632 2554 et
3675 2510 3808 2555 stre

2223 2606 2360 2646 nuos
2387 2591 2440 2646 in
2467 2591 2728 2647 exercitio
2762 2593 3022 2646 virtutum
3058 2592 3314 2646 exhibere
3339 2632 3355 2658 ,
3395 2593 3525 2660 quia
3553 2591 3812 2662 iniquitas

2223 2689 2383 2738 terra:
2410 2682 2842 2737 remunerabitur
2862 2683 2914 2736 in
2937 2695 3098 2752 paena
3120 2681 3398 2752 gehennae,
3424 2691 3479 2737 et
3503 2684 3813 2738 dominator

2222 2787 2384 2844 super
2408 2773 2802 2829 dominatorem
2825 2773 3025 2838 veniet,
3074 2777 3138 2828 ut
3180 2773 3275 2844 qui
3318 2773 3666 2843 potentiores
3703 2772 3808 2826 fue-

2222 2873 2350 2920 runt
2399 2865 2454 2920 in
2505 2863 2783 2936 peccatis,
2839 2863 3146 2934 potentiora
3206 2871 3475 2918 tormenta
3533 2865 3812 2934 patiantur

2223 2957 2377 3030 (Sap.
2407 2956 2503 3030 τι).

2297 3065 2315 3098 c
2355 3047 2646 3117 Propterea
2677 3059 2804 3102 ecce
2832 3045 2947 3101 dies
2974 3046 3224 3112 veniunt,
3272 3053 3327 3100 et
3365 3045 3602 3101 visitabo
3649 3061 3810 3117 super

2229 3160 2248 3192 ι
2293 3140 2559 3210 sculptilia
2589 3137 2901 3210 Babylonis,
2927 3145 2982 3193 et
3010 3132 3189 3193 omnis
3232 3147 3380 3194 terra
3409 3139 3533 3209 ejus
3581 3138 3807 3193 confun-

538 3251 659 3288 eum
705 3234 861 3288 leone
890 3233 1105 3288 diabolo
1128 3273 1142 3299 ,
1185 3233 1277 3302 qui
1316 3233 1580 3302 rugiendo
1626 3233 1822 3288 circuit
1869 3247 2118 3303 quaerens
2146 3202 2192 3264 Ο
2230 3251 2249 3284 ‹
2292 3233 2481 3297 detur,
2509 3240 2564 3286 ct
2587 3232 2826 3297 universi
2854 3229 3126 3287 interfecti
3153 3229 3270 3300 ejus
3297 3231 3498 3285 cadent
3532 3231 3588 3285 in
3637 3231 3808 3286 mulio

535 3327 696 3394 quém
725 3327 969 3390 devoret,
1012 3333 1068 3379 et
1113 3323 1458 3378 inebriabunt
1487 3337 1582 3378 eos
1609 3332 1737 3394 potu
1768 3324 2020 3378 vindicta:
2062 3332 2119 3378 ct

537 3419 758 3474 ultionis
787 3417 1005 3486 futurae,
1035 3425 1096 3472 ut
1121 3431 1316 3488 sopore
1341 3416 1532 3471 mortis
1562 3425 1779 3471 :eternm
1800 3417 2074 3472 dormiant
2099 3457 2114 3484 ,

535 3525 636 3564 nec
689 3509 828 3564 ultra
875 3510 942 3564 ad
997 3509 1178 3564 vitam
1216 3517 1521 3579 resurgant,
1570 3509 1664 3563 sed
1717 3508 1847 3563 ﬁant
1897 3508 2116 3564 victima

535 3601 713 3672 gladio
765 3601 976 3656 Domini
1009 3602 1220 3666 occisa,
1253 3609 1308 3656 et
1333 3601 1578 3656 habitent
1624 3617 1747 3656 cum
1793 3603 2118 3658 draconibus

534 3692 868 3764 spiritalibus
909 3693 961 3747 in
1012 3682 1132 3748 lacu
1182 3691 1380 3746 inferni
1424 3693 1478 3746 in
1519 3699 1857 3762 perpetuum.
1889 3693 1964 3749 De
2013 3694 2117 3748 hoc

534 3791 592 3840 et
616 3783 896 3854 sequentia
927 3783 1090 3840 etiam
1121 3791 1346 3838 narrent
1372 3801 1384 3838 :

611 3893 630 3925 ‹
671 3873 952 3942 Quomodo
977 3883 1132 3944 capta
1162 3883 1248 3930 est
1275 3873 1498 3938 Sesach,
1523 3881 1577 3929 ct
1605 3877 1990 3944 comprehensa
2033 3884 2118 3931 est

541 3982 561 4016 σ
601 3965 798 4036 inclyta
827 3966 1090 4020 universa:
1129 3965 1322 4020 terrae?
1351 3965 1628 4032 Quomodo
1651 3965 1792 4020 facta
1817 3967 1977 4022 estin
2005 3975 2118 4022 stu-

542 4073 561 4105 ε
609 4070 794 4127 porem
829 4055 1082 4127 Babylon
1114 4056 1260 4110 inter
1287 4058 1508 4125 gentes?
1534 4057 1794 4112 Ascendit
1821 4072 1982 4128 super
2014 4059 2117 4113 Ba-

537 4165 558 4196 ‹
604 4145 852 4218 bylonem
895 4161 1077 4213 mare,
1107 4147 1449 4202 multitudine
1495 4146 1752 4204 [luctuum
1784 4147 1901 4216 ejus
1929 4159 2114 4218 operta

538 4257 561 4288 ι.
601 4246 704 4293 est.
757 4237 938 4293 Facta:
968 4245 1096 4293 sunt
1125 4237 1376 4294 civitates
1401 4237 1521 4308 ejus
1552 4239 1604 4293 in
1643 4247 1940 4309 stuporem,
1967 4249 2114 4295 terra

539 4346 559 4378 ε
604 4327 970 4383 inhabitabilis
1000 4337 1056 4382 et
1079 4329 1314 4394 deserta,
1341 4329 1400 4383 in
1426 4343 1530 4400 qua
1553 4327 1734 4383 nullus
1763 4329 1987 4393 habitet,
2014 4345 2116 4386 nec

538 4434 556 4466 ι
603 4423 844 4471 transeat
866 4431 964 4486 per
999 4432 1120 4472 eam
1155 4417 1296 4472 ﬁlius
1326 4418 1582 4474 hominis.
1605 4419 1671 4472 Et
1695 4417 1928 4475 visitabo
1953 4435 2116 4489 super

537 4523 556 4556 ι
597 4505 690 4561 Bel
715 4507 768 4560 in
797 4506 1090 4578 Babylone,
1133 4516 1188 4561 et
1227 4507 1436 4577 ejiciam
1479 4510 1624 4579 quod
1667 4510 2022 4567 absorbuerat
2049 4513 2116 4568 de

536 4615 556 4648 ι
595 4611 693 4652 ore
719 4597 856 4667 ejus,
888 4607 944 4652 et
969 4614 1076 4652 non
1117 4597 1386 4654 conlluent
1433 4601 1502 4654 ad
1547 4614 1672 4655 eum
1719 4601 1860 4656 ultra
1903 4609 2109 4672 gentes.

535 4704 556 4738 ι
599 4684 879 4756 Siquidem
909 4696 966 4742 et
993 4703 1180 4742 murus
1206 4687 1497 4760 Babylonis
1525 4698 1762 4746 corruet.
1788 4710 1806 4742 ι
1841 4691 1994 4758 Quod
2017 4707 2114 4747 au-

533 4786 640 4832 tem
671 4776 877 4833 Sesach
906 4777 1021 4847 ipsa
1051 4778 1123 4832 sit
1147 4776 1386 4850 Babylon
1411 4819 1426 4844 ,
1475 4795 1637 4850 supra
1677 4779 1792 4852 jam
1835 4789 2111 4837 ostensum

528 4877 632 4926 est.
673 4868 953 4937 Quomodo
980 4877 1160 4926 autem
1200 4869 1480 4926 subversio
1518 4870 1808 4943 Babylonis
1837 4871 1976 4929 facta
2016 4875 2112 4940 sit,

529 4978 691 5034 quam
738 4976 908 5030 mare,
942 4963 1046 5018 hoc
1073 4971 1198 5028 est,
1249 4963 1536 5019 multitudo
1581 4964 1897 5035 populorum
1954 4965 2113 5020 simul

529 5071 652 5111 cum
699 5056 812 5110 Deo
855 5069 972 5120 suo,
1004 5055 1088 5110 vel
1119 5055 1384 5110 subvertit
1429 5063 1591 5124 atque
1641 5055 1946 5121 destruxit,
1991 5054 2104 5124 jam

470 5152 490 5164 ‘
528 5147 726 5216 sacpius
753 5146 954 5201 dictum
982 5154 1067 5201 est
1089 5185 1104 5212 ,
1149 5160 1295 5200 nunc
1335 5160 1506 5216 pauca
1533 5144 1601 5200 de
1627 5145 1881 5217 allegoria
1918 5147 2109 5200 subro-

527 5253 738 5308 genius.
768 5238 970 5293 Sesach
998 5238 1144 5293 enim
1175 5238 1369 5308 byssus
1403 5237 1572 5302 sacci,
1603 5239 1718 5293 sive
1744 5252 1936 5293 manus
1961 5237 2107 5293 sacci

429 5393 447 5413 ο
530 5335 916 5402 interpretatur
945 5371 962 5395 ,
1018 5331 1159 5386 sicut
1208 5329 1445 5401 Babylon
1507 5329 1770 5386 confusio.
1819 5329 1986 5401 Capta
2026 5339 2110 5386 est

527 5441 658 5496 ergo
685 5423 910 5490 Sesach,
942 5431 997 5480 et
1025 5425 1078 5480 in
1113 5435 1389 5495 stuporem
1421 5425 1559 5480 facta
1587 5435 1673 5482 est
1693 5425 1955 5498 Babylon,
1982 5441 2104 5480 cum

529 5519 602 5572 illi
630 5519 721 5587 qui
748 5517 1065 5574 idololatria:
1092 5533 1310 5587 operam
1338 5517 1540 5573 dabant
1571 5557 1586 5582 ,
1618 5524 1674 5571 et
1704 5499 1935 5572 diversis
1960 5516 2106 5572 vitiis

529 5610 814 5678 mancipati
847 5609 1298 5675 erant,tluctibus
1323 5611 1538 5666 venturi
1557 5609 1743 5680 judicii
1784 5609 2104 5664 subverten-

528 5707 635 5763 tur,
663 5708 718 5753 et
743 5713 920 5754 seram
951 5708 1172 5770 agentes
1195 5701 1592 5770 paenitentiam,
1621 5715 1746 5756 cum
1782 5701 1874 5756 Bel
1896 5699 1987 5771 qui
2018 5699 2105 5753 in-

527 5798 856 5862 terpretatur
892 5797 1168 5860 vetustas,
1218 5791 1338 5848 hoc.
1360 5801 1483 5861 est,
1533 5799 1655 5850 etim
1698 5795 1924 5866 antiquo
1951 5795 2106 5851 hoste

2141 4554 2194 4614 D

2227 3343 2245 3376 α
2288 3325 2425 3396 ejus,
2454 3333 2508 3378 cl
2538 3324 2835 3378 laudabunt
2857 3339 3020 3395 super
3048 3323 3376 3394 Babylonem
3400 3323 3531 3379 curii
3560 3331 3620 3378 et
3645 3331 3806 3382 terra.

2227 3435 2246 3469 ι
2291 3424 2346 3472 et
2368 3417 2548 3470 omnia
2571 3431 2691 3486 quae
2726 3415 2780 3470 in
2815 3417 2897 3471 eis
2923 3425 3048 3471 sunt
3079 3434 3093 3469 :
3126 3416 3252 3486 quia
3305 3417 3376 3470 ab
3422 3415 3688 3485 aquilone
3727 3430 3808 3468 ve

2226 3527 2244 3560 ι
2289 3509 2444 3562 niunt
2471 3509 2520 3563 ei
2543 3509 2848 3579 prtedones,
2881 3509 2956 3563 ait
2984 3509 3263 3564 Dominus.
3287 3507 3356 3562 Et
3381 3507 3662 3576 quomodo
3689 3507 3808 3562 fecit

2227 3617 2244 3650 ι
2287 3599 2546 3670 Babylon,
2572 3607 2631 3655 ut
2657 3601 2917 3655 caderent
2944 3599 3106 3654 occisi
3137 3599 3190 3652 in
3219 3598 3404 3664 Israel,
3435 3599 3518 3653 sic
3543 3597 3611 3652 de
3631 3597 3805 3667 Baby-

2225 3712 2243 3744 ι
2289 3692 2411 3746 Ione
2435 3691 2634 3746 cadent
2660 3691 2828 3746 occisi
2881 3691 2936 3745 in
2981 3690 3238 3744 universa
3274 3701 3445 3743 terra.
3488 3708 3510 3739 ι
3554 3687 3686 3744 Dies
3722 3687 3803 3742 isti

2219 3782 2334 3837 dies
2359 3779 2730 3836 retributionis
2758 3785 2924 3843 sunt,
2957 3777 3174 3849 quando
3195 3777 3360 3847 judex
3391 3776 3639 3832 cmlestis
3669 3775 3802 3843 judi-

2218 3874 2368 3930 cabit
2391 3873 2579 3928 orbem
2610 3879 2770 3926 terra:
2799 3871 2854 3924 in
2873 3869 3104 3940 justitia,
3132 3879 3188 3925 et
3211 3867 3444 3940 populos
3481 3869 3540 3922 in
3568 3868 3801 3923 civitate.

2220 3965 2372 4020 Tunc
2408 3963 2774 4019 visitabuntur
2802 3961 3074 4032 sculptilia
3094 3959 3410 4032 Babylonis,
3437 3961 3550 4015 boc
3587 3968 3694 4023 est,
3734 3959 3802 4012 si-

2218 4055 2458 4110 mulacra
2503 4063 2770 4119 errorum,
2801 4067 2937 4123 quos
2961 4051 3202 4106 haeretici
3245 4051 3299 4105 in
3325 4050 3680 4123 dogmatibus
3697 4050 3803 4104 suis

2220 4148 2492 4203 ﬁnxerunt
2522 4188 2536 4214 ,
2586 4157 2646 4202 et
2686 4148 2865 4202 omnis
2929 4154 3149 4202 terrena
3210 4146 3560 4202 conversatio
3619 4157 3803 4200 θοι-ιω)

2214 4237 2595 4304 confundetur,
2627 4237 2974 4308 universique
3010 4245 3260 4292 errantes
3283 4276 3300 4300 ,
3345 4244 3405 4290 et
3455 4237 3512 4290 in
3558 4250 3800 4290 errorem

2215 4329 2534 4394 mittentes,
2576 4329 2770 4384 cadent
2793 4329 2970 4400 gladio
2994 4329 3248 4384 vindicta:
3289 4328 3532 4382 Domini.
3569 4328 3638 4384 Et
3678 4342 3801 4398 quo-

2217 4421 2378 4475 modo
2415 4419 2661 4490 Babylon
2705 4419 2967 4490 spiritalis
3006 4417 3176 4486 fecit,
3218 4427 3282 4472 ut
3325 4419 3590 4474 caderent
3641 4417 3800 4473 occisi

2221 4511 2274 4566 in
2304 4512 2498 4582 populo
2532 4511 2658 4576 Dei,
2703 4511 2783 4565 sic
2807 4526 3024 4582 quoque
3067 4510 3211 4565 illius
3243 4509 3586 4564 habitatores
3611 4509 3802 4564 cadent

2219 4605 2385 4660 occisi
2413 4605 2467 4658 in
2491 4605 2740 4658 universa
2771 4610 2936 4658 terra.
2971 4601 3124 4660 Unde
3161 4600 3462 4656 laudabunt
3507 4616 3674 4671 super
3707 4599 3799 4654 Ba—

2217 4696 2468 4768 bylonem
2495 4695 2618 4751 coeli
2651 4703 2706 4750 et
2735 4701 2906 4759 terra,
2951 4701 3007 4748 et
3045 4693 3226 4748 omnia
3268 4707 3392 4764 qua!
3428 4693 3484 4748 in
3521 4693 3604 4749 eis
3635 4703 3794 4753 sunt,

2217 4787 2344 4858 quia
2375 4788 2556 4858 praedo
2581 4785 2960 4841 universarum
2985 4784 3228 4854 gentium
3255 4783 3580 4840 devastatus
3603 4792 3706 4838 est.

2294 4899 2313 4930 ‹
2360 4877 2460 4946 Qui
2492 4876 2707 4950 fugistis
2735 4877 2971 4948 gladium
2997 4915 3012 4941 ,
3037 4875 3243 4936 venite,
3291 4875 3464 4930 nolite
3509 4884 3681 4939 stare,
3722 4886 3792 4928 rc-

2224 4992 2242 5026 ι
2288 4969 2588 5028 cordamini
2617 4968 2802 5039 procul
2840 4967 3086 5033 Domini,
3113 4975 3168 5022 et
3202 4965 3504 5022 Jerusalem
3545 4965 3791 5022 ascendat

2208 5082 2236 5122 ,ι
2283 5077 2443 5132 super
2469 5075 2565 5116 cor
2587 5065 2848 5114 vestrum.
2889 5077 2908 5110 ι
2957 5057 3216 5114 Hortatur
3235 5058 3498 5128 propheta
3525 5057 3786 5112 Israelita

2213 5153 2304 5224 qui
2349 5152 2570 5206 fuerunt
2605 5149 2662 5204 in
2704 5148 2997 5220 Babylone,
3047 5159 3109 5204 ut
3149 5149 3212 5204 si'
3238 5148 3440 5203 vellent
3475 5146 3612 5203 salvi
3655 5148 3786 5208 ﬁeri.

2213 5243 2470 5298 recedant
2505 5241 2648 5302 inde,
2694 5248 2750 5294 et
2799 5239 3152 5293 recordentur
3198 5239 3266 5294 de
3315 5247 3464 5293 terra
3504 5238 3786 5310 longinqua

2213 5333 2398 5404 templi
2441 5333 2674 5398 Domini,
2718 5339 2773 5385 et
2795 5329 3096 5386 Jerusalem
3137 5329 3377 5384 civitatis
3402 5330 3524 5392 eius
3549 5330 3786 5390 desertae,

2213 5424 2494 5495 magisque
2520 5421 2775 5478 festinent
2819 5419 2946 5476 illuc
2989 5420 3262 5482 transire,
3307 5433 3470 5488 quam
3509 5417 3786 5488 Babylonis

2211 5515 2532 5572 vastationis
2583 5513 2878 5584 participes
2931 5526 3053 5566 esse
3077 5550 3092 5576 ,
3145 5509 3217 5564 ad
3257 5509 3402 5580 quod
3451 5509 3529 5564 illi
3571 5521 3784 5580 respon-

2211 5610 2384 5666 dent:

2287 5720 2306 5752 ε
2347 5697 2568 5756 Confusi
2597 5695 3058 5766 sumusquoniam
3085 5693 3391 5749 audivimus
3419 5691 3782 5763 opprobrium,

2218 5812 2236 5844 ι
2280 5790 2488 5862 operuit
2531 5787 2820 5862 ignominia
2873 5785 3039 5842 facies
3091 5793 3324 5850 nostras,
3359 5784 3488 5855 quia
3533 5787 3779 5840 venerunt
