3970 6190
328 292 466 347 1175

1201 276 1565 335 EXPOSlTlO
1601 273 1827 331 SUPER
1868 269 2231 327 JEliEMlAM.
2271 304 2338 313 —
2378 273 2504 330 LIB.
2546 271 2711 330 XVII.

3459 274 3593 331 liii

310 418 349 459 'c
395 404 555 461 alieni
604 416 765 471 super
810 396 1294 453 sanctificationem
1360 394 1552 447 domus
1611 388 1843 444 Domini.
1886 408 1903 438 ι
1938 386 1986 445 Α
2014 387 2258 451 bnretur,
2290 388 2412 456 quia
2440 389 2596 443 fortis
2622 396 2703 443 est
2731 387 2889 452 Deus,
2917 388 3007 458 qui
3032 388 3294 458 judicavit
3318 389 3479 445 illam.
3533 391 3598 446 Et

329 498 661 552 lirnbcscere
687 507 746 545 se
768 491 953 544 dicunt
989 493 1206 556 propter
1234 483 1582 551 opprobrium
1611 481 1911 533 vicinarum

328 588 566 657 gentium
594 625 608 648 ,
637 598 756 651 qute
782 578 1113 634 insultabant
1146 575 1251 628 illis
1277 573 1429 642 quasi
1462 571 1690 640 captivis
1720 610 1734 634 ,
1772 569 1912 657 sient

331 654 384 731 in
434 675 617 730 Esdra:
663 671 800 726 libro
849 668 1067 738 legitur,
1104 680 1167 719 eo
1214 662 1357 732 quod
1416 659 1627 715 devulsi
1682 658 1793 712 sint
1848 656 1913 709 de

330 778 475 821 terra
516 778 612 818 sua
651 769 706 816 et
738 759 893 814 sedes
942 769 1130 810 eorum
1177 753 1403 807 deserta:
1453 749 1914 816 sanctiticatioque

332 855 513 925 templi
562 850 778 907 Domini
818 847 1114 908 destructa,
1165 841 1360 914 quibus
1413 841 1609 895 iterum
1653 839 1913 907 propheta

332 944 622 1014 respondet
662 958 674 994 :

411 1052 428 1083 ι
463 1032 753 1100 Propterea
797 1041 927 1082 ecce
958 1024 1074 1080 dies
1123 1024 1363 1088 veniunt,
1413 1021 1490 1075 ait
1534 1019 1833 1077 Dominus:
1864 1028 1918 1072 et

337 1143 353 1171 ε
389 1118 614 1174 visitabo
634 1132 796 1187 super
821 1114 1084 1185 sculptilia
1122 1112 1429 1184 Babylonis,
1450 1119 1506 1167 ct
1526 1112 1576 1164 in
1604 1108 1751 1163 omni
1775 1115 1917 1163 terra

338 1238 353 1265 ο
388 1216 503 1285 ejus
529 1214 730 1284 mugiet
751 1210 1081 1266 vulneratus.
1121 1206 1179 1262 Si
1221 1204 1524 1261 ascenderit
1567 1201 1805 1273 Babylon
1862 1201 1916 1254 in

340 1330 352 1351 ι
395 1302 613 1365 coelum,
658 1309 714 1354 et
741 1296 1039 1353 firmaverit
1064 1296 1117 1350 in
1147 1294 1360 1349 excelso
1401 1294 1568 1347 robur
1622 1307 1803 1354 suum,
1850 1289 1917 1345 ad

338 1417 353 1440 ι
400 1408 483 1447 me
506 1384 727 1445 veniunt
751 1394 1052 1442 vastatores
1070 1384 1205 1454 ejus,
1228 1385 1306 1438 ait
1336 1382 1612 1437 Dominus.
1667 1381 1780 1435 Vox
1802 1380 1916 1435 cla-

339 1501 355 1527 ι
401 1479 570 1537 moris
592 1480 658 1534 de
680 1477 971 1549 Babylone,
1025 1483 1081 1531 et
1126 1473 1381 1530 contritio
1425 1486 1621 1543 magna
1664 1471 1730 1526 de
1772 1479 1919 1527 terra

340 1595 354 1620 ε
397 1571 792 1634 Chaldaei-um,
822 1567 1076 1638 quoniam
1118 1565 1349 1621 vastavit
1388 1563 1647 1619 Dominus
1686 1561 1917 1634 Babylo-

340 1684 356 1711 ς
401 1678 545 1727 nem,
571 1669 626 1715 et
651 1658 884 1730 perdidit
910 1672 977 1712 cx
1006 1672 1071 1711 ea
1108 1670 1296 1711 vocem
1340 1669 1614 1725 magnam,
1663 1662 1720 1707 et
1758 1667 1918 1708 sana-

2013 478 2215 533 ﬂebunt
2242 487 2297 534 et
2328 477 2581 550 plangent
2606 495 2663 534 se
2690 494 2852 549 super
2882 479 3027 534 illam
3081 495 3237 549 reges
3276 489 3455 546 terra),
3504 480 3597 551 qui

2011 585 2133 623 eum
2167 569 2254 624 illa
2286 568 2533 623 fornicati
2565 578 2689 624 sunt
2710 578 2764 623 et
2794 569 2847 623 in
2879 569 3085 624 deliciis
3110 570 3361 623 vixerunt
3401 561 3593 639 (Αρσιηῖ

2012 661 2196 731 xviii).
2249 680 2267 710 ι
2323 660 2536 729 Etpost
2562 660 2834 735 aliquanta
2861 661 3159 732 subjungit,
3195 661 3413 716 dicens:
3449 682 3465 713 ι
3496 661 3601 716 Ex-

2013 749 2148 804 sulta
2174 765 2335 819 super
2354 764 2494 813 eam,
2525 749 2745 814 cmlum,
2779 770 2797 802 ι
2830 760 2884 805 et
2918 750 3088 805 sancti
3122 750 3350 821 apostoli
3386 759 3440 805 et
3473 767 3597 820 pro-

2013 841 2207 911 phetae,
2247 859 2263 889 ε
2299 840 2553 909 quoniam
2571 839 2836 909 judicavit
2873 839 3014 895 Deus
3045 840 3306 910 judicium
3360 849 3598 895 vestrum

2015 930 2081 984 de
2107 929 2215 982 illa.
2256 950 2273 980 ι
2329 928 2483 982 Nulla
2531 937 2616 983 est
2653 928 2797 983 enim
2844 930 2947 984 nisi
2994 930 3189 985 diaboli
3225 931 3436 996 civitas,
3482 946 3601 1001 qua:

2015 1036 2230 1076 onmem
2261 1020 2494 1074 animam
2539 1020 2717 1090 capiat
2765 1021 3115 1087 immundam,
3164 1022 3219 1076 in
3267 1036 3372 1092 qua
3427 1023 3605 1078 omnis

2018 1112 2355 1166 immnnditia
2392 1125 2488 1180 per
2519 1112 2703 1166 orbem
2726 1119 3111 1167 commoratur.
3141 1132 3159 1162 ί
3182 1112 3249 1166 Ει
3272 1123 3604 1168 mercatores

2020 1212 2178 1257 teme
2212 1200 2278 1256 de
2300 1203 2498 1256 virtute
2531 1201 2840 1256 deliciarum
2870 1199 2986 1269 ejus
3012 1202 3207 1258 divites
3240 1201 3365 1257 facti
3390 1213 3533 1257 sunt.
3582 1223 3597 1254 ι

2020 1297 2226 1351 Divites
2253 1295 2490 1367 peccatis
2525 1294 2655 1350 dicit
2681 1310 2794 1360 eos,
2826 1294 2917 1363 qui
2949 1310 3048 1364 pro
3095 1293 3423 1355 abundantia
3472 1304 3606 1350 tem-

2019 1391 2211 1459 porali,
2246 1390 2445 1445 infelici
2488 1398 2730 1447 mercatu
2780 1390 2992 1444 animas
3048 1390 3409 1445 committant.
3474 1389 3606 1443 Nam

2020 1480 2271 1536 nimietas
2294 1480 2541 1545 luxuriae,
2574 1493 2840 1549 pauperes
2886 1478 3067 1549 potius
3096 1492 3257 1548 quam
3295 1478 3488 1535 divites
3530 1478 3607 1533 fa~

2020 1568 2115 1625 cit.
2147 1586 2166 1620 ‹
2195 1568 2373 1635 Exite,
2395 1568 2596 1640 inquit,
2618 1569 2685 1623 de
2721 1567 3064 1638 illa.populus
3090 1584 3263 1633 meus,
3305 1577 3360 1623 et
3388 1585 3457 1625 nc
3486 1585 3611 1639 par-

2025 1660 2214 1731 ticipes
2241 1661 2361 1715 sitis
2394 1660 2711 1716 delictorum
2743 1658 2879 1727 ejus.
2914 1679 2932 1711 ›
2969 1658 3060 1714 Sic
3089 1669 3143 1715 et
3163 1661 3329 1715 Isaias
3361 1678 3375 1713 :
3409 1681 3425 1712 ι
3456 1660 3610 1717 Exite

342 1775 358 1802 ι
399 1756 530 1807 bunt
558 1753 747 1806 ﬂuctus
770 1740 980 1815 eorum,
1006 1747 1163 1819 quasi
1190 1761 1345 1816 aqua:
1395 1745 1579 1799 multm
1610 1759 1624 1798 :
1651 1745 1798 1799 dedit
1833 1760 1918 1798 so-
1946 1733 1993 1792 Β
2020 1752 2088 1807 de
2114 1752 2290 1806 medio
2311 1766 2520 1817 eorum,
2551 1760 2606 1806 et
2639 1752 2973 1805 immundum
2998 1766 3063 1806 ne
3096 1752 3420 1821 tetigeritis:
3456 1768 3612 1806 mun-

341 1866 357 1895 ι
399 1846 565 1899 nitum
596 1858 696 1899 vox
725 1858 937 1908 eorum,
967 1842 1093 1911 quia
1141 1841 1291 1896 venit
1335 1856 1499 1910 super
1534 1855 1676 1905 eam,
1723 1839 1775 1893 id
1814 1848 1917 1904 est,

342 1957 358 1985 ς
395 1952 555 2006 super
576 1934 898 2005 Babylonem
927 1933 1129 2002 praedo,
1154 1941 1208 1987 et
1233 1931 1557 2002 apprehensi
1581 1939 1706 1986 sunt
1755 1929 1921 1984 fortes

341 2052 361 2080 ι
400 2029 533 2097 ejus,
561 2038 614 2084 et
636 2028 899 2084 emarcuit
925 2042 1083 2081 arcus
1133 2040 1344 2089 eorum,
1402 2024 1527 2093 quia
1585 2022 1741 2077 fortis
1781 2022 1923 2076 ultor

342 2140 359 2167 α
403 2121 658 2174 Dominus
685 2118 914 2173 reddens
943 2116 1209 2171 retribuit.
1246 2115 1311 2168 Et
1338 2113 1619 2171 inebriabo
1649 2113 1923 2183 principes

343 2234 363 2263 ι
399 2212 513 2281 ejus
541 2219 596 2267 et
640 2211 909 2280 sapientes
955 2207 1093 2277 ejus,
1118 2209 1282 2263 duces
1304 2204 1440 2275 ejus,
1479 2215 1535 2260 et
1580 2206 1923 2276 magistratus

343 2327 361 2354 ι
402 2307 535 2374 ejus,
560 2312 616 2360 et
643 2303 811 2358 fortes
830 2302 969 2371 ejus,
1008 2310 1063 2356 et
1096 2300 1367 2357 dormient
1410 2299 1677 2354 somnium
1727 2297 1923 2368 sempi-

347 2417 362 2444 ι
408 2409 631 2457 ternum,
668 2404 857 2450 etnon
889 2400 1363 2463 expergescentur,
1404 2391 1480 2444 ait
1524 2406 1621 2445 rex
1667 2390 1925 2444 Dominus

348 2507 364 2530 ι
404 2484 735 2539 exercituum
764 2498 957 2537 nomen
988 2482 1124 2550 ejns.
1158 2480 1283 2534 Hmc
1315 2480 1443 2533 dicit
1477 2479 1734 2532 Dominus
1763 2493 1921 2532 exer-

346 2598 369 2625 «.
401 2578 600 2630 citutttn
623 2594 635 2629 :
660 2574 841 2630 Murus
873 2573 1164 2645 Babylonis
1192 2571 1281 2626 ille
1308 2570 1603 2625 altissimus
1631 2568 1925 2624 suﬂ‘usione

347 2688 373 2719 ι
408 2666 734 2729 suffodietur,
760 2675 815 2721 et
836 2674 1005 2737 portze
1033 2665 1148 2735 ejus
1169 2664 1396 2720 excelsm
1442 2663 1550 2735 igni
1595 2663 1922 2719 comburen—

347 2777 366 2808 σ
411 2767 517 2822 tur,
545 2765 600 2811 ct
625 2757 834 2813 labores
859 2757 1175 2827 p0pulorum
1206 2757 1273 2811 ad
1305 2756 1552 2820 nihilum,
1597 2764 1652 2810 et
1680 2755 1922 2827 gentium

347 2868 369 2900 ι
403 2848 457 2900 in
503 2847 623 2917 igne
650 2855 809 2901 erunt
840 2854 896 2902 et
920 2844 1271 2915 disperibunt.
1304 2864 1323 2897 ι
1360 2844 1653 2899 Enumerat
1706 2844 1923 2899 univer-

342 2951 437 2992 sas
476 2936 677 3007 plagas,
727 2950 848 3005 qua:
889 2942 1302 3009 .supervcnturze
1346 2942 1501 2988 erant
1538 2933 1822 3004 Babyloni,
1871 2941 1925 2988 et

344 3028 611 3083 universis
630 3027 979 3099 optimatibus
1003 3026 1138 3093 ejus,
1170 3024 1396 3079 ducibus
1419 3032 1473 3079 et
1494 3024 1916 3094 magistratibus,

344 3130 397 3176 et
427 3119 676 3175 universo
694 3118 909 3189 pepulo,
937 3118 1081 3187 quod
1107 3116 1337 3171 diversis
1360 3115 1634 3187 suppliciis
1670 3117 1924 3172 interem-

340 3211 422 3279 pti
468 3208 748 3263 dormituri
800 3209 909 3263 sint
958 3222 1146 3263 somno
1187 3207 1376 3262 mortis
1421 3206 1781 3277 sempiterna),
1828 3221 1927 3262 nec

342 3301 483 3355 ultra
514 3301 636 3355 inde
665 3300 1050 3371 experrecturi.
1075 3297 1298 3370 Mysticc
1333 3306 1511 3353 autem
1559 3299 1678 3354 haec
1721 3299 1922 3365 omnia,

345 3391 556 3444 ruinam
594 3391 810 3460 perfida:
836 3391 1185 3461 pronuntiant
1214 3390 1464 3456 civitatis,
1496 3406 1659 3459 quam
1684 3391 1925 3449 diabolus

345 3484 415 3534 ah
444 3481 595 3536 initio
622 3481 945 3546 construxit,
991 3489 1045 3535 et
1083 3495 1179 3550 per
1213 3496 1375 3550 quam
1425 3489 1612 3536 contra
1652 3482 1923 3537 civitatem

344 3572 442 3626 Dei
471 3571 654 3626 scdulo
679 3572 951 3642 pugnavit,
986 3572 1131 3642 quod
1158 3572 1328 3626 erutis
1359 3571 1426 3625 de
1453 3579 1625 3626 morte
1651 3574 1855 3628 sanctis
1874 3582 1929 3633 et

342 3659 530 3715 electis
551 3660 667 3725 Dei,
710 3660 868 3729 impia
902 3660 1094 3716 civitas
1121 3660 1174 3715 in
1204 3668 1463 3716 :eternum
1496 3661 1814 3731 supplicium
1841 3644 1928 3718 de-

343 3760 639 3821 mergatur.
684 3752 756 3806 De
794 3752 894 3806 bac
927 3752 1145 3819 civitate
1174 3759 1229 3806 ct
1252 3748 1489 3806 Joannes
1514 3752 1566 3805 in
1608 3752 1926 3824 Apocalypsi

345 3840 674 3897 sntlicienter
714 3842 1027 3911 disputavit,
1077 3843 1258 3897 dicens
1290 3862 1302 3896 :
1342 3862 1359 3891 ι
1390 3842 1510 3897 Vidi
1553 3845 1801 3914 angelum
1835 3846 1928 3900 de-

346 3933 692 3989 scendentem
719 3935 784 3988 de
805 3934 964 4001 caelo,
997 3936 1283 3990 habentem
1310 3943 1631 4005 potestatem
1656 3953 1923 4006 magnam,

344 4033 401 4079 ct
437 4035 579 4079 terra
618 4026 911 4080 illuminata
941 4034 1023 4081 est
1052 4042 1081 4080 a
1109 4027 1277 4096 gloria
1327 4024 1464 4094 ejus,
1512 4036 1568 4081 et
1608 4027 1928 4082 exclamavit

346 4115 403 4169 in
442 4115 565 4172 [orti
603 4132 755 4179 voce,
787 4117 970 4172 dicens
1008 4136 1021 4171 ε
1058 4115 1281 4182 Cecidit,
1318 4117 1516 4175 cecidit
1552 4116 1788 4188 Babylon
1837 4117 1925 4172 illa

348 4222 568 4277 magna,
595 4218 650 4262 et
684 4207 821 4262 facta
842 4216 925 4263 cst
946 4208 1206 4265 habitatio
1231 4208 1640 4277 dazmoniorum,
1669 4219 1723 4285 et
1749 4221 1928 4267 custo-

346 4299 437 4352 dia
463 4300 636 4354 omnis
664 4301 883 4371 spiritus
921 4301 1203 4369 immundi,
1248 4310 1303 4358 et
1330 4304 1570 4358 custodia
1614 4305 1790 4359 omnis
1835 4320 1926 4360 vo-

347 4392 513 4447 lucris
551 4393 831 4458 immundi,
854 4401 911 4449 et
932 4394 1170 4461 odibilis,
1192 4395 1317 4464 quia
1332 4395 1400 4450 de
1436 4396 1517 4450 ira
1554 4395 1927 4453 fornicationis

346 4483 467 4552 ejus
494 4483 743 4538 biberunt
769 4499 960 4540 omnes
985 4492 1195 4555 gentes,
1218 4494 1272 4539 et
1293 4500 1446 4556 reges
1470 4494 1629 4541 terra:
1659 4502 1783 4543 cum
1830 4488 1919 4541 illa

338 4572 601 4628 fornicati
621 4581 766 4639 sunt,
788 4582 848 4631 ct
865 4582 1194 4631 mercatores
1215 4585 1373 4632 terra:
1396 4577 1460 4632 de
1474 4578 1673 4634 virtute
1696 4578 1917 4635 delicia-

350 4680 471 4717 rum
525 4664 642 4735 ejus
667 4665 859 4720 divites
882 4664 1013 4721 facti
1039 4674 1185 4720 sunt.
1216 4667 1285 4721 Et
1310 4668 1486 4722 audivi
1524 4669 1688 4723 aliam
1735 4686 1920 4725 vocem

348 4753 419 4805 de
448 4752 586 4806 coelo
613 4753 879 4808 dicentem
908 4771 923 4809 :
958 4754 1111 4810 Exite
1138 4754 1207 4809 de
1247 4755 1608 4826 illa,popnlus
1650 4774 1821 4825 meus,
1866 4767 1924 4813 ut

352 4858 454 4897 nec
487 4844 773 4913 participes
801 4845 919 4899 sitis
938 4844 1255 4901 delictorum
1282 4846 1421 4915 ejus,
1450 4854 1506 4901 et
1527 4848 1593 4901 de
1610 4848 1781 4919 plagis
1808 4847 1923 4916 ejus

350 4949 459 4987 non
499 4933 793 5003 accipiatis,
841 4933 1092 5003 quoniam
1128 4943 1487 5001 pervenerunt
1538 4945 1758 5005 peccata
1814 4934 1928 5003 ejus

352 5038 522 5093 usque
543 5024 610 5078 ad
636 5024 849 5090 coelum,
872 5034 929 5081 et
955 5025 1264 5080 recordatus
1303 5034 1387 5081 est
1435 5026 1693 5082 Dominus
1734 5028 1929 5097 iniqui-

351 5127 522 5170 tatum
554 5116 691 5187 ejus.
726 5117 951 5174 Reddite
979 5118 1051 5173 illi
1073 5112 1211 5172 sicut
1231 5118 1344 5187 ipsa
1370 5117 1620 5183 reddidit,
1660 5126 1716 5173 et
1757 5119 1929 5189 dupli-

349 5218 473 5261 cate
503 5207 730 5278 duplicia
762 5212 1057 5264 secundum
1096 5225 1259 5279 opera
1307 5208 1424 5276 ejus
1453 5224 1467 5262 :
1497 5210 1551 5263 in
1595 5210 1788 5279 poculo
1820 5225 1927 5280 quo

353 5299 568 5353 miscuit
599 5295 907 5354 misceteilli
933 5299 1146 5368 duplum
1174 5316 1188 5353 :
1222 5306 1482 5368 quantum
1504 5297 1825 5368 gloriﬁcavit
1846 5314 1925 5363 se,

350 5400 408 5442 et
444 5389 496 5443 in
524 5388 729 5445 deliciis
755 5388 876 5453 fuit,
909 5397 1114 5444 tantum
1146 5391 1266 5444 date
1298 5390 1371 5445 illi
1397 5399 1722 5444 tormentum
1762 5398 1816 5446 et
1849 5391 1929 5445 lu-

350 5490 516 5536 ctum.
549 5482 684 5548 Quia
721 5482 773 5536 in
802 5483 965 5536 corde
992 5498 1089 5536 suo
1112 5483 1244 5536 dicit
1268 5500 1279 5535 :
1307 5481 1481 5537 Sedco
1511 5483 1717 5552 regina,
1742 5492 1795 5537 et
1843 5483 1925 5538 vi-

349 5574 454 5625 dua
485 5589 590 5627 non
621 5588 761 5637 sum,
791 5581 846 5627 et
866 5573 1063 5627 luctum
1095 5588 1198 5626 non
1231 5572 1442 5636 videbo,
1468 5571 1586 5625 ideo
1617 5573 1669 5625 in
1699 5587 1803 5625 una
1841 5572 1929 5626 die

2021 1841 2221 1896 damini
2258 1842 2350 1911 qui
2382 1841 2535 1895 fertis
2571 1857 2695 1896 vasa
2727 1843 2968 1908 Domini;
3000 1862 3016 1893 ι
3060 1844 3419 1911 przentmtiata
3455 1845 3607 1897 ruina

2021 1934 2329 2005 Babylonis,
2370 1934 2575 1989 inducit
2609 1936 2988 1990 discessionem
3021 1934 3338 1990 electorum.
3376 1934 3503 1999 Qua:
3525 1943 3609 1989 est

2020 2024 2310 2096 Babylonis
2343 2024 2534 2079 ruina?
2563 2025 2696 2081 Cum
2725 2026 2869 2080 enim
2912 2025 3226 2080 discesserit
3260 2024 3411 2081 Lota
3444 2022 3612 2077 Sodo-

2022 2117 2146 2181 mis,
2177 2115 2419 2172 funditus
2452 2116 2703 2171 tollentur
2731 2112 3058 2188 (Gemuit).
3099 2114 3345 2180 Reddite,
3381 2113 3456 2167 ait
3506 2113 3602 2175 illi,

2024 2206 2164 2261 sicut
2191 2206 2305 2276 ipsa
2330 2204 2561 2260 reddidit
2586 2206 2759 2262 vobis.
2786 2205 2860 2260 De
2882 2205 3127 2269 Ecclesia
3148 2204 3292 2259 enim
3327 2215 3527 2258 exeunt
3553 2204 3604 2257 in

2024 2298 2280 2352 mundum
2304 2295 2473 2367 plaga:
2511 2297 2749 2353 visibiles
2786 2305 2841 2351 et
2898 2294 3211 2352 invisibiles.
3275 2314 3294 2347 ι
3319 2296 3385 2351 Et
3432 2295 3608 2365 duph-

2025 2398 2146 2444 cate
2174 2388 2405 2459 duplicia
2429 2388 2722 2443 secundum
2745 2404 2909 2459 opera
2932 2388 3068 2458 ejus.
3110 2408 3127 2441 ι
3157 2388 3234 2442 Ita
3255 2403 3375 2457 qua:
3400 2396 3610 2457 tempo-

2027 2480 2230 2534 ralibus
2250 2478 2769 2547 fruebaturdeliciis,
2787 2480 3069 2536 tormentis
3085 2479 3357 2534 crucietur
3368 2479 3607 2533 :eternis.

2103 2590 2121 2621 ε
2160 2571 2394 2626 Verbum
2471 2572 2613 2641 quod
2672 2571 2927 2642 przecepit
2988 2570 3250 2628 Jeremias
3312 2570 3605 2640 prophetis.

2033 2684 2050 2715 ε
2087 2663 2289 2718 Saraias
2326 2662 2435 2717 (ilio
2473 2663 2648 2719 Neria:
2697 2662 2954 2726 Maassire,
3012 2677 3135 2718 cum
3182 2673 3433 2733 pergeret
3484 2677 3607 2717 cum

2032 2776 2050 2810 ‹
2091 2755 2353 2812 Sedechia
2382 2771 2508 2826 rege
2540 2755 2593 2810 in
2622 2755 2968 2827 Babylonem,
3003 2756 3054 2811 in
3084 2771 3227 2810 anno
3264 2766 3473 2838 quarto
3525 2770 3609 2809 re-

2034 2867 2052 2898 ι
2089 2848 2179 2918 gni
2206 2847 2340 2918 ejus.
2371 2846 2593 2902 Saraias
2621 2857 2801 2901 autem
2824 2855 2944 2907 erat
2993 2846 3244 2923 princeps
3288 2847 3604 2917 prophetiae.

2033 2957 2051 2989 ι
2088 2938 2156 2993 Et
2195 2939 2413 3009 scripsit
2444 2936 2711 2993 Jeremias
2752 2951 2912 2993 omne
2953 2936 3175 3003 malum,
3230 2936 3371 3007 quod
3414 2949 3607 2992 ventu-

2033 3051 2051 3084 ‹
2089 3047 2206 3087 rum
2229 3041 2345 3087 erat
2372 3047 2535 3102 super
2571 3030 2896 3103 Babylonem
2955 3030 3010 3086 in
3034 3078 3037 3081 .
3063 3030 3200 3087 libro
3246 3048 3374 3098 uno,
3428 3032 3609 3088 omnia

2035 3143 2052 3175 ι
2088 3124 2250 3178 verba
2272 3124 2406 3187 haec,
2429 3136 2551 3192 quae
2580 3123 2782 3192 scripta
2834 3130 2959 3176 sunt
3011 3131 3201 3178 contra
3258 3122 3605 3195 Babylonem.

2034 3240 2052 3273 ι
2083 3221 2150 3275 Ει
2196 3220 2335 3275 dixit
2369 3219 2636 3277 Jeremias
2659 3220 2724 3274 ad
2747 3196 3009 3274 simiam.
3027 3218 3161 3273 Cum
3187 3217 3403 3272 veneris
3431 3217 3483 3270 in
3517 3215 3611 3270 Ba-

2041 3331 2059 3364 ‹
2099 3312 2365 3384 bylonem,
2389 3319 2446 3367 et
2469 3312 2672 3369 videris
2695 3319 2749 3365 et
2788 3310 2985 3382 legeris
3030 3311 3212 3366 omnia
3262 3309 3426 3364 verba
3476 3309 3612 3370 hzec,

2034 3420 2052 3452 ι
2084 3400 2231 3458 dices
2260 3420 2271 3454 :
2299 3400 2546 3467 Domine,
2579 3411 2633 3455 tu
2664 3399 2874 3455 locutus
2895 3415 2955 3456 es
2987 3408 3172 3455 contra
3204 3398 3380 3453 locum
3431 3398 3611 3457 istum.

2036 3512 2053 3546 ι
2089 3503 2143 3550 ut
2170 3495 2509 3565 disperderes
2528 3510 2672 3558 eum,
2698 3508 2798 3549 nec
2836 3494 2923 3557 sit,
2965 3494 3057 3563 qui
3106 3494 3156 3546 in
3196 3507 3261 3546 eo
3295 3490 3500 3545 habitet
3546 3491 3614 3542 ah

2036 3604 2054 3636 ι
2093 3586 2307 3640 homine
2334 3601 2504 3654 usque
2525 3584 2590 3638 ad
2615 3599 2799 3654 pecus,
2826 3592 2881 3659 et
2907 3593 2966 3637 ut
2987 3583 3057 3638 sit
3078 3589 3336 3653 perpetua
3361 3580 3612 3635 solitudo.

2034 3694 2054 3728 ‹
2091 3674 2334 3745 Cumque
2359 3674 2711 3745 compleveris
2731 3674 2907 3745 legere
2951 3672 3145 3727 librum
3191 3673 3375 3733 istum,
3421 3669 3617 3741 ligabis

2037 3785 2055 3817 ε
2091 3766 2155 3820 ad
2208 3781 2331 3820 cum
2379 3765 2631 3836 lapidem,
2687 3773 2743 3819 et
2788 3764 3038 3835 projicies
3079 3765 3225 3818 illum
3278 3764 3330 3817 in
3375 3763 3610 3817 medium

2037 3876 2053 3908 ι
2094 3857 2421 3926 Euphraten,
2448 3855 2668 3911 etdices
2694 3875 2704 3907 :
2739 3854 2830 3909 Sic
2852 3857 3229 3925 submergetur
3278 3853 3534 3927 Babylon,
3558 3861 3615 3906 et

2038 3966 2054 3997 ι
2090 3962 2194 4001 non
2218 3954 2508 4016 consurget
2529 3962 2559 3998 a
2583 3944 2720 3999 facie
2741 3945 3063 4008 alllictionis,
3088 3959 3247 4014 quam
3276 3959 3376 4013 ego
3410 3944 3615 3997 adduco

2035 4054 2053 4087 ί
2088 4051 2250 4105 super
2272 4051 2415 4099 eam,
2443 4044 2498 4090 et
2517 4034 2853 4091 dissolvetur.
2887 4054 2906 4086 ι
2950 4033 3264 4106 (ΜΛυῐὶυδ.)
3308 4032 3422 4088 Non
3470 4034 3613 4087 enim

2030 4127 2321 4183 secundum
2350 4126 2630 4181 historiam
2653 4125 2890 4196 Babylon
2916 4124 2966 4180 in
2998 4125 3304 4193 Euphraten
3329 4124 3609 4178 submersa

2028 4227 2130 4284 cst,
2153 4218 2279 4274 licet
2318 4227 2439 4289 post
2478 4219 2904 4274 submersioncm
2926 4218 2981 4272 in
3007 4217 3349 4273 solitudinem
3397 4217 3613 4271 redacta

2029 4312 2118 4377 sit,
2149 4312 2244 4373 sed
2265 4312 2525 4381 propheta
2545 4311 2799 4383 spiritalis
2837 4311 3123 4383 Babylonis
3164 4310 3438 4366 interitmn
3458 4319 3619 4365 :eter-

1954 4440 2003 4500 ο
2029 4418 2158 4456 num
2185 4387 2424 4472 prmdicit
2445 4400 2687 4456 futurum
2706 4415 2825 4471 qua:
2849 4400 2903 4455 in
2930 4399 3251 4471 profundum
3296 4398 3492 4463 inferni
3538 4400 3614 4454 si-

2028 4492 2140 4547 mul
2169 4507 2292 4545 cum
2314 4491 2556 4562 principe
2574 4506 2672 4546 suo
2713 4489 2924 4547 diabolo
2951 4490 3006 4545 in
3044 4488 3131 4545 die
3163 4489 3352 4560 jndicii
3397 4489 3612 4544 demer-

2024 4584 2195 4653 genda
2211 4582 2331 4638 erit.
2349 4581 2465 4638 Hoc
2481 4584 2622 4641 enim
2639 4590 2695 4637 et
2713 4582 2986 4652 prophetae
3000 4580 3053 4636 in
3070 4581 3248 4637 Veteri
3270 4580 3614 4636 Testamento

2025 4675 2480 4743 prmcouatisunt,
2510 4674 2651 4744 quod
2678 4682 2734 4728 et
2764 4672 2895 4728 Novi
2917 4672 3250 4728 Testamenti
3298 4673 3616 4742 praedicato-

2030 4778 2118 4819 res
2143 4764 2296 4819 firma
2318 4772 2373 4819 et
2401 4764 2578 4819 veraci
2605 4764 2914 4819 narratione
2938 4763 3233 4820 declarant.
3278 4763 3430 4817 Unde
3450 4761 3615 4815 Joan-

2030 4848 2128 4909 nes
2158 4854 2210 4908 in
2234 4854 2551 4925 Apocalypsi
2583 4872 2678 4910 sua
2722 4862 2926 4923 narrat,
2975 4856 3197 4910 dicens;
3233 4872 3250 4903 ι
3280 4854 3347 4907 Et
3399 4852 3615 4906 sustulit

2035 4958 2172 4998 unus
2201 4942 2422 5013 angelus
2443 4942 2597 4998 fortis
2617 4942 2845 5013 lapidem
2869 4943 3020 5011 quasi
3065 4942 3317 4995 molarem
3362 4956 3611 5009 maguum

2032 5041 2088 5087 et
2108 5032 2258 5088 misit
2278 5032 2331 5086 in
2354 5048 2523 5098 mare,
2551 5033 2736 5089 dicens
2759 5051 2772 5086 :
2798 5033 2912 5088 lloc
2938 5032 3135 5101 impetu
3162 5031 3403 5085 mittetur
3446 5029 3614 5101 Baby-

2032 5121 2121 5178 lon
2142 5122 2337 5179 civitas
2372 5122 2464 5176 illa
2494 5138 2707 5193 magna,
2748 5131 2802 5176 et
2848 5120 2987 5175 ultra
3028 5136 3132 5176 non
3181 5121 3499 5176 invenietur.
3551 5121 3615 5176 Et

2032 5227 2137 5266 vox
2162 5210 2581 5266 citharoedorum
2602 5221 2658 5266 et
2679 5203 3029 5277 musicorum,
3045 5220 3099 5267 et
3122 5211 3251 5266 tibia
3280 5214 3609 5277 canentium,

2033 5309 2088 5356 et
2110 5302 2232 5355 tuba
2257 5316 2362 5354 non
2390 5302 2636 5355 audietur
2684 5302 2737 5354 in
2785 5310 2836 5358 te
2883 5302 3132 5371 amplius,
3173 5312 3229 5357 et
3248 5303 3335 5357 lux
3378 5304 3612 5361 lucernae

2032 5408 2138 5445 non
2167 5390 2368 5446 lucebit
2397 5391 2489 5445 tibi
2537 5391 2802 5461 amplius:
2831 5404 2887 5448 et
2928 5410 3027 5450 vox
3066 5396 3250 5465 sponsi
3289 5406 3344 5451 et
3399 5413 3612 5467 sponsa:

2032 5499 2137 5536 non
2162 5481 2409 5537 audietur
2434 5482 2657 5552 posthac
2684 5482 2739 5538 in
2765 5492 2836 5548 te,
2862 5484 2986 5553 quia
3012 5494 3339 5542 mercatores
3362 5487 3436 5541 tui
3456 5498 3613 5543 erant

2033 5570 2302 5640 principes
2332 5578 2509 5636 terrre,
2553 5571 2676 5641 quia
2720 5572 2772 5626 in
2818 5573 3092 5629 veneﬁciis
3138 5576 3243 5630 tuis
3296 5588 3612 5633 erraverunt

353 5662 567 5717 venient
597 5663 762 5734 plagze
786 5663 922 5736 ejus,
954 5680 1099 5721 mors
1131 5672 1181 5719 et
1209 5661 2009 5739 luettts,etfatttcs,ctiguccum-
2034 5677 2220 5720 omnes
2240 5669 2444 5736 gentes,
2478 5670 2531 5716 et
2556 5663 2606 5716 in
2636 5680 2696 5718 ea
2720 5664 2937 5734 sanguis
2963 5669 3341 5737 prophetarum
3388 5679 3437 5725 et
3486 5686 3611 5727 sau-
