  <div class='ocr_page' id='page_1' title='image "/cluster/home/n/w/nwhite01/storage/ocr_20150623/111/hvd.32044054759766/591.png"; bbox 0 0 3970 6190; ppageno 0'>
   <div class='ocr_carea' id='block_1_1' title="bbox 412 345 550 404">
    <p class='ocr_par' dir='ltr' id='par_1_1' title="bbox 412 345 550 404">
     <span class='ocr_line' id='line_1_1' title="bbox 412 345 550 404; baseline -0.051 0"><span class='ocrx_word' id='word_1_1' title='bbox 412 345 550 404; x_wconf 75' lang='grc' dir='ltr'><strong>Ητὸ</strong></span> 
     </span>
    </p>
   </div>
   <div class='ocr_carea' id='block_1_2' title="bbox 1079 333 1988 398">
    <p class='ocr_par' dir='ltr' id='par_1_2' title="bbox 1079 339 1988 398">
     <span class='ocr_line' id='line_1_2' title="bbox 1079 339 1988 398; baseline -0.007 0"><span class='ocrx_word' id='word_1_2' title='bbox 1079 342 1140 398; x_wconf 82' lang='grc' dir='ltr'><strong>Β.</strong></span> <span class='ocrx_word' id='word_1_3' title='bbox 1179 341 1434 397; x_wconf 71' lang='grc' dir='ltr'><strong>ΒΑΒΑΝΙ</strong></span> <span class='ocrx_word' id='word_1_4' title='bbox 1471 340 1689 397; x_wconf 64' lang='grc' dir='ltr'><strong>ΜΑωὶι</strong></span> <span class='ocrx_word' id='word_1_5' title='bbox 1724 339 1988 395; x_wconf 80' lang='lat' dir='ltr'><strong>ARCHIE]</strong></span> 
     </span>
    </p>
   </div>
   <div class='ocr_carea' id='block_1_3' title="bbox 2088 333 3049 398">
    <p class='ocr_par' dir='ltr' id='par_1_3' title="bbox 2088 333 3049 394">
     <span class='ocr_line' id='line_1_3' title="bbox 2088 333 3049 394; baseline -0.002 -2"><span class='ocrx_word' id='word_1_6' title='bbox 2088 337 2387 394; x_wconf 79' lang='lat' dir='ltr'><strong>MOGUNT.</strong></span> <span class='ocrx_word' id='word_1_7' title='bbox 2429 333 2712 394; x_wconf 71' lang='lat' dir='ltr'><strong>OPERUM</strong></span> <span class='ocrx_word' id='word_1_8' title='bbox 2749 337 2927 392; x_wconf 66' lang='lat' dir='ltr'><strong>PARS</strong></span> <span class='ocrx_word' id='word_1_9' title='bbox 2965 337 3049 392; x_wconf 77' lang='lat' dir='ltr'><strong>lli.</strong></span> 
     </span>
    </p>
   </div>
   <div class='ocr_carea' id='block_1_4' title="bbox 3530 337 3682 392">
    <p class='ocr_par' dir='ltr' id='par_1_4' title="bbox 3530 337 3682 392">
     <span class='ocr_line' id='line_1_4' title="bbox 3530 337 3682 392; baseline -0.013 0"><span class='ocrx_word' id='word_1_10' title='bbox 3530 337 3682 392; x_wconf 74' lang='lat' dir='ltr'><strong>me</strong></span> 
     </span>
    </p>
   </div>
   <div class='ocr_carea' id='block_1_5' title="bbox 407 449 3686 524">
    <p class='ocr_par' dir='ltr' id='par_1_5' title="bbox 407 449 3686 524">
     <span class='ocr_line' id='line_1_5' title="bbox 407 449 3686 524; baseline -0.002 -14"><span class='ocrx_word' id='word_1_11' title='bbox 407 465 617 510; x_wconf 80' lang='lat' dir='ltr'><strong>ctorum</strong></span> <span class='ocrx_word' id='word_1_12' title='bbox 637 453 891 508; x_wconf 81' lang='lat' dir='ltr'><strong>inventus</strong></span> <span class='ocrx_word' id='word_1_13' title='bbox 917 457 1020 517; x_wconf 90' lang='lat' dir='ltr'><strong>est,</strong></span> <span class='ocrx_word' id='word_1_14' title='bbox 1043 460 1097 506; x_wconf 92' lang='lat' dir='ltr'><strong>et</strong></span> <span class='ocrx_word' id='word_1_15' title='bbox 1131 453 1372 508; x_wconf 91' lang='lat' dir='ltr'><strong>omnium</strong></span> <span class='ocrx_word' id='word_1_16' title='bbox 1413 453 1504 524; x_wconf 85' lang='lat' dir='ltr'><strong>qui</strong></span> <span class='ocrx_word' id='word_1_17' title='bbox 1546 450 1812 508; x_wconf 70' lang='lat' dir='ltr'><strong>interfecti</strong></span> <span class='ocrx_word' id='word_1_18' title='bbox 1863 459 1988 505; x_wconf 90' lang='lat' dir='ltr'><strong>sunt</strong></span> <span class='ocrx_word' id='word_1_19' title='bbox 2013 455 2063 513; x_wconf 84' lang='grc' dir='ltr'><strong>Α</strong></span> <span class='ocrx_word' id='word_1_20' title='bbox 2087 451 2318 506; x_wconf 90' lang='lat' dir='ltr'><strong>obtinuit</strong></span> <span class='ocrx_word' id='word_1_21' title='bbox 2346 449 2514 506; x_wconf 86' lang='lat' dir='ltr'><strong>fames</strong></span> <span class='ocrx_word' id='word_1_22' title='bbox 2537 451 2591 505; x_wconf 93' lang='lat' dir='ltr'><strong>in</strong></span> <span class='ocrx_word' id='word_1_23' title='bbox 2613 451 2851 517; x_wconf 81' lang='lat' dir='ltr'><strong>civitate,</strong></span> <span class='ocrx_word' id='word_1_24' title='bbox 2882 461 3063 506; x_wconf 89' lang='lat' dir='ltr'><strong>etnon</strong></span> <span class='ocrx_word' id='word_1_25' title='bbox 3090 463 3240 506; x_wconf 83' lang='lat' dir='ltr'><strong>erant</strong></span> <span class='ocrx_word' id='word_1_26' title='bbox 3281 452 3541 506; x_wconf 75' lang='lat' dir='ltr'><strong>alimenta</strong></span> <span class='ocrx_word' id='word_1_27' title='bbox 3577 469 3686 522; x_wconf 68' lang='lat' dir='ltr'><strong>pe~</strong></span> 
     </span>
    </p>
   </div>
   <div class='ocr_carea' id='block_1_6' title="bbox 405 539 1989 615">
    <p class='ocr_par' dir='ltr' id='par_1_6' title="bbox 405 539 1989 615">
     <span class='ocr_line' id='line_1_6' title="bbox 405 539 1989 615; baseline -0.005 -13"><span class='ocrx_word' id='word_1_28' title='bbox 405 543 462 602; x_wconf 81' lang='lat' dir='ltr'><strong>in</strong></span> <span class='ocrx_word' id='word_1_29' title='bbox 487 551 634 598; x_wconf 87' lang='lat' dir='ltr'><strong>terra</strong></span> <span class='ocrx_word' id='word_1_30' title='bbox 655 539 848 615; x_wconf 80' lang='lat' dir='ltr'><strong>(Apoc.</strong></span> <span class='ocrx_word' id='word_1_31' title='bbox 885 541 1071 614; x_wconf 80' lang='lat' dir='ltr'><strong>xvttt).</strong></span> <span class='ocrx_word' id='word_1_32' title='bbox 1102 561 1120 594; x_wconf 72' lang='grc' dir='ltr'><strong><em>ι</em></strong></span> <span class='ocrx_word' id='word_1_33' title='bbox 1153 541 1357 598; x_wconf 90' lang='lat' dir='ltr'><strong>Civitas</strong></span> <span class='ocrx_word' id='word_1_34' title='bbox 1375 557 1504 612; x_wconf 83' lang='lat' dir='ltr'><strong>ergo</strong></span> <span class='ocrx_word' id='word_1_35' title='bbox 1525 541 1727 608; x_wconf 61' lang='lat' dir='ltr'><strong>saeculi,</strong></span> <span class='ocrx_word' id='word_1_36' title='bbox 1755 557 1852 611; x_wconf 90' lang='lat' dir='ltr'><strong>pro</strong></span> <span class='ocrx_word' id='word_1_37' title='bbox 1872 556 1989 612; x_wconf 89' lang='lat' dir='ltr'><strong>pec-</strong></span> 
     </span>
    </p>
   </div>
   <div class='ocr_carea' id='block_1_7' title="bbox 405 631 1985 709">
    <p class='ocr_par' dir='ltr' id='par_1_7' title="bbox 405 631 1985 709">
     <span class='ocr_line' id='line_1_7' title="bbox 405 631 1985 709; baseline -0.004 -20"><span class='ocrx_word' id='word_1_38' title='bbox 405 643 650 689; x_wconf 82' lang='lat' dir='ltr'><strong>catorum</strong></span> <span class='ocrx_word' id='word_1_39' title='bbox 670 632 906 709; x_wconf 70' lang='lat' dir='ltr'><strong>pondere</strong></span> <span class='ocrx_word' id='word_1_40' title='bbox 927 640 982 687; x_wconf 92' lang='lat' dir='ltr'><strong>et</strong></span> <span class='ocrx_word' id='word_1_41' title='bbox 994 647 1180 686; x_wconf 87' lang='lat' dir='ltr'><strong>errore</strong></span> <span class='ocrx_word' id='word_1_42' title='bbox 1200 631 1433 686; x_wconf 83' lang='lat' dir='ltr'><strong>instabili</strong></span> <span class='ocrx_word' id='word_1_43' title='bbox 1459 631 1585 686; x_wconf 91' lang='lat' dir='ltr'><strong>moli</strong></span> <span class='ocrx_word' id='word_1_44' title='bbox 1621 639 1985 701; x_wconf 90' lang='lat' dir='ltr'><strong>comparatur,</strong></span> 
     </span>
    </p>
   </div>
   <div class='ocr_carea' id='block_1_8' title="bbox 411 718 1987 792">
    <p class='ocr_par' dir='ltr' id='par_1_8' title="bbox 411 718 1987 792">
     <span class='ocr_line' id='line_1_8' title="bbox 411 718 1987 792; baseline -0.001 -18"><span class='ocrx_word' id='word_1_45' title='bbox 411 742 432 774; x_wconf 72' lang='grc' dir='ltr'><strong>ε</strong></span> <span class='ocrx_word' id='word_1_46' title='bbox 463 723 521 778; x_wconf 88' lang='lat' dir='ltr'><strong>In</strong></span> <span class='ocrx_word' id='word_1_47' title='bbox 550 722 778 778; x_wconf 89' lang='lat' dir='ltr'><strong>circuitu</strong></span> <span class='ocrx_word' id='word_1_48' title='bbox 806 722 951 777; x_wconf 89' lang='lat' dir='ltr'><strong>enim</strong></span> <span class='ocrx_word' id='word_1_49' title='bbox 974 721 1121 792; x_wconf 87' lang='lat' dir='ltr'><strong>impii</strong></span> <span class='ocrx_word' id='word_1_50' title='bbox 1148 721 1426 778; x_wconf 80' lang='lat' dir='ltr'><strong>ambulant</strong></span> <span class='ocrx_word' id='word_1_51' title='bbox 1447 722 1466 792; x_wconf 92' lang='lat'><strong>(</strong></span> <span class='ocrx_word' id='word_1_52' title='bbox 1489 718 1632 775; x_wconf 79' lang='lat' dir='ltr'><strong>Psal.</strong></span> <span class='ocrx_word' id='word_1_53' title='bbox 1663 718 1770 792; x_wconf 67' lang='grc' dir='ltr'><strong>ιι),</strong></span> <span class='ocrx_word' id='word_1_54' title='bbox 1809 737 1827 770; x_wconf 71' lang='grc' dir='ltr'><strong><em>ι</em></strong></span> <span class='ocrx_word' id='word_1_55' title='bbox 1867 735 1987 788; x_wconf 61' lang='lat' dir='ltr'><strong>quae</strong></span> 
     </span>
    </p>
   </div>
   <div class='ocr_carea' id='block_1_9' title="bbox 400 808 1984 890">
    <p class='ocr_par' dir='ltr' id='par_1_9' title="bbox 400 808 1984 890">
     <span class='ocr_line' id='line_1_9' title="bbox 400 808 1984 890; baseline -0.006 -19"><span class='ocrx_word' id='word_1_56' title='bbox 400 818 526 890; x_wconf 75' lang='lat' dir='ltr'><strong>jure</strong></span> <span class='ocrx_word' id='word_1_57' title='bbox 548 814 796 870; x_wconf 82' lang='lat' dir='ltr'><strong>ﬂuctibus</strong></span> <span class='ocrx_word' id='word_1_58' title='bbox 819 812 1036 868; x_wconf 90' lang='lat' dir='ltr'><strong>ultionis</strong></span> <span class='ocrx_word' id='word_1_59' title='bbox 1058 813 1396 875; x_wconf 85' lang='lat' dir='ltr'><strong>absorbetur,</strong></span> <span class='ocrx_word' id='word_1_60' title='bbox 1421 812 1548 882; x_wconf 87' lang='lat' dir='ltr'><strong>quia</strong></span> <span class='ocrx_word' id='word_1_61' title='bbox 1591 811 1737 864; x_wconf 88' lang='lat' dir='ltr'><strong>cives</strong></span> <span class='ocrx_word' id='word_1_62' title='bbox 1789 808 1984 863; x_wconf 87' lang='lat' dir='ltr'><strong>Hieru—</strong></span> 
     </span>
    </p>
   </div>
   <div class='ocr_carea' id='block_1_10' title="bbox 409 898 1987 977">
    <p class='ocr_par' dir='ltr' id='par_1_10' title="bbox 409 898 1987 977">
     <span class='ocr_line' id='line_1_10' title="bbox 409 898 1987 977; baseline -0.008 -13"><span class='ocrx_word' id='word_1_63' title='bbox 409 907 577 964; x_wconf 76' lang='lat' dir='ltr'><strong>salem</strong></span> <span class='ocrx_word' id='word_1_64' title='bbox 601 907 851 960; x_wconf 81' lang='lat' dir='ltr'><strong>fluctibus</strong></span> <span class='ocrx_word' id='word_1_65' title='bbox 874 904 1141 977; x_wconf 80' lang='lat' dir='ltr'><strong>oppressit</strong></span> <span class='ocrx_word' id='word_1_66' title='bbox 1165 903 1516 966; x_wconf 79' lang='lat' dir='ltr'><strong>infidelitatis,</strong></span> <span class='ocrx_word' id='word_1_67' title='bbox 1546 917 1666 958; x_wconf 87' lang='lat' dir='ltr'><strong>cum</strong></span> <span class='ocrx_word' id='word_1_68' title='bbox 1691 913 1850 970; x_wconf 87' lang='lat' dir='ltr'><strong>super</strong></span> <span class='ocrx_word' id='word_1_69' title='bbox 1888 898 1987 952; x_wconf 83' lang='lat' dir='ltr'><strong>llu-</strong></span> 
     </span>
    </p>
   </div>
   <div class='ocr_carea' id='block_1_11' title="bbox 405 987 1986 1064">
    <p class='ocr_par' dir='ltr' id='par_1_11' title="bbox 405 987 1986 1064">
     <span class='ocr_line' id='line_1_11' title="bbox 405 987 1986 1064; baseline -0.004 -15"><span class='ocrx_word' id='word_1_70' title='bbox 405 994 549 1050; x_wconf 86' lang='lat' dir='ltr'><strong>mina</strong></span> <span class='ocrx_word' id='word_1_71' title='bbox 597 992 883 1064; x_wconf 80' lang='lat' dir='ltr'><strong>Babylonis</strong></span> <span class='ocrx_word' id='word_1_72' title='bbox 933 992 1178 1046; x_wconf 88' lang='lat' dir='ltr'><strong>sedentes</strong></span> <span class='ocrx_word' id='word_1_73' title='bbox 1245 987 1685 1061; x_wconf 74' lang='lat' dir='ltr'><strong>(Psal.cxxxvt)</strong></span> <span class='ocrx_word' id='word_1_74' title='bbox 1751 987 1986 1042; x_wconf 75' lang='lat' dir='ltr'><strong>ccclesiis</strong></span> 
     </span>
    </p>
   </div>
   <div class='ocr_carea' id='block_1_12' title="bbox 407 1079 1986 1143">
    <p class='ocr_par' dir='ltr' id='par_1_12' title="bbox 407 1079 1986 1143">
     <span class='ocr_line' id='line_1_12' title="bbox 407 1079 1986 1143; baseline -0.005 -3"><span class='ocrx_word' id='word_1_75' title='bbox 407 1085 536 1140; x_wconf 86' lang='lat' dir='ltr'><strong>Sion</strong></span> <span class='ocrx_word' id='word_1_76' title='bbox 562 1084 860 1139; x_wconf 88' lang='lat' dir='ltr'><strong>absentiam</strong></span> <span class='ocrx_word' id='word_1_77' title='bbox 885 1081 1093 1136; x_wconf 84' lang='lat' dir='ltr'><strong>ﬂerent.</strong></span> <span class='ocrx_word' id='word_1_78' title='bbox 1139 1080 1228 1134; x_wconf 78' lang='lat' dir='ltr'><strong>Ait</strong></span> <span class='ocrx_word' id='word_1_79' title='bbox 1251 1081 1392 1134; x_wconf 90' lang='lat' dir='ltr'><strong>enim</strong></span> <span class='ocrx_word' id='word_1_80' title='bbox 1417 1079 1696 1143; x_wconf 84' lang='lat' dir='ltr'><strong>Dominus,</strong></span> <span class='ocrx_word' id='word_1_81' title='bbox 1740 1087 1986 1132; x_wconf 87' lang='lat' dir='ltr'><strong>auctores</strong></span> 
     </span>
    </p>
   </div>
   <div class='ocr_carea' id='block_1_13' title="bbox 405 1167 1983 1244">
    <p class='ocr_par' dir='ltr' id='par_1_13' title="bbox 405 1167 1983 1244">
     <span class='ocr_line' id='line_1_13' title="bbox 405 1167 1983 1244; baseline -0.006 -14"><span class='ocrx_word' id='word_1_82' title='bbox 405 1174 645 1230; x_wconf 85' lang='lat' dir='ltr'><strong>scandali</strong></span> <span class='ocrx_word' id='word_1_83' title='bbox 677 1188 832 1244; x_wconf 75' lang='lat' dir='ltr'><strong>pmna</strong></span> <span class='ocrx_word' id='word_1_84' title='bbox 860 1171 1166 1243; x_wconf 88' lang='lat' dir='ltr'><strong>plectendos</strong></span> <span class='ocrx_word' id='word_1_85' title='bbox 1195 1189 1207 1222; x_wconf 88' lang='lat'><strong>:</strong></span> <span class='ocrx_word' id='word_1_86' title='bbox 1241 1179 1295 1226; x_wconf 91' lang='lat' dir='ltr'><strong>et</strong></span> <span class='ocrx_word' id='word_1_87' title='bbox 1318 1169 1553 1225; x_wconf 85' lang='lat' dir='ltr'><strong>Ecclesia</strong></span> <span class='ocrx_word' id='word_1_88' title='bbox 1584 1169 1797 1240; x_wconf 84' lang='lat' dir='ltr'><strong>quidem</strong></span> <span class='ocrx_word' id='word_1_89' title='bbox 1823 1167 1983 1238; x_wconf 87' lang='lat' dir='ltr'><strong>lapidi</strong></span> 
     </span>
    </p>
   </div>
   <div class='ocr_carea' id='block_1_14' title="bbox 405 1262 1982 1331">
    <p class='ocr_par' dir='ltr' id='par_1_14' title="bbox 405 1262 1982 1331">
     <span class='ocr_line' id='line_1_14' title="bbox 405 1262 1982 1331; baseline -0.004 -11"><span class='ocrx_word' id='word_1_90' title='bbox 405 1266 766 1330; x_wconf 85' lang='lat' dir='ltr'><strong>assituilatur,</strong></span> <span class='ocrx_word' id='word_1_91' title='bbox 809 1265 900 1318; x_wconf 89' lang='lat' dir='ltr'><strong>sed</strong></span> <span class='ocrx_word' id='word_1_92' title='bbox 939 1263 1116 1317; x_wconf 88' lang='lat' dir='ltr'><strong>stabili</strong></span> <span class='ocrx_word' id='word_1_93' title='bbox 1149 1271 1203 1317; x_wconf 91' lang='lat' dir='ltr'><strong>et</strong></span> <span class='ocrx_word' id='word_1_94' title='bbox 1244 1262 1420 1327; x_wconf 83' lang='lat' dir='ltr'><strong>ﬁrmo,</strong></span> <span class='ocrx_word' id='word_1_95' title='bbox 1453 1278 1572 1331; x_wconf 80' lang='lat' dir='ltr'><strong>quae</strong></span> <span class='ocrx_word' id='word_1_96' title='bbox 1605 1270 1982 1330; x_wconf 76' lang='lat' dir='ltr'><strong>tempestatum</strong></span> 
     </span>
    </p>
   </div>
   <div class='ocr_carea' id='block_1_15' title="bbox 404 1350 1984 1425">
    <p class='ocr_par' dir='ltr' id='par_1_15' title="bbox 404 1350 1984 1425">
     <span class='ocr_line' id='line_1_15' title="bbox 404 1350 1984 1425; baseline -0.001 -17"><span class='ocrx_word' id='word_1_97' title='bbox 404 1364 627 1425; x_wconf 79' lang='lat' dir='ltr'><strong>spernat</strong></span> <span class='ocrx_word' id='word_1_98' title='bbox 648 1354 911 1409; x_wconf 86' lang='lat' dir='ltr'><strong>incursus.</strong></span> <span class='ocrx_word' id='word_1_99' title='bbox 945 1351 1126 1406; x_wconf 89' lang='lat' dir='ltr'><strong>Potest</strong></span> <span class='ocrx_word' id='word_1_100' title='bbox 1169 1350 1307 1405; x_wconf 87' lang='lat' dir='ltr'><strong>mola</strong></span> <span class='ocrx_word' id='word_1_101' title='bbox 1333 1352 1498 1405; x_wconf 90' lang='lat' dir='ltr'><strong>etiam</strong></span> <span class='ocrx_word' id='word_1_102' title='bbox 1535 1366 1632 1419; x_wconf 89' lang='lat' dir='ltr'><strong>pro</strong></span> <span class='ocrx_word' id='word_1_103' title='bbox 1661 1350 1984 1408; x_wconf 85' lang='lat' dir='ltr'><strong>contritione</strong></span> 
     </span>
    </p>
   </div>
   <div class='ocr_carea' id='block_1_16' title="bbox 405 1439 1985 1515">
    <p class='ocr_par' dir='ltr' id='par_1_16' title="bbox 405 1439 1985 1515">
     <span class='ocr_line' id='line_1_16' title="bbox 405 1439 1985 1515; baseline -0.002 -18"><span class='ocrx_word' id='word_1_104' title='bbox 405 1459 685 1514; x_wconf 84' lang='lat' dir='ltr'><strong>poenarum</strong></span> <span class='ocrx_word' id='word_1_105' title='bbox 726 1441 970 1512; x_wconf 80' lang='lat' dir='ltr'><strong>intelligi.</strong></span> <span class='ocrx_word' id='word_1_106' title='bbox 1028 1439 1162 1493; x_wconf 85' lang='lat' dir='ltr'><strong>Nam</strong></span> <span class='ocrx_word' id='word_1_107' title='bbox 1206 1452 1262 1495; x_wconf 89' lang='lat' dir='ltr'><strong>et</strong></span> <span class='ocrx_word' id='word_1_108' title='bbox 1311 1440 1500 1495; x_wconf 88' lang='lat' dir='ltr'><strong>beatus</strong></span> <span class='ocrx_word' id='word_1_109' title='bbox 1541 1440 1777 1515; x_wconf 79' lang='lat' dir='ltr'><strong>lgnatiqs</strong></span> <span class='ocrx_word' id='word_1_110' title='bbox 1811 1439 1985 1494; x_wconf 81' lang='lat' dir='ltr'><strong>fertur</strong></span> 
     </span>
    </p>
   </div>
   <div class='ocr_carea' id='block_1_17' title="bbox 404 1529 1982 1602">
    <p class='ocr_par' dir='ltr' id='par_1_17' title="bbox 404 1529 1982 1602">
     <span class='ocr_line' id='line_1_17' title="bbox 404 1529 1982 1602; baseline -0.001 -16"><span class='ocrx_word' id='word_1_111' title='bbox 404 1535 607 1588; x_wconf 78' lang='lat' dir='ltr'><strong>dixisse</strong></span> <span class='ocrx_word' id='word_1_112' title='bbox 629 1547 921 1602; x_wconf 86' lang='lat' dir='ltr'><strong>passurus:</strong></span> <span class='ocrx_word' id='word_1_113' title='bbox 958 1548 977 1582; x_wconf 74' lang='grc' dir='ltr'>ι</span> <span class='ocrx_word' id='word_1_114' title='bbox 1014 1529 1367 1584; x_wconf 88' lang='lat' dir='ltr'><strong>Frumentum</strong></span> <span class='ocrx_word' id='word_1_115' title='bbox 1401 1529 1492 1584; x_wconf 90' lang='lat' dir='ltr'><strong>Dei</strong></span> <span class='ocrx_word' id='word_1_116' title='bbox 1519 1546 1658 1595; x_wconf 87' lang='lat' dir='ltr'><strong>sum,</strong></span> <span class='ocrx_word' id='word_1_117' title='bbox 1689 1529 1982 1585; x_wconf 86' lang='lat' dir='ltr'><strong>bestiarum</strong></span> 
     </span>
    </p>
   </div>
   <div class='ocr_carea' id='block_1_18' title="bbox 404 1611 1980 1692">
    <p class='ocr_par' dir='ltr' id='par_1_18' title="bbox 404 1611 1980 1692">
     <span class='ocr_line' id='line_1_18' title="bbox 404 1611 1980 1692; baseline -0.003 -13"><span class='ocrx_word' id='word_1_118' title='bbox 404 1611 658 1684; x_wconf 71' lang='lat' dir='ltr'><strong>dentibus</strong></span> <span class='ocrx_word' id='word_1_119' title='bbox 687 1622 875 1685; x_wconf 88' lang='lat' dir='ltr'><strong>molar,</strong></span> <span class='ocrx_word' id='word_1_120' title='bbox 899 1631 957 1676; x_wconf 91' lang='lat' dir='ltr'><strong>ut</strong></span> <span class='ocrx_word' id='word_1_121' title='bbox 983 1622 1140 1692; x_wconf 88' lang='lat' dir='ltr'><strong>panis</strong></span> <span class='ocrx_word' id='word_1_122' title='bbox 1169 1622 1400 1676; x_wconf 88' lang='lat' dir='ltr'><strong>mundus</strong></span> <span class='ocrx_word' id='word_1_123' title='bbox 1421 1619 1671 1675; x_wconf 69' lang='lat' dir='ltr'><strong>elliciar.»</strong></span> <span class='ocrx_word' id='word_1_124' title='bbox 1695 1651 1766 1662; x_wconf 89' lang='lat'><strong>——</strong></span> <span class='ocrx_word' id='word_1_125' title='bbox 1802 1640 1822 1674; x_wconf 69' lang='grc' dir='ltr'>ι</span> <span class='ocrx_word' id='word_1_126' title='bbox 1845 1620 1980 1687; x_wconf 77' lang='lat' dir='ltr'><strong>Vox,</strong></span> 
     </span>
    </p>
   </div>
   <div class='ocr_carea' id='block_1_19' title="bbox 405 1710 1983 1786">
    <p class='ocr_par' dir='ltr' id='par_1_19' title="bbox 405 1710 1983 1786">
     <span class='ocr_line' id='line_1_19' title="bbox 405 1710 1983 1786; baseline -0.003 -13"><span class='ocrx_word' id='word_1_127' title='bbox 405 1710 602 1786; x_wconf 60' lang='lat' dir='ltr'><strong>inquit,</strong></span> <span class='ocrx_word' id='word_1_128' title='bbox 646 1714 1066 1770; x_wconf 75' lang='lat' dir='ltr'><strong>citharmdorum</strong></span> <span class='ocrx_word' id='word_1_129' title='bbox 1108 1723 1164 1768; x_wconf 90' lang='lat' dir='ltr'><strong>et</strong></span> <span class='ocrx_word' id='word_1_130' title='bbox 1193 1713 1517 1767; x_wconf 87' lang='lat' dir='ltr'><strong>musicorum</strong></span> <span class='ocrx_word' id='word_1_131' title='bbox 1548 1721 1603 1767; x_wconf 93' lang='lat' dir='ltr'><strong>et</strong></span> <span class='ocrx_word' id='word_1_132' title='bbox 1633 1712 1758 1768; x_wconf 91' lang='lat' dir='ltr'><strong>tibia</strong></span> <span class='ocrx_word' id='word_1_133' title='bbox 1787 1728 1983 1768; x_wconf 86' lang='lat' dir='ltr'><strong>canen-</strong></span> 
     </span>
    </p>
   </div>
   <div class='ocr_carea' id='block_1_20' title="bbox 2089 541 3694 610">
    <p class='ocr_par' dir='ltr' id='par_1_20' title="bbox 2089 541 3694 610">
     <span class='ocr_line' id='line_1_20' title="bbox 2089 541 3694 610; baseline 0.001 -17"><span class='ocrx_word' id='word_1_134' title='bbox 2089 541 2214 610; x_wconf 91' lang='lat' dir='ltr'><strong>pnlo</strong></span> <span class='ocrx_word' id='word_1_135' title='bbox 2239 551 2394 595; x_wconf 66' lang='lat' dir='ltr'><strong>terra:</strong></span> <span class='ocrx_word' id='word_1_136' title='bbox 2428 560 2440 594; x_wconf 89' lang='lat'><strong>:</strong></span> <span class='ocrx_word' id='word_1_137' title='bbox 2465 550 2521 594; x_wconf 88' lang='lat' dir='ltr'><strong>et</strong></span> <span class='ocrx_word' id='word_1_138' title='bbox 2543 541 2782 610; x_wconf 89' lang='lat' dir='ltr'><strong>disrupta</strong></span> <span class='ocrx_word' id='word_1_139' title='bbox 2802 551 2884 596; x_wconf 92' lang='lat' dir='ltr'><strong>est</strong></span> <span class='ocrx_word' id='word_1_140' title='bbox 2906 541 3114 604; x_wconf 82' lang='lat' dir='ltr'><strong>civitas,</strong></span> <span class='ocrx_word' id='word_1_141' title='bbox 3144 550 3199 594; x_wconf 89' lang='lat' dir='ltr'><strong>et</strong></span> <span class='ocrx_word' id='word_1_142' title='bbox 3223 557 3412 596; x_wconf 87' lang='lat' dir='ltr'><strong>omnes</strong></span> <span class='ocrx_word' id='word_1_143' title='bbox 3439 543 3544 596; x_wconf 83' lang='lat' dir='ltr'><strong>viri</strong></span> <span class='ocrx_word' id='word_1_144' title='bbox 3568 543 3694 596; x_wconf 61' lang='lat' dir='ltr'><strong>lueis</strong></span> 
     </span>
    </p>
   </div>
   <div class='ocr_carea' id='block_1_21' title="bbox 2089 630 3681 702">
    <p class='ocr_par' dir='ltr' id='par_1_21' title="bbox 2089 630 3681 702">
     <span class='ocr_line' id='line_1_21' title="bbox 2089 630 3681 702; baseline 0.002 -18"><span class='ocrx_word' id='word_1_145' title='bbox 2089 631 2286 686; x_wconf 87' lang='lat' dir='ltr'><strong>latores</strong></span> <span class='ocrx_word' id='word_1_146' title='bbox 2309 631 2425 701; x_wconf 87' lang='lat' dir='ltr'><strong>ejus</strong></span> <span class='ocrx_word' id='word_1_147' title='bbox 2453 630 2720 702; x_wconf 86' lang='lat' dir='ltr'><strong>fugerunt,</strong></span> <span class='ocrx_word' id='word_1_148' title='bbox 2753 640 2806 684; x_wconf 89' lang='lat' dir='ltr'><strong>et</strong></span> <span class='ocrx_word' id='word_1_149' title='bbox 2828 633 3074 686; x_wconf 80' lang='lat' dir='ltr'><strong>exierunt</strong></span> <span class='ocrx_word' id='word_1_150' title='bbox 3112 632 3178 686; x_wconf 88' lang='lat' dir='ltr'><strong>de</strong></span> <span class='ocrx_word' id='word_1_151' title='bbox 3223 633 3440 687; x_wconf 80' lang='lat' dir='ltr'><strong>civitate</strong></span> <span class='ocrx_word' id='word_1_152' title='bbox 3489 645 3681 694; x_wconf 76' lang='lat' dir='ltr'><strong>nocte,</strong></span> 
     </span>
    </p>
   </div>
   <div class='ocr_carea' id='block_1_22' title="bbox 2085 722 3688 795">
    <p class='ocr_par' dir='ltr' id='par_1_22' title="bbox 2085 722 3688 795">
     <span class='ocr_line' id='line_1_22' title="bbox 2085 722 3688 795; baseline 0.001 -19"><span class='ocrx_word' id='word_1_153' title='bbox 2085 737 2183 795; x_wconf 88' lang='lat' dir='ltr'><strong>per</strong></span> <span class='ocrx_word' id='word_1_154' title='bbox 2201 722 2341 777; x_wconf 88' lang='lat' dir='ltr'><strong>viam</strong></span> <span class='ocrx_word' id='word_1_155' title='bbox 2372 731 2558 792; x_wconf 63' lang='lat' dir='ltr'><strong>portae,</strong></span> <span class='ocrx_word' id='word_1_156' title='bbox 2586 737 2706 794; x_wconf 61' lang='lat' dir='ltr'><strong>quae</strong></span> <span class='ocrx_word' id='word_1_157' title='bbox 2725 730 2808 776; x_wconf 85' lang='lat' dir='ltr'><strong>est</strong></span> <span class='ocrx_word' id='word_1_158' title='bbox 2835 722 2976 776; x_wconf 90' lang='lat' dir='ltr'><strong>inter</strong></span> <span class='ocrx_word' id='word_1_159' title='bbox 3003 723 3138 776; x_wconf 92' lang='lat' dir='ltr'><strong>duos</strong></span> <span class='ocrx_word' id='word_1_160' title='bbox 3166 736 3367 787; x_wconf 86' lang='lat' dir='ltr'><strong>muros,</strong></span> <span class='ocrx_word' id='word_1_161' title='bbox 3419 731 3477 778; x_wconf 88' lang='lat' dir='ltr'><strong>et</strong></span> <span class='ocrx_word' id='word_1_162' title='bbox 3523 723 3688 778; x_wconf 86' lang='lat' dir='ltr'><strong>ducit</strong></span> 
     </span>
    </p>
   </div>
   <div class='ocr_carea' id='block_1_23' title="bbox 2087 811 3690 884">
    <p class='ocr_par' dir='ltr' id='par_1_23' title="bbox 2087 811 3690 884">
     <span class='ocr_line' id='line_1_23' title="bbox 2087 811 3690 884; baseline 0.001 -17"><span class='ocrx_word' id='word_1_163' title='bbox 2087 813 2154 867; x_wconf 90' lang='lat' dir='ltr'><strong>ad</strong></span> <span class='ocrx_word' id='word_1_164' title='bbox 2201 814 2415 868; x_wconf 91' lang='lat' dir='ltr'><strong>hortum</strong></span> <span class='ocrx_word' id='word_1_165' title='bbox 2463 814 2627 884; x_wconf 83' lang='lat' dir='ltr'><strong>regis,</strong></span> <span class='ocrx_word' id='word_1_166' title='bbox 2673 811 2938 868; x_wconf 64' lang='lat' dir='ltr'><strong>Chaldaeis</strong></span> <span class='ocrx_word' id='word_1_167' title='bbox 2971 814 3342 868; x_wconf 87' lang='lat' dir='ltr'><strong>obsidentibus</strong></span> <span class='ocrx_word' id='word_1_168' title='bbox 3379 815 3567 868; x_wconf 83' lang='lat' dir='ltr'><strong>urbem</strong></span> <span class='ocrx_word' id='word_1_169' title='bbox 3622 815 3690 869; x_wconf 80' lang='lat' dir='ltr'><strong>in</strong></span> 
     </span>
    </p>
   </div>
   <div class='ocr_carea' id='block_1_24' title="bbox 2085 903 3680 976">
    <p class='ocr_par' dir='ltr' id='par_1_24' title="bbox 2085 903 3680 976">
     <span class='ocr_line' id='line_1_24' title="bbox 2085 903 3680 976; baseline -0.001 -18"><span class='ocrx_word' id='word_1_170' title='bbox 2085 920 2235 976; x_wconf 80' lang='lat' dir='ltr'><strong>gyro,</strong></span> <span class='ocrx_word' id='word_1_171' title='bbox 2261 913 2316 958; x_wconf 90' lang='lat' dir='ltr'><strong>et</strong></span> <span class='ocrx_word' id='word_1_172' title='bbox 2345 906 2591 958; x_wconf 89' lang='lat' dir='ltr'><strong>abierunt</strong></span> <span class='ocrx_word' id='word_1_173' title='bbox 2617 920 2715 974; x_wconf 89' lang='lat' dir='ltr'><strong>per</strong></span> <span class='ocrx_word' id='word_1_174' title='bbox 2737 905 2898 969; x_wconf 90' lang='lat' dir='ltr'><strong>viam,</strong></span> <span class='ocrx_word' id='word_1_175' title='bbox 2923 920 3041 974; x_wconf 76' lang='lat' dir='ltr'><strong>qua:</strong></span> <span class='ocrx_word' id='word_1_176' title='bbox 3069 903 3218 960; x_wconf 86' lang='lat' dir='ltr'><strong>ducit</strong></span> <span class='ocrx_word' id='word_1_177' title='bbox 3242 905 3294 960; x_wconf 82' lang='lat' dir='ltr'><strong>in</strong></span> <span class='ocrx_word' id='word_1_178' title='bbox 3340 920 3613 960; x_wconf 87' lang='lat' dir='ltr'><strong>eremum.</strong></span> <span class='ocrx_word' id='word_1_179' title='bbox 3654 924 3680 956; x_wconf 81' lang='grc' dir='ltr'><strong>ι</strong></span> 
     </span>
    </p>
   </div>
   <div class='ocr_carea' id='block_1_25' title="bbox 2086 993 3689 1064">
    <p class='ocr_par' dir='ltr' id='par_1_25' title="bbox 2086 993 3689 1064">
     <span class='ocr_line' id='line_1_25' title="bbox 2086 993 3689 1064; baseline 0 -18"><span class='ocrx_word' id='word_1_180' title='bbox 2086 993 2705 1054; x_wconf 80' lang='lat' dir='ltr'><strong>Novenariusnumcrus.</strong></span> <span class='ocrx_word' id='word_1_181' title='bbox 2723 995 2813 1063; x_wconf 91' lang='lat' dir='ltr'><strong>qui</strong></span> <span class='ocrx_word' id='word_1_182' title='bbox 2837 993 3014 1050; x_wconf 81' lang='lat' dir='ltr'><strong>minus</strong></span> <span class='ocrx_word' id='word_1_183' title='bbox 3037 993 3195 1048; x_wconf 87' lang='lat' dir='ltr'><strong>habet</strong></span> <span class='ocrx_word' id='word_1_184' title='bbox 3217 995 3461 1058; x_wconf 83' lang='lat' dir='ltr'><strong>denario,</strong></span> <span class='ocrx_word' id='word_1_185' title='bbox 3478 993 3689 1064; x_wconf 83' lang='lat' dir='ltr'><strong>imper-</strong></span> 
     </span>
    </p>
   </div>
   <div class='ocr_carea' id='block_1_26' title="bbox 2085 1082 3694 1154">
    <p class='ocr_par' dir='ltr' id='par_1_26' title="bbox 2085 1082 3694 1154">
     <span class='ocr_line' id='line_1_26' title="bbox 2085 1082 3694 1154; baseline -0.001 -15"><span class='ocrx_word' id='word_1_186' title='bbox 2085 1083 2371 1139; x_wconf 84' lang='lat' dir='ltr'><strong>fectionem</strong></span> <span class='ocrx_word' id='word_1_187' title='bbox 2395 1084 2528 1154; x_wconf 80' lang='lat' dir='ltr'><strong>legis</strong></span> <span class='ocrx_word' id='word_1_188' title='bbox 2549 1082 2834 1154; x_wconf 81' lang='lat' dir='ltr'><strong>significat,</strong></span> <span class='ocrx_word' id='word_1_189' title='bbox 2863 1085 3003 1140; x_wconf 84' lang='lat' dir='ltr'><strong>sicut</strong></span> <span class='ocrx_word' id='word_1_190' title='bbox 3023 1083 3351 1138; x_wconf 88' lang='lat' dir='ltr'><strong>undenarius</strong></span> <span class='ocrx_word' id='word_1_191' title='bbox 3375 1093 3694 1154; x_wconf 72' lang='lat' dir='ltr'><strong>transgres~</strong></span> 
     </span>
    </p>
   </div>
   <div class='ocr_carea' id='block_1_27' title="bbox 2084 1174 3690 1248">
    <p class='ocr_par' dir='ltr' id='par_1_27' title="bbox 2084 1174 3690 1248">
     <span class='ocr_line' id='line_1_27' title="bbox 2084 1174 3690 1248; baseline -0.001 -16"><span class='ocrx_word' id='word_1_192' title='bbox 2084 1177 2312 1232; x_wconf 90' lang='lat' dir='ltr'><strong>sionem.</strong></span> <span class='ocrx_word' id='word_1_193' title='bbox 2350 1176 2416 1232; x_wconf 88' lang='lat' dir='ltr'><strong>Et</strong></span> <span class='ocrx_word' id='word_1_194' title='bbox 2438 1188 2581 1231; x_wconf 86' lang='lat' dir='ltr'><strong>recte</strong></span> <span class='ocrx_word' id='word_1_195' title='bbox 2602 1175 2803 1229; x_wconf 90' lang='lat' dir='ltr'><strong>dictum</strong></span> <span class='ocrx_word' id='word_1_196' title='bbox 2843 1184 2946 1239; x_wconf 90' lang='lat' dir='ltr'><strong>est,</strong></span> <span class='ocrx_word' id='word_1_197' title='bbox 2990 1175 3132 1248; x_wconf 91' lang='lat' dir='ltr'><strong>quod</strong></span> <span class='ocrx_word' id='word_1_198' title='bbox 3177 1174 3690 1230; x_wconf 76' lang='lat' dir='ltr'><strong>Nabuchodomsor</strong></span> 
     </span>
    </p>
   </div>
   <div class='ocr_carea' id='block_1_28' title="bbox 2083 1265 3690 1330">
    <p class='ocr_par' dir='ltr' id='par_1_28' title="bbox 2083 1265 3690 1330">
     <span class='ocr_line' id='line_1_28' title="bbox 2083 1265 3690 1330; baseline -0.003 -5"><span class='ocrx_word' id='word_1_199' title='bbox 2083 1269 2140 1325; x_wconf 89' lang='lat' dir='ltr'><strong>in</strong></span> <span class='ocrx_word' id='word_1_200' title='bbox 2162 1282 2305 1322; x_wconf 90' lang='lat' dir='ltr'><strong>nono</strong></span> <span class='ocrx_word' id='word_1_201' title='bbox 2333 1283 2474 1320; x_wconf 90' lang='lat' dir='ltr'><strong>anno</strong></span> <span class='ocrx_word' id='word_1_202' title='bbox 2501 1265 2776 1322; x_wconf 73' lang='lat' dir='ltr'><strong>Sedccltize</strong></span> <span class='ocrx_word' id='word_1_203' title='bbox 2819 1267 3094 1322; x_wconf 88' lang='lat' dir='ltr'><strong>obsederit</strong></span> <span class='ocrx_word' id='word_1_204' title='bbox 3137 1266 3430 1330; x_wconf 86' lang='lat' dir='ltr'><strong>civitatem,</strong></span> <span class='ocrx_word' id='word_1_205' title='bbox 3486 1281 3690 1320; x_wconf 86' lang='lat' dir='ltr'><strong>mense</strong></span> 
     </span>
    </p>
   </div>
   <div class='ocr_carea' id='block_1_29' title="bbox 2083 1355 3686 1426">
    <p class='ocr_par' dir='ltr' id='par_1_29' title="bbox 2083 1355 3686 1426">
     <span class='ocr_line' id='line_1_29' title="bbox 2083 1355 3686 1426; baseline -0.003 -13"><span class='ocrx_word' id='word_1_206' title='bbox 2083 1357 2310 1418; x_wconf 87' lang='lat' dir='ltr'><strong>decimo.</strong></span> <span class='ocrx_word' id='word_1_207' title='bbox 2343 1366 2398 1410; x_wconf 91' lang='lat' dir='ltr'><strong>et</strong></span> <span class='ocrx_word' id='word_1_208' title='bbox 2426 1357 2634 1412; x_wconf 90' lang='lat' dir='ltr'><strong>decima</strong></span> <span class='ocrx_word' id='word_1_209' title='bbox 2659 1357 2744 1410; x_wconf 89' lang='lat' dir='ltr'><strong>die</strong></span> <span class='ocrx_word' id='word_1_210' title='bbox 2765 1356 2982 1420; x_wconf 88' lang='lat' dir='ltr'><strong>mensis,</strong></span> <span class='ocrx_word' id='word_1_211' title='bbox 3007 1356 3133 1425; x_wconf 88' lang='lat' dir='ltr'><strong>quia</strong></span> <span class='ocrx_word' id='word_1_212' title='bbox 3163 1371 3286 1412; x_wconf 92' lang='lat' dir='ltr'><strong>cum</strong></span> <span class='ocrx_word' id='word_1_213' title='bbox 3328 1355 3450 1412; x_wconf 86' lang='lat' dir='ltr'><strong>mali</strong></span> <span class='ocrx_word' id='word_1_214' title='bbox 3480 1365 3686 1426; x_wconf 87' lang='lat' dir='ltr'><strong>pasto-</strong></span> 
     </span>
    </p>
   </div>
   <div class='ocr_carea' id='block_1_30' title="bbox 2083 1445 3690 1518">
    <p class='ocr_par' dir='ltr' id='par_1_30' title="bbox 2083 1445 3690 1518">
     <span class='ocr_line' id='line_1_30' title="bbox 2083 1445 3690 1518; baseline 0 -19"><span class='ocrx_word' id='word_1_215' title='bbox 2083 1461 2172 1502; x_wconf 88' lang='lat' dir='ltr'><strong>res</strong></span> <span class='ocrx_word' id='word_1_216' title='bbox 2201 1446 2437 1518; x_wconf 86' lang='lat' dir='ltr'><strong>decalogi</strong></span> <span class='ocrx_word' id='word_1_217' title='bbox 2472 1445 2744 1511; x_wconf 88' lang='lat' dir='ltr'><strong>mandata,</strong></span> <span class='ocrx_word' id='word_1_218' title='bbox 2772 1461 2891 1515; x_wconf 79' lang='lat' dir='ltr'><strong>quze</strong></span> <span class='ocrx_word' id='word_1_219' title='bbox 2921 1446 3202 1500; x_wconf 89' lang='lat' dir='ltr'><strong>scientiam</strong></span> <span class='ocrx_word' id='word_1_220' title='bbox 3245 1453 3447 1508; x_wconf 90' lang='lat' dir='ltr'><strong>tenent,</strong></span> <span class='ocrx_word' id='word_1_221' title='bbox 3505 1460 3690 1514; x_wconf 76' lang='lat' dir='ltr'><strong>opera</strong></span> 
     </span>
    </p>
   </div>
   <div class='ocr_carea' id='block_1_31' title="bbox 2082 1533 3683 1605">
    <p class='ocr_par' dir='ltr' id='par_1_31' title="bbox 2082 1533 3683 1605">
     <span class='ocr_line' id='line_1_31' title="bbox 2082 1533 3683 1605; baseline -0.002 -15"><span class='ocrx_word' id='word_1_222' title='bbox 2082 1544 2137 1590; x_wconf 90' lang='lat' dir='ltr'><strong>et</strong></span> <span class='ocrx_word' id='word_1_223' title='bbox 2167 1535 2408 1590; x_wconf 87' lang='lat' dir='ltr'><strong>doctrina</strong></span> <span class='ocrx_word' id='word_1_224' title='bbox 2445 1534 2707 1604; x_wconf 85' lang='lat' dir='ltr'><strong>perficere</strong></span> <span class='ocrx_word' id='word_1_225' title='bbox 2733 1534 3028 1605; x_wconf 82' lang='lat' dir='ltr'><strong>negligant,</strong></span> <span class='ocrx_word' id='word_1_226' title='bbox 3051 1549 3276 1589; x_wconf 88' lang='lat' dir='ltr'><strong>necesse</strong></span> <span class='ocrx_word' id='word_1_227' title='bbox 3297 1541 3398 1598; x_wconf 87' lang='lat' dir='ltr'><strong>est,</strong></span> <span class='ocrx_word' id='word_1_228' title='bbox 3445 1542 3509 1588; x_wconf 92' lang='lat' dir='ltr'><strong>ut</strong></span> <span class='ocrx_word' id='word_1_229' title='bbox 3557 1533 3683 1604; x_wconf 86' lang='lat' dir='ltr'><strong>ple-</strong></span> 
     </span>
    </p>
   </div>
   <div class='ocr_carea' id='block_1_32' title="bbox 2083 1626 3683 1697">
    <p class='ocr_par' dir='ltr' id='par_1_32' title="bbox 2083 1626 3683 1697">
     <span class='ocr_line' id='line_1_32' title="bbox 2083 1626 3683 1697; baseline -0.002 -14"><span class='ocrx_word' id='word_1_230' title='bbox 2083 1629 2205 1683; x_wconf 78' lang='lat' dir='ltr'><strong>bem</strong></span> <span class='ocrx_word' id='word_1_231' title='bbox 2230 1626 2330 1682; x_wconf 89' lang='lat' dir='ltr'><strong>sibi</strong></span> <span class='ocrx_word' id='word_1_232' title='bbox 2355 1627 2697 1682; x_wconf 86' lang='lat' dir='ltr'><strong>commissam</strong></span> <span class='ocrx_word' id='word_1_233' title='bbox 2735 1627 2988 1697; x_wconf 83' lang='lat' dir='ltr'><strong>antiquus</strong></span> <span class='ocrx_word' id='word_1_234' title='bbox 3012 1626 3184 1681; x_wconf 89' lang='lat' dir='ltr'><strong>hostis</strong></span> <span class='ocrx_word' id='word_1_235' title='bbox 3212 1641 3334 1680; x_wconf 90' lang='lat' dir='ltr'><strong>cum</strong></span> <span class='ocrx_word' id='word_1_236' title='bbox 3376 1641 3470 1680; x_wconf 90' lang='lat' dir='ltr'><strong>suo</strong></span> <span class='ocrx_word' id='word_1_237' title='bbox 3514 1640 3683 1680; x_wconf 75' lang='lat' dir='ltr'><strong>exer-</strong></span> 
     </span>
    </p>
   </div>
   <div class='ocr_carea' id='block_1_33' title="bbox 2084 1716 3684 1783">
    <p class='ocr_par' dir='ltr' id='par_1_33' title="bbox 2084 1716 3684 1783">
     <span class='ocr_line' id='line_1_33' title="bbox 2084 1716 3684 1783; baseline -0.003 -9"><span class='ocrx_word' id='word_1_238' title='bbox 2084 1719 2194 1774; x_wconf 89' lang='lat' dir='ltr'><strong>citu</strong></span> <span class='ocrx_word' id='word_1_239' title='bbox 2239 1718 2516 1776; x_wconf 88' lang='lat' dir='ltr'><strong>obsidione</strong></span> <span class='ocrx_word' id='word_1_240' title='bbox 2540 1718 2860 1783; x_wconf 89' lang='lat' dir='ltr'><strong>circumdet,</strong></span> <span class='ocrx_word' id='word_1_241' title='bbox 2879 1725 2936 1772; x_wconf 89' lang='lat' dir='ltr'><strong>et</strong></span> <span class='ocrx_word' id='word_1_242' title='bbox 2961 1717 3259 1771; x_wconf 88' lang='lat' dir='ltr'><strong>munitione</strong></span> <span class='ocrx_word' id='word_1_243' title='bbox 3299 1716 3555 1770; x_wconf 88' lang='lat' dir='ltr'><strong>vitiorum</strong></span> <span class='ocrx_word' id='word_1_244' title='bbox 3590 1725 3684 1770; x_wconf 86' lang='lat' dir='ltr'><strong>at-</strong></span> 
     </span>
    </p>
   </div>
   <div class='ocr_carea' id='block_1_34' title="bbox 406 1803 3678 1882">
    <p class='ocr_par' dir='ltr' id='par_1_34' title="bbox 406 1803 3678 1882">
     <span class='ocr_line' id='line_1_34' title="bbox 406 1803 3678 1882; baseline -0.001 -18"><span class='ocrx_word' id='word_1_245' title='bbox 406 1809 560 1874; x_wconf 87' lang='lat' dir='ltr'><strong>tiuin,</strong></span> <span class='ocrx_word' id='word_1_246' title='bbox 585 1816 642 1863; x_wconf 90' lang='lat' dir='ltr'><strong>et</strong></span> <span class='ocrx_word' id='word_1_247' title='bbox 666 1808 790 1863; x_wconf 90' lang='lat' dir='ltr'><strong>tuba</strong></span> <span class='ocrx_word' id='word_1_248' title='bbox 820 1822 924 1862; x_wconf 91' lang='lat' dir='ltr'><strong>non</strong></span> <span class='ocrx_word' id='word_1_249' title='bbox 957 1805 1205 1860; x_wconf 84' lang='lat' dir='ltr'><strong>audietur</strong></span> <span class='ocrx_word' id='word_1_250' title='bbox 1226 1805 1280 1858; x_wconf 90' lang='lat' dir='ltr'><strong>in</strong></span> <span class='ocrx_word' id='word_1_251' title='bbox 1311 1819 1372 1859; x_wconf 89' lang='lat' dir='ltr'><strong>ea</strong></span> <span class='ocrx_word' id='word_1_252' title='bbox 1401 1803 1651 1874; x_wconf 86' lang='lat' dir='ltr'><strong>amplius.</strong></span> <span class='ocrx_word' id='word_1_253' title='bbox 1683 1823 1701 1856; x_wconf 77' lang='grc' dir='ltr'><strong><em>ι</em></strong></span> <span class='ocrx_word' id='word_1_254' title='bbox 1750 1804 1826 1858; x_wconf 92' lang='lat' dir='ltr'><strong>De</strong></span> <span class='ocrx_word' id='word_1_255' title='bbox 1879 1803 1984 1859; x_wconf 88' lang='lat' dir='ltr'><strong>illis</strong></span> <span class='ocrx_word' id='word_1_256' title='bbox 2015 1819 2058 1878; x_wconf 78' lang='grc' dir='ltr'>Β</span> <span class='ocrx_word' id='word_1_257' title='bbox 2085 1827 2189 1882; x_wconf 81' lang='lat' dir='ltr'><strong>que</strong></span> <span class='ocrx_word' id='word_1_258' title='bbox 2215 1811 2418 1868; x_wconf 71' lang='lat' dir='ltr'><strong>erroris</strong></span> <span class='ocrx_word' id='word_1_259' title='bbox 2446 1817 2772 1874; x_wconf 85' lang='lat' dir='ltr'><strong>constructa,</strong></span> <span class='ocrx_word' id='word_1_260' title='bbox 2824 1809 3038 1864; x_wconf 83' lang='lat' dir='ltr'><strong>claudat</strong></span> <span class='ocrx_word' id='word_1_261' title='bbox 3081 1808 3330 1863; x_wconf 84' lang='lat' dir='ltr'><strong>vallando</strong></span> <span class='ocrx_word' id='word_1_262' title='bbox 3373 1808 3678 1867; x_wconf 79' lang='lat' dir='ltr'><strong>civitatem.</strong></span> 
     </span>
    </p>
   </div>
   <div class='ocr_carea' id='block_1_35' title="bbox 403 1896 1986 1974">
    <p class='ocr_par' dir='ltr' id='par_1_35' title="bbox 403 1896 1986 1974">
     <span class='ocr_line' id='line_1_35' title="bbox 403 1896 1986 1974; baseline -0.006 -17"><span class='ocrx_word' id='word_1_263' title='bbox 403 1903 641 1974; x_wconf 89' lang='lat' dir='ltr'><strong>quinque</strong></span> <span class='ocrx_word' id='word_1_264' title='bbox 666 1900 914 1957; x_wconf 87' lang='lat' dir='ltr'><strong>sensibus</strong></span> <span class='ocrx_word' id='word_1_265' title='bbox 936 1913 1128 1954; x_wconf 91' lang='lat' dir='ltr'><strong>sonum</strong></span> <span class='ocrx_word' id='word_1_266' title='bbox 1153 1897 1453 1960; x_wconf 86' lang='lat' dir='ltr'><strong>distulerat,</strong></span> <span class='ocrx_word' id='word_1_267' title='bbox 1480 1910 1640 1969; x_wconf 89' lang='lat' dir='ltr'><strong>quem</strong></span> <span class='ocrx_word' id='word_1_268' title='bbox 1667 1911 1812 1950; x_wconf 91' lang='lat' dir='ltr'><strong>nunc</strong></span> <span class='ocrx_word' id='word_1_269' title='bbox 1843 1896 1986 1950; x_wconf 88' lang='lat' dir='ltr'><strong>inter</strong></span> 
     </span>
    </p>
   </div>
   <div class='ocr_carea' id='block_1_36' title="bbox 329 1987 1986 2072">
    <p class='ocr_par' dir='ltr' id='par_1_36' title="bbox 329 1987 1986 2072">
     <span class='ocr_line' id='line_1_36' title="bbox 329 1987 1986 2072; baseline -0.004 -23"><span class='ocrx_word' id='word_1_270' title='bbox 329 2065 336 2072; x_wconf 21' lang='grc' dir='ltr'><strong><em>θ</em></strong></span> <span class='ocrx_word' id='word_1_271' title='bbox 403 1994 508 2049; x_wconf 86' lang='lat' dir='ltr'><strong>alia</strong></span> <span class='ocrx_word' id='word_1_272' title='bbox 529 1993 592 2048; x_wconf 88' lang='lat' dir='ltr'><strong>de</strong></span> <span class='ocrx_word' id='word_1_273' title='bbox 623 1991 820 2046; x_wconf 90' lang='lat' dir='ltr'><strong>mundo</strong></span> <span class='ocrx_word' id='word_1_274' title='bbox 847 1989 975 2046; x_wconf 89' lang='lat' dir='ltr'><strong>dicit</strong></span> <span class='ocrx_word' id='word_1_275' title='bbox 1000 1988 1200 2044; x_wconf 89' lang='lat' dir='ltr'><strong>auferri</strong></span> <span class='ocrx_word' id='word_1_276' title='bbox 1230 2002 1245 2045; x_wconf 84' lang='lat'><strong>:</strong></span> <span class='ocrx_word' id='word_1_277' title='bbox 1275 2003 1339 2043; x_wconf 91' lang='lat' dir='ltr'><strong>ac</strong></span> <span class='ocrx_word' id='word_1_278' title='bbox 1363 1988 1412 2046; x_wconf 87' lang='lat' dir='ltr'><strong>si</strong></span> <span class='ocrx_word' id='word_1_279' title='bbox 1445 1988 1670 2053; x_wconf 86' lang='lat' dir='ltr'><strong>diceret,</strong></span> <span class='ocrx_word' id='word_1_280' title='bbox 1701 1987 1842 2058; x_wconf 83' lang='lat' dir='ltr'><strong>quod</strong></span> <span class='ocrx_word' id='word_1_281' title='bbox 1869 1987 1986 2043; x_wconf 86' lang='lat' dir='ltr'><strong>visu</strong></span> 
     </span>
    </p>
   </div>
   <div class='ocr_carea' id='block_1_37' title="bbox 329 2074 1986 2153">
    <p class='ocr_par' dir='ltr' id='par_1_37' title="bbox 329 2074 1986 2153">
     <span class='ocr_line' id='line_1_37' title="bbox 329 2074 1986 2153; baseline -0.005 -16"><span class='ocrx_word' id='word_1_282' title='bbox 329 2089 334 2094; x_wconf 80' lang='grc'><strong>’</strong></span> <span class='ocrx_word' id='word_1_283' title='bbox 403 2079 921 2152; x_wconf 78' lang='lat' dir='ltr'><strong>pulchrum,auditu</strong></span> <span class='ocrx_word' id='word_1_284' title='bbox 944 2092 1225 2142; x_wconf 87' lang='lat' dir='ltr'><strong>canorum,</strong></span> <span class='ocrx_word' id='word_1_285' title='bbox 1280 2084 1431 2153; x_wconf 30' lang='lat' dir='ltr'><strong>tactu.</strong></span> <span class='ocrx_word' id='word_1_286' title='bbox 1465 2075 1708 2146; x_wconf 90' lang='lat' dir='ltr'><strong>planum,</strong></span> <span class='ocrx_word' id='word_1_287' title='bbox 1760 2074 1986 2130; x_wconf 87' lang='lat' dir='ltr'><strong>odoratu</strong></span> 
     </span>
    </p>
   </div>
   <div class='ocr_carea' id='block_1_38' title="bbox 401 2166 1982 2250">
    <p class='ocr_par' dir='ltr' id='par_1_38' title="bbox 401 2166 1982 2250">
     <span class='ocr_line' id='line_1_38' title="bbox 401 2166 1982 2250; baseline -0.007 -20"><span class='ocrx_word' id='word_1_288' title='bbox 401 2175 584 2238; x_wconf 76' lang='lat' dir='ltr'><strong>suave,</strong></span> <span class='ocrx_word' id='word_1_289' title='bbox 616 2167 1136 2250; x_wconf 72' lang='lat' dir='ltr'><strong>gustudelectabile,</strong></span> <span class='ocrx_word' id='word_1_290' title='bbox 1177 2168 1244 2222; x_wconf 89' lang='lat' dir='ltr'><strong>de</strong></span> <span class='ocrx_word' id='word_1_291' title='bbox 1267 2166 1462 2222; x_wconf 65' lang='lat' dir='ltr'><strong>saeculo</strong></span> <span class='ocrx_word' id='word_1_292' title='bbox 1512 2167 1830 2224; x_wconf 86' lang='lat' dir='ltr'><strong>translatum</strong></span> <span class='ocrx_word' id='word_1_293' title='bbox 1879 2175 1982 2222; x_wconf 90' lang='lat' dir='ltr'><strong>est.</strong></span> 
     </span>
    </p>
   </div>
   <div class='ocr_carea' id='block_1_39' title="bbox 403 2259 1987 2336">
    <p class='ocr_par' dir='ltr' id='par_1_39' title="bbox 403 2259 1987 2336">
     <span class='ocr_line' id='line_1_39' title="bbox 403 2259 1987 2336; baseline -0.005 -15"><span class='ocrx_word' id='word_1_294' title='bbox 403 2264 594 2331; x_wconf 83' lang='lat' dir='ltr'><strong>Omnia</strong></span> <span class='ocrx_word' id='word_1_295' title='bbox 619 2275 832 2336; x_wconf 87' lang='lat' dir='ltr'><strong>quoque</strong></span> <span class='ocrx_word' id='word_1_296' title='bbox 853 2278 973 2333; x_wconf 78' lang='lat' dir='ltr'><strong>qua:</strong></span> <span class='ocrx_word' id='word_1_297' title='bbox 1003 2261 1070 2316; x_wconf 90' lang='lat' dir='ltr'><strong>ad</strong></span> <span class='ocrx_word' id='word_1_298' title='bbox 1101 2275 1278 2326; x_wconf 92' lang='lat' dir='ltr'><strong>usum,</strong></span> <span class='ocrx_word' id='word_1_299' title='bbox 1315 2260 1398 2314; x_wconf 91' lang='lat' dir='ltr'><strong>vel</strong></span> <span class='ocrx_word' id='word_1_300' title='bbox 1445 2259 1836 2329; x_wconf 86' lang='lat' dir='ltr'><strong>jucunditatem</strong></span> <span class='ocrx_word' id='word_1_301' title='bbox 1887 2259 1987 2313; x_wconf 92' lang='lat' dir='ltr'><strong>hu-</strong></span> 
     </span>
    </p>
   </div>
   <div class='ocr_carea' id='block_1_40' title="bbox 401 2352 1989 2428">
    <p class='ocr_par' dir='ltr' id='par_1_40' title="bbox 401 2352 1989 2428">
     <span class='ocr_line' id='line_1_40' title="bbox 401 2352 1989 2428; baseline -0.004 -16"><span class='ocrx_word' id='word_1_302' title='bbox 401 2373 575 2416; x_wconf 69' lang='lat' dir='ltr'><strong>manae</strong></span> <span class='ocrx_word' id='word_1_303' title='bbox 603 2357 724 2412; x_wconf 62' lang='lat' dir='ltr'><strong>vitae</strong></span> <span class='ocrx_word' id='word_1_304' title='bbox 751 2357 1043 2428; x_wconf 85' lang='lat' dir='ltr'><strong>pertinent,</strong></span> <span class='ocrx_word' id='word_1_305' title='bbox 1070 2355 1332 2410; x_wconf 85' lang='lat' dir='ltr'><strong>tolluntur</strong></span> <span class='ocrx_word' id='word_1_306' title='bbox 1356 2355 1424 2409; x_wconf 90' lang='lat' dir='ltr'><strong>ab</strong></span> <span class='ocrx_word' id='word_1_307' title='bbox 1446 2353 1642 2425; x_wconf 90' lang='lat' dir='ltr'><strong>impiis.</strong></span> <span class='ocrx_word' id='word_1_308' title='bbox 1685 2353 1750 2408; x_wconf 80' lang='lat' dir='ltr'><strong>Et</strong></span> <span class='ocrx_word' id='word_1_309' title='bbox 1791 2352 1989 2422; x_wconf 83' lang='lat' dir='ltr'><strong>adjecit</strong></span> 
     </span>
    </p>
   </div>
   <div class='ocr_carea' id='block_1_41' title="bbox 405 2447 1988 2516">
    <p class='ocr_par' dir='ltr' id='par_1_41' title="bbox 405 2447 1988 2516">
     <span class='ocr_line' id='line_1_41' title="bbox 405 2447 1988 2516; baseline -0.004 -12"><span class='ocrx_word' id='word_1_310' title='bbox 405 2466 647 2516; x_wconf 86' lang='lat' dir='ltr'><strong>causam,</strong></span> <span class='ocrx_word' id='word_1_311' title='bbox 691 2451 916 2506; x_wconf 90' lang='lat' dir='ltr'><strong>dicens:</strong></span> <span class='ocrx_word' id='word_1_312' title='bbox 961 2468 979 2500; x_wconf 78' lang='grc' dir='ltr'>ι</span> <span class='ocrx_word' id='word_1_313' title='bbox 1011 2449 1272 2516; x_wconf 84' lang='lat' dir='ltr'><strong>Quoniam</strong></span> <span class='ocrx_word' id='word_1_314' title='bbox 1328 2457 1660 2504; x_wconf 85' lang='lat' dir='ltr'><strong>mercatores</strong></span> <span class='ocrx_word' id='word_1_315' title='bbox 1707 2447 1784 2500; x_wconf 90' lang='lat' dir='ltr'><strong>tui</strong></span> <span class='ocrx_word' id='word_1_316' title='bbox 1833 2453 1988 2500; x_wconf 89' lang='lat' dir='ltr'><strong>erant</strong></span> 
     </span>
    </p>
   </div>
   <div class='ocr_carea' id='block_1_42' title="bbox 399 2536 1989 2613">
    <p class='ocr_par' dir='ltr' id='par_1_42' title="bbox 399 2536 1989 2613">
     <span class='ocr_line' id='line_1_42' title="bbox 399 2536 1989 2613; baseline -0.006 -16"><span class='ocrx_word' id='word_1_317' title='bbox 399 2543 672 2613; x_wconf 74' lang='lat' dir='ltr'><strong>principes</strong></span> <span class='ocrx_word' id='word_1_318' title='bbox 695 2548 876 2607; x_wconf 72' lang='lat' dir='ltr'><strong>terrm,</strong></span> <span class='ocrx_word' id='word_1_319' title='bbox 910 2560 928 2594; x_wconf 72' lang='grc' dir='ltr'><strong>ι</strong></span> <span class='ocrx_word' id='word_1_320' title='bbox 957 2541 1011 2596; x_wconf 92' lang='lat' dir='ltr'><strong>id</strong></span> <span class='ocrx_word' id='word_1_321' title='bbox 1051 2547 1153 2603; x_wconf 88' lang='lat' dir='ltr'><strong>est,</strong></span> <span class='ocrx_word' id='word_1_322' title='bbox 1185 2537 1439 2608; x_wconf 90' lang='lat' dir='ltr'><strong>quoniam</strong></span> <span class='ocrx_word' id='word_1_323' title='bbox 1478 2537 1529 2590; x_wconf 91' lang='lat' dir='ltr'><strong>in</strong></span> <span class='ocrx_word' id='word_1_324' title='bbox 1579 2536 1688 2590; x_wconf 89' lang='lat' dir='ltr'><strong>vita</strong></span> <span class='ocrx_word' id='word_1_325' title='bbox 1737 2546 1826 2590; x_wconf 90' lang='lat' dir='ltr'><strong>tua</strong></span> <span class='ocrx_word' id='word_1_326' title='bbox 1865 2549 1989 2605; x_wconf 84' lang='lat' dir='ltr'><strong>per—</strong></span> 
     </span>
    </p>
   </div>
   <div class='ocr_carea' id='block_1_43' title="bbox 399 2625 1987 2704">
    <p class='ocr_par' dir='ltr' id='par_1_43' title="bbox 399 2625 1987 2704">
     <span class='ocr_line' id='line_1_43' title="bbox 399 2625 1987 2704; baseline -0.007 -14"><span class='ocrx_word' id='word_1_327' title='bbox 399 2625 594 2704; x_wconf 75' lang='lat' dir='ltr'><strong>cepisti</strong></span> <span class='ocrx_word' id='word_1_328' title='bbox 617 2634 860 2698; x_wconf 88' lang='lat' dir='ltr'><strong>bona,.et</strong></span> <span class='ocrx_word' id='word_1_329' title='bbox 887 2633 942 2686; x_wconf 92' lang='lat' dir='ltr'><strong>in</strong></span> <span class='ocrx_word' id='word_1_330' title='bbox 977 2646 1039 2686; x_wconf 89' lang='lat' dir='ltr'><strong>ea</strong></span> <span class='ocrx_word' id='word_1_331' title='bbox 1075 2630 1292 2701; x_wconf 78' lang='lat' dir='ltr'><strong>sanguis</strong></span> <span class='ocrx_word' id='word_1_332' title='bbox 1329 2628 1713 2700; x_wconf 86' lang='lat' dir='ltr'><strong>prophetarum</strong></span> <span class='ocrx_word' id='word_1_333' title='bbox 1752 2635 1807 2681; x_wconf 90' lang='lat' dir='ltr'><strong>et</strong></span> <span class='ocrx_word' id='word_1_334' title='bbox 1857 2641 1987 2680; x_wconf 77' lang='lat' dir='ltr'><strong>san—</strong></span> 
     </span>
    </p>
   </div>
   <div class='ocr_carea' id='block_1_44' title="bbox 401 2707 1987 2789">
    <p class='ocr_par' dir='ltr' id='par_1_44' title="bbox 401 2707 1987 2789">
     <span class='ocr_line' id='line_1_44' title="bbox 401 2707 1987 2789; baseline -0.004 -9"><span class='ocrx_word' id='word_1_335' title='bbox 401 2732 614 2781; x_wconf 87' lang='lat' dir='ltr'><strong>ctorum</strong></span> <span class='ocrx_word' id='word_1_336' title='bbox 656 2722 974 2779; x_wconf 88' lang='lat' dir='ltr'><strong>interfectus</strong></span> <span class='ocrx_word' id='word_1_337' title='bbox 1005 2733 1110 2789; x_wconf 91' lang='lat' dir='ltr'><strong>est,</strong></span> <span class='ocrx_word' id='word_1_338' title='bbox 1163 2731 1219 2776; x_wconf 91' lang='lat' dir='ltr'><strong>et</strong></span> <span class='ocrx_word' id='word_1_339' title='bbox 1262 2707 1522 2785; x_wconf 85' lang='lat' dir='ltr'><strong>omnium,</strong></span> <span class='ocrx_word' id='word_1_340' title='bbox 1571 2720 1662 2789; x_wconf 91' lang='lat' dir='ltr'><strong>qui</strong></span> <span class='ocrx_word' id='word_1_341' title='bbox 1715 2719 1987 2774; x_wconf 83' lang='lat' dir='ltr'><strong>interfecti</strong></span> 
     </span>
    </p>
   </div>
   <div class='ocr_carea' id='block_1_45' title="bbox 401 2810 1988 2884">
    <p class='ocr_par' dir='ltr' id='par_1_45' title="bbox 401 2810 1988 2884">
     <span class='ocr_line' id='line_1_45' title="bbox 401 2810 1988 2884; baseline -0.006 -12"><span class='ocrx_word' id='word_1_342' title='bbox 401 2816 605 2872; x_wconf 88' lang='lat' dir='ltr'><strong>suntin</strong></span> <span class='ocrx_word' id='word_1_343' title='bbox 638 2824 804 2870; x_wconf 86' lang='lat' dir='ltr'><strong>terra.</strong></span> <span class='ocrx_word' id='word_1_344' title='bbox 861 2813 1109 2884; x_wconf 85' lang='lat' dir='ltr'><strong>Nunquid</strong></span> <span class='ocrx_word' id='word_1_345' title='bbox 1141 2813 1328 2878; x_wconf 85' lang='lat' dir='ltr'><strong>eadem</strong></span> <span class='ocrx_word' id='word_1_346' title='bbox 1367 2812 1558 2866; x_wconf 86' lang='lat' dir='ltr'><strong>civitas</strong></span> <span class='ocrx_word' id='word_1_347' title='bbox 1607 2810 1806 2866; x_wconf 87' lang='lat' dir='ltr'><strong>occidit</strong></span> <span class='ocrx_word' id='word_1_348' title='bbox 1857 2824 1988 2880; x_wconf 84' lang='lat' dir='ltr'><strong>apo-</strong></span> 
     </span>
    </p>
   </div>
   <div class='ocr_carea' id='block_1_46' title="bbox 402 2899 1988 2978">
    <p class='ocr_par' dir='ltr' id='par_1_46' title="bbox 402 2899 1988 2978">
     <span class='ocr_line' id='line_1_46' title="bbox 402 2899 1988 2978; baseline -0.004 -15"><span class='ocrx_word' id='word_1_349' title='bbox 402 2907 591 2976; x_wconf 89' lang='lat' dir='ltr'><strong>stolos,</strong></span> <span class='ocrx_word' id='word_1_350' title='bbox 628 2921 748 2978; x_wconf 80' lang='lat' dir='ltr'><strong>quae</strong></span> <span class='ocrx_word' id='word_1_351' title='bbox 767 2915 821 2962; x_wconf 92' lang='lat' dir='ltr'><strong>et</strong></span> <span class='ocrx_word' id='word_1_352' title='bbox 853 2904 1140 2978; x_wconf 80' lang='lat' dir='ltr'><strong>prophetas</strong></span> <span class='ocrx_word' id='word_1_353' title='bbox 1169 2913 1224 2959; x_wconf 85' lang='lat' dir='ltr'><strong>et</strong></span> <span class='ocrx_word' id='word_1_354' title='bbox 1250 2917 1438 2958; x_wconf 87' lang='lat' dir='ltr'><strong>omnes</strong></span> <span class='ocrx_word' id='word_1_355' title='bbox 1465 2902 1719 2956; x_wconf 89' lang='lat' dir='ltr'><strong>sanctos?</strong></span> <span class='ocrx_word' id='word_1_356' title='bbox 1743 2899 1848 2956; x_wconf 88' lang='lat' dir='ltr'><strong>Sed</strong></span> <span class='ocrx_word' id='word_1_357' title='bbox 1871 2900 1988 2956; x_wconf 66' lang='lat' dir='ltr'><strong>haec</strong></span> 
     </span>
    </p>
   </div>
   <div class='ocr_carea' id='block_1_47' title="bbox 401 2992 1985 3070">
    <p class='ocr_par' dir='ltr' id='par_1_47' title="bbox 401 2992 1985 3070">
     <span class='ocr_line' id='line_1_47' title="bbox 401 2992 1985 3070; baseline -0.007 -14"><span class='ocrx_word' id='word_1_358' title='bbox 401 3009 486 3056; x_wconf 86' lang='lat' dir='ltr'><strong>est</strong></span> <span class='ocrx_word' id='word_1_359' title='bbox 512 2999 725 3066; x_wconf 89' lang='lat' dir='ltr'><strong>civitas,</strong></span> <span class='ocrx_word' id='word_1_360' title='bbox 747 3013 910 3070; x_wconf 88' lang='lat' dir='ltr'><strong>quam</strong></span> <span class='ocrx_word' id='word_1_361' title='bbox 932 2997 1063 3053; x_wconf 88' lang='lat' dir='ltr'><strong>Cain</strong></span> <span class='ocrx_word' id='word_1_362' title='bbox 1087 2997 1272 3051; x_wconf 88' lang='lat' dir='ltr'><strong>fratris</strong></span> <span class='ocrx_word' id='word_1_363' title='bbox 1292 2996 1374 3051; x_wconf 91' lang='lat' dir='ltr'><strong>sui</strong></span> <span class='ocrx_word' id='word_1_364' title='bbox 1420 2993 1678 3064; x_wconf 86' lang='lat' dir='ltr'><strong>sanguine</strong></span> <span class='ocrx_word' id='word_1_365' title='bbox 1720 2992 1985 3058; x_wconf 85' lang='lat' dir='ltr'><strong>fundavit,</strong></span> 
     </span>
    </p>
   </div>
   <div class='ocr_carea' id='block_1_48' title="bbox 404 3087 1989 3155">
    <p class='ocr_par' dir='ltr' id='par_1_48' title="bbox 404 3087 1989 3155">
     <span class='ocr_line' id='line_1_48' title="bbox 404 3087 1989 3155; baseline -0.004 -9"><span class='ocrx_word' id='word_1_366' title='bbox 404 3102 460 3147; x_wconf 87' lang='lat' dir='ltr'><strong>et</strong></span> <span class='ocrx_word' id='word_1_367' title='bbox 485 3093 698 3148; x_wconf 86' lang='lat' dir='ltr'><strong>vocavit</strong></span> <span class='ocrx_word' id='word_1_368' title='bbox 717 3091 933 3147; x_wconf 89' lang='lat' dir='ltr'><strong>nomine</strong></span> <span class='ocrx_word' id='word_1_369' title='bbox 957 3090 1052 3146; x_wconf 87' lang='lat' dir='ltr'><strong>lilii</strong></span> <span class='ocrx_word' id='word_1_370' title='bbox 1072 3091 1154 3144; x_wconf 88' lang='lat' dir='ltr'><strong>sui</strong></span> <span class='ocrx_word' id='word_1_371' title='bbox 1175 3088 1382 3154; x_wconf 87' lang='lat' dir='ltr'><strong>Enoch,</strong></span> <span class='ocrx_word' id='word_1_372' title='bbox 1412 3088 1462 3142; x_wconf 92' lang='lat' dir='ltr'><strong>id</strong></span> <span class='ocrx_word' id='word_1_373' title='bbox 1487 3095 1590 3153; x_wconf 92' lang='lat' dir='ltr'><strong>cst,</strong></span> <span class='ocrx_word' id='word_1_374' title='bbox 1625 3087 1789 3143; x_wconf 84' lang='lat' dir='ltr'><strong>totius</strong></span> <span class='ocrx_word' id='word_1_375' title='bbox 1811 3092 1989 3155; x_wconf 86' lang='lat' dir='ltr'><strong>poste-</strong></span> 
     </span>
    </p>
   </div>
   <div class='ocr_carea' id='block_1_49' title="bbox 2087 1897 3678 1972">
    <p class='ocr_par' dir='ltr' id='par_1_49' title="bbox 2087 1897 3678 1972">
     <span class='ocr_line' id='line_1_49' title="bbox 2087 1897 3678 1972; baseline -0.004 -16"><span class='ocrx_word' id='word_1_376' title='bbox 2087 1903 2270 1972; x_wconf 87' lang='lat' dir='ltr'><strong>sicque</strong></span> <span class='ocrx_word' id='word_1_377' title='bbox 2287 1900 2457 1958; x_wconf 90' lang='lat' dir='ltr'><strong>fames</strong></span> <span class='ocrx_word' id='word_1_378' title='bbox 2478 1901 2531 1955; x_wconf 91' lang='lat' dir='ltr'><strong>in</strong></span> <span class='ocrx_word' id='word_1_379' title='bbox 2552 1901 2770 1956; x_wconf 89' lang='lat' dir='ltr'><strong>civitate</strong></span> <span class='ocrx_word' id='word_1_380' title='bbox 2791 1900 3094 1970; x_wconf 66' lang='lat' dir='ltr'><strong>praevaleat,</strong></span> <span class='ocrx_word' id='word_1_381' title='bbox 3118 1897 3290 1952; x_wconf 82' lang='lat' dir='ltr'><strong>fames</strong></span> <span class='ocrx_word' id='word_1_382' title='bbox 3307 1899 3494 1967; x_wconf 90' lang='lat' dir='ltr'><strong>utique</strong></span> <span class='ocrx_word' id='word_1_383' title='bbox 3519 1898 3678 1952; x_wconf 81' lang='lat' dir='ltr'><strong>verbi</strong></span> 
     </span>
    </p>
   </div>
   <div class='ocr_carea' id='block_1_50' title="bbox 2086 1991 3682 2062">
    <p class='ocr_par' dir='ltr' id='par_1_50' title="bbox 2086 1991 3682 2062">
     <span class='ocr_line' id='line_1_50' title="bbox 2086 1991 3682 2062; baseline -0.003 -13"><span class='ocrx_word' id='word_1_384' title='bbox 2086 1994 2206 2060; x_wconf 88' lang='lat' dir='ltr'><strong>Dei,</strong></span> <span class='ocrx_word' id='word_1_385' title='bbox 2233 2008 2354 2048; x_wconf 90' lang='lat' dir='ltr'><strong>cum</strong></span> <span class='ocrx_word' id='word_1_386' title='bbox 2385 2008 2489 2047; x_wconf 91' lang='lat' dir='ltr'><strong>non</strong></span> <span class='ocrx_word' id='word_1_387' title='bbox 2529 1993 2850 2061; x_wconf 78' lang='lat' dir='ltr'><strong>expenditnr</strong></span> <span class='ocrx_word' id='word_1_388' title='bbox 2876 1992 3042 2047; x_wconf 86' lang='lat' dir='ltr'><strong>libere</strong></span> <span class='ocrx_word' id='word_1_389' title='bbox 3082 1992 3234 2062; x_wconf 86' lang='lat' dir='ltr'><strong>panis</strong></span> <span class='ocrx_word' id='word_1_390' title='bbox 3272 1991 3532 2045; x_wconf 73' lang='lat' dir='ltr'><strong>doctrinm</strong></span> <span class='ocrx_word' id='word_1_391' title='bbox 3574 2006 3682 2060; x_wconf 84' lang='lat' dir='ltr'><strong>po-</strong></span> 
     </span>
    </p>
   </div>
   <div class='ocr_carea' id='block_1_51' title="bbox 2084 2075 3680 2152">
    <p class='ocr_par' dir='ltr' id='par_1_51' title="bbox 2084 2075 3680 2152">
     <span class='ocr_line' id='line_1_51' title="bbox 2084 2075 3680 2152; baseline -0.001 -16"><span class='ocrx_word' id='word_1_392' title='bbox 2084 2081 2212 2152; x_wconf 91' lang='lat' dir='ltr'><strong>pulo</strong></span> <span class='ocrx_word' id='word_1_393' title='bbox 2238 2090 2416 2136; x_wconf 78' lang='lat' dir='ltr'><strong>terrae.</strong></span> <span class='ocrx_word' id='word_1_394' title='bbox 2445 2081 2512 2135; x_wconf 88' lang='lat' dir='ltr'><strong>Et</strong></span> <span class='ocrx_word' id='word_1_395' title='bbox 2535 2075 2830 2150; x_wconf 84' lang='lat' dir='ltr'><strong>interrupta</strong></span> <span class='ocrx_word' id='word_1_396' title='bbox 2858 2087 2943 2134; x_wconf 89' lang='lat' dir='ltr'><strong>est</strong></span> <span class='ocrx_word' id='word_1_397' title='bbox 2962 2079 3172 2141; x_wconf 89' lang='lat' dir='ltr'><strong>civitas,</strong></span> <span class='ocrx_word' id='word_1_398' title='bbox 3221 2093 3520 2148; x_wconf 86' lang='lat' dir='ltr'><strong>omnesque</strong></span> <span class='ocrx_word' id='word_1_399' title='bbox 3567 2079 3680 2134; x_wconf 84' lang='lat' dir='ltr'><strong>viri</strong></span> 
     </span>
    </p>
   </div>
   <div class='ocr_carea' id='block_1_52' title="bbox 2085 2170 3681 2242">
    <p class='ocr_par' dir='ltr' id='par_1_52' title="bbox 2085 2170 3681 2242">
     <span class='ocr_line' id='line_1_52' title="bbox 2085 2170 3681 2242; baseline -0.003 -14"><span class='ocrx_word' id='word_1_400' title='bbox 2085 2171 2375 2228; x_wconf 87' lang='lat' dir='ltr'><strong>bellatores</strong></span> <span class='ocrx_word' id='word_1_401' title='bbox 2395 2181 2554 2226; x_wconf 89' lang='lat' dir='ltr'><strong>nocte</strong></span> <span class='ocrx_word' id='word_1_402' title='bbox 2575 2170 2845 2242; x_wconf 77' lang='lat' dir='ltr'><strong>fugerunt.</strong></span> <span class='ocrx_word' id='word_1_403' title='bbox 2868 2170 3170 2240; x_wconf 88' lang='lat' dir='ltr'><strong>lnterrupta</strong></span> <span class='ocrx_word' id='word_1_404' title='bbox 3196 2171 3412 2240; x_wconf 86' lang='lat' dir='ltr'><strong>quidem</strong></span> <span class='ocrx_word' id='word_1_405' title='bbox 3432 2185 3532 2238; x_wconf 87' lang='lat' dir='ltr'><strong>per</strong></span> <span class='ocrx_word' id='word_1_406' title='bbox 3556 2179 3681 2224; x_wconf 49' lang='lat' dir='ltr'><strong>ten-</strong></span> 
     </span>
    </p>
   </div>
   <div class='ocr_carea' id='block_1_53' title="bbox 2087 2260 3694 2332">
    <p class='ocr_par' dir='ltr' id='par_1_53' title="bbox 2087 2260 3694 2332">
     <span class='ocr_line' id='line_1_53' title="bbox 2087 2260 3694 2332; baseline -0.001 -16"><span class='ocrx_word' id='word_1_407' title='bbox 2087 2262 2316 2316; x_wconf 82' lang='lat' dir='ltr'><strong>taliones</strong></span> <span class='ocrx_word' id='word_1_408' title='bbox 2338 2262 2519 2315; x_wconf 89' lang='lat' dir='ltr'><strong>varias</strong></span> <span class='ocrx_word' id='word_1_409' title='bbox 2542 2260 2894 2331; x_wconf 84' lang='lat' dir='ltr'><strong>malignorum</strong></span> <span class='ocrx_word' id='word_1_410' title='bbox 2920 2261 3165 2331; x_wconf 86' lang='lat' dir='ltr'><strong>spiritum</strong></span> <span class='ocrx_word' id='word_1_411' title='bbox 3214 2261 3456 2316; x_wconf 89' lang='lat' dir='ltr'><strong>custodia</strong></span> <span class='ocrx_word' id='word_1_412' title='bbox 3501 2277 3694 2332; x_wconf 75' lang='lat' dir='ltr'><strong>p0pu-&#39;</strong></span> 
     </span>
    </p>
   </div>
   <div class='ocr_carea' id='block_1_54' title="bbox 2085 2349 3680 2419">
    <p class='ocr_par' dir='ltr' id='par_1_54' title="bbox 2085 2349 3680 2419">
     <span class='ocr_line' id='line_1_54' title="bbox 2085 2349 3680 2419; baseline 0.001 -15"><span class='ocrx_word' id='word_1_413' title='bbox 2085 2350 2280 2406; x_wconf 88' lang='lat' dir='ltr'><strong>lorum.</strong></span> <span class='ocrx_word' id='word_1_414' title='bbox 2309 2349 2374 2404; x_wconf 76' lang='lat' dir='ltr'><strong>Hi</strong></span> <span class='ocrx_word' id='word_1_415' title='bbox 2398 2352 2488 2419; x_wconf 89' lang='lat' dir='ltr'><strong>qui</strong></span> <span class='ocrx_word' id='word_1_416' title='bbox 2520 2352 2818 2406; x_wconf 87' lang='lat' dir='ltr'><strong>debuerant</strong></span> <span class='ocrx_word' id='word_1_417' title='bbox 2843 2351 3010 2406; x_wconf 89' lang='lat' dir='ltr'><strong>armis</strong></span> <span class='ocrx_word' id='word_1_418' title='bbox 3055 2350 3329 2406; x_wconf 86' lang='lat' dir='ltr'><strong>civitatem</strong></span> <span class='ocrx_word' id='word_1_419' title='bbox 3378 2351 3680 2406; x_wconf 76' lang='lat' dir='ltr'><strong>defendere</strong></span> 
     </span>
    </p>
   </div>
   <div class='ocr_carea' id='block_1_55' title="bbox 2087 2443 3677 2514">
    <p class='ocr_par' dir='ltr' id='par_1_55' title="bbox 2087 2443 3677 2514">
     <span class='ocr_line' id='line_1_55' title="bbox 2087 2443 3677 2514; baseline -0.001 -16"><span class='ocrx_word' id='word_1_420' title='bbox 2087 2452 2246 2498; x_wconf 90' lang='lat' dir='ltr'><strong>nocte</strong></span> <span class='ocrx_word' id='word_1_421' title='bbox 2267 2443 2605 2514; x_wconf 59' lang='lat' dir='ltr'><strong>ignorantia,</strong></span> <span class='ocrx_word' id='word_1_422' title='bbox 2629 2453 2684 2497; x_wconf 91' lang='lat' dir='ltr'><strong>et</strong></span> <span class='ocrx_word' id='word_1_423' title='bbox 2707 2444 2945 2499; x_wconf 86' lang='lat' dir='ltr'><strong>tenebris</strong></span> <span class='ocrx_word' id='word_1_424' title='bbox 2972 2454 3319 2513; x_wconf 83' lang='lat' dir='ltr'><strong>peccatorum</strong></span> <span class='ocrx_word' id='word_1_425' title='bbox 3346 2445 3559 2509; x_wconf 88' lang='lat' dir='ltr'><strong>vallati,</strong></span> <span class='ocrx_word' id='word_1_426' title='bbox 3581 2443 3640 2497; x_wconf 84' lang='lat' dir='ltr'><strong>fa</strong></span> <span class='ocrx_word' id='word_1_427' title='bbox 3661 2475 3677 2482; x_wconf 61' lang='grc' dir='ltr'><strong>ι</strong></span> 
     </span>
    </p>
   </div>
   <div class='ocr_carea' id='block_1_56' title="bbox 2089 2535 3673 2607">
    <p class='ocr_par' dir='ltr' id='par_1_56' title="bbox 2089 2535 3673 2607">
     <span class='ocr_line' id='line_1_56' title="bbox 2089 2535 3673 2607; baseline 0.002 -18"><span class='ocrx_word' id='word_1_428' title='bbox 2089 2535 2241 2607; x_wconf 82' lang='lat' dir='ltr'><strong>giunt</strong></span> <span class='ocrx_word' id='word_1_429' title='bbox 2271 2550 2286 2589; x_wconf 89' lang='lat'><strong>:</strong></span> <span class='ocrx_word' id='word_1_430' title='bbox 2314 2536 2436 2606; x_wconf 88' lang='lat' dir='ltr'><strong>quia</strong></span> <span class='ocrx_word' id='word_1_431' title='bbox 2466 2536 2759 2591; x_wconf 90' lang='lat' dir='ltr'><strong>secundum</strong></span> <span class='ocrx_word' id='word_1_432' title='bbox 2783 2537 3038 2592; x_wconf 75' lang='lat' dir='ltr'><strong>Veritatis</strong></span> <span class='ocrx_word' id='word_1_433' title='bbox 3081 2553 3268 2592; x_wconf 88' lang='lat' dir='ltr'><strong>vocem</strong></span> <span class='ocrx_word' id='word_1_434' title='bbox 3328 2557 3346 2589; x_wconf 72' lang='grc' dir='ltr'>ι</span> <span class='ocrx_word' id='word_1_435' title='bbox 3380 2553 3673 2593; x_wconf 86' lang='lat' dir='ltr'><strong>mercena-</strong></span> 
     </span>
    </p>
   </div>
   <div class='ocr_carea' id='block_1_57' title="bbox 2087 2629 3666 2699">
    <p class='ocr_par' dir='ltr' id='par_1_57' title="bbox 2087 2629 3666 2699">
     <span class='ocr_line' id='line_1_57' title="bbox 2087 2629 3666 2699; baseline 0.001 -15"><span class='ocrx_word' id='word_1_436' title='bbox 2087 2630 2222 2694; x_wconf 84' lang='lat' dir='ltr'><strong>rius,</strong></span> <span class='ocrx_word' id='word_1_437' title='bbox 2284 2638 2340 2684; x_wconf 89' lang='lat' dir='ltr'><strong>et</strong></span> <span class='ocrx_word' id='word_1_438' title='bbox 2379 2629 2466 2698; x_wconf 90' lang='lat' dir='ltr'><strong>qui</strong></span> <span class='ocrx_word' id='word_1_439' title='bbox 2510 2642 2615 2683; x_wconf 90' lang='lat' dir='ltr'><strong>non</strong></span> <span class='ocrx_word' id='word_1_440' title='bbox 2656 2637 2739 2683; x_wconf 86' lang='lat' dir='ltr'><strong>est</strong></span> <span class='ocrx_word' id='word_1_441' title='bbox 2790 2639 2990 2699; x_wconf 88' lang='lat' dir='ltr'><strong>pastor,</strong></span> <span class='ocrx_word' id='word_1_442' title='bbox 3029 2630 3166 2684; x_wconf 87' lang='lat' dir='ltr'><strong>vidit</strong></span> <span class='ocrx_word' id='word_1_443' title='bbox 3207 2629 3390 2699; x_wconf 86' lang='lat' dir='ltr'><strong>lupum</strong></span> <span class='ocrx_word' id='word_1_444' title='bbox 3437 2631 3666 2685; x_wconf 81' lang='lat' dir='ltr'><strong>venien—</strong></span> 
     </span>
    </p>
   </div>
   <div class='ocr_carea' id='block_1_58' title="bbox 2087 2719 3666 2790">
    <p class='ocr_par' dir='ltr' id='par_1_58' title="bbox 2087 2719 3666 2790">
     <span class='ocr_line' id='line_1_58' title="bbox 2087 2719 3666 2790; baseline -0.003 -14"><span class='ocrx_word' id='word_1_445' title='bbox 2087 2729 2218 2785; x_wconf 86' lang='lat' dir='ltr'><strong>tem,</strong></span> <span class='ocrx_word' id='word_1_446' title='bbox 2243 2728 2298 2774; x_wconf 88' lang='lat' dir='ltr'><strong>et</strong></span> <span class='ocrx_word' id='word_1_447' title='bbox 2320 2719 2543 2776; x_wconf 89' lang='lat' dir='ltr'><strong>dimittit</strong></span> <span class='ocrx_word' id='word_1_448' title='bbox 2566 2734 2695 2774; x_wconf 89' lang='lat' dir='ltr'><strong>oves</strong></span> <span class='ocrx_word' id='word_1_449' title='bbox 2712 2729 2766 2774; x_wconf 91' lang='lat' dir='ltr'><strong>et</strong></span> <span class='ocrx_word' id='word_1_450' title='bbox 2791 2719 2944 2790; x_wconf 76' lang='lat' dir='ltr'><strong>fugit,</strong></span> <span class='ocrx_word' id='word_1_451' title='bbox 2974 2728 3028 2774; x_wconf 90' lang='lat' dir='ltr'><strong>et</strong></span> <span class='ocrx_word' id='word_1_452' title='bbox 3051 2719 3368 2790; x_wconf 70' lang='lat' dir='ltr'><strong>lupusrapit</strong></span> <span class='ocrx_word' id='word_1_453' title='bbox 3388 2729 3442 2776; x_wconf 86' lang='lat' dir='ltr'><strong>et</strong></span> <span class='ocrx_word' id='word_1_454' title='bbox 3459 2721 3666 2790; x_wconf 82' lang='lat' dir='ltr'><strong>disper-</strong></span> 
     </span>
    </p>
   </div>
   <div class='ocr_carea' id='block_1_59' title="bbox 2088 2807 3676 2880">
    <p class='ocr_par' dir='ltr' id='par_1_59' title="bbox 2088 2807 3676 2880">
     <span class='ocr_line' id='line_1_59' title="bbox 2088 2807 3676 2880; baseline -0.001 -17"><span class='ocrx_word' id='word_1_455' title='bbox 2088 2810 2166 2880; x_wconf 87' lang='lat' dir='ltr'><strong>git</strong></span> <span class='ocrx_word' id='word_1_456' title='bbox 2189 2824 2316 2864; x_wconf 86' lang='lat' dir='ltr'><strong>oves</strong></span> <span class='ocrx_word' id='word_1_457' title='bbox 2337 2807 2529 2880; x_wconf 76' lang='lat' dir='ltr'><strong>(Joan.</strong></span> <span class='ocrx_word' id='word_1_458' title='bbox 2555 2807 2640 2877; x_wconf 70' lang='grc' dir='ltr'><strong>ι).</strong></span> <span class='ocrx_word' id='word_1_459' title='bbox 2673 2827 2691 2858; x_wconf 73' lang='grc' dir='ltr'><strong><em>ι</em></strong></span> <span class='ocrx_word' id='word_1_460' title='bbox 2742 2807 2809 2862; x_wconf 86' lang='grc' dir='ltr'><strong>Εῑ</strong></span> <span class='ocrx_word' id='word_1_461' title='bbox 2834 2807 3121 2878; x_wconf 82' lang='lat' dir='ltr'><strong>Apostolus</strong></span> <span class='ocrx_word' id='word_1_462' title='bbox 3141 2809 3348 2878; x_wconf 86' lang='lat' dir='ltr'><strong>inquit:</strong></span> <span class='ocrx_word' id='word_1_463' title='bbox 3372 2830 3389 2859; x_wconf 85' lang='grc'><strong><em>‹</em></strong></span> <span class='ocrx_word' id='word_1_464' title='bbox 3422 2809 3526 2876; x_wconf 87' lang='lat' dir='ltr'><strong>Qui</strong></span> <span class='ocrx_word' id='word_1_465' title='bbox 3548 2809 3676 2862; x_wconf 86' lang='lat' dir='ltr'><strong>dor-</strong></span> 
     </span>
    </p>
   </div>
   <div class='ocr_carea' id='block_1_60' title="bbox 2087 2899 3674 2968">
    <p class='ocr_par' dir='ltr' id='par_1_60' title="bbox 2087 2899 3674 2968">
     <span class='ocr_line' id='line_1_60' title="bbox 2087 2899 3674 2968; baseline -0.002 -12"><span class='ocrx_word' id='word_1_466' title='bbox 2087 2902 2282 2964; x_wconf 87' lang='lat' dir='ltr'><strong>miunt,</strong></span> <span class='ocrx_word' id='word_1_467' title='bbox 2313 2908 2472 2955; x_wconf 88' lang='lat' dir='ltr'><strong>nocte</strong></span> <span class='ocrx_word' id='word_1_468' title='bbox 2498 2899 2800 2964; x_wconf 89' lang='lat' dir='ltr'><strong>dormiunt;</strong></span> <span class='ocrx_word' id='word_1_469' title='bbox 2825 2899 2916 2968; x_wconf 91' lang='lat' dir='ltr'><strong>qui</strong></span> <span class='ocrx_word' id='word_1_470' title='bbox 2965 2900 3099 2954; x_wconf 76' lang='lat' dir='ltr'><strong>ebrii</strong></span> <span class='ocrx_word' id='word_1_471' title='bbox 3149 2908 3294 2963; x_wconf 87' lang='lat' dir='ltr'><strong>sunt,</strong></span> <span class='ocrx_word' id='word_1_472' title='bbox 3342 2909 3502 2955; x_wconf 85' lang='lat' dir='ltr'><strong>nocte</strong></span> <span class='ocrx_word' id='word_1_473' title='bbox 3533 2899 3674 2954; x_wconf 80' lang='lat' dir='ltr'><strong>ebrii</strong></span> 
     </span>
    </p>
   </div>
   <div class='ocr_carea' id='block_1_61' title="bbox 2087 2988 3675 3064">
    <p class='ocr_par' dir='ltr' id='par_1_61' title="bbox 2087 2988 3675 3064">
     <span class='ocr_line' id='line_1_61' title="bbox 2087 2988 3675 3064; baseline -0.004 -16"><span class='ocrx_word' id='word_1_474' title='bbox 2087 3000 2214 3048; x_wconf 86' lang='lat' dir='ltr'><strong>sunt</strong></span> <span class='ocrx_word' id='word_1_475' title='bbox 2243 2991 2306 3064; x_wconf 86' lang='grc'><strong>(1</strong></span> <span class='ocrx_word' id='word_1_476' title='bbox 2336 2990 2470 3044; x_wconf 89' lang='lat' dir='ltr'><strong>Tim.</strong></span> <span class='ocrx_word' id='word_1_477' title='bbox 2503 2988 2590 3058; x_wconf 90' lang='lat' dir='ltr'><strong>v).</strong></span> <span class='ocrx_word' id='word_1_478' title='bbox 2641 2989 2793 3056; x_wconf 83' lang='lat' dir='ltr'><strong>Quod</strong></span> <span class='ocrx_word' id='word_1_479' title='bbox 2841 2998 3020 3044; x_wconf 89' lang='lat' dir='ltr'><strong>autem</strong></span> <span class='ocrx_word' id='word_1_480' title='bbox 3075 2990 3341 3060; x_wconf 87' lang='lat' dir='ltr'><strong>sequitur,</strong></span> <span class='ocrx_word' id='word_1_481' title='bbox 3384 2990 3529 3061; x_wconf 86' lang='lat' dir='ltr'><strong>quod</strong></span> <span class='ocrx_word' id='word_1_482' title='bbox 3575 3003 3675 3059; x_wconf 79' lang='lat' dir='ltr'><strong>per</strong></span> 
     </span>
    </p>
   </div>
   <div class='ocr_carea' id='block_1_62' title="bbox 2086 3077 3672 3152">
    <p class='ocr_par' dir='ltr' id='par_1_62' title="bbox 2086 3077 3672 3152">
     <span class='ocr_line' id='line_1_62' title="bbox 2086 3077 3672 3152; baseline -0.001 -18"><span class='ocrx_word' id='word_1_483' title='bbox 2086 3081 2230 3146; x_wconf 84' lang='lat' dir='ltr'><strong>viam</strong></span> <span class='ocrx_word' id='word_1_484' title='bbox 2258 3090 2448 3152; x_wconf 75' lang='lat' dir='ltr'><strong>porue,</strong></span> <span class='ocrx_word' id='word_1_485' title='bbox 2480 3095 2601 3149; x_wconf 73' lang='lat' dir='ltr'><strong>qua:</strong></span> <span class='ocrx_word' id='word_1_486' title='bbox 2637 3087 2720 3134; x_wconf 87' lang='lat' dir='ltr'><strong>est</strong></span> <span class='ocrx_word' id='word_1_487' title='bbox 2741 3079 2884 3134; x_wconf 90' lang='lat' dir='ltr'><strong>inter</strong></span> <span class='ocrx_word' id='word_1_488' title='bbox 2911 3077 3044 3134; x_wconf 89' lang='lat' dir='ltr'><strong>duos</strong></span> <span class='ocrx_word' id='word_1_489' title='bbox 3069 3094 3272 3144; x_wconf 83' lang='lat' dir='ltr'><strong>muros.</strong></span> <span class='ocrx_word' id='word_1_490' title='bbox 3297 3088 3354 3134; x_wconf 88' lang='lat' dir='ltr'><strong>et</strong></span> <span class='ocrx_word' id='word_1_491' title='bbox 3398 3079 3552 3134; x_wconf 87' lang='lat' dir='ltr'><strong>ducit</strong></span> <span class='ocrx_word' id='word_1_492' title='bbox 3600 3078 3672 3132; x_wconf 87' lang='lat' dir='ltr'><strong>ad</strong></span> 
     </span>
    </p>
   </div>
   <div class='ocr_carea' id='block_1_63' title="bbox 401 3168 3674 3254">
    <p class='ocr_par' dir='ltr' id='par_1_63' title="bbox 401 3168 3674 3254">
     <span class='ocr_line' id='line_1_63' title="bbox 401 3168 3674 3254; baseline -0.004 -18"><span class='ocrx_word' id='word_1_493' title='bbox 401 3183 580 3238; x_wconf 82' lang='lat' dir='ltr'><strong>ritatis</strong></span> <span class='ocrx_word' id='word_1_494' title='bbox 607 3197 716 3238; x_wconf 66' lang='lat' dir='ltr'><strong>suae</strong></span> <span class='ocrx_word' id='word_1_495' title='bbox 744 3180 905 3254; x_wconf 84' lang='lat' dir='ltr'><strong>(Gen.</strong></span> <span class='ocrx_word' id='word_1_496' title='bbox 934 3182 1017 3252; x_wconf 85' lang='lat' dir='ltr'><strong>v).</strong></span> <span class='ocrx_word' id='word_1_497' title='bbox 1062 3181 1210 3242; x_wconf 78' lang='lat' dir='ltr'><strong>Nam</strong></span> <span class='ocrx_word' id='word_1_498' title='bbox 1243 3187 1446 3250; x_wconf 90' lang='lat' dir='ltr'><strong>septem</strong></span> <span class='ocrx_word' id='word_1_499' title='bbox 1485 3177 1854 3250; x_wconf 83' lang='lat' dir='ltr'><strong>generationes</strong></span> <span class='ocrx_word' id='word_1_500' title='bbox 1889 3176 1982 3231; x_wconf 86' lang='lat' dir='ltr'><strong>de-</strong></span> <span class='ocrx_word' id='word_1_501' title='bbox 2006 3173 2052 3237; x_wconf 86' lang='lat' dir='ltr'>C</span> <span class='ocrx_word' id='word_1_502' title='bbox 2084 3171 2298 3226; x_wconf 92' lang='lat' dir='ltr'><strong>hortum</strong></span> <span class='ocrx_word' id='word_1_503' title='bbox 2349 3170 2489 3240; x_wconf 84' lang='lat' dir='ltr'><strong>regis</strong></span> <span class='ocrx_word' id='word_1_504' title='bbox 2513 3209 2528 3234; x_wconf 94' lang='lat'><strong>,</strong></span> <span class='ocrx_word' id='word_1_505' title='bbox 2573 3168 2853 3239; x_wconf 87' lang='lat' dir='ltr'><strong>fugerunt,</strong></span> <span class='ocrx_word' id='word_1_506' title='bbox 2907 3169 3139 3224; x_wconf 83' lang='lat' dir='ltr'><strong>latenter</strong></span> <span class='ocrx_word' id='word_1_507' title='bbox 3182 3169 3359 3238; x_wconf 74' lang='lat' dir='ltr'><strong>arguit</strong></span> <span class='ocrx_word' id='word_1_508' title='bbox 3416 3169 3674 3224; x_wconf 82' lang='lat' dir='ltr'><strong>inertiam</strong></span> 
     </span>
    </p>
   </div>
   <div class='ocr_carea' id='block_1_64' title="bbox 404 3265 1986 3342">
    <p class='ocr_par' dir='ltr' id='par_1_64' title="bbox 404 3265 1986 3342">
     <span class='ocr_line' id='line_1_64' title="bbox 404 3265 1986 3342; baseline -0.004 -17"><span class='ocrx_word' id='word_1_509' title='bbox 404 3274 620 3342; x_wconf 66' lang='lat' dir='ltr'><strong>scripta:</strong></span> <span class='ocrx_word' id='word_1_510' title='bbox 651 3282 778 3327; x_wconf 91' lang='lat' dir='ltr'><strong>sunt</strong></span> <span class='ocrx_word' id='word_1_511' title='bbox 803 3272 956 3326; x_wconf 85' lang='lat' dir='ltr'><strong>Cain.</strong></span> <span class='ocrx_word' id='word_1_512' title='bbox 983 3273 1038 3326; x_wconf 90' lang='lat' dir='ltr'><strong>ln</strong></span> <span class='ocrx_word' id='word_1_513' title='bbox 1065 3270 1179 3338; x_wconf 87' lang='lat' dir='ltr'><strong>ejus</strong></span> <span class='ocrx_word' id='word_1_514' title='bbox 1205 3269 1442 3326; x_wconf 87' lang='lat' dir='ltr'><strong>civitatis</strong></span> <span class='ocrx_word' id='word_1_515' title='bbox 1474 3268 1761 3323; x_wconf 74' lang='lat' dir='ltr'><strong>tedilicium</strong></span> <span class='ocrx_word' id='word_1_516' title='bbox 1811 3265 1986 3321; x_wconf 89' lang='lat' dir='ltr'><strong>fundi-</strong></span> 
     </span>
    </p>
   </div>
   <div class='ocr_carea' id='block_1_65' title="bbox 409 3354 1988 3432">
    <p class='ocr_par' dir='ltr' id='par_1_65' title="bbox 409 3354 1988 3432">
     <span class='ocr_line' id='line_1_65' title="bbox 409 3354 1988 3432; baseline -0.004 -16"><span class='ocrx_word' id='word_1_517' title='bbox 409 3372 501 3416; x_wconf 90' lang='lat' dir='ltr'><strong>tur</strong></span> <span class='ocrx_word' id='word_1_518' title='bbox 521 3362 698 3416; x_wconf 87' lang='lat' dir='ltr'><strong>onmis</strong></span> <span class='ocrx_word' id='word_1_519' title='bbox 740 3359 1165 3432; x_wconf 88' lang='lat' dir='ltr'><strong>sanguisjustus</strong></span> <span class='ocrx_word' id='word_1_520' title='bbox 1193 3375 1224 3412; x_wconf 91' lang='lat' dir='ltr'><strong>a</strong></span> <span class='ocrx_word' id='word_1_521' title='bbox 1248 3360 1510 3429; x_wconf 84' lang='lat' dir='ltr'><strong>sanguine</strong></span> <span class='ocrx_word' id='word_1_522' title='bbox 1547 3357 1680 3411; x_wconf 82' lang='lat' dir='ltr'><strong>Abel</strong></span> <span class='ocrx_word' id='word_1_523' title='bbox 1723 3354 1857 3423; x_wconf 89' lang='lat' dir='ltr'><strong>justi</strong></span> <span class='ocrx_word' id='word_1_524' title='bbox 1896 3371 1988 3410; x_wconf 85' lang='lat' dir='ltr'><strong>us-</strong></span> 
     </span>
    </p>
   </div>
   <div class='ocr_carea' id='block_1_66' title="bbox 409 3449 1988 3523">
    <p class='ocr_par' dir='ltr' id='par_1_66' title="bbox 409 3449 1988 3523">
     <span class='ocr_line' id='line_1_66' title="bbox 409 3449 1988 3523; baseline -0.002 -17"><span class='ocrx_word' id='word_1_525' title='bbox 409 3468 514 3522; x_wconf 91' lang='lat' dir='ltr'><strong>que</strong></span> <span class='ocrx_word' id='word_1_526' title='bbox 544 3453 611 3507; x_wconf 89' lang='lat' dir='ltr'><strong>ad</strong></span> <span class='ocrx_word' id='word_1_527' title='bbox 637 3452 953 3523; x_wconf 85' lang='lat' dir='ltr'><strong>sanguinem</strong></span> <span class='ocrx_word' id='word_1_528' title='bbox 983 3451 1280 3516; x_wconf 86' lang='lat' dir='ltr'><strong>Zachariae,</strong></span> <span class='ocrx_word' id='word_1_529' title='bbox 1305 3452 1358 3505; x_wconf 90' lang='lat' dir='ltr'><strong>id</strong></span> <span class='ocrx_word' id='word_1_530' title='bbox 1379 3459 1482 3518; x_wconf 89' lang='lat' dir='ltr'><strong>est,</strong></span> <span class='ocrx_word' id='word_1_531' title='bbox 1519 3449 1699 3520; x_wconf 90' lang='lat' dir='ltr'><strong>populi</strong></span> <span class='ocrx_word' id='word_1_532' title='bbox 1732 3459 1788 3505; x_wconf 93' lang='lat' dir='ltr'><strong>et</strong></span> <span class='ocrx_word' id='word_1_533' title='bbox 1807 3464 1988 3506; x_wconf 89' lang='lat' dir='ltr'><strong>sacer-</strong></span> 
     </span>
    </p>
   </div>
   <div class='ocr_carea' id='block_1_67' title="bbox 408 3542 570 3598">
    <p class='ocr_par' dir='ltr' id='par_1_67' title="bbox 408 3542 570 3598">
     <span class='ocr_line' id='line_1_67' title="bbox 408 3542 570 3598; baseline 0 -1"><span class='ocrx_word' id='word_1_534' title='bbox 408 3542 570 3598; x_wconf 91' lang='lat' dir='ltr'><strong>dotis.</strong></span> 
     </span>
    </p>
   </div>
   <div class='ocr_carea' id='block_1_68' title="bbox 1017 3647 1385 3706">
    <p class='ocr_par' dir='ltr' id='par_1_68' title="bbox 1017 3647 1385 3706">
     <span class='ocr_line' id='line_1_68' title="bbox 1017 3647 1385 3706; baseline -0.005 0"><span class='ocrx_word' id='word_1_535' title='bbox 1017 3647 1244 3706; x_wconf 83' lang='lat' dir='ltr'><strong>CAPUT</strong></span> <span class='ocrx_word' id='word_1_536' title='bbox 1281 3649 1385 3704; x_wconf 74' lang='grc' dir='ltr'><strong>ιιι.</strong></span> 
     </span>
    </p>
   </div>
   <div class='ocr_carea' id='block_1_69' title="bbox 403 3737 1994 3812">
    <p class='ocr_par' dir='ltr' id='par_1_69' title="bbox 403 3737 1994 3812">
     <span class='ocr_line' id='line_1_69' title="bbox 403 3737 1994 3812; baseline -0.001 -16"><span class='ocrx_word' id='word_1_537' title='bbox 403 3740 620 3812; x_wconf 78' lang='lat' dir='ltr'><strong>Capitur</strong></span> <span class='ocrx_word' id='word_1_538' title='bbox 647 3737 974 3812; x_wconf 61' lang='lat' dir='ltr'><strong>Hierusalem</strong></span> <span class='ocrx_word' id='word_1_539' title='bbox 1005 3757 1036 3793; x_wconf 92' lang='lat' dir='ltr'><strong>a</strong></span> <span class='ocrx_word' id='word_1_540' title='bbox 1059 3739 1343 3812; x_wconf 73' lang='lat' dir='ltr'><strong>Citaldwis,</strong></span> <span class='ocrx_word' id='word_1_541' title='bbox 1368 3749 1660 3812; x_wconf 69' lang='lat' dir='ltr'><strong>eatcwcatur</strong></span> <span class='ocrx_word' id='word_1_542' title='bbox 1684 3738 1994 3812; x_wconf 44' lang='lat' dir='ltr'><strong>Sedecbiam,</strong></span> 
     </span>
    </p>
   </div>
   <div class='ocr_carea' id='block_1_70' title="bbox 475 3809 1990 3880">
    <p class='ocr_par' dir='ltr' id='par_1_70' title="bbox 475 3809 1990 3880">
     <span class='ocr_line' id='line_1_70' title="bbox 475 3809 1990 3880; baseline 0 -16"><span class='ocrx_word' id='word_1_543' title='bbox 475 3809 654 3865; x_wconf 62' lang='lat' dir='ltr'><strong>Civitas</strong></span> <span class='ocrx_word' id='word_1_544' title='bbox 682 3809 994 3875; x_wconf 81' lang='lat' dir='ltr'><strong>incenditur,</strong></span> <span class='ocrx_word' id='word_1_545' title='bbox 1024 3809 1270 3880; x_wconf 78' lang='lat' dir='ltr'><strong>templum</strong></span> <span class='ocrx_word' id='word_1_546' title='bbox 1309 3809 1586 3880; x_wconf 74' lang='lat' dir='ltr'><strong>spoliatur.</strong></span> <span class='ocrx_word' id='word_1_547' title='bbox 1615 3809 1856 3865; x_wconf 79' lang='lat' dir='ltr'><strong>Joaclu&#39;m</strong></span> <span class='ocrx_word' id='word_1_548' title='bbox 1899 3825 1990 3864; x_wconf 82' lang='lat' dir='ltr'><strong>rea:</strong></span> 
     </span>
    </p>
   </div>
   <div class='ocr_carea' id='block_1_71' title="bbox 475 3878 1784 3945">
    <p class='ocr_par' dir='ltr' id='par_1_71' title="bbox 475 3878 1784 3945">
     <span class='ocr_line' id='line_1_71' title="bbox 475 3878 1784 3945; baseline -0.002 -10"><span class='ocrx_word' id='word_1_549' title='bbox 475 3880 715 3935; x_wconf 79' lang='lat' dir='ltr'><strong>educitur</strong></span> <span class='ocrx_word' id='word_1_550' title='bbox 739 3897 768 3935; x_wconf 77' lang='grc' dir='ltr'><em>ε</em></span> <span class='ocrx_word' id='word_1_551' title='bbox 795 3896 1024 3945; x_wconf 81' lang='lat' dir='ltr'><strong>carcere,</strong></span> <span class='ocrx_word' id='word_1_552' title='bbox 1054 3888 1100 3934; x_wconf 83' lang='lat' dir='ltr'><strong>et</strong></span> <span class='ocrx_word' id='word_1_553' title='bbox 1125 3878 1404 3934; x_wconf 75' lang='lat' dir='ltr'><strong>Ordinatur</strong></span> <span class='ocrx_word' id='word_1_554' title='bbox 1429 3881 1476 3934; x_wconf 88' lang='lat' dir='ltr'><strong>ei</strong></span> <span class='ocrx_word' id='word_1_555' title='bbox 1505 3879 1670 3934; x_wconf 82' lang='lat' dir='ltr'><strong>cibus.</strong></span> <span class='ocrx_word' id='word_1_556' title='bbox 1779 3895 1784 3904; x_wconf 83' lang='lat'>&#39;</span> 
     </span>
    </p>
   </div>
   <div class='ocr_carea' id='block_1_72' title="bbox 485 3989 1988 4061">
    <p class='ocr_par' dir='ltr' id='par_1_72' title="bbox 485 3989 1988 4061">
     <span class='ocr_line' id='line_1_72' title="bbox 485 3989 1988 4061; baseline 0.001 -17"><span class='ocrx_word' id='word_1_557' title='bbox 485 4010 504 4044; x_wconf 86' lang='grc'><strong>‹</strong></span> <span class='ocrx_word' id='word_1_558' title='bbox 537 3989 704 4046; x_wconf 88' lang='lat' dir='ltr'><strong>Filius</strong></span> <span class='ocrx_word' id='word_1_559' title='bbox 730 3989 919 4061; x_wconf 79' lang='lat' dir='ltr'><strong>viginti</strong></span> <span class='ocrx_word' id='word_1_560' title='bbox 945 3999 1000 4046; x_wconf 90' lang='lat' dir='ltr'><strong>et</strong></span> <span class='ocrx_word' id='word_1_561' title='bbox 1017 3991 1176 4052; x_wconf 81' lang='lat' dir='ltr'><strong>unius</strong></span> <span class='ocrx_word' id='word_1_562' title='bbox 1197 3991 1323 4046; x_wconf 83' lang='lat' dir='ltr'><strong>anni</strong></span> <span class='ocrx_word' id='word_1_563' title='bbox 1354 3999 1471 4046; x_wconf 86' lang='lat' dir='ltr'><strong>erat</strong></span> <span class='ocrx_word' id='word_1_564' title='bbox 1495 3989 1812 4056; x_wconf 87' lang='lat' dir='ltr'><strong>Sedecbias,</strong></span> <span class='ocrx_word' id='word_1_565' title='bbox 1863 4006 1988 4046; x_wconf 90' lang='lat' dir='ltr'><strong>cum</strong></span> 
     </span>
    </p>
   </div>
   <div class='ocr_carea' id='block_1_73' title="bbox 414 4082 1991 4154">
    <p class='ocr_par' dir='ltr' id='par_1_73' title="bbox 414 4082 1991 4154">
     <span class='ocr_line' id='line_1_73' title="bbox 414 4082 1991 4154; baseline 0.003 -22"><span class='ocrx_word' id='word_1_566' title='bbox 414 4102 431 4132; x_wconf 75' lang='grc' dir='ltr'>ι</span> <span class='ocrx_word' id='word_1_567' title='bbox 469 4097 698 4154; x_wconf 88' lang='lat' dir='ltr'><strong>regnare</strong></span> <span class='ocrx_word' id='word_1_568' title='bbox 723 4082 995 4151; x_wconf 85' lang='lat' dir='ltr'><strong>coepisset,</strong></span> <span class='ocrx_word' id='word_1_569' title='bbox 1039 4089 1094 4136; x_wconf 90' lang='lat' dir='ltr'><strong>et</strong></span> <span class='ocrx_word' id='word_1_570' title='bbox 1138 4083 1384 4137; x_wconf 90' lang='lat' dir='ltr'><strong>undecim</strong></span> <span class='ocrx_word' id='word_1_571' title='bbox 1436 4082 1590 4138; x_wconf 89' lang='lat' dir='ltr'><strong>annis</strong></span> <span class='ocrx_word' id='word_1_572' title='bbox 1639 4083 1883 4154; x_wconf 86' lang='lat' dir='ltr'><strong>regnavit</strong></span> <span class='ocrx_word' id='word_1_573' title='bbox 1935 4083 1991 4136; x_wconf 88' lang='lat' dir='ltr'><strong>in</strong></span> 
     </span>
    </p>
   </div>
   <div class='ocr_carea' id='block_1_74' title="bbox 413 4167 1990 4238">
    <p class='ocr_par' dir='ltr' id='par_1_74' title="bbox 413 4167 1990 4238">
     <span class='ocr_line' id='line_1_74' title="bbox 413 4167 1990 4238; baseline 0.001 -14"><span class='ocrx_word' id='word_1_574' title='bbox 413 4188 432 4224; x_wconf 88' lang='grc'><strong>‹</strong></span> <span class='ocrx_word' id='word_1_575' title='bbox 467 4167 826 4235; x_wconf 76' lang='lat' dir='ltr'><strong>Hierusalem,</strong></span> <span class='ocrx_word' id='word_1_576' title='bbox 855 4178 911 4225; x_wconf 90' lang='lat' dir='ltr'><strong>et</strong></span> <span class='ocrx_word' id='word_1_577' title='bbox 950 4184 1144 4224; x_wconf 90' lang='lat' dir='ltr'><strong>nomen</strong></span> <span class='ocrx_word' id='word_1_578' title='bbox 1192 4171 1380 4225; x_wconf 87' lang='lat' dir='ltr'><strong>matris</strong></span> <span class='ocrx_word' id='word_1_579' title='bbox 1401 4169 1515 4238; x_wconf 88' lang='lat' dir='ltr'><strong>ejus</strong></span> <span class='ocrx_word' id='word_1_580' title='bbox 1541 4171 1738 4225; x_wconf 75' lang='lat' dir='ltr'><strong>Amital</strong></span> <span class='ocrx_word' id='word_1_581' title='bbox 1767 4171 1875 4225; x_wconf 83' lang='lat' dir='ltr'><strong>ﬁlia</strong></span> <span class='ocrx_word' id='word_1_582' title='bbox 1902 4169 1990 4226; x_wconf 76' lang='lat' dir='ltr'><strong>Je-</strong></span> 
     </span>
    </p>
   </div>
   <div class='ocr_carea' id='block_1_75' title="bbox 413 4257 1990 4320">
    <p class='ocr_par' dir='ltr' id='par_1_75' title="bbox 413 4257 1990 4320">
     <span class='ocr_line' id='line_1_75' title="bbox 413 4257 1990 4320; baseline 0.001 -8"><span class='ocrx_word' id='word_1_583' title='bbox 413 4279 436 4312; x_wconf 71' lang='lat' dir='ltr'><strong>c</strong></span> <span class='ocrx_word' id='word_1_584' title='bbox 470 4260 650 4315; x_wconf 76' lang='lat' dir='ltr'><strong>remia:</strong></span> <span class='ocrx_word' id='word_1_585' title='bbox 676 4261 742 4315; x_wconf 92' lang='lat' dir='ltr'><strong>de</strong></span> <span class='ocrx_word' id='word_1_586' title='bbox 765 4257 970 4314; x_wconf 79' lang='lat' dir='ltr'><strong>Lobna.</strong></span> <span class='ocrx_word' id='word_1_587' title='bbox 1005 4259 1070 4320; x_wconf 83' lang='lat' dir='ltr'><strong>Et</strong></span> <span class='ocrx_word' id='word_1_588' title='bbox 1090 4259 1216 4314; x_wconf 88' lang='lat' dir='ltr'><strong>fecit</strong></span> <span class='ocrx_word' id='word_1_589' title='bbox 1255 4259 1454 4313; x_wconf 87' lang='lat' dir='ltr'><strong>malum</strong></span> <span class='ocrx_word' id='word_1_590' title='bbox 1478 4259 1532 4314; x_wconf 89' lang='lat' dir='ltr'><strong>in</strong></span> <span class='ocrx_word' id='word_1_591' title='bbox 1562 4259 1734 4315; x_wconf 88' lang='lat' dir='ltr'><strong>oculis</strong></span> <span class='ocrx_word' id='word_1_592' title='bbox 1761 4259 1990 4318; x_wconf 87' lang='lat' dir='ltr'><strong>.Domini</strong></span> 
     </span>
    </p>
   </div>
   <div class='ocr_carea' id='block_1_76' title="bbox 416 4348 1992 4422">
    <p class='ocr_par' dir='ltr' id='par_1_76' title="bbox 416 4348 1992 4422">
     <span class='ocr_line' id='line_1_76' title="bbox 416 4348 1992 4422; baseline 0.003 -21"><span class='ocrx_word' id='word_1_593' title='bbox 416 4369 433 4401; x_wconf 75' lang='grc' dir='ltr'>ι</span> <span class='ocrx_word' id='word_1_594' title='bbox 465 4349 619 4420; x_wconf 79' lang='lat' dir='ltr'><strong>juxta</strong></span> <span class='ocrx_word' id='word_1_595' title='bbox 642 4352 840 4416; x_wconf 86' lang='lat' dir='ltr'><strong>omnia,</strong></span> <span class='ocrx_word' id='word_1_596' title='bbox 897 4365 1016 4420; x_wconf 69' lang='lat' dir='ltr'><strong>quae</strong></span> <span class='ocrx_word' id='word_1_597' title='bbox 1054 4348 1184 4405; x_wconf 84' lang='lat' dir='ltr'><strong>fecit</strong></span> <span class='ocrx_word' id='word_1_598' title='bbox 1234 4349 1495 4417; x_wconf 78' lang='lat' dir='ltr'><strong>Joachim,</strong></span> <span class='ocrx_word' id='word_1_599' title='bbox 1544 4351 1797 4422; x_wconf 89' lang='lat' dir='ltr'><strong>quoniam</strong></span> <span class='ocrx_word' id='word_1_600' title='bbox 1843 4351 1992 4406; x_wconf 87' lang='lat' dir='ltr'><strong>furor</strong></span> 
     </span>
    </p>
   </div>
   <div class='ocr_carea' id='block_1_77' title="bbox 415 4441 1988 4514">
    <p class='ocr_par' dir='ltr' id='par_1_77' title="bbox 415 4441 1988 4514">
     <span class='ocr_line' id='line_1_77' title="bbox 415 4441 1988 4514; baseline 0.002 -20"><span class='ocrx_word' id='word_1_601' title='bbox 415 4463 433 4494; x_wconf 74' lang='grc' dir='ltr'>ι</span> <span class='ocrx_word' id='word_1_602' title='bbox 472 4443 679 4498; x_wconf 91' lang='lat' dir='ltr'><strong>Domini</strong></span> <span class='ocrx_word' id='word_1_603' title='bbox 707 4441 900 4497; x_wconf 90' lang='lat' dir='ltr'><strong>eratin</strong></span> <span class='ocrx_word' id='word_1_604' title='bbox 926 4441 1284 4508; x_wconf 78' lang='lat' dir='ltr'><strong>Hierusalem,</strong></span> <span class='ocrx_word' id='word_1_605' title='bbox 1309 4451 1364 4497; x_wconf 90' lang='lat' dir='ltr'><strong>et</strong></span> <span class='ocrx_word' id='word_1_606' title='bbox 1390 4443 1444 4497; x_wconf 89' lang='lat' dir='ltr'><strong>in</strong></span> <span class='ocrx_word' id='word_1_607' title='bbox 1479 4442 1661 4497; x_wconf 62' lang='lat' dir='ltr'><strong>Iudaea</strong></span> <span class='ocrx_word' id='word_1_608' title='bbox 1709 4457 1988 4514; x_wconf 90' lang='lat' dir='ltr'><strong>usquequo</strong></span> 
     </span>
    </p>
   </div>
   <div class='ocr_carea' id='block_1_78' title="bbox 2087 3261 3674 3346">
    <p class='ocr_par' dir='ltr' id='par_1_78' title="bbox 2087 3261 3674 3346">
     <span class='ocr_line' id='line_1_78' title="bbox 2087 3261 3674 3346; baseline -0.001 -27"><span class='ocrx_word' id='word_1_609' title='bbox 2087 3264 2390 3327; x_wconf 91' lang='lat' dir='ltr'><strong>doctorum,</strong></span> <span class='ocrx_word' id='word_1_610' title='bbox 2447 3261 2538 3346; x_wconf 79' lang='lat' dir='ltr'><strong>qui</strong></span> <span class='ocrx_word' id='word_1_611' title='bbox 2577 3261 2718 3316; x_wconf 91' lang='lat' dir='ltr'><strong>inter</strong></span> <span class='ocrx_word' id='word_1_612' title='bbox 2764 3261 3028 3330; x_wconf 85' lang='lat' dir='ltr'><strong>duplicem</strong></span> <span class='ocrx_word' id='word_1_613' title='bbox 3061 3277 3274 3316; x_wconf 90' lang='lat' dir='ltr'><strong>murum</strong></span> <span class='ocrx_word' id='word_1_614' title='bbox 3310 3261 3540 3316; x_wconf 89' lang='lat' dir='ltr'><strong>duorum</strong></span> <span class='ocrx_word' id='word_1_615' title='bbox 3571 3261 3674 3318; x_wconf 71' lang='lat' dir='ltr'><strong>Te~</strong></span> 
     </span>
    </p>
   </div>
   <div class='ocr_carea' id='block_1_79' title="bbox 2090 3351 3670 3422">
    <p class='ocr_par' dir='ltr' id='par_1_79' title="bbox 2090 3351 3670 3422">
     <span class='ocr_line' id='line_1_79' title="bbox 2090 3351 3670 3422; baseline -0.003 -12"><span class='ocrx_word' id='word_1_616' title='bbox 2090 3363 2486 3410; x_wconf 88' lang='lat' dir='ltr'><strong>stamentorum</strong></span> <span class='ocrx_word' id='word_1_617' title='bbox 2508 3352 2810 3418; x_wconf 89' lang='lat' dir='ltr'><strong>constituti,</strong></span> <span class='ocrx_word' id='word_1_618' title='bbox 2834 3367 2942 3407; x_wconf 92' lang='lat' dir='ltr'><strong>non</strong></span> <span class='ocrx_word' id='word_1_619' title='bbox 2962 3351 3157 3406; x_wconf 87' lang='lat' dir='ltr'><strong>bellum</strong></span> <span class='ocrx_word' id='word_1_620' title='bbox 3203 3366 3394 3422; x_wconf 72' lang='lat' dir='ltr'><strong>gerere</strong></span> <span class='ocrx_word' id='word_1_621' title='bbox 3416 3353 3512 3408; x_wconf 87' lang='lat' dir='ltr'><strong>sed</strong></span> <span class='ocrx_word' id='word_1_622' title='bbox 3531 3353 3670 3408; x_wconf 78' lang='lat' dir='ltr'><strong>ell’u-</strong></span> 
     </span>
    </p>
   </div>
   <div class='ocr_carea' id='block_1_80' title="bbox 2089 3439 3674 3515">
    <p class='ocr_par' dir='ltr' id='par_1_80' title="bbox 2089 3439 3674 3515">
     <span class='ocr_line' id='line_1_80' title="bbox 2089 3439 3674 3515; baseline -0.001 -15"><span class='ocrx_word' id='word_1_623' title='bbox 2089 3461 2215 3515; x_wconf 88' lang='lat' dir='ltr'><strong>gere</strong></span> <span class='ocrx_word' id='word_1_624' title='bbox 2244 3451 2513 3514; x_wconf 63' lang='lat' dir='ltr'><strong>quaerunt,</strong></span> <span class='ocrx_word' id='word_1_625' title='bbox 2535 3450 2590 3496; x_wconf 87' lang='lat' dir='ltr'><strong>et</strong></span> <span class='ocrx_word' id='word_1_626' title='bbox 2613 3440 2820 3497; x_wconf 89' lang='lat' dir='ltr'><strong>deliciis</strong></span> <span class='ocrx_word' id='word_1_627' title='bbox 2841 3442 3012 3511; x_wconf 85' lang='lat' dir='ltr'><strong>magis</strong></span> <span class='ocrx_word' id='word_1_628' title='bbox 3039 3439 3298 3505; x_wconf 76' lang='lat' dir='ltr'><strong>dilllnere.</strong></span> <span class='ocrx_word' id='word_1_629' title='bbox 3335 3442 3482 3510; x_wconf 88' lang='lat' dir='ltr'><strong>quod</strong></span> <span class='ocrx_word' id='word_1_630' title='bbox 3519 3451 3674 3498; x_wconf 78' lang='lat' dir='ltr'><strong>ortus</strong></span> 
     </span>
    </p>
   </div>
   <div class='ocr_carea' id='block_1_81' title="bbox 2089 3530 3671 3604">
    <p class='ocr_par' dir='ltr' id='par_1_81' title="bbox 2089 3530 3671 3604">
     <span class='ocr_line' id='line_1_81' title="bbox 2089 3530 3671 3604; baseline -0.003 -14"><span class='ocrx_word' id='word_1_631' title='bbox 2089 3532 2377 3604; x_wconf 80' lang='lat' dir='ltr'><strong>signiﬁcat,</strong></span> <span class='ocrx_word' id='word_1_632' title='bbox 2399 3547 2559 3602; x_wconf 89' lang='lat' dir='ltr'><strong>quam</strong></span> <span class='ocrx_word' id='word_1_633' title='bbox 2581 3540 2735 3586; x_wconf 86' lang='lat' dir='ltr'><strong>scuto</strong></span> <span class='ocrx_word' id='word_1_634' title='bbox 2755 3531 2876 3585; x_wconf 82' lang='lat' dir='ltr'><strong>lldci</strong></span> <span class='ocrx_word' id='word_1_635' title='bbox 2901 3531 3143 3584; x_wconf 89' lang='lat' dir='ltr'><strong>hostibus</strong></span> <span class='ocrx_word' id='word_1_636' title='bbox 3164 3530 3451 3585; x_wconf 82' lang='lat' dir='ltr'><strong>obsistere.</strong></span> <span class='ocrx_word' id='word_1_637' title='bbox 3490 3551 3509 3583; x_wconf 69' lang='grc' dir='ltr'>ι</span> <span class='ocrx_word' id='word_1_638' title='bbox 3541 3531 3671 3586; x_wconf 87' lang='lat' dir='ltr'><strong>Per-</strong></span> 
     </span>
    </p>
   </div>
   <div class='ocr_carea' id='block_1_82' title="bbox 2089 3617 3671 3690">
    <p class='ocr_par' dir='ltr' id='par_1_82' title="bbox 2089 3617 3671 3690">
     <span class='ocr_line' id='line_1_82' title="bbox 2089 3617 3671 3690; baseline -0.006 -8"><span class='ocrx_word' id='word_1_639' title='bbox 2089 3632 2306 3682; x_wconf 88' lang='lat' dir='ltr'><strong>secutus</strong></span> <span class='ocrx_word' id='word_1_640' title='bbox 2333 3631 2418 3678; x_wconf 88' lang='lat' dir='ltr'><strong>est</strong></span> <span class='ocrx_word' id='word_1_641' title='bbox 2437 3629 2616 3676; x_wconf 89' lang='lat' dir='ltr'><strong>autem</strong></span> <span class='ocrx_word' id='word_1_642' title='bbox 2659 3619 2930 3674; x_wconf 80' lang='lat' dir='ltr'><strong>exercitus</strong></span> <span class='ocrx_word' id='word_1_643' title='bbox 2975 3617 3347 3674; x_wconf 59' lang='lat' dir='ltr'><strong>Chaldaeorum</strong></span> <span class='ocrx_word' id='word_1_644' title='bbox 3391 3633 3578 3690; x_wconf 84' lang='lat' dir='ltr'><strong>regem</strong></span> <span class='ocrx_word' id='word_1_645' title='bbox 3616 3629 3671 3674; x_wconf 91' lang='lat' dir='ltr'><strong>et</strong></span> 
     </span>
    </p>
   </div>
   <div class='ocr_carea' id='block_1_83' title="bbox 2088 3708 3665 3784">
    <p class='ocr_par' dir='ltr' id='par_1_83' title="bbox 2088 3708 3665 3784">
     <span class='ocr_line' id='line_1_83' title="bbox 2088 3708 3665 3784; baseline -0.005 -14"><span class='ocrx_word' id='word_1_646' title='bbox 2088 3713 2557 3784; x_wconf 80' lang='lat' dir='ltr'><strong>apprehenderunt</strong></span> <span class='ocrx_word' id='word_1_647' title='bbox 2571 3708 2889 3766; x_wconf 87' lang='lat' dir='ltr'><strong>Sedecbiam</strong></span> <span class='ocrx_word' id='word_1_648' title='bbox 2914 3709 2967 3763; x_wconf 93' lang='lat' dir='ltr'><strong>in</strong></span> <span class='ocrx_word' id='word_1_649' title='bbox 2985 3709 3216 3774; x_wconf 89' lang='lat' dir='ltr'><strong>deserto,</strong></span> <span class='ocrx_word' id='word_1_650' title='bbox 3239 3708 3385 3778; x_wconf 90' lang='lat' dir='ltr'><strong>quod</strong></span> <span class='ocrx_word' id='word_1_651' title='bbox 3411 3720 3496 3764; x_wconf 90' lang='lat' dir='ltr'><strong>est</strong></span> <span class='ocrx_word' id='word_1_652' title='bbox 3510 3709 3665 3780; x_wconf 72' lang='lat' dir='ltr'><strong>juxta</strong></span> 
     </span>
    </p>
   </div>
   <div class='ocr_carea' id='block_1_84' title="bbox 2087 3797 3668 3870">
    <p class='ocr_par' dir='ltr' id='par_1_84' title="bbox 2087 3797 3668 3870">
     <span class='ocr_line' id='line_1_84' title="bbox 2087 3797 3668 3870; baseline -0.006 -6"><span class='ocrx_word' id='word_1_653' title='bbox 2087 3804 2330 3870; x_wconf 66' lang='lat' dir='ltr'><strong>Iericho,</strong></span> <span class='ocrx_word' id='word_1_654' title='bbox 2369 3812 2426 3862; x_wconf 74' lang='lat' dir='ltr'><strong>et</strong></span> <span class='ocrx_word' id='word_1_655' title='bbox 2461 3804 2636 3857; x_wconf 88' lang='lat' dir='ltr'><strong>omnis</strong></span> <span class='ocrx_word' id='word_1_656' title='bbox 2663 3800 2951 3855; x_wconf 87' lang='lat' dir='ltr'><strong>comitatus</strong></span> <span class='ocrx_word' id='word_1_657' title='bbox 2983 3797 3100 3866; x_wconf 90' lang='lat' dir='ltr'><strong>ejus</strong></span> <span class='ocrx_word' id='word_1_658' title='bbox 3121 3797 3329 3870; x_wconf 67' lang='lat' dir='ltr'><strong>diﬂugit</strong></span> <span class='ocrx_word' id='word_1_659' title='bbox 3347 3799 3418 3853; x_wconf 89' lang='lat' dir='ltr'><strong>ab</strong></span> <span class='ocrx_word' id='word_1_660' title='bbox 3443 3814 3529 3864; x_wconf 88' lang='lat' dir='ltr'><strong>eo,</strong></span> <span class='ocrx_word' id='word_1_661' title='bbox 3564 3818 3584 3852; x_wconf 71' lang='grc' dir='ltr'><strong><em>ι</em></strong></span> <span class='ocrx_word' id='word_1_662' title='bbox 3612 3808 3668 3854; x_wconf 86' lang='lat' dir='ltr'><strong>et</strong></span> 
     </span>
    </p>
   </div>
   <div class='ocr_carea' id='block_1_85' title="bbox 2089 3886 3659 3963">
    <p class='ocr_par' dir='ltr' id='par_1_85' title="bbox 2089 3886 3659 3963">
     <span class='ocr_line' id='line_1_85' title="bbox 2089 3886 3659 3963; baseline -0.005 -15"><span class='ocrx_word' id='word_1_663' title='bbox 2089 3892 2313 3963; x_wconf 91' lang='lat' dir='ltr'><strong>reliqua.</strong></span> <span class='ocrx_word' id='word_1_664' title='bbox 2369 3891 2446 3946; x_wconf 92' lang='lat' dir='ltr'><strong>De</strong></span> <span class='ocrx_word' id='word_1_665' title='bbox 2463 3892 2565 3946; x_wconf 91' lang='lat' dir='ltr'><strong>hoc</strong></span> <span class='ocrx_word' id='word_1_666' title='bbox 2586 3889 2640 3944; x_wconf 90' lang='lat' dir='ltr'><strong>in</strong></span> <span class='ocrx_word' id='word_1_667' title='bbox 2666 3889 2801 3944; x_wconf 89' lang='lat' dir='ltr'><strong>libro</strong></span> <span class='ocrx_word' id='word_1_668' title='bbox 2822 3889 3026 3960; x_wconf 79' lang='lat' dir='ltr'><strong>Regum</strong></span> <span class='ocrx_word' id='word_1_669' title='bbox 3059 3889 3134 3942; x_wconf 87' lang='lat' dir='ltr'><strong>ita</strong></span> <span class='ocrx_word' id='word_1_670' title='bbox 3169 3886 3493 3959; x_wconf 79' lang='lat' dir='ltr'><strong>Iegitur(IV</strong></span> <span class='ocrx_word' id='word_1_671' title='bbox 3533 3887 3659 3958; x_wconf 83' lang='lat' dir='ltr'><strong>Reg.</strong></span> 
     </span>
    </p>
   </div>
   <div class='ocr_carea' id='block_1_86' title="bbox 2087 3977 3668 4054">
    <p class='ocr_par' dir='ltr' id='par_1_86' title="bbox 2087 3977 3668 4054">
     <span class='ocr_line' id='line_1_86' title="bbox 2087 3977 3668 4054; baseline -0.006 -14"><span class='ocrx_word' id='word_1_672' title='bbox 2087 3981 2225 4054; x_wconf 78' lang='lat' dir='ltr'><strong>xxv)</strong></span> <span class='ocrx_word' id='word_1_673' title='bbox 2257 4000 2271 4036; x_wconf 89' lang='lat'><strong>:</strong></span> <span class='ocrx_word' id='word_1_674' title='bbox 2305 4001 2322 4033; x_wconf 74' lang='grc' dir='ltr'>ι</span> <span class='ocrx_word' id='word_1_675' title='bbox 2341 3981 2499 4053; x_wconf 83' lang='lat' dir='ltr'><strong>Fugit</strong></span> <span class='ocrx_word' id='word_1_676' title='bbox 2528 3980 2709 4050; x_wconf 86' lang='lat' dir='ltr'><strong>itaque</strong></span> <span class='ocrx_word' id='word_1_677' title='bbox 2738 3977 3029 4033; x_wconf 87' lang='lat' dir='ltr'><strong>Sedecbias</strong></span> <span class='ocrx_word' id='word_1_678' title='bbox 3050 3990 3150 4047; x_wconf 89' lang='lat' dir='ltr'><strong>per</strong></span> <span class='ocrx_word' id='word_1_679' title='bbox 3178 3977 3320 4031; x_wconf 88' lang='lat' dir='ltr'><strong>viam</strong></span> <span class='ocrx_word' id='word_1_680' title='bbox 3348 3992 3470 4046; x_wconf 73' lang='lat' dir='ltr'><strong>qua:</strong></span> <span class='ocrx_word' id='word_1_681' title='bbox 3522 3977 3668 4032; x_wconf 85' lang='lat' dir='ltr'><strong>ducit</strong></span> 
     </span>
    </p>
   </div>
   <div class='ocr_carea' id='block_1_87' title="bbox 2090 4069 3666 4141">
    <p class='ocr_par' dir='ltr' id='par_1_87' title="bbox 2090 4069 3666 4141">
     <span class='ocr_line' id='line_1_87' title="bbox 2090 4069 3666 4141; baseline -0.004 -14"><span class='ocrx_word' id='word_1_682' title='bbox 2090 4073 2159 4129; x_wconf 91' lang='lat' dir='ltr'><strong>ad</strong></span> <span class='ocrx_word' id='word_1_683' title='bbox 2193 4071 2514 4141; x_wconf 82' lang='lat' dir='ltr'><strong>campestria</strong></span> <span class='ocrx_word' id='word_1_684' title='bbox 2535 4069 2856 4133; x_wconf 79' lang='lat' dir='ltr'><strong>solitudinis,</strong></span> <span class='ocrx_word' id='word_1_685' title='bbox 2887 4075 2944 4123; x_wconf 91' lang='lat' dir='ltr'><strong>et</strong></span> <span class='ocrx_word' id='word_1_686' title='bbox 2969 4076 3285 4138; x_wconf 82' lang='lat' dir='ltr'><strong>persecutus</strong></span> <span class='ocrx_word' id='word_1_687' title='bbox 3315 4076 3400 4123; x_wconf 89' lang='lat' dir='ltr'><strong>est</strong></span> <span class='ocrx_word' id='word_1_688' title='bbox 3455 4069 3666 4123; x_wconf 73' lang='lat' dir='ltr'><strong>exerci-</strong></span> 
     </span>
    </p>
   </div>
   <div class='ocr_carea' id='block_1_88' title="bbox 2089 4157 3663 4230">
    <p class='ocr_par' dir='ltr' id='par_1_88' title="bbox 2089 4157 3663 4230">
     <span class='ocr_line' id='line_1_88' title="bbox 2089 4157 3663 4230; baseline -0.005 -10"><span class='ocrx_word' id='word_1_689' title='bbox 2089 4173 2177 4220; x_wconf 90' lang='lat' dir='ltr'><strong>tus</strong></span> <span class='ocrx_word' id='word_1_690' title='bbox 2227 4162 2596 4218; x_wconf 60' lang='lat' dir='ltr'><strong>Chaldaeorum</strong></span> <span class='ocrx_word' id='word_1_691' title='bbox 2637 4175 2843 4230; x_wconf 87' lang='lat' dir='ltr'><strong>regem,</strong></span> <span class='ocrx_word' id='word_1_692' title='bbox 2888 4157 3400 4229; x_wconf 83' lang='lat' dir='ltr'><strong>eomprehenditque</strong></span> <span class='ocrx_word' id='word_1_693' title='bbox 3447 4173 3570 4212; x_wconf 89' lang='lat' dir='ltr'><strong>eum</strong></span> <span class='ocrx_word' id='word_1_694' title='bbox 3613 4159 3663 4212; x_wconf 82' lang='lat' dir='ltr'><strong>in</strong></span> 
     </span>
    </p>
   </div>
   <div class='ocr_carea' id='block_1_89' title="bbox 2087 4249 3662 4330">
    <p class='ocr_par' dir='ltr' id='par_1_89' title="bbox 2087 4249 3662 4330">
     <span class='ocr_line' id='line_1_89' title="bbox 2087 4249 3662 4330; baseline -0.006 -20"><span class='ocrx_word' id='word_1_695' title='bbox 2087 4255 2310 4330; x_wconf 89' lang='lat' dir='ltr'><strong>planitie</strong></span> <span class='ocrx_word' id='word_1_696' title='bbox 2331 4254 2566 4315; x_wconf 70' lang='lat' dir='ltr'><strong>Iericho,</strong></span> <span class='ocrx_word' id='word_1_697' title='bbox 2619 4259 2675 4308; x_wconf 91' lang='lat' dir='ltr'><strong>et</strong></span> <span class='ocrx_word' id='word_1_698' title='bbox 2697 4265 2886 4308; x_wconf 88' lang='lat' dir='ltr'><strong>omnes</strong></span> <span class='ocrx_word' id='word_1_699' title='bbox 2912 4249 3202 4305; x_wconf 89' lang='lat' dir='ltr'><strong>bellatores</strong></span> <span class='ocrx_word' id='word_1_700' title='bbox 3228 4251 3319 4320; x_wconf 89' lang='lat' dir='ltr'><strong>qui</strong></span> <span class='ocrx_word' id='word_1_701' title='bbox 3365 4260 3662 4305; x_wconf 85' lang='lat' dir='ltr'><strong>erantcum</strong></span> 
     </span>
    </p>
   </div>
   <div class='ocr_carea' id='block_1_90' title="bbox 2089 4342 3658 4420">
    <p class='ocr_par' dir='ltr' id='par_1_90' title="bbox 2089 4342 3658 4420">
     <span class='ocr_line' id='line_1_90' title="bbox 2089 4342 3658 4420; baseline -0.008 -14"><span class='ocrx_word' id='word_1_702' title='bbox 2089 4365 2154 4406; x_wconf 91' lang='lat' dir='ltr'><strong>eo</strong></span> <span class='ocrx_word' id='word_1_703' title='bbox 2181 4349 2406 4420; x_wconf 87' lang='lat' dir='ltr'><strong>dispersi</strong></span> <span class='ocrx_word' id='word_1_704' title='bbox 2429 4355 2577 4411; x_wconf 89' lang='lat' dir='ltr'><strong>sunt,</strong></span> <span class='ocrx_word' id='word_1_705' title='bbox 2623 4355 2679 4402; x_wconf 90' lang='lat' dir='ltr'><strong>et</strong></span> <span class='ocrx_word' id='word_1_706' title='bbox 2733 4344 3247 4412; x_wconf 79' lang='lat' dir='ltr'><strong>reliquerunteum,</strong></span> <span class='ocrx_word' id='word_1_707' title='bbox 3287 4361 3305 4395; x_wconf 71' lang='grc' dir='ltr'>ι</span> <span class='ocrx_word' id='word_1_708' title='bbox 3339 4353 3395 4398; x_wconf 87' lang='lat' dir='ltr'><strong>et</strong></span> <span class='ocrx_word' id='word_1_709' title='bbox 3436 4342 3658 4412; x_wconf 87' lang='lat' dir='ltr'><strong>reliqua.</strong></span> 
     </span>
    </p>
   </div>
   <div class='ocr_carea' id='block_1_91' title="bbox 2090 4435 3666 4512">
    <p class='ocr_par' dir='ltr' id='par_1_91' title="bbox 2090 4435 3666 4512">
     <span class='ocr_line' id='line_1_91' title="bbox 2090 4435 3666 4512; baseline -0.005 -16"><span class='ocrx_word' id='word_1_710' title='bbox 2090 4441 2332 4512; x_wconf 81' lang='lat' dir='ltr'><strong>Malignis</strong></span> <span class='ocrx_word' id='word_1_711' title='bbox 2362 4437 2638 4510; x_wconf 86' lang='lat' dir='ltr'><strong>spiritibus</strong></span> <span class='ocrx_word' id='word_1_712' title='bbox 2674 4435 2928 4506; x_wconf 83' lang='lat' dir='ltr'><strong>populum</strong></span> <span class='ocrx_word' id='word_1_713' title='bbox 2975 4435 3436 4490; x_wconf 77' lang='lat' dir='ltr'><strong>circunnlantibus</strong></span> <span class='ocrx_word' id='word_1_714' title='bbox 3490 4443 3666 4489; x_wconf 84' lang='lat' dir='ltr'><strong>rector</strong></span> 
     </span>
    </p>
   </div>
   <div class='ocr_carea' id='block_1_92' title="bbox 416 4519 3662 4602">
    <p class='ocr_par' dir='ltr' id='par_1_92' title="bbox 416 4519 3662 4602">
     <span class='ocr_line' id='line_1_92' title="bbox 416 4519 3662 4602; baseline -0.001 -19"><span class='ocrx_word' id='word_1_715' title='bbox 416 4552 436 4583; x_wconf 79' lang='grc' dir='ltr'>ι</span> <span class='ocrx_word' id='word_1_716' title='bbox 468 4531 751 4602; x_wconf 88' lang='lat' dir='ltr'><strong>projiceret</strong></span> <span class='ocrx_word' id='word_1_717' title='bbox 771 4546 864 4586; x_wconf 92' lang='lat' dir='ltr'><strong>eos</strong></span> <span class='ocrx_word' id='word_1_718' title='bbox 892 4548 923 4586; x_wconf 90' lang='lat' dir='ltr'><strong>a</strong></span> <span class='ocrx_word' id='word_1_719' title='bbox 962 4532 1098 4587; x_wconf 86' lang='lat' dir='ltr'><strong>facie</strong></span> <span class='ocrx_word' id='word_1_720' title='bbox 1120 4548 1236 4596; x_wconf 89' lang='lat' dir='ltr'><strong>sua,</strong></span> <span class='ocrx_word' id='word_1_721' title='bbox 1263 4539 1322 4586; x_wconf 88' lang='lat' dir='ltr'><strong>et</strong></span> <span class='ocrx_word' id='word_1_722' title='bbox 1349 4533 1571 4587; x_wconf 82' lang='lat' dir='ltr'><strong>recessit</strong></span> <span class='ocrx_word' id='word_1_723' title='bbox 1619 4532 1908 4588; x_wconf 76' lang='lat' dir='ltr'><strong>Sedecltias</strong></span> <span class='ocrx_word' id='word_1_724' title='bbox 1952 4549 1984 4588; x_wconf 91' lang='lat' dir='ltr'><strong>a</strong></span> <span class='ocrx_word' id='word_1_725' title='bbox 2009 4519 2062 4580; x_wconf 89' lang='grc' dir='ltr'>Ῑ)</span> <span class='ocrx_word' id='word_1_726' title='bbox 2087 4548 2194 4590; x_wconf 92' lang='lat' dir='ltr'><strong>non</strong></span> <span class='ocrx_word' id='word_1_727' title='bbox 2223 4529 2357 4601; x_wconf 86' lang='lat' dir='ltr'><strong>fugit</strong></span> <span class='ocrx_word' id='word_1_728' title='bbox 2383 4529 2449 4584; x_wconf 88' lang='lat' dir='ltr'><strong>ad</strong></span> <span class='ocrx_word' id='word_1_729' title='bbox 2491 4537 2719 4591; x_wconf 90' lang='lat' dir='ltr'><strong>montes,</strong></span> <span class='ocrx_word' id='word_1_730' title='bbox 2747 4526 2815 4580; x_wconf 91' lang='lat' dir='ltr'><strong>de</strong></span> <span class='ocrx_word' id='word_1_731' title='bbox 2834 4525 3029 4595; x_wconf 88' lang='lat' dir='ltr'><strong>quibus</strong></span> <span class='ocrx_word' id='word_1_732' title='bbox 3044 4525 3301 4594; x_wconf 87' lang='lat' dir='ltr'><strong>scriptum</strong></span> <span class='ocrx_word' id='word_1_733' title='bbox 3329 4535 3452 4580; x_wconf 90' lang='lat' dir='ltr'><strong>est:</strong></span> <span class='ocrx_word' id='word_1_734' title='bbox 3479 4545 3502 4576; x_wconf 82' lang='lat' dir='ltr'><strong>r</strong></span> <span class='ocrx_word' id='word_1_735' title='bbox 3521 4524 3662 4580; x_wconf 59' lang='grc' dir='ltr'><strong>Μοιιη</strong></span> 
     </span>
    </p>
   </div>
   <div class='ocr_carea' id='block_1_93' title="bbox 415 4618 1985 4694">
    <p class='ocr_par' dir='ltr' id='par_1_93' title="bbox 415 4618 1985 4694">
     <span class='ocr_line' id='line_1_93' title="bbox 415 4618 1985 4694; baseline 0.004 -22"><span class='ocrx_word' id='word_1_736' title='bbox 415 4640 434 4672; x_wconf 74' lang='grc' dir='ltr'>ι</span> <span class='ocrx_word' id='word_1_737' title='bbox 469 4634 594 4691; x_wconf 86' lang='lat' dir='ltr'><strong>rege</strong></span> <span class='ocrx_word' id='word_1_738' title='bbox 639 4618 947 4691; x_wconf 85' lang='lat' dir='ltr'><strong>Babylonis.</strong></span> <span class='ocrx_word' id='word_1_739' title='bbox 981 4641 999 4672; x_wconf 71' lang='grc' dir='ltr'><strong><em>ι</em></strong></span> <span class='ocrx_word' id='word_1_740' title='bbox 1030 4622 1337 4693; x_wconf 55' lang='lat' dir='ltr'><strong>(ahenos)</strong></span> <span class='ocrx_word' id='word_1_741' title='bbox 1366 4621 1668 4678; x_wconf 82' lang='lat' dir='ltr'><strong>Notandum</strong></span> <span class='ocrx_word' id='word_1_742' title='bbox 1689 4639 1818 4694; x_wconf 89' lang='lat' dir='ltr'><strong>ergo</strong></span> <span class='ocrx_word' id='word_1_743' title='bbox 1843 4624 1985 4692; x_wconf 89' lang='lat' dir='ltr'><strong>quod</strong></span> 
     </span>
    </p>
   </div>
   <div class='ocr_carea' id='block_1_94' title="bbox 413 4714 1986 4784">
    <p class='ocr_par' dir='ltr' id='par_1_94' title="bbox 413 4714 1986 4784">
     <span class='ocr_line' id='line_1_94' title="bbox 413 4714 1986 4784; baseline 0 -14"><span class='ocrx_word' id='word_1_744' title='bbox 413 4716 527 4770; x_wconf 68' lang='lat' dir='ltr'><strong>haec</strong></span> <span class='ocrx_word' id='word_1_745' title='bbox 551 4714 774 4768; x_wconf 84' lang='lat' dir='ltr'><strong>historia</strong></span> <span class='ocrx_word' id='word_1_746' title='bbox 798 4729 917 4782; x_wconf 71' lang='lat' dir='ltr'><strong>qua:</strong></span> <span class='ocrx_word' id='word_1_747' title='bbox 939 4723 1157 4784; x_wconf 89' lang='lat' dir='ltr'><strong>captum</strong></span> <span class='ocrx_word' id='word_1_748' title='bbox 1180 4714 1500 4769; x_wconf 90' lang='lat' dir='ltr'><strong>Sedecbiam</strong></span> <span class='ocrx_word' id='word_1_749' title='bbox 1525 4715 1708 4780; x_wconf 86' lang='lat' dir='ltr'><strong>refert,</strong></span> <span class='ocrx_word' id='word_1_750' title='bbox 1726 4730 1790 4770; x_wconf 89' lang='lat' dir='ltr'><strong>ac</strong></span> <span class='ocrx_word' id='word_1_751' title='bbox 1803 4724 1986 4770; x_wconf 88' lang='lat' dir='ltr'><strong>vasta-</strong></span> 
     </span>
    </p>
   </div>
   <div class='ocr_carea' id='block_1_95' title="bbox 415 4801 1988 4872">
    <p class='ocr_par' dir='ltr' id='par_1_95' title="bbox 415 4801 1988 4872">
     <span class='ocr_line' id='line_1_95' title="bbox 415 4801 1988 4872; baseline -0.001 -13"><span class='ocrx_word' id='word_1_752' title='bbox 415 4815 523 4859; x_wconf 89' lang='lat' dir='ltr'><strong>tam</strong></span> <span class='ocrx_word' id='word_1_753' title='bbox 547 4803 732 4857; x_wconf 89' lang='lat' dir='ltr'><strong>urbem</strong></span> <span class='ocrx_word' id='word_1_754' title='bbox 763 4801 1096 4862; x_wconf 79' lang='lat' dir='ltr'><strong>Hierusalem</strong></span> <span class='ocrx_word' id='word_1_755' title='bbox 1121 4818 1150 4856; x_wconf 88' lang='lat' dir='ltr'><strong>a</strong></span> <span class='ocrx_word' id='word_1_756' title='bbox 1173 4802 1458 4867; x_wconf 64' lang='lat' dir='ltr'><strong>Chaldaeis,</strong></span> <span class='ocrx_word' id='word_1_757' title='bbox 1489 4818 1626 4872; x_wconf 89' lang='lat' dir='ltr'><strong>pene</strong></span> <span class='ocrx_word' id='word_1_758' title='bbox 1655 4805 1818 4858; x_wconf 88' lang='lat' dir='ltr'><strong>simili</strong></span> <span class='ocrx_word' id='word_1_759' title='bbox 1862 4820 1988 4859; x_wconf 87' lang='lat' dir='ltr'><strong>nar-</strong></span> 
     </span>
    </p>
   </div>
   <div class='ocr_carea' id='block_1_96' title="bbox 415 4891 1984 4963">
    <p class='ocr_par' dir='ltr' id='par_1_96' title="bbox 415 4891 1984 4963">
     <span class='ocr_line' id='line_1_96' title="bbox 415 4891 1984 4963; baseline -0.001 -13"><span class='ocrx_word' id='word_1_760' title='bbox 415 4893 700 4950; x_wconf 88' lang='lat' dir='ltr'><strong>rationein</strong></span> <span class='ocrx_word' id='word_1_761' title='bbox 730 4892 866 4948; x_wconf 90' lang='lat' dir='ltr'><strong>libro</strong></span> <span class='ocrx_word' id='word_1_762' title='bbox 887 4891 1091 4963; x_wconf 77' lang='lat' dir='ltr'><strong>Regum</strong></span> <span class='ocrx_word' id='word_1_763' title='bbox 1129 4892 1455 4951; x_wconf 86' lang='lat' dir='ltr'><strong>continetur.</strong></span> <span class='ocrx_word' id='word_1_764' title='bbox 1521 4891 1668 4947; x_wconf 87' lang='lat' dir='ltr'><strong>Unde</strong></span> <span class='ocrx_word' id='word_1_765' title='bbox 1720 4895 1984 4962; x_wconf 80' lang='lat' dir='ltr'><strong>qumdam,</strong></span> 
     </span>
    </p>
   </div>
   <div class='ocr_carea' id='block_1_97' title="bbox 413 4987 1989 5061">
    <p class='ocr_par' dir='ltr' id='par_1_97' title="bbox 413 4987 1989 5061">
     <span class='ocr_line' id='line_1_97' title="bbox 413 4987 1989 5061; baseline -0.002 -16"><span class='ocrx_word' id='word_1_766' title='bbox 413 5005 532 5061; x_wconf 65' lang='lat' dir='ltr'><strong>quae</strong></span> <span class='ocrx_word' id='word_1_767' title='bbox 559 4989 614 5044; x_wconf 93' lang='lat' dir='ltr'><strong>in</strong></span> <span class='ocrx_word' id='word_1_768' title='bbox 649 4989 764 5060; x_wconf 91' lang='lat' dir='ltr'><strong>ejus</strong></span> <span class='ocrx_word' id='word_1_769' title='bbox 791 4987 912 5044; x_wconf 88' lang='lat' dir='ltr'><strong>libri</strong></span> <span class='ocrx_word' id='word_1_770' title='bbox 941 4987 1292 5056; x_wconf 79' lang='lat' dir='ltr'><strong>expositione,</strong></span> <span class='ocrx_word' id='word_1_771' title='bbox 1325 5001 1486 5056; x_wconf 89' lang='lat' dir='ltr'><strong>quam</strong></span> <span class='ocrx_word' id='word_1_772' title='bbox 1513 4996 1639 5042; x_wconf 90' lang='lat' dir='ltr'><strong>ante</strong></span> <span class='ocrx_word' id='word_1_773' title='bbox 1681 5003 1851 5043; x_wconf 85' lang='lat' dir='ltr'><strong>annos</strong></span> <span class='ocrx_word' id='word_1_774' title='bbox 1892 4989 1989 5042; x_wconf 88' lang='lat' dir='ltr'><strong>ali-</strong></span> 
     </span>
    </p>
   </div>
   <div class='ocr_carea' id='block_1_98' title="bbox 412 5079 1990 5153">
    <p class='ocr_par' dir='ltr' id='par_1_98' title="bbox 412 5079 1990 5153">
     <span class='ocr_line' id='line_1_98' title="bbox 412 5079 1990 5153; baseline 0 -18"><span class='ocrx_word' id='word_1_775' title='bbox 412 5089 544 5153; x_wconf 91' lang='lat' dir='ltr'><strong>quot</strong></span> <span class='ocrx_word' id='word_1_776' title='bbox 589 5081 874 5146; x_wconf 83' lang='lat' dir='ltr'><strong>edidimus,</strong></span> <span class='ocrx_word' id='word_1_777' title='bbox 909 5079 1022 5150; x_wconf 84' lang='lat' dir='ltr'><strong>jam</strong></span> <span class='ocrx_word' id='word_1_778' title='bbox 1067 5079 1206 5134; x_wconf 89' lang='lat' dir='ltr'><strong>dicta</strong></span> <span class='ocrx_word' id='word_1_779' title='bbox 1255 5087 1397 5143; x_wconf 90' lang='lat' dir='ltr'><strong>sunt,</strong></span> <span class='ocrx_word' id='word_1_780' title='bbox 1449 5079 1537 5132; x_wconf 86' lang='lat' dir='ltr'><strong>hic</strong></span> <span class='ocrx_word' id='word_1_781' title='bbox 1579 5081 1822 5150; x_wconf 90' lang='lat' dir='ltr'><strong>ponenda</strong></span> <span class='ocrx_word' id='word_1_782' title='bbox 1872 5094 1990 5135; x_wconf 89' lang='lat' dir='ltr'><strong>esse</strong></span> 
     </span>
    </p>
   </div>
   <div class='ocr_carea' id='block_1_99' title="bbox 416 5169 1988 5241">
    <p class='ocr_par' dir='ltr' id='par_1_99' title="bbox 416 5169 1988 5241">
     <span class='ocr_line' id='line_1_99' title="bbox 416 5169 1988 5241; baseline -0.001 -15"><span class='ocrx_word' id='word_1_783' title='bbox 416 5185 702 5228; x_wconf 89' lang='lat' dir='ltr'><strong>censemus</strong></span> <span class='ocrx_word' id='word_1_784' title='bbox 727 5191 740 5227; x_wconf 91' lang='lat'><strong>:</strong></span> <span class='ocrx_word' id='word_1_785' title='bbox 773 5190 791 5222; x_wconf 74' lang='lat' dir='ltr'><strong>t</strong></span> <span class='ocrx_word' id='word_1_786' title='bbox 822 5171 1044 5226; x_wconf 83' lang='lat' dir='ltr'><strong>Factum</strong></span> <span class='ocrx_word' id='word_1_787' title='bbox 1072 5179 1155 5225; x_wconf 90' lang='lat' dir='ltr'><strong>est</strong></span> <span class='ocrx_word' id='word_1_788' title='bbox 1181 5171 1232 5224; x_wconf 93' lang='lat' dir='ltr'><strong>in</strong></span> <span class='ocrx_word' id='word_1_789' title='bbox 1265 5184 1404 5224; x_wconf 89' lang='lat' dir='ltr'><strong>anno</strong></span> <span class='ocrx_word' id='word_1_790' title='bbox 1431 5185 1572 5225; x_wconf 91' lang='lat' dir='ltr'><strong>nono</strong></span> <span class='ocrx_word' id='word_1_791' title='bbox 1598 5171 1744 5241; x_wconf 89' lang='lat' dir='ltr'><strong>regni</strong></span> <span class='ocrx_word' id='word_1_792' title='bbox 1775 5169 1891 5238; x_wconf 89' lang='lat' dir='ltr'><strong>ejus</strong></span> <span class='ocrx_word' id='word_1_793' title='bbox 1935 5171 1988 5225; x_wconf 91' lang='lat' dir='ltr'><strong>in</strong></span> 
     </span>
    </p>
   </div>
   <div class='ocr_carea' id='block_1_100' title="bbox 417 5260 1994 5326">
    <p class='ocr_par' dir='ltr' id='par_1_100' title="bbox 417 5260 1994 5326">
     <span class='ocr_line' id='line_1_100' title="bbox 417 5260 1994 5326; baseline 0 -12"><span class='ocrx_word' id='word_1_794' title='bbox 417 5277 600 5317; x_wconf 90' lang='lat' dir='ltr'><strong>mense</strong></span> <span class='ocrx_word' id='word_1_795' title='bbox 629 5263 857 5326; x_wconf 88' lang='lat' dir='ltr'><strong>decimo,</strong></span> <span class='ocrx_word' id='word_1_796' title='bbox 895 5262 1101 5318; x_wconf 90' lang='lat' dir='ltr'><strong>decima</strong></span> <span class='ocrx_word' id='word_1_797' title='bbox 1135 5263 1220 5316; x_wconf 90' lang='lat' dir='ltr'><strong>die</strong></span> <span class='ocrx_word' id='word_1_798' title='bbox 1253 5261 1474 5325; x_wconf 88' lang='lat' dir='ltr'><strong>mensis,</strong></span> <span class='ocrx_word' id='word_1_799' title='bbox 1522 5260 1668 5315; x_wconf 87' lang='lat' dir='ltr'><strong>venit</strong></span> <span class='ocrx_word' id='word_1_800' title='bbox 1711 5261 1994 5315; x_wconf 79' lang='lat' dir='ltr'><strong>Nabucho-</strong></span> 
     </span>
    </p>
   </div>
   <div class='ocr_carea' id='block_1_101' title="bbox 418 5349 1992 5422">
    <p class='ocr_par' dir='ltr' id='par_1_101' title="bbox 418 5349 1992 5422">
     <span class='ocr_line' id='line_1_101' title="bbox 418 5349 1992 5422; baseline 0.001 -18"><span class='ocrx_word' id='word_1_801' title='bbox 418 5351 654 5405; x_wconf 89' lang='lat' dir='ltr'><strong>donosor</strong></span> <span class='ocrx_word' id='word_1_802' title='bbox 673 5367 765 5406; x_wconf 83' lang='lat' dir='ltr'><strong>rex</strong></span> <span class='ocrx_word' id='word_1_803' title='bbox 787 5352 1094 5422; x_wconf 83' lang='lat' dir='ltr'><strong>Babylonis,</strong></span> <span class='ocrx_word' id='word_1_804' title='bbox 1125 5353 1236 5422; x_wconf 89' lang='lat' dir='ltr'><strong>ipse</strong></span> <span class='ocrx_word' id='word_1_805' title='bbox 1256 5359 1309 5405; x_wconf 90' lang='lat' dir='ltr'><strong>et</strong></span> <span class='ocrx_word' id='word_1_806' title='bbox 1341 5349 1515 5405; x_wconf 89' lang='lat' dir='ltr'><strong>omnis</strong></span> <span class='ocrx_word' id='word_1_807' title='bbox 1561 5350 1831 5404; x_wconf 83' lang='lat' dir='ltr'><strong>exercitus</strong></span> <span class='ocrx_word' id='word_1_808' title='bbox 1878 5350 1992 5419; x_wconf 86' lang='lat' dir='ltr'><strong>ejus</strong></span> 
     </span>
    </p>
   </div>
   <div class='ocr_carea' id='block_1_102' title="bbox 419 5440 1992 5506">
    <p class='ocr_par' dir='ltr' id='par_1_102' title="bbox 419 5440 1992 5506">
     <span class='ocr_line' id='line_1_102' title="bbox 419 5440 1992 5506; baseline 0 -12"><span class='ocrx_word' id='word_1_809' title='bbox 419 5440 676 5495; x_wconf 84' lang='lat' dir='ltr'><strong>adversus</strong></span> <span class='ocrx_word' id='word_1_810' title='bbox 702 5441 1053 5506; x_wconf 79' lang='lat' dir='ltr'><strong>Hierusalem,</strong></span> <span class='ocrx_word' id='word_1_811' title='bbox 1083 5452 1139 5496; x_wconf 88' lang='lat' dir='ltr'><strong>et</strong></span> <span class='ocrx_word' id='word_1_812' title='bbox 1167 5440 1491 5496; x_wconf 85' lang='lat' dir='ltr'><strong>obsederunt</strong></span> <span class='ocrx_word' id='word_1_813' title='bbox 1520 5456 1678 5505; x_wconf 89' lang='lat' dir='ltr'><strong>.eam,</strong></span> <span class='ocrx_word' id='word_1_814' title='bbox 1731 5449 1785 5494; x_wconf 74' lang='lat' dir='ltr'><strong>tl</strong></span> <span class='ocrx_word' id='word_1_815' title='bbox 1823 5441 1992 5495; x_wconf 62' lang='lat' dir='ltr'><strong>aedili-</strong></span> 
     </span>
    </p>
   </div>
   <div class='ocr_carea' id='block_1_103' title="bbox 420 5529 1996 5588">
    <p class='ocr_par' dir='ltr' id='par_1_103' title="bbox 420 5529 1996 5588">
     <span class='ocr_line' id='line_1_103' title="bbox 420 5529 1996 5588; baseline 0.002 -5"><span class='ocrx_word' id='word_1_816' title='bbox 420 5539 679 5585; x_wconf 89' lang='lat' dir='ltr'><strong>caverunt</strong></span> <span class='ocrx_word' id='word_1_817' title='bbox 705 5543 890 5588; x_wconf 89' lang='lat' dir='ltr'><strong>contra</strong></span> <span class='ocrx_word' id='word_1_818' title='bbox 915 5547 1034 5587; x_wconf 89' lang='lat' dir='ltr'><strong>eam</strong></span> <span class='ocrx_word' id='word_1_819' title='bbox 1059 5533 1387 5588; x_wconf 87' lang='lat' dir='ltr'><strong>munitiones</strong></span> <span class='ocrx_word' id='word_1_820' title='bbox 1412 5531 1464 5585; x_wconf 91' lang='lat' dir='ltr'><strong>in</strong></span> <span class='ocrx_word' id='word_1_821' title='bbox 1492 5530 1738 5586; x_wconf 90' lang='lat' dir='ltr'><strong>circuitu.</strong></span> <span class='ocrx_word' id='word_1_822' title='bbox 1782 5530 1850 5584; x_wconf 90' lang='lat' dir='ltr'><strong>Et</strong></span> <span class='ocrx_word' id='word_1_823' title='bbox 1896 5529 1996 5586; x_wconf 90' lang='lat' dir='ltr'><strong>fuit</strong></span> 
     </span>
    </p>
   </div>
   <div class='ocr_carea' id='block_1_104' title="bbox 421 5619 2003 5692">
    <p class='ocr_par' dir='ltr' id='par_1_104' title="bbox 421 5619 2003 5692">
     <span class='ocr_line' id='line_1_104' title="bbox 421 5619 2003 5692; baseline 0 -16"><span class='ocrx_word' id='word_1_824' title='bbox 421 5619 611 5676; x_wconf 81' lang='lat' dir='ltr'><strong>civitas</strong></span> <span class='ocrx_word' id='word_1_825' title='bbox 630 5620 846 5678; x_wconf 88' lang='lat' dir='ltr'><strong>obsessa</strong></span> <span class='ocrx_word' id='word_1_826' title='bbox 895 5638 1063 5692; x_wconf 85' lang='lat' dir='ltr'><strong>usque</strong></span> <span class='ocrx_word' id='word_1_827' title='bbox 1107 5624 1172 5678; x_wconf 90' lang='lat' dir='ltr'><strong>ad</strong></span> <span class='ocrx_word' id='word_1_828' title='bbox 1219 5623 1557 5678; x_wconf 90' lang='lat' dir='ltr'><strong>undecimum</strong></span> <span class='ocrx_word' id='word_1_829' title='bbox 1604 5637 1802 5676; x_wconf 87' lang='lat' dir='ltr'><strong>annum</strong></span> <span class='ocrx_word' id='word_1_830' title='bbox 1846 5622 2003 5692; x_wconf 82' lang='lat' dir='ltr'><strong>regni</strong></span> 
     </span>
    </p>
   </div>
   <div class='ocr_carea' id='block_1_105' title="bbox 424 5708 2002 5787">
    <p class='ocr_par' dir='ltr' id='par_1_105' title="bbox 424 5708 2002 5787">
     <span class='ocr_line' id='line_1_105' title="bbox 424 5708 2002 5787; baseline 0.002 -22"><span class='ocrx_word' id='word_1_831' title='bbox 424 5708 719 5772; x_wconf 66' lang='lat' dir='ltr'><strong>Sedecltim.</strong></span> <span class='ocrx_word' id='word_1_832' title='bbox 771 5712 950 5772; x_wconf 82' lang='lat' dir='ltr'><strong>Mense</strong></span> <span class='ocrx_word' id='word_1_833' title='bbox 992 5719 1169 5768; x_wconf 86' lang='lat' dir='ltr'><strong>autem</strong></span> <span class='ocrx_word' id='word_1_834' title='bbox 1212 5722 1406 5787; x_wconf 86' lang='lat' dir='ltr'><strong>quarto</strong></span> <span class='ocrx_word' id='word_1_835' title='bbox 1448 5728 1589 5770; x_wconf 90' lang='lat' dir='ltr'><strong>nona</strong></span> <span class='ocrx_word' id='word_1_836' title='bbox 1639 5711 1725 5774; x_wconf 80' lang='lat' dir='ltr'><strong>die</strong></span> <span class='ocrx_word' id='word_1_837' title='bbox 1773 5713 2002 5785; x_wconf 76' lang='lat' dir='ltr'><strong>mensis,</strong></span> 
     </span>
    </p>
   </div>
   <div class='ocr_carea' id='block_1_106' title="bbox 2090 4616 3658 4688">
    <p class='ocr_par' dir='ltr' id='par_1_106' title="bbox 2090 4616 3658 4688">
     <span class='ocr_line' id='line_1_106' title="bbox 2090 4616 3658 4688; baseline -0.003 -11"><span class='ocrx_word' id='word_1_838' title='bbox 2090 4631 2172 4678; x_wconf 90' lang='lat' dir='ltr'><strong>tes</strong></span> <span class='ocrx_word' id='word_1_839' title='bbox 2195 4622 2248 4676; x_wconf 91' lang='lat' dir='ltr'><strong>in</strong></span> <span class='ocrx_word' id='word_1_840' title='bbox 2275 4619 2503 4674; x_wconf 90' lang='lat' dir='ltr'><strong>circuitu</strong></span> <span class='ocrx_word' id='word_1_841' title='bbox 2525 4617 2660 4684; x_wconf 76' lang='lat' dir='ltr'><strong>ejus,</strong></span> <span class='ocrx_word' id='word_1_842' title='bbox 2700 4625 2754 4672; x_wconf 88' lang='lat' dir='ltr'><strong>et</strong></span> <span class='ocrx_word' id='word_1_843' title='bbox 2803 4616 3058 4671; x_wconf 87' lang='lat' dir='ltr'><strong>Dominus</strong></span> <span class='ocrx_word' id='word_1_844' title='bbox 3103 4617 3159 4670; x_wconf 92' lang='lat' dir='ltr'><strong>in</strong></span> <span class='ocrx_word' id='word_1_845' title='bbox 3208 4618 3436 4672; x_wconf 87' lang='lat' dir='ltr'><strong>circuitu</strong></span> <span class='ocrx_word' id='word_1_846' title='bbox 3487 4617 3658 4688; x_wconf 83' lang='lat' dir='ltr'><strong>populi</strong></span> 
     </span>
    </p>
   </div>
   <div class='ocr_carea' id='block_1_107' title="bbox 2090 4707 3656 4783">
    <p class='ocr_par' dir='ltr' id='par_1_107' title="bbox 2090 4707 3656 4783">
     <span class='ocr_line' id='line_1_107' title="bbox 2090 4707 3656 4783; baseline -0.004 -16"><span class='ocrx_word' id='word_1_847' title='bbox 2090 4713 2174 4770; x_wconf 91' lang='lat' dir='ltr'><strong>sui</strong></span> <span class='ocrx_word' id='word_1_848' title='bbox 2207 4709 2388 4783; x_wconf 67' lang='lat' dir='ltr'><strong>(Paul.</strong></span> <span class='ocrx_word' id='word_1_849' title='bbox 2446 4709 2661 4780; x_wconf 56' lang='grc' dir='ltr'><strong>σχειν),</strong></span> <span class='ocrx_word' id='word_1_850' title='bbox 2698 4727 2716 4759; x_wconf 81' lang='grc'>›</span> <span class='ocrx_word' id='word_1_851' title='bbox 2760 4708 2854 4762; x_wconf 87' lang='lat' dir='ltr'><strong>sed</strong></span> <span class='ocrx_word' id='word_1_852' title='bbox 2886 4707 2956 4760; x_wconf 88' lang='lat' dir='ltr'><strong>ad</strong></span> <span class='ocrx_word' id='word_1_853' title='bbox 2983 4709 3306 4777; x_wconf 85' lang='lat' dir='ltr'><strong>campestria</strong></span> <span class='ocrx_word' id='word_1_854' title='bbox 3338 4708 3656 4772; x_wconf 86' lang='lat' dir='ltr'><strong>solitudinis,</strong></span> 
     </span>
    </p>
   </div>
   <div class='ocr_carea' id='block_1_108' title="bbox 2090 4797 3658 4868">
    <p class='ocr_par' dir='ltr' id='par_1_108' title="bbox 2090 4797 3658 4868">
     <span class='ocr_line' id='line_1_108' title="bbox 2090 4797 3658 4868; baseline -0.006 -8"><span class='ocrx_word' id='word_1_855' title='bbox 2090 4805 2194 4860; x_wconf 90' lang='lat' dir='ltr'><strong>hoc</strong></span> <span class='ocrx_word' id='word_1_856' title='bbox 2237 4811 2342 4868; x_wconf 89' lang='lat' dir='ltr'><strong>est,</strong></span> <span class='ocrx_word' id='word_1_857' title='bbox 2398 4801 2466 4855; x_wconf 89' lang='lat' dir='ltr'><strong>ad</strong></span> <span class='ocrx_word' id='word_1_858' title='bbox 2502 4799 2866 4854; x_wconf 80' lang='lat' dir='ltr'><strong>dilatationem</strong></span> <span class='ocrx_word' id='word_1_859' title='bbox 2909 4797 3151 4852; x_wconf 61' lang='lat' dir='ltr'><strong>luxuriae.</strong></span> <span class='ocrx_word' id='word_1_860' title='bbox 3213 4798 3366 4854; x_wconf 83' lang='lat' dir='ltr'><strong>Unde</strong></span> <span class='ocrx_word' id='word_1_861' title='bbox 3408 4800 3658 4868; x_wconf 88' lang='lat' dir='ltr'><strong>scriptum</strong></span> 
     </span>
    </p>
   </div>
   <div class='ocr_carea' id='block_1_109' title="bbox 2091 4888 3656 4962">
    <p class='ocr_par' dir='ltr' id='par_1_109' title="bbox 2091 4888 3656 4962">
     <span class='ocr_line' id='line_1_109' title="bbox 2091 4888 3656 4962; baseline -0.006 -11"><span class='ocrx_word' id='word_1_862' title='bbox 2091 4902 2175 4951; x_wconf 89' lang='lat' dir='ltr'><strong>est</strong></span> <span class='ocrx_word' id='word_1_863' title='bbox 2199 4912 2211 4948; x_wconf 93' lang='lat'>:</span> <span class='ocrx_word' id='word_1_864' title='bbox 2243 4912 2260 4945; x_wconf 71' lang='grc' dir='ltr'><strong>ε</strong></span> <span class='ocrx_word' id='word_1_865' title='bbox 2288 4892 2526 4962; x_wconf 80' lang='lat' dir='ltr'><strong>Angusta</strong></span> <span class='ocrx_word' id='word_1_866' title='bbox 2555 4899 2608 4944; x_wconf 89' lang='lat' dir='ltr'><strong>et</strong></span> <span class='ocrx_word' id='word_1_867' title='bbox 2635 4900 2784 4944; x_wconf 86' lang='lat' dir='ltr'><strong>arcta</strong></span> <span class='ocrx_word' id='word_1_868' title='bbox 2811 4889 2892 4942; x_wconf 87' lang='lat' dir='ltr'><strong>via</strong></span> <span class='ocrx_word' id='word_1_869' title='bbox 2918 4897 3016 4951; x_wconf 90' lang='lat' dir='ltr'><strong>est,</strong></span> <span class='ocrx_word' id='word_1_870' title='bbox 3043 4903 3160 4957; x_wconf 67' lang='lat' dir='ltr'><strong>quae</strong></span> <span class='ocrx_word' id='word_1_871' title='bbox 3185 4888 3331 4942; x_wconf 90' lang='lat' dir='ltr'><strong>ducit</strong></span> <span class='ocrx_word' id='word_1_872' title='bbox 3361 4888 3428 4943; x_wconf 89' lang='lat' dir='ltr'><strong>ad</strong></span> <span class='ocrx_word' id='word_1_873' title='bbox 3467 4890 3656 4951; x_wconf 81' lang='lat' dir='ltr'><strong>vitam;</strong></span> 
     </span>
    </p>
   </div>
   <div class='ocr_carea' id='block_1_110' title="bbox 2093 4978 3653 5052">
    <p class='ocr_par' dir='ltr' id='par_1_110' title="bbox 2093 4978 3653 5052">
     <span class='ocr_line' id='line_1_110' title="bbox 2093 4978 3653 5052; baseline -0.006 -13"><span class='ocrx_word' id='word_1_874' title='bbox 2093 4987 2200 5040; x_wconf 87' lang='lat' dir='ltr'><strong>lata</strong></span> <span class='ocrx_word' id='word_1_875' title='bbox 2229 4992 2282 5039; x_wconf 92' lang='lat' dir='ltr'><strong>et</strong></span> <span class='ocrx_word' id='word_1_876' title='bbox 2309 4983 2563 5052; x_wconf 87' lang='lat' dir='ltr'><strong>spatiosa,</strong></span> <span class='ocrx_word' id='word_1_877' title='bbox 2587 4995 2706 5052; x_wconf 70' lang='lat' dir='ltr'><strong>quae</strong></span> <span class='ocrx_word' id='word_1_878' title='bbox 2735 4980 2879 5035; x_wconf 91' lang='lat' dir='ltr'><strong>ducit</strong></span> <span class='ocrx_word' id='word_1_879' title='bbox 2899 4978 2967 5034; x_wconf 83' lang='lat' dir='ltr'><strong>ad</strong></span> <span class='ocrx_word' id='word_1_880' title='bbox 2987 4979 3250 5051; x_wconf 79' lang='lat' dir='ltr'><strong>mortem(</strong></span> <span class='ocrx_word' id='word_1_881' title='bbox 3266 4979 3454 5033; x_wconf 78' lang='lat' dir='ltr'><strong>Matth.</strong></span> <span class='ocrx_word' id='word_1_882' title='bbox 3485 4996 3552 5034; x_wconf 80' lang='lat' dir='ltr'><strong>vn</strong></span> <span class='ocrx_word' id='word_1_883' title='bbox 3570 4979 3608 5051; x_wconf 95' lang='lat'><strong>).</strong></span> <span class='ocrx_word' id='word_1_884' title='bbox 3637 4999 3653 5030; x_wconf 79' lang='grc' dir='ltr'>ι</span> 
     </span>
    </p>
   </div>
   <div class='ocr_carea' id='block_1_111' title="bbox 2093 5070 3659 5145">
    <p class='ocr_par' dir='ltr' id='par_1_111' title="bbox 2093 5070 3659 5145">
     <span class='ocr_line' id='line_1_111' title="bbox 2093 5070 3659 5145; baseline -0.001 -17"><span class='ocrx_word' id='word_1_885' title='bbox 2093 5109 2162 5120; x_wconf 87' lang='grc'><strong>-</strong></span> <span class='ocrx_word' id='word_1_886' title='bbox 2189 5096 2207 5128; x_wconf 84' lang='grc'><strong>‹</strong></span> <span class='ocrx_word' id='word_1_887' title='bbox 2235 5075 2756 5145; x_wconf 79' lang='lat' dir='ltr'><strong>Compreltenditque</strong></span> <span class='ocrx_word' id='word_1_888' title='bbox 2800 5087 2922 5128; x_wconf 90' lang='lat' dir='ltr'><strong>eum</strong></span> <span class='ocrx_word' id='word_1_889' title='bbox 2957 5071 3028 5126; x_wconf 91' lang='lat' dir='ltr'><strong>.in</strong></span> <span class='ocrx_word' id='word_1_890' title='bbox 3082 5071 3303 5142; x_wconf 83' lang='lat' dir='ltr'><strong>planitie</strong></span> <span class='ocrx_word' id='word_1_891' title='bbox 3341 5070 3574 5135; x_wconf 82' lang='lat' dir='ltr'><strong>Jericho,</strong></span> <span class='ocrx_word' id='word_1_892' title='bbox 3610 5079 3659 5127; x_wconf 84' lang='lat' dir='ltr'><strong>et</strong></span> 
     </span>
    </p>
   </div>
   <div class='ocr_carea' id='block_1_112' title="bbox 2095 5163 3658 5236">
    <p class='ocr_par' dir='ltr' id='par_1_112' title="bbox 2095 5163 3658 5236">
     <span class='ocr_line' id='line_1_112' title="bbox 2095 5163 3658 5236; baseline -0.007 -11"><span class='ocrx_word' id='word_1_893' title='bbox 2095 5183 2281 5225; x_wconf 89' lang='lat' dir='ltr'><strong>omnes</strong></span> <span class='ocrx_word' id='word_1_894' title='bbox 2307 5168 2611 5231; x_wconf 90' lang='lat' dir='ltr'><strong>bellatores,</strong></span> <span class='ocrx_word' id='word_1_895' title='bbox 2651 5166 2742 5234; x_wconf 87' lang='lat' dir='ltr'><strong>qui</strong></span> <span class='ocrx_word' id='word_1_896' title='bbox 2767 5173 2924 5219; x_wconf 87' lang='lat' dir='ltr'><strong>erant</strong></span> <span class='ocrx_word' id='word_1_897' title='bbox 2949 5179 3070 5218; x_wconf 89' lang='lat' dir='ltr'><strong>cum</strong></span> <span class='ocrx_word' id='word_1_898' title='bbox 3090 5178 3179 5229; x_wconf 84' lang='lat' dir='ltr'><strong>eo,</strong></span> <span class='ocrx_word' id='word_1_899' title='bbox 3210 5163 3436 5236; x_wconf 87' lang='lat' dir='ltr'><strong>dispersi</strong></span> <span class='ocrx_word' id='word_1_900' title='bbox 3472 5171 3658 5216; x_wconf 87' lang='lat' dir='ltr'><strong>suntet</strong></span> 
     </span>
    </p>
   </div>
   <div class='ocr_carea' id='block_1_113' title="bbox 2093 5252 3658 5329">
    <p class='ocr_par' dir='ltr' id='par_1_113' title="bbox 2093 5252 3658 5329">
     <span class='ocr_line' id='line_1_113' title="bbox 2093 5252 3658 5329; baseline -0.006 -15"><span class='ocrx_word' id='word_1_901' title='bbox 2093 5260 2426 5329; x_wconf 85' lang='lat' dir='ltr'><strong>reliquerunt</strong></span> <span class='ocrx_word' id='word_1_902' title='bbox 2444 5272 2586 5312; x_wconf 92' lang='lat' dir='ltr'><strong>eum.</strong></span> <span class='ocrx_word' id='word_1_903' title='bbox 2629 5276 2648 5308; x_wconf 66' lang='grc' dir='ltr'><strong>ι</strong></span> <span class='ocrx_word' id='word_1_904' title='bbox 2682 5256 2849 5310; x_wconf 81' lang='lat' dir='ltr'><strong>Recte</strong></span> <span class='ocrx_word' id='word_1_905' title='bbox 2892 5270 3024 5326; x_wconf 81' lang='lat' dir='ltr'><strong>ergo</strong></span> <span class='ocrx_word' id='word_1_906' title='bbox 3067 5269 3190 5311; x_wconf 90' lang='lat' dir='ltr'><strong>cum</strong></span> <span class='ocrx_word' id='word_1_907' title='bbox 3226 5255 3454 5309; x_wconf 88' lang='lat' dir='ltr'><strong>virtutes</strong></span> <span class='ocrx_word' id='word_1_908' title='bbox 3495 5252 3658 5308; x_wconf 68' lang='lat' dir='ltr'><strong>homi~</strong></span> 
     </span>
    </p>
   </div>
   <div class='ocr_carea' id='block_1_114' title="bbox 2093 5344 3656 5417">
    <p class='ocr_par' dir='ltr' id='par_1_114' title="bbox 2093 5344 3656 5417">
     <span class='ocr_line' id='line_1_114' title="bbox 2093 5344 3656 5417; baseline -0.005 -13"><span class='ocrx_word' id='word_1_909' title='bbox 2093 5365 2221 5405; x_wconf 91' lang='lat' dir='ltr'><strong>num</strong></span> <span class='ocrx_word' id='word_1_910' title='bbox 2245 5349 2517 5413; x_wconf 89' lang='lat' dir='ltr'><strong>deserunt,</strong></span> <span class='ocrx_word' id='word_1_911' title='bbox 2557 5363 2675 5417; x_wconf 74' lang='lat' dir='ltr'><strong>qua:</strong></span> <span class='ocrx_word' id='word_1_912' title='bbox 2694 5363 2815 5402; x_wconf 91' lang='lat' dir='ltr'><strong>eum</strong></span> <span class='ocrx_word' id='word_1_913' title='bbox 2843 5347 3128 5403; x_wconf 88' lang='lat' dir='ltr'><strong>defendere</strong></span> <span class='ocrx_word' id='word_1_914' title='bbox 3148 5347 3462 5406; x_wconf 84' lang='lat' dir='ltr'><strong>debuerant,</strong></span> <span class='ocrx_word' id='word_1_915' title='bbox 3488 5345 3539 5399; x_wconf 92' lang='lat' dir='ltr'><strong>in</strong></span> <span class='ocrx_word' id='word_1_916' title='bbox 3568 5344 3656 5397; x_wconf 82' lang='lat' dir='ltr'><strong>de-</strong></span> 
     </span>
    </p>
   </div>
   <div class='ocr_carea' id='block_1_115' title="bbox 2098 5433 3661 5508">
    <p class='ocr_par' dir='ltr' id='par_1_115' title="bbox 2098 5433 3661 5508">
     <span class='ocr_line' id='line_1_115' title="bbox 2098 5433 3661 5508; baseline -0.006 -12"><span class='ocrx_word' id='word_1_917' title='bbox 2098 5449 2243 5496; x_wconf 88' lang='lat' dir='ltr'><strong>serto</strong></span> <span class='ocrx_word' id='word_1_918' title='bbox 2277 5439 2508 5508; x_wconf 90' lang='lat' dir='ltr'><strong>capitur,</strong></span> <span class='ocrx_word' id='word_1_919' title='bbox 2555 5439 2670 5492; x_wconf 92' lang='lat' dir='ltr'><strong>sive</strong></span> <span class='ocrx_word' id='word_1_920' title='bbox 2705 5438 2788 5505; x_wconf 73' lang='lat' dir='ltr'><strong>in:</strong></span> <span class='ocrx_word' id='word_1_921' title='bbox 2807 5437 3026 5505; x_wconf 87' lang='lat' dir='ltr'><strong>planitie</strong></span> <span class='ocrx_word' id='word_1_922' title='bbox 3051 5433 3292 5501; x_wconf 83' lang='lat' dir='ltr'><strong>Jericho,</strong></span> <span class='ocrx_word' id='word_1_923' title='bbox 3330 5437 3434 5490; x_wconf 90' lang='lat' dir='ltr'><strong>hoc</strong></span> <span class='ocrx_word' id='word_1_924' title='bbox 3466 5443 3568 5500; x_wconf 86' lang='lat' dir='ltr'><strong>est,</strong></span> <span class='ocrx_word' id='word_1_925' title='bbox 3607 5433 3661 5486; x_wconf 90' lang='lat' dir='ltr'><strong>in</strong></span> 
     </span>
    </p>
   </div>
   <div class='ocr_carea' id='block_1_116' title="bbox 2099 5523 3665 5597">
    <p class='ocr_par' dir='ltr' id='par_1_116' title="bbox 2099 5523 3665 5597">
     <span class='ocr_line' id='line_1_116' title="bbox 2099 5523 3665 5597; baseline -0.005 -11"><span class='ocrx_word' id='word_1_926' title='bbox 2099 5533 2336 5597; x_wconf 86' lang='lat' dir='ltr'><strong>lascivia,</strong></span> <span class='ocrx_word' id='word_1_927' title='bbox 2368 5531 2481 5586; x_wconf 80' lang='lat' dir='ltr'><strong>sive</strong></span> <span class='ocrx_word' id='word_1_928' title='bbox 2507 5531 2559 5583; x_wconf 92' lang='lat' dir='ltr'><strong>in</strong></span> <span class='ocrx_word' id='word_1_929' title='bbox 2588 5529 2796 5583; x_wconf 86' lang='lat' dir='ltr'><strong>defectu</strong></span> <span class='ocrx_word' id='word_1_930' title='bbox 2836 5529 3068 5584; x_wconf 90' lang='lat' dir='ltr'><strong>carnalis</strong></span> <span class='ocrx_word' id='word_1_931' title='bbox 3095 5527 3541 5582; x_wconf 85' lang='lat' dir='ltr'><strong>conversationis.</strong></span> <span class='ocrx_word' id='word_1_932' title='bbox 3583 5523 3665 5578; x_wconf 62' lang='grc' dir='ltr'><strong>«ιρι</strong></span> 
     </span>
    </p>
   </div>
   <div class='ocr_carea' id='block_1_117' title="bbox 2101 5613 3664 5688">
    <p class='ocr_par' dir='ltr' id='par_1_117' title="bbox 2101 5613 3664 5688">
     <span class='ocr_line' id='line_1_117' title="bbox 2101 5613 3664 5688; baseline -0.007 -12"><span class='ocrx_word' id='word_1_933' title='bbox 2101 5621 2252 5676; x_wconf 91' lang='lat' dir='ltr'><strong>richo</strong></span> <span class='ocrx_word' id='word_1_934' title='bbox 2277 5621 2422 5675; x_wconf 86' lang='lat' dir='ltr'><strong>enim</strong></span> <span class='ocrx_word' id='word_1_935' title='bbox 2448 5620 2833 5688; x_wconf 89' lang='lat' dir='ltr'><strong>interpretatur</strong></span> <span class='ocrx_word' id='word_1_936' title='bbox 2853 5616 2999 5682; x_wconf 82' lang='lat' dir='ltr'><strong>luna,</strong></span> <span class='ocrx_word' id='word_1_937' title='bbox 3022 5625 3076 5671; x_wconf 90' lang='lat' dir='ltr'><strong>et</strong></span> <span class='ocrx_word' id='word_1_938' title='bbox 3112 5615 3382 5688; x_wconf 81' lang='lat' dir='ltr'><strong>significat</strong></span> <span class='ocrx_word' id='word_1_939' title='bbox 3404 5613 3664 5670; x_wconf 80' lang='lat' dir='ltr'><strong>defectum</strong></span> 
     </span>
    </p>
   </div>
   <div class='ocr_carea' id='block_1_118' title="bbox 2103 5705 3664 5782">
    <p class='ocr_par' dir='ltr' id='par_1_118' title="bbox 2103 5705 3664 5782">
     <span class='ocr_line' id='line_1_118' title="bbox 2103 5705 3664 5782; baseline -0.001 -14"><span class='ocrx_word' id='word_1_940' title='bbox 2103 5711 2300 5768; x_wconf 85' lang='lat' dir='ltr'><strong>carnis.</strong></span> <span class='ocrx_word' id='word_1_941' title='bbox 2337 5709 2487 5766; x_wconf 87' lang='lat' dir='ltr'><strong>Unde</strong></span> <span class='ocrx_word' id='word_1_942' title='bbox 2517 5709 2604 5762; x_wconf 85' lang='lat' dir='ltr'><strong>ille</strong></span> <span class='ocrx_word' id='word_1_943' title='bbox 2637 5709 2821 5775; x_wconf 84' lang='lat' dir='ltr'><strong>homo,</strong></span> <span class='ocrx_word' id='word_1_944' title='bbox 2841 5707 2931 5782; x_wconf 90' lang='lat' dir='ltr'><strong>qui</strong></span> <span class='ocrx_word' id='word_1_945' title='bbox 2953 5707 3021 5763; x_wconf 79' lang='lat' dir='ltr'><strong>de</strong></span> <span class='ocrx_word' id='word_1_946' title='bbox 3065 5707 3397 5765; x_wconf 77' lang='lat' dir='ltr'><strong>Hierusalem</strong></span> <span class='ocrx_word' id='word_1_947' title='bbox 3441 5705 3664 5766; x_wconf 67' lang='lat' dir='ltr'><strong>descent-</strong></span> 
     </span>
    </p>
   </div>
  </div>
