3970 6190
587 285 720 339 H79

1217 285 1277 338 Β.
1321 286 1570 342 ΚΑΒΑΝΙ
1611 289 1827 346 λιλυιὶι
1865 287 2178 344 ARClllEP.
2219 284 2785 342 MOGUNT.0PERUJ

1621 289 1827 346 ιιλυιὶι
1865 287 2178 344 ARClllEP.
2219 284 2819 342 MOGUNT.OPEilU1l
2858 286 3038 344 PARS
3078 245 3189 343 111.⁴

3622 297 3717 352 lltlt

582 397 884 449 debuerunt
912 393 1046 450 alios
1074 401 1396 454 sustentare.
1435 399 1580 455 Mare
1608 411 1785 464 autem
1827 416 2026 456 :erenm
2055 401 2148 454 ha-
2176 405 2222 464 Α
2251 398 2614 469 presbyteros,
2643 399 2735 468 qui
2773 398 3028 458 talentum
3059 401 3207 456 verbi
3236 399 3323 456 Dei
3359 403 3408 458 in
3433 412 3550 460 terra
3575 407 3719 464 fozlien.

581 489 761 557 ptismi
791 487 1089 556 lavacrum,
1119 489 1202 544 vel
1249 494 1720 562 compunctionem
1768 493 2147 563 lacrymarum.

2254 497 2336 543 tes
2368 489 2782 554 absconderant,
2802 490 2856 544 in
2880 505 3036 546 suum
3063 489 3352 546 dominium
3370 494 3566 562 subiicit.
3583 498 3631 552 Et
3646 511 3722 555 tres

582 578 708 633 llaec
734 579 949 648 quidem
973 581 1154 635 omnia
1183 580 1420 638 Chaldaei
1465 584 1736 654 spiritales
1760 598 1857 656 per
1905 583 2152 637 inertiam
2247 576 2530 646 janitores,
2556 578 2670 632 sive
2709 580 2956 634 custodes
2977 579 3228 634 vestibuli
3261 598 3275 634 :
3301 581 3407 637 illos
3436 584 3634 641 videlicet
3661 591 3718 659 ja-

583 670 963 741 magistrorum
998 671 1063 726 de
1087 671 1245 726 domo
1295 673 1507 728 Domini
1560 673 1775 730 auferre
1819 673 2064 728 nituntur
2097 682 2154 729 et

581 759 918 830 confringere
947 779 960 814 :
994 761 1066 815 ita
1089 769 1146 814 ιιι
1169 778 1274 817 non
1304 775 1580 820 remaneat
1620 774 1780 829 testa,
1834 780 1938 834 qua
1987 765 2156 835 possit

583 851 844 922 igniculus
871 851 998 906 ferri
1021 852 1084 906 de
1105 853 1371 929 incendio.
1400 855 1532 909 Nam
1557 867 1610 914 et
1632 859 1843 914 diversa
1865 874 1994 914 vasa
2037 872 2156 928 quae

583 953 886 1010 enumerat,
924 945 1135 1000 diversa
1157 944 1328 1000 oflicia
1355 948 1406 1000 in
1437 950 1824 1008 ecclesiasticis
1876 953 2152 1009 ordinibus

581 1033 872 1088 insinuant.
945 1034 1069 1088 Haec
1127 1049 1340 1104 quoque
1393 1038 1611 1109 maligni
1665 1041 1884 1109 spiritus
1937 1041 2003 1094 de
2061 1039 2155 1094 Dei

579 1123 798 1178 servitio
827 1122 1156 1189 auferentes,
1189 1124 1240 1178 in
1268 1141 1423 1179 suum
1447 1141 1600 1181 usum
1630 1129 2016 1198 nequissimum
2037 1144 2153 1184 ver-

579 1225 693 1268 tere
723 1215 957 1270 student.
993 1215 1143 1270 Unde
1171 1216 1766 1287 dicitquotquotautem
1781 1236 1945 1276 aurea
1969 1237 2154 1285 aurea,

579 1314 632 1358 et
652 1313 914 1374 quotquot
934 1315 1187 1375 argentea
1217 1315 1493 1377 argentea,
1517 1309 1638 1364 tulit
1659 1311 1917 1381 magister
1930 1311 2155 1376 militiaa,

581 1399 706 1466 quia
746 1406 855 1451 tam
896 1393 1112 1452 sensum
1163 1399 1476 1468 pretiosum,
1525 1417 1686 1471 quam
1744 1405 1906 1460 etiam
1957 1403 2154 1473 eloquii

584 1494 945 1552 venustatem,
976 1487 1144 1542 hostis
1173 1503 1400 1557 nequam
1427 1492 1493 1545 de
1514 1493 1672 1547 domo
1711 1493 1922 1549 Domini
1947 1493 2159 1549 auferre

578 1573 814 1641 molitur,
862 1583 917 1630 et
938 1590 1118 1630 secum
1149 1576 1202 1630 in
1230 1578 1598 1634 confusionem
1627 1581 1845 1637 ducere.

657 1683 676 1714 ‹
720 1664 795 1720 De
825 1665 1090 1722 columnis
1129 1676 1306 1722 autem
1333 1669 1517 1724 decem
1567 1679 1622 1726 et
1653 1681 1778 1727 octo
1814 1671 1976 1727 cubiti
2006 1681 2162 1727 erant

2253 668 2476 734 nitores,
2507 668 2597 737 qui
2623 669 2822 723 ostium
2845 669 2963 726 fidei
2987 671 3202 741 aperire
3222 671 3508 741 debuerant,
3531 687 3574 731 et
3592 687 3722 732 tener-

2255 765 2337 813 tes
2365 757 2570 812 clavem
2615 759 2876 825 scientite,
2905 774 3004 815 nec
3037 761 3141 832 ipsi
3171 762 3490 832 introierunt,
3525 783 3602 823 nec
3631 770 3722 825 alios

2255 846 2477 902 introire
2500 849 2876 918 permiserunt.
2900 851 2968 905 Et
2980 851 3049 906 de
3073 852 3290 907 civitate
3310 857 3574 911 eunuchum
3591 876 3720 924 unum,

2255 939 2344 1007 qui
2373 947 2492 993 erat
2528 940 2809 1008 praefectus
2837 957 2996 1012 super
3021 943 3170 998 viros
3189 943 3476 1002 bellatores.
3511 949 3720 1008 Eunuchus

2255 1027 2356 1082 iste
2395 1030 2662 1100 significat
2694 1047 2787 1087 eos
2831 1047 2966 1102 quos
3009 1033 3138 1089 alibi
3161 1034 3425 1106 Scriptura
3445 1055 3570 1094 sacra
3591 1045 3720 1099 stultas

2256 1117 2489 1189 virgines
2531 1120 2762 1189 appellat
2808 1120 3024 1194 (Matth.
3061 1122 3215 1194 xxv),
3245 1125 3332 1196 qui
3357 1141 3468 1181 vasa
3493 1128 3587 1183 oleo
3609 1146 3719 1186 vacua

2256 1208 2311 1264 in
2340 1211 2590 1267 manibus
2619 1213 2840 1281 habent,
2865 1215 3207 1272 continentes
3231 1217 3460 1274 videlicet
3489 1236 3538 1274 se
3568 1235 3592 1273 ιι
3627 1223 3720 1275 coitu

2256 1303 2543 1371 corporali,
2585 1319 2683 1359 nec
2725 1311 2903 1360 tamen
2940 1305 3116 1362 oleum
3148 1308 3326 1379 gratia:
3359 1318 3410 1364 et
3438 1310 3721 1367 misericonliz

2257 1389 2310 1442 in
2349 1400 2565 1460 pectore
2603 1409 2702 1449 suo
2751 1395 2950 1452 habere
2982 1396 3255 1454 volebant.
3303 1400 3397 1468 Qui
3432 1400 3595 1458 frustra
3616 1421 3720 1476 super

2257 1480 2403 1536 viros
2450 1481 2740 1539 bellatores
2800 1486 3206 1542 constituuntur
3228 1529 3244 1553 ,
3293 1505 3408 1545 cum
3451 1495 3718 1562 arrogantiam

2256 1586 2560 1642 prmcavere
2580 1590 2685 1628 non
2717 1571 3066 1632 meditantur'.
3099 1577 3242 1634 Tulit
3265 1588 3318 1635 et
3345 1590 3524 1652 septem
3546 1584 3656 1638 viros
3679 1585 3719 1637 de

2260 1661 2346 1718 his
2396 1663 2487 1732 qui
2522 1664 2776 1734 videbant
2801 1665 2996 1721 faciem
3044 1667 3190 1738 regis
3222 1687 3235 1723 :
3268 1669 3380 1726 illos
3418 1671 3628 1741 profecto,
3663 1675 3718 1740 qui

583 1775 601 1807 ι
644 1756 938 1812 altitudinis
969 1758 1022 1812 in
1048 1758 1296 1813 columna
1325 1775 1448 1824 una,
1480 1769 1534 1815 et
1560 1759 1830 1817 funiculus
1874 1762 2156 1818 duodecim
2185 1763 2231 1824 Β
2257 1767 2380 1808 Cum
2407 1753 2726 1825 Βαριίεωαιο
2747 1753 2946 1812 Christi
2984 1759 3346 1826 eranl'ablﬂli.
3389 1769 3440 1816 el
3474 1763 3625 1832 Spiritu
3644 1778 3717 1840 ευρ

584 1865 601 1897 ι
641 1848 938 1902 cubitorum
959 1848 1367 1904 circuibateam.
1389 1849 1556 1906 Porro
1579 1851 2006 1923 grossitudoejus
2025 1868 2158 1922 qua-

584 1954 603 1986 ι
645 1944 766 1991 tuor
791 1936 1100 2008 digitorum,
1143 1948 1197 1992 et
1225 1938 1551 1994 intrinsecus
1578 1955 1744 1996 vacua
1776 1949 1916 2006 erat,
1964 1951 2020 1996 et
2059 1955 2152 1995 ca-

583 2045 602 2076 σ
642 2025 823 2097 pitella
876 2041 1034 2097 super
1081 2035 1369 2100 utramque
1415 2044 1574 2085 terea.
1627 2029 1868 2087 Altitudo
1921 2032 2153 2104 capitelli

589 2137 605 2169 ι
644 2119 802 2173 unius
821 2119 1057 2188 quinque
1086 2121 1411 2186 cubitorum,
1441 2129 1496 2176 et
1529 2121 1785 2176 retiacula
1811 2132 1865 2178 et
1891 2125 2156 2195 malogra-

583 2231 600 2262 ι
636 2219 760 2264 nata
792 2226 952 2280 super
994 2227 1247 2268 coronam
1287 2212 1340 2267 in
1381 2213 1607 2268 circuitu
1649 2215 1829 2269 omnia
1860 2230 2032 2281 aenea,
2078 2215 2153 2271 si-

581 2320 601 2350 ι
638 2301 836 2366 militer
862 2301 1125 2357 columna:
1155 2303 1396 2358 alterius.
1437 2304 1503 2358 Et
1529 2303 1748 2360 fuerunt
1786 2305 2153 2374 malogranata

581 2389 925 2460 «nonaginta
976 2404 1069 2444 sex
1113 2390 1502 2460 dependentia,
1549 2401 1604 2447 et
1653 2394 1834 2450 omnia
1893 2375 2154 2467 malogra-

583 2496 600 2527 ι
647 2483 771 2530 nata
805 2485 1019 2532 centum
1069 2477 1341 2533 retiaculis
1383 2480 1876 2537 circumdabantur.
1930 2502 1949 2535 ι
2001 2485 2154 2551 Quod

577 2575 759 2622 autem
779 2567 1034 2622 describit
1061 2567 1319 2622 facturam
1342 2569 1708 2646 columnarum
1737 2587 1858 2626 eum
1894 2573 2154 2644 capitcllis

579 2658 710 2721 suis,
737 2669 792 2713 ct
828 2651 1100 2714 retiaculis
1121 2662 1589 2733 etmalogranatis,
1608 2666 1840 2720 ostendit
1869 2669 2152 2738 mysticum

579 2763 714 2818 opus
739 2761 858 2802 esse
889 2765 900 2800 :
928 2749 1052 2817 quia
1093 2751 1231 2805 sicut
1250 2752 1512 2806 columna:
1552 2754 1854 2824 significant
1883 2756 2149 2822 doctores,

577 2837 652 2892 ita
678 2839 1011 2908 ctcapitella,
1039 2841 1140 2895 hoc
1163 2849 1266 2906 est,
1286 2856 1532 2911 suprema
1557 2859 1681 2913 pars
1707 2859 1892 2899 eorum
1914 2862 2150 2916 pne-cor-

579 2929 664 2984 dia
728 2941 853 2986 sunt
899 2931 1134 2987 fidelium
1172 2933 1480 3000 doctorum,
1539 2941 1594 2988 et
1645 2936 1899 2991 retiacula
1941 2939 2149 2994 diversa

577 3021 869 3078 ebrismata
904 3025 1210 3094 exprimunt
1238 3024 1472 3096 Spiritus
1500 3028 1673 3082 sancti
1709 3044 1722 3080 :
1759 3027 1899 3084 sicut
1940 3036 1996 3084 et
2043 3045 2153 3084 ma-

2257 1844 2456 1900 t'iformi
2500 1847 2810 1914 santifieati,
2855 1849 3214 1919 perdiderunt
3253 1852 3463 1922 gratiam
3503 1869 3630 1923 quam
3660 1854 3718 1906 lid-

2251 1937 2503 1990 buerunt.
2535 1935 2687 1992 Unde
2721 1946 2776 1992 et
2801 1946 3006 2006 septem
3041 1940 3316 2010 spiritibus
3337 1943 3714 2012 nequioribustra-

2253 2025 2372 2094 diti,
2400 2043 2504 2082 non
2527 2025 2639 2096 jam
2664 2028 2807 2100 regis
2835 2029 3094 2098 cmlestis,
3123 2039 3180 2087 et
3199 2032 3398 2088 Domini
3423 2033 3629 2088 virtutum
3643 2049 3720 2087 scti-

2253 2133 2372 2174 sum
2390 2125 2444 2172 et
2470 2119 2722 2173 mandata
2749 2119 3052 2188 intuentur,
3085 2122 3180 2177 sed
3208 2124 3344 2194 regis
3364 2123 3574 2179 vitiorum
3595 2122 3717 2177 volun-

2253 2215 2418 2262 tatem
2445 2208 2736 2278 adimplere
2761 2219 3045 2267 conantur.
3073 2211 3143 2267 Et
3166 2213 3387 2268 scribam
3411 2213 3718 2284 principemmi-

2253 2295 2427 2362 litum,
2453 2311 2610 2366 quem
2642 2297 2776 2354 liber
2802 2299 3009 2372 Regum
3041 2299 3252 2370 Sophar
3266 2303 3623 2372 nuncupatzqui
3643 2317 3716 2370 pro

2251 2385 2415 2441 babat
2464 2387 2684 2444 tirones.
2735 2387 2946 2461 Sophar
2989 2393 3368 2464 interpretatur
3411 2393 3636 2461 dissipant,
3667 2391 3718 2442 vel

2253 2477 2497 2534 dividens
2550 2497 2564 2532 :
2613 2481 2924 2550 significans
2961 2498 3077 2551 eos,
3125 2484 3218 2554 qui
3261 2484 3410 2539 rudes
3453 2483 3498 2537 in
3536 2480 3713 2540 Ecclesia

2252 2582 2388 2637 quos
2437 2568 2504 2623 ad
2549 2569 2795 2624 militiam
2840 2570 3047 2628 Christi
3093 2573 3300 2629 nutrire
3339 2573 3603 2634 debuerant,
3639 2584 3716 2640 prt-

2250 2659 2333 2714 vis
2391 2661 2652 2732 exemplis
2717 2661 3084 2732 dissipantes,
3151 2679 3182 2718 a
3240 2671 3372 2720 cmtu
3428 2661 3614 2717 ﬁdelium
3656 2672 3715 2728 per

2251 2765 2490 2806 errorem
2521 2761 2877 2822 sequestrant.
2931 2773 2950 2806 ε
2997 2755 3067 2809 Εῑ
3105 2755 3374 2826 sexaginta
3414 2753 3535 2807 viros
3573 2750 3622 2804 de
3657 2761 3715 2815 po-

2250 2842 2376 2912 pulo
2406 2851 2582 2909 terrai,
2614 2845 2726 2898 sive
2755 2859 2785 2899 e
2818 2845 2998 2916 vulgo,
3027 2847 3121 2917 qui
3143 2846 3338 2900 inventi
3375 2843 3555 2898 fuerant
3577 2837 3715 2893 lltt‘ill-

2255 2943 2384 3001 tate,
2428 2954 2446 2987 ι
2478 2933 2581 2990 hoc
2602 2943 2702 3002 est,
2735 2933 2926 2991 stultos
2949 2946 3281 3006 operatorcs,
3313 2934 3396 3005 qui
3433 2931 3587 2987 merito
3621 2927 3714 2990 vulgi

2254 3026 2471 3081 nomine
2521 3034 2898 3097 nuncupantur
2923 3072 2940 3100 ,
2975 3029 3104 3098 quia
3148 3027 3420 3082 utilitatem
3463 3018 3714 3077 consiliorum

581 3111 855 3182 logranata
889 3114 1150 3169 bonarum
1174 3115 1426 3169 virtutum
1458 3117 1762 3186 exprimunt
1786 3119 2102 3174 suavitatem
2131 3138 2143 3173 :
2177 3108 2220 3170 C
2253 3116 2552 3171 divinorum
2597 3117 2836 3182 discere,
2883 3124 2939 3170 et
2983 3116 3146 3172 factis
3191 3115 3400 3186 implere
3442 3109 3709 3180 neglexerant

585 3218 702 3272 qua:
728 3205 908 3258 omnia
943 3205 1196 3275 spiritalis
1221 3205 1732 3274 Nabuchodonosor,
1765 3209 1866 3264 hoc
1921 3217 2022 3274 est,
2053 3211 2152 3265 bo-

578 3297 680 3348 stis
692 3295 946 3364 antiquus
967 3311 1062 3364 per
1085 3296 1356 3350 ministros
1372 3311 1497 3352 suos
1519 3297 1585 3351 de
1610 3298 1804 3368 templo
1824 3299 1918 3354 Dei
1942 3300 2154 3357 auferre

579 3393 826 3436 conatur.
879 3381 936 3436 Si
973 3383 1096 3454 quis
1125 3371 1306 3437 autem
1330 3384 1443 3438 lucc
1467 3385 1675 3454 plenius
1711 3401 1868 3442 nosse
1902 3388 2150 3456 voluerit,

579 3473 719 3547 lcgat
764 3488 898 3546 opus
944 3483 1204 3542 nostrum,
1243 3475 1386 3548 quod
1442 3476 1494 3536 in
1529 3477 1917 3551 expositionem
1948 3479 2149 3556 Regum

577 3566 865 3620 voluminis
911 3580 1082 3636 nuper
1127 3567 1390 3622 edidimus
1431 3583 1446 3621 :
1467 3577 1530 3642 _et
1565 3569 1635 3624 ibi
1679 3571 1806 3641 quid
1833 3572 1954 3628 inde
1979 3575 2153 3630 sancti

582 3653 770 3710 Patres
805 3654 1089 3721 senserint,
1118 3657 1250 3711 satis
1279 3667 1336 3712 ut
1364 3673 1486 3714 reor
1505 3659 1845 3730 explanatum
1877 3661 2146 3718 inveniet:

658 3765 676 3798 ι
709 3746 778 3802 Et
805 3747 927 3802 tulit
951 3748 1208 3819 magister
1231 3748 1434 3804 militiae
1456 3748 2047 3808 Saraiamsaccrdotem
2063 3749 2179 3823 pri-

583 3855 602 3887 ι
647 3852 812 3903 mum,
843 3845 898 3892 et
921 3836 1245 3908 Soplioniam
1272 3841 1607 3896 sacerdotem
1635 3843 1958 3909 secundum,
1977 3851 2152 3900 ettres

583 3950 600 3980 ι
634 3929 886 3985 custodes
914 3932 1186 3998 vestibuli,
1234 3941 1290 3988 et
1332 3934 1399 3990 de
1425 3934 1643 3990 civitate
1675 3936 1794 3990 tulit
1819 3937 2146 4004 eunuchum,

588 4040 606 4070 ι
645 4036 809 4074 unum
845 4022 935 4092 qui
966 4033 1084 4078 erat
1111 4025 1427 4094 prtepositus
1457 4040 1619 4095 super
1661 4026 1806 4080 viros
1843 4025 2149 4092 bellatores,

580 4127 597 4160 ς
635 4119 688 4164 ct
715 4118 919 4181 septem
955 4111 1099 4168 viros
1149 4114 1214 4168 de
1241 4113 1324 4169 bis
1373 4114 1462 4183 qui
1495 4114 1744 4169 videbant
1767 4115 1957 4170 faciem
1988 4118 2148 4186 regis,

581 4221 598 4253 ι
637 4202 726 4271 qui
763 4203 964 4258 inventi
991 4213 1116 4258 sunt
1144 4203 1196 4256 in
1237 4204 1476 4269 civitate,
1507 4211 1560 4258 et
1589 4204 1820 4260 scribam
1851 4207 2149 4278 principem

580 4310 598 4342 ι
636 4291 886 4358 militum,
931 4294 1020 4362 qui
1041 4293 1301 4363 probabat
1333 4295 1570 4350 tirones:
1603 4305 1658 4351 et
1692 4297 1966 4367 sexaginta
2007 4298 2152 4354 vires

584 4403 602 4434 ι
639 4385 704 4438 de
741 4385 940 4454 populo
978 4394 1157 4452 teme,
1189 4385 1278 4456 qui
1320 4386 1521 4441 inventi
1560 4397 1687 4441 sunt
1719 4388 1773 4441 in
1803 4389 1977 4442 medio
2019 4389 2152 4444 civi-

579 4491 597 4522 ι
633 4473 776 4527 tatis.
793 4474 936 4528 Tulit
955 4483 1132 4529 autem
1157 4491 1250 4530 eos
1271 4475 1623 4532 Nabuzardan
1647 4482 1902 4549 magister
1926 4479 2148 4545 militiai,

576 4585 593 4612 α
629 4572 681 4617 et
723 4564 1020 4620 cduxiteos
1050 4565 1117 4620 ad
1139 4581 1315 4636 regem
1357 4567 1641 4638 Babylonis
1681 4569 1733 4621 in
1761 4567 2039 4622 ltelilatha.
2086 4570 2152 4624 Et

575 4673 592 4702 ι
627 4655 891 4722 percussit
919 4669 1012 4710 eos
1041 4671 1136 4710 rex
1172 4655 1498 4726 Babylonis,
1537 4665 1591 4712 et
1637 4655 1908 4727 interfecit
1958 4674 2052 4712 eos
2091 4659 2144 4713 in

575 4765 591 4794 ι
634 4745 892 4799 lteblatba
921 4746 973 4800 in
999 4755 1140 4801 terra
1165 4746 1378 4813 Emath,
1406 4757 1459 4803 et
1483 4748 1772 4804 translatus
1810 4759 1892 4805 est
1917 4749 2050 4804 Juda
2079 4753 2144 4807 dc

577 4859 591 4886 ι
635 4847 776 4891 terra
833 4850 948 4889 sua.
981 4855 999 4887 ι
1031 4835 1146 4891 Νοιι
1194 4837 1365 4891 solum
1403 4839 1546 4892 enim
1592 4839 1897 4909 populares,
1945 4841 2038 4896 sed
2089 4851 2145 4898 ct

571 4928 838 4990 l'ortes,,et
862 4927 1132 5006 principes
1167 4927 1218 4980 in
1250 4928 1488 4982 Ecclesia
1521 4929 1765 4984 diabolus
1791 4931 2059 5000 decipere,
2089 4942 2143 4988 et

569 5019 802 5088 peccatis
829 5019 1103 5089 captivare
1123 5019 1338 5090 satagit.
1373 5017 1523 5074 Unde
1562 5021 1627 5074 de
1658 5021 1774 5090 ipso
1804 5022 1855 5075 in
1886 5021 1984 5078 Job
2005 5027 2140 5078 scri-

569 5121 715 5183 ptum
734 5121 817 5167 est
843 5129 856 5164 :
890 5130 909 5162 ι
941 5111 1090 5166 Esca:
1109 5111 1494 5166 eorumclectm
1523 5120 1646 5165 sunt
1671 5112 1808 5182 (Job.
1831 5115 1973 5186 ω.»
2003 5114 2146 5170 Tulit

570 5221 783 5276 quoque
829 5205 1206 5274 Saraiam,qui
1261 5203 1651 5274 interpretatur
1689 5205 1922 5269 vinetus,
1968 5221 2147 5261 sacer-

468 5306 478 5318 '
571 5301 748 5356 dotem
801 5300 1081 5371 primum:
1119 5314 1240 5352 cum
1297 5297 1530 5367 primum
1581 5297 1836 5353 Ecclesia:
1880 5298 2144 5365 ordinem,

569 5392 658 5458 qui
683 5393 734 5445 in
763 5391 1028 5461 episcopis
1055 5399 1156 5454 est,
1185 5405 1368 5445 amore
1387 5389 1675 5460 voluptatis
1724 5399 1950 5447 terreare
1987 5401 2039 5444 et
2065 5391 2138 5444 vi-

571 5481 768 5536 tiorum
809 5491 997 5537 catena
1037 5483 1374 5553 constringit.
1409 5482 1556 5537 Tulit
1579 5499 1792 5554 quoque
1817 5483 2065 5538 Similiter
2094 5492 2148 5537 ct

573 5567 922 5638 Soplioniam,
956 5572 1045 5642 qui
1071 5572 1458 5641 interpretatur
1501 5572 1864 5636 absconditus,
1897 5571 2142 5626 sacerdoo

574 5669 678 5713 tvm
707 5663 1014 5730 secundum,
1067 5678 1190 5719 cum
1225 5664 1442 5718 secundi
1467 5663 1672 5718 ordinis
1706 5663 1870 5728 viros,
1914 5663 2014 5719 hoc
2042 5672 2143 5727 est,

2254 3208 2364 3263 llos
2407 3207 2672 3271 videlicet,
2724 3222 2914 3263 omnes
2943 3205 3142 3262 tollens
3191 3201 3511 3260 Nabuzardau
3542 3196 3712 3267 prim‘cl“

2253 3299 2503 3362 militum,
2532 3297 2687 3351 duxit
2706 3298 2773 3352 ad
2794 3312 2974 3368 regem
2991 3297 3280 3369 Babylonis
3303 3296 3354 3351 in
3377 3289 3606 3350 Reblatlta.
3628 3283 3711 3336 l’ca-

2252 3387 2526 3457 cussitque
2572 3402 2667 3442 eos
2693 3399 2785 3442 rex
2809 3387 3131 3459 Babylonis;
3161 3396 3217 3444 et
3242 3383 3484 3441 interfecit
3517 3381 3558 3431 in
3587 3371 3712 3428 Ιίνιιι-

2253 3479 2345 3538 tha
2385 3479 2438 3536 in
2473 3486 2613 3537 terra
2663 3477 2852 3536 Emth
2881 3493 2895 3537 :
2925 3479 3051 3553 quia
3082 3479 3322 3552 antiquus
3362 3471 3507 3532 hostis
3535 3485 3624 3524 cum
3655 3477 3712 3529 [νεῖ

2251 3573 2544 3644 nequitiam
2576 3587 2728 3627 suam
2757 3573 2916 3628 talem
2941 3575 3180 3644 praedam
3222 3570 3288 3624 ab
3327 3563 3521 3622 ecclesia
3553 3554 3714 3644 ριγητ-ξ

2254 3643 2414 3732 tollit,
2464 3667 2567 3720 hoc
2602 3666 2711 3720 voti
2759 3643 3082 3731 ambit,hoc
3111 3673 3221 3720 toto
3243 3659 3404 3717 studio
3447 3654 3553 3724 agit,
3598 3654 3637 3699 ut
3671 3643 3711 3693 :ul

2251 3766 2523 3828 perpetua:
2561 3756 2753 3812 mortis
2770 3754 3198 3811 interfectionem
3224 3767 3312 3808 eos
3346 3746 3578 3819 perducat.
3619 3735 3714 3829 Quas

2252 3849 2486 3920 percutit
2531 3865 2624 3904 rex
2655 3847 2986 3904 confusionis
3012 3848 3070 3902 in
3119 3843 3366 3902 Reblatlia
3405 3857 3416 3891 :
3447 3836 3532 3889 hoc
3570 3835 3644 3923 est?
3678 3836 3710 3923 ξίι

2252 3912 2571 3994 molitudine
2627 3938 2888 3993 scelerum
2939 3947 2994 3992 et
3042 3950 3225 3992 amore
3271 3929 3574 3998 voluptatum.
3611 3912 3710 4007 built

2255 4033 2530 4102 ScriPlura
2557 4033 2684 4088 dicit
2714 4049 2774 4088 ε(
2803 4031 2936 4086 Lata
2963 4039 3019 4086 et
3045 4029 3276 4102 spatiosa
3299 4033 3377 4078 est
3397 4019 3486 4083 via,
3510 4005 3711 4082 qumtllll‘ll

2253 4125 2318 4180 ad
2347 4132 2592 4190 mortem,
2636 4131 2690 4178 et
2729 4122 2880 4176 multi
2923 4129 3073 4188 sunt,
3125 4121 3213 4192 qui
3239 4119 3426 4172 intrant
3461 4109 3708 4199 νῦν

2253 4216 2320 4270 Et
2370 4215 2660 4270 translatus
2690 4223 2772 4269 est
2803 4212 2938 4269 Juda
2969 4215 3038 4268 de
3087 4191 3229 4268 terra
3256 4221 3380 4262 sua:
3406 4212 3510 4256 cum
3549 4191 3621 4249 imi
3652 4195 3710 4249 q'“

2254 4308 2647 4365 confessionem
2707 4307 2940 4362 nominis
2985 4307 3082 4361 Dei
3129 4306 3182 4360 in
3224 4294 3433 4357 ecclesia
3476 4281 3710 4340 videbanle

2254 4399 2455 4454 habere
2497 4413 2592 4468 per
2619 4397 2824 4452 scelera
2859 4405 2915 4452 et
2957 4405 3182 4468 peccata
3225 4381 3524 4456 multiplicia,
3546 4373 3597 4428 de
3617 4377 3708 4461 terra

2253 4491 2513 4544 virtutum
2547 4489 2793 4544 translati
2833 4489 2888 4543 in
2924 4503 3148 4559 regnum
3180 4475 3479 4541 confusionis
3503 4477 3545 4522 et
3571 4468 3708 4559 erro-ni

2251 4579 2590 4634 abducuntur
2622 4597 2635 4633 :
2675 4579 2776 4633 sub
2817 4593 2924 4649 quo
2972 4553 3198 4646 imperio
3232 4570 3504 4642 quiClm‘lue
3539 4553 3709 4649 nequ"?

2248 4669 2544 4724 servientes
2601 4667 3098 4740 perseveraverint,
3148 4678 3244 4721 nec
3309 4645 3708 4749 merebuutttr‘ﬂl’f:

2244 4760 2428 4816 losum
2455 4732 2706 4814 ducatum
2736 4758 2947 4828 regredi
2971 4758 3024 4812 in
3044 4765 3242 4813 terram
3271 4749 3412 4808 Juda,
3437 4732 3708 4840 templ-lli???

2247 4852 2454 4906 Domini
2483 4851 2680 4906 ibidem
2711 4827 3037 4905 retudilicare
3063 4869 3074 4902 :
3115 4848 3167 4902 hi
3193 4849 3307 4916 post
3335 4827 3705 4929 terulﬂﬂmﬂlif

2249 4945 2417 4999 sentis
2446 4945 2567 4998 vitae
2597 4943 2876 4997 tradentur
2914 4941 2966 4994 in
3017 4949 3279 4994 carcerem
3308 4923 3476 5016 ωοτιξδ

2250 5035 2337 5090 ubi
2371 5033 2566 5088 vermis
2589 5047 2775 5088 eorum
2798 5045 3071 5100 nunquam
3087 5026 3345 5084 morietur,
3367 5022 3426 5115 ει.

2253 5141 2357 5180 non
2409 5124 2801 5194 cxstinguetur,
2860 5120 3264 5193 implebiturquc
3309 5111 3358 5166 in
3386 5104 3455 5160 eis

2251 5213 2398 5270 Petri
2451 5181 2738 5276 sentevntia,
2788 5226 2909 5266 cum
2935 5181 3088 5265 .dicit
3117 5227 3130 5262 :
3161 5227 3178 5258 ι
3208 5201 3380 5259 Melius

2252 5321 2355 5359 non
2383 5317 2708 5374 cognoscere
2729 5300 2868 5356 viam
2887 5298 3135 5367 ,Ῑιιδιῖιίων
3155 5307 3304 5397 (illam
3332 5276 3699 5397 θῖδξξθῖξῗίιᾛ

2247 5393 2363 5464 eius
2403 5365 2699 5446 retrorsum
2745 5365 2983 5442 converti
3035 5385 3120 5458 (11
3172 5365 3280 5436 Pe"
3330 5373 3384 5441 ﬂ)
3427 5365 3698 5487 22.32%:

2248 5447 2350 5535 illis
2398 5481 2651 5534 traditum
2697 5487 2782 5532 cst
2820 5487 3008 5532 sancto
3059 5473 3324 5571 mandato,

2248 5577 2396 5624 tante
2432 5568 2708 5624 Vcritatc:
2761 5586 2778 5619 ι
2817 5567 3019 5622 Servus
3065 5566 3152 5635 (Ιυί
3202 5545 3692 5664 δείίΪΡ¹¹¹¹¹ξῖξθῗηιᾍ

2249 5661 2375 5715 mini
2407 5660 2506 5726 sui,
2536 5670 2588 5714 et
2615 5677 2718 5714 non
2743 5659 2886 5726 facit,
2937 5633 3205 5730 vapulabit
3233 5645 3394 5708 multis
3422 5657 3434 5694 :
3461 5633 3535 5704 qui
3569 5633 3619 5674 3“
