3970 6190
1917 146 2006 162 ..νο

397 278 529 334 i181

1148 311 1170 330 .
1242 275 1603 333 EXPOSITIO
1639 275 1867 333 SUPER
1904 274 2266 331 JEBEMIAM.
2296 306 2365 316 —
2403 275 2528 331 LIB.
2569 275 2750 333 XVIII.

3522 287 3659 343 “82

396 391 587 454 nescit,
630 396 688 443 et
733 405 837 442 non
880 388 1032 453 facit,
1061 388 1333 457 vapulabit
1373 389 1559 458 paucis
1602 386 1754 457 (Luc.
1796 385 1916 456 xu).
1958 404 1976 435 ι
2012 387 2059 446 Α
2086 384 2176 453 qui
2202 399 2299 438 eos
2320 382 2521 438 lumine
2546 384 2787 441 scientia:
2810 384 3069 454 privatos,
3102 387 3155 441 in
3173 390 3502 448 confusionis
3534 409 3655 462 per—

472 500 492 534 c
522 481 628 536 Iste
666 489 747 535 est
782 480 1027 549 p0pulus,
1056 494 1215 547 quem
1249 479 1524 534 transtulit
1553 478 1977 532 Nabuchodono—

401 591 420 623 ι
465 586 554 627 sor
577 572 629 625 in
655 586 797 624 anno
841 571 1089 639 septimo,
1124 569 1337 625 Jndatos
1365 570 1466 624 tria
1505 569 1669 623 millia
1699 579 1755 623 et
1789 569 1978 638 vigimi

402 683 419 711 ι
463 671 588 716 tres.
657 660 715 713 lu
776 674 921 713 anno
974 669 1167 713 octavo
1231 660 1441 714 decimo
1482 658 1979 714 Nabuchodenosor

403 775 419 803 ε
467 752 740 805 transtulit
764 751 831 805 de
866 750 1201 803 Hierusalem
1244 750 1453 804 animas
1497 751 1837 818 octingentas
1882 751 1979 803 tri-

405 865 421 894 ι
458 846 598 915 ginta
627 845 779 897 duas.
818 844 874 896 in
920 858 1063 897 anno
1094 844 1512 899 vicesimotertio
1546 845 1975 901 Nabuchodono—
2008 892 2023 911 ,

406 956 422 985 ι
470 952 580 1000 sor,
626 935 899 988 transtulit
946 933 1299 989 Nahuzardan
1337 936 1593 1003 magister
1632 936 1853 1001 militize,
1886 935 1979 990 Ju-

405 1044 422 1075 ς
462 1026 695 1078 dzcorum
720 1024 927 1077 animas
949 1024 1313 1092 septingentas
1334 1026 1686 1096 quadraginta
1718 1029 1973 1097 quinque.

404 1135 421 1164 ι
456 1114 649 1168 Omnes
671 1129 799 1183 ergo
823 1115 1013 1166 animae
1035 1122 1266 1181 quatuor
1288 1115 1452 1169 millia
1483 1127 1771 1171 sescentae.
1809 1138 1827 1169 ι
1859 1118 1978 1171 Tri-

397 1208 498 1259 bus
525 1206 748 1269 vicibus,
804 1213 864 1258 ut
889 1205 1165 1274 Scriptura
1204 1208 1427 1278 Regum
1449 1217 1502 1262 et
1533 1209 1977 1279 Paralipomenon

402 1303 695 1361 testantur,
745 1295 1235 1353 Nabuchodonosor
1276 1299 1509 1352 vastavit
1560 1308 1759 1353 terram
1800 1299 1972 1354 Juda:

400 1391 500 1444 hoc
524 1397 626 1453 est,
660 1390 833 1457 primo
855 1404 973 1442 cum
1023 1389 1286 1452 Joachim,
1318 1391 1405 1459 qui
1433 1399 1487 1444 et
1514 1391 1770 1445 Eliacbim
1809 1393 1979 1446 nomi-

401 1488 555 1537 natus
583 1487 683 1545 est,
714 1479 876 1533 lilium
898 1478 1057 1534 Josicc
1081 1481 1224 1550 regis
1244 1480 1379 1535 Juda
1427 1491 1735 1551 superatum
1769 1492 1822 1537 et
1864 1483 1980 1536 vin-

400 1559 542 1626 ctum
584 1571 790 1626 catenis
830 1572 982 1624 duxit
1009 1571 1059 1623 iu
1094 1570 1439 1640 Babylonem,
1465 1587 1585 1626 cum
1615 1573 1762 1627 vasis
1787 1575 1977 1628 domus

400 1662 634 1727 Domini,
656 1678 776 1731 qua:
806 1663 981 1731 posuit
1004 1663 1056 1715 in
1074 1664 1268 1732 templo
1295 1679 1411 1717 suo.
1438 1663 1687 1718 Secundo
1709 1682 1831 1719 cum
1858 1665 1980 1720 Joa-

2078 479 2251 540 petua:
2297 472 2686 539 captivitatem,
2717 473 2763 526 si
2791 488 2850 527 se
2882 482 3011 528 ante
3044 490 3150 529 non
3179 482 3539 544 correxerint,
3568 496 3656 535 ue-

2074 577 2184 632 que
2236 560 2554 629 semetipsos
2603 578 2702 631 per
2744 564 3118 631 paenitentiam
3161 565 3528 634 liberaverint,
3556 570 3654 622 ab-

2078 658 2240 713 ducet
2281 657 2596 727 redigetque
2644 658 2697 711 in
2740 674 3015 715 carcerem
3063 659 3280 727 inferni,
3309 663 3398 718 ubi
3437 664 3657 718 aeternis

2077 746 2329 803 claustris
2358 747 2595 801 damnati
2618 758 2838 817 gemunt
2870 749 2923 803 in
2964 761 3298 820 perpetuum.

2153 853 2173 888 ί
2210 836 2275 890 Ει
2305 835 2507 890 factum
2537 845 2619 889 est
2653 836 2706 889 in
2741 837 3013 892 tricesimo
3036 839 3266 908 septimo
3304 853 3447 893 anno
3475 847 3653 892 trans-

2082 947 2101 977 ‹
2138 928 2477 998 migrationis
2502 927 2746 982 Juaehim
2776 929 2917 998 regis
2943 928 3094 984 Iudae
3116 931 3432 985 duodecimo
3448 944 3655 994 mense,

2084 1037 2103 1069 ι
2140 1018 2396 1073 vicesima
2421 1018 2610 1087 quinta
2629 1018 2718 1072 die
2744 1019 2967 1083 mensis,
2992 1020 3222 1076 elevavit
3248 1020 3653 1075 Evilmerodacb

2086 1126 2104 1159 ι
2144 1125 2236 1163 rex
2270 1107 2557 1178 Babylonis
2600 1108 2717 1176 ipso
2743 1123 2885 1161 anno
2912 1110 3064 1178 regni
3109 1110 3189 1165 sui
3216 1118 3377 1179 caput
3412 1109 3654 1164 Joacbim

2085 1216 2103 1248 ι
2136 1198 2275 1267 regis
2314 1196 2483 1260 Juda3,
2524 1206 2583 1251 et
2618 1198 2946 1252 eduxitcum
2991 1200 3055 1252 de
3089 1200 3247 1252 domo
3294 1200 3548 1264 carceris,
3604 1208 3658 1252 et

2085 1308 2102 1340 ε
2142 1288 2353 1343 locutus
2389 1295 2472 1343 est
2497 1303 2618 1342 cum
2653 1304 2718 1343 eo
2746 1288 2910 1355 bona,
2947 1297 3003 1344 et
3042 1290 3220 1358 posuit
3246 1291 3499 1345 thronum
3542 1293 3659 1362 ejus

2086 1400 2105 1430 c
2138 1395 2299 1448 super
2327 1381 2546 1435 thronos
2581 1398 2791 1451 regum,
2838 1382 2929 1450 qui
2955 1391 3108 1437 erant
3137 1391 3256 1453 post
3290 1397 3349 1437 se
3388 1384 3441 1438 in
3486 1384 3659 1455 Baby—

2085 1491 2103 1524 ι
2138 1473 2283 1535 Ione,
2304 1481 2359 1526 et
2384 1474 2614 1527 mutavit
2641 1475 2960 1528 vestimenta
2983 1475 3218 1529 carceris
3239 1474 3374 1543 ejus.
3402 1484 3451 1530 et
3477 1492 3657 1531 come-

2086 1584 2104 1615 i
2134 1565 2293 1619 debat
2314 1580 2511 1635 panem
2537 1581 2718 1619 coram
2751 1581 2815 1620 eo
2838 1579 3053 1636 semper
3086 1566 3298 1621 cunctis
3320 1565 3510 1621 diebus
3538 1567 3659 1620 vitze

2087 1673 2106 1705 ‹
2144 1671 2274 1720 εαξη,
2303 1663 2360 1710 et
2396 1655 2603 1710 cibaria
2644 1657 2762 1727 ejus
2786 1656 2989 1712 cibaria
3019 1666 3280 1728 perpetua
3306 1658 3572 1713 dabantur
3610 1660 3657 1712 ei

400 1755 541 1807 cbim
594 1760 948 1822 cognomento
976 1751 1290 1806 Jechoniam
1320 1753 1489 1807 ﬁlium
1531 1753 1645 1822 ejus
1671 1755 1831 1808 simul
1856 1769 1977 1810 cum
2010 1748 2055 1805 B
2090 1764 2109 1797 ‹
2147 1762 2177 1799 a
2209 1762 2336 1817 rege
2365 1746 2674 1817 Babylonis,
2716 1755 2917 1803 statuta
2945 1763 3043 1818 per
3082 1749 3323 1820 singulos
3346 1749 3471 1804 dies.
3496 1765 3662 1818 usque

402 1852 591 1908 matre,
638 1850 693 1897 et
735 1841 997 1897 eunuchis
1048 1841 1381 1911 principibus
1430 1850 1590 1912 atque
1623 1844 1795 1897 servis
1836 1844 1974 1913 ejus,

402 1932 675 1987 transtulit
713 1933 766 1985 in
799 1932 1141 2002 Babylonem,
1181 1934 1470 2002 asportatis
1509 1933 1664 1987 simul
1703 1934 1978 2003 pretiosis-

403 2022 554 2076 simis
591 2022 733 2077 vasis
759 2023 950 2077 domus
980 2023 1210 2077 Domini.
1267 2022 1450 2079 Tertio
1496 2040 1615 2078 cum
1659 2024 1977 2080 Sedecliiam

400 2115 560 2184 cepit,
610 2114 886 2183 oculisque
931 2116 1178 2184 privavit,
1218 2114 1355 2170 ﬁlios
1407 2116 1523 2187 ejus
1571 2116 1862 2182 interfecit,
1913 2132 1979 2171 ac

401 2204 650 2261 meliores
691 2219 935 2273 quosque
979 2206 1195 2269 occidit,
1239 2221 1337 2261 nec
1391 2215 1475 2261 est
1502 2207 1759 2261 misertus
1800 2207 1976 2261 adole-

400 2295 598 2348 scentis
635 2304 687 2348 ct
710 2295 952 2364 virginis,
977 2296 1120 2349 senis
1145 2303 1199 2348 ct
1225 2296 1505 2365 decrepiti,
1536 2307 1592 2352 et
1613 2298 1850 2352 incendit
1877 2299 1974 2352 do—

405 2401 549 2438 mum
599 2386 829 2447 Domini,
874 2402 1163 2456 murosque
1206 2388 1543 2443 Hierusalem
1591 2389 1855 2442 destruxit
1884 2408 1894 2440 :
1922 2397 1976 2442 et

401 2477 658 2546 quidquid
706 2478 998 2546 pzctiosum
1045 2479 1219 2532 fuerat
1260 2480 1548 2534 demolitus
1595 2489 1698 2534 est.
1751 2480 1808 2535 Si
1853 2482 1975 2551 quis

404 2578 580 2623 autem
607 2570 839 2624 evaserit
870 2569 1101 2639 gadium
1129 2569 1324 2627 ductus
1358 2580 1440 2627 est
1468 2572 1517 2627 in
1540 2570 1885 2643 Babylonem,
1922 2576 1977 2628 et

401 2662 619 2714 servivit
650 2662 757 2730 regi
779 2671 833 2715 et
859 2662 982 2716 ﬁliis
1010 2661 1143 2729 ejus.
1175 2662 1323 2718 Unde
1342 2662 1773 2731 Jeremiasjuxta
1796 2674 1975 2718 terna-

403 2751 541 2803 rium
582 2766 863 2806 numerum
903 2762 1183 2807 enumerat
1223 2754 1625 2808 translationem
1665 2752 1971 2809 Judaeorum

401 2840 466 2895 de
515 2850 657 2895 terra
693 2857 810 2895 sua.
852 2842 1032 2897 Primo
1062 2844 1161 2897 tria
1200 2844 1363 2897 millia
1412 2853 1467 2897 et
1500 2845 1685 2913 viginti
1714 2853 1840 2899 tres.
1876 2843 1973 2899 Se-

401 2930 573 2983 cundo
605 2933 941 3000 octingentas
984 2933 1196 3001 triginta
1245 2934 1398 2987 duas.
1450 2933 1635 2989 Tertio
1666 2935 1971 3004 septingen-

401 3030 481 3077 tas
495 3023 846 3094 quadraginta
868 3024 1122 3093 quinque.
1150 3024 1423 3079 Summam
1450 3040 1635 3079 eorum
1655 3035 1971 3095 computans

2090 1856 2109 1889 ι
2141 1841 2206 1893 ad
2245 1840 2386 1893 diem
2433 1840 2624 1894 mortis
2675 1854 2807 1904 sum,
2850 1840 3062 1895 cunctis
3097 1840 3287 1895 diebus
3311 1840 3435 1894 vita:
3461 1856 3591 1895 suae.
3636 1859 3655 1891 ι

2083 1930 2233 1996 Quod
2296 1930 2704 1984 Evilmerodach
2761 1946 2930 2000 nepos
2993 1929 3489 1985 Nabuchodonosor
3566 1946 3661 1984 rex

2081 2021 2370 2092 Babylonis
2400 2029 2560 2091 caput
2587 2020 2831 2076 Joachim
2858 2022 2997 2090 regis
3021 2020 3158 2077 Juda
3177 2022 3427 2087 elevavit,
3454 2030 3507 2076 et
3529 2022 3663 2076 edu-

2081 2111 2163 2164 xit
2194 2126 2317 2164 eum
2358 2092 2424 2164 de
2469 2110 2627 2164 domo
2655 2110 2892 2167 carceris
2919 2110 3320 2179 honoribusque
3344 2118 3507 2180 atque
3540 2110 3658 2179 opi-

2078 2201 2181 2255 bus
2226 2200 2554 2266 sublimavit,
2588 2200 2717 2269 quid
2770 2199 3088 2270 spiritaliter
3117 2200 3386 2272 signiﬁcet
3430 2216 3536 2256 non
3578 2216 3661 2255 tn—

2079 2288 2236 2342 vcnio
2274 2307 2287 2342 :
2319 2289 2420 2343 nisi
2447 2288 2588 2358 quod
2647 2289 2804 2343 nobis
2834 2289 3134 2344 manifestis
3169 2289 3386 2345 indiciis
3438 2290 3659 2344 demun-

2079 2386 2216 2432 strat
2264 2386 2538 2446 potentem
2588 2392 2708 2432 esse
2754 2378 3114 2445 divinitatem,
3145 2379 3286 2434 sicut
3339 2394 3438 2449 per
3467 2380 3659 2445 bonos,

2079 2468 2343 2522 ita‘ctiam
2381 2484 2479 2536 per
2501 2468 2670 2522 malos
2701 2484 2798 2523 sua
2827 2484 3083 2525 exercere
3100 2471 3327 2541 judicia.
3359 2469 3492 2525 Nam
3523 2472 3660 2525 sicut

2078 2557 2396 2613 Sedechiam
2435 2560 2885 2629 incorrigibilem,
2937 2570 2993 2615 et
3037 2562 3369 2631 propheticis
3418 2562 3661 2616 admoni-

2078 2651 2314 2706 tionibus
2353 2652 2751 2707 iuobedieutem
2809 2668 2907 2722 per
2953 2651 3450 2708 Nabuchodonosor
3506 2654 3659 2708 cacci-

2077 2751 2187 2798 tate
2209 2753 2264 2797 et
2285 2744 2602 2812 captivitate
2623 2744 2901 2799 damnavit
2923 2757 3181 2815 perpetua
3227 2761 3241 2800 :
3285 2745 3360 2799 ita
3391 2759 3487 2815 per
3515 2741 3663 2798 Evil-

2072 2834 2366 2887 merodach
2404 2832 2648 2887 Joachim
2678 2850 2880 2904 regem,
2905 2835 3029 2889 licet
3054 2846 3307 2906 peccator
3330 2836 3511 2900 fuerit,
3542 2843 3659 2889 tan-

2074 2937 2235 2991 quam
2264 2923 2443 2993 p0puli
2472 2924 2553 2979 sui
2597 2924 2757 2978 saluti
2789 2932 2842 3001 et
2873 2926 3155 2983 salvationi
3195 2927 3435 2982 civitatis
3460 2941 3655 2981 consu-

2073 3012 2212 3079 lens,
2235 3015 2582 3084 semetipsum
2604 3030 2667 3069 ac
2688 3024 2916 3071 matrem
2934 3033 3084 3072 suam
3107 3017 3327 3072 tradidit
3348 3016 3458 3088 regi
3481 3016 3653 3086 Baby-

402 3112 528 3167 dicit
572 3128 689 3167 esse
720 3114 927 3168 animas
974 3125 1206 3184 quatuor
1246 3115 1411 3169 millia
1463 3124 1766 3171 sexcentas.
1818 3116 1968 3182 Quod

2078 3104 2212 3158 Ionis
2250 3105 2644 3167 abducendum,
2700 3116 2823 3175 post
2862 3109 3256 3178 correptionem
3296 3106 3413 3176 ejcs
3450 3107 3657 3161 miseri-

401 3200 525 3254 licet
574 3202 925 3256 historialiter
953 3212 1172 3273 propter
1196 3215 1416 3275 peccata
1443 3207 1626 3275 populi
1664 3208 1735 3261 ita
1768 3207 1969 3263 factum

401 3289 599 3345 fuerit:
630 3300 805 3347 tamen
852 3295 1164 3363 spiritaliter
1189 3296 1384 3363 innuit,
1429 3300 1570 3368 quod
1626 3315 1835 3366 omnes,
1878 3301 1969 3369 qui

400 3390 602 3436 saneta:
616 3383 893 3440 Trinitatis
912 3386 1069 3439 ﬁdem
1097 3402 1195 3456 per
1215 3403 1453 3443 errorem
1480 3390 1740 3459 polluunt,
1759 3407 1819 3445 ac
1845 3406 1971 3460 qua-

401 3478 523 3524 tuor
551 3473 944 3543 evangeliorum
984 3474 1284 3529 doctrinam
1327 3492 1542 3532 servnre
1588 3495 1693 3532 non
1739 3494 1966 3534 consen-

401 3561 539 3615 tiunt
566 3602 581 3626 ,
639 3563 1128 3634 perfectionemque
1176 3568 1438 3622 bonorum
1493 3584 1715 3639 operum
1772 3573 1970 3627 habere

399 3654 719 3722 despiciunt,
771 3658 990 3713 obnoxii
1025 3670 1157 3713 sunt
1206 3662 1455 3717 servituti
1499 3665 1638 3731 regis
1666 3664 1967 3735 Babylonis,

2072 3194 2269 3248 cordiac
2308 3194 2504 3249 intuitu
2544 3198 2811 3266 respexit,
2854 3205 3017 3268 atque
3047 3198 3111 3253 de
3169 3198 3345 3267 pinnis
3398 3197 3658 3261 liberans,

2072 3283 2240 3352 quieti
2281 3299 2347 3339 ac
2389 3285 2580 3340 honori
2608 3287 2864 3342 restituit.
2904 3286 3090 3342 Justus
3132 3289 3383 3344 enimest
3402 3287 3661 3343 Dominus

2071 3374 2126 3428 in
2150 3376 2400 3431 omnibus
2429 3378 2532 3432 viis
2581 3379 2715 3444 suis,
2763 3389 2818 3433 et
2856 3391 3075 3436 sanctus
3105 3381 3157 3434 in
3201 3382 3453 3436 omnibus
3483 3380 3660 3449 operi-

2073 3467 2177 3521 bus
2213 3467 2347 3522 suis.
2379 3468 2527 3524 Undc
2556 3485 2676 3525 cum
2712 3469 2938 3541 flagellat
2960 3488 3057 3527 nos
3084 3487 3289 3541 a'quus,
3318 3487 3440 3527 cum
3480 3479 3656 3526 autem

2074 3560 2402 3627 consolatur,
2440 3562 2749 3619 misericors
2774 3580 2894 3620 esse
2923 3565 3199 3635 probatur.

418 3790 3618 3825 -——————___.__—._________.____________________________

1342 3893 1639 3971 LIBER
1691 3895 2158 3976 OCTAVUS
2221 3903 2700 3981 DECIMUS.

473 4105 722 4162 Ultimam
750 4117 958 4176 partem
999 4108 1244 4166 Ieremia:
1284 4112 1578 4182 prophetae,
1625 4128 1744 4183 qua:
1794 4115 1973 4184 appel-

397 4199 539 4254 latur
584 4201 1037 4271 Lamentationes,
1085 4216 1242 4277 prout
1293 4207 1551 4263 Dominus
1604 4208 1836 4278 Spiritus
1888 4212 1970 4265 sui

398 4292 592 4357 gratia,
647 4306 756 4361 quo
810 4294 923 4363 ipse
977 4298 1239 4365 propheta
1290 4298 1501 4353 locutus
1546 4307 1628 4354 est
1674 4314 1773 4353 nos
1824 4299 1974 4354 illus-

2079 4119 2436 4189 omnipotens,
2490 4122 2581 4192 qui
2616 4131 2737 4187 est,
2782 4131 2837 4178 et
2880 4124 3136 4193 quierat,
3188 4137 3243 4181 et
3271 4126 3361 4196 qui
3398 4134 3654 4182 venturus

2077 4218 2181 4265 est.
2215 4230 2233 4263 ι
2288 4211 2393 4266 Sed
2421 4228 2594 4283 neque
2632 4215 2734 4269 hoc
2761 4215 3023 4270 silendum
3070 4216 3305 4271 arbitror
3343 4218 3483 4288 quod
3527 4219 3653 4285 ipsa:

2076 4300 2530 4369 Lamentationes,
2559 4313 2619 4359 ut
2638 4306 2828 4361 beatus
2853 4306 3209 4377 Hieronymus
3235 4317 3483 4374 testatur,
3508 4310 3649 4378 apud

401 4387 545 4434 trare
595 4382 841 4449 voluerit,
896 4389 1188 4439 secundum
1242 4387 1520 4442 historiam
1572 4395 1625 4441 et
1675 4388 1970 4443 secundum
1998 4392 2331 4473 Dllmbreos
2354 4395 2662 4465 alphabetcs
2698 4406 2842 4463 sunt,
2867 4407 2922 4453 et
2949 4399 3107 4454 metri
3157 4398 3275 4470 lege
3314 4402 3645 4469 composite.

400 4471 685 4541 mysticum
728 4489 945 4529 sensum
987 4476 1304 4545 exposituri,
1352 4478 1585 4548 primum
1635 4479 1973 4536 innotescere

398 4564 666 4634 cupimus,
713 4567 877 4634 quod,
912 4566 1068 4634 juxta
1107 4571 1367 4638 quosdam
1409 4572 1521 4639 ipsa
1547 4588 1673 4641 pars
1706 4574 1760 4628 in
1805 4590 1971 4629 unum

399 4650 592 4707 librum
622 4670 744 4710 cum
773 4666 969 4712 extera
1002 4659 1281 4728 prophetia
1324 4660 1577 4716 Jeremiae
1608 4662 1969 4735 coniungitur,

398 4744 538 4812 apud
567 4747 826 4815 quosdam
855 4764 983 4804 vero
1017 4752 1393 4818 sequestratim
1424 4754 1662 4821 ponitur,
1699 4764 1754 4808 et
1791 4770 1887 4825 per
1915 4771 1972 4810 se

398 4832 518 4886 libri
550 4850 747 4889 nomen
792 4837 992 4893 habere
1034 4848 1323 4895 censetur:
1356 4842 1494 4896 sicut
1527 4852 1584 4898 et
1630 4843 1766 4898 liber
1803 4843 1968 4909 Ruth,

391 4923 545 4994 juxta
595 4931 877 4996 quosdam,
919 4947 1042 4987 cum
1071 4932 1208 4987 libro
1244 4931 1492 4989 Iudicum
1516 4933 1784 5005 jungitur,
1831 4939 1971 5004 apud

398 5017 531 5072 alios
552 5033 679 5073 vero
701 5035 942 5075 seorsum
968 5024 1204 5092 ponitur,
1240 5032 1298 5078 ut
1316 5025 1508 5093 prisca:
1534 5027 1666 5097 legis
1690 5026 1809 5081 libri
1831 5030 1972 5096 apud

398 5105 655 5164 llaebreos
708 5111 895 5181 viginti
930 5122 1161 5182 quatuor
1196 5130 1318 5171 esse
1367 5118 1803 5175 dcmonstrentur
1827 5135 1842 5174 :
1867 5136 1972 5190 quo
2009 5110 2051 5137 ³”

401 5194 501 5247 sub
553 5213 782 5253 numero
824 5201 1010 5271 viginti
1064 5211 1294 5271 quatuor
1335 5207 1593 5261 seniores
1621 5207 1971 5279 Apocalypsis

394 5279 617 5340 Joannis
657 5287 884 5355 inducit,
934 5292 1222 5348 adorantes
1250 5293 1479 5365 Agnum,
1510 5304 1565 5350 et
1593 5313 1819 5353 coronas
1843 5313 1972 5355 suas

394 5379 686 5441 prostratis
714 5381 952 5437 vultibus
970 5381 1258 5440 oti‘erentes
1284 5401 1464 5440 coram
1488 5397 1731 5459 quatuor
1765 5392 1971 5445 anima-

393 5464 534 5521 libus
557 5469 787 5525 ocnlatis
810 5479 937 5526 ante
981 5483 1035 5528 ct
1071 5483 1236 5540 retro,
1268 5477 1320 5531 id
1355 5485 1458 5541 est,
1490 5478 1544 5532 in
1566 5480 1890 5547 prazteritum
1914 5489 1970 5535 et

391 5552 448 5611 in
474 5555 713 5614 futurum
741 5564 1173 5633 respicientibus,
1202 5577 1261 5623 et
1287 5567 1555 5625 indefessa
1586 5586 1716 5626 voce
1738 5570 1973 5625 claman-

393 5644 559 5715 tibus,
603 5667 625 5702 ‹
674 5650 925 5722 Sanctus,
968 5664 1205 5725 sanctus,
1252 5665 1493 5728 sanctus,
1536 5658 1795 5716 Dominus
1826 5660 1968 5716 Deus

2075 4486 2402 4543 Memoratus
2430 4503 2560 4559 ergo
2583 4490 2771 4544 doctor
2803 4499 2859 4545 et
2890 4491 3157 4560 interpres
3186 4491 3395 4546 divinze.
3413 4492 3565 4561 legis,
3599 4492 3649 4545 in

2070 4576 2294 4646 epistola
2318 4577 2385 4631 ad
2423 4576 2728 4633 Marcellam
2763 4580 2836 4633 ita
2866 4581 3030 4635 refert
3059 4595 3073 4633 :
3109 4600 3128 4631 ι
3163 4580 3315 4636 Scire
3345 4582 3506 4637 debes
3526 4598 3652 4651 qua-

2071 4672 2193 4720 tuor
2204 4666 2440 4734 psalmos
2460 4668 2754 4723 secundum
2775 4670 3021 4725 ordinem
3044 4670 3392 4728 Ilebrzeorum
3418 4673 3649 4741 incipere

2069 4754 2479 4823 elementorum,
2522 4758 2852 4815 tricesimum
2883 4768 3121 4826 sextum,
3165 4762 3519 4817 centesimum
3547 4777 3645 4812 uu-

2069 4847 2359 4913 decimum,
2382 4857 2438 4903 et
2459 4850 2811 4906 centesimum
2840 4862 3090 4906 octavum
3122 4852 3409 4914 decimum,
3440 4861 3494 4906 et
3525 4868 3648 4905 ccu-

2070 4937 2322 4991 tesimum
2347 4939 2813 5009 quadragesimum
2848 4949 3120 5008 quartum.
3155 4940 3429 5007 Debesque
3462 4953 3644 4992 verum

2069 5025 2211 5078 scire
2253 5026 2305 5079 in
2350 5028 2618 5095 prioribus
2653 5028 2874 5097 psalmis
2919 5027 3144 5097 singulis
3179 5026 3370 5082 litteris
3408 5027 3645 5096 singulos

2078 5113 2386 5179 versiculos,
2420 5115 2510 5183 qui
2534 5116 2781 5170 trimetro
2828 5115 3056 5169 iambico
3080 5130 3233 5170 versu
3258 5122 3506 5170 constant
3529 5132 3647 5170 esse

2069 5204 2356 5265 subucxos,
2398 5205 2678 5259 inferiores
2718 5219 2848 5259 vero
2883 5210 3195 5259 tetrametro
3237 5205 3468 5260 iambico
3498 5220 3649 5260 cons-

2071 5305 2210 5358 tare,
2237 5294 2396 5348 sicuti
2432 5302 2486 5349 et
2521 5294 2922 5348 Deuteronomii
2954 5295 3227 5349 canticum
3253 5296 3510 5365 scriptum
3541 5305 3644 5350 est.

2068 5381 2126 5437 In
2158 5384 2455 5439 centesimo
2487 5400 2704 5455 quoque
2726 5393 2921 5439 octavo
2943 5384 3154 5441 decimo
3182 5386 3388 5456 psalmo
3409 5387 3648 5458 singulas

2069 5475 2280 5529 litteras
2326 5476 2506 5529 octoni
2555 5491 2746 5531 versus
2790 5483 3111 5546 sequuntur,
3148 5486 3205 5532 et
3252 5478 3305 5532 in
3354 5478 3646 5534 centesimo

2069 5566 2484 5638 quadragesimo
2504 5577 2713 5637 quarto,
2749 5568 2976 5640 singulis
3000 5568 3193 5625 litteris
3215 5570 3408 5642 singuli
3456 5586 3645 5626 versus

2069 5658 2268 5730 gemini
2301 5659 2642 5728 deputantur.
2677 5660 2815 5716 Sunt
2841 5660 2934 5730 qui
2963 5669 3021 5717 et
3045 5660 3180 5718 alios
3210 5672 3399 5732 putant
3426 5664 3526 5718 hoc
3560 5679 3639 5717 ur-
