3970 6190
427 315 563 374 H83

1052 312 1114 366 Β.
1156 308 1408 365 MBAN
1446 308 1663 363 MAN“
1701 307 2017 363 ARClllliP.
2059 307 2669 371 MOGUNT.,OPERUM
2710 308 2887 364 PARS
2918 309 3010 364 Ill.

3571 316 3684 371 “8i

419 431 546 485 dine
572 426 829 498 incipere,
858 414 953 480 sed
993 422 1128 477 falsa
1162 420 1346 492 opinio
1368 428 1473 474 est.
1531 417 1710 473 Habes
1738 427 1792 472 et
1820 418 1872 472 in
1897 417 1994 472 La—
2022 424 2069 482 Α
2097 434 2321 488 regnum
2347 419 2755 490 sempiternum.
2792 439 2812 472 ι
2850 419 3053 475 Verum
3089 421 3222 475 haec
3255 420 3459 477 idcirco
3487 423 3689 480 insemi-

421 516 845 573 mentationibus
874 511 1122 570 Ieremia;
1146 521 1380 581 quawor
1402 509 1706 580 alphabeta,
1735 522 1767 562 e
1808 508 2004 578 quibus

2105 526 2248 574 mus,
2276 519 2332 563 ut
2361 510 2632 565 instruant
2680 510 2958 576 lectorem,
3016 525 3144 581 quo
3183 511 3330 565 sciat
3366 527 3472 566 non
3512 512 3686 572 frustra

423 613 528 666 duo
550 608 727 678 prima
755 604 910 677 quasi
941 602 1211 672 Sapphico
1241 609 1413 654 metro
1441 600 1642 667 scripta
1673 606 1798 654 sunt
1830 618 1843 653 :
1878 599 2005 669 quia
2098 597 2250 667 juxta
2304 599 2503 654 seriem
2536 599 2839 655 litterarum
2866 616 2897 655 a
2921 601 3210 670 propheta
3250 600 3372 655 hinc
3402 617 3519 657 esse
3543 606 3684 671 edita,

423 716 535 761 tres
580 699 879 757 versiculos
925 696 1017 766 qui
1069 694 1170 750 sibi
1219 693 1450 748 connexi
1500 702 1646 756 sunt,
1681 699 1736 745 et
1782 691 1851 745 ab
1897 706 2006 745 una

428 804 633 852 tantum
669 792 845 846 littera
891 783 1412 855 iueipiunt,ilcroiei
1456 796 1668 836 comma
1711 779 2004 835 concludit.

426 887 667 943 Tertium
722 896 851 937 vero
899 878 1240 949 alphabetum
1294 874 1545 929 trimetro
1584 872 1844 941 scriptum
1901 878 2005 935 est,

328 988 331 991 ’
362 1000 369 1008 '
426 987 483 1033 ct
511 996 537 1033 a
564 976 734 1032 ternis
759 973 974 1036 litteris,
1006 970 1099 1024 sed
1125 968 1328 1025 eisdem
1359 966 1498 1019 terni
1520 980 1708 1019 versus
1724 962 2005 1033 incipiunt.

429 1071 692 1137 Quartum
720 1064 1064 1135 alphabetum
1095 1057 1270 1113 simile
1305 1064 1387 1111 est
1438 1055 1612 1125 primo
1641 1062 1696 1108 et
1749 1054 2004 1108 secundo.

424 1157 716 1215 Proverbia
752 1167 969 1224 quoque
1018 1147 1324 1204 Salomonis
1351 1154 1650 1200 extremum
1688 1143 1888 1199 claudit
1931 1141 2010 1197 al-

427 1253 739 1322 phabetum,
770 1245 909 1315 quod
937 1246 1252 1296 tetrametro
1270 1237 1499 1291 iambico
1518 1244 1839 1305 supputetur
1864 1234 2010 1288 abeo

428 1344 568 1403 loco.
595 1341 646 1393 in
686 1351 793 1406 quo
816 1335 929 1389 ait:
962 1352 980 1383 t
1012 1330 1288 1383 Mulierem
1313 1326 1506 1381 fortem
1537 1326 1658 1396 quis
1684 1324 1955 1379 inveniet?
1980 1343 2002 1375 ο

430 1431 610 1499 (Prov.
626 1426 799 1497 xxxi).
815 1423 1094 1492 Quomodo
1107 1428 1285 1473 autem
1301 1419 1352 1472 in
1371 1418 1456 1474 bis
1479 1418 1679 1472 nostris
1694 1416 1889 1471 litteris
1902 1431 2007 1470 non

428 1529 605 1592 potest
626 1518 745 1587 quis
774 1515 840 1569 ad
872 1510 1095 1583 legenda
1121 1508 1285 1562 verba
1314 1506 1651 1574 texendaque
1690 1505 2007 1574 procedere,

427 1610 533 1665 nisi
570 1609 717 1679 prius
748 1607 815 1659 ab
839 1597 1118 1658 elementis
1144 1596 1371 1666 coeperit
1402 1613 1415 1648 :
1442 1595 1516 1649 ita
1541 1602 1597 1648 et
1623 1594 1679 1649 in
1706 1592 2009 1663 Scripturis

429 1698 624 1754 divinis
674 1712 781 1751 non
821 1694 1097 1748 valeamus
1136 1705 1224 1753 ea,
1256 1702 1376 1759 quae
1420 1684 1630 1754 majora
1666 1693 1813 1749 sunt,
1846 1696 2009 1737 nosse

2106 689 2197 743 sed
2229 690 2477 747 universa
2502 706 2624 759 quae
2646 691 2847 759 scripta
2872 699 2998 744 sunt
3040 689 3114 746 ad
3143 689 3361 745 Christi
3383 699 3439 746 et
3463 693 3688 751 Ecclesia:

2104 781 2376 849 pertinere
2408 788 2767 835 sacramenta.
2798 779 2949 847 Quod
2984 781 3434 837 lamentationes
3450 784 3688 852 praedicta.-

2105 886 2212 926 non
2233 871 2407 926 solum
2421 885 2582 940 super
2595 870 2743 926 urbis
2754 870 3103 929 Hierusalem
3119 873 3458 938 vastatione,
3471 883 3523 928 et
3535 872 3688 930 iudai-

2107 964 2154 1017 ci
2192 962 2373 1032 populi
2398 962 2733 1032 captivitate,
2751 962 2847 1017 sed
2880 964 3052 1019 etiam
3080 978 3260 1033 super
3279 962 3442 1020 Iasiae
3466 968 3596 1037 regis
3612 983 3682 1022 oc-

2108 1067 2235 1107 casu
2251 1052 2571 1122 conscriptte
2597 1052 2724 1119 sint,
2742 1052 2905 1111 Liber
2919 1055 3231 1109 verborum
3258 1055 3480 1109 Dierum
3496 1057 3665 1111 demon
3676 1087 3689 1096 -

2108 1152 2267 1207 strat.
2295 1144 2384 1199 ubi
2416 1146 2489 1199 ita
2516 1145 2743 1217 legitur:
2772 1164 2791 1198 ι
2815 1146 3063 1202 Mortuus
3085 1156 3178 1203 est
3209 1163 3308 1202 rex
3330 1146 3522 1212 losias,
3548 1159 3598 1205 et
3620 1166 3685 1204 se-

2109 1233 2289 1304 pultus
2324 1234 2378 1289 in
2431 1235 2721 1291 maustslaee
2764 1246 2981 1306 patrum
3033 1252 3303 1301 suorum,
3335 1241 3392 1292 et
3437 1238 3688 1294 universus

2108 1323 2245 1380 Juda
2260 1335 2315 1380 et
2339 1325 2672 1382 Hierusalem
2694 1327 2948 1395 luxerunt
2971 1344 3108 1383 eum
3129 1345 3147 1396 ;
3175 1328 3449 1385 Jeremias
3462 1331 3680 1395 maxime,

2108 1413 2261 1481 cujus
2288 1429 2477 1474 omnes
2499 1424 2749 1472 cantores
2774 1425 2939 1487 atque
2962 1417 3259 1473 cantrices
3284 1433 3459 1488 usque
3486 1419 3537 1475 in
3572 1434 3684 1488 pre-

2110 1513 2318 1560 sentem
2359 1505 2501 1561 diem
2547 1506 2957 1566 lamentationes
3004 1523 3187 1578 super
3230 1506 3381 1565 Josia
3433 1509 3679 1580 replicant,

2109 1604 2165 1649 et
2183 1596 2338 1664 quasi
2360 1595 2444 1651 lex
2469 1596 2703 1652 obtinuit
2728 1598 2782 1653 in
2810 1598 2995 1655 Israel.
3031 1620 3054 1654 ι
3082 1600 3251 1659 Unde
3275 1603 3509 1672 primum
3537 1602 3679 1657 histo-

2112 1685 2246 1740 riam
2275 1686 2327 1740 in
2347 1687 2727 1757 explanatione
2749 1698 3066 1747 retexemus
3107 1709 3122 1746 :
3159 1691 3366 1748 deinde
3406 1692 3680 1764 allegoriam

429 1788 532 1843 nisi
583 1788 651 1842 ab
706 1784 883 1840 ethice
942 1780 1293 1837 habuerimus
1338 1775 1621 1831 exordium
1648 1815 1663 1840 ,
1710 1773 2006 1829 secundum
2037 1776 2083 1837 Β
2110 1790 2216 1851 per;
2234 1790 2469 1845 congrua
2502 1776 2644 1844 loca,
2673 1779 2788 1833 sive
2838 1781 2902 1837 ad
2927 1781 3170 1849 Josiam,
3203 1783 3302 1853 qui
3331 1783 3679 1853 interpretatur

428 1877 579 1940 illud,
611 1874 754 1945 quod
800 1873 1064 1943 propheta
1093 1870 1205 1924 ait:
1237 1885 1258 1919 ι
1290 1868 1336 1921 Δ
1358 1865 1630 1920 mandatis
1665 1863 1770 1918 tuis
1803 1862 2011 1918 intelle-

428 1968 482 2022 xi
517 1967 689 2035 (Pcal.
718 1963 906 2035 cxvut)
935 1980 947 2014 :
980 1980 999 2014 ι
1027 1960 1170 2030 quod
1196 1957 1463 2020 videlicet,
1494 1963 1617 2026 post
1637 1969 1804 2024 opera
1838 1968 2013 2024 ccepe-

427 2060 500 2113 rit
538 2060 736 2114 habere
779 2054 1059 2110 scientiam
1090 2058 1427 2107 secretorum
1456 2066 1467 2102 :
1500 2062 1686 2131 verum
1722 2046 1836 2114 jam
1864 2061 2013 2103 com-

426 2151 676 2223 plendum
690 2159 776 2205 est
793 2148 934 2219 quod
949 2144 1153 2218 petisti,
1168 2153 1226 2197 ut
1238 2157 1457 2199 sensum
1471 2138 1889 2209 uniuscujusque
1902 2139 2013 2195 ele-

346 2252 357 2262 '
424 2242 592 2301 menti
622 2236 995 2308 interpretatio
1019 2236 1228 2289 adnexa
1250 2231 1536 2302 signiticet.
1562 2227 2012 2298 Aleph,doctrina

425 2336 814 2402 interpretatur
829 2346 844 2396 ;
858 2328 1009 2393 beth,
1031 2326 1218 2381 domus
1238 2341 1256 2390 ;
1283 2322 1469 2394 gimel,
1494 2320 1793 2390 plenitudo;
1807 2318 2010 2384 daletll,

426 2422 755 2486 tabularum;
794 2421 882 2484 he,
906 2419 1041 2481 ista;
1072 2431 1177 2470 van
1200 2423 1256 2470 et
1282 2413 1422 2479 zain,
1464 2414 1616 2475 hac;
1660 2411 1810 2475 heth,
1854 2410 2008 2487 vita“;

427 2515 559 2579 teth,
600 2513 821 2576 bonum;
847 2510 956 2575 iod,
981 2508 1331 2580 principium;
1360 2504 1524 2575 caph,
1554 2518 1775 2566 manus;
1804 2500 2004 2566 lamed,

426 2605 716 2678 disciplina:
744 2604 859 2659 sive
901 2601 1113 2666 cordis;
1156 2614 1318 2664 mem,
1346 2612 1411 2651 ca:
1444 2595 1604 2666 ipsis;
1655 2610 1784 2659 nun,
1814 2593 2007 2663 sempi-

427 2710 668 2760 ternum;
695 2693 933 2770 samech,
957 2690 1317 2762 adjutorium;
1354 2690 1468 2753 ain,
1503 2687 1621 2757 {om
1651 2686 1766 2741 sive
1791 2685 2008 2751 oculus;

425 2788 550 2857 phe,
597 2801 675 2850 os,
706 2784 774 2839 ab
799 2788 917 2849 ere,
957 2797 1064 2837 non
1098 2780 1166 2835 ab
1192 2794 1346 2844 osse;
1374 2777 1526 2841 sade,
1547 2777 1790 2847 justitia;
1824 2774 1990 2844 koph,

426 2875 657 2939 uacatio;
682 2889 771 2929 res
790 2873 1015 2943 capitis;
1053 2870 1159 2936 sin,
1188 2868 1452 2934 dentium;
1503 2876 1611 2931 tau,
1659 2867 1830 2937 signa.
1867 2864 2009 2921 Ecce

426 2964 689 3033 intellige,
729 2978 799 3018 ne
831 2963 1132 3017 litterarum
1153 2959 1505 3032 ambiguitate
1528 2957 1746 3013 fallaris.
1774 2956 1904 3012 Post
1927 2956 2008 3010 in-

426 3056 869 3126 terpretationem
911 3053 1326 3117 elementorum,
1360 3048 1730 3119 intelligentia:
1756 3046 1893 3104 ordo
1919 3046 2002 3102 di-

2111 1865 2257 1921 talus
2276 1866 2506 1932 Domini,
2523 1867 2613 1925 vel
2628 1870 3128 1938 lortitude’Domini
3166 1874 3291 1929 sive
3305 1873 3373 1929 ad
3387 1872 3673 1933 Judaaoshoc

2110 1953 2441 2011 conﬁdentes
2459 1955 2576 2028 (sic)
2598 1959 2961 2027 pertinentem
2987 1962 3334 2019 inseremus;
3348 1963 3683 2034 Opportunius

2108 2060 2238 2117 ergo
2271 2047 2440 2103 multo
2466 2064 2610 2105 nunc
2631 2066 2664 2105 a
2684 2051 2840 2111 nobis
2868 2067 3032 2122 quam
3076 2063 3217 2110 tunc
3253 2070 3287 2109 a
3316 2056 3566 2126 propheta
3594 2056 3671 2111 Dei

2109 2136 2455 2205 lamentatur,
2478 2138 2603 2196 licet
2629 2155 2735 2196 non
2760 2142 3164 2210 urbes-multae,
3187 2161 3299 2202 non
3324 2160 3456 2217 gens
3475 2147 3667 2218 integra.

2109 2227 2205 2283 sed
2230 2228 2409 2284 anima
2437 2229 2675 2286 hominis
2723 2229 3023 2293 Christiani
3053 2234 3255 2291 multis
3287 2234 3530 2306 gentibus
3552 2235 3672 2288 nobi-

2107 2317 2214 2373 lior
2238 2318 2529 2389 multisque
2578 2321 2779 2378 viribus
2817 2324 3137 2394 pretiosior.
3177 2325 3319 2381 Nam
3364 2326 3419 2387 si,
3450 2339 3575 2379 unus
3593 2324 3666 2393 qui

2108 2407 2239 2465 facit
2263 2410 2595 2469 voluntatem
2620 2413 2714 2469 Dei
2743 2415 2938 2471 melior
2969 2420 3063 2472 est
3089 2434 3263 2488 quam
3296 2415 3566 2474 multitudo
3588 2416 3667 2469 ini-

2108 2516 2361 2572 quorum,
2386 2503 2579 2560 melior
2607 2515 2727 2562 erat
2767 2507 2949 2563 anima
2976 2511 3266 2579 quondam
3293 2509 3477 2573 ﬁdelis,
3507 2509 3554 2562 in
3578 2520 3660 2574 qua

2108 2592 2250 2659 Dens
2288 2595 2577 2663 inhabitat,
2622 2614 2784 2669 quam
2815 2599 3205 2658 multitudines
3234 2602 3551 2665 Judaeorum,
3591 2600 3669 2667 qui

2108 2687 2304 2760 ingrati
2364 2690 2642 2747 beneflciis
2708 2693 2804 2749 Dei
2858 2710 3082 2766 semper
3125 2695 3401 2752 contraria
3446 2694 3655 2764 agebant.

2110 2776 2263 2835 Unde
2284 2777 2560 2849 legislator
2580 2795 2767 2836 eorum
2795 2780 3081 2852 perfidiam
3119 2782 3494 2855 exprobrando
3517 2781 3659 2835 taliter

2108 2870 2178 2926 ad
2222 2886 2317 2928 eos
2363 2869 2623 2943 loquitur,
2666 2873 2899 2930 dicens:
2938 2894 2956 2927 ι
3003 2875 3126 2947 Ego
3149 2877 3298 2933 enim
3337 2875 3446 2931 scio
3477 2880 3661 2928 contus

2107 2963 2316 3024 tionem
2350 2970 2518 3028 tuam,
2562 2971 2618 3019 et
2644 2965 2912 3020 cervicem
2938 2974 3091 3021 tuam
3136 2965 3501 3027 durissimum,
3540 2974 3652 3015 sem-

2107 3065 2206 3121 Per
2268 3053 2608 3109 contentiose
2659 3053 2847 3124 egistis
2909 3064 3110 3111 contra
3172 3055 3451 3113 Dominum
3505 3050 3651 3120 (Deut.

428 3125 631 3203 ceddus
682 3152 785 3201 est.
818 3142 1010 3213 Aleph,
1046 3141 1192 3208 belli,
1233 3140 1414 3212 gimel,
1443 3139 1646 3202 daleth,
1677 3138 1852 3209 prima
1880 3152 2008 3192 eon-
2034 3125 2080 3189 C
2111 3139 2285 3213 xxxi).
2324 3162 2344 3194 ι
2378 3141 2449 3198 Et
2496 3142 2805 3214 Stephanus
2833 3163 2846 3199 :
2880 3164 2899 3197 ‹
2950 3142 3127 3212 Dura,
3177 3146 3369 3216 inquit,
3397 3141 3583 3199 cervice
3611 3147 3659 3191 ct

427 3238 590 3294 nexio
611 3246 714 3303 est,
743 3236 986 3290 doctrina
1004 3237 1211 3299 domus,
1234 3232 1519 3304 plenitudo,
1542 3230 1866 3307 tabularum,
1882 3230 2011 3300 quia

427 3327 679 3383 videlicet
717 3326 962 3382 doctrina
1003 3323 1263 3389 ecclesiae,
1300 3338 1422 3394 quae
1456 3324 1646 3377 domus
1684 3321 1780 3376 Dei
1826 3330 1931 3386 est,
1955 3320 2010 3376 in

429 3421 692 3476 librorum
715 3416 1016 3488 reperiatur
1050 3415 1382 3489 plenitudine
1408 3414 1731 3470 divinorum.
1764 3413 2008 3469 Secunda

429 3506 697 3563 connexio
717 3515 817 3570 est,
849 3506 1076 3571 he,vau,
1110 3505 1251 3570 zain,
1280 3504 1410 3559 heth
1438 3520 1451 3557 :
1484 3503 1609 3569 ista,
1631 3512 1701 3570 ct,
1725 3507 1857 3568 haec,
1882 3504 2005 3558 vita.

432 3602 562 3666 Quae
589 3597 731 3653 enim
759 3595 863 3651 alia
884 3604 1062 3666 potest
1085 3609 1206 3652 esse
1220 3595 1352 3660 vita,
1374 3594 1489 3649 sine
1509 3592 1733 3651 scientia
1762 3592 2007 3664 Scriptu-

431 3704 636 3753 rarum,
695 3702 793 3758 per
837 3701 971 3757 quas
1013 3686 1177 3741 etiam
1219 3685 1337 3756 ipse
1377 3683 1627 3739 Christus
1676 3683 2005 3755 agnosdtur,

430 3780 523 3850 qui
549 3779 758 3834 estvita
780 3762 1148 3834 credentium?
1175 3774 1355 3831 Tertia
1381 3773 1645 3830 connexio
1677 3772 1841 3827 habet
1869 3773 2005 3839 thet,

433 3870 556 3926 iod:
589 3868 797 3935 bonum,
824 3868 1158 3939 principium,
1183 3867 1308 3936 quia
1333 3864 1580 3935 quamvis
1603 3880 1746 3921 nunc
1773 3864 2008 3920 sciamus

431 3961 706 4025 universa,
742 3974 862 4029 quae
888 3958 1088 4028 scripta
1130 3965 1273 4023 sunt,
1302 3966 1481 4012 tamen
1502 3973 1568 4012 ex
1596 3966 1748 4029 parte
1769 3957 2009 4028 agnosci.

431 4067 573 4117 tuus,
614 4057 669 4105 et
712 4064 780 4105 ex
829 4058 981 4121 parte
1016 4048 1419 4130 prophe’tarnus,
1453 4058 1509 4103 et
1529 4066 1670 4104 nunc
1695 4064 1792 4119 per
1816 4064 2006 4119 specu-

430 4142 542 4201 lum
585 4142 831 4200 videmus
870 4143 926 4198 in
953 4143 1237 4212 mnigmate
1275 4139 1326 4214 (I
1359 4141 1482 4198 Cor.
1518 4143 1601 4216 ιιι)
1635 4159 1649 4197 :
1682 4158 1802 4197 cum
1825 4152 2007 4199 autem

431 4234 792 4290 meruerimus
817 4246 937 4289 esse
960 4248 1084 4290 cum
1107 4232 1322 4289 Christo
1344 4242 1400 4288 et
1433 4232 1636 4290 similes
1660 4234 1866 4304 angelis
1893 4232 2007 4288 fue-

435 4329 628 4394 rimus,
658 4338 784 4384 tunc
811 4327 1070 4384 librorum
1097 4326 1342 4383 doctrina
1366 4325 1619 4381 cessabit.
1654 4326 1854 4389 Quarta
1875 4339 2006 4381 cou-

431 4419 593 4475 nexio
606 4430 689 4474 est
712 4420 870 4490 caph,
895 4419 1093 4482 lamed,
1115 4433 1322 4483 manus,
1343 4416 1538 4481 cordis,
1564 4415 1677 4470 sive
1697 4415 2005 4486 disciplinis.

431 4506 621 4564 Manus
653 4508 1019 4578 intelliguntur
1046 4509 1101 4563 in
1137 4522 1322 4578 opere,
1354 4522 1449 4562 cor
1498 4514 1555 4561 et
1588 4506 1869 4576 disciplina
1928 4505 2008 4563 in-

433 4606 797 4666 terpretantur
840 4598 892 4652 in
928 4612 1109 4661 sensu,
1140 4598 1265 4667 quia
1301 4596 1435 4652 nihil
1471 4594 1648 4652 facere
1697 4610 2004 4665 possumus,

434 4689 539 4745 nisi
568 4703 688 4757 qua:
705 4686 857 4757 prius
885 4685 1129 4743 facienda
1160 4688 1270 4742 sint
1306 4687 1611 4744 scierimus.
1645 4686 1842 4754 Quinta
1878 4702 2009 4744 eon-

431 4780 591 4836 ncxio
620 4787 704 4835 est
745 4793 908 4844 mem,
956 4794 1090 4843 nun,
1141 4779 1392 4845 samech;
1443 4794 1508 4834 ex
1563 4780 1709 4850 ipsis,
1741 4782 2007 4851 sempiter-

432 4890 575 4939 num,
599 4872 946 4943 adjutorium.
973 4870 1085 4927 Hoc
1110 4870 1487 4940 explanatione
1520 4887 1626 4928 non
1654 4872 1877 4941 indiget,
1911 4872 2005 4927 sed
2030 4918 2061 4932 ,.

432 4965 579 5020 omni
610 4964 732 5019 luce
756 4960 1096 5018 manifestius
1124 4969 1229 5026 est,
1269 4960 1568 5030 Scripturis
1594 4970 1795 5017 aeterna
1830 4963 2007 5019 subsi—

432 5053 519 5109 dia
549 5052 862 5108 ministrari.
906 5050 1071 5108 Sexta
1117 5050 1384 5107 connexio
1415 5050 1577 5106 habet
1608 5051 1715 5113 ain,
1761 5053 1884 5121 phe,
1919 5067 2009 5107 za-

433 5144 536 5207 dic,
562 5144 701 5213 fons,
729 5145 844 5201 sive
873 5143 1078 5211 oculus,
1107 5143 1237 5208 oris,
1259 5140 1509 5212 justitiaz,
1541 5142 1837 5197 secundum
1873 5142 2005 5197 illud

431 5235 574 5304 quod
601 5236 654 5290 in
680 5235 838 5290 tertio
855 5248 1079 5289 numero
1099 5232 1465 5301 exposuimus.
1483 5230 1719 5301 Septima
1742 5232 2005 5287 connexio

431 5334 515 5378 est
524 5339 643 5395 qua:
661 5332 717 5379 et
735 5333 998 5391 extrema,
1022 5323 1164 5395 quod
1179 5331 1234 5378 et
1254 5324 1305 5378 in
1329 5324 1442 5391 ipso
1460 5336 1675 5393 quoque
1698 5323 2005 5392 septenario

432 5428 660 5469 numero
710 5415 784 5470 sit
836 5415 1096 5486 mysticus
1150 5413 1473 5477 intellectus,
1512 5411 1678 5484 kaph,
1729 5428 1840 5480 res,
1897 5414 2001 5480 sin,

436 5506 587 5572 than,
634 5509 855 5574 vacatio,
901 5508 1105 5578 capitis,
1149 5507 1404 5573 dentium,
1430 5506 1580 5577 signa
1612 5523 1630 5562 :
1666 5521 1763 5577 per
1813 5505 2006 5563 dentes

434 5597 715 5653 articulata
751 5615 855 5655 vox
897 5600 1183 5670 promitur,
1225 5605 1280 5655 et
1313 5599 1396 5655 his
1421 5598 1592 5670 signis
1618 5600 1685 5653 ad
1708 5608 1871 5668 caput
1890 5614 2003 5655 omo

434 5691 606 5759 nium,
638 5691 727 5760 qui
757 5698 839 5746 est
880 5689 1150 5757 Christus,
1186 5689 1315 5755 itur,
1344 5702 1441 5760 per
1470 5704 1630 5760 quem
1675 5690 1892 5744 venitur
1939 5692 2004 5746 ad

2112 3233 2509 3289 incircumcisis
2566 3234 2822 3291 cordibus
2871 3244 2928 3290 et
2982 3237 3216 3293 auribus
3242 3278 3259 3304 ,
3329 3249 3421 3291 vos
3478 3241 3650 3297 semper

2113 3322 2337 3394 Spiritui
2406 3332 2596 3381 sancte
2654 3324 2933 3386 restitistis
2991 3327 3143 3383 sicut
3195 3330 3253 3383 et
3297 3333 3470 3396 patres
3515 3315 3651 3374 vestri

2112 3414 2250 3487 (Act.
2294 3416 2414 3488 vn).
2454 3434 2473 3469 ›
2529 3415 2731 3487 Siquis
2759 3417 3017 3489 templum
3064 3417 3319 3490 corporis
3344 3410 3554 3471 hominis
3576 3406 3647 3460 Dei

2110 3505 2506 3578 contemplatus
2532 3515 2639 3572 est,
2688 3522 2812 3562 cum
2838 3508 3114 3564 caetitatis
3154 3505 3434 3578 splendore
3453 3497 3633 3565 refulge-

2110 3606 2195 3653 ret
2240 3610 2462 3667 parvam
2499 3597 2742 3669 profecto
2769 3608 2823 3654 et
2845 3597 3001 3655 valde
3029 3600 3350 3655 inferiorem
3380 3594 3513 3649 illam
3548 3603 3643 3658 [που

2108 3688 2346 3758 phetiam
2375 3689 2814 3746 lamentationem
2859 3691 3094 3760 putabit,
3144 3692 3200 3747 in
3244 3704 3348 3760 qua
3391 3679 3641 3741 barbarica

2109 3796 2304 3836 manus
2362 3790 2547 3836 sancta
2600 3790 2911 3839 sanctorum
2972 3782 3233 3851 polluisse
3285 3777 3545 3840 deﬂentur,
3598 3777 3637 3820 0|

2108 3884 2293 3925 sacras
2312 3870 2454 3925 aedes
2485 3870 2660 3940 ignem
2685 3870 2973 3941 populasse
3003 3872 3275 3928 hostilem.
3307 3866 3399 3925 Ubi
3424 3856 3634 3920 contami-

2108 3969 2237 4016 nata
2284 3959 2580 4027 Cherubin,
2631 3968 2689 4016 et
2732 3977 2858 4016 arca
2890 3978 2955 4017 ac
2982 3961 3434 4033 propitiatorium,
3482 3946 3638 4005 tabula:

2108 4051 2225 4106 dum
2253 4042 2495 4119 lapideae,
2517 4058 2572 4105 et
2588 4066 2721 4105 urna
2747 4066 2910 4107 aurea
2932 4052 3311 4107 lamentantur.
3337 4047 3451 4101 Haec
3473 4042 3632 4096 lamen-

2110 4144 2261 4208 tatio,
2284 4158 2445 4213 quam
2466 4157 2564 4198 nos
2588 4141 2866 4208 deflemus,
2894 4152 3045 4199 tanto
3069 4145 3162 4199 illa
3180 4142 3358 4198 durior
3377 4130 3634 4192 etamarior

2106 4248 2227 4289 esse
2252 4234 2530 4303 probatur,
2559 4242 2764 4303 quanto
2805 4235 2987 4289 verius
3026 4242 3221 4289 cuncta
3251 4233 3362 4287 haec
3383 4235 3433 4283 et
3457 4222 3630 4279 eviden-

2108 4323 2216 4379 tius
2239 4323 2293 4377 in
2315 4323 2458 4379 fideli
2496 4323 2700 4388 anima,
2730 4338 2890 4392 quam
2916 4324 3058 4379 intra
3104 4325 3245 4388 illius
3279 4315 3447 4387 templi
3482 4307 3627 4383 parie'

2111 4423 2194 4470 ιθδ
2225 4423 2399 4469 erant.
2424 4414 2539 4474 Hoc
2569 4415 2812 4471 sanctius
2853 4415 3023 4471 multo
3051 4415 3176 4483 fuit,
3223 4411 3356 4484 quod
3381 4409 3430 4462 in
3462 4404 3627 4458 eoerat

2114 4504 2389 4576 templum.
2421 4503 2539 4561 Non
2566 4505 2710 4561 enim
2735 4504 2923 4561 abriet
2948 4508 3164 4576 argenti
3193 4500 3417 4562 metallo,
3444 4487 3624 4549 sedvir-

2110 4596 2316 4653 tutibus
2367 4596 2557 4663 animi,
2605 4605 2661 4653 et
2713 4598 2868 4655 donis
2902 4597 3138 4668 Spiritus
3188 4592 3352 4653 sancti
3401 4581 3618 4642 radiabat.

2109 4686 2350 4744 Habebat
2373 4690 2517 4742 enim
2532 4703 2716 4744 arcam
2743 4689 2885 4747 intra
2903 4704 2964 4744 se
2987 4699 3043 4747 et
3065 4691 3172 4747 duo
3189 4679 3461 4744 Cherubin.
3478 4671 3523 4728 id
3538 4674 3619 4727 εδιν

2109 4776 2268 4832 fidem
2289 4777 2487 4843 Patris,
2532 4787 2590 4834 et
2621 4779 2764 4845 Filii,
2815 4790 2869 4835 et
2893 4780 3128 4852 Spiritus
3147 4775 3311 4837 sancti
3337 4771 3503 4827 sitam.
3533 4754 3616 4812 Sed

2108 4883 2252 4925 nunc
2274 4869 2408 4925 nihil
2434 4884 2619 4925 eorum
2642 4880 2885 4942 apparet,
2932 4872 3110 4929 ablata
3141 4879 3258 4929 sunt
3280 4869 3388 4923 lucc
3428 4858 3614 4942 ωηθῑέἱ

2115 4960 2310 5017 nudata
2354 4968 2440 5015 est
2480 4941 2682 5017 domus
2719 4962 2813 5018 Dei
2865 4965 3115 5021 omnibus
3159 4952 3464 5021 ornamentis
3503 4941 3612 5001 suis,

2110 5051 2430 5122 cunctisque
2456 5067 2578 5121 quae
2616 5047 2889 5111 Divinitas‘
2902 5064 3190 5112 consecuta
3216 5052 3390 5110 fuerat,
3428 5033 3616 5108 Silana”

2110 5141 2421 5197 muneribus
2440 5142 2700 5198 remansit
2728 5143 2984 5198 deformis
3005 5160 3065 5200 ac
3091 5144 3255 5213 turpis
3284 5157 3294 5192 ε
3323 5130 3467 5205 Perm
3482 5123 3539 5178 ab
3559 5129 3609 5213 3'1

2110 5243 2269 5285 omne
2297 5230 2569 5287 munimen
2594 5232 2878 5301 omnisque
2899 5205 3308 5289 comedim-lant
3331 5235 3427 5276 non
3446 5205 3604 5268 claudi-

2110 5330 2199 5375 tur
2219 5322 2416 5376 ostium
2446 5322 2502 5377 in
2531 5337 2615 5389 ea,
2666 5338 2775 5379 non
2801 5338 3045 5382 servatur
3081 5327 3360 5397 ingressus.
3379 5306 3458 5367 εδδ
3489 5301 3605 5397 Pa!“

2109 5413 2359 5470 omnibus
2385 5412 2542 5468 malis
2568 5384 2848 5482 spiritibus
2877 5416 2946 5471 ad
2970 5384 3316 5490 corruptelam
3337 5401 3501 5458 ³ηῖ¹⁰²

2110 5502 2453 5560 stinautibus.
2478 5473 2630 5557 Νυιιὲι
2653 5502 2777 5559 inde
2807 5504 2976 5575 turpis
3002 5473 3265 5576 εοείιὶιίο,
3287 5491 3415 5552 nulla
3436 5473 3601 5573 cupidi

2114 5602 2197 5651 tas
2222 5594 2361 5650 foeda
2394 5594 2683 5666 repellitur,
2734 5595 2834 5653 sed
2855 5596 2901 5651 si
2943 5575 3150 5655 venerit
3173 5575 3490 5651 ΐοηιίϐειίωίθ
3511 5578 3593 5666 ml

2111 5689 2246 5746 ritus
2269 5687 2584 5761 ingrediutr,
2608 5689 2653 5746 si
2671 5687 2975 5758 iactantia,
2995 5691 3041 5747 si
3060 5688 3303 5746 avaritias
3324 5685 3367 5734 et
3390 5670 3427 5727 si
3442 5665 3595 5722 lterum
