3970 6190
364 328 500 383 “35

1217 326 1580 386 EXPOSITIO
1621 327 1848 386 SUPER
1885 324 2250 385 Jl-IitEMiAil.
2288 356 2358 365 ——-
2396 326 2524 381 LIB.
2564 326 2747 384 XVIII.

3481 335 3619 395 ilS-‘i

359 439 649 509 nequiores
692 448 747 492 et
787 437 1107 508 impuriores
1140 440 1418 508 venerint,
1459 456 1618 496 nemo
1654 417 1935 514 prohibet,
1966 443 2015 503 Α
2042 439 2240 509 quibus
2280 440 2472 494 satiata
2524 448 2609 495 est
2660 442 2840 497 anima
2883 451 2994 507 tua,
3042 452 3096 498 et
3144 450 3482 520 eongregabo
3527 469 3622 511 eos

358 547 518 587 nemo
540 532 790 602 propellit
822 551 833 587 :
860 533 1036 588 nullus
1063 534 1208 589 enim
1246 545 1449 603 custos,
1473 536 1651 591 nullus
1686 535 1945 590 remansit

357 623 605 679 aedituus.
666 622 804 678 Nam
849 625 1000 695 prius
1047 626 1187 681 sicut
1246 628 1314 681 ad
1348 627 1469 682 οωιί
1520 635 1727 683 secreta
1766 625 1944 680 nullus

356 713 724 782 hujuscemodi
755 715 911 771 malis
945 715 1250 787 indulgetur
1277 732 1553 782 accessus,
1594 718 1667 772 ita
1714 732 1815 772 nec
1849 732 1945 787 pu-

356 805 629 860 rissimam
679 815 914 862 mentem
968 806 1341 878 hujuscemodi
1385 815 1673 879 penetrare
1730 815 1942 877 poterat

355 896 461 949 ulla
499 896 758 966 cogitatio
820 895 927 952 Sed
956 895 1071 967 jam
1091 912 1234 953 nunc
1261 898 1528 969 quomodo
1556 907 1736 954 textus
1774 899 1940 968 ipsius

356 987 582 1057 incipiat
602 987 901 1043 videamus.
921 1035 933 1049 .

874 1077 1103 1134 CAPUT
1136 1078 1428 1137 PRIMUM.

426 1170 609 1240 Aleph.
641 1187 660 1221 ι
687 1168 968 1237 Quomodo
992 1170 1145 1226 sedet
1173 1170 1286 1227 sola
1312 1172 1504 1229 civitas
1522 1173 1679 1244 plena
1704 1173 1937 1244 pepulo?

358 1281 375 1311 ι
418 1259 583 1315 Facta
604 1268 687 1315 est
724 1261 880 1330 quasi
928 1260 1088 1315 vidua
1122 1259 1341 1316 domina
1385 1263 1642 1332 gentium.
1676 1262 1934 1334 Princeps

357 1371 374 1403 ι
419 1351 825 1421 provinciarum
862 1350 1004 1407 facta
1052 1360 1138 1408 est
1182 1352 1285 1406 sub
1331 1353 1552 1407 tributo.
1608 1374 1627 1405 ι
1679 1353 1936 1423 Deplorat

352 1444 610 1515 propheta
651 1445 863 1499 ruinam
907 1446 1151 1514 perversi
1181 1443 1385 1516 populi,
1425 1454 1481 1499 et
1528 1444 1932 1501 subversioncm

352 1535 567 1603 perﬁda:
585 1535 840 1600 civitatis,
866 1550 980 1604 qua
1017 1550 1229 1607 semper
1266 1536 1539 1593 contraria
1570 1530 1803 1592 Domino
1833 1553 1933 1593 suo

352 1625 638 1690 sentiebat,
693 1635 749 1680 et
779 1626 1063 1696 praeceptis
1110 1624 1226 1695 ejus
1273 1627 1683 1692 adversabatur,
1719 1628 1931 1699 ingrata

353 1715 732 1771 beneﬁciorum
799 1715 913 1782 Dei,
977 1716 1270 1786 prophetas
1315 1716 1434 1785 ejus
1480 1720 1927 1788 persequebatur,

2043 529 2332 584 adversum
2361 536 2410 584 te
2438 529 2489 583 in
2522 530 2776 597 circuitu,
2807 541 2861 585 et
2885 541 3045 603 agent
3093 544 3269 590 tecum
3304 537 3358 591 in
3384 541 3529 609 odio,
3566 553 3624 600 ct

2042 618 2231 675 tollent
2264 635 2453 678 omnes
2483 620 2696 692 labor-es
2726 631 2866 689 tuos,
2905 633 2960 679 et
3016 625 3289 682 dimittent
3320 639 3371 684 te
3399 634 3620 702 nudam,

2040 723 2097 767 et
2148 710 2442 783 ignominia
2461 713 2677 783 plenam
2702 712 2917 784 (Ezech.
2974 716 3153 787 mn).
3187 737 3205 770 ι
3233 718 3393 774 Juxta
3424 722 3625 793 allego.

2041 805 2176 859 riam
2222 821 2353 860 vero
2388 806 2607 876 decepta
2666 809 2844 862 anima
2873 809 3135 866 diabolica
3185 816 3525 885 suggestione
3564 815 3633 871 in"

2038 903 2254 949 noctem
2298 895 2477 949 veniet
2517 894 2712 951 futura:
2738 898 3075 966 perditionis,
3106 902 3192 955 ubi
3238 904 3496 972 gemitum
3525 905 3622 959 da-

2036 984 2119 1040 bit
2143 994 2460 1055 perpetuum
2497 986 2612 1041 sine
2643 986 2747 1041 ulla
2779 989 3168 1045 consolatione.
3202 991 3308 1061 Ipsi
3338 994 3482 1048 enim
3508 994 3620 1064 spi—

2039 1075 2175 1130 ritus
2207 1076 2446 1144 maligni,
2485 1076 2577 1146 qui
2623 1091 2744 1132 eam
2774 1088 2898 1133 ante
2932 1095 3029 1149 per
3055 1081 3339 1138 illecebras
3368 1085 3613 1155 volupta-

2038 1177 2150 1222 tum
2183 1169 2237 1223 in
2282 1169 2495 1224 diversa
2554 1169 2861 1234 trahebant,
2901 1172 3117 1226 tandem
3170 1173 3223 1227 in
3256 1176 3495 1231 tenebris
3524 1191 3619 1231 ex-

2038 1258 2331 1313 terioribus
2357 1258 2728 1324 constitutam,
2757 1260 3032 1330 perpetuis
3074 1265 3404 1340 cruciatibus
3424 1267 3617 1336 punire

2035 1364 2142 1404 non
2189 1358 2425 1405 cessant.
2476 1348 2548 1404 Ut
2586 1364 2715 1421 ergo
2761 1351 2905 1406 hunc
2928 1351 3167 1406 dolorem
3202 1355 3498 1409 maximum
3521 1358 3617 1412 de-

2035 1442 2189 1506 vitet,
2223 1455 2449 1496 necesse
2467 1449 2552 1495 est
2571 1440 2712 1510 quod
2744 1440 2795 1494 in
2830 1443 3082 1511 praesenti
3105 1443 3395 1499 salubriter
3412 1445 3612 1512 doleat,

2033 1539 2303 1600 quatenus
2334 1531 2599 1586 immensa
2634 1531 2849 1586 bonitas
2893 1533 2989 1587 Dei
3031 1548 3130 1602 pro
3160 1532 3286 1589 ﬂetu
3334 1538 3619 1605 praesentis

2033 1621 2315 1691 temporis,
2343 1620 2766 1677 consolationem
2789 1620 2863 1676 illi
2910 1624 3150 1693 praebeat
3188 1626 3614 1696 sempiternam:

2038 1730 2058 1763 ι
2100 1711 2249 1766 Beati
2270 1712 2363 1782 qui
2408 1710 2594 1780 lugent
2618 1726 2785 1778 nunc,
2825 1712 3077 1782 quoniam
3107 1714 3206 1784 ipsi
3263 1715 3618 1772 consolabun-

353 1806 632 1875 ipsumquc
671 1805 937 1862 hteredem
973 1807 1264 1863 novissime
1314 1809 1633 1865 trucidabat.
1680 1811 1834 1867 Unde
1876 1811 1932 1867 in

2035 1810 2125 1856 tur
2174 1801 2387 1874 (Matth.
2411 1802 2489 1873 v).
2529 1822 2547 1855 ι
2576 1801 2761 1857 Potest
2796 1812 2851 1859 et
2874 1803 3026 1860 locus
3067 1805 3168 1860 iste
3194 1807 3518 1877 generaliter
3547 1809 3617 1863 ad

353 1909 543 1948 manus
572 1894 806 1949 hostium
859 1895 1076 1958 tradita,
1136 1896 1418 1952 devastata
1446 1907 1549 1959 est,
1600 1898 1770 1954 itaut
1813 1915 1933 1970 quae

350 1984 497 2055 prius
521 1983 748 2040 diversis
769 1986 1019 2057 gentibus
1036 1994 1092 2042 et
1116 1986 1409 2058 provinciis
1436 1988 1757 2059 imperabat,
1787 1999 1933 2060 post-

352 2073 566 2129 modum
595 2075 728 2129 dura
742 2075 1002 2132 servitute
1029 2086 1387 2148 premeretur.
1424 2077 1576 2146 Quod
1609 2088 1783 2136 tamen
1806 2089 1933 2138 ante

350 2166 639 2221 adventum
665 2167 875 2223 Domini
896 2171 997 2225 sub
1037 2168 1325 2226 Chaldaica
1353 2172 1668 2242 captivitate
1690 2188 1754 2227 ex
1778 2182 1931 2243 parte

345 2255 636 2327 gerebatur
665 2275 679 2310 :
711 2272 854 2313 nunc
889 2267 1073 2314 autem
1092 2268 1215 2331 post
1248 2260 1671 2318 incarnationem
1692 2261 1932 2320 Domini-

344 2361 489 2409 cam,
536 2347 865 2416 passionem,
927 2349 1401 2415 resurrectionem,
1454 2360 1510 2408 et
1553 2353 1929 2416 ascensionem

356 2432 558 2491 Christi
600 2437 669 2491 ad
706 2438 874 2495 eteius
903 2439 1114 2509 plenius
1142 2440 1343 2495 factum
1374 2450 1477 2506 est,
1535 2458 1656 2498 eum
1692 2459 1789 2517 per
1830 2442 1930 2500 Ve-

356 2524 667 2595 spasianum
699 2536 755 2582 et
799 2528 976 2585 Titum
1014 2529 1286 2586 Romanos
1314 2532 1587 2604 principes
1623 2533 1677 2587 in
1728 2534 1929 2591 ultidne

346 2614 605 2670 Dominici
638 2618 916 2685 sanguinis
953 2620 1084 2674 urbe
1124 2636 1403 2689 succensa,
1434 2631 1544 2678 tota
1575 2638 1708 2695 gens
1769 2612 1927 2681 simui

258 2740 261 2741 ν
329 2705 543 2774 partim
602 2708 803 2774 occisa,
855 2711 1052 2780 partim
1109 2711 1162 2766 in
1203 2714 1576 2782 captivitatem
1609 2718 1769 2774 ducta
1819 2726 1922 2783 est,

326 2793 493 2862 .juxta
541 2796 669 2852 illud
700 2838 715 2863 ,
743 2801 885 2869 quod
911 2799 963 2854 in
996 2800 1233 2858 Danielis
1261 2802 1469 2860 visione
1499 2805 1758 2875 scriptum
1792 2818 1877 2861 est
1907 2821 1922 2861 :

329 2884 435 2940 ubi
488 2886 709 2957 angelus
763 2890 830 2945 ad
885 2892 1205 2961 prophetam
1253 2893 1327 2948 ita
1381 2893 1637 2966 loquitur,
1693 2897 1918 2954 dicens:

337 3001 368 3033 4
410 2981 537 3039 Post
580 2985 942 3043 hebdomadas
978 2987 1276 3060 sexaginta,
1326 2989 1461 3046 duas
1507 2988 1782 3065 [quatuor]
1831 3008 1923 3048 oc-

328 3071 550 3126 eidetur
595 3072 862 3139 Christus,
885 3085 941 3130 et
974 3090 1080 3131 non
1110 3076 1217 3131 erit
1243 3075 1358 3145 ejus
1386 3077 1634 3146 populus,
1674 3079 1764 3148 qui
1796 3095 1918 3135 eum

2001 1890 2335 1947 ~Ecclesiam
2360 1892 2557 1963 aptari,
2593 1906 2714 1962 qua:
2758 1892 2812 1946 in
2844 1902 3001 1948 nocte
3050 1888 3332 1964 przeséntis
3357 1898 3481 1953 vitae
3518 1899 3617 1953 tri-

2032 1981 2365 2037 bulationem
2393 1982 2626 2037 sustinet
2646 1984 3108 2051 persecutionum,
3150 1994 3205 2040 et
3226 1988 3486 2057 gemitum
3514 1991 3608 2044 dat

2033 2070 2153 2126 sine
2193 2071 2564 2126 consolatione
2611 2072 2903 2138 mundana,
2939 2073 3092 2143 juxta
3117 2074 3271 2142 illud,
3316 2078 3459 2146 quod
3498 2079 3615 2151 ipsa

2033 2162 2248 2220 Veritas
2273 2164 2341 2217 ad
2371 2163 2662 2234 discipulos
2694 2164 2773 2219 ait
2801 2182 2814 2219 :
2849 2183 2868 2215 ι
2894 2164 3066 2220 Amen
3105 2181 3263 2221 amen
3291 2168 3412 2224 dico
3434 2170 3609 2235 vobis,

2029 2252 2156 2323 quia
2191 2253 2477 2323 plorabitis
2524 2264 2580 2309 et
2606 2250 2804 2309 ﬂebitis
2828 2270 2924 2311 vos
2952 2266 2971 2312 :
2995 2257 3230 2312 mundus
3262 2267 3441 2314 autem
3483 2276 3614 2331 gau-

2029 2343 2199 2411 debit,
2216 2359 2315 2400 vos
2334 2352 2516 2400 autem
2541 2345 2995 2401 contristabimini
3017 2347 3199 2418 (Joan.
3220 2348 3319 2419 vr).
3356 2368 3375 2401 ι
3412 2349 3535 2406 Hinc
3556 2351 3611 2406 in

2027 2438 2287 2510 praesenti
2321 2438 2433 2492 vita
2468 2437 2888 2494 consolationem
2919 2454 3025 2494 non
3061 2441 3284 2510 appetit,
3314 2442 3407 2496 sed
3431 2441 3611 2497 futura

2028 2529 2218 2601 gaudia
2242 2529 2484 2600 inquirit.
2510 2528 2759 2596 Quandiu
2798 2539 2880 2585 est
2907 2531 3052 2586 enim
3098 2531 3152 2585 in
3175 2547 3422 2601 corpore,
3447 2549 3600 2603 pere-

2028 2621 2232 2692 grinari
2254 2634 2314 2675 se
2338 2634 2368 2674 a
2391 2635 2488 2675 sua
2513 2620 2691 2691 patria
2724 2628 2781 2674 et
2828 2635 2996 2689 regno
3039 2622 3339 2690 cognoscit,
3370 2637 3492 2692 quae
3533 2631 3604 2677 ta-

1994 2725 2153 2767 -men
2211 2726 2310 2782 per
2362 2710 2578 2767 labores
2631 2721 2687 2766 et
2731 2711 3029 2766 certamina
3079 2712 3146 2766 ad
3199 2728 3454 2767 coronam
3505 2714 3609 2768 siti

2023 2803 2448 2874 perveniendum
2489 2818 2611 2859 esse
2639 2818 2745 2858 non
2791 2803 3020 2868 dubitat,
3071 2819 3195 2859 cum
3228 2805 3447 2861 tristitia
3485 2822 3608 2861 ver-

2025 2901 2169 2950 tetur
2219 2893 2275 2949 in
2304 2894 2578 2965 gaudium,
2627 2909 2749 2949 cum
2776 2893 2930 2949 ﬁnite
2970 2908 3143 2966 agone
3169 2895 3326 2966 hujus
3356 2898 3604 2953 bravium

2022 2988 2149 3043 vita:
2184 2988 2438 3058 perennis
2486 2988 2738 3059 accipiet,
2774 2989 2839 3044 de
2867 3004 2976 3060 quo
3001 2990 3199 3045 dicitur
3253 2991 3307 3046 in
3341 2993 3551 3063 psalmo
3589 3012 3601 3047 :

2031 3098 2050 3131 ι
2096 3079 2198 3147 Qui
2226 3079 2494 3134 seminant
2515 3078 2570 3133 in
2593 3078 2869 3150 lacrymis,
2906 3078 2958 3133 in
2981 3080 3175 3149 gaudio
3197 3088 3398 3143 metent
3427 3078 3600 3153 (Psal.

330 3171 634 3234 negaturus
676 3174 779 3228 est,
810 3174 865 3221 et
911 3167 1182 3223 civitatem
1205 3175 1260 3223 et
1284 3145 1651 3224 sanctuarium
1692 3145 1920 3240 dissipa-
1948 3145 1993 3208 Ε
2023 3145 2207 3243 cxxvv),
2245 3191 2265 3224 ι
2292 3169 2509 3226 maxilla
2563 3145 2760 3241 quippe
2815 3145 3006 3224 sancti.
3029 3171 3412 3241 praedicatores
3435 3145 3593 3233 sunt.

342 3252 421 3305 bit
454 3254 680 3323 populus
699 3270 824 3310 cum
858 3257 994 3312 duce
1022 3266 1271 3324 venturo,
1297 3266 1352 3314 et
1380 3258 1502 3314 ﬁnis
1532 3260 1651 3330 ejus
1672 3261 1916 3327 vastitas,

339 3353 533 3415 etpost
560 3344 718 3402 ﬁnem
749 3347 870 3403 belli
919 3358 1121 3405 statuta
1165 3351 1428 3408 desolalio
1458 3352 1619 3423 (Dan.
1666 3352 1761 3425 iv).
1801 3372 1821 3407 ι
1852 3353 1919 3409 Ει

334 3435 498 3505 paulo
526 3446 647 3507 post
678 3456 693 3493 :
724 3457 745 3490 ‹
792 3439 972 3510 Usque
1011 3441 1081 3496 ad
1125 3436 1666 3509 consummationem,
1720 3444 1915 3515 inquit,

341 3533 396 3579 et
436 3524 597 3581 tinem
650 3530 1019 3598 perseverabit
1075 3529 1358 3587 desolatio.
1402 3552 1421 3584 ι
1467 3531 1691 3602 Mystice
1736 3543 1917 3589 autem

326 3616 606 3688 plangitur
635 3620 813 3674 anima
837 3619 1014 3676 ﬁdelis
1034 3620 1284 3688 hominis,
1308 3636 1427 3692 quae
1446 3621 1603 3693 plena
1644 3624 1915 3692 quondam

332 3708 441 3762 fuit
478 3709 866 3765 numerositate
917 3712 1202 3777 virtutum,
1246 3721 1303 3767 et
1352 3713 1652 3784 imperabat
1687 3713 1918 3769 diversis

339 3798 640 3868 affectibus,
676 3801 961 3857 dominans
1007 3803 1461 3875 concupiscentiis
1509 3803 1694 3859 carnis
1728 3821 1740 3857 :
1769 3812 1918 3873 post-

332 3905 402 3945 ea
450 3901 629 3947 autem
680 3909 710 3947 a
770 3893 1023 3963 malignis
1069 3895 1345 3966 spiritibus
1404 3895 1618 3950 ﬂamma
1677 3895 1916 3951 libidinis

337 3996 595 4038 succensa
617 4023 632 4049 ,
674 3985 930 4041 destituta
982 3985 1292 4056 angelorum
1356 3986 1565 4050 solatio,
1607 3995 1662 4042 et
1725 4002 1916 4044 carens

335 4074 519 4130 divino
573 4078 847 4134 consortio
875 4117 891 4143 ,
940 4088 1018 4133 tot
1061 4078 1230 4134 servit
1279 4077 1507 4148 sceptris
1554 4078 1736 4134 dedita
1786 4087 1917 4148 quot

332 4166 498 4220 vitiis.

408 4257 559 4312 Beth.
596 4279 613 4310 ι
652 4257 879 4315 Ploraus
900 4259 1129 4330 ploravit
1152 4261 1206 4316 in
1229 4269 1408 4325 nocte,
1438 4268 1495 4315 et
1528 4259 1779 4331 lacrymte
1800 4259 1917 4331 ejus

340 4367 359 4396 ι
408 4348 460 4401 in
488 4348 720 4403 maxillis
739 4347 872 4416 ejus,
890 4365 998 4405 non
1021 4357 1106 4406 est
1130 4350 1224 4421 qui
1245 4348 1552 4406 consoletur
1571 4364 1693 4404 eam
1709 4364 1776 4403 ex
1797 4364 1915 4404 om-

341 4457 357 4487 ι
408 4439 564 4493 nibus
587 4439 768 4494 charis
803 4436 941 4508 ejus.
963 4439 1163 4496 Omnes
1191 4440 1395 4495 inimici
1447 4439 1566 4510 ejus
1593 4449 1915 4509 spreverunt

332 4548 360 4579 4
408 4544 547 4594 eam,
586 4539 641 4584 et
670 4528 796 4584 facti
820 4539 964 4585 sunt
1001 4531 1050 4585 ei
1097 4531 1319 4585 inimici.
1365 4550 1384 4584 ι
1433 4531 1768 4588 Adveniente
1813 4530 1913 4585 tri-

320 4617 607 4675 .bolatione
632 4620 960 4690 captivitatis
992 4629 1210 4691 propter
1236 4619 1623 4688 idololatriam,
1662 4631 1718 4677 et
1756 4635 1914 4676 enor-

326 4708 578 4763 mitatem
629 4708 915 4774 scelerum,
943 4708 1096 4778 plebs
1129 4707 1350 4764 Judaica
1391 4724 1518 4767 sero
1560 4710 1749 4766 doluit.
1777 4710 1913 4766 Cum

333 4802 533 4871 saepius
559 4801 949 4872 prophetarum
980 4801 1418 4857 attestationibus
1446 4803 1797 4866 commonita,
1819 4817 1910 4857 sa-

334 4890 443 4944 tius
466 4890 540 4945 illi
592 4898 738 4946 esset
774 4892 1235 4962 praevaricationis
1284 4907 1482 4947 noxam
1508 4907 1719 4958 cavere,
1749 4908 1910 4961 quam

332 4988 455 5048 post
483 4982 769 5051 commissa
790 4981 1078 5053 ptenaliter
1109 4982 1309 5054 lugere.
1337 4983 1494 5049 Falsa
1506 4998 1636 5054 ergo
1667 4984 1909 5049 numina,

332 5089 457 5142 quae
501 5072 730 5129 diversa:
758 5085 945 5146 gentes
989 5075 1046 5129 in
1073 5073 1377 5130 simulacris
1426 5073 1695 5136 colebant,
1735 5089 1913 5129 causa:

332 5166 546 5217 t’uerant
570 5162 646 5218 illi
671 5164 909 5220 scandali
936 5173 993 5220 et
1030 5164 1386 5236 deeeptiouis,
1412 5179 1536 5221 cum
1564 5164 1752 5221 relicto
1785 5178 1913 5221 vero

334 5253 445 5308 Deo
470 5252 623 5309 falsis
648 5254 751 5310 diis
802 5255 1066 5312 idolorum
1087 5255 1296 5310 cultura
1341 5255 1665 5320 servierant,
1705 5254 1797 5325 qui
1833 5249 1913 5310 eis

333 5346 470 5401 nihil
520 5348 574 5402 in
618 5354 862 5418 tempore
898 5349 1149 5406 vindicta:
1202 5347 1563 5419 profuerunt:
1594 5347 1701 5402 imo
1746 5347 1912 5417 pluri-

333 5452 481 5492 mum
523 5446 845 5505 nocuerunt,
889 5441 941 5495 in
965 5449 1196 5509 tantum,
1244 5449 1304 5497 ut
1330 5453 1424 5496 eos
1448 5439 1681 5496 ludibrio
1707 5447 1763 5496 et
1787 5453 1910 5494 con-

333 5528 543 5587 fusione
561 5532 753 5604 dignos
786 5533 931 5587 inter
970 5534 1155 5589 hostes
1183 5533 1596 5589 constituerent.
1620 5533 1757 5589 Hinc
1777 5549 1909 5604 quo-

331 5638 438 5691 que
463 5638 559 5693 per
585 5623 917 5681 Ezechielem
942 5624 1187 5695 peccanti
1209 5622 1407 5681 Iudaeae
1450 5624 1679 5681 dicitur:
1719 5643 1737 5675 ι
1768 5623 1909 5680 Ecce

330 5727 432 5781 ego
477 5716 750 5771 suscitabo
772 5730 962 5770 omnes
1011 5727 1283 5772 amatores
1314 5726 1436 5772 tuos
1489 5723 1680 5771 contra
1713 5725 1786 5782 te,
1841 5716 1907 5770 de

2022 3265 2089 3320 de
2111 3278 2217 3333 quo
2244 3277 2385 3317 nunc
2420 3262 2615 3317 dicitur
2641 3275 2655 3314 :
2686 3280 2703 3311 ι
2742 3261 2968 3316 Plorans
2996 3261 3227 3332 ploravit
3254 3262 3307 3315 in
3338 3273 3515 3329 nocte,
3545 3271 3602 3319 ct

2020 3358 2272 3427 lacryma:
2296 3355 2412 3423 ejus
2438 3354 2492 3408 in
2516 3353 2750 3409 maxillis
2779 3350 2915 3424 e'jus,
2965 3373 2983 3404 ι
3020 3356 3144 3423 quia
3186 3353 3239 3407 in
3267 3354 3599 3410 adversitate

2018 3444 2276 3504 Ecclesiae
2302 3443 2377 3498 illi
2399 3441 2629 3513 amplius
2648 3442 2929 3512 plangunt,
2967 3442 3061 3511 qui
3087 3442 3272 3496 ~vitam
3295 3443 3596 3498 carnalium

2018 3529 2365 3601 confringere
2400 3532 2747 3603 praedicando
2794 3539 3083 3599 noverunt,
3114 3532 3376 3602 peripsos
3402 3534 3602 3604 quippe

2020 3631 2209 3677 sancta
2226 3622 2471 3679 Ecclesia
2493 3623 2708 3693 iniquos
2742 3637 2774 3677 a
2798 3622 2948 3677 vitiis
2969 3622 3220 3685 conterit,
3248 3624 3466 3692 etquasi
3485 3623 3602 3693 glu-

2019 3718 2157 3773 tiens
2176 3718 2232 3773 in
2255 3733 2357 3774 sua
2378 3720 2621 3774 membra
2633 3719 2917 3773 convertit.
2937 3718 3088 3776 Unde
3102 3719 3201 3788 ipsi
3223 3733 3438 3788 quoque
3459 3735 3598 3790 pne-

2017 3808 2249 3863 dicatori
2269 3808 2447 3877 primo
2467 3808 2613 3863 velut
2634 3808 2864 3862 maxillae
2891 3807 3146 3863 Ecclesia:
3173 3808 3371 3863 dicitur
3394 3826 3407 3863 :
3445 3827 3465 3859 ι
3498 3810 3600 3865 0c-

2017 3898 2138 3953 cide
2165 3906 2223 3952 et
2251 3899 2516 3953 manduca
2545 3898 2682 3969 (Act.
2711 3897 2791 3968 x).
2829 3916 2848 3948 ι

2090 3985 2315 4042 Ghimel.
2363 4007 2383 4041 ι
2428 3989 2679 4060 Migravit
2728 3987 2868 4044 Juda
2900 3998 3124 4060 propter
3175 3989 3517 4045 aﬂlictiouem
3543 3999 3599 4046 et

2024 4098 2043 4130 ι
2088 4077 2489 4135 multitudinem
2534 4079 2836 4135 servitutis.
2882 4079 3160 4134 Habitavit
3217 4080 3358 4136 inter
3386 4089 3595 4151 gentes,

2022 4187 2041 4221 ι
2086 4182 2187 4224 nec
2222 4167 2427 4223 in‘venit
2455 4168 2720 4238 requiem,
2747 4182 2939 4224 omnes
2960 4177 3339 4238 persecutores
3364 4169 3481 4240 ejus
3501 4185 3597 4241 ap-

2023 4280 2041 4313 c
2084 4260 2486 4330 prehenderunt
2515 4274 2634 4315 eam
2682 4260 2825 4315 inter
2866 4261 3163 4331 angustias.
3195 4260 3445 4333 Migravit
3463 4274 3596 4332 ergo

2016 4349 2321 4406 Judzeorum
2348 4350 2573 4420 populus
2601 4350 2658 4405 in
2684 4350 3075 4421 dispersionem
3109 4351 3350 4420 gentium
3373 4360 3596 4420 propter

2016 4440 2356 4497 aﬂlictionem
2381 4443 2731 4510 captivitatis,
2760 4451 2815 4497 et
2854 4443 2945 4512 qui
2974 4450 3100 4497 ante
3137 4441 3289 4514 regni
3318 4442 3594 4513 principa-

2019 4534 2095 4588 tui
2115 4533 2297 4588 multis
2317 4532 2627 4588 nationibus
2648 4540 2895 4602 praeerat,
2922 4541 3109 4602 postea
3160 4531 3302 4586 inter
3349 4530 3595 4588 diversas

2016 4631 2204 4694 gentes
2226 4622 2447 4678 servitio
2460 4622 2690 4689 laborat,
2711 4623 2840 4693 quia
2859 4623 3124 4678 scelerum
3147 4637 3369 4678 suorum
3395 4623 3589 4677 merita

1978 4767 1983 4771 .
2016 4713 2251 4768 vindicta
2276 4728 2372 4769 eos
2402 4713 2728 4768 inveniebat.
2782 4712 3052 4784 Spiritalis
3078 4723 3258 4770 autem
3296 4713 3433 4769 Juda
3465 4712 3589 4768 ideo

2017 4805 2083 4861 de
2110 4813 2254 4861 terra
2275 4820 2375 4861 sua
2399 4804 2670 4876 migravit,
2700 4805 2825 4875 quia
2848 4804 3122 4875 peccando
3146 4805 3432 4860 Dominum
3469 4803 3592 4857 irri-

2018 4900 2173 4964 tavit,
2210 4907 2265 4953 et
2286 4897 2662 4967 iniquitatibus
2683 4899 2797 4953 suis
2823 4912 2946 4952 eum
2982 4896 3051 4951 ad
3075 4897 3366 4951 vindictam
3397 4908 3592 4964 provo-

2016 4988 2177 5045 cavit.
2203 4987 2280 5043 De
2308 5003 2416 5058 quo
2458 4987 2573 5058 ipse
2603 5003 2699 5058 per
2756 4987 2948 5042 Isaiam
2986 4986 3305 5055 prophetam
3353 4982 3587 5047 locutus,

2015 5080 2127 5134 ait:
2163 5097 2183 5131 ι
2221 5077 2439 5133 Servire
2472 5092 2559 5132 me
2580 5077 2753 5133 fecisti
2792 5078 2846 5132 in
2871 5075 3108 5147 peccatis
3132 5075 3261 5140 tuis,
3312 5073 3588 5143 praebuisti

2015 5167 2147 5222 mihi
2165 5166 2404 5221 laborem
2430 5167 2485 5221 in
2514 5165 2891 5236 iniquitatibus
2916 5163 3022 5219 tuis
3063 5162 3198 5235 (Ita.
3241 5177 3419 5233 mn),
3448 5162 3589 5217 unde

2014 5259 2160 5313 inter
2201 5266 2391 5329 gentes
2417 5258 2691 5329 deputata,
2741 5264 2799 5311 et
2845 5254 3094 5312 sordibus
3117 5270 3306 5311 eorum
3362 5254 3584 5323 polluta,

2011 5349 2312 5405 libertatein
2340 5349 2598 5420 perdidit,
2620 5355 2675 5404 et
2701 5348 2755 5403 in
2784 5347 3020 5403 hostium
3042 5361 3263 5401 suorum
3286 5360 3480 5399 manus
3506 5344 3588 5399 iu-

2013 5440 2164 5505 cidit,
2189 5442 2280 5510 qui
2327 5455 2449 5495 eam
2487 5453 2586 5509 per
2640 5440 2884 5495 diversos
2920 5452 3135 5493 errores
3164 5437 3441 5501 ducentes,
3488 5452 3584 5492 ue-

2012 5546 2283 5602 quaqnam
2307 5532 2673 5603 requiescere,
2702 5529 2786 5585 vel
2804 5528 3079 5600 paululum
3100 5529 3370 5599 respirare
3395 5542 3586 5585 conce-

2012 5623 2230 5677 dobant.

2082 5712 2289 5767 Daleth.
2338 5732 2355 5765 ι
2393 5712 2505 5769 Viae
2549 5712 2678 5768 Sion
2706 5713 2914 5784 lugent,
2949 5728 3015 5769 eo
3044 5714 3184 5783 quod
3207 5729 3312 5770 non
3356 5714 3445 5780 sit,
3491 5713 3584 5783 qui
