3970 6190
502 346 632 424 ita":

1132 361 1193 416 Β.
1234 357 1483 416 ῐιΑΒΑΝι
1523 355 1741 416 MAURI
1782 355 2095 413 ARCHIEP.

2143 351 2447 412 MOGUNT.
2488 351 2766 412 OPERUM
2801 345 2978 409 PARS
3011 351 3080 408 lll
3580 345 3681 407 Ηεέ

502 503 520 536 ‹
565 481 746 538 veniat
768 481 835 534 ad
859 477 1274 532 solemnitatem.
1299 474 1500 530 Onmes
1527 481 1694 544 porta:
1723 473 1839 544 ejus
1858 473 2068 526 destru-
2096 477 2146 533 Α
2173 470 2484 525 tortitudine
2533 469 2845 523 intentionis
2887 468 3238 522 inclinentur.
3284 465 3428 520 Unde
3463 477 3588 521 recte
3609 471 3686 525 sub

505 597 520 630 ί
566 584 686 639 etze,
713 570 1021 630 sacerdotes
1046 569 1161 639 ejus
1185 577 1474 638 gementes,
1509 565 1742 635 virgines
1769 561 1886 630 ejus
1911 577 2070 630 squa-

505 689 522 719 ι
567 666 708 728 lidae,
757 671 813 718 ct
849 663 960 731 ipsa
988 674 1245 729 oppressa
1301 656 1676 711 amaritudine.
1730 674 1748 706 ι
1785 654 1912 708 Vias
1941 653 2069 706 Sion

456 817 462 825 η
500 755 628 810 dicit
652 752 856 821 lugere,
888 750 988 804 hoc
1013 756 1116 810 est,
1150 746 1405 816 lugubres
1432 745 1686 806 existere,
1715 758 1780 797 eo
1801 741 1941 810 quod
1965 757 2069 794 non

499 845 628 904 sint,
659 843 748 911 qui
776 839 992 894 veniant
1020 838 1086 892 ad
1122 835 1538 896 solemnitatem,
1590 841 1648 886 ut
1671 831 1860 885 festiva
1881 831 2072 900 gaudia

501 934 796 994 celebrent,
826 931 910 982 vel
941 927 1279 983 sacerdotum
1305 923 1476 979 olIicia
1499 925 1552 976 in
1574 922 1774 992 templo
1799 921 2070 990 expleant,

501 1023 626 1094 quia
659 1019 856 1089 templo
883 1031 1144 1072 succenso
1173 1015 1312 1070 muri
1352 1013 1586 1068 civitatis
1613 1011 1851 1065 funditus
1887 1009 2070 1074 diruti,

501 1123 554 1166 et
590 1103 760 1182 porta:
793 1111 1076 1164 destructa:
1127 1113 1270 1160 sunt.
1341 1103 1490 1159 Unde
1539 1103 1716 1157 omnis
1769 1103 1931 1156 decor
1958 1100 2073 1171 ejus

501 1202 812 1272 squalescit,
865 1208 921 1254 et
955 1199 1070 1268 ipsa
1114 1210 1368 1266 oppressa
1418 1193 1793 1256 amaritudine,
1843 1191 1896 1246 in
1951 1189 2074 1244 ﬁliis

500 1293 613 1347 suis
637 1291 846 1344 fortiter
895 1288 1078 1358 gemit.
1121 1285 1340 1354 Mystice
1368 1294 1547 1338 autem
1587 1283 1686 1338 viac
1711 1283 1840 1337 Sion
1871 1281 2072 1352 lugent,

502 1381 716 1451 quando
740 1378 931 1432 anima:
959 1376 1229 1446 quondam
1271 1374 1323 1427 in
1360 1389 1483 1428 arce
1510 1373 1706 1428 mentis
1758 1371 1926 1427 Deum
1950 1387 2074 1442 spe-

502 1472 730 1527 culantis
797 1470 1036 1524 actiones
1100 1467 1400 1522 exteriores
1453 1473 1575 1535 post
1619 1465 1823 1534 lapsum
1865 1463 2074 1534 peccati

505 1573 685 1632 turpes
732 1570 891 1629 atque
937 1558 1193 1628 lugubres
1240 1565 1519 1626 apparent,
1551 1570 1616 1610 eo
1652 1555 1796 1625 quod
1842 1570 1946 1608 non
1967 1554 2078 1624 pri-

503 1656 642 1708 stino
693 1667 842 1706 more
893 1650 1113 1705 affectus
1159 1648 1291 1718 ejus,
1336 1648 1402 1702 ad
1462 1649 1670 1702 interna
1749 1647 1940 1718 gaudia
1987 1662 2078 1701 ce-

504 1743 759 1798 lebranda
834 1749 1158 1804 occurrant,
1204 1739 1300 1794 sed
1371 1739 1610 1808 quinque
1657 1737 1906 1793 sensibus
1953 1751 2078 1791 cor—

503 1833 700 1903 poreis,
753 1833 842 1902 qui
896 1838 1174 1902 portarum
1240 1827 1458 1882 nomine
1506 1814 1596 1881 hic
1645 1833 1918 1890 notantur,
1981 1840 2076 1895 per

505 1923 762 1978 desidiam
813 1921 1101 1976 destructis
1133 1925 1375 1988 patescat
1416 1917 1590 1972 aditus
1638 1916 1803 1971 variis
1844 1915 2074 1979 delictis,

505 2013 928 2069 ecclesiasticum
985 2024 1198 2079 quoque
1267 2007 1502 2062 oﬂicium
1570 2007 1794 2062 vilescat
1837 2015 1892 2061 et
1949 2021 2078 2061 con—

503 2104 742 2159 tinentim
805 2103 977 2156 virtus
1033 2099 1332 2155 mollescat.
1407 2093 1555 2154 Unde
1605 2097 1842 2168 Spiritus
1900 2099 2075 2152 sancti

505 2193 770 2248 suavitate
793 2192 1002 2265 privata
1047 2198 1158 2246 tota
1195 2190 1248 2244 in
1273 2188 1632 2244 amaritudine
1668 2188 1919 2242 vitiorum
1958 2204 2080 2244 ver-

505 2302 562 2340 sa
571 2293 675 2340 tur.

579 2373 678 2427 Ile.
727 2391 746 2425 ε
793 2371 942 2426 Facti
975 2379 1102 2426 sunt
1130 2371 1312 2426 hostes
1350 2369 1468 2441 ejus
1511 2369 1568 2424 in
1616 2369 1817 2438 capite,
1875 2367 2080 2422 inimici

512 2486 530 2516 ‹
574 2465 696 2535 ejus
735 2463 1042 2532 locupletati
1081 2471 1228 2527 sunt,
1268 2462 1392 2531 quia
1447 2461 1705 2516 Dominus
1743 2460 1951 2514 locutus
1996 2469 2081 2514 est

514 2575 539 2606 ς
578 2568 744 2624 super
818 2568 937 2608 eam
1003 2561 1221 2626 prOpter
1281 2551 1674 2606 multitudinem
1740 2551 2078 2620 iniquitatmn

516 2665 532 2696 ι
575 2641 710 2712 ejus.
769 2643 982 2698 Parvuli
1037 2641 1154 2711 ejus
1207 2641 1352 2696 ducti
1400 2649 1528 2696 sunt
1570 2640 1767 2711 captivi
1820 2650 1944 2694 ante
1997 2639 2080 2694 fa-

511 2759 530 2790 t
575 2740 716 2794 ciem
767 2737 1090 2793 tribulantis.
1128 2757 1147 2788 ι
1179 2736 1326 2791 Facti
1371 2745 1497 2790 sunt
1544 2737 1723 2790 hostes
1751 2733 2081 2791 Hierusalem

509 2831 562 2884 in
592 2829 784 2900 capite,
844 2828 1058 2899 quando
1095 2827 1296 2882 inimici
1349 2825 1491 2881 illius
1531 2826 1836 2896 superiores
1882 2824 2080 2891 ell‘ecti,

507 2923 812 2978 universam
858 2931 1072 2992 gentem
1131 2922 1327 2976 divinis
1378 2921 1672 2990 spoliando,
1723 2921 1952 2977 vinculis
1994 2939 2084 2977 ca—

509 3015 775 3084 ptivitatis
801 3014 1164 3084 subjecerunt,
1192 3023 1248 3068 et
1292 3014 1346 3068 in
1400 3014 1629 3070 alienant
1674 3023 1875 3070 terram
1925 3015 2084 3071 Simul

508 3121 629 3159 eum
656 3105 966 3160 mulieribus
986 3111 1041 3160 et
1066 3105 1306 3174 parvulis
1329 3105 1407 3160 ire
1431 3107 1824 3176 compulerunt.
1859 3107 2084 3162 Domino

507 3197 592 3249 cui
633 3202 993 3265 peccaverunt
1032 3195 1238 3265 justum
1289 3195 1550 3264 judicium
1601 3197 1682 3252 eis
1728 3199 2078 3266 retribuentc.

509 3289 714 3343 Animae
741 3305 869 3343 vero
889 3288 1145 3360 deceptae,
1171 3291 1356 3346 hostes
1382 3291 1516 3346 fiunt
1559 3293 1612 3347 in
1642 3293 1840 3362 capite,
1865 3295 2080 3363 quando

510 3379 726 3449 tnangni
785 3380 1006 3449 spiritus
1069 3379 1186 3450 ejus
1231 3382 1467 3453 gaudent
1538 3384 1935 3451 dominatione,
1987 3387 2078 3455 qui

508 3469 799 3539 spoliantes
849 3485 968 3523 eam
1015 3468 1324 3536 virtutibus,
1376 3472 1629 3542 parvulos
1654 3475 1917 3544 cogitatus
1937 3475 2075 3546 ejus,

510 3578 605 3631 per
644 3561 803 3615 noxia
856 3561 1125 3616 desideria
1183 3563 1291 3618 huc
1343 3563 1578 3634 illucque
1630 3565 1908 3630 trahendo,
1963 3567 2081 3622 nul-

510 3653 613 3706 lant
660 3652 895 3720 quietem
943 3667 1064 3706 eam
1131 3653 1186 3707 in
1234 3651 1414 3709 animo
1465 3656 1665 3711 habere
1740 3658 2075 3726 permittunt.

513 3741 713 3814 (Creg.)
764 3743 864 3799 Ubi
914 3744 1019 3798 hoc
1081 3745 1528 3801 considerandum
1590 3755 1714 3813 est,
1765 3747 1908 3817 quod
1964 3745 2078 3816 jam

509 3849 670 3903 supra
726 3835 1024 3905 posuimus,
1074 3836 1202 3906 quia
1241 3837 1380 3891 bona
1449 3846 1633 3892 nostra
1675 3840 1846 3896 tribus
1905 3840 2080 3896 modis

513 3926 764 3994 antiquus
804 3927 974 3980 hostis
1004 3926 1324 3997 insequitur,
1383 3937 1442 3982 ut
1481 3930 1730 3985 videlicet
1766 3931 1889 3998 hoc,
1935 3933 2077 4002 quod

512 4023 718 4070 rectum
749 4030 933 4070 coram
981 4016 1286 4073 hominibus
1315 4019 1514 4088 agitur,
1557 4021 1610 4076 in
1648 4023 1839 4077 interni
1881 4023 2080 4094 judicis

507 4114 801 4176 conspectu
828 4106 1062 4160 vitietur.
1097 4106 1402 4177 Aliquando
1451 4124 1682 4180 namque
1705 4114 1758 4165 in
1788 4113 1926 4168 bono
1953 4130 2080 4184 ope-

507 4213 567 4253 re
597 4198 943 4252 intentionem
973 4196 1182 4266 polluit,
1207 4206 1266 4251 ut
1295 4213 1454 4252 omne
1479 4201 1621 4268 quod
1646 4201 1858 4256 actione
1905 4205 2079 4273 sequi-

510 4299 619 4354 tur,
675 4303 740 4344 eo
769 4303 960 4359 purum
991 4287 1355 4356 mundumque
1383 4305 1490 4344 non
1519 4300 1698 4356 exeat,
1737 4307 1844 4362 quo
1887 4295 1990 4350 hoc
2012 4295 2078 4349 ab

506 4380 714 4450 origine
739 4379 1033 4449 perturbat.
1065 4379 1364 4450 Aliquando
1380 4381 1726 4439 intentionem
1755 4385 1879 4439 boni
1901 4387 2078 4456 operis

507 4471 697 4524 vitiare
738 4486 850 4526 non
895 4469 1170 4539 prmvalet,
1212 4471 1306 4526 sed
1352 4471 1404 4526 in
1434 4473 1549 4542 ipsa
1581 4475 1796 4530 actione
1828 4476 1981 4544 quasi
2021 4477 2074 4530 in

507 4557 698 4611 itinere
721 4559 962 4626 opponit,
985 4567 1045 4611 ut
1076 4572 1198 4612 cum
1246 4561 1577 4629 prepositum
1608 4563 1808 4616 mentis
1833 4565 2072 4618 securior

507 4645 732 4716 quisque
759 4645 1050 4714 egreditur,
1082 4646 1379 4715 subjunetO'
1397 4648 1626 4703 latenter
1667 4650 1800 4704 vitio
1825 4653 1978 4719 quasi
2005 4667 2071 4707 ex

507 4735 718 4791 insidiis
766 4735 1080 4806 perimatur.
1107 4736 1407 4806 Aliquando
1437 4753 1562 4794 vero
1594 4755 1692 4796 nec
1721 4742 2070 4798 intentionem

505 4827 678 4890 vitiat,
731 4840 830 4881 nec
863 4825 917 4878 in
971 4825 1166 4880 itinere
1203 4827 1528 4896 supplantat,
1562 4831 1656 4884 sed
1695 4847 1830 4901 opus
1875 4835 2072 4888 bonum

505 4921 561 4976 itt
603 4919 706 4974 fine
742 4917 971 4972 actionis
1015 4917 1290 4988 illaqueat,
1339 4931 1647 4990 quantoque
1699 4923 1781 4976 vel
1841 4939 1871 4978 a
1915 4927 2074 4980 domo

503 5010 702 5076 cordis,
757 5009 838 5064 vel
889 5009 1170 5064 abitinere
1204 5009 1384 5078 operis
1432 5009 1641 5082 longius
1693 5014 1984 5068 recessisse
2014 5030 2072 5070 se

505 5102 757 5166 simulat,
793 5110 945 5156 tanto
983 5101 1351 5172 decipiendum
1401 5102 1555 5158 bonae
1611 5103 1835 5158 actionis
1884 5106 2068 5159 tenni-

503 5207 632 5248 num
683 5194 908 5248 astutius
949 5193 1174 5264 expetit,
1225 5202 1280 5248 et
1320 5209 1428 5264 quo
1476 5194 1750 5250 incautum
1799 5211 2068 5266 quemque

503 5285 656 5351 quasi
687 5285 986 5340 recedendo
1008 5284 1323 5351 reddiderit,
1353 5300 1419 5340 eo
1445 5286 1590 5341 illum
1621 5289 1903 5357 repentino
1935 5304 2068 5344 non-

504 5389 773 5446 nunquam
817 5377 1034 5432 vulnere
1074 5377 1262 5434 durius
1291 5378 1748 5450 insanabiliusque
1779 5379 2065 5451 transﬁgit.

503 5463 852 5520 lntentionem
894 5469 1090 5537 quippe
1114 5468 1165 5521 in
1197 5469 1340 5524 bono
1364 5485 1525 5538 opere
1547 5467 1752 5540 polluit,
1800 5473 1924 5541 quia
1947 5488 2069 5526 cum

502 5549 678 5606 facilia
731 5556 798 5608 ad
845 5556 1218 5627 decipiendum
1273 5559 1436 5614 corda
1470 5560 1745 5614 hominum
1786 5562 2068 5631 conspicit,

501 5660 686 5700 eorum
713 5649 990 5706 desideriis
1025 5667 1211 5706 auram
1249 5652 1543 5708 transitorii
1576 5653 1782 5708 favoris
1828 5655 2069 5724 apponit,

503 5744 560 5789 ut
595 5735 646 5788 in
677 5736 782 5801 his,
834 5755 950 5808 qua:
988 5741 1194 5796 faciunt
1248 5751 1414 5804 recta,
1467 5745 1532 5800 ad
1583 5747 1878 5814 appetenda
1941 5747 2068 5809 ima,

2167 560 2363 615 Judree
2387 561 2586 630 specie,
2620 561 2685 614 de
2708 572 3024 628 unaquaque
3056 558 3243 610 anima
3297 555 3476 625 laqueo
3515 557 3687 614 misere

2169 653 2485 708 intentionis
2511 661 2685 721 capta,
2725 651 2814 706 hic
2853 664 2950 719 per
2989 649 3316 718 prophetam
3365 647 3545 700 dicitur
3573 667 3584 700 :
3609 648 3690 703 Fa-

2169 745 2240 798 cti
2291 753 2418 798 sunt
2462 743 2642 798 hostes
2689 741 2807 810 ejus
2857 741 2913 794 in
2944 741 3148 809 capite.
3197 740 3278 793 Ac
3304 738 3348 792 si
3379 746 3545 808 aperte
3568 739 3688 794 dice.

2169 844 2319 889 retur
2352 853 2364 887 :
2399 833 2532 887 Cum
2561 836 2759 886 bonum
2783 846 2919 900 opus
2945 845 3053 884 non
3077 829 3223 882 bona
3255 829 3530 882 intentione
3559 831 3690 882 sumi-

2171 935 2277 990 tur,
2315 925 2440 978 huic
2475 925 2825 978 adversantes
2870 921 3099 990 spiritus
3153 921 3224 973 ah
3257 919 3372 986 ipso
3404 919 3689 988 cogitationis

2170 1016 2393 1071 exordio
2416 1013 2808 1084 principantur.
2859 1011 3148 1079 Tantaque
3177 1023 3298 1063 eam
3343 1008 3537 1077 plenius
3553 1010 3686 1076 possis

2172 1111 2319 1174 dent,
2343 1116 2546 1178 quanto
2567 1115 2623 1162 et
2642 1121 2739 1176 per
2765 1106 2976 1159 initium
3003 1103 3353 1158 dominantes
3384 1110 3565 1156 tenent.
3587 1101 3688 1155 Cum

2173 1215 2302 1254 vero
2324 1199 2672 1252 intentionem
2695 1195 2885 1249 vitiare
2903 1209 3006 1248 non
3032 1193 3354 1262 praevalent,
3372 1194 3421 1246 in
3439 1193 3514 1246 via
3531 1192 3690 1260 positos

2172 1291 2393 1362 laqueos
2425 1298 2629 1362 tegunt,
2653 1298 2712 1343 ιιι
2749 1289 2800 1343 in
2830 1302 2914 1352 eo,
2933 1287 3077 1356 quod
3110 1286 3253 1339 bene
3281 1285 3567 1352 agitur,cor
3583 1281 3695 1334 exal-

2174 1390 2296 1436 tans
2323 1395 2382 1434 se
2408 1395 2474 1435 ex
2499 1378 2756 1434 latere'ad
2793 1377 2984 1430 vitium
3009 1375 3302 1436 dirivetur.
3325 1381 3566 1442 quatenus
3583 1372 3690 1438 quod

2177 1473 2436 1528 inchoans
2466 1471 2625 1526 aliter
2661 1475 3038 1542 proposuerat,
3070 1468 3126 1522 in
3179 1466 3389 1520 actione
3415 1463 3555 1532 longe
3578 1463 3695 1517 aliter

2176 1579 2338 1634 quam
2393 1569 2633 1633 cmperat
2678 1569 2978 1631 percurrat.
3032 1559 3198 1630 Stepe
3246 1559 3387 1614 enim
3435 1560 3559 1612 bono
3581 1557 3692 1626 operi

2179 1655 2306 1710 dum
2345 1655 2462 1707 laus
2488 1654 2721 1706 humana
2750 1651 2952 1715 obviat,
2977 1658 3221 1703 mentem
3266 1655 3526 1716 operantts
3549 1647 3695 1699 imane

2182 1752 2279 1808 tat,
2309 1760 2427 1813 qua:
2473 1742 2716 1812 quamvis
2759 1741 2986 1811 quaesita
3035 1755 3149 1794 non
3197 1739 3390 1802 fuerat,
3446 1745 3596 1790 tamen
3621 1736 3688 1789 ob-

2105 1810 2150 1869 Β
2179 1841 2282 1888 lata
2302 1810 2436 1888 delet
2456 1810 2531 1886 tat
2553 1851 2565 1886 :
2594 1831 2745 1899 cujus
2769 1810 3133 1884 delectatione
3148 1844 3273 1882 cum
3301 1842 3446 1882 mens
3467 1827 3584 1880 bene
3599 1841 3690 1893 ope

2176 1926 2348 1980 rantis
2375 1924 2679 1987 resolvitur,
2722 1923 2790 1977 ab
2813 1922 2959 1977 omni
2990 1921 3314 1976 intentionis
3349 1919 3535 1972 intima:
3557 1917 3692 1986 vigore

2178 2016 2490 2085 dissipatur.
2524 2013 2676 2083 Saepe
2697 2028 2752 2068 sc
2773 2013 2907 2066 bene
2927 2005 3201 2066 inchoata:
3231 2019 3422 2063 nostrae
3437 2006 3624 2074 justitize
3641 2019 3690 2058 ex

2177 2106 2344 2160 latere
2367 2105 2442 2160 ira
2466 2103 2756 2173 sulajungit,
2774 2110 2830 2157 et
2849 2103 2974 2156 dum
2996 2101 3119 2156 zelo‘
3140 2099 3468 2155 rectitudinis
3489 2095 3690 2151 immode-

2179 2202 2348 2255 ratius
2377 2209 2610 2254 mentem
2643 2197 2842 2263 turbat,
2869 2204 3124 2252 cunctam
3161 2193 3358 2264 quietis
3387 2192 3564 2245 intimtc
3585 2185 3690 2241 salu-

2181 2303 2286 2348 tem
2308 2293 2536 2348 sauciat.
2562 2289 2715 2359 Szepe
2745 2289 3067 2360 gravitatem
3095 2287 3279 2341 cordis
3307 2283 3449 2354 quasi
3471 2279 3691 2347 snbjunct't

2179 2403 2246 2442 ex
2270 2386 2436 2441 latere
2459 2383 2679 2438 tristitia
2707 2381 2968 2451 sequitur,
3010 2388 3183 2447 atque
3232 2387 3387 2430 cuine
3413 2387 3549 2441 opus,
3584 2367 3687 2437 quo!

2181 2494 2333 2533 mens
2360 2478 2496 2530 bona
2532 2474 2829 2530 intentione
2857 2472 3097 2533 inchoat,
3151 2469 3270 2523 haec
3316 2464 3554 2520 velamine
3593 2471 3694 2511 latr-

2183 2567 2322 2623 roris
2349 2565 2689 2620 obverberat.
2723 2562 2851 2629 Qua:
2877 2570 2929 2616 et
2955 2572 3346 2626 nonnunquam
3381 2562 3514 2608 tanto
3533 2548 3692 2602 tardius

2183 2657 2501 2728 repellitur,
2560 2663 2762 2723 quanto
2840 2660 2896 2706 et
2963 2665 3173 2720 pressae
3237 2645 3399 2701 menti
3453 2640 3582 2710 quasi
3614 2654 3688 2728 sc-

2183 2724 2295 2803 rior
2345 2743 2655 2806 famulatur,
2720 2754 2860 2810 smpe
2905 2753 2962 2792 se
3016 2739 3167 2792 bono
3218 2733 3363 2804 operi
3414 2728 3574 2783 laetitia
3613 2724 3685 2776 im-

2185 2839 2460 2894 moderata
2511 2832 2807 2903 subjungit.
2862 2828 3111 2897 Cumque
3162 2826 3281 2896 plus
3321 2827 3534 2876 mentem
3570 2823 3686 2881 quam

2185 2934 2339 2989 decet
2386 2929 2714 2984 ltilarcscere
2772 2921 2958 2992 exigit,
3027 2919 3102 2972 ab
3157 2918 3366 2971 actione
3411 2913 3530 2965 bona
3571 2915 3684 2958 οιῐηῖσ

2186 3024 2395 3094 pondus
2450 3017 2728 3090 gravitatis
2797 3012 3022 3084 repellit.
3080 3009 3216 3076 Quia
3297 3005 3432 3059 enim
3479 2993 3680 3094 bene-in-

2191 3084 2508 3171 cboantihus
2557 3110 2782 3164 subesse
2835 3106 2890 3158 in
2943 3096 3160 3156 itinere.
3219 3098 3426 3166 laqueos
3465 3084 3682 3150 Psalmista

2109 3189 2153 3252 ε
2186 3209 2558 3274 conspexerat,
2585 3206 2732 3253 recte
2753 3192 3074 3265 prophetico
3097 3190 3288 3260 plenus
3308 3183 3483 3254 spiritu
3489 3175 3680 3274 dicebar

2191 3319 2207 3350 ί
2235 3299 2293 3352 ln
2315 3269 2399 3350 via
2431 3295 2534 3348 hac
2579 3305 2683 3360 qua
2710 3285 3052 3342 ambulabam
3085 3269 3678 3337 abscondemntlaquettm

2183 3389 2312 3446 mihi
2333 3385 2505 3479 ςΡδαῑ.
2538 3382 2704 3452 CXLI).
2740 3399 2760 3432 ι
2941 3465 3012 3479 Δ..
3066 3463 3124 3479 Ν
3342 3459 3354 3470 ,
3429 3454 3441 3479 1
3502 3385 3610 3479 ,ξύ

2263 3453 2394 3531 ναῗι.
2429 3496 2447 3527 ‹
2485 3475 2744 3544 Egressus
2771 3477 2857 3523 est
2881 3483 2910 3522 a
2940 3465 3048 3521 lilia
3066 3463 3198 3520 Sion
3215 3459 3385 3516 omnis
3412 3454 3554 3508 decor
3571 3453 3678 3544 ejus:

2185 3589 2204 3622 ι
2250 3567 2379 3622 facti
2405 3537 2836 3632 suntvprincipes
2861 3557 2978 3626 ejus
3024 3555 3181 3610 velut
3219 3551 3408 3605 arietes
3438 3557 3530 3596 non
3573 3537 3682 3632 inte-

2185 3677 2204 3710 ι
2249 3659 2463 3712 nicntes
2503 3625 2759 3726 pascua,-
2785 3659 2842 3704 et
2891 3625 3148 3702 abierunt
3196 3643 3394 3710 absque
3426 3625 3680 3726 fortitudine

2185 3766 2204 3798 t
2249 3757 2376 3802 ante
2419 3715 2612 3799 facient
2653 3737 3052 3810 subsequentis.
3103 3755 3122 3788 ι
3151 3734 3375 3790 Obsessa
3407 3715 3678 3814 Hierusaleut

2179 3839 2248 3894 ab
2276 3839 2432 3892 hoste
2475 3835 2815 3896 extrinsecus
2862 3845 3080 3885 omnem
3122 3827 3365 3882 decorem
3396 3811 3678 3888 iucundilalis

2179 3943 2290 3983 sate
2330 3926 2563 3998 perdidit
2597 3923 2946 3985 intrinsecus,
2979 3920 3218 3973 maxime
3244 3929 3358 3970 cum
3385 3909 3524 3967 fame,
3551 3908 3593 3956 ct
3613 3910 3675 3965 γε·

2179 4019 2412 4075 stilentia
2465 4018 2736 4079 laborans,
2771 4013 2968 4068 nullius
3024 4026 3129 4080 ope
3161 4003 3548 4064 sustentabatur,
3579 4001 3677 4058 ψιθ-

2178 4113 2320 4166 niam
2365 4110 2640 4180 principes
2700 4116 2755 4160 et
2801 4114 3042 4160 rectores
3097 4104 3258 4166 illius,
3311 4090 3557 4180 dissolutis
3584 4081 3672 4135 \‘il‘i-

2177 4201 2276 4255 bus
2303 4200 2494 4270 pavido
2522 4197 2706 4260 corde,
2731 4211 2835 4250 non
2879 4194 3191 4248 defensione
3225 4189 3428 4246 civium,
3458 4195 3508 4235 se
3539 4176 3672 4244 fugam

2178 4294 2400 4347 inertem
2429 4290 2844 4345 meditabantur.
2886 4285 3110 4356 Mystice
3136 4292 3308 4338 autent
3336 4278 3432 4331 ﬁlia
3474 4271 3581 4325 Sion
3615 4279 3670 4318 re

2177 4386 2331 4455 liquit
2363 4385 2612 4438 decorem
2659 4396 2837 4443 suum,
2887 4377 3103 4447 quando
3135 4375 3306 4430 anima
3351 4383 3436 4438 per
3464 4357 3669 4455 incuriam

2178 4477 2558 4546 cogitationum
2587 4474 2842 4526 virtutum
2873 4469 3049 4540 perdit
3071 4475 3336 4526 ornatum,
3383 4472 3470 4512 nec
3497 4453 3536 4507 ei
3570 4446 3664 4501 sub“

2105 4534 2150 4592 Β
2176 4567 2458 4619 veniebant
2483 4563 2752 4632 principes
2777 4560 2878 4620 sui,
2917 4558 3017 4612 hoc
3044 4566 3150 4618 est,
3177 4547 3494 4607 rationabiles
3521 4545 3667 4594 tracta-

2177 4665 2280 4716 tus,
2309 4669 2428 4708 cum
2453 4653 2647 4722 quibus
2673 4652 2928 4704 resistere
2953 4647 3136 4702 debuit
3159 4642 3377 4700 inimicis
3403 4641 3664 4722 persequen—

2177 4745 2341 4804 tibus,
2377 4721 2481 4796 sed
2499 4741 2708 4795 defecto
2738 4740 2930 4792 robore
2958 4734 3302 4792 fortitudinis,
3347 4739 3508 4784 coram
3554 4721 3666 4771 lutle

2176 4841 2529 4904 persequente
2585 4833 2836 4902 propulsa
2889 4841 2970 4884 est
3031 4832 3081 4884 in
3139 4829 3336 4882 foveam
3378 4808 3660 4882 deccpticniro

2177 4927 2287 4980 llac
2331 4927 2492 4980 etiam
2535 4924 2796 4977 sententia
2823 4929 3120 4992 arguuntur
3157 4908 3662 4992 negligentesrector?S

2176 5017 2412 5073 ecclesiae
2436 5016 2562 5079 Dei;
2575 5017 2642 5069 ob
2668 5029 2892 5084 quorum
2931 5013 3190 5066 incuriam
3218 5005 3348 5078 perit
3368 4995 3520 5086 omnis
3539 4990 3661 5086 deﬁt?

2175 5125 2223 5178 p;
2247 5109 2352 5179 puli
2382 5107 2696 5171 Christiani,
2736 5122 2857 5160 cum
2887 5119 2984 5159 nec
3008 5104 3060 5157 in
3090 5097 3412 5156 meditatione
3433 5077 3657 5179 legistbvt-

2174 5215 2275 5264 ηαξ,
2308 5215 2406 5254 nec
2436 5199 2487 5252 in
2515 5198 2659 5253 cultu
2687 5198 2920 5267 pietatis,
2949 5211 3122 5266 neque
3144 5197 3195 5250 in
3237 5195 3483 5247 sacrarum
3521 5173 3654 5226 virtu-

2174 5301 2286 5345 tum
2313 5290 2568 5345 exercitio
2618 5289 2864 5344 laborare
2908 5298 3188 5351 conantur,
3235 5281 3326 5348 sed
3373 5278 3417 5330 in
3445 5272 3550 5324 luxu
3587 5272 3654 5310 τε·

2171 5385 2432 5456 luptatum
2463 5402 2558 5454 per
2588 5386 2734 5439 varia
2774 5387 3001 5450 scelera,
3035 5387 3182 5454 juxta
3213 5358 3653 5458 suggestioncmulfn:

2170 5477 2267 5530 stis
2293 5477 2532 5546 cogentis
2556 5475 2914 5539 abducuntur,
2957 5477 3109 5545 cujus
3146 5466 3349 5544 pcrlculi
3379 5445 3652 5550 inalamiillus

2170 5567 2402 5621 maxime
2434 5567 2675 5635 respicit,
2723 5568 2813 5636 qui
2866 5567 2919 5620 in
2963 5566 3081 5620 loco
3119 5557 3375 5634 rcgiminis
3413 5540 3646 5636 constituit-

2168 5659 2344 5728 potius
2388 5658 2667 5712 saecularia
2697 5659 2978 5724 desideria,
3033 5672 3186 5728 quam
3218 5647 3539 5706 mandatorum
3577 5626 3644 5728 llr:

2169 5749 2417 5820 vestigia,
2473 5752 2622 5818 sequi
2678 5750 2971 5821 elegerunt;
3055 5749 3200 5806 Unde
3267 5737 3474 5797 ctrlcstis
3535 5729 3646 5790 τιδεηι
