3970 6190
295 339 434 394 H89

1149 331 1511 387 EXPOSITIO
1548 330 1773 386 SUPER
1811 325 2175 383 JEREMIAM.
2215 358 2283 366 —
2323 328 2447 382 LIB.
2490 327 2674 384 XVIII.

3402 330 3537 386 “90

290 452 518 521 gloriam
590 463 711 503 cum
774 448 977 503 sanctis
1043 448 1357 503 doctoribus
1422 462 1528 501 non
1593 453 1872 500 merentur
1902 447 1947 502 Α
1981 459 1997 491 ε
2045 451 2360 511 spreverunt
2391 443 2554 517 illam,
2586 445 2710 514 quia
2754 444 3005 499 viderunt
3036 443 3378 515 ignominiam
3405 447 3545 515 ejus,

292 540 578 608 accipere,
649 538 743 591 sed
795 553 916 592 cum
972 537 1185 593 diabolo
1241 547 1296 592 ct
1338 538 1543 607 angelis
1592 534 1707 604 ejus
1760 551 1875 604 pte-

295 644 419 681 nain
469 627 730 697 gehennae
780 635 1041 696 cogentur
1090 627 1377 683 sustinere.
1407 628 1483 681 De
1520 640 1628 696 quo
1665 634 1721 681 et
1749 626 1877 680 sub—

295 722 442 773 ditur
473 737 485 772 :

369 812 503 867 Zain
546 831 564 863 ‹
608 811 675 866 Ει
705 813 986 867 recordata
1009 819 1093 866 est
1122 811 1457 867 Hierusalem
1509 812 1718 865 dierum
1748 808 1879 863 allii-

300 927 318 954 ι
361 904 559 958 ctionis
594 919 722 965 suae,
748 913 802 957 et
832 904 1291 973 praevaricationis
1313 903 1552 957 omnium
1601 902 1876 956 desidera-

300 1015 319 1044 ι
369 994 555 1048 bilium
600 1008 842 1055 suorum,
873 1009 991 1060 qua}
1022 994 1285 1047 habuerat
1336 1008 1366 1046 a
1405 991 1594 1047 diebus
1640 991 1876 1059 antiquis

303 1103 322 1133 ι
370 1098 495 1138 cum
519 1083 734 1137 caderet
763 1082 990 1152 populus
1014 1083 1130 1152 ejus
1160 1082 1213 1136 in
1245 1097 1405 1135 manu
1435 1080 1640 1147 hostili,
1664 1089 1718 1135 et
1769 1096 1875 1134 non

305 1195 323 1225 ι
367 1182 512 1230 esset
554 1174 863 1230 auxiliator.
891 1173 1158 1229 Viderunt
1182 1187 1303 1229 eam
1342 1175 1525 1228 hostes
1561 1180 1616 1228 et
1673 1172 1875 1227 derise-

306 1283 325 1315 ι
369 1275 498 1318 runt
536 1264 762 1320 sabbata
791 1261 926 1331 ejus.
968 1283 985 1315 ι
1029 1262 1147 1318 Non
1165 1263 1338 1318 solum
1371 1263 1514 1317 enim
1543 1261 1876 1317 Hierusalem

301 1357 392 1410 illa
444 1365 657 1412 terrena
705 1355 873 1410 doluit
917 1344 976 1409 se
1013 1355 1242 1425 perdere
1290 1354 1681 1424 jucunditatem
1722 1367 1879 1407 suam

299 1456 352 1501 et
381 1445 697 1500 deliciarum
721 1442 1048 1499 aliluentiam
1073 1444 1215 1498 inter
1233 1444 1419 1498 hostes
1439 1441 1754 1503 constituta,
1780 1439 1876 1494 sed

298 1535 466 1590 etiam
494 1535 609 1590 hzee
656 1534 906 1605 mystica,
945 1542 1002 1589 et
1049 1534 1287 1587 maximo
1335 1532 1520 1587 dolore
1571 1539 1872 1600 torquetur,

298 1643 421 1682 cum
453 1627 506 1681 in
529 1626 703 1696 ptenis
739 1625 1030 1680 constituta
1055 1624 1170 1694 jam
1204 1639 1326 1679 sero
1348 1620 1490 1679 dolet
1528 1637 1587 1677 se
1634 1631 1761 1676 tunc
1784 1635 1879 1675 ne-

299 1719 588 1790 gligentem
621 1716 806 1781 fuisse,
829 1718 1045 1786 quando
1073 1731 1168 1786 per
1205 1717 1344 1772 bona
1370 1730 1537 1785 opera
1575 1723 1630 1768 et
1673 1722 1874 1767 rectam

1982 551 2001 581 ι
2048 531 2161 599 ipsa
2208 540 2387 585 autem
2443 549 2680 602 gemens,
2736 544 2785 588 et
2855 550 3114 589 conversa
3155 542 3469 590 retrorsum.
3521 559 3541 588 ι

1969 622 2203 689 ,Ωειιιεξηη
2232 625 2482 680 vindicta:
2520 628 2807 696 expressit,
2858 629 2909 682 in
2940 630 3203 698 principio
3234 630 3394 699 hujus
3419 645 3543 686 sen-

1940 724 1945 729 ‘
1978 715 2175 777 tentia},
2200 716 2325 784 quia
2361 717 2429 771 ob
2476 720 2893 787 magnitudinem
2914 721 3175 776 scelerum
3206 720 3540 777 Hierusalem

1977 806 2274 875 promeruit
2327 808 2814 877 transmigrationis
2868 812 3137 865 excidium
3165 829 3178 865 ε
3209 813 3414 883 ipsique
3452 814 3544 881 qui

1976 914 2095 953 eam
2140 905 2455 969 peccantem
2486 899 2757 955 favoribus
2807 902 3154 965 extollebant,
3207 904 3544 971 postmodum

1976 1003 2284 1058 oppressam
2314 990 2627 1060 captivitate
2672 991 2984 1045 deridebant
3012 1010 3025 1045 :
3049 1008 3149 1046 nec
3198 993 3546 1048 condolentes

1978 1078 2071 1141 illi,
2105 1078 2327 1148 gemitui
2377 1079 2494 1147 ejus
2550 1079 2711 1132 ullam
2745 1080 3163 1135 consolationem
3213 1083 3541 1151 praebebant.

1979 1169 2115 1224 Hinc
2160 1180 2262 1235 est,
2304 1171 2446 1241 quod
2479 1185 2575 1240 per
2623 1170 2814 1224 Isaiam
2846 1170 2982 1240 plebi
3009 1169 3243 1226 Judaicaa
3286 1172 3545 1227 Dominus

1979 1260 2057 1314 ait
2095 1278 2108 1314 :
2148 1280 2166 1311 ι
2200 1260 2398 1331 Popule
2444 1276 2618 1324 mens,
2659 1263 2749 1330 qui
2802 1263 3015 1315 beatum
3064 1270 3116 1315 te
3172 1262 3386 1327 dicunt,
3445 1263 3547 1333 ipsi

1982 1360 2035 1407 te
2086 1352 2397 1423 decipiunt:
2428 1362 2484 1407 et
2531 1353 2671 1406 viam
2716 1368 2996 1423 gressunm
3026 1362 3238 1409 tuorum
3288 1354 3550 1423 dissipant

1981 1442 2114 1513 (Isa.
2148 1445 2256 1516 ni),
2317 1465 2337 1497 ι
2393 1446 2506 1499 sive
2536 1447 2879 1499 conturbant.
2931 1444 3134 1499 Scriba:
3175 1455 3229 1500 et
3269 1445 3545 1509 Pharisaei,

1979 1549 2115 1603 quos
2141 1544 2264 1590 ante
2291 1536 2429 1591 idem
2447 1536 2709 1606 Propheta
2736 1547 3015 1591 exactores
3039 1537 3417 1606 appellaverat,
3447 1554 3551 1592 non

1981 1625 2290 1693 magistros,
2316 1634 2371 1679 et
2420 1642 2581 1696 supra
2623 1627 3000 1697 illusores,qui
3041 1638 3259 1699 prepter
3305 1644 3551 1693 munera,

1981 1732 2102 1787 quze
2121 1726 2397 1772 exczecant
2427 1719 2611 1774 oculos
2656 1721 2819 1774 etiam
2853 1720 3175 1789 sapientium
3204 1720 3381 1793 (Deut.
3414 1723 3548 1790 xvi),

299 1809 763 1864 conversationem
809 1808 984 1878 potuit
1024 1807 1344 1877 sibimetipsi
1399 1805 1705 1861 subvenire.
1757 1802 1875 1860 Non
1909 1796 1952 1855 Β
1983 1824 2086 1861 non
2119 1809 2292 1863 solum
2344 1819 2655 1878 peceatores
2704 1814 2755 1865 in
2785 1812 2983 1880 populo
3010 1828 3114 1866 non
3165 1813 3549 1882 corripiebant,

298 1895 470 1951 solum
495 1894 638 1949 enim
661 1909 782 1948 cum
808 1894 1009 1949 sanctis
1062 1892 1266 1965 angelis
1293 1894 1346 1946 in
1375 1892 1488 1947 vita
1522 1901 1726 1946 aeterna
1769 1907 1876 1945 non

298 1986 553 2051 exsultat,
581 1987 674 2042 sed
710 1986 767 2039 in
794 1986 1004 2040 inferno
1038 2000 1162 2041 cum
1184 1985 1412 2041 daemoni
1442 1984 1682 2041 cruciata
1708 1981 1877 2037 infru-

297 2089 484 2134 ctuose
519 2079 794 2148 prteterita
830 2086 1050 2150 peccata
1079 2079 1344 2149 deplorat,
1372 2079 1527 2150 juxta
1554 2077 1704 2140 illud,
1731 2076 1878 2146 quod

300 2170 578 2238 Scriptura
602 2176 736 2224 teste
766 2169 915 2239 impii
941 2170 996 2225 in
1027 2168 1241 2225 inferno
1267 2169 1458 2224 dicturi
1496 2176 1621 2224 sunt
1647 2187 1660 2223 :
1690 2186 1708 2219 ι
1738 2168 1878 2238 Ergo

296 2261 599 2316 erravimus
629 2276 660 2316 a
699 2262 788 2317 via
841 2261 1105 2325 veritatis,
1165 2269 1219 2314 et
1264 2261 1489 2331 iustitiae
1544 2260 1725 2316 lumen
1768 2274 1879 2314 non

297 2350 436 2405 luxit
482 2350 656 2416 nobis,
683 2358 741 2405 et
768 2349 849 2405 sol
875 2365 983 2404 non
1033 2358 1117 2405 est
1143 2358 1295 2404 ortus
1331 2350 1487 2404 nobis
1525 2367 1538 2403 :
1574 2350 1773 2423 lassati
1789 2364 1880 2404 su-

296 2456 421 2495 mus
461 2440 514 2495 in
562 2441 649 2495 via
674 2440 979 2511 iniquitatis
1024 2448 1080 2495 et
1116 2440 1454 2510 perditionis,
1482 2450 1539 2496 et
1572 2439 1878 2496 ambulavi-
1917 2478 1923 2483 η

295 2547 420 2587 mus
450 2532 567 2587 vias
623 2530 1075 2586 dillicileszviam
1105 2541 1287 2586 autem
1340 2531 1551 2587 Domini
1605 2532 1876 2603 ignoravi-

298 2637 440 2677 mus.
486 2620 623 2690 Quid
648 2623 805 2677 nobis
844 2621 1046 2692 profuit
1074 2623 1348 2693 superbia,
1374 2629 1466 2677 aut
1495 2622 1624 2692 quid
1665 2623 1880 2678 divitia-

300 2728 420 2768 rum
461 2711 735 2782 opulentia
773 2712 1001 2768 contulit
1048 2713 1240 2769 nobis?
1291 2712 1646 2767 Transierunt
1696 2712 1878 2767 omnia

298 2803 387 2857 illa
430 2813 684 2872 tanquam
708 2804 899 2858 umbra
939 2802 1153 2868 mortis,
1204 2804 1257 2857 in
1312 2802 1647 2873 malignitate
1695 2814 1877 2859 autem

299 2904 488 2950 nostra
539 2894 844 2964 consumpti
890 2909 1077 2949 sumus
1129 2893 1383 2965 (Sap.v).
1424 2914 1443 2946 ι
1509 2894 1662 2949 Tunc
1687 2902 1741 2949 et
1776 2894 1877 2963 ipsi

300 2985 517 3057 maligni
563 2985 785 3055 spiritus
836 2985 1082 3041 derident
1119 2985 1313 3049 otium,
1366 2986 1512 3055 quod
1543 2984 1878 3056 negligentes

297 3077 560 3132 inutiliter
615 3078 887 3133 duxerunt
947 3093 1045 3147 per
1093 3078 1378 3148 przesentis
1447 3079 1574 3134 vita:
1618 3080 1872 3148 spatium.

301 3167 452 3223 Unde
500 3174 557 3222 et
603 3183 746 3223 nunc
792 3183 889 3237 per
930 3169 1248 3239 prophetam
1279 3169 1520 3224 dicitur:
1559 3187 1577 3220 ι
1619 3168 1878 3226 Viderunt

294 3275 416 3314 eam
464 3260 645 3315 hostes
689 3268 743 3314 et
764 3260 1072 3316 deriserunt
1104 3261 1326 3316 sabbata
1370 3260 1505 3330 ejus.
1546 3282 1564 3314 ι
1594 3260 1874 3333 Praecepto

296 3353 442 3407 enim
489 3353 622 3424 legis
664 3354 732 3409 ab
769 3353 1043 3409 exteriore
1066 3370 1229 3425 Opere
1256 3355 1312 3409 in
1344 3355 1568 3410 sabbato
1610 3363 1872 3441 cessatur.

296 3446 493 3502 llostes
518 3447 661 3502 enim
692 3446 913 3501 sabbata
938 3446 1182 3502 videntes
1211 3446 1461 3519 irrident,
1496 3460 1620 3501 cum
1654 3445 1877 3517 maligni

297 3537 518 3606 spiritus
553 3536 667 3607 ipsa
702 3537 1003 3592 vacationis
1036 3537 1164 3600 otia,
1192 3536 1261 3591 ad
1286 3536 1640 3606 cogitationes
1658 3535 1875 3592 illicitas

296 3628 635 3696 pertrahunt.
689 3626 1035 3696 Unaquaeque
1091 3626 1310 3690 anima,
1380 3640 1490 3694 quo
1541 3633 1747 3680 remota
1808 3626 1878 3682 ab

288 3717 540 3772 externis
571 3717 884 3773 actionibus
937 3717 1142 3772 servire
1187 3716 1445 3782 creditur,
1478 3731 1544 3771 eo
1571 3717 1743 3788 magis
1777 3732 1873 3772 eo-

286 3821 416 3859 rrum
472 3806 738 3876 tyrannidi
766 3806 950 3860 illicita
1006 3806 1291 3877 cogitando
1326 3805 1643 3861 famulatur.
1691 3806 1876 3862 Sancti

296 3906 477 3951 autem
504 3898 626 3963 viri,
681 3898 807 3968 quia
836 3897 1020 3953 mundi
1066 3898 1318 3968 operibus
1343 3914 1450 3953 non
1494 3914 1741 3969 corpore,
1783 3901 1878 3956 sed

298 3993 495 4047 virtute
523 3993 829 4063 sopiuntur,
865 3992 1186 4050 laboriosius
1227 3994 1520 4061 dormiunt,
1577 4010 1738 4065 quam
1792 3996 1876 4050 vi-

288 4082 463 4152 gilare
488 4091 797 4152 potuerunt,
847 4084 974 4153 quia
1018 4086 1072 4140 in
1111 4100 1198 4153 eo,
1247 4085 1392 4156 quod
1433 4086 1677 4142 actiones
1718 4085 1877 4155 hujus

294 4171 476 4226 szeculi
507 4173 817 4229 deserentes
862 4180 1140 4245 superant,
1162 4173 1384 4230 robusto
1420 4173 1674 4231 conﬂictu
1694 4174 1874 4244 quoti-

292 4262 383 4317 die
408 4270 593 4317 contra
636 4264 953 4339 semetipsos
981 4272 1241 4336 pugnant,
1274 4280 1353 4341 ne.
1390 4281 1545 4322 mens
1569 4281 1666 4337 per
1709 4265 1876 4336 negli-

292 4353 532 4420 gentiam
566 4363 792 4424 torpeat,
841 4363 919 4421 ut,
953 4356 1177 4410 subacto
1225 4355 1336 4410 otio
1385 4356 1451 4411 ad
1483 4354 1745 4410 desideria
1778 4354 1878 4408 im-

1981 1897 2073 1950 sed
2104 1912 2201 1967 pro
2231 1898 2433 1953 divitiis
2463 1907 2624 1968 atque
2664 1902 2993 1968 compendiis
3032 1902 3325 1958 ell‘erebant
3384 1903 3555 1957 laudi-

1980 1987 2101 2050 bus,
2140 1995 2191 2042 et
2234 1988 2334 2057 ipsi
2359 1989 2663 2044 econtrario
2690 1991 2874 2045 beatos
2918 1992 3183 2046 vocabant
3211 2008 3324 2059 eos,
3366 2002 3422 2047 ct
3455 2009 3549 2049 co-

1979 2076 2193 2132 lumnas
2222 2079 2413 2133 domus
2436 2079 2549 2144 Dei,
2603 2088 2658 2133 et
2686 2089 2880 2134 caetera
2904 2098 3021 2150 qua:
3060 2083 3233 2137 solent
3282 2083 3551 2140 adulteros

1980 2171 2178 2225 dicere.
2233 2170 2340 2226 Sed
2382 2172 2515 2228 tales
2559 2171 2796 2229 fautores
2825 2172 3023 2230 nullam
3056 2177 3107 2231 in
3140 2178 3229 2233 die
3253 2179 3551 2235 tribulatio-

1981 2261 2064 2316 nis
2094 2262 2478 2318 tribulantibus
2502 2264 2920 2320 consolationem
2947 2267 3272 2336 praebebant,
3295 2269 3402 2325 imo
3424 2287 3552 2326 con.

1982 2350 2244 2408 fusionem
2302 2354 2566 2410 scelerum
2619 2370 2810 2410 eorum
2864 2355 3227 2423 denudabant,
3278 2368 3333 2414 et
3375 2362 3554 2415 cordis

1982 2447 2329 2516 ignominiam
2362 2447 2800 2504 manifestabant.
2843 2448 2949 2504 Iste
2981 2458 3067 2504 est
3093 2466 3221 2522 ergo
3249 2453 3436 2506 doctor
3462 2467 3552 2507 ee-

1929 2560 1947 2589 .
1980 2539 2305 2603 clesiatieus,
2360 2541 2449 2609 qui
2505 2540 2796 2613 lacrymas,
2844 2555 2948 2596 non
2989 2542 3156 2596 risum
3218 2551 3415 2607 movet,
3461 2544 3554 2612 qui

1981 2632 2205 2702 corripit
2245 2642 2580 2703 peccatores,
2622 2634 2712 2703 qui
2752 2634 2953 2688 nullum
2978 2635 3219 2699 beatum,
3251 2635 3452 2690 nullum
3476 2636 3558 2689 di-

1981 2722 2057 2775 cit
2109 2735 2226 2777 esse
2270 2721 2499 2786 felicem,
2551 2739 2649 2779 nec
2683 2726 2941 2794 pervertit
2995 2725 3317 2780 sententiam
3358 2723 3557 2791 judicis

1980 2813 2085 2876 sui,
2130 2812 2343 2867 dicente
2382 2813 2660 2885 Scriptura
2681 2825 2864 2871 sancta
2905 2835 2918 2870 :
2955 2835 2975 2868 ι
3005 2815 3081 2869 Ne
3118 2817 3330 2870 beatum
3348 2815 3557 2883 jndices

1979 2920 2302 2976 quemquam
2342 2909 2615 2964 hominem
2668 2920 2801 2965 ante
2863 2920 3090 2965 mortem
3122 2909 3312 2980 (Eccli.
3370 2908 3467 2977 ιι).
3526 2927 3545 2957 ι

1981 2995 2088 3052 Sed
2133 3005 2184 3050 et
2225 2998 2278 3051 in
2304 2998 2407 3052 alio
2436 2998 2552 3053 loco
2576 3001 2802 3070 legimus
2833 3018 2846 3054 :
2886 3020 2903 3050 ι
2934 3001 3033 3067 Qui
3059 2998 3333 3053 benedixit
3382 2997 3558 3052 amico

1982 3100 2145 3138 mane
2181 3086 2372 3157 grandi
2411 3103 2561 3152 voce,
2612 3103 2640 3141 a
2692 3088 3031 3143 maledicenti
3072 3087 3143 3141 nil
3171 3086 3345 3141 differt
3372 3084 3553 3157 (Pror.

1980 3175 2173 3246 xxvn).
2209 3196 2226 3227 ι
2294 3176 2446 3231 Unde
2498 3187 2816 3246 spernentes
2867 3176 3144 3231 hominum
3189 3173 3415 3242 judicia,
3458 3189 3559 3228 nec

1980 3264 2226 3320 laudibus
2270 3281 2457 3321 eorum
2507 3265 2851 3331 extollantur,
2922 3280 3021 3320 nec
3074 3250 3554 3320 obtrectationibus

1977 3358 2364 3413 contristemur
2389 3375 2402 3412 :
2434 3360 2527 3414 sed
2555 3359 2920 3430 ingrediantur
2946 3366 3148 3414 rectam
3178 3358 3341 3421 viam,
3373 3363 3427 3410 et
3454 3355 3520 3410 tri
3540 3385 3553 3396 ο

1980 3456 2062 3502 tas
2088 3464 2118 3502 a
2150 3449 2350 3504 sanctis
2374 3448 2661 3518 Prophetis
2685 3449 2921 3507 semitas.
2952 3447 3247 3502 Audiamus
3273 3448 3419 3500 hunc
3431 3460 3556 3514 pro-

1978 3539 2193 3609 phetam
2220 3541 2324 3595 alio
2348 3541 2466 3596 loco
2494 3541 2762 3596 dicentem
2790 3560 2803 3594 :
2829 3560 2846 3591 ι
2886 3540 3105 3595 Statein
3131 3540 3255 3604 viis,
3279 3547 3334 3593 et
3354 3539 3549 3601 videte,

1977 3639 2032 3685 et
2061 3632 2390 3700 interrogate
2416 3634 2641 3687 semitas
2665 3632 2876 3687 Domini
2903 3632 3262 3702 sempiternas
3285 3678 3305 3703 ,
3335 3646 3454 3700 quae
3479 3631 3551 3684 sit

1977 3721 2061 3776 via
2091 3721 2604 3799 bona,etamhulatc
2640 3724 2693 3778 in
2720 3739 2784 3778 ea
2812 3722 2968 3794 (ειη).
3000 3722 3097 3790 vi).
3136 3742 3154 3774 ι

2052 3809 2234 3864 Thelh.
2260 3829 2280 3862 ‹
2310 3810 2510 3866 Sordes
2533 3813 2650 3882 ejus
2671 3812 2725 3865 in
2748 3813 2973 3881 pedibus
2996 3811 3135 3879 ejus,
3159 3827 3255 3866 nec
3278 3812 3558 3866 recordata

1982 3920 1999 3951 ι
2035 3909 2120 3955 est
2151 3900 2273 3955 linis
2305 3902 2408 3954 sui.
2441 3902 2693 3971 Deposita
2717 3910 2801 3956 est
2821 3902 3195 3965 vehementer,
3221 3917 3325 3955 non
3356 3902 3558 3955 habens

1981 4010 2000 4042 ε
2037 3991 2451 4046 consolatorem.
2485 4011 2502 4043 ι
2529 3992 2726 4047 Sordes
2755 4001 2929 4063 gestat
2952 3993 3003 4046 in
3026 3993 3273 4062 pedibus,
3295 3995 3383 4062 qui
3408 4009 3559 4064 gres;

1977 4097 2095 4137 sum
2134 4084 2559 4138 conversationis
2586 4098 2699 4138 suae
2735 4083 2890 4138 malis
2916 4084 3107 4154 polluit
3135 4084 3385 4153 Operibus
3414 4103 3427 4137 :
3459 4098 3556 4138 nec

1978 4171 2294 4227 recordatur
2321 4171 2445 4228 linis
2490 4174 2610 4239 sui,
2660 4181 2715 4229 et
2756 4174 3013 4244 temporis
3049 4171 3181 4240 justi
3218 4174 3406 4243 judicii
3439 4174 3556 4228 Dei.

1980 4263 2132 4318 Unde
2157 4265 2397 4333 deposita
2429 4266 2803 4330 vehementer,
2832 4275 2887 4321 et
2913 4266 3148 4321 hostium
3179 4266 3423 4319 manibus
3450 4275 3561 4319 tra-

1978 4356 2089 4410 dita
2110 4395 2127 4421 ,
2167 4355 2369 4409 nullum
2398 4357 2561 4409 habet
2595 4344 3007 4420 consolatorem,
3030 4357 3155 4425 quia
3197 4364 3434 4425 tempore
3458 4371 3558 4426 op-

294 4444 492 4499 munda
526 4444 800 4513 frigescat,
831 4460 899 4500 ne
934 4446 1066 4515 ipsis
1099 4446 1383 4501 desideriis
1413 4446 1569 4501 bonis
1588 4445 1708 4513 plus
1728 4445 1876 4515 justo
1904 4482 1953 4541 Β
1980 4452 2244 4511 portuno,
2276 4443 2421 4499 cultu
2453 4445 2666 4515 pietatis
2698 4445 3168 4500 honorare-noluit
3196 4460 3350 4501 suum
3378 4454 3545 4500 aucto-

288 4537 576 4601 ,inserviat,
601 4553 670 4592 ne
700 4536 802 4591 sub
829 4536 1169 4592 discretionis
1192 4537 1371 4607 specie
1404 4538 1618 4592 sibimet
1651 4551 1875 4606 parcen-

295 4628 367 4680 do
426 4628 805 4697 aperfectioae
833 4628 1166 4697 languescat.
1219 4627 1343 4697 Agit
1383 4627 1521 4691 hate,
1547 4634 1654 4679 eta
1691 4624 1878 4680 mundi

296 4717 455 4785 hujus
497 4719 732 4788 inquieta
784 4718 1218 4788 concupiscentia
1259 4732 1317 4771 se
1347 4716 1561 4786 penitus
1588 4714 1878 4779 subtrahit,

293 4828 362 4865 ac
403 4820 738 4864 terrenarum
785 4810 1058 4865 actionum
1093 4809 1381 4878 strepitum
1429 4808 1652 4871 deserit,
1683 4815 1738 4862 et
1780 4820 1878 4875 per

296 4902 494 4968 quietis
550 4900 785 4955 studium
814 4901 1107 4956 virtutibus
1156 4901 1364 4954 intenta
1393 4898 1621 4968 vigilans
1649 4898 1874 4953 dormit.

298 4992 481 5061 Neque
519 4993 661 5048 enim
717 4993 783 5047 ad
815 4992 1223 5062 contemplanda
1280 4992 1487 5045 interna
1540 4989 1873 5060 perducitur,

296 5083 403 5137 nisi
448 5084 515 5136 ab
562 5084 643 5136 his
688 5100 807 5152 quae
860 5083 1096 5138 exterius
1142 5081 1423 5150 implicant
1469 5080 1711 5135 studiose
1750 5080 1878 5134 sub-

296 5173 561 5226 trahatur.
601 5171 735 5227 IIinc
763 5182 846 5227 est
878 5173 1040 5237 enim,
1078 5172 1222 5242 quod
1260 5186 1358 5240 per
1387 5170 1732 5239 semetipsum
1774 5170 1878 5226 Ve-

298 5264 433 5317 ritas
475 5263 641 5319 dicit:
673 5283 691 5314 ‹
728 5263 896 5318 Nemo
942 5272 1118 5332 potest
1145 5262 1351 5317 servire
1397 5262 1604 5317 duobus
1645 5260 1877 5315 dominis

293 5353 511 5417 (Matth.
539 5355 632 5425 vn).
670 5376 690 5406 ι
721 5354 855 5408 llinc
874 5353 1071 5408 Paulus
1099 5354 1175 5407 ait
1208 5372 1221 5406 :
1260 5373 1277 5404 ι
1306 5352 1476 5407 Nemo
1500 5352 1736 5407 militans
1766 5351 1877 5407 Deo

293 5444 536 5514 implicat
563 5460 621 5499 se
646 5445 875 5515 negotiis
899 5445 1247 5499 szecularibus
1274 5459 1288 5498 :
1316 5453 1373 5498 ut
1400 5445 1449 5499 ei
1473 5444 1678 5513 placeat
1701 5443 1787 5498 cui
1816 5458 1878 5500 se

290 5535 543 5607 probavit
566 5534 648 5606 (Il
682 5534 815 5589 Tim.
845 5534 927 5605 ιι).
960 5554 978 5584 ι

370 5622 526 5677 ΙΙοιΙι.
572 5644 590 5674 ς
624 5623 910 5679 Peccatum
936 5623 1179 5693 peccavit
1200 5612 1556 5688 Hierusalem,
1584 5633 1871 5693 propterea
1909 5666 1923 5680 .

299 5734 317 5765 ι
366 5714 628 5769 instabilis
652 5712 794 5768 facta
828 5722 928 5769 est.
972 5712 1172 5770 Omnes
1222 5715 1312 5784 qui
1355 5713 1724 5784 gloriﬁcabant
1749 5729 1869 5769 eam

1982 4551 2115 4590 rem.
2161 4532 2320 4590 Solus
2362 4536 2416 4590 in
2460 4550 2524 4590 ea
2554 4535 2916 4591 dominabitur
2964 4535 3249 4600 inimicus,
3304 4535 3555 4605 quoniam

1979 4627 2120 4682 Deus
2140 4641 2304 4682 verus
2329 4642 2449 4682 eam
2479 4628 2717 4684 deseruit
2746 4628 2969 4682 amicus.
3000 4627 3154 4683 Unde
3196 4627 3431 4681 maximo
3465 4627 3558 4681 do-

1979 4716 2093 4771 lore
2120 4718 2375 4782 contrita,
2403 4718 2786 4774 miserabiliter
2812 4720 2879 4773 ad
2907 4719 3072 4774 Deum
3100 4719 3314 4772 clamat.
3352 4736 3369 4767 ι
3402 4716 3557 4782 \‘ile,

1982 4809 2226 4874 Domine,
2257 4808 2595 4865 aﬂlictioncm
2626 4824 2822 4872 meam,
2844 4810 3098 4879 quoniam
3120 4818 3333 4864 erectus
3354 4816 3438 4861 est
3462 4808 3561 4860 ini-

1983 4901 2175 4957 micus.
2209 4921 2227 4954 ι
2255 4900 2410 4957 Nullo
2437 4903 2578 4957 enim
2599 4902 2699 4957 sibi
2716 4902 3030 4965 resistente,
3058 4903 3228 4956 hostis
3250 4901 3316 4953 de
3338 4898 3558 4953 victoria

1983 4992 2178 5063 gaudet
2205 4992 2440 5061 iniquus,
2482 5001 2536 5046 et
2561 4992 2627 5046 de
2656 4993 2894 5060 potentia
2925 5008 3019 5046 sua
3049 4999 3236 5045 contra
3276 4987 3558 5042 Dominum

1982 5085 2207 5155 erigitur
2234 5087 2512 5152 superbus,
2542 5084 2773 5153 prepriis
2794 5084 2897 5138 hoc
2918 5082 3183 5150 deputans
3203 5080 3430 5142 viribus,
3454 5094 3559 5132 non

1974 5172 2123 5242 justo
2144 5174 2348 5243 judicio
2376 5175 2501 5239 Dei,
2529 5173 2782 5242 quoniam
2803 5173 2957 5241 juxta
2982 5169 3320 5225 Psalmistam
3348 5185 3362 5221 :
3392 5189 3409 5220 ι
3444 5168 3560 5223 Non

1982 5271 2063 5316 est
2102 5264 2241 5316 Deus
2271 5263 2322 5314 in
2357 5268 2647 5329 conspectu
2681 5256 2818 5326 ejus.
2851 5258 3168 5313 Palluuntur
3210 5257 3306 5311 vite
3343 5254 3459 5323 ejus
3506 5256 3558 5310 in

1981 5351 2126 5405 omni
2170 5358 2449 5418 tempore:
2482 5345 2800 5401 auferuntur
2830 5345 3035 5415 judicia
3075 5344 3168 5399 Dei
3210 5359 3240 5398 a
3280 5343 3414 5398 facie
3447 5342 3561 5411 ejus

1981 5440 2157 5513 (ρεηι.
2192 5442 2290 5513 ις).
2331 5462 2348 5493 ι

2047 5532 2167 5585 lod.
2213 5551 2231 5581 ς
2270 5529 2482 5584 Manum
2524 5543 2675 5584 suam
2715 5530 2866 5587 misit
2892 5529 3064 5585 hostis
3102 5531 3171 5584 ad
3208 5528 3388 5584 omnia
3418 5528 3557 5583 desi-

1983 5647 2001 5673 ‹
2037 5622 2292 5678 derabilia
2320 5621 2435 5692 ejus
2463 5639 2475 5674 :
2501 5620 2627 5690 quia
2649 5620 2781 5673 vidit
2806 5630 2993 5688 gentes
3016 5620 3287 5690 ingressas
3310 5634 3426 5673 sent
3446 5626 3556 5671 tua-

1983 5731 1999 5762 ι
2040 5714 2176 5768 rium
2204 5728 2381 5775 atrum,
2407 5711 2473 5765 de
2495 5710 2687 5780 quibus
2720 5725 3057 5779 pneceperas
3094 5726 3158 5766 ne
3196 5711 3461 5765 intrarent
3506 5708 3556 5760 in
