3970 6190
546 366 677 425 “9|

1177 362 1237 417 B.
1277 356 1531 415 RABANl
1572 352 1786 411 MACRI
1823 350 2143 407 ARCHIRP.
2186 344 2491 406 MOGL'NT.
2528 324 2813 404 Oi’ERUM
2850 343 3027 403 PARS
3067 346 3153 401 lll.

3605 346 3705 407 i199.

548 504 565 535 ι
604 477 898 537 Ecclesiam
925 484 1088 530 tuam.
1129 493 1145 524 ι
1178 472 1403 541 Propter
1430 478 1648 541 peccata
1683 466 1862 538 populi
1897 464 2115 521 hostilis
2143 474 2191 533 Α
2289 462 2448 517 Mem.
2483 480 2503 513 ι
2539 460 2613 517 De
2640 461 2855 516 excelso
2885 459 3031 516 misit
3069 461 3245 530 ignem
3294 461 3343 513 in
3391 461 3574 517 ossibus
3595 467 3711 533 meis,

543 569 812 627 exercitus
837 563 1129 621 devastavit
1154 562 1406 632 templum
1436 558 1675 621 Domini,
1703 566 1758 612 et
1782 570 1995 612 omnem
2023 570 2119 608 or-

547 670 731 714 natum
763 656 878 725 ejus
902 653 1115 724 dejecit,
1144 652 1286 722 quod
1318 665 1416 705 nec
1448 648 1655 719 ingredi
1675 690 1688 709 ,
1721 662 1821 702 nec
1847 648 1900 700 in
1939 644 2118 713 aliquo

548 747 859 814 contingere
886 742 1085 797 debuit.
1118 740 1329 809 Repulit
1348 740 1491 793 enim
1518 738 1773 791 Dominus
1801 735 2120 789 tabernacu-

549 837 659 891 lum
683 849 858 898 suum,
890 835 941 887 in
966 847 1071 902 quo
1091 830 1353 885 habitavit
1374 829 1513 883 inter
1537 828 1803 891 homines,
1826 833 1880 881 et
1903 824 2120 877 tradidit

550 928 604 982 in
633 926 992 994 captivitatem
1023 925 1246 975 virtutes
1275 934 1479 983 eorum,
1507 927 1561 973 et
1581 914 2004 989 pulchritudines
2026 928 2120 968 co-

554 1034 672 1071 rum
700 1018 753 1070 in
782 1030 971 1069 manus
996 1013 1196 1068 inimici
1223 1030 1235 1065 :
1265 1020 1318 1066 et
1343 1009 1606 1066 conclusit
1644 1009 1700 1062 in
1742 1007 1918 1078 gladio
1963 1020 2122 1074 popu-

553 1107 663 1159 lum
689 1120 843 1159 suum
860 1140 875 1168 ,
902 1112 955 1158 et
986 1102 1355 1157 hiereditatem
1389 1114 1539 1154 suam
1562 1098 1782 1168 sprevit.
1813 1096 1918 1152 Sed
1941 1105 1996 1150 et
2026 1110 2125 1150 nos

556 1196 602 1250 si
657 1211 761 1250 non
811 1192 1276 1248 obscrvaverimus
1325 1189 1611 1260 diligenter
1659 1187 1891 1242 claustra
1949 1185 2126 1240 cordis

557 1283 749 1347 nostri,
777 1290 829 1336 et
859 1296 953 1350 per
975 1280 1203 1349 aliquem
1233 1293 1485 1334 sensuum
1515 1283 1818 1331 nostrorum
1843 1275 2011 1329 beatis
2032 1288 2127 1329 an-

560 1374 740 1441 tiquus
767 1379 1031 1441 patentem
1062 1368 1326 1423 invenerit
1363 1366 1642 1420 introitum
1662 1404 1677 1430 ,
1705 1364 2004 1435 ingreditur
2032 1378 2127 1433 per

559 1462 924 1531 suggestiones
970 1472 1165 1528 pravas
1221 1464 1277 1511 et
1313 1455 1528 1510 illicitas
1571 1453 2034 1523 concupiscentias
2074 1452 2128 1504 in

559 1530 853 1605 sacrarium
899 1548 1093 1602 animae
1133 1554 1361 1611 nostrae,
1390 1545 1482 1600 ubi
1517 1553 1702 1599 sancta
1726 1530 1984 1596 'Trinitas
2034 1556 2135 1610 per

562 1641 718 1694 ﬁdem
741 1653 923 1692 veram
948 1637 1195 1691 habitare
1223 1635 1614 1699 consuevit,.et
1642 1631 1835 1701 spoliat
1869 1630 1998 1685 illud
2036 1631 2134 1683 de-

558 1745 685 1785 core
711 1728 1010 1797 sapientize,
1038 1734 1093 1781 et
1121 1732 1313 1781 ornatu
1333 1726 1612 1788 virtutum,
1640 1723 1947 1792 erimusque
1971 1721 2136 1776 mise-

561 1823 759 1877 rabiles
783 1829 836 1875 et
864 1819 1007 1874 omni
1039 1816 1352 1873 confusione
1371 1815 1692 1887 dignissimi.

633 1913 799 1981 Capit.
838 1931 857 1962 ‹
889 1910 1076 1965 Omnis
1110 1906 1337 1980 populus
1370 1908 1488 1977 ejus
1515 1918 1765 1978 gemens,
1797 1913 1853 1959 et
1888 1919 2139 1974 quaerens

580 2022 598 2053 ι
632 2017 843 2071 panem.
872 2001 1142 2055 Dederunt
1162 1997 1397 2068 pretiosa
1426 2008 1652 2065 quaeque
1673 2008 1773 2064 pro
1797 1993 1937 2058 cibo,
1968 1992 2033 2047 ad
2062 2008 2142 2048 re-

566 2109 587 2142 c
620 2089 953 2145 fociliandam
984 2087 1238 2142 animam.
1269 2085 1400 2141 Vide
1419 2123 1433 2150 ,
1464 2082 1706 2150 Domine,
1742 2090 1800 2139 et
1831 2083 2137 2147 considera,

568 2202 588 2234 ε
623 2182 875 2253 quoniam
913 2178 1056 2234 facta
1086 2192 1204 2233 sum
1237 2176 1379 2231 vilis.
1418 2194 1437 2228 ι
1469 2173 1681 2242 Quanta
1718 2171 1858 2227 mala
1887 2179 2045 2241 passa
2069 2171 2142 2226 sit

567 2286 699 2344 gens
717 2269 1043 2334 Judteorum,
1066 2267 1120 2322 in
1150 2265 1315 2332 fame,
1340 2264 1667 2336 pestilentia,
1690 2270 1746 2317 et
1770 2261 1943 2326 clade,
1971 2258 2138 2315 divini

561 2368 837 2431 exponunt
862 2359 985 2414 libri
1013 2366 1068 2413 et
1085 2356 1303 2428 Josephi
1326 2370 1434 2412 non
1458 2362 1604 2409 tacet
1632 2353 1875 2409 historia.
1905 2351 2139 2421 Spirita-i

566 2450 689 2505 liter
716 2463 844 2503 vero
882 2462 980 2518 per
1010 2460 1233 2517 panem,
1267 2443 1577 2515 iucunditas
1621 2443 1871 2498 humana
1909 2439 2141 2495 delecta-

573 2544 735 2600 tionis
763 2542 1036 2612 recipitur.
1077 2537 1229 2595 Uude
1265 2544 1320 2591 et
1358 2550 1503 2590 nunc
1540 2534 1808 2604 Propheta
1855 2546 1978 2586 cum
2016 2545 2153 2602 syn—.

575 2649 756 2707 agogae
774 2634 1013 2703 perditos
1024 2644 1201 2685 mores
1216 2626 1455 2693 deﬁeret,
1480 2625 1647 2680 dixit:
1668 2642 1687 2675 ι
1708 2623 1896 2680 Omnis
1916 2622 2142 2693 populus

567 2724 684 2793 ejus
708 2738 926 2794 gemens
945 2730 1002 2776 et
1022 2733 1269 2791 qumreus
1289 2731 1502 2789 panem.
1525 2734 1544 2767 ι
1562 2715 1732 2769 Prava
1753 2714 1950 2784 quippe
1967 2713 2142 2769 homi-

569 2830 696 2868 num
724 2810 1006 2867 multitudo
1026 2808 1297 2881 al'iligitur,
1321 2807 1446 2878 quia
1470 2819 1577 2860 non
1599 2804 1667 2859 ad
1688 2811 1896 2869 votum,
1915 2803 1983 2858 de
2005 2817 2144 2873 prte-

573 2902 741 2957 sentis
770 2902 891 2955 vita:
908 2899 1244 2970 jucunditate
1268 2898 1516 2963 satiatur,
1539 2895 1634 2951 sed
1653 2902 1708 2949 et
1734 2895 1965 2964 pretiosa
1997 2907 2143 2964 qum-

571 3012 675 3067 que
711 3011 806 3067 pro
838 2996 960 3050 cibo
998 2994 1090 3048 dat
1119 3010 1132 3047 :
1166 2992 1292 3063 quia
1325 2991 1554 3046 virtutes
1580 2988 1779 3045 mentis
1813 2987 1869 3041 in
1902 2986 2142 3057 appetitu

567 3086 894 3141 transitorios
921 3081 1293 3138 delectationis
1321 3079 1572 3143 inclinat,
1613 3085 1669 3134 et
1699 3075 1987 3133 reiecillari
2027 3074 2142 3129 ani~

2228 570 2247 604 ι
2284 560 2340 606 et
2365 551 2595 606 erudivit
2619 566 2726 605 me.
2766 551 3033 620 Expendit
3078 560 3193 605 rete
3234 550 3441 619 pedibus
3465 553 3593 619 meis,
3616 569 3711 610 oon.

2229 661 2248 693 r
2282 643 2447 698 vertit
2476 657 2561 697 me
2590 650 2906 697 retrorsum.
2933 639 3119 696 Posuit
3150 657 3237 695 me
3263 642 3527 697 desolatam
3550 654 3635 700 tota
3654 647 3717 703 die

2232 752 2250 784 ι
2288 748 2521 787 maerore
2554 732 2874 787 confectam.
2908 751 2926 783 ι
2959 731 3113 797 Quod
3139 731 3206 784 de
3231 731 3366 801 cmlo
3388 732 3570 787 misisse
3588 734 3715 804 ignem

2228 825 2280 879 in
2310 823 2522 879 ossibus
2552 822 2669 892 ejus
2702 822 2778 876 ait
2808 841 2820 875 :
2853 834 3146 891 supernam
3187 821 3462 876 vindictam
3498 836 3596 878 esse
3631 827 3719 879 insi

2229 926 2377 978 nuat,
2416 928 2535 983 quae
2561 926 2654 968 eos
2693 914 2918 967 internis
2943 912 3240 967 cruciando
3274 914 3554 982 castigavit,
3580 925 3719 984 quate-

2231 1017 2332 1056 nus
2374 1008 2728 1071 agnoscerent
2772 1000 2856 1054 cui
2899 1002 3046 1054 omni
3100 1005 3263 1055 modo
3300 1000 3473 1069 subjici
3511 1004 3717 1068 deberent,

2229 1101 2344 1148 rete
2371 1092 2593 1162 pedibus
2612 1092 2723 1146 suis
2744 1092 3019 1160 expandit,
3042 1092 3174 1161 quia
3196 1107 3290 1148 eos
3310 1094 3597 1162 voluptatem
3614 1112 3719 1149 suam

2231 1199 2401 1255 usque
2445 1184 2516 1239 ad
2560 1184 2719 1238 linem
2752 1184 2876 1237 vita
2906 1183 3061 1251 sequi
3091 1198 3201 1237 non
3232 1183 3480 1252 permisit.
3516 1184 3722 1238 Convertit

2232 1291 2326 1331 eos
2350 1283 2642 1330 retrorsum
2662 1314 2677 1338 ,
2706 1280 2768 1329 ut
2797 1274 3039 1327 dolorem
3065 1286 3169 1342 pro
3194 1272 3398 1327 luxuria
3428 1275 3667 1338 sentirent,
3687 1287 3724 1329 et

2235 1368 2457 1423 desolati
2516 1368 2809 1422 amicorum
2859 1365 3086 1431 solatio,
3139 1364 3335 1420 malum
3379 1365 3506 1435 quod
3549 1367 3723 1422 fecerant

2234 1458 2380 1512 omni
2414 1466 2654 1526 tempore
2679 1457 2805 1510 vitae
2839 1454 2983 1509 inter
3007 1454 3202 1510 hostes
3233 1455 3541 1524 plangerent.
3562 1455 3725 1526 Mystire

2237 1554 2416 1601 autem
2443 1545 2624 1599 anima
2647 1544 2885 1614 peccatis
2909 1543 3146 1600 obnoxia
3174 1545 3298 1599 dum
3321 1561 3412 1615 pro
3437 1546 3722 1614 iniquitatibus

2238 1638 2350 1694 suis
2378 1652 2410 1691 a
2444 1635 2671 1691 Domino
2696 1636 2988 1707 corripitur
3005 1675 3022 1701 ,
3054 1636 3103 1691 si
3132 1636 3396 1692 introrsus
3423 1637 3603 1691 rediens
3622 1636 3724 1690 salua

2236 1729 2324 1785 bri
2355 1724 2539 1785 dolore
2580 1729 2997 1800 compungitur,
3044 1729 3367 1783 abstinendo
3406 1741 3459 1783 se
3494 1743 3522 1782 a
3554 1730 3723 1799 peccatis

2171 1814 2212 1869 Β
2241 1830 2450 1872 omnem
2480 1816 2663 1871 luxum
2687 1817 2971 1887 pristinum
3013 1816 3071 1871 in
3098 1815 3349 1885 lacrymis
3376 1817 3537 1881 vertit,
3558 1825 3603 1869 et
3622 1824 3724 1869 tanto

2239 1906 2435 1964 fortius
2472 1907 2890 1980 constringde
2936 1908 3288 1977 semetipsum
3329 1906 3545 1977 plangit,
3584 1916 3724 1976 quanto

2239 1998 2415 2056 laxius
2434 2015 2532 2071 per
2565 2000 2715 2055 varia
2743 1999 3012 2055 desideria
3041 2014 3104 2054 se
3133 1999 3335 2055 diutius
3363 2013 3553 2053 errasse
3576 1998 3721 2051 recolit

2314 2089 2461 2144 Nam.
2523 2108 2543 2141 ε
2596 2088 2882 2160 Evigilavit
2931 2087 3124 2159 jugum
3183 2088 3505 2156 iniquitatum
3551 2101 3721 2142 mearum

2246 2203 2267 2236 ί
2304 2185 2358 2240 in
2398 2200 2557 2238 manu
2586 2181 2724 2252 ejus,
2761 2181 3060 2238 convoluta:
3104 2191 3233 2237 sunt
3280 2188 3332 2236 et
3376 2180 3600 2251 impositae
3632 2180 3723 2233 collo

2247 2295 2267 2330 ι
2305 2291 2446 2333 meo.
2479 2274 2753 2331 Inﬁrmata
2785 2285 2868 2331 est
2892 2275 3069 2329 virtus
3108 2290 3250 2339 mea,
3287 2274 3516 2327 deditme
3537 2271 3723 2327 Dominus

2248 2385 2267 2419 ι
2302 2368 2357 2421 in
2403 2382 2564 2422 manu
2585 2407 2600 2423 .
2626 2367 2691 2421 de
2717 2380 2821 2436 qua
2852 2380 2957 2420 non
2994 2374 3188 2434 potero
3229 2378 3453 2434 mrgere.
3486 2381 3502 2414 ι
3533 2360 3722 2428 Evigilare

2233 2455 2422 2528 jugum
2465 2456 2809 2525 iniquit‘atum
2849 2468 3076 2509 suarum
3121 2454 3175 2508 in
3216 2468 3377 2507 manu
3400 2452 3580 2506 Domini
3602 2451 3719 2505 dicit:

2242 2549 2367 2618 quia
2389 2555 2600 2618 tempus
2620 2547 2709 2603 diu
2732 2544 2923 2601 delata:
2940 2545 3197 2601 vindicta:
3220 2546 3422 2600 tandem
3443 2545 3487 2598 in
3506 2558 3601 2598 eam
3618 2542 3723 2596 advr-

2240 2637 2340 2692 nit.
2366 2636 2529 2705 Quasi
2559 2636 2794 2691 dormire
2822 2635 2967 2690 enim
3001 2643 3092 2689 est
3130 2635 3183 2690 in
3211 2648 3427 2704 corpore
3449 2632 3652 2701 nequitia:
3670 2645 3724 2683 se

2242 2744 2371 2786 cure
2398 2737 2453 2784 et
2483 2727 2743 2800 imponite
2765 2727 3048 2796 quiescere
3076 2741 3092 2780 :
3120 2734 3175 2782 et
3198 2726 3345 2797 quasi
3376 2724 3566 2793 vigilare
3582 2730 3645 2777 est
3660 2737 3721 2790 pro

2243 2818 2530 2874 commisso
2574 2815 2785 2887 piaculo
2830 2828 3017 2885 poenas
3070 2814 3289 2869 ultionis
3333 2813 3578 2868 sentiendo
3611 2808 3722 2864 susti-

2242 2923 2373 2966 nere
2399 2924 2414 2962 :
2445 2908 2587 2963 unde
2612 2905 2925 2962 convolutas
2948 2913 3005 2960 et
3027 2906 3311 2976 impositas
3336 2904 3460 2960 collo
3483 2915 3565 2959 suo
3588 2898 3721 2968 iniqui-

2242 3007 2383 3055 tates
2404 3012 2529 3054 suas
2558 2997 2776 3060 asserit,
2815 3011 2914 3065 pro
2955 3011 3069 3065 quo
3095 2996 3249 3064 vigor
3273 2995 3471 3048 virtutis
3513 2991 3609 3059 ejus
3627 2986 3692 3042 dei
3707 3008 3722 3025 ε

2242 3089 2421 3147 eerit:
2459 3089 2586 3158 quia
2635 3086 2907 3143 cumulum
2955 3092 3342 3156 peccatorum,
3390 3097 3496 3154 quae
3544 3081 3722 3135 diuturn)

568 3191 710 3230 mam
740 3175 960 3239 nititur,
995 3174 1119 3250 quia
1155 3171 1427 3242 perversis
1477 3170 1588 3224 suis
1615 3167 1895 3223 desideriis
1925 3164 2142 3221 satisfa-
2167 3192 2212 3254 ρ
2245 3189 2487 3249 tempore
2515 3177 2681 3231 variis
2710 3175 3234 3246 ιηηεςτεεείοηίδυε
3264 3172 3479 3243 mnes“,
3503 3168 3721 3239 opprimere

566 3280 691 3320 cere
719 3275 965 3319 conatur.
995 3247 1151 3318 Unde
1173 3261 1309 3315 bene
1328 3273 1451 3315 mox
1475 3273 1607 3315 voce
1637 3258 1781 3312 illius
1806 3257 1990 3312 electa:
2010 3254 2144 3309 inul-

566 3352 810 3410 titudinis
831 3353 1077 3408 subditur
1099 3370 1112 3406 :
1134 3370 1155 3402 ‹
1182 3350 1597 3414 Vide,Domine,
1613 3358 1667 3404 et
1688 3348 1995 3412 considera,
2015 3346 2141 3418 quia

567 3443 745 3498 factus
782 3459 898 3497 sum
939 3441 1078 3496 vilis.
1114 3458 1134 3492 ι
1163 3440 1298 3495 Vilis
1336 3439 1533 3509 quippe
1571 3438 1723 3509 plebs
1761 3438 1858 3493 Dei
1896 3435 2138 3501 edicitur,

568 3534 784 3601 quando
830 3545 1120 3601 pravorum
1174 3544 1398 3584 numero
1453 3538 1731 3584 crescente
1777 3528 1832 3583 in
1874 3528 1986 3594 eis,
2036 3542 2144 3583 non

570 3637 777 3676 summa
808 3630 863 3676 et
885 3620 1146 3685 coelestia,
1180 3621 1277 3676 sed
1312 3618 1521 3688 abiecta
1550 3627 1605 3675 et
1636 3627 1849 3674 terrena
1884 3626 2141 3675 sectatur.

640 3713 857 3768 Lamed.
892 3732 910 3763 ‹
938 3711 983 3767 Ο
1003 3728 1100 3767 vos
1125 3727 1335 3778 omnes,
1365 3712 1459 3781 qui
1488 3711 1730 3767 transitis
1756 3725 1853 3781 per
1886 3711 2048 3775 viam,
2070 3717 2147 3765 at-

574 3824 592 3856 ι
631 3805 832 3859 tendite
868 3813 924 3859 et
957 3804 1167 3870 videte,
1212 3804 1258 3857 si
1286 3812 1372 3858 est
1408 3802 1561 3859 dolor
1589 3804 1730 3858 sicut
1771 3801 1924 3857 dolor
1969 3800 2140 3857 meus.

575 3914 592 3947 ε
631 3896 895 3962 Quoniam
922 3893 1271 3949 vindemiavit
1294 3908 1398 3956 me,
1432 3902 1490 3947 ut
1524 3893 1733 3948 locutus
1765 3901 1850 3948 est
1890 3892 2146 3947 Dominus

575 4006 592 4036 ι
630 3987 683 4039 in
713 3987 799 4041 die
828 3986 923 4040 ine
952 3984 1150 4040 luroris
1190 3984 1295 4040 sui.
1334 4002 1353 4036 ι
1387 3982 1671 4054 Proprium
1700 3990 1787 4039 est
1822 3982 1925 4037 hoc
1956 3980 2143 4036 dolen-

570 4078 699 4132 tium
722 4085 783 4130 ut
801 4076 1041 4132 laborem
1081 4090 1236 4130 suum
1255 4088 1320 4129 eo
1338 4072 1596 4142 majorem
1620 4072 1829 4128 caeteris
1856 4071 2140 4135 aestiment,

566 4191 675 4245 quo
697 4175 924 4230 aliorum
943 4173 1252 4244 passionem
1278 4186 1386 4226 non
1406 4176 1769 4240 cognoscunt:
1794 4166 1919 4237 quia
1940 4172 2143 4236 quanto

568 4267 744 4337 magis
768 4266 1009 4321 dolorem
1034 4279 1191 4319 suum
1230 4262 1497 4327 sentiunt,
1528 4270 1677 4316 tanto
1706 4259 1885 4314 minus
1918 4257 2143 4312 aliorum

569 4357 695 4411 huic
727 4354 1002 4425 adaquari
1038 4352 1399 4409 consentiunt.
1432 4350 1777 4406 Vindemiare
1806 4348 1858 4402 in
1886 4347 1973 4402 die
2003 4344 2147 4401 iuro-

570 4446 646 4500 ris
676 4445 758 4498 sui
785 4444 904 4499 illos
936 4444 1211 4498 dominum
1236 4441 1367 4496 dicit
1391 4459 1405 4495 :
1430 4441 1556 4510 quia
1590 4439 1813 4511 iustitiae
1841 4452 2026 4493 norma
2063 4435 2146 4490 di-

569 4542 772 4598 ctante,
804 4534 1003 4589 laboris
1034 4534 1118 4589 sui
1142 4533 1375 4587 {metum
1389 4531 1503 4601 jam
1532 4545 1627 4586 eos
1657 4537 1860 4585 metere
1884 4530 2141 4585 decrevit.
2170 4567 2223 4627 Β

570 4622 677 4678 Sed
700 4623 802 4677 hoc
828 4621 1275 4677 considerandum
1307 4629 1421 4687 est,
1456 4635 1625 4692 quare
1650 4635 1745 4676 eos
1781 4629 2019 4686 tantum,
2050 4617 2143 4688 qui

569 4722 849 4769 transeunt
875 4713 1017 4767 viam
1053 4713 1122 4767 ad
1150 4711 1519 4782 aspiciendum
1550 4711 1788 4766 dolorem
1820 4724 1975 4765 suum
2007 4710 2145 4763 invi-

568 4810 663 4858 tet.
713 4801 815 4869 Qui
864 4801 1007 4856 enim
1058 4811 1381 4870 praesentem
1426 4800 1593 4855 vitam
1641 4815 1748 4856 non
1799 4798 1952 4869 quasi
2000 4799 2142 4852 viam

567 4902 884 4960 transeunt,
937 4892 1033 4947 sed
1079 4892 1233 4962 quasi
1275 4892 1342 4946 ad
1377 4892 1609 4962 patriam
1656 4892 1909 4954 tendunt,
1940 4889 2141 4944 luctum

564 4986 745 5043 contis
779 4984 1077 5040 electorum
1109 4984 1458 5040 considerare
1484 4984 1750 5039 nesciunt.
1786 4982 1907 5036 llius
1931 4996 2059 5052 ergo
2084 4991 2143 5036 ut

562 5078 801 5133 dolorem
848 5092 1005 5133 suum
1054 5077 1396 5133 considerent
1435 5075 1712 5145 exquirit,
1759 5090 1893 5145 quos
1937 5076 1991 5129 in
2040 5075 2143 5130 hoc

564 5167 764 5222 mundo
804 5168 1029 5240 contigit
1065 5168 1299 5223 animam
1330 5183 1436 5223 non
1469 5166 1671 5223 ﬁxisse.
1704 5166 1842 5222 Hinc
1869 5181 1968 5236 por
1991 5166 2143 5222 Suio-

565 5272 777 5312 moncm
813 5258 1053 5313 dicitur:
1090 5278 1107 5310 ι
1144 5258 1308 5329 Aperi
1353 5274 1415 5314 es
1461 5266 1610 5312 tuum
1653 5266 1822 5323 muto,
1862 5264 1918 5312 et
1964 5256 2142 5312 causis

563 5350 801 5403 omnium
841 5349 1073 5405 ﬁliorum
1119 5350 1210 5419 qui
1259 5357 1537 5405 transeunt
1586 5349 1766 5421 (Prov.
1801 5348 1973 5420 xxxi).
2009 5347 2141 5403 Muti

565 5439 707 5491 cnim
729 5438 979 5494 dicuntur
997 5440 1088 5509 qui
1110 5440 1518 5509 praedicatorum
1541 5440 1718 5495 verbis
1738 5438 1965 5494 dicendo
1988 5439 2143 5493 mini—

567 5542 653 5583 me
695 5531 991 5597 resistunt,
1032 5531 1123 5600 qui
1167 5532 1343 5615 etiam
1362 5539 1799 5601 pertranseuntes
1831 5535 1987 5595 sunt,
2017 5530 2142 5600 quia

570 5619 919 5675 intentionem
956 5622 1155 5677 mentis
1190 5622 1244 5677 in
1281 5637 1468 5678 amore
1510 5624 1634 5679 vitae
1670 5622 1952 5693 praesentis
1979 5622 2142 5693 [igere

568 5709 939 5780 dedignantur.

2247 3284 2305 3326 se
2341 3275 2396 3324 et
2436 3267 2707 3322 inﬁrmum
2754 3264 2932 3320 facere
2977 3265 3168 3320 sentit.
3217 3262 3365 3319 Unde
3401 3261 3614 3329 scriptum
3641 3262 3719 3309 est:

2245 3360 2485 3431 Funibus
2519 3366 2864 3429 peccatorum
2896 3368 3122 3412 suorum
3164 3354 3509 3424 unusquisque
3535 3345 3721 3403 mnstriu-

2246 3451 2390 3522 gitur
2412 3449 2431 3515 (
2454 3448 2613 3503 Prov.
2639 3448 2727 3518 v);
2753 3447 2880 3517 quia
2918 3446 3201 3501 districtus
3232 3444 3408 3513 judex,
3441 3440 3612 3494 facinus
3628 3432 3722 3504 quod

2245 3556 2346 3612 per
2368 3540 2734 3612 penitentiam
2760 3553 2866 3593 non
2891 3538 3210 3609 corrigitur,
3234 3535 3446 3590 inultum
3464 3545 3565 3586 esse
3584 3539 3721 3592 tiqu

2247 3647 2407 3702 quam
2438 3631 2657 3701 patitur.
2687 3628 2764 3684 De
2792 3642 2901 3698 quo
2936 3627 3109 3682 etiam
3138 3628 3193 3683 in
3228 3626 3328 3681 Job
3353 3623 3561 3695 legitur:
3591 3634 3605 3668 ι
3634 3613 3720 3667 liui-

2245 3721 2356 3775 lum
2399 3728 2680 3790 peccatum
2732 3718 3059 3789 impunitum
3106 3716 3342 3772 dimittit.
3384 3732 3400 3764 ι
3431 3707 3562 3779 Quod
3600 3711 3719 3758 autem

2245 3810 2528 3882 sequitur:
2560 3826 2579 3862 α
2612 3809 2768 3865 Dedit
2794 3824 2880 3863 me
2910 3808 3174 3863 Dominus
3204 3806 3257 3861 in
3286 3818 3434 3861 manu
3468 3803 3525 3856 de
3553 3810 3631 3867 qua
3650 3803 3719 3845 non

2246 3912 2437 3976 potero
2487 3915 2738 3973 surgere,
2785 3920 2806 3954 ι
2857 3901 2961 3956 hoc
3011 3901 3130 3957 sive
3180 3898 3400 3954 validam
3448 3891 3719 3976 captivitatm

2246 3973 2651 4059 Ulialdmorum,
2689 4006 2781 4047 seu
2812 3990 3182 4046 Romanorum
3224 3989 3375 4043 nimis
3399 3983 3581 4039 Judmos
3595 3973 3720 4045 oppri

2246 4093 2484 4140 mentem
2514 4083 2768 4139 ostendit.
2811 4081 3144 4153 Spiritaliter
3187 4088 3357 4137 autem
3396 4075 3591 4133 indicat,
3624 4059 3718 4153 quad

2246 4186 2489 4233 extremo
2517 4174 2681 4239 ultio,
2723 4149 2975 4241 omnibus
3004 4172 3185 4242 impiis
3212 4181 3267 4225 ct
3290 4160 3613 4239 peccatoribus
3640 4149 3719 4207 iui.

2246 4270 2373 4324 niue
2400 4266 2825 4329 calamitatissit
2843 4305 2858 4329 ,
2886 4278 2985 4319 nec
3017 4263 3306 4333 aliquando
3325 4276 3355 4314 a
3373 4248 3618 4314 cruciando
3639 4256 3718 4333 mtt-

2246 4358 2401 4413 lestia
2437 4365 2610 4413 cesset
2640 4373 2656 4412 :
2687 4355 2811 4425 quia
2841 4355 2896 4409 in
2937 4332 3302 4411 exterioribus
3341 4344 3551 4405 tenebris
3581 4332 3719 4390 vermis

2247 4448 2535 4517 impiorum
2581 4461 2687 4500 non
2733 4447 2995 4511 moritur,
3025 4454 3084 4500 et
3112 4444 3249 4516 ignis
3273 4455 3373 4497 non
3400 4432 3717 4502 exstinguat!“

2247 4540 2338 4596 ubi
2367 4540 2458 4607 qui
2489 4537 2653 4593 semel
2679 4537 2979 4608 ingreditur
2998 4535 3221 4591 ulterius
3239 4532 3346 4604 jam
3365 4525 3523 4599 egredi
3540 4536 3622 4575 ηοη

2249 4603 2499 4687 mitti—tur.
2526 4630 2679 4697 Quod
2710 4603 2823 4698 ipsa
2850 4628 3063 4685 Veritas
3088 4630 3140 4683 in
3171 4603 3444 4690 Evangelia
3464 4603 3717 4698 ostendildi‘

2248 4737 2381 4779 cens
2416 4735 2430 4774 :
2467 4739 2486 4771 ι
2522 4720 2650 4776 Esto
2689 4697 3032 4775 consentiens
3062 4716 3365 4775 adversario
3398 4720 3479 4765 tuo
3500 4697 3716 4764 cito.dum

2248 4827 2307 4867 es
2336 4812 2388 4865 in
2425 4811 2509 4864 via
2541 4826 2661 4866 cum
2691 4824 2778 4873 eo,
2807 4824 2875 4864 ne
2903 4808 3042 4864 ferte
3071 4810 3248 4863 tradat
3274 4816 3321 4862 te
3350 4794 3637 4858 adversarius
3662 4785 3717 4852 ill‘

2250 4902 2375 4965 dici,
2396 4911 2454 4955 et
2465 4900 2628 4968 iudex
2652 4902 2829 4956 tradat
2854 4909 2907 4956 te
2934 4902 3202 4964 ministro,
3227 4905 3281 4953 et
3308 4899 3356 4951 in
3384 4898 3611 4949 carcerem
3632 4876 3715 4932 miti

2246 4993 2398 5048 taris.
2422 4993 2588 5048 Amen
2614 4992 2736 5047 dico
2756 4991 2849 5047 tibi
2872 5008 2979 5048 non
3001 4994 3150 5047 exies
3174 4991 3291 5045 inde
3311 4987 3464 5043 donec
3484 4976 3635 5034 reddas
3654 4978 3716 5020 "0‘

2246 5085 2525 5140 rissimum
2551 5084 2904 5153 quadrantem
2945 5082 3161 5155 (Matth.
3190 5079 3263 5150 v).
3300 5097 3316 5129 ι
3348 5057 3714 5143 Quemadmodum

2247 5185 2376 5247 ergo
2400 5174 2474 5229 ibi
2502 5174 2833 5245 intelligitur,
2865 5174 2955 5230 ubi
2987 5174 3185 5229 dictum
3212 5179 3326 5226 est:
3360 5187 3378 5219 ‹
3408 5163 3601 5247 Oportet
3629 5160 3713 5204 eum

2248 5244 2504 5337 regnare,
2545 5265 2716 5320 donec
2744 5275 2910 5335 ponat
2934 5278 3120 5320 omnes
3144 5260 3379 5317 inimicos
3403 5265 3512 5310 suos
3532 5244 3617 5301 sub
3645 5248 3710 5307 Pe‘

2247 5358 2401 5412 dibus
2426 5358 2538 5411 suis
2577 5354 2627 5424 (Ι
2673 5354 2793 5409 Cor.
2843 5355 2958 5425 xv),
3000 5368 3209 5424 semper
3249 5351 3386 5406 illum
3426 5337 3709 5425 Tagum”?

2247 5446 2500 5514 quoniam
2540 5420 2752 5514 semper
2786 5444 2859 5498 illi
2891 5420 3051 5498 erunt
3090 5420 3285 5497 inimici
3314 5437 3405 5491 sub
3434 5424 3630 5514 pedibus

2245 5508 2302 5589 ἐι
2337 5535 2425 5590 hic
2452 5534 2623 5603 accipi
2649 5508 2826 5603 potest
2848 5534 3071 5597 dictum,
3103 5552 3121 5583 ι
3143 5530 3253 5585 Non
3282 5526 3417 5582 exies
3441 5516 3560 5576 inde.
3586 5508 3708 5603 de?“

2241 5621 2419 5677 solvas
2439 5595 2789 5678 novissimum
2817 5595 3191 5692 quadrantem,
3218 5638 3237 5669 ι
3261 5626 3452 5682 semper
3466 5616 3553 5661 non
3574 5595 3703 5653 exllu‘

2241 5728 2360 5768 rum
2372 5728 2514 5779 esse,
2529 5713 2882 5782 quiasemper
2897 5712 3055 5768 solvit
3068 5708 3394 5767 novissimum
3414 5692 3700 5768 quadrantem
