3970 6190
258 320 401 378 H95

1114 314 1479 374 EXFOS‘ITIO
1521 317 1743 373 SL‘PER
1781 311 2147 373 JEREMIAM.
2188 349 2254 357 ——
2293 316 2419 373 ΗΒ.
2454 316 2636 375 XVI“.

3362 320 3499 379 “1.35

251 434 377 492 dum
434 432 791 503 sempiternas
848 446 1035 500 pinnas
1086 440 1418 484 terrenorum
1478 437 1822 498 peccatorum
1850 434 1897 488 Α
1926 440 2119 497 punias
2147 427 2426 497 condignae
2456 429 2703 484 vindicta:
2730 430 2876 485 luere
2902 430 3049 485 facit.
3072 431 3221 487 Unde
3250 441 3304 488 et
3332 437 3507 505 sequi-

249 523 369 581 luit.

322 617 564 674 Samech.
594 636 612 668 ι
648 615 884 671 Abstulit
908 630 1098 670 omnes
1124 612 1436 686 magnificos
1466 628 1615 669 meos
1644 612 1828 667 Domi-

256 728 274 759 ε
311 724 413 764 nus
438 708 505 763 de
541 707 717 762 medio
739 707 865 771 mei,
892 706 1105 760 vocavit
1143 706 1429 760 adversum
1472 719 1557 758 me
1596 713 1823 773 tempus,

256 820 273 852 ι
309 809 367 854 ιιι
409 804 716 854 contereret
759 797 960 852 electos
1002 812 1170 851 meos.
1215 795 1521 851 n‘Abstulit
1570 794 1828 853 Dominus

249 891 563 963 magnificos
603 888 772 960 plebis
817 887 1052 945 Judaicae
1102 889 1157 943 in
1207 895 1445 958 tempore
1497 887 1828 958 captivitatis

249 998 379 1044 sum,
404 981 620 1053 quando
644 981 935 1051 prophetas
961 991 1016 1036 et
1046 980 1374 1046 sacerdotes,
1396 995 1624 1050 quorum
1652 994 1754 1050 ope
1774 988 1830 1035 et

248 1072 491 1127 doctrina
532 1069 765 1125 maxime
798 1073 1083 1126 sustentati
1122 1079 1276 1135 sunt,
1308 1078 1530 1140 propter
1567 1069 1828 1124 malitiam

240 1179 433 1220 eorum
465 1174 519 1219 et
548 1163 812 1219 scelerum
843 1162 1270 1226 multitudinem,
1307 1162 1449 1233 apud
1481 1161 1600 1216 illos
1629 1162 1829 1217 habere

248 1268 354 1309 non
388 1255 664 1325 permisit,
694 1254 834 1308 sicut
871 1252 1134 1323 propheta
1161 1250 1346 1306 Daniel
1377 1252 1432 1305 in
1458 1250 1702 1307 oratione
1733 1265 1826 1304 sua

248 1353 501 1409 testatur,
528 1343 712 1399 dicens
738 1361 750 1396 :
785 1360 804 1395 ι
843 1343 1089 1409 Domine,
1121 1358 1225 1397 non
1256 1350 1340 1398 est
1366 1342 1422 1397 in
1453 1352 1695 1412 tempore
1725 1341 1827 1395 hoc

247 1435 515 1505 princeps,
542 1449 643 1488 nec
668 1434 925 1504 propheta
959 1441 1014 1489 et
1055 1430 1184 1499 dux,
1228 1449 1402 1503 neque
1434 1433 1825 1495 holocaustum,

246 1538 426 1594 neque
448 1523 796 1586 sacrificium,
822 1536 995 1593 neque
1024 1521 1326 1587 incensum,
1352 1537 1526 1593 neque
1546 1521 1699 1577 locns
1718 1522 1830 1590 pri-

248 1613 525 1669 mitiarum
555 1626 739 1668 coram
770 1621 841 1678 te,
868 1619 929 1667 ut
954 1611 1228 1683 possimus
1255 1612 1496 1667 invenire
1523 1611 1830 1666 misericor-

1935 527 2040 571 tur.
2081 538 2097 567 ι
2127 517 2189 571 Et
2217 517 2404 572 oculus
2428 534 2582 573 meus
2609 520 2881 576 deducens
2918 536 3114 589 aquam
3138 514 3305 591 :quia
3345 524 3505 595 longe

1928 608 2103 664 factus
2152 619 2237 664 est
2285 625 2315 664 a
2372 624 2457 663 me
2508 611 2840 675 consolator,
2898 623 3219 669 convertens
3268 617 3504 671 animam

1929 716 2123 757 meam.
2157 700 2305 756 Facti
2334 710 2458 756 sunt
2487 701 2580 756 lilii
2610 703 2714 758 mei
2743 696 2959 773 perditi,
2990 706 3244 775 quoniam
3281 706 3507 764 invaluit

1928 790 2198 846 inimicus.
2249 811 2267 843 ι
2312 791 2436 846 ldeo
2479 806 2690 861 quoque
2735 793 2891 847 fletus
2934 792 3121 865 ingens
3167 796 3362 851 anitum
3404 796 3503 851 do-

1928 882 2090 938 lentis
2119 883 2462 948 describitur,
2498 883 2623 953 quia
2666 894 2786 953 post
2830 900 3022 941 vanam
3065 886 3304 942 laetitiam
3344 886 3504 956 hujus

1929 973 2110 1027 mundi
2143 972 2320 1028 omnis
2356 973 2652 1028 consolatio
2673 977 2956 1043 praesentis
2981 977 3104 1031 vita:
3133 978 3205 1032 illi
3238 977 3501 1040 aufermr.

1926 1061 2135 1118 fruetus
2164 1062 2429 1118 malorum
2465 1078 2689 1133 operum
2730 1065 3108 1136 dissipabitur,
3138 1078 3192 1123 et
3230 1069 3375 1124 solus
3403 1070 3504 1123 ini-

1929 1153 2098 1208 micus
2128 1153 2270 1208 inter
2300 1162 2567 1209 tormenta
2592 1155 2740 1211 varia
2774 1156 2918 1211 illius
2940 1157 3267 1213 dominatur.

2000 1240 2133 1296 Plio.
2171 1263 2190 1295 ι
2222 1244 2493 1313 Expendit
2523 1242 2653 1300 Sion
2697 1260 2892 1301 manus
2934 1262 3088 1312 suas,
3137 1264 3242 1303 non
3280 1259 3364 1304 est
3411 1251 3502 1319 qui

1934 1353 1952 1383 ι
1987 1334 2294 1389 consoletur
2331 1348 2469 1390 eam.
2508 1334 2783 1390 Mandavit
2809 1335 3069 1391 Dominus
3105 1338 3389 1393 adversum
3416 1338 3506 1393 Ja-

1935 1442 1953 1473 ι
1989 1425 2121 1487 cob,
2152 1424 2207 1479 in
2236 1425 2465 1480 circuitu
2490 1425 2610 1499 ejus
2634 1427 2818 1480 hostes
2846 1427 2981 1497 ejus.
3015 1427 3174 1483 Facta
3201 1436 3286 1482 est
3312 1428 3506 1483 Hieru-

1934 1536 1952 1563 ι
1989 1514 2154 1570 salem
2193 1516 2348 1585 quasi
2387 1515 2588 1586 polluta
2639 1519 2933 1572 menstruis
2975 1518 3117 1574 inter
3164 1534 3276 1575 eos.
3324 1538 3345 1571 ι
3390 1518 3508 1574 Cir-

1930 1605 2179 1660 cumdata
2222 1592 2352 1660 Sidn
2381 1606 2696 1677 captivitate
2735 1607 3139 1672 Chaldaaornm,
3167 1610 3413 1679 quaesivit
3449 1627 3507 1666 se

248 1702 394 1757 diam
427 1701 587 1773 (Dan.
615 1700 720 1773 ιιι).
752 1721 770 1753 ι
800 1700 891 1756 Sic
927 1711 983 1757 et
1028 1701 1096 1757 ab
1137 1700 1317 1755 anima
1354 1700 1617 1756 diabolica
1642 1698 1829 1754 fraude
1924 1695 2298 1751 consolantem
2325 1703 2379 1752 et
2407 1711 2515 1752 non
2540 1697 2777 1763 invenit,
2804 1712 2870 1753 eo
2892 1700 3033 1769 quod
3064 1701 3347 1755 Dominum
3384 1714 3508 1770 pec-

250 1792 475 1863 decepta
501 1833 516 1857 ,
562 1772 846 1863 postquam
876 1804 996 1846 eam
1023 1790 1278 1846 inimicus
1321 1790 1465 1845 intus
1493 1790 1759 1860 captivam
1796 1805 1825 1843 a
1854 1774 1900 1834 Β
1926 1784 2065 1839 catis
2091 1784 2429 1854 exigentibus
2455 1800 2642 1842 verum
2670 1802 2778 1842 non
2806 1790 3004 1843 meruit
3029 1789 3229 1846 habere
3262 1792 3507 1848 consola-

250 1892 392 1939 statu
421 1891 583 1940 recta:
612 1883 759 1947 fidei,
786 1890 842 1939 et
862 1889 1024 1938 recta:
1060 1889 1116 1937 et
1145 1881 1298 1937 bonae
1324 1882 1752 1937 conversationis
1774 1881 1827 1936 in

248 1971 622 2028 confusionem
649 1973 851 2029 erroris
879 1971 1194 2038 abduxerit,
1239 1980 1548 2028 sanctorum
1574 1972 1829 2043 praedica~

249 2074 429 2119 torum
457 2064 756 2120 doctrinam
780 2070 836 2118 et
861 2063 1106 2133 exempla
1131 2078 1161 2118 a
1187 2073 1480 2133 conspectu
1505 2063 1684 2119 cordis
1715 2061 1831 2130 ejus

244 2166 349 2227 per
369 2155 690 2212 oblivionem
715 2154 895 2211 aufert
926 2174 938 2208 :
964 2170 1159 2225 nempe
1184 2165 1244 2210 ut
1269 2171 1388 2210 eam
1413 2156 1692 2228 spoliatam
1726 2157 1830 2210 vir-

248 2246 477 2311 tutibus,
510 2244 718 2302 facilius
744 2245 797 2301 in
822 2254 970 2302 terra
999 2246 1171 2301 aliena
1195 2247 1485 2316 possideat,
1521 2262 1585 2300 ne
1622 2261 1715 2317 per
1748 2261 1829 2303 re»

248 2325 616 2392 cordationem
670 2338 786 2392 sani
824 2337 1090 2408 dogmatis
1133 2346 1183 2392 et
1234 2336 1660 2394 melioratimnem
1710 2339 1831 2394 vita:

250 2426 320 2483 ad
344 2434 542 2484 statum
568 2427 852 2498 pristinum
882 2439 1203 2484 revertatur.

323 2519 444 2573 Ain.
502 2538 521 2570 ι
569 2518 829 2574 Torcular
873 2520 1103 2575 calcavit
1154 2512 1415 2585 Dominus
1461 2520 1655 2592 virgini
1707 2518 1830 2575 filia:

256 2626 276 2658 ι
313 2606 452 2663 Juda
472 2649 487 2673 ,
520 2608 722 2665 idcirco
751 2625 851 2680 ego
880 2609 1114 2680 plorans.
1154 2631 1171 2662 ι
1212 2608 1432 2682 Legitur
1458 2625 1589 2682 ergo
1617 2611 1683 2666 de
1714 2621 1828 2666 tor-

242 2696 424 2751 culari
451 2698 506 2751 in
532 2695 665 2752 lsaia
690 2698 949 2770 proliheta
979 2700 1263 2754 Dominum
1295 2700 1496 2755 dixisse
1532 2716 1601 2774 εει
1635 2690 1831 2755 Torcu-

248 2785 340 2839 lar
361 2785 561 2841 calcavi
589 2782 753 2853 solus,
783 2796 838 2842 et
866 2790 932 2844 de
959 2789 1207 2860 gentibus
1236 2805 1340 2844 non
1369 2800 1450 2845 est
1480 2791 1564 2845 vir
1596 2805 1825 2852 mecum,

244 2876 456 2932 calcavi
483 2892 577 2932 eos
604 2879 657 2931 in
687 2878 867 2933 furore
895 2894 1045 2945 meo,
1087 2887 1142 2934 et
1181 2878 1491 2936 conculcavi
1524 2896 1618 2935 eos
1655 2881 1708 2935 in
1752 2880 1831 2934 ira

252 2982 395 3022 mea.
421 2968 489 3022 Et
509 2982 757 3037 aspersus
776 2976 858 3024 est
876 2970 1095 3041 sanguis
1115 2986 1302 3026 eorum
1331 2986 1493 3041 super
1512 2971 1831 3027 vestimenta

248 3073 394 3122 mea,
421 3066 476 3114 et
498 3058 677 3114 omnia
717 3060 1029 3116 indumenta
1056 3076 1174 3116 mea
1199 3062 1498 3132 inquinavi.
1532 3061 1658 3118 Dies
1685 3064 1832 3121 enim

248 3147 476 3204 ultionis
508 3150 561 3205 in
590 3151 752 3206 corde
788 3167 908 3206 meo
926 3192 940 3217 ,
978 3167 1153 3209 annus
1181 3153 1554 3212 retributionis
1579 3170 1714 3215 mea:
1742 3172 1830 3212 ve-

247 3238 337 3292 nit
375 3232 508 3309 (Ῐεα.
538 3239 716 3313 um).
758 3264 776 3293 ι
812 3241 1106 3299 Dicendum
1135 3254 1219 3300 est
1247 3246 1429 3316 itaque
1455 3246 1520 3303 de
1552 3248 1829 3315 torculari,

246 3326 397 3397 quod
420 3327 575 3396 juxta
606 3328 898 3399 Scriptura:
928 3340 1130 3388 sancte
1174 3336 1618 3392 consuetudinem
1663 3337 1833 3393 inter-

254 3421 381 3474 dum
402 3435 501 3492 pro
522 3422 723 3477 ultione
744 3431 904 3492 atque
936 3424 1211 3493 suppliciis
1230 3427 1448 3494 ponitur
1463 3438 1831 3497 peccatorum,

247 3510 524 3566 interdum
550 3512 605 3567 in
647 3515 1059 3585 congregatione
1090 3530 1353 3570 novorum
1398 3516 1687 3591 fructuum.
1728 3520 1834 3577 Pro

251 3606 434 3675 pinnis
466 3606 682 3676 ponitur
717 3616 878 3676 atque
911 3607 1214 3673 tormentis,
1238 3617 1296 3662 ut
1333 3604 1598 3666 Jeremias
1619 3611 1671 3665 in
1698 3629 1836 3682 pne-

246 3695 396 3749 senti
424 3695 804 3751 lamentatione
826 3697 1084 3769 plangens
1109 3699 1448 3754 eversionem
1473 3699 1830 3769 Hierusalem,

251 3784 529 3857 loquitur:
554 3800 579 3838 λ(
618 3785 877 3843 Tereular
904 3788 1132 3845 calcavit
1162 3788 1420 3853 Dominus
1470 3792 1665 3865 virgini
1709 3794 1833 3849 filim

251 3874 394 3931 Juda
422 3894 433 3928 :
461 3877 582 3932 ideo
606 3889 707 3948 ego
727 3878 899 3948 ploro.
930 3899 948 3932 ι
978 3878 1037 3934 In
1069 3880 1261 3936 bonam
1289 3891 1494 3952 partem
1526 3883 1833 3939 scribuntur

248 3966 455 4023 Psalmi
482 3982 580 4039 pro
624 3970 978 4026 torcularibus
1011 3982 1234 4027 octavus
1260 3983 1315 4027 et
1343 3975 1701 4045 octogesimus
1727 3984 1834 4029 ter-

253 4057 406 4111 tius:
441 4058 494 4113 in
533 4074 638 4128 quo
677 4061 927 4115 torculari
961 4070 1015 4118 et
1054 4063 1208 4118 malis
1242 4064 1533 4134 supplicia,
1579 4073 1634 4119 et
1677 4065 1831 4122 bonis

252 4146 480 4216 praemia
517 4163 547 4201 a
587 4147 867 4205 Salvatore
892 4151 1187 4207 calcantur.
1236 4152 1392 4209 Solus
1428 4155 1541 4226 ipse
1581 4156 1827 4224 calcavit,

255 4234 570 4308 nullumque
612 4238 800 4294 habuit
838 4240 1157 4309 adjutorem.
1212 4242 1395 4314 Neque
1442 4247 1584 4301 enim
1636 4247 1827 4318 angeli,

243 4333 351 4379 aut
378 4328 704 4401 archangeli,
733 4331 929 4394 throni,
956 4332 1379 4400 dominationes,
1412 4345 1504 4391 aut
1529 4336 1635 4391 ulla
1674 4336 1833 4394 cosle-

252 4418 421 4471 stium
452 4427 777 4487 potestatum
806 4421 1101 4478 humanum
1132 4440 1327 4495 corpus
1355 4427 1610 4493 assumit,
1646 4439 1701 4483 et
1726 4444 1829 4499 pro
1857 4456 1906 4514 υ

254 4508 416 4563 nobis
445 4525 597 4579 passa
625 4519 728 4575 est,
758 4522 812 4567 et
835 4514 1169 4570 conculcavit
1194 4518 1532 4573 adversaries
1560 4519 1832 4575 fortitudi-

254 4615 358 4653 nes
382 4609 541 4669 atque
570 4603 857 4667 contrivit,
901 4605 996 4659 sed
1040 4605 1128 4661 ille
1171 4606 1316 4662 solus
1359 4609 1449 4678 qui
1496 4596 1735 4680 loquitur
1776 4612 1828 4664 in

244 4689 468 4759 .psalmo
493 4708 508 4747 :
542 4709 559 4741 ι
585 4689 801 4746 Salvum
833 4707 918 4747 me
945 4692 1050 4760 fac,
1078 4693 1324 4761 Domine,
1354 4698 1605 4767 quoniam
1634 4698 1830 4754 defecit

253 4793 481 4836 sanctus
512 4779 683 4853 (Psal.
723 4784 830 4852 x1);
865 4801 882 4834 ι
918 4784 971 4838 in
1014 4794 1221 4839 tantmn
1265 4795 1325 4840 ut
1364 4788 1528 4842 etiam
1556 4790 1832 4844 conliden-

253 4873 501 4927 tissimus
529 4882 584 4927 et
612 4872 664 4927 in
707 4874 809 4929 fide
837 4873 1175 4931 firmissimus
1210 4876 1482 4946 apostolus
1524 4878 1718 4934 Petrus
1761 4881 1829 4935 ti-

252 4977 414 5018 more
440 4962 757 5031 perterritus
786 4963 1022 5036 fugeret,
1054 4966 1160 5022 imo
1193 4966 1472 5023 Dominum
1503 4977 1584 5025 ter
1611 4980 1831 5042 negaret

255 5052 479 5122 (Halm.
509 5054 678 5125 xm).
712 5052 970 5111 Torcular
1003 5070 1130 5128 ergo
1172 5056 1398 5112 calcavit
1426 5059 1682 5115 Dominus
1727 5060 1833 5115 vir-

249 5142 374 5217 gini
403 5142 523 5199 tilia:
545 5140 682 5200 Juda
712 5146 924 5217 quando
949 5147 1045 5201 viti
1082 5146 1422 5202 infructuosa:
1446 5146 1749 5205 Judznorum
1777 5159 1834 5204 et

255 5237 350 5291 diu
379 5233 546 5291 sterili
568 5238 935 5306 permanenti,
960 5237 1045 5292 cui
1068 5251 1164 5306 per
1186 5236 1376 5292 lsaiam
1408 5238 1601 5295 dicitur
1631 5258 1643 5292 :
1674 5259 1693 5289 ι
1722 5238 1829 5294 Ελ-

254 5329 501 5400 spectavl
532 5339 592 5384 ut
621 5329 822 5386 faceret
849 5347 997 5395 uvas,
1031 5343 1087 5387 et
1112 5331 1534 5390 fecit'labruscas
1558 5334 1776 5408 (Isa.v),
1806 5356 1827 5389 ι

253 5421 593 5491 captivitatis
607 5423 1010 5492 oppressionem
1039 5424 1375 5494 praiparavit.
1403 5425 1623 5497 Mystice
1650 5438 1830 5483 autem

254 5508 456 5567 animae
475 5510 762 5568 virtutibus
782 5512 1079 5569 infecundae
1099 5524 1152 5570 et
1170 5516 1324 5572 bonis
1348 5518 1598 5588 operibus
1629 5534 1831 5583 vacuze,

256 5614 366 5657 nec
388 5601 525 5657 fidei
537 5599 769 5659 fructum
794 5605 1050 5676 gignenti,
1077 5605 1334 5663 Dominus
1359 5607 1589 5662 torcular
1617 5607 1787 5664 calcat
1814 5627 1825 5662 :

255 5691 479 5763 quando
506 5706 623 5749 eam
656 5708 756 5764 pro
786 5694 1066 5749 sterilitate
1091 5710 1207 5759 sua,
1240 5707 1295 5753 et
1316 5699 1584 5753 otiositatc
1615 5700 1828 5754 inimica

738 5784 1009 5844 ΡΑτιιοι..
1054 5784 1217 5845 CXL

1934 1883 2128 1939 torem.
2160 1875 2251 1945 qui
2276 1890 2396 1930 eam
2421 1874 2640 1931 tradidit
2664 1877 2907 1935 hostibus
2926 1880 3042 1934 suis
3059 1882 3128 1934 ad
3154 1882 3504 1950 puniendum,

1932 1965 2185 2033 quoniam
2215 1966 2317 2021 sibi
2349 1964 2588 2034 subjecta
2628 1982 2749 2023 esse
2790 1968 2960 2022 noluit
2997 1970 3066 2025 ad
3100 1971 3457 2027 obedientium
3490 1992 3503 2026 :
3560 1984 3567 1991 ’

1933 2057 2003 2110 ita
2033 2065 2089 2111 et
2116 2057 2296 2112 anima
2328 2058 2597 2113 credentis
2630 2059 2893 2122 hominis,
2931 2075 3051 2130 quae
3081 2063 3354 2132 quondam
3392 2074 3509 2118 erat

1931 2147 2205 2216 speculum
2249 2146 2376 2214 Dei,
2407 2158 2464 2203 et
2503 2150 2894 2221 su'pplantatrix
2928 2152 3206 2217 vitiorum,
3247 2168 3373 2209 cum
3407 2170 3506 2224 pro

1932 2237 2084 2293 malis
2115 2238 2327 2295 meritis
2354 2240 2584 2294 traditur
2611 2241 2944 2310 spiritalibus
2986 2243 3273 2313 nequitiis,
3302 2243 3504 2299 frustra

1931 2328 2233 2386 forinsecus
2259 2330 2453 2401 quaerit
2476 2331 2872 2389 consolatorem
2892 2372 2909 2398 ,
2942 2348 3065 2404 qua:
3088 2335 3389 2405 spiritalem
3417 2336 3501 2391 in-

1932 2421 2099 2477 terius
2142 2423 2373 2490 perdidit
2406 2422 2854 2479 consolationem.
2887 2443 2908 2477 ι
2944 2426 3107 2482 Facta
3150 2435 3264 2493 est,
3309 2429 3504 2498 inquit,

1929 2509 2268 2567 Hierusalem
2295 2514 2449 2582 quasi
2479 2513 2682 2584 polluta
2711 2516 3003 2571 menstruis
3029 2517 3168 2571 inter
3190 2532 3301 2574 eos.
3336 2537 3356 2570 ι
3379 2518 3503 2574 Pols

1932 2601 2043 2656 luta
2085 2601 2418 2657 Hierusalem
2463 2604 2663 2662 dicitur
2710 2615 2986 2663 menstrua
3050 2606 3291 2665 fmditate
3335 2612 3501 2679 :quia

1932 2693 2340 2764 sanguinolenta
2369 2710 2530 2765 opera
2571 2705 2626 2750 et
2659 2697 2897 2752 carnalia
2927 2697 3190 2755 desideria
3228 2700 3501 2756 ιιοιυὶιλνί-

1933 2793 2048 2839 tare
2072 2784 2125 2838 in
2156 2801 2321 2856 prava
2348 2788 2771 2843 conversatione.
2800 2787 3073 2845 Menstrua
3105 2791 3251 2845 enim
3286 2791 3505 2847 {inditas

1931 2884 2033 2940 est,
2060 2890 2185 2929 cum
2218 2891 2314 2947 per
2341 2876 2579 2946 singulos
2603 2892 2815 2933 menses
2832 2881 3021 2949 gravia
3053 2890 3214 2950 atque
3244 2882 3508 2951 torpentia

1933 2964 2218 3020 mulierum
2252 2979 2478 3036 corpora
2515 2968 2778 3024 immundi
2808 2971 3086 3041 sanguinis
3123 2971 3384 3029 effusione
3417 2987 3505 3027 re-

1931 3056 2181 3112 levantur
2203 3076 2216 3112 :
2245 3073 2353 3127 quo
2370 3067 2610 3129 tempore
2630 3061 2676 3116 si
2693 3061 2774 3115 vir
2791 3062 2987 3117 coierit
3002 3078 3128 3118 cum
3152 3064 3407 3129 muliere,
3422 3066 3504 3120 di-

1931 3155 2134 3201 cuntur
2158 3149 2409 3218 concepti
2427 3148 2566 3204 fetus
2596 3149 2782 3204 vitium
2813 3151 3032 3206 seminis
3056 3152 3295 3217 trahere,
3327 3154 3402 3207 ita
3445 3163 3506 3207 ut

1934 3237 2133 3308 leprosi
2164 3246 2218 3292 et
2254 3237 2608 3309 elcphantiaci
2649 3254 2716 3294 ex
2761 3239 2865 3294 hac
2898 3241 3250 3310 conceptione
3280 3258 3508 3299 nascan-

1936 3340 2045 3396 tur,
2079 3339 2136 3385 et
2169 3330 2310 3386 foeda
2340 3331 2396 3387 in
2427 3341 2655 3401 utroque
2688 3348 2820 3388 sexu
2849 3349 3110 3404 corporea
3136 3337 3402 3406 pravitate
3425 3339 3508 3392 vel

1932 3423 2251 3478 enormitate
2295 3423 2657 3478 membrorum
2692 3425 2872 3480 sanies
2910 3436 3160 3496 corrupta
3199 3429 3504 3499 degeneret.

1928 3511 2252 3580 xPrzecipitur
2272 3527 2412 3583 ergo
2443 3512 2497 3566 in
2527 3512 2646 3584 lege
2671 3513 2884 3569 Domini
2914 3514 3107 3586 '(Levit.
3143 3517 3241 3589 xv.)
3292 3518 3422 3573 viris
3452 3530 3508 3573 ut

1935 3618 2038 3656 non
2069 3602 2239 3657 solum
2270 3603 2328 3657 in
2352 3602 2544 3659 alienis
2566 3604 2900 3673 mulieribus,
2928 3607 3023 3662 sed
3059 3607 3113 3662 in
3154 3609 3267 3663 suis
3293 3620 3508 3680 quoque

1932 3693 2127 3761 quibus
2179 3692 2428 3747 videntur
2471 3692 2712 3763 legaliter
2748 3695 3042 3768 conjungi,
3092 3696 3371 3767 Scriptura
3427 3701 3507 3754 di-

1932 3791 2087 3838 cente
2121 3800 2132 3835 :
2171 3799 2191 3833 ι
2225 3781 2463 3837 Crescite
2487 3792 2541 3837 et
2575 3785 3035 3854 multiplicamini,
3065 3797 3120 3843 et
3160 3791 3364 3860 replete
3401 3801 3508 3848 ter-

1934 3890 2071 3939 ram,
2092 3895 2110 3926 ι
2132 3876 2364 3930 discreto
2389 3876 2706 3932 concubitus
2727 3878 2976 3932 noverint
3005 3888 3264 3950 tempore,
3294 3886 3505 3951 quando

1932 3964 2267 4030 coeundum,
2291 3966 2573 4033 quandove
2612 3966 2681 4019 ab
2722 3966 2979 4029 uxoribus
3007 3968 3384 4024 abstinendum
3413 3973 3502 4026 sit.

1932 4057 2083 4125 Quod
2122 4056 2339 4129 quidem
2379 4065 2436 4112 et
2466 4057 2752 4128 Apostolus
2788 4066 2845 4113 et
2882 4058 3233 4116 Ecclesiastes
3268 4071 3503 4118 sonant:

1939 4169 1957 4201 ι
1994 4149 2228 4221 Tempus
2253 4149 2619 4219 amplexandi,
2654 4158 2708 4205 et
2732 4158 2944 4222 tempus
2970 4151 3122 4224 longe
3148 4150 3265 4209 ﬁeri
3294 4156 3365 4211 ab
3390 4170 3537 4211 am-.

1932 4238 2174 4311 plexibus
2207 4239 2259 4310 (Ι
2303 4239 2425 4294 Cor.
2470 4256 2576 4306 vn;
2623 4240 2796 4296 Eccle.
2830 4243 2934 4314 ut).
2984 4261 3003 4295 ι
3042 4242 3240 4299 Caveat
3280 4260 3412 4318 ergo
3450 4257 3508 4304 et

1932 4345 2067 4385 uxor
2097 4345 2163 4384 ne
2198 4329 2335 4385 forte
2366 4332 2506 4385 victa
2530 4331 2795 4389 desiderio
2821 4334 3049 4388 coeundi
3084 4334 3272 4391 illiciat
3306 4338 3502 4405 virum,

1931 4428 1986 4475 et
2005 4421 2228 4476 maritus
2250 4437 2317 4476 ue
2338 4422 2443 4475 vim
2475 4421 2635 4475 faciat
2659 4421 2838 4488 uxori,
2868 4432 3063 4493 putans
3092 4427 3239 4481 omni
3267 4436 3507 4499 tempore

1933 4511 2227 4581 subiectam
2249 4512 2349 4566 sibi
2372 4526 2491 4567 esse
2512 4510 2705 4567 debere
2725 4514 2957 4586 conjugii
2981 4516 3326 4587 voluptatem.
3355 4519 3507 4575 Unde

1931 4612 1987 4657 et
2032 4600 2228 4657 Paulus
2273 4603 2387 4656 ait:
2431 4620 2449 4654 ι
2497 4603 2565 4659 Ut
2605 4606 2817 4660 noverit
2856 4609 3222 4677 unusquisque
3268 4620 3505 4666 vestrum

1933 4692 2204 4762 possidere
2224 4708 2318 4747 vas
2339 4708 2494 4749 suum
2517 4694 2570 4748 in
2592 4697 2875 4752 sanctitate
2896 4704 2951 4752 et
2968 4698 3221 4768 pudicitia
3246 4701 3295 4772 (1
3323 4700 3500 4757 'I‘lwss.

1934 4783 2028 4853 ιν).
2071 4803 2089 4835 ι
2119 4782 2351 4839 Pulchre
2376 4785 2430 4839 in
2463 4783 2602 4840 Sixti
2629 4785 2967 4858 Pythagorici
2997 4791 3334 4845 sententiolis
3367 4793 3503 4846 dici-

1935 4882 2020 4927 tur
2051 4891 2063 4926 :
2094 4872 2318 4930 Adulter
2357 4884 2441 4930 est
2469 4876 2651 4932 uxoris
2687 4878 2919 4947 propriae
2960 4889 3168 4935 amator
3206 4883 3499 4941 ardentior.

1935 4962 2106 5033 Quem
2142 4962 2337 5019 librum
2377 4964 2595 5033 quidam
2635 4963 2687 5019 in
2730 4963 2977 5020 Latinam
3011 4966 3241 5038 linguam
3272 4969 3501 5026 transfe-

1935 5070 2086 5117 rens,
2135 5056 2391 5127 martyris
2435 5052 2573 5111 Sixti
2611 5057 2828 5112 nomine
2858 5057 3025 5112 voluit
3054 5058 3354 5125 illustrare,
3396 5078 3500 5117 non

1935 5149 2287 5219 considerans
2332 5149 2385 5203 in
2430 5159 2541 5205 toto
2586 5149 2893 5214 volumine,
2933 5149 3077 5218 quod
3106 5149 3161 5203 in
3205 5150 3337 5205 duas
3379 5168 3504 5221 par-

1934 5248 2018 5294 tes
2064 5238 2263 5294 frustra
2315 5241 2584 5304 diviserit,
2635 5238 2834 5294 Christi
2887 5254 3081 5294 nomen
3130 5250 3189 5295 et
3233 5243 3503 5311 apostolu-

1936 5347 2054 5386 rum
2100 5331 2321 5386 omnino
2376 5330 2610 5386 reticeri.
2658 5330 2766 5386 Nec
2818 5331 3014 5386 mirum
3065 5332 3206 5402 quod
3249 5335 3501 5404 gentilem

1934 5421 2306 5493 philusqphum
2344 5422 2396 5477 in
2425 5431 2717 5493 martyrem
2748 5432 2802 5477 et
2840 5423 3092 5479 Romana:
3121 5425 3269 5481 urbis
3298 5428 3505 5497 episco-

1936 5532 2061 5588 pum
2109 5515 2475 5580 transtulerit,
2530 5530 2649 5570 cum
2700 5514 2915 5570 Eusebii
2953 5532 3165 5587 quoque
3205 5517 3502 5576 Cmsarien-

1934 5607 2009 5661 sis
2060 5605 2289 5675 primum
2340 5620 2438 5675 pro
2482 5603 2709 5675 Origene
2755 5605 2946 5659 librum
2993 5605 3257 5678 Pamphili
3303 5623 3509 5685 marty-

1935 5700 2009 5752 ris
2050 5698 2307 5752 vocabulo
2348 5699 2578 5761 notarit,
2619 5706 2676 5751 ut
2726 5695 2932 5752 farilius
2979 5699 3071 5752 tali
3111 5700 3387 5760 laudatore
3431 5705 3500 5760 li-

2993 5792 3069 5852 38
