3970 6190
448 1628 479 1668 ο

568 371 701 427 1195

1165 363 1225 420 Β.
1274 363 1521 419 RABANI
1566 363 1784 420 MAURI
1820 360 2132 415 ARClllEP.
2180 360 2484 418 MOGUNT.
2517 365 2799 422 OPERUM
2855 365 3030 423 PARS
3069 368 3155 422 Ill.

3619 376 3715 429 H95

560 484 688 539 bros
712 479 1053 552 impiissimos
1077 482 1193 553 Περὶ
1218 479 1398 552 ἀρχῶν
1422 475 1678 530 Romanis
1704 474 2015 531 conciliaret
2038 489 2132 529 au-
2163 479 2208 536 Α
2235 475 2335 531 Est
2369 479 2512 532 enim
2563 479 2820 544 amicitia,
2865 489 2924 535 ut
2971 481 3194 552 quidam
3242 483 3334 545 ait,
3364 484 3480 537 nihil
3503 486 3618 541 aliud
3647 491 3718 544 nisi

562 572 730 627 ribus.

631 659 789 715 Sade.
823 677 842 710 ι
876 656 1059 714 Justus
1083 667 1166 714 est
1191 658 1449 714 Dominus
1469 659 1594 728 quia
1614 673 1676 713 os
1698 652 1813 726 ejus
1836 658 1901 713 ad
1925 656 2138 712 iracun-

568 769 585 801 ι
622 750 764 804 diam
786 748 1089 818 provocari.
1110 746 1322 811 Audite,
1341 749 1588 811 obsecro,
1611 748 1841 803 universi
1865 744 2063 817 populi,
2084 755 2141 802 et

569 859 586 891 ι
621 839 798 893 videte
832 836 1069 893 dolorem
1116 851 1314 892 meum.
1354 837 1603 907 Virgines
1642 852 1775 890 mea:
1822 841 1877 891 et
1910 834 2139 904 juvenes

568 950 586 983 ι
624 930 728 985 mei
757 929 1004 984 abierunt
1030 926 1082 983 in
1108 927 1494 997 captivitatem.
1524 946 1543 979 ι
1578 926 1920 994 Querimonia
1949 922 2139 980 ﬂebilis

560 1020 871 1090 perducitur
918 1018 986 1074 ad
1031 1010 1359 1089 agnitionem
1413 1018 1692 1073 sententia:
1736 1016 1867 1087 justi
1917 1014 2132 1085 judicis.

559 1113 851 1183 Postquam
890 1110 1034 1165 enim
1072 1110 1187 1163 bmc
1220 1108 1562 1163 lamentatrix
1592 1106 1957 1162 calamitatem
1983 1120 2136 1161 suam

560 1201 931 1266 enumeravit,
976 1199 1169 1253 merito
1216 1213 1275 1252 se
1323 1197 1463 1252 hanc
1505 1198 1615 1267 pati
1655 1195 2133 1251 commemoravit:

561 1293 685 1363 quia
723 1293 900 1362 justus
939 1290 1104 1360 judei
1152 1305 1255 1344 non
1301 1289 1463 1343 aliam
1511 1288 1653 1344 ferre
1701 1284 1918 1358 potest,
1972 1302 2136 1358 quam

556 1382 759 1449 justam
813 1378 1157 1435 sententiam.
1198 1396 1215 1428 ι
1247 1376 1433 1433 Justus
1475 1386 1587 1442 est,
1620 1377 1826 1448 inquit,
1858 1377 2135 1441 Dominus,

562 1472 688 1541 quia
735 1486 796 1526 os
835 1468 952 1540 ejus
988 1469 1054 1523 ad
1094 1468 1425 1523 iracundiam
1460 1468 1748 1537 provocavi
1771 1508 1785 1532 ,
1822 1487 1841 1520 ι
1881 1468 1985 1523 hoc
2032 1476 2134 1532 est,

560 1559 761 1630 justum
781 1557 1047 1628 iudicem,
1096 1567 1150 1613 et
1192 1565 1383 1612 natura
1410 1556 1750 1621 clementem,
1795 1557 1930 1611 meis
1955 1556 2138 1627 pravis

562 1651 773 1707 meritis
809 1648 1039 1719 compuli
1071 1649 1259 1703 duram
1291 1654 1477 1702 contra
1505 1661 1591 1701 me
1619 1646 1760 1701 ferre
1788 1646 2132 1700 sententiam.

2237 566 2476 620 omnium
2501 565 2802 622 divinarum
2822 568 3287 639 humanarumque
3303 584 3464 625 rerum
3485 588 3584 627 cum
3605 575 3721 632 bene-

2236 655 2470 712 volentia
2500 664 2557 712 et
2598 657 2864 713 cbaritate
2892 660 3199 715 consensio.
3232 659 3375 716 Unde
3397 670 3447 715 ct
3472 673 3589 717 recte
3628 668 3723 720 scri-

2235 755 2386 818 ptum
2415 759 2540 804 est:
2581 767 2601 801 ι
2639 749 2830 806 Amico
2860 750 2999 807 ﬁdeli
3052 751 3199 806 nulla
3246 761 3329 807 est
3369 758 3660 825 comparatio,
3686 771 3724 814 et

2237 852 2344 893 non
2375 844 2461 895 est
2484 839 2641 909 digna
2661 841 2978 910 ponderatio
2998 842 3119 896 auri
3141 850 3199 896 et
3223 844 3419 911 argenti
3440 856 3594 900 contra
3616 846 3723 901 boni-

2239 935 2407 983 tatem
2438 926 2563 983 ﬁdei
2585 928 2728 983 illius
2756 928 2954 1001 (Exod.
2980 930 3080 1000 v1).
3123 949 3142 983 ι
3170 930 3321 997 Quod
3346 942 3507 987 autem
3528 934 3647 999 dicit,
3663 951 3723 989 sa-

2237 1020 2485 1075 cerdotes
2510 1029 2565 1074 et
2588 1034 2744 1076 senes
2774 1021 2828 1076 in
2872 1023 3004 1077 urbe
3038 1034 3398 1092 consumptos,
3426 1027 3622 1080 ostendit
3637 1029 3723 1096 quia

2237 1109 2306 1164 ob
2332 1108 2649 1163 tenuitatem
2693 1109 2887 1174 victus,
2919 1109 3061 1166 fame
3105 1120 3161 1165 et
3195 1111 3281 1165 siti
3331 1114 3590 1180 perierunt,
3627 1117 3724 1171 sicut

2236 1198 2293 1253 in
2317 1197 2597 1254 obsidione
2618 1199 2852 1255 hostium
2885 1198 3299 1272 Jerosolymitm,
3336 1210 3390 1256 ut
3430 1203 3722 1261 historiam-

2239 1288 2403 1355 dunt,
2446 1287 2643 1358 saepius
2672 1290 2915 1362 contigit.
2955 1289 3185 1363 Mystiee
3228 1301 3431 1355 autem,
3468 1294 3615 1347 anima
3643 1310 3724 1363 qua

2237 1378 2600 1448 voluptatibus
2622 1387 2679 1434 et
2702 1379 2985 1436 desideriis
3025 1380 3212 1436 carnis
3238 1380 3484 1444 innititur,
3509 1383 3721 1438 sacerdotii

2237 1468 2550 1540 dignitatem
2585 1477 2641 1524 et
2665 1470 3030 1524 maturitatem
3061 1470 3295 1534 consilii,
3326 1482 3525 1542 propter
3545 1472 3722 1542 indigen-

2240 1560 2368 1613 tiam
2394 1559 2693 1629 sapientiai,
2715 1566 2773 1616 et
2793 1559 3029 1630 in0piam
3058 1560 3317 1616 virtutum
3342 1561 3500 1631 perdit
3532 1580 3544 1615 :
3584 1562 3721 1615 illuu-

2237 1653 2338 1706 dus
2366 1652 2509 1708 enim
2536 1650 2730 1708 transit
2773 1661 2829 1706 et
2866 1653 3324 1722 concupiscientia
3354 1651 3402 1723 (ι
3453 1652 3588 1706 Ιοωι.
3611 1653 3670 1721 ιι).
3705 1673 3717 1704 ι

563 1741 803 1798 Membra
824 1740 968 1795 enim
997 1738 1248 1803 hominis,
1273 1738 1414 1794 sicut
1435 1747 1489 1792 et
1509 1735 1732 1792 affectus
1758 1735 2001 1801 humani,
2026 1744 2137 1789 tro-
2237 1740 2500 1813 .Egyptus
2526 1756 2662 1797 vane
2705 1740 3076 1806 auxiliabitur,
3124 1750 3182 1797 ei,
3225 1742 3437 1798 baculus
3476 1742 3722 1797 amamus

563 1833 684 1904 pice
730 1830 841 1886 Deo
890 1828 1289 1895 adscribuntur,
1339 1842 1446 1883 non
1500 1825 1757 1897 proprie:
1807 1823 1933 1895 quia
1975 1824 2137 1879 incir-

2238 1847 2400 1906 atque
2460 1832 2769 1892 confractus
2821 1850 2982 1905 super
3032 1850 3093 1890 se
3136 1834 3416 1891 innitentes
3456 1835 3644 1898 lacerat,
3680 1850 3722 1886 ac

564 1917 1138 1990 cumscriptumlumen
1162 1924 1217 1972 et
1243 1916 1503 1971 immensa
1527 1912 1779 1984 majestas
1800 1913 2139 1969 lineamentis
2240 1941 2459 1981 manum
2505 1940 2691 1981 eorum
2744 1924 2985 1997 ρετίοηι
3012 1966 3027 1993 ,
3084 1941 3189 1982 nec
3238 1940 3463 1996 unquam
3505 1924 3719 1996 pel-[ecum

481 2012 493 2025 ⁸
565 2010 841 2082 corporeis
862 2006 1231 2063 circumscribi
1262 2021 1368 2061 non
1395 2005 1564 2060 novit.
1598 2021 1617 2055 ι
1652 2002 1868 2069 Audite,
1898 2004 1995 2067 ait,
2021 2003 2140 2057 uni-

564 2100 706 2155 versi
744 2098 950 2170 populi,
977 2105 1033 2153 et
1058 2097 1237 2152 videte
1261 2095 1498 2151 dolorem
1527 2109 1727 2160 meum,
1750 2094 1875 2163 quia
1906 2094 2141 2165 virgines

564 2203 700 2244 meae
744 2196 799 2244 et
837 2186 1062 2256 juvenes
1116 2186 1219 2241 mei
1267 2185 1514 2241 abierunt
1569 2184 1625 2239 in
1679 2183 2062 2255 captivitatem.
2115 2203 2134 2236 ι

541 2277 832 2333 Plurimos
873 2276 940 2331 ad
980 2275 1269 2331 videndum
1296 2273 1535 2330 dolorem
1565 2288 1720 2329 suum
1753 2274 1946 2328 invitat
1974 2291 1987 2327 :
2016 2274 2138 2344 quia

564 2366 928 2422 calamitatem
957 2379 1111 2419 suam
1140 2364 1282 2420 ultra
1318 2366 1535 2421 modum
1566 2365 1823 2434 grandem
1852 2379 1973 2420 esse
2000 2365 2144 2420 testi-

564 2468 700 2523 mat,
730 2466 790 2513 ut
822 2457 1049 2513 aliorum
1080 2458 1452 2526 compassione
1475 2457 1804 2512 anxietatem
1839 2472 1990 2511 suam
2018 2472 2145 2526 quo-

565 2546 850 2603 dammodo
872 2545 1087 2618 leviget,
1121 2546 1247 2601 dum
1276 2546 1642 2602 consolatores
1673 2556 1729 2601 et
1776 2546 2144 2603 sublevatores

565 2636 827 2709 angustia:
852 2651 965 2692 suae
995 2636 1096 2691 sibi
1128 2635 1363 2691 adhibet.
1394 2636 1539 2690 Talis
1575 2645 1657 2692 est
1694 2637 1838 2711 enim
1879 2652 2008 2693 usus
2046 2637 2148 2692 huc

566 2728 711 2783 mani
736 2725 978 2792 aﬂ'ectus,
995 2734 1057 2781 ut
1079 2725 1278 2782 doloris
1297 2727 1401 2791 sui,
1424 2726 1540 2781 sive
1556 2727 1758 2797 gaudii,
1785 2727 1919 2782 alios
1942 2737 2146 2797 qttterat

564 2832 686 2875 esse
711 2816 1026 2888 participes,
1054 2823 1320 2886 quatenus
1345 2831 1533 2870 eorum
1555 2816 1749 2871 solatio
1775 2816 1985 2870 illatum
2008 2832 2148 2873 onus

566 2908 800 2965 tristitia:
838 2908 954 2964 sive
978 2906 1178 2963 lmtitiae
1210 2905 1624 2976 facilius‘portet
1660 2906 1810 2980 (Luc.
1849 2908 1959 2980 xv).
1995 2909 2149 2965 Unde

567 3000 621 3055 in
657 2997 947 3068 Evangelia
976 2996 1067 3053 ille
1094 2996 1183 3066 qui
1213 3011 1368 3051 ovem
1396 2997 1662 3066 perditam
1704 2997 2018 3067 requisivit,
2051 3012 2147 3052 seu

565 3088 760 3145 mulier
792 3101 912 3157 quae
935 3076 1249 3143 drachmam
1292 3086 1555 3155 perditam
1585 3086 1820 3152 invenit,
1846 3093 2147 3142 convocant

2238 2016 2650 2087 prosperitatem
2673 2016 2785 2070 suis
2806 2016 3145 2071 amatoribus
3172 2015 3413 2072 conferre
3451 2022 3611 2084 potest.

2310 2105 2435 2161 Rea.
2495 2123 2514 2158 ι
2563 2105 2716 2170 Vide,
2763 2106 3011 2183 Domine,
3058 2107 3312 2176 quoniam
3360 2104 3721 2169 tribulor,ventet

2245 2216 2263 2249 ο
2306 2212 2461 2252 meus
2496 2197 2851 2251 conturbatus
2876 2204 2979 2251 est.
3032 2195 3362 2253 Subversum
3405 2205 3479 2250 est
3500 2209 3579 2249 cor
3599 2206 3721 2247 meum

2247 2308 2265 2342 ι
2308 2289 2360 2344 in
2398 2289 2742 2358 memetipsa,
2768 2290 3021 2359 quoniam
3072 2290 3421 2344 amaritudine
3459 2288 3586 2359 plena
3626 2300 3720 2340 sum.

2247 2399 2265 2432 ι
2311 2378 2467 2435 Foris
2489 2379 2743 2434 interficit
2767 2380 2997 2450 gladius,
3017 2388 3075 2435 et
3102 2381 3244 2435 domi
3273 2396 3409 2435 mors
3437 2378 3595 2433 similis
3615 2385 3717 2431 est.»

2243 2471 2382 2539 Quid
2405 2479 2489 2528 est
2522 2472 2663 2542 quod
2700 2472 2960 2543 propheta
3001 2488 3071 2528 ex
3121 2487 3347 2543 persona
3374 2469 3524 2541 plebis
3562 2468 3720 2536 loquens

2245 2563 2311 2618 ad
2341 2563 2631 2619 videndum
2658 2563 3063 2618 tribulationem
3093 2578 3243 2618 suam
3293 2561 3542 2616 Dominum
3572 2557 3719 2614 invitat.

2245 2653 2347 2709 nisi
2372 2655 2514 2724 quod
2569 2654 2896 2708 anxietatem
2948 2668 3107 2709 suam
3136 2652 3349 2707 nimiam
3394 2660 3444 2706 et
3489 2652 3719 2705 immensam

2246 2761 2565 2817 agnoscens,
2596 2746 2765 2816 ipsius
2781 2745 3124 2800 solummodo
3144 2749 3295 2815 opem
3318 2752 3367 2798 et
3393 2739 3718 2797 misericordiam

2246 2836 2350 2890 sibi
2373 2836 2658 2891 subvenire
2690 2835 2946 2906 exceptat?
2972 2834 3042 2889 Et
3066 2836 3316 2907 quoniam
3339 2841 3553 2889 ventrem
3570 2839 3720 2886 contur-

2246 2926 2429 2981 batum
2458 2935 2512 2982 et
2558 2943 2653 2982 cor
2688 2942 2842 2982 suum
2892 2927 2945 2981 in
2994 2926 3289 2997 semetipso
3330 2926 3600 2980 subversum
3639 2934 3719 2974 esse

2249 3026 2510 3083 testatur,
2567 3018 2695 3074 hinc
2761 3019 2923 3074 etiam
2981 3033 3093 3073 non
3157 3017 3490 3072 amaritudine
3530 3028 3583 3067 ex
3619 3017 3721 3080 parte

2247 3116 2468 3171 tactam,
2503 3110 2597 3164 sed
2648 3109 2907 3180 repletam
2954 3124 3015 3164 se
3074 3123 3344 3173 asserens,
3396 3106 3519 3161 intus
3553 3101 3719 3167 forisque

566 3180 773 3235 amicas
822 3187 878 3234 et
912 3178 1153 3244 vicinas,
1180 3185 1239 3231 ut
1266 3184 1435 3232 testes
1470 3177 1726 3249 assistant
1752 3186 1807 3233 et
1839 3177 2021 3248 gaudii
2052 3191 2135 3232 eo-

2246 3199 2407 3254 simili
2438 3177 2745 3254 calamitate
2764 3214 2825 3255 se
2852 3198 3135 3270 fatigatam
3158 3198 3428 3255 exclamat.
3452 3193 3563 3248 Huic
3583 3184 3718 3245 similia

570 3288 688 3329 rum
712 3272 1003 3343 participes
1046 3270 1196 3325 ﬁant.
1236 3270 1389 3338 Quod
1427 3285 1557 3341 ergo
1573 3269 1802 3339 juvenes
1828 3280 1885 3327 et
1909 3273 2146 3343 virgines

568 3363 721 3420 abire
755 3363 824 3419 .in
883 3361 1249 3432 captivitatem
1302 3361 1587 3431 deplorat,
1624 3361 1861 3417 ostendit
1912 3375 1972 3417 se
2023 3362 2148 3418 inde

568 3458 803 3516 maxime
837 3456 1056 3521 dolere,
1096 3455 1238 3525 quod
1279 3469 1428 3525 spem
1472 3461 1645 3510 status
1683 3454 1767 3511 sui
1799 3454 1933 3509 vidit
1970 3455 2147 3510 subito

569 3549 862 3607 corruisse.
893 3545 1121 3615 Quando
1150 3545 1294 3600 enim
1324 3544 1563 3600 sobolem
1590 3560 1744 3599 suam
1776 3544 1957 3600 subito
1984 3544 2150 3600 inter-

570 3642 652 3698 ire
684 3640 987 3711 conspexit,
1025 3652 1176 3709 spem
1204 3636 1400 3692 futura;
1424 3636 1788 3707 generationis
1814 3636 2015 3692 amisit.

641 3754 807 3827 Caph.
851 3773 870 3807 ι
915 3752 1114 3809 Vocavi
1151 3751 1355 3806 amicos
1395 3765 1545 3805 meos
1581 3758 1637 3804 et
1676 3749 1775 3819 ipsi
1826 3748 2152 3818 deceperunt

577 3868 595 3901 ι
638 3863 745 3904 me.
787 3844 1106 3904 Sacerdotes
1129 3843 1253 3909 mei,
1277 3851 1332 3898 et
1350 3856 1506 3899 senes
1530 3841 1636 3897 mei
1668 3842 1720 3896 in
1745 3841 1880 3895 urbe
1902 3854 2151 3895 consum-

579 3956 597 3989 ι
642 3937 719 4009 pti
743 3942 901 3999 sunt,
924 3933 1047 4003 quia
1091 3932 1416 4002 quaesierunt
1436 3930 1612 3986 cibum
1637 3929 1762 3995 sibi,
1787 3936 1847 3982 ut
1883 3926 2147 3983 refecilla-

579 4047 598 4079 ι
640 4033 761 4082 rent
803 4024 1035 4080 animam
1060 4037 1230 4077 suam.
1285 4040 1307 4075 ι
1350 4020 1705 4088 Qumrendum
1757 4027 1843 4074 est
1885 4016 2152 4088 quomodo

574 4117 734 4173 amici
770 4114 873 4172 dici
910 4113 1148 4184 possint,
1199 4111 1293 4181 qui
1328 4110 1658 4165 amatoribus
1699 4107 1812 4164 suis
1855 4106 2151 4176 decipulam

574 4204 900 4279 paraverint.
921 4202 1092 4258 Verus
1116 4201 1259 4256 enim
1280 4199 1485 4254 amicus
1503 4206 1559 4252 et
1581 4197 1771 4263 fidelis,
1795 4206 1853 4252 ut
1875 4196 2154 4266 Scriptura

575 4305 824 4361 testatur,
861 4291 1122 4367 protectio
1147 4299 1230 4347 est
1270 4288 1442 4357 fortis,
1478 4288 1926 4344 medicamentum
1955 4287 2078 4342 vita:
2101 4295 2158 4342 ct

575 4385 1017 4446 immortalitatis.
1073 4382 1226 4440 Unde
1269 4388 1419 4453 patet
1449 4381 1592 4451 quod
1636 4395 1733 4451 per
1773 4377 2153 4448 antiphrasim,

576 4478 795 4549 injuste,
825 4474 1031 4530 amicus
1057 4472 1289 4537 dicatur,
1330 4470 1423 4541 qui
1452 4470 1709 4540 deceptor
1730 4482 1850 4523 esse
1875 4467 2154 4536 probatur.

2248 3288 2447 3345 Paulus
2472 3290 2744 3360 apostolus
2763 3291 2828 3346 ad
2843 3290 3155 3347 Corinthios
3168 3290 3387 3361 scripsit,
3405 3288 3589 3343 dicens:
3616 3278 3717 3333 «Non

2247 3380 2390 3436 enim
2430 3379 2675 3435 volumus
2704 3382 2951 3451 ignorare
2989 3396 3110 3448 vos,
3145 3381 3352 3443 fratres,
3383 3379 3443 3432 de
3466 3372 3718 3430 tribulatione

2249 3478 2452 3535 nostra,
2478 3486 2595 3540 qua:
2619 3469 2755 3525 facta
2782 3480 2867 3526 est
2889 3471 2942 3526 in
2968 3471 3127 3538 Asia,
3152 3470 3392 3541 quoniam
3413 3479 3550 3537 supra
3569 3460 3716 3517 modum

2248 3560 2457 3633 gravati
2484 3576 2671 3615 sumus
2683 3576 2843 3632 supra
2857 3562 3132 3625 virtutem,
3150 3562 3223 3617 ita
3238 3570 3294 3615 ut
3312 3558 3505 3613 traderet
3516 3567 3595 3608 nos
3611 3551 3717 3603 etiam

2212 3644 2218 3650 ’
2248 3652 2430 3706 vivere
2456 3649 2537 3722 (ΙΙ
2573 3648 2697 3705 Cor.
2726 3649 2847 3724 vn).
2885 3669 2905 3704 ι
2939 3651 3008 3707 Et
3032 3652 3204 3707 item:
3248 3668 3267 3701 ι
3308 3648 3430 3704 Cum
3453 3642 3717 3699 venissemus.

2249 3740 2462 3812 inquit,
2498 3738 2900 3807 Macedoniam,
2936 3741 3143 3796 nullam
3192 3739 3417 3810 requiem
3449 3731 3604 3791 habuit
3634 3738 3717 3781 caro

2250 3839 2455 3895 nostra,
2485 3830 2579 3887 sed
2616 3845 2834 3886 omnem
2876 3831 3276 3886 tribulationem
3315 3826 3448 3899 passi
3486 3839 3501 3877 :
3532 3819 3718 3883 {crispu-

2250 3937 2386 3993 gnaa,
2418 3922 2565 3976 intus
2608 3922 2828 3976 timores
2866 3920 3080 3992 (Ibid).
3126 3941 3146 3974 ι
3190 3918 3457 3975 Sciendum
3482 3924 3585 3966 vero
3622 3899 3717 3973 quod

2253 4017 2307 4072 in
2340 4032 2497 4072 sacro
2522 4015 2733 4085 eloquio
2756 4014 2958 4070 ventris
2984 4013 3073 4069 vel
3103 4014 3242 4069 uteri
3268 4009 3464 4066 nomine
3483 4015 3604 4060 mens
3629 3994 3719 4050 solet

2252 4108 2494 4180 intelligi.
2518 4107 2653 4162 Hine
2669 4115 2753 4161 est
2777 4106 2920 4161 enim
2943 4105 3091 4174 quod
3105 4120 3201 4175 per
3224 4102 3531 4158 Salomonem
3552 4089 3714 4145 dicitur:

2259 4217 2278 4250 ι
2315 4198 2558 4254 Lucerna
2592 4196 2801 4253 Domini
2830 4188 3158 4268 Spiraculum
3187 4190 3422 4253 hominis,
3442 4183 3716 4273 qttazinves'w

2254 4298 2346 4363 gat
2371 4289 2552 4345 omnia
2592 4295 2804 4343 secreta
2841 4286 3048 4341 ventris
3079 4284 3260 4357 (Prov.
3301 4281 3405 4351 xx).
3448 4297 3465 4329 ι
3499 4273 3590 4363 Lua
3617 4274 3713 4320 enim

2256 4361 2462 4456 #atiae,
2487 4396 2605 4451 qua:
2632 4382 2860 4449 desuper
2887 4379 3054 4443 venit,
3081 4375 3391 4449 spiraculum
3415 4361 3717 4456 hominispm'

2258 4449 2365 4528 stat
2393 4471 2460 4526 ad
2484 4449 2670 4525 vitam.
2693 4467 2821 4536 Qum
2846 4468 3097 4524 videlicet
3124 4467 3209 4522 lux
3237 4462 3402 4520 omnia
3428 4461 3598 4514 secreta
3618 4449 3716 4501 inve

578 4543 716 4622 sunt
736 4565 881 4620 enim
901 4563 993 4634 qui
1021 4563 1271 4619 dicuntur
1292 4560 1581 4627 amici,sed
1606 4559 1778 4631 magis
1798 4556 2153 4613 ostenduntur
2179 4548 2229 4609 D
2254 4562 2453 4631 stigare
2483 4559 2701 4624 dicitur,
2726 4557 2849 4627 quia
2879 4557 3091 4612 occulta
3120 4553 3308 4611 mentis
3335 4549 3594 4634 penetrant,
3614 4543 3657 4589 ιιι
3673 4543 3714 4583 θλ

576 4674 698 4716 esse
717 4657 940 4723 inimici,
966 4655 1092 4727 quia
1111 4653 1458 4725 egrediuntur
1477 4650 1544 4706 ad
1563 4649 1922 4714 inimicitiam,
1944 4647 2150 4713 odium,

577 4756 633 4804 et
677 4747 883 4813 rixam;
927 4754 985 4802 et
1028 4743 1268 4799 convicia
1305 4739 1611 4796 denudant:
1643 4737 1883 4793 convivae
1930 4737 2065 4790 tiunt
2098 4744 2155 4791 et

577 4839 707 4896 socii
732 4835 1069 4902 mensae,scd
1092 4848 1197 4890 non
1234 4841 1552 4904 permanent
1580 4830 1633 4884 in
1673 4829 1760 4884 die
1796 4827 2151 4883 necessitatis.

579 4931 737 4988 Tales
763 4934 889 4986 sunt
926 4925 1265 4991 hodietenus,
1292 4922 1387 4995 qui
1429 4920 1720 4978 carnaliter
1754 4918 1996 4975 viventes
2044 4919 2157 4975 suis

578 5019 988 5080 exsecutoribus
1035 5015 1398 5081 blandiuntur,
1425 5021 1480 5069 et
1518 5011 1851 5083 voluptatum
1889 5017 2156 5065 amatores

581 5116 753 5186 magis
797 5121 925 5169 sunt
961 5124 1123 5182 quam
1168 5108 1265 5163 Dei
1296 5125 1309 5161 :
1346 5114 1403 5162 et
1443 5105 1569 5161 dum
1598 5104 1702 5159 hoc
1730 5101 2075 5160 wnsentiunt
2101 5101 2154 5155 in

579 5203 788 5275 peccati
817 5202 1125 5274 voraginem
1146 5214 1241 5255 eos
1276 5211 1459 5253 secum
1489 5195 1727 5257 trahunt,
1760 5193 1832 5249 ita
1855 5199 1914 5246 ut
1940 5191 2159 5249 sceleris

582 5298 666 5353 sui
700 5307 978 5353 consortes
993 5295 1262 5351 cruciatus
1288 5291 1473 5348 aiterni
1511 5289 1715 5345 faciant
1745 5287 1864 5344 illos
1892 5302 2011 5343 esse
2032 5301 2158 5357 par-

585 5389 794 5460 ticipes.
825 5386 1037 5456 Quanta
1060 5394 1239 5441 autem
1265 5383 1347 5439 vis
1375 5397 1518 5438 verm
1552 5379 1803 5436 amicitiae
1827 5379 1919 5445 sit,
1951 5391 2019 5432 ex
2058 5378 2162 5433 hoc

585 5479 810 5551 intelligi
854 5479 1091 5534 maxime
1135 5484 1333 5547 potest,
1388 5474 1531 5545 quod
1559 5488 1627 5529 ex
1664 5470 1872 5528 inﬁnita
1902 5468 2162 5525 societate

586 5570 799 5641 generis
840 5568 1085 5634 humani,
1136 5581 1295 5637 quam
1342 5563 1651 5621 conciliavit
1681 5562 1795 5632 ipsa
1845 5566 2059 5625 natura,
2089 5558 2163 5613 ita

586 5666 862 5714 contracta
888 5672 976 5714 res
1007 5665 1091 5713 est
1116 5665 1172 5712 et
1218 5655 1446 5711 adducta
1474 5648 1529 5709 id
1563 5660 1867 5724 angustum,
1904 5658 1964 5706 ut
1987 5650 2164 5707 omnis

587 5747 826 5801 Charitas
853 5754 945 5801 aut
970 5748 1109 5801 inter
1131 5745 1283 5809 duos,
1311 5752 1401 5799 aut
1427 5744 1571 5799 inter
1593 5756 1796 5814 paucos
1816 5741 2158 5811 jnngeretur.

2256 4668 2377 4723 qum
2407 4652 2582 4723 ipsam
2613 4649 2850 4706 latebant
2878 4649 3114 4703 animam
3135 4688 3150 4713 ,
3177 4653 3297 4701 ante
3326 4641 3432 4711 ejus
3454 4631 3596 4691 ﬂenda
3626 4636 3714 4723 octi-

2257 4746 2339 4800 los
2367 4744 2609 4801 reducat.
2646 4740 2781 4797 [line
2802 4756 3015 4812 quoque
3046 4741 3160 4813 ipse
3192 4734 3435 4792 Jeremias
3465 4728 3511 4782 in
3548 4724 3716 4813 anteme

2261 4833 2409 4889 ribus
2457 4831 2535 4886 ait
2564 4848 2579 4885 :
2611 4848 2632 4883 ι
2664 4811 3135 4885 Ἶθηιιῖθηιίωθιὶω
3161 4824 3339 4888 doleo,
3362 4811 3714 4904 ventremgntttuklg"

2261 4924 2417 4981 doleo
2437 4921 2666 4996 (larem.
2689 4922 2786 4993 tv).
2812 4941 2831 4974 ι
2853 4920 2955 4988 Qui
2982 4929 3042 4976 ut
3068 4928 3305 4976 ventrem
3328 4923 3471 4999 suum
3484 4896 3716 4999 quiddiiif'

2261 5022 2345 5069 set
2369 4990 2702 5078 ostenderet,
2732 4990 3013 5080 adjunxit:
3052 5030 3075 5062 ς
3120 5008 3315 5065 Sensus
3338 4997 3501 5057 cordis
3518 4990 3603 5047 mei
3639 4990 3715 5035 ιον-

2262 5105 2375 5161 bati
2413 5110 2539 5160 sunt
2568 5100 2779 5175 (Ibid.).
2811 5121 2831 5155 ι
2870 5100 3022 5158 Utcri
3052 5101 3225 5169 itaque
3249 5092 3444 5152 nomine

2263 5193 2546 5263 accipitur,
2571 5171 2697 5265 quia
2725 5171 2868 5248 sicut
2891 5191 3072 5263 proles
3102 5193 3153 5246 in
3195 5197 3339 5244 utero
3376 5171 3714 5265 ωηοίρὶιιιτνξε

2260 5248 2607 5355 ωςίἶδῑίοἶιί
2624 5290 2805 5338 mente
2827 5248 3111 5355 generatur
3132 5286 3216 5334 :et
3236 5276 3365 5332 sicut
3384 5271 3430 5324 in
3453 5268 3604 5355 venire

2261 5346 2357 5428 ita.
2373 5373 2720 5429 continentur
2745 5372 2800 5426 in
2829 5346 3023 5427 vmente
3045 5367 3395 5442 cogitationes.
3424 5348 3589 5411 Fidelis
3613 5346 3712 5443 f‘f’f

2263 5466 2444 5521 anima
2473 5464 2860 5521 tentationibus
2903 5463 3067 5518 variis
3105 5432 3335 5530 fatigata.
3355 5445 3587 5540 ιιιθτίιοῗθ

2263 5557 2502 5628 forisque
2540 5563 2719 5611 morte
2756 5552 2919 5611 simili
2951 5555 3185 5610 attritum
3200 5517 3457 5617 deplorat,
3487 5517 3711 5630 q'uii

2260 5610 2730 5718 perscbutionibus
2762 5653 2817 5700 et
2848 5644 2994 5699 intus
3043 5636 3290 5712 angustiis
3334 5619 3525 5684 lacerari

2264 5697 2493 5809 ignorat.
2521 5735 2677 5806 Saepe
2702 5736 2844 5791 enim
2868 5733 3000 5791 foris
3019 5697 3231 5804 ﬂagellis
3253 5719 3518 5779 atterimur,
3543 5709 3585 5757 et
3609 5697 3707 5749 ωωδ
