3970 6190
372 338 506 398 ’119⁸1

1219 340 1580 397 EXPOSITIO
1616 340 1846 396 SUPER.
1878 338 2243 395 JEREMIAM.
2285 370 2353 381 —-
2393 341 2518 396 LIB.
2562 341 2741 398 XVlll.

3488 351 3625 405 ttss

369 456 570 512 carnali
597 456 943 526 suggestione
974 454 1279 526 fatigamur.
1313 454 1465 511 Unde
1497 469 1639 510 nunc
1680 453 1944 509 Jeremias
1972 455 2021 515 Α
2048 449 2227 505 futura
2244 453 2577 521 probibctur,
2592 454 2689 510 sed
2706 456 2831 511 dum
2849 455 3121 527 inopinata
3150 458 3295 516 salus
3318 464 3625 531 percussio-

368 548 420 601 in
455 545 704 615 praasenti
741 544 1125 600 lamentatione
1162 543 1424 615 deplorat.
1463 545 1694 600 dicens:
1733 562 1754 596 ι
1789 543 1945 599 Foris

368 635 622 691 interﬁcit
658 636 887 705 gladius,
928 644 985 690 et
1002 636 1148 691 domi
1177 650 1324 692 mors
1350 636 1543 691 similis
1584 643 1690 691 est.
1729 652 1749 687 ι
1788 632 1944 690 Foris

367 727 510 780 enim
537 725 744 797 gladius
771 725 1046 789 interficit,
1070 741 1192 781 cum
1219 740 1318 782 nos
1342 727 1581 781 exterius
1609 723 1811 781 feriens
1828 724 1946 779 vin-

366 818 508 872 dicta
533 816 778 881 conﬁcit;
802 816 897 871 sed
916 806 1063 870 domi
1090 829 1234 870 mors
1258 814 1450 871 similis
1489 822 1592 879 est,
1622 814 1748 885 quia
1775 822 1833 869 et
1853 813 1948 869 ﬂa-

368 912 506 983 gella
535 909 750 980 quidem
782 909 1051 972 sustinet,
1094 916 1150 963 ct
1180 917 1358 962 tamen
1389 907 1532 962 intus
1558 905 1888 962 conscientia
1915 921 1946 959 ιι

371 999 727 1055 tentationum
748 997 997 1054 sordibus
1018 998 1213 1052 munda
1230 1013 1336 1053 non
1360 990 1461 1053 est.
1488 997 1623 1053 Hinc
1640 996 1808 1053 David
1829 997 1905 1051 ait
1929 1015 1947 1051 τη

375 1109 392 1141 ι
429 1089 582 1143 Fiant
604 1096 859 1157 tanquam
893 1087 1068 1157 pulvis
1095 1095 1219 1142 ante
1241 1086 1433 1143 faciem
1458 1088 1627 1152 venti,
1651 1097 1706 1144 et
1727 1087 1948 1158 angelus

371 1179 580 1234 Domini
604 1177 844 1249 afﬂigens
870 1192 965 1233 eos
994 1175 1167 1249 (Paul.
1194 1179 1256 1248 ι).
1296 1198 1314 1230 ι
1352 1178 1489 1245 Quia
1517 1178 1659 1234 enim
1706 1179 1760 1232 in
1786 1178 1951 1233 corde

369 1285 466 1329 suo
486 1285 617 1326 aura
639 1268 952 1323 teutationis
980 1268 1207 1339 rapitur,
1235 1268 1389 1338 quasi
1430 1276 1556 1324 ante
1582 1268 1727 1323 venti
1752 1267 1947 1323 faciem

368 1360 544 1430 pulvis
593 1361 852 1415 elevatur.
905 1359 1041 1414 Dum
1092 1360 1232 1414 inter
1286 1362 1402 1415 hate
1447 1359 1628 1414 divina
1683 1359 1950 1415 districtio

371 1453 632 1521 percutit,
668 1452 797 1522 quid
839 1450 984 1506 aliud
1024 1466 1187 1521 quam
1225 1450 1448 1523 angelus
1486 1451 1699 1506 Domini
1728 1450 1950 1523 afﬂigit?

372 1541 476 1597 Sed
506 1542 620 1599 bazc
641 1542 800 1598 aliter
827 1551 1059 1614 aguntur
1085 1557 1117 1596 a
1165 1542 1430 1612 reprobis,
1462 1542 1621 1598 aliter
1643 1542 1711 1597 ab
1740 1543 1947 1599 electis.

369 1632 583 1686 illorum
607 1646 839 1701 namque
867 1631 1030 1687 corda
1055 1630 1128 1686 ita
1160 1640 1460 1698 tentantur,
1484 1641 1545 1686 ut
1568 1631 1946 1686 consentiant:

372 1723 600 1778 istorum
657 1737 786 1777 vero
836 1722 1163 1778 tentationes
1209 1723 1424 1792 quidem
1472 1724 1803 1795 suscipiunt,
1856 1724 1949 1779 sed

2050 555 2174 596 nem
2219 543 2491 611 sequitur,
2547 544 2805 603 salvantis
2862 546 3039 603 virtus
3089 552 3301 620 cognita
3348 554 3629 612 ardentius

2047 640 2279 687 ametur.
2312 631 2445 689 Cum
2475 635 2724 693 innoxius
2750 637 2961 710 ﬂagello
3001 642 3271 707 atteritur,
3295 644 3343 699 ei
3386 661 3484 716 per
3528 663 3627 716 pa-

2049 720 2296 776 tientiam
2348 738 2557 778 summa
2607 726 2929 783 cumuletur.
2981 728 3134 795 Quod
3175 730 3339 786 etiam
3384 736 3631 806 exempto

2049 811 2260 881 prolato
2287 812 2519 869 lucidius
2544 815 2624 869 ﬁt.
2645 815 2948 887 Aliquando
2983 821 3126 876 enim
3162 833 3416 893 peccator
3439 841 3641 897 percu»

2050 901 2202 967 titur,
2224 912 2286 958 ut
2333 904 2537 975 absque
2584 910 2966 966 retractatione
3004 913 3280 982 puniatur,
3309 916 3452 971 sicut
3485 920 3628 987 pcri‘

2050 1003 2188 1049 tunc
2223 993 2424 1051 Judaete
2469 995 2712 1052 dicitur:
2759 1019 2778 1051 ι
2829 999 2991 1070 Plaga
3040 1003 3243 1060 inimici
3290 1010 3533 1076 percussi
3581 1018 3633 1064 te

2052 1084 2406 1157 castigatione
2425 1087 2629 1142 crudeli
2655 1087 2790 1158 (Jer.
2819 1093 2973 1164 xxx).
3011 1113 3031 1145 ι
3065 1095 3132 1150 Ει
3152 1111 3364 1154 rursum
3392 1117 3406 1152 :
3443 1118 3461 1151 ι
3493 1100 3631 1167 Quid

2053 1175 2257 1230 clamas
2283 1176 2349 1230 ad
2374 1190 2460 1231 me
2480 1193 2646 1248 super
2671 1182 2999 1239 contritione
3027 1187 3160 1240 tua?
3204 1187 3523 1244 lnsanabilis
3552 1202 3640 1245 est

2054 1265 2207 1322 dolor
2232 1278 2374 1324 tuus.
2416 1288 2434 1321 ι
2469 1267 2540 1324 Ut
2579 1272 2887 1341 corrigatur
2914 1283 3093 1329 autem
3139 1276 3425 1346 aliquando
3451 1296 3652 1350 peeca»

2055 1366 2142 1413 tor
2169 1358 2487 1430 percutitur,
2517 1361 2669 1415 utait
2701 1360 2958 1418 Dominus
2988 1364 3041 1418 in
3071 1365 3362 1437 Evangelia
3394 1387 3406 1422 :
3444 1389 3463 1419 ι
3501 1371 3637 1427 Ecce

2055 1462 2223 1504 sanus
2251 1448 2426 1505 factus
2452 1465 2541 1515 es,
2562 1449 2676 1519 jam
2698 1453 2808 1510 noli
2831 1468 3059 1522 peccare
3085 1455 3272 1529 (Joau.
3298 1457 3374 1530 v).
3411 1479 3430 1513 ι
3464 1461 3637 1517 Verba

2055 1539 2202 1596 enim
2250 1540 2512 1597 salvantis
2539 1542 2801 1608 indicant,
2848 1546 2977 1615 quia
3026 1556 3247 1616 peccata
3277 1554 3637 1620 praecedentia

2058 1628 2226 1684 habiti
2274 1630 2379 1684 vim
2443 1631 2644 1687 doloris
2692 1634 2993 1704 exigebant.
3042 1636 3346 1707 Aliquando
3407 1642 3636 1711 quisque

2060 1733 2166 1773 non
2216 1734 2315 1790 pro
2358 1723 2632 1791 praeterita
2668 1723 2824 1793 culpa
2854 1725 3138 1795 diluenda,
3167 1729 3260 1783 sed
3310 1745 3410 1801 pro
3460 1732 3636 1788 futura

373 1822 690 1884 repugnant.
747 1813 964 1869 Illorum
1017 1829 1112 1869 cor
1167 1815 1558 1873 delectabiliter
1612 1818 1843 1887 capitur,
1894 1825 1951 1871 et
1982 1798 2026 1857 Β
2052 1807 2267 1863 Vitanda
2296 1812 2615 1879 percutitur.
2666 1812 2818 1880 Quod
2851 1826 3038 1885 aperte
3081 1817 3280 1876 Paulus
3312 1798 3393 1877 Vde
3438 1834 3637 1879 semet-

372 1905 417 1960 si
457 1905 524 1958 ad
568 1912 777 1974 tempus
825 1905 967 1974 quod
1007 1905 1146 1960 male
1182 1908 1508 1977 suggeritur,
1553 1908 1817 1978 displicet,
1856 1910 1951 1964 sed

374 1994 711 2066 postmodum
740 2010 839 2064 per
867 1994 1309 2052 deliberationem
1352 1996 1517 2053 lubet.
1559 1998 1649 2053 lsti
1702 2013 1828 2053 vero
1871 1999 1952 2054 sic

376 2089 731 2143 teutationum
757 2087 934 2156 jacula
965 2089 1239 2159 excipiunt
1265 2128 1281 2156 ,
1309 2098 1369 2144 ut
1394 2105 1608 2162 semper
1651 2093 1952 2148 resistendo

377 2180 697 2250 fatigentur,
725 2188 780 2233 et
810 2178 854 2233 si
886 2179 1102 2248 quando
1144 2194 1318 2249 usque
1349 2180 1417 2234 ad
1462 2180 1799 2236 dilectionem
1834 2189 1950 2236 ten-

379 2277 488 2324 tata
540 2283 691 2325 mens
717 2268 961 2338 rapitur:
996 2268 1167 2338 ipsam
1216 2277 1396 2324 tamen
1444 2270 1605 2326 citius
1652 2271 1951 2339 subreptio-

381 2377 502 2417 nem
531 2377 643 2418 sua:
682 2360 1055 2416 delectationis
1082 2360 1411 2416 erubescunt
1436 2398 1452 2426 ,
1480 2369 1535 2416 et
1565 2360 1687 2415 forti
1723 2375 1950 2415 censura

378 2452 702 2522 redarguunt
727 2450 985 2522 quidquid
1016 2451 1155 2505 intra
1198 2466 1258 2506 sc
1290 2465 1579 2523 exsurgere
1606 2451 1819 2507 carnale
1860 2452 1951 2508 dc-

376 2544 732 2615 prehendunt.
993 2618 998 2622 _
1467 2542 1479 2559 ‘

446 2633 559 2690 Sin.
598 2653 617 2686 ι
654 2634 953 2689 Auiierunt
974 2634 1098 2704 quia
1127 2633 1418 2705 ingemisco
1463 2650 1591 2705 ego,
1624 2644 1680 2691 et
1718 2651 1823 2691 non
1869 2647 1951 2693 est

382 2745 399 2777 ι
440 2725 531 2795 qui
559 2724 867 2781 consoletur
912 2740 1016 2779 me.
1065 2723 1266 2781 Omnes
1295 2725 1497 2781 inimici
1526 2726 1630 2781 mei
1665 2728 1954 2783 audierunt

383 2838 400 2869 ι
446 2817 648 2872 malum
673 2818 1167 2884 meum,Domine,
1201 2819 1362 2873 laetati
1418 2828 1544 2874 sunt
1591 2821 1844 2889 quoniam
1895 2830 1951 2875 tu

384 2928 400 2958 ι
447 2907 640 2964 fecisti.
671 2908 953 2965 Adduxisti
985 2910 1125 2964 diem
1148 2909 1547 2973 consolationis,
1567 2918 1623 2965 et
1649 2910 1779 2966 ﬁent
1798 2912 1950 2967 simio

381 3024 399 3056 ι
446 2998 528 3062 les
548 3000 671 3054 mei.
711 3020 731 3051 ι
762 3000 1013 3055 Anxianti
1055 3001 1250 3057 animae
1289 3012 1346 3056 ct
1390 3002 1664 3058 laboribus
1707 3001 1947 3069 afﬂictae,

379 3096 480 3152 hoc
515 3097 729 3153 videtur
771 3104 892 3145 esse
930 3099 1278 3160 augmentum
1321 3091 1539 3158 doloris,
1570 3093 1713 3163 quod
1754 3092 1842 3149 ille
1894 3094 1949 3149 in

2053 1901 2172 1972 ipso
2222 1903 2389 1958 dicit:
2428 1920 2448 1954 ι
2496 1904 2577 1959 Ne
2628 1907 2943 1976 magnitudo
2971 1910 3370 1967 revelationum
3416 1916 3640 1971 extollat

2052 2007 2163 2060 me,
2206 2011 2226 2046 ι
2256 2003 2308 2049 et
2334 2003 2530 2050 caetera
2566 1993 2618 2067 (1
2651 1994 2773 2051 Cor.
2823 1998 2945 2069 χιι).
2979 1998 3095 2054 Νοη
3145 2001 3242 2066 ait,
3282 2004 3510 2068 extollit,
3543 2006 3637 2060 sed

2051 2097 2116 2136 ne
2143 2080 2381 2149 extollat,
2405 2092 2592 2153 aperte
2617 2084 2864 2142 indicans
2898 2089 3041 2158 quod
3075 2093 3423 2160 percussione
3454 2095 3545 2149 illa
3574 2113 3642 2151 ne

2049 2172 2264 2228 eveniat
2296 2174 2690 2245 compescitur,
2726 2191 2833 2232 non
2863 2194 2984 2248 quae
3010 2181 3190 2235 evenit
3234 2183 3389 2253 culpa
3435 2199 3636 2256 purga-

2051 2272 2159 2320 tur.
2212 2263 2605 2336 Nonnunquam
2668 2282 2800 2324 vero
2827 2269 3057 2340 quisque
3098 2286 3197 2327 nec
3226 2288 3326 2343 pro
3364 2277 3636 2345 przetcrita

2051 2369 2225 2424 neque
2281 2354 2460 2411 futura
2489 2357 2775 2429 iniquitate
2818 2360 3139 2429 percutitur,
3188 2363 3283 2418 scd
3319 2373 3378 2417 ut
3412 2365 3527 2419 sola
3551 2368 3636 2420 di-

2049 2447 2190 2503 vina:
2252 2448 2468 2505 virtutis
2530 2450 2771 2520 potentia
2830 2466 2894 2507 ex
2953 2463 3233 2523 amputata
3290 2457 3641 2525 percussione

2051 2547 2401 2597 monstretur.
2431 2540 2580 2597 Unde
2605 2542 2984 2615 cumDomino
3010 2545 3063 2599 in
3095 2545 3385 2617 Evangelio
3406 2549 3474 2604 de
3491 2564 3636 2604 caeco

2052 2637 2179 2684 nato
2216 2629 2452 2686 dicitur:
2490 2649 2509 2684 ι
2544 2630 2644 2689 Hic
2667 2634 2934 2703 peccavit,
2967 2643 3061 2689 aut
3103 2645 3357 2706 parentes
3407 2636 3547 2706 ejus,
3579 2649 3641 2694 ut

2050 2736 2227 2776 aecus
2276 2732 2625 2791 nasceretur,
2680 2744 2699 2776 ι
2753 2727 3027 2796 respondit
3071 2727 3329 2784 Dominus
3379 2730 3566 2787 dicens
3620 2749 3653 2791 ιη

2058 2830 2077 2862 ι
2121 2811 2306 2883 Neque
2357 2814 2447 2870 hic
2490 2816 2759 2883 peccavit,
2789 2832 2964 2887 neque
2990 2827 3243 2888 parentes
3281 2820 3419 2890 ejus,
3452 2824 3545 2877 sed
3582 2830 3642 2876 ut

2052 2905 2465 2960 manifestentur
2504 2922 2667 2976 Opera
2718 2907 2814 2963 Dei
2845 2909 2898 2962 in
2927 2908 3017 2963 illo
3045 2910 3227 2981 (Joan.
3260 2911 3357 2984 rx).
3400 2932 3420 2965 ι
3449 2913 3505 2968 1η
3531 2929 3636 2983 qua

2051 2995 2491 3052 manifestatione
2532 2997 2661 3067 quid
2701 2998 2902 3067 agitur,
2951 3000 3056 3055 nisi
3080 3009 3138 3055 ut
3176 3016 3245 3056 ex
3289 3001 3497 3072 ﬂagello
3521 3021 3637 3059 mc—

2051 3086 2280 3142 ritorum
2312 3088 2486 3143 virtus
2528 3098 2808 3161 augeatur,
2843 3106 3034 3162 magna
3063 3091 3131 3147 de
3170 3094 3434 3162 patientia
3483 3095 3633 3150 furti—

375 3200 484 3254 quo
521 3201 675 3255 spem
710 3188 899 3242 ιιιιιιυιῑ
916 3187 1315 3255 consolationis,
1350 3179 1528 3239 differt
1565 3161 1722 3251 opem
1759 3181 1952 3240 alter-re
1977 3161 2022 3220 (ἶ
2056 3176 2182 3234 tudo
2205 3178 2528 3247 generetur?
2553 3176 2659 3233 Sed
2689 3179 2816 3233 dum
2854 3161 2999 3247 juste
3042 3161 3301 3237 Dominus
3348 3184 3638 3254 unicuique

376 3275 575 3332 solatii.
603 3275 715 3331 Nec
740 3292 844 3331 non
878 3286 934 3332 et
962 3278 1067 3334 hoc
1102 3280 1399 3335 maximum
1430 3270 1507 3334 illi
1547 3271 1784 3327 (“‘10me
1810 3274 1955 3346 inge-

380 3365 469 3430 rit,
497 3364 639 3434 quod
662 3379 783 3419 eam
809 3366 1012 3422 inimici
1034 3368 1282 3424 derident
1300 3409 1314 3435 ,
1336 3370 1491 3439 quasi
1514 3385 1609 3440 spe
1638 3370 1894 3427 frustrata
1924 3379 1953 3418 a

376 3456 601 3511 Domino
641 3470 739 3512 suo
772 3457 910 3512 hanc
936 3459 1160 3514 haberet
1187 3459 1534 3515 calumniam.
1565 3462 1693 3517 Tale
1718 3474 1803 3518 est
1824 3464 1955 3520 illud

376 3548 671 3604 Psalmisltc
716 3568 730 3602 ;
791 3568 809 3599 ι
865 3548 966 3616 Qui
1015 3550 1417 3616 custodiebant,
1469 3551 1670 3622 inquit,
1715 3555 1950 3609 animam

376 3653 570 3705 meam,
606 3639 887 3695 consilium
919 3638 1161 3695 fecerunt
1187 3640 1239 3695 in
1282 3656 1469 3705 unum,
1497 3641 1783 3698 dicentes:
1814 3645 1953 3700 Dens

376 3731 658 3802 dereliquit
718 3746 840 3787 eum
867 3771 883 3797 ,
931 3731 1313 3801 persequimini
1338 3771 1353 3797 ,
1407 3743 1466 3787 et
1514 3735 1953 3804 comprehendite

374 3838 497 3877 eum
533 3822 657 3894 quia
703 3837 811 3877 non
860 3830 943 3877 est
981 3823 1074 3892 qui
1120 3822 1312 3891 eripiet
1346 3836 1470 3879 eum
1520 3820 1694 3894 (Paul.
1737 3824 1888 3895 cxx).
1927 3843 1948 3876 ι

375 3914 444 3971 Et
470 3916 523 3969 in
547 3915 836 3988 Evangelia
858 3913 1028 3971 Judzei
1050 3915 1334 3971 Dominum
1355 3916 1410 3972 in
1437 3930 1600 3971 cruce
1633 3931 1953 3987 suspensum

378 4004 674 4063 irridebant
697 4045 712 4072 ,
736 4005 1016 4061 dicentes:
1052 4025 1070 4057 ι
1103 4006 1252 4061 Alios
1295 4005 1474 4061 salvos
1505 4005 1651 4073 fecit,
1672 4021 1733 4063 se
1777 4008 1950 4077 ipsum

376 4111 483 4152 non
507 4104 686 4167 potest
709 4096 914 4152 salvum
949 4095 1147 4153 facere.
1175 4096 1231 4151 Si
1264 4110 1359 4152 rex
1386 4095 1551 4152 Israel
1580 4106 1686 4164 est,
1726 4097 1953 4154 descen-

376 4187 469 4244 dat
487 4203 629 4245 nunc
653 4188 720 4244 de
761 4202 944 4253 cruce,
970 4196 1030 4243 et
1067 4188 1349 4243 credemus
1374 4187 1448 4242 ei.
1478 4185 1711 4244 Conﬁdit
1735 4189 1789 4244 in
1818 4190 1948 4256 Deo,

374 4279 563 4335 liberet
588 4294 711 4335 eum
739 4294 881 4333 nunc
901 4279 946 4333 si
969 4277 1304 4351 vult(Matth.
1321 4277 1510 4349 xxvii).
1533 4297 1552 4330 ι
1587 4278 1699 4334 Sed
1720 4278 1842 4335 talis
1875 4294 1952 4334 to-

375 4369 531 4439 quela
558 4368 837 4424 manifesta
851 4377 933 4423 est
948 4367 1296 4437 blaSpbemia,
1311 4382 1431 4437 quae.
1453 4383 1558 4423 non
1572 4368 1717 4422 laedit
1739 4368 1950 4438 pericli-

375 4469 598 4525 tantem,
630 4461 727 4516 sed
768 4459 1021 4515 interﬁcit
1046 4458 1525 4529 blasphemantem.
1557 4457 1674 4513 Non
1692 4467 1776 4515 est
1805 4460 1948 4515 enim

376 4554 431 4608 iu
451 4551 559 4609 ullo
590 4549 1091 4621 reprehendendum
1122 4547 1384 4617 judicium
1431 4547 1542 4611 Dei,
1573 4549 1717 4618 quod
1737 4563 1952 4620 semper

367 4642 572 4712 justum
594 4650 699 4706 est,
725 4640 938 4711 etjuste
966 4639 1202 4710 disponit
1225 4638 1428 4705 omnia,
1456 4638 1551 4694 sed
1582 4641 1947 4696 venerandum

375 4720 538 4805 atque
577 4734 894 4799 timendum,
922 4732 1051 4804 quia
1080 4731 1263 4786 omnia
1313 4745 1648 4802 quacunque
1692 4731 1806 4787 vult
1845 4732 1952 4789 Do-

375 4828 583 4893 minus,
609 4825 739 4881 facit
767 4826 819 4880 in
843 4824 981 4880 cmlo
1008 4823 1138 4879 etin
1169 4832 1334 4889 terra,
1361 4822 1415 4876 in
1442 4823 1580 4877 mari
1606 4830 1662 4879 et
1688 4823 1744 4877 in
1775 4824 1953 4879 omni-

372 4920 476 4975 bus
503 4917 712 4989 abyssis
740 4916 949 4985 :justus
974 4916 1231 4970 Dominus
1251 4914 1307 4969 in
1333 4915 1586 4971 omnibus
1611 4915 1715 4971 viis
1741 4916 1873 4979 suis,
1896 4925 1955 4972 et

374 5016 599 5064 sanctus
624 5007 678 5062 in
707 5007 957 5062 omnibus
998 5005 1254 5076 operibus
1296 5005 1444 5072 suis,
1485 5019 1586 5061 nec
1614 5004 1951 5076 derelinquat

374 5115 569 5156 cautes
607 5107 886 5170 sperantes
914 5098 968 5153 in
1007 5112 1090 5164 se,
1110 5097 1219 5152 imo
1243 5097 1519 5154 orationes
1558 5112 1742 5154 eorum
1784 5112 1948 5153 exau-

2054 3266 2349 3321 secundum
2394 3280 2556 3336 opera
2586 3283 2683 3322 sua
2728 3269 2996 3336 retribuit,
3041 3270 3331 3326 videndum
3376 3283 3461 3328 est
3506 3276 3637 3343 quid

2054 3356 2339 3426 sequitur:
2374 3375 2392 3407 ι
2428 3355 2736 3422 Adduxisti,
2783 3358 2975 3429 inquit.
3029 3360 3172 3416 diem
3228 3362 3637 3429 consolationis.

2052 3455 2109 3511 et
2152 3445 2283 3505 [leni
2312 3447 2518 3505 Similes
2560 3448 2688 3510 inci.
2719 3468 2742 3503 δ
2773 3449 3082 3513 Consolatio
3108 3470 3267 3528 ergo,
3291 3470 3414 3531 qua:
3439 3455 3637 3531 injuste

2051 3549 2325 3619 oppressis
2349 3563 2379 3602 a
2408 3548 2633 3603 Domino
2654 3549 2952 3614 confertur,
2983 3556 3038 3605 et
3062 3564 3246 3620 poena,
3270 3566 3392 3621 quzc
3415 3567 3638 3624 oppres-

2053 3639 2268 3695 scribus
2287 3654 2475 3694 eorum
2500 3639 2698 3694 merito
2722 3637 2981 3710 inﬂigitur
3002 3679 3017 3705 ,
3047 3655 3110 3695 ex
3130 3638 3281 3708 justo
3312 3640 3516 3711 judicio
3532 3642 3633 3699 ‘Dei

2051 3731 2371 3800 procedunt,
2404 3738 2463 3786 ut
2492 3730 2723 3801 recipiat
2754 3732 3125 3802 unusquisque
3146 3735 3360 3804 propria
3388 3735 3635 3805 corporis

2051 3832 2211 3893 prout
2249 3821 2448 3892 gessit,
2486 3821 2602 3879 sive
2644 3822 2845 3877 bonum
2892 3824 3005 3878 sive
3059 3825 3281 3880 malum.
3332 3808 3495 3881 Ptnna
3549 3839 3633 3882 est

2052 3911 2425 3983 reproborum,
2457 3914 2549 3983 qui
2581 3913 2757 3969 aliena
2790 3912 3047 3970 felicitate
3066 3916 3395 3971 cruciantur.
3442 3918 3629 3973 Addu-

2053 4003 2130 4058 cit
2150 4016 2279 4071 ergo
2326 4002 2507 4058 divina
2548 4002 2858 4070 clementia,
2889 4013 3009 4074 post
3039 4004 3240 4066 illatam
3296 4009 3469 4063 servis
3518 4010 3632 4065 suis

2052 4092 2245 4165 ﬂagelli
2297 4095 2727 4166 correptionem,
2779 4097 2884 4166 pia
2937 4097 3299 4154 miserationis
3346 4108 3630 4170 paternam

2053 4185 2494 4251 consolationem,
2522 4194 2583 4240 ut
2607 4193 2731 4256 post
2771 4186 3081 4242 diuturnum
3110 4187 3347 4244 laborem
3397 4189 3633 4246 habeant

2054 4276 2352 4345 respirandi
2396 4285 2757 4346 potestatem;
2819 4287 2875 4333 et
2937 4293 2970 4334 e
3011 4280 3285 4336 contrario
3336 4282 3629 4338 tortoribus

2052 4381 2236 4422 eorum
2266 4375 2391 4436 post
2428 4382 2624 4422 vanam
2654 4370 2839 4424 mundi
2869 4369 3108 4425 laetitiam
3147 4370 3310 4442 justae
3330 4372 3621 4429 damnatio-

2056 4455 2143 4509 nis
2187 4454 2379 4510 reddet
2432 4455 2741 4511 diuturnam
2797 4457 3124 4514 calamitatis
3177 4462 3522 4530 muastitiam,
3566 4474 3629 4519 ut

2054 4545 2318 4615 recipiant
2372 4546 2425 4600 in
2467 4546 2773 4616 semetipsis
2822 4549 2963 4617 quod
3017 4548 3198 4619 inique
3247 4565 3531 4622 gesserunt
3572 4556 3625 4610 in

2051 4637 2333 4708 proximis.
2387 4638 2480 4695 Sic
2538 4637 2601 4693 ﬂt
2637 4648 2697 4693 ut
2743 4640 3001 4709 patientia
3056 4651 3365 4699 sanctorum
3402 4660 3626 4702 eumne-

2056 4742 2166 4797 tur,
2187 4739 2243 4785 et
2271 4728 2534 4800 iniustitia
2574 4730 2879 4800 iniquorum
2919 4732 3191 4800 puniatur.
3215 4733 3369 4801 Quod
3392 4745 3451 4790 et
3487 4735 3624 4790 Pau-

2052 4823 2137 4877 lus
2186 4821 2461 4891 apostolus
2514 4821 2568 4875 in
2618 4820 2853 4891 Epistula
2898 4837 2995 4877 sua
3056 4823 3321 4890 ostendit,
3371 4824 3557 4881 dicens
3608 4846 3620 4880 :

2060 4935 2078 4967 ι
2113 4914 2326 4973 Justum
2354 4924 2437 4970 est
2485 4914 2623 4984 apud
2670 4916 2834 4970 Deum
2867 4917 3167 4973 retribuere
3219 4919 3618 4975 tribulationem

2048 5006 2135 5063 bis
2177 5008 2268 5077 qui
2317 5022 2414 5062 vos
2444 5006 2724 5070 tribulant,
2747 5015 2806 5063 et
2829 5008 3000 5073 vobis,
3023 5009 3115 5078 qui
3149 5010 3497 5077 tribulamini,
3538 5027 3624 5066 re-

2049 5099 2228 5168 quiem
2275 5097 2591 5162 nobiscum,
2646 5098 2703 5152 in
2751 5098 3079 5155 revelatione
3117 5100 3328 5156 Domini
3372 5102 3498 5158 Iesu
3553 5106 3619 5159 de

375 5190 503 5255 diet,
527 5197 582 5244 et
606 5189 784 5245 salvos
829 5187 991 5243 faciet
1016 5203 1130 5244 eos.
1185 5188 1293 5244 Sed
1319 5188 1616 5243 notandum
1655 5190 1797 5259 quod
1824 5204 1949 5261 per-
2046 5189 2184 5244 caelo
2205 5204 2328 5244 cum
2347 5188 2553 5260 angelis
2578 5188 2794 5244 virtutis
2820 5189 2955 5259 ejus.
2977 5190 3033 5245 ln
3051 5189 3266 5246 ﬂamma
3291 5192 3429 5264 ignis
3442 5193 3620 5250 dantis

376 5280 680 5335 cussionum
732 5278 940 5335 diversa
987 5287 1114 5336 sunt
1158 5293 1375 5350 genera.
1423 5279 1542 5335 Alia
1585 5296 1820 5351 namque
1864 5293 1949 5338 est
2045 5277 2339 5334 vindictam
2383 5279 2469 5333 bis
2516 5278 2609 5347 qui
2649 5293 2756 5334 non
2796 5290 3060 5334 noverunt
3087 5281 3276 5347 Deum,
3305 5294 3363 5338 et
3387 5285 3480 5354 qui
3510 5300 3618 5340 non

375 5372 672 5444 percussio,
703 5386 809 5441 qua
829 5379 1083 5442 peccator
1108 5371 1427 5440 percutitur,
1454 5379 1514 5426 ut
1530 5371 1648 5426 sine
1678 5380 1943 5426 retracta-

377 5463 523 5527 tione
541 5462 816 5532 puniatur,
856 5461 959 5517 alia
981 5476 1084 5531 qua
1105 5470 1357 5530 peccator
1376 5463 1699 5532 percutitur,
1728 5471 1788 5516 ut
1827 5477 1946 5518 cor-

378 5554 601 5625 rigatur,
628 5551 731 5606 alia
757 5566 862 5621 qua
888 5565 1271 5620 nonnunquam
1311 5551 1579 5621 quispiam
1625 5553 1944 5621 percutitur,

378 5658 485 5698 non
507 5642 852 5712 utpraaterita
878 5640 1132 5711 corrigat,
1161 5640 1255 5694 sed
1284 5655 1352 5696 ne
1373 5648 1595 5694 ventura
1621 5641 1947 5706 committat,

376 5732 481 5789 alia
507 5748 603 5803 per
653 5748 812 5802 quam
856 5745 955 5785 nec
1007 5730 1272 5800 pratterita
1303 5730 1457 5799 culpa
1507 5730 1811 5800 corrigitur,
1846 5746 1946 5785 nec

2048 5367 2309 5423 obediunt
2334 5367 2621 5437 Evangelio
2661 5368 2870 5423 Domini
2923 5372 3093 5425 nostri
3136 5370 3263 5428 Jesu
3303 5372 3613 5447 Cbrist'r(tl

2052 5457 2230 5512 Thess.
2261 5457 2359 5528 1).»,
2397 5457 2474 5513 De
2494 5473 2601 5527 quo
2626 5458 2801 5513 adhuc
2820 5459 3068 5515 subditur
3103 5479 3116 5514 :

2122 5545 2294 5601 Titan.
2332 5566 2356 5597 ε
2410 5546 2743 5618 ingrediatur
2771 5563 2932 5603 omne
2959 5551 3159 5607 malum
3198 5568 3383 5608 eorum
3430 5570 3615 5612 coram

2056 5656 2073 5688 ι
2123 5646 2196 5703 te,
2225 5646 2281 5691 et
2303 5646 2356 5691 tu
2389 5637 2661 5691 vindemia
2703 5652 2798 5694 cos
2829 5639 2964 5694 sicut
2998 5641 3339 5699 vindemiasti
3365 5661 3449 5699 me
3492 5662 3637 5717 pru-,

2058 5747 2075 5778 ι
2121 5736 2241 5796 pter
2286 5743 2474 5782 omnes
2523 5728 2831 5797 iniquitates
2875 5746 3040 5787 meas.
3083 5732 3230 5789 Multi
3265 5751 3405 5792 enim
3442 5740 3613 5805 geuu-
