3970 6190
402 391 406 397 ,
459 327 590 386 nso

1091 333 1150 386 Β.
1194 333 1444 387 RABANI
1482 333 1696 389 MAUBI
1735 334 2048 388 Alttlllllil’.
2093 335 2698 391 ML)G|.I.\"I'.UPERUM
2739 335 2918 391 PARS
2957 335 3042 391 Ill.

3543 345 3651 400 £9.60

447 455 533 498 tus
561 457 687 507 utet,
713 452 768 496 et
805 456 900 496 cor
932 458 1110 497 meum
1143 459 1394 499 moerens.
1433 464 1450 495 ι
1484 443 1596 499 Hoc
1639 447 1837 515 quippe
1876 456 2014 509 erat,
2048 452 2096 510 Α
2123 447 2302 502 Aaron
2337 448 2580 513 educata,
2615 451 2688 504 ita
2714 460 2773 505 ut
2814 450 3071 506 vocabulo
3117 451 3333 507 scabelli
3379 456 3551 525 pedum
3574 460 3656 514 Du-

441 534 678 589 fidelium
729 531 880 587 turba
937 540 994 586 ut
1049 543 1438 589 rememoretur
1484 535 1536 588 in
1583 548 1874 606 conspectu
1924 539 2014 592 Dei

439 633 851 694 persecutorum
876 639 1095 680 suorum
1127 625 1301 696 plaga,
1329 635 1594 696 quatenus
1631 643 1726 683 eos
1766 645 1864 699 per
1890 645 2015 684 cou-

440 718 656 790 dignam
680 718 972 772 vindictam
1001 718 1204 787 justum
1223 716 1484 785 judicium
1538 719 1632 774 Dei
1680 722 2020 790 corripiendo

442 807 726 871 humiliet,
773 807 864 877 qui
913 807 1274 876 superbiendo
1324 809 1603 878 multiplici
1642 813 2017 879 persecutione

443 913 549 952 non
577 897 869 952 timuerunt
896 898 1233 953 conlessores
1262 898 1358 952 Dei
1393 898 1640 968 fatigare.
1673 901 2016 956 Vindemiare

441 987 585 1041 enim
630 994 714 1042 est
764 1001 1198 1056 unumquemque
1244 1003 1466 1057 operum
1521 1004 1738 1044 suorum
1782 991 2016 1046 fructum

2127 536 2256 589 mini
2287 547 2508 607 propter
2534 549 2731 592 statum
2761 539 2926 594 divini
2957 538 3154 606 cultus,
3179 541 3269 610 qui
3306 542 3358 595 in
3402 543 3503 612 ipsa
3528 545 3654 615 plebe

2126 635 2251 682 tunc
2283 629 2584 699 przrcipuus
2609 639 2746 692 erat,
2775 631 2970 684 merito
3019 640 3436 701 nuncuparetur,
3461 650 3582 690 nunc
3605 639 3656 692 de

2120 733 2332 772 summa
2365 719 2622 775 felicitate
2651 720 2703 775 in
2741 721 3029 776 maximam
3080 723 3357 777 miseriam
3386 724 3434 778 in
3479 726 3552 782 die
3593 726 3655 781 fu.

2122 809 2262 863 roris
2307 809 2516 865 Domini
2556 821 2610 865 et
2635 812 2882 867 vindicta:
2921 813 2975 868 in
3021 827 3144 868 eam
3195 813 3430 882 prolatae,
3456 818 3586 884 quasi
3605 819 3656 872 de

2119 897 2258 952 cmlo
2312 899 2364 952 in
2399 907 2600 953 terram
2651 899 2885 970 projecta
2916 911 2970 956 et
2999 902 3316 957 conculcata
3346 904 3451 957 sit?
3473 905 3657 975 Mystiee

2119 995 2297 1039 autem
2353 986 2531 1041 anima
2586 989 2894 1056 peccatrix,
2939 1005 3058 1058 qua:
3091 991 3362 1060 quondam
3407 993 3571 1048 habuit
3593 993 3656 1049 lu—

2119 1090 2240 1128 men
2272 1076 2540 1140 scientiae,
2572 1086 2625 1130 et
2656 1079 2930 1147 speculum
2974 1079 3174 1134 divinm
3215 1083 3657 1151 contemplationis,

2117 1169 2330 1235 quando
2378 1170 2540 1238 pedes
2593 1171 2954 1235 Domini,hoc
2991 1180 3096 1235 est,
3130 1174 3358 1244 vestigia
3405 1186 3654 1246 praecepto-

2118 1272 2235 1310 rum
2291 1257 2445 1324 ejus,
2496 1259 2547 1313 iu
2600 1259 2778 1315 cordis
2828 1261 2970 1316 illius
3031 1274 3247 1318 secreto
3294 1267 3652 1326 consistebant.

2118 1364 2262 1402 nunc
2292 1359 2514 1419 propter
2555 1353 2852 1406 caecitatem
2911 1353 3090 1408 cordis
3124 1364 3179 1409 et
3209 1356 3490 1425 nequitiam
3511 1373 3656 1428 prata:

2118 1437 2364 1501 actionis,
2391 1440 2456 1493 de
2485 1440 2718 1495 culmine
2759 1441 3014 1496 virtutum
3076 1445 3131 1498 in
3166 1444 3406 1501 fmditate
3454 1459 3656 1504 terreno-

2117 1543 2233 1580 rum
2260 1527 2646 1584 desideriorum
2678 1533 2947 1602 prolapsa,
2965 1533 3116 1602 justo
3137 1534 3342 1604 judicio
3368 1538 3453 1592 Dei
3504 1551 3651 1609 spreta

438 1091 656 1136 metere.
689 1079 993 1136 Vindemiat
1039 1083 1184 1137 enim
1231 1082 1488 1137 Dominus
1534 1084 1714 1138 hostes
1747 1100 1894 1148 suos,
1925 1087 2015 1155 qui

435 1182 652 1227 sanctos
707 1171 823 1241 ejus
873 1171 1368 1237 vindemiaverunt,
1407 1173 1623 1241 quando
1668 1190 1764 1244 pro
1815 1175 2016 1230 contri-

437 1266 584 1320 tione
639 1263 944 1334 temporali,
975 1278 1080 1334 qua
1127 1263 1246 1318 illos
1291 1264 1358 1317 ad
1402 1265 1775 1334 probationem
1827 1281 2013 1321 eorum

432 1355 735 1426 opprimere
756 1353 1003 1424 permissi
1027 1361 1171 1417 sunt,
1195 1354 1249 1408 in
1275 1353 1456 1410 futuro
1473 1354 1679 1424 judicio
1701 1365 2014 1426 perpetuam

437 1447 596 1501 faciet
638 1446 877 1516 recipere
903 1445 1186 1500 ultionem.
1243 1446 1348 1500 Sed
1391 1447 1494 1502 hoc
1530 1449 1887 1503 intimandum
1931 1459 2013 1503 est

437 1536 579 1605 quod
619 1537 836 1605 quando
874 1537 1046 1590 sancti
1072 1536 1172 1589 viri
1205 1537 1582 1606 deprecatorio
1627 1554 1777 1593 more
1822 1548 2010 1594 contra

436 1630 619 1682 hostes
675 1643 798 1683 suos
849 1637 1061 1698 rogant,
1099 1643 1205 1683 non
1244 1637 1369 1684 voto
1409 1630 1648 1696 manum,
1683 1631 1778 1685 sed
1819 1632 2010 1701 spiritu
2117 1629 2277 1689 atque
2305 1621 2562 1676 derelicta
2599 1625 2668 1678 ab
2709 1625 2952 1681 hostibus
3003 1628 3374 1684 conculcatur.
3410 1629 3543 1685 Unde
3566 1647 3654 1686 mc-

433 1720 762 1789 μισοριιειίω,
794 1721 895 1774 hoc
943 1720 1087 1789 quod
1139 1719 1217 1774 eis
1265 1720 1558 1789 pmscium
1605 1720 1843 1776 futurum
1878 1738 2012 1793 pm-
2117 1713 2221 1767 rito
2273 1713 2531 1784 propheta
2579 1713 2698 1783 ejus
2729 1715 2884 1771 deflet
2942 1719 3178 1783 ruinam,
3228 1720 3349 1788 quia
3403 1735 3432 1773 a
3481 1737 3655 1775 summo

436 1813 660 1867 dicunt:
693 1812 776 1866 vel
810 1812 974 1866 etiam
1008 1819 1194 1867 contra
1236 1812 1507 1882 spiritales
1536 1814 1802 1882 nequitias
1831 1824 2006 1879 orant,
2043 1810 2082 1867 Β
2116 1809 2320 1862 honore
2375 1807 2440 1862 ad
2495 1811 2787 1864 maximam
2840 1811 3091 1867 devoluta
3140 1823 3224 1868 est
3259 1814 3535 1878 miseriam,
3578 1832 3652 1886 per

432 1919 568 1972 quos
596 1903 990 1972 incorrigibiles
1025 1918 1146 1958 esse
1181 1903 1382 1966 sciunt,
1408 1911 1468 1958 ut
1485 1903 1689 1971 justam
1717 1921 1744 1957 a
1786 1904 2011 1958 Domino
2110 1914 2270 1968 quam
2295 1901 2535 1954 omnium
2559 1899 2672 1969 jam
2709 1903 2982 1972 despectui
3009 1913 3163 1973 patet
3184 1915 3239 1959 et
3265 1906 3514 1960 irrisioni.

432 1998 691 2066 recipiant
723 1997 1068 2051 scnlentjam.
1129 1996 1265 2051 Hinc
1294 2007 1377 2052 est
1404 1997 1530 2052 illud
1571 1999 1712 2066 quod
1757 1999 1808 2050 in
1855 1997 2007 2052 Psal-
2179 1989 2328 2043 Bella.
2367 2009 2385 2040 ι
2424 1989 3063 2062 PrmeipitavitDotniuus
3095 2012 3197 2050 nec
3235 1998 3481 2067 pepercit,
3505 1999 3647 2051 omnia

425 2101 514 2140 ιιω
539 2087 804 2156 Propheta
855 2086 1140 2140 Dominum
1181 2097 1370 2141 contra
1408 2096 1668 2141 nocentes
1714 2103 1774 2142 se
1818 2103 2012 2156 preca-
2115 2101 2131 2131 α
2175 2083 2412 2151 speciosa
2444 2083 2610 2139 Jacob
2636 2103 2648 2136 :
2679 2085 2942 2139 destruxit
2966 2086 3017 2139 in
3047 2086 3234 2142 furore
3256 2104 3353 2142 suo
3375 2089 3650 2142 munitiones

434 2186 543 2244 tur,
569 2177 754 2232 dicens
782 2194 795 2230 :
838 2194 856 2226 α
892 2175 1103 2237 Judica,
1138 2177 1384 2242 Domine,
1407 2185 1666 2233 nocentes
1703 2193 1812 2243 me,
1835 2193 2005 2248 expu-

2120 2191 2131 2222 ι
2173 2173 2392 2243 virginis
2413 2171 2583 2238 Judaa,
2615 2182 2669 2228 et
2697 2174 2893 2244 dejecit
2919 2176 2970 2228 in
3008 2186 3234 2242 terram,
3267 2176 3445 2246 polluit
3467 2192 3646 2246 regnum

429 2282 531 2340 sua
589 2267 962 2337 impugnantes
997 2281 1082 2320 me
1115 2264 1286 2336 (Psal.
1332 2267 1505 2337 xu").
1544 2287 1562 2318 ι
1598 2267 1882 2338 insumpta
1911 2284 2009 2336 pro
2114 2281 2130 2312 ι
2166 2270 2214 2316 et
2247 2263 2513 2332 principes
2539 2263 2673 2333 ejus.
2699 2283 2715 2314 ι
2767 2263 2990 2334 Propter
3032 2275 3259 2334 peccata
3311 2267 3445 2320 enim
3473 2265 3645 2319 ludam-

426 2357 582 2412 nobis
635 2355 832 2410 clamat
877 2355 1184 2418 infirmitas,
1235 2365 1296 2409 ut
1358 2356 1684 2412 damnentur
1731 2367 2006 2422 nocentes,
2110 2368 2249 2416 rum,
2296 2363 2350 2407 et
2383 2353 2840 2424 transgressiones
2887 2355 3088 2424 quibus
3141 2357 3568 2426 transgredientes
3596 2357 3647 2408 le-

424 2446 481 2502 id
513 2455 598 2502 est
643 2445 909 2510 diabolus,
963 2460 1085 2500 cum
1142 2445 1407 2500 ministris
1446 2447 1578 2510 suis,
1613 2446 1756 2516 quod
1786 2455 2009 2501 noverat
2106 2459 2224 2514 gem
2257 2445 2351 2499 Dei
2402 2446 2707 2500 testimonia
2735 2444 2851 2516 ejus
2880 2462 2985 2501 non
3031 2448 3422 2513 custodierunt,
3450 2449 3647 2502 servien-

428 2552 548 2592 esse
579 2545 887 2590 venturum.
941 2535 1106 2590 Malos
1133 2535 1274 2589 enim
1313 2535 1566 2605 judicari,
1615 2536 1858 2590 damnari
1902 2546 2004 2603 est,
2109 2545 2190 2590 tes
2211 2535 2316 2590 diis
2359 2536 2550 2590 alienis
2595 2545 2649 2591 et
2676 2538 2958 2594 adorantes
2988 2537 3155 2603 idola,
3186 2548 3242 2593 et
3295 2539 3646 2594 simulat-raec—

423 2627 550 2698 quia
572 2634 847 2697 nequeunt
867 2626 920 2680 in
959 2626 1350 2696 disceptatione
1381 2625 1626 2691 liberari,
1665 2627 1757 2696 qui
1793 2642 2007 2698 semper
2108 2642 2226 2681 rum
2248 2638 2568 2682 venerantes
2589 2629 2656 2682 ad
2689 2628 3094 2684 similitudinem
3125 2631 3384 2700 gentium,
3409 2646 3513 2698 qua:
3530 2631 3643 2683 circa

428 2717 613 2787 pravis
669 2717 974 2773 actionibus
1005 2716 1300 2787 probantur
1328 2716 1605 2787 implicati.
1644 2717 1750 2772 Sed
1777 2718 1902 2783 hoc,
1947 2727 2004 2772 ut
2105 2732 2199 2772 eos
2229 2725 2408 2781 erant,
2439 2718 2681 2772 irritatus
2712 2717 2972 2773 Dominus
2996 2720 3220 2774 tradidit
3245 2721 3410 2790 ipsum
3434 2718 3642 2790 populum

422 2809 622 2863 dictum
670 2817 773 2874 est,
819 2808 886 2863 ad
941 2807 1212 2862 diabolum
1262 2809 1495 2878 pertinet
1521 2824 1642 2862 cum
1686 2809 2008 2877 sequacibus
2106 2822 2259 2862 suum
2288 2807 2341 2861 in
2389 2823 2578 2862 manus
2609 2807 2870 2878 gentium,
2921 2818 2976 2862 et
3021 2809 3286 2864 dominati
3327 2819 3444 2864 sunt
3487 2822 3638 2863 eorum

423 2901 555 2966 suis,
583 2913 678 2970 per
705 2915 840 2970 quos
862 2900 1107 2970 provenit
1133 2898 1369 2954 Judaica:
1391 2900 1682 2954 voluntatis
1725 2901 2000 2970 iniquitas.
2105 2899 2195 2968 qui
2227 2899 2455 2954 oderunt
2486 2916 2596 2954 eos.
2627 2890 2925 2970 omniaque
2952 2902 3200 2971 speciosa
3228 2901 3410 2967 Jacob,
3439 2917 3542 2972 qua:
3562 2901 3638 2953 ba-

423 2988 558 3043 Nam
594 3005 718 3044 cum
749 2990 862 3060 ipse
891 2991 1190 3060 praecipiat,
1220 2989 1323 3045 Pro
1352 2991 1582 3046 inimicis
1611 2993 1805 3046 vestris
1831 3002 2001 3057 orate,
2106 2991 2268 3044 bebat
2303 2990 2353 3043 in
2402 2999 2594 3044 ornatu
2652 2990 2995 3046 famosissimi
3041 2993 3247 3062 templi,
3277 3001 3329 3048 et
3372 2992 3503 3047 cultu
3529 2988 3639 3044 cclcc

422 3083 728 3138 hominibus
752 3083 869 3138 haec
897 3097 1003 3137 non
1024 3091 1197 3153 potest
1225 3083 1511 3138 convenire
1541 3086 1823 3138 sententia.
1855 3083 2001 3153 Ipsos
2107 3079 2343 3134 berrimo
2371 3095 2478 3149 quo
2501 3095 2558 3136 se
2585 3080 2883 3136 nobiliores
2908 3083 3128 3137 caeteris
3162 3083 3402 3154 gentibus
3420 3097 3524 3138 esse
3547 3093 3636 3134 cre-

421 3189 550 3245 crgo
578 3174 712 3243 petit
739 3173 936 3228 debere
967 3175 1229 3236 danmari,
1256 3191 1392 3243 quos
1414 3177 1612 3229 virtute
1650 3176 1999 3244 pus-scientia:
2030 3154 2073 3214 (ἶ
2107 3171 2326 3234 debant,
2358 3171 2607 3224 Dominus
2642 3171 3018 3242 prmcipitavit,
3053 3181 3112 3226 et
3141 3173 3400 3228 destruxit
3425 3173 3472 3226 in
3492 3169 3642 3225 furore

419 3285 530 3325 sua:
559 3269 708 3323 novit
735 3270 800 3323 ad
830 3271 1216 3338 paenitudinem
1250 3271 1483 3325 remedia
1505 3289 1609 3326 non
1639 3274 1840 3328 venire.
1867 3273 2000 3328 Nam

2120 3276 2201 3315 suo
2232 3261 2562 3316 munitiones
2621 3261 2831 3315 urbium
2881 3260 3034 3326 Juda,
3069 3271 3274 3318 stutum
3323 3277 3567 3318 murorum
3589 3273 3635 3312 ac

421 3363 476 3417 in
523 3359 970 3428 subsequentibus
1017 3361 1106 3414 ubi
1162 3363 1306 3415 venit
1356 3364 1421 3415 ad
1471 3363 1737 3426 homines,
1762 3365 1999 3418 converti

2120 3353 2336 3406 .urrium
2361 3354 2413 3406 in
2446 3364 2642 3406 terrain
2690 3354 2968 3422 dejiciens,
2993 3353 3292 3426 polluitque
3320 3357 3546 3409 honorem
3571 3364 3634 3404 re-

428 3463 524 3504 eos
554 3449 844 3514 desiderat,
876 3465 982 3504 non
1008 3451 1201 3521 perire,
1232 3462 1292 3506 ut
1315 3461 1398 3505 est
1427 3452 1556 3506 illud
1581 3472 1593 3506 :
1618 3473 1634 3504 ι
1656 3452 2002 3508 Conl‘undan-

2120 3443 2192 3512 ςιιὶ
2226 3452 2279 3496 ct
2322 3443 2680 3512 principatum
2732 3443 2876 3512 ejus,
2932 3443 3004 3497 ita
3054 3453 3117 3496 ut
3165 3445 3442 3502 nobiliores
3484 3453 3636 3495 eorum

427 3547 518 3594 ιιιι·
567 3547 624 3594 ει
681 3550 1031 3596 mereamur
1093 3542 1428 3612 inquirentes
1489 3558 1724 3598 animam
1792 3560 2003 3610 meam;
2105 3535 2287 3589 hostes
2331 3535 2411 3588 sui
2461 3535 2703 3605 captivos
2733 3535 2988 3590 ducentes
3015 3535 3071 3589 iu
3120 3537 3424 3591 servitutem
3467 3531 3636 3598 redip-

419 3637 736 3684 avertantur
787 3638 1088 3686 retrorsum
1135 3640 1190 3686 et
1243 3633 1586 3697 erubescant,
1620 3635 1708 3704 qui
1761 3637 2003 3706 cogitant

2120 3632 2248 3690 'ent,
2297 3632 2350 3678 et
2383 3625 2658 3678 eunuchos
2708 3624 2951 3680 facerent
3003 3635 3171 3696 atque
3215 3626 3482 3687 deformes,
3524 3623 3635 3675 sicut

417 3719 548 3773 mihi
600 3719 742 3774 mala
786 3719 958 3791 (Psal.
1015 3722 1224 3794 xxmx).
1288 3742 1306 3774 ι
1361 3723 1460 3778 llic
1481 3724 1594 3795 jam
1639 3726 1902 3780 ubi'venit
1932 3726 1998 3780 ad

2125 3716 2238 3770 iber
2280 3715 2431 3770 Lsaia:
2481 3727 2730 3781 testatur,
2785 3717 2873 3772 ubi
2930 3719 3043 3788 ipse
3086 3721 3344 3789 pmpheta
3390 3718 3448 3771 ad
3489 3726 3631 3784 regem

417 3811 662 3866 homines
691 3813 1048 3883 corrigibiles,
1098 3830 1202 3868 non
1255 3815 1560 3870 maledictio
1598 3814 1858 3881 funditur,
1906 3817 2000 3871 sed

2120 3808 2389 3862 Ezechiaut
2439 3807 2648 3862 locutus
2682 3817 2786 3872 est,
2841 3809 3062 3863 dicens:
3098 3829 3116 3861 ι
3161 3811 3296 3865 Ecce
3324 3809 3430 3863 dies
3454 3804 3633 3859 veniunt

417 3903 682 3958 correctio
730 3903 1048 3973 postulatur.
1103 3904 1369 3960 Confundi
1409 3914 1493 3960 est
1544 3906 1682 3962 facta
1732 3921 1827 3961 sua
1879 3922 2000 3960 eru-
2101 3896 2484 3952 etauferenlur
2509 3899 2690 3953 omnia
2718 3914 2836 3968 quae
2874 3898 2928 3952 in
2974 3898 3140 3956 domo
3168 3911 3255 3955 tua
3296 3908 3430 3962 sunt.
3463 3904 3626 3992 ειαυξε

418 3991 668 4057 bescere,
719 4003 775 4048 et,
821 3995 875 4048 in
926 3994 1202 4050 meliorem
1269 3997 1596 4051 sententiam
1654 3999 1994 4052 commutari.
2102 3989 2602 4045 thesaurizavcruut
2651 4000 2832 4060 patres
2873 3991 2947 4044 tui
2996 3994 3262 4061 usquead
3291 3989 3625 4046 diembanriu

418 4079 553 4141 Nam
608 4084 760 4139 etilli
831 4083 1041 4140 confusi
1095 4086 1388 4152 dicuntur,
1446 4087 1538 4156 qui
1603 4087 1998 4157 conjunguntur
2100 4083 2445 4152 Babylonem.
2480 4083 2594 4137 Non
2645 4069 3044 4151 derelinquetur
3089 4087 3396 4155 quidquam,
3420 4078 3627 4135 dicitDo-

421 4180 489 4235 ad
537 4193 772 4248 pceuam.
815 4177 920 4234 Sed
957 4187 1016 4232 ut
1063 4179 1166 4233 hoc
1225 4179 1398 4249 magis
1442 4179 1848 4233 conversionem
1911 4179 1995 4233 in-
2099 4174 2312 4228 minus:
2346 4184 2398 4226 et
2427 4174 2492 4229 de
2516 4173 2638 4229 ﬁliis
2680 4175 2803 4239 tuis,
2838 4177 2927 4245 qui
2959 4177 3183 4232 exibunt
3226 4179 3289 4233 de
3341 4185 3388 4230 te
3413 4188 3529 4243 quos
3550 4183 3624 4240 ge-

422 4269 660 4341 telligere
692 4271 1002 4333 debuisset,
1036 4271 1240 4326 addidit
1275 4289 1292 4322 ι
1330 4280 1706 4336 revereantur,
1739 4291 1757 4324 ι
1799 4272 1849 4326 id
1879 4281 1994 4337 est,
2099 4267 2280 4320 nucris
2311 4266 2517 4331 tollent,
2550 4278 2604 4320 et
2643 4277 2802 4322 erunt
2825 4270 3058 4324 eunuchi
3093 4272 3146 4324 in
3187 4270 3376 4340 palatio
3401 4265 3521 4336 regis
3545 4263 3624 4315 lla-

417 4362 687 4418 emendati
717 4362 932 4428 colant,
960 4378 1118 4432 quem
1162 4363 1589 4432 persequendum
1623 4378 1744 4418 esse
1769 4372 1991 4432 putave-
2099 4354 2309 4425 hylonis
2359 4354 2492 4425 (Im.
2515 4355 2722 4426 xxxix).
2750 4376 2766 4407 ι
2822 4358 3042 4427 Mystice
3087 4370 3261 4414 autem
3300 4356 3505 4412 destruit
3545 4352 3623 4405 Du—

421 4462 559 4507 ηιιιι,
2022 4510 2054 4514 -ν
2100 4446 2277 4499 minus
2295 4446 2531 4514 speciosa
2554 4445 2739 4508 Jacob.
2755 4463 2878 4502 cum
2903 4450 3154 4506 decorem
3181 4451 3383 4512 animae,
3406 4442 3625 4501 diabolica

1037 4545 1264 4602 CAPUT
1302 4547 1362 4601 ιι,
2022 4510 2073 4568 Ῑ)
2101 4546 2216 4590 arte
2246 4510 2552 4605 decrepita,
2582 4539 2808 4606 spernit,
2841 4551 2895 4592 et
2916 4541 3265 4596 mentionem
3293 4538 3524 4593 doctrinae
3546 4547 3620 4585 81E-

485 4637 668 4707 Αιεριι,
704 4655 722 4689 ι
764 4639 1043 4706 Quomodo
1074 4638 1280 4694 οιηοιίι
1305 4641 1537 4711 caligine
1581 4641 1632 4694 ίη
1680 4641 1860 4695 [υτον-ο
1896 4656 1994 4695 suo
2099 4627 2267 4680 cnlari
2293 4628 2557 4696 sapientia
2583 4630 2844 4693 conditae,
2873 4631 2924 4683 in
2954 4647 3058 4700 qua
3091 4632 3317 4686 maxime
3344 4623 3619 4723 confidebat.

424 4746 440 4777 ι
487 4727 746 4783 Dominus
773 4727 936 4781 ﬁliam
977 4727 1152 4782 Sion?
1193 4729 1428 4796 Projecit
1483 4731 1548 4784 de
1602 4731 1740 4784 ρωιο
1788 4731 1838 4783 in
1888 4740 1992 4783 ιριι-
2100 4719 2286 4774 diruit.
2323 4721 2517 4774 l’ollnit
2566 4722 2824 4776 honorem
2854 4724 3003 4792 regni
3034 4733 3088 4777 et
3135 4725 3212 4794 pri
3254 4724 3472 4792 cipatuut-
3510 4719 3615 4782 (1115.

421 4841 438 4870 ς
488 4836 602 4875 ram
645 4820 898 4890 inclytam
929 4819 1116 4885 Israel,
1146 4829 1202 4874 el
1244 4837 1349 4874 non
1386 4829 1471 4875 est
1521 4823 1834 4876 recordatus
1880 4838 1993 4877 sca.
2101 4827 2258 4880 quem
2291 4813 2476 4867 habuit
2503 4814 2553 4866 in
2582 4815 2925 4882 perceptione
2965 4816 3315 4885 baptismatis,
3343 4821 3388 4866 et
3413 4808 3617 4864 unctione

419 4932 435 4961 ε
485 4910 606 4966 betli
636 4911 832 4981 pedum
860 4925 1079 4964 suorum
1112 4912 1167 4964 in
1196 4910 1282 4964 die
1318 4909 1518 4965 furoris
1551 4911 1653 4965 sui.
1701 4930 1718 4961 ι
1761 4910 1987 4966 Ventum
2100 4904 2240 4957 sacri
2273 4904 2601 4968 Clll‘ismaliS.
2632 4906 2706 4959 ila
2731 4915 2790 4959 Ill
2825 4905 2938 4973 331"
2985 4925 3092 4960 ιιυη
3122 4915 3380 4960 "mlum"
3403 4915 3509 4956 cum

415 5012 498 5058 est
529 5004 598 5057 ad
641 5001 933 5064 secundum
1000 5001 1370 5072 alphabetum,
1405 5001 1496 5055 ubi
1543 5003 1681 5056 sicut
1731 5002 1782 5055 in
1821 5003 1996 5070 primo
2100 4996 2230 5049 teris
2258 4995 2504 5049 ﬁdelibus
2529 4997 2596 5049 ab
2637 4997 2878 5064 apostolo
2911 4995 3070 5052 Petro
3105 4997 3363 5051 audirezc
3405 4991 3494 5045 \‘os
3513 4993 3622 5038 esus

415 5097 842 5166 obstupescendo
891 5094 1394 5165 Hierosolymitanae
1445 5094 1596 5148 urbis
1646 5093 1992 5163 improvisam
2097 5101 2266 5155 genus
2291 5085 2545 5149 electum.
2579 5085 2756 5154 regale
2780 5086 3166 5149 sacerdotium.
3201 5098 3324 5154 8⁸⁸³⁵
3344 5085 3522 5182 δίωξιθν

417 5187 648 5250 ruinam,
670 5195 724 5241 et
753 5186 926 5256 plebis
977 5185 1213 5241 Judaicte
1259 5184 1594 5253 insperatum
1644 5198 1829 5238 casum
1870 5199 1995 5254 pro-
2097 5179 2254 5247 pulus
2287 5180 2678 5248 acquisitionis,
2714 5190 2771 5234 ut
2801 5183 3133 5236 annuutietis
3161 5183 3375 5234 virtutes
3398 5179 3517 5241 81"“,
3538 5181 3612 5234 qm

416 5276 573 5342 pheta
603 5276 932 5347 deplorabat,
964 5277 1043 5332 sic
1065 5279 1230 5332 etiam
1257 5291 1398 5330 nunc
1443 5274 1764 5329 admirando
1796 5276 1995 5345 quatri-
2097 5272 2164 5325 de
2192 5272 2432 5325 tenebris
2477 5286 2572 5325 vos
2601 5273 2815 5326 vocavit
2845 5273 2896 5326 in
2923 5271 3240 5326 admirabile
3287 5270 3446 5321 lumen
3483 5271 3606 5347 suum

417 5345 816 5433 “honorando
843 5370 1204 5440 pulcherrima
1236 5369 1495 5423 habitan
1524 5367 1676 5432 Sion,
1708 5376 1760 5422 et
1791 5367 1987 5440 inclyta
2099 5362 2148 5434 (1
2193 5360 2337 5416 Pelr.
2389 5363 2469 5433 ιι).
2497 5383 2514 5412 ι
2547 5362 2772 5428 Quando
2806 5363 3047 5418 diversis
3077 5363 3238 5417 scivit
3278 5358 3425 5416 vitiis,
3452 5360 3498 5405 ει
3535 5345 3612 5399 ου’·

416 5456 775 5515 lsraelitartun
811 5475 942 5530 gens
960 5501 974 5524 ,
1003 5476 1122 5530 quae
1149 5460 1392 5530 angelico
1417 5459 1717 5515 ministerio
1751 5458 1994 5524 suffulta,
2098 5462 2362 5522 temperat
2385 5452 2560 5506 hostis
2581 5453 2790 5522 antiqui
2813 5453 3152 5509 suasionibus
3177 5447 3421 5518 malignis,
3446 5441 3502 5494 dc
3521 5447 3609 5503 quo

415 5562 512 5618 per
562 5551 729 5620 ipsius
769 5551 977 5607 Domini
1035 5553 1285 5608 ducatum
1333 5552 1400 5606 de
1451 5559 1594 5604 terra
1645 5548 1861 5621 Egypti
1894 5566 1990 5619 per
2095 5556 2154 5601 et
2175 5547 2453 5601 subditur:

419 5653 570 5693 mare
603 5640 842 5698 Rubrum
907 5644 1164 5698 translata
1218 5653 1322 5706 est,
1373 5651 1428 5696 et
1476 5641 1528 5696 in
1570 5642 1785 5698 deserto
1810 5641 1990 5696 multis
2170 5636 2392 5691 Chimel.
2433 5657 2449 5686 ι
2489 5636 2765 5703 Coufregit
2813 5637 2864 5689 in
2922 5637 3000 5690 ira
3054 5633 3242 5690 furoris
3291 5639 3432 5683 omne
3467 5624 3606 5706 cum“

414 5729 688 5787 miraculis
717 5748 776 5787 ac
803 5735 998 5788 divinis
1033 5735 1235 5788 solatiis
1263 5733 1561 5787 diutissime
1587 5748 1682 5792 per
1731 5732 1909 5786 Mosen
1937 5743 1988 5786 ct
2103 5753 2120 5784 σ
2157 5729 2337 5792 Israel,
2391 5729 2583 5783 avertit
2637 5736 2924 5780 retrorsum
2972 5727 3238 5780 dexteram
3285 5729 3416 5772 suam
3442 5725 3466 5760 a
3493 5703 3605 5754 [ωε
