3970 6190
376 395 501 449 iﬁlli

1208 399 1565 455 EXPOSITIO
1606 397 1826 455 SUPER
1865 393 2227 449 JEREMHM.
2266 425 2332 433 —
2372 393 2499 447 ΜΒ.
2542 389 2723 446 XVIII.

3468 388 3607 440 1:192

372 527 394 558 ‹
427 509 649 573 inimici,
681 520 734 563 et
760 512 1033 564 succendit
1063 512 1115 565 in
1140 508 1305 567 Jacob
1327 514 1475 582 quasi
1509 514 1681 582 ignem
1707 512 1932 571 flaninite
1962 513 2007 567 Λ
2039 505 2243 559 Illel‘ilis
2269 506 2470 558 datum.
2533 505 2636 559 Sed
2661 505 2783 574 quia
2823 502 2889 555 ita
2922 501 2991 555 sit
3024 502 3129 554 Deo
3158 499 3430 568 placitum,
3453 499 3605 565 cujus

375 617 393 647 ι
430 597 694 652 devorans
717 599 767 652 in
798 614 947 669 gyro.
975 621 991 651 ι
1024 601 1135 655 Non
1158 601 1330 656 solum
1357 603 1499 656 enim
1526 604 1831 656 universum
1855 618 1937 657 re-

369 703 531 756 gnum
562 686 867 743 Iudaeorum
899 691 1155 745 Dominus
1181 693 1463 757 destruxit;
1492 701 1547 747 et
1574 692 1935 747 defensionem

371 778 602 832 dexterae
626 794 735 833 suae
760 779 825 833 ab
846 779 925 834 eis
943 781 1210 846 auferens,
1238 790 1436 836 terram
1458 798 1643 837 eorum
1668 782 1720 835 in
1740 794 1938 837 manus

373 866 603 919 hostium
634 867 699 921 ad
729 868 1107 925 devastandam
1136 871 1375 934 tradidit,
1399 878 1493 927 sed
1525 883 1580 926 et
1602 871 1935 925 Hierusiilem

372 957 651 1027 mysticam
679 961 891 1028 quando
913 977 943 1016 a
970 962 1195 1017 Domino
1213 963 1515 1029 recesserit,
1545 972 1598 1017 et
1628 963 1727 1018 diis
1747 962 1937 1017 alienis

368 1056 421 1099 et
444 1047 671 1102 diversis
714 1049 1004 1107 sceleribus
1058 1052 1320 1116 servierit,
1347 1052 1656 1109 defensione
1703 1053 1938 1108 caelestis

360 1137 553 1190 'auxilii
581 1139 840 1206 privatam
887 1140 1114 1197 ﬂammae
1143 1143 1379 1199 libidinis
1414 1151 1466 1199 et
1495 1141 1661 1197 furori
1703 1142 1934 1197 hostium

368 1229 438 1284 ad
464 1231 894 1286 succendendum
926 1234 1105 1288 tradit.
1142 1235 1372 1290 Dextera
1426 1234 1570 1290 enim
1622 1233 1795 1289 Patris
1844 1234 1934 1288 Dei

369 1319 675 1390 unigenitus
695 1319 865 1376 Filius
889 1333 991 1387 est,
1015 1339 1112 1392 per
1138 1336 1294 1392 quem
1317 1332 1370 1379 et
1398 1323 1645 1378 solatium
1677 1332 1732 1377 et
1752 1320 1936 1377 defen-

365 1413 574 1467 sionem
604 1412 848 1468 fidelibus
868 1415 979 1469 suis
1004 1424 1223 1486 praestat
1247 1433 1259 1469 :
1292 1415 1383 1471 sed
1408 1416 1621 1484 quando
1642 1414 1731 1468 illo
1762 1413 1933 1469 offen-

367 1517 450 1565 so,
483 1517 589 1556 non
616 1518 886 1559 meremur
915 1505 981 1559 ab
1013 1505 1240 1560 inimicis
1289 1505 1524 1569 liberari,
1571 1505 1723 1574 quasi
1755 1504 1932 1558 traditi

367 1595 632 1660 videmur,
661 1610 781 1651 cum
831 1597 1163 1652 defensorem
1212 1598 1418 1652 nullum
1470 1598 1749 1652 habemus.
1782 1596 1934 1652 Unde

363 1686 619 1755 propheta
647 1687 797 1756 quasi
827 1687 1095 1742 desertum
1124 1703 1154 1741 a
1197 1688 1422 1742 Domino
1448 1686 1696 1757 pupulum
1725 1685 1934 1741 Judreo-

366 1791 484 1829 rum
530 1785 853 1846 conquestus
900 1778 953 1831 in
1006 1776 1230 1832 Psalmis
1256 1779 1332 1833 ait
1370 1796 1382 1831 :
1429 1795 1447 1828 ι
1493 1777 1689 1847 thuid
1734 1778 1933 1832 avertis

2037 603 2115 649 est
2144 594 2433 663 gratuitum
2463 610 2619 648 omne
2656 593 2796 663 qqu
2828 599 3065 663 priest-at,
3107 589 3404 659 cumplacet
3440 589 3603 642 etiam

2037 685 2089 739 in
2115 685 2240 749 illis,
2268 685 2480 753 quando
2510 685 2575 739 de
2611 694 2720 739 toto
2759 684 2955 738 mundo
2998 682 3108 736 sola
3136 696 3267 750 gens
3296 680 3464 735 electa
3493 687 3599 747 est,

2038 775 2101 829 de
2130 790 2235 845 qua
2276 774 2523 830 Salvator
2560 775 2816 829 Dominus
2846 775 3157 837 adveniret,
3184 774 3274 842 qui
3302 771 3599 838 brachium,

2035 867 2259 921 victoria
2298 874 2352 921 et
2389 865 2643 920 fortitudo
2689 873 2773 919 est
2814 873 2995 919 nostra
3038 881 3052 918 :
3094 864 3180 918 cui
3220 864 3263 918 si
3313 862 3624 934 peccaveri-

2053 974 2196 1024 mus,
2228 967 2284 1013 et
2328 956 2527 1032 diutius
2570 972 2667 1027 per
2708 952 3021 1025 patientiam
3059 954 3502 1026 ejusiexspectati
3537 956 3603 1010 ad

2035 1067 2156 1106 eum
2181 1066 2276 1121 per
2302 1049 2670 1119 paenitentiam
2702 1049 2895 1102 reverti
2924 1046 3268 1111 uoluerimus,
3306 1045 3475 1102 tendit
3511 1062 3601 1101 ar-

2035 1156 2155 1198 cum
2179 1140 2363 1211 judicii
2386 1141 2468 1194 sui
2493 1148 2681 1196 contra
2708 1156 2836 1203 nos,
2864 1150 2917 1195 et
2947 1140 3165 1195 dextera
3201 1140 3455 1210 potentia:
3493 1155 3605 1194 sua:

2035 1232 2290 1303 quidquid
2330 1240 2524 1286 ornatu
2563 1230 2801 1286 scientia:
2844 1229 2925 1284 vel
2966 1230 3223 1289 virtutum
3276 1231 3374 1284 visi
3420 1245 3605 1283 sumus

2032 1327 2254 1397 habere,
2288 1334 2455 1379 totum
2492 1324 2717 1394 dissipat
2749 1338 2762 1376 :
2793 1331 2846 1379 et
2869 1331 3084 1378 exercet
3127 1322 3180 1377 in
3230 1321 3382 1377 nobis
3427 1320 3600 1375 vindi-

2035 1422 2176 1470 ctam
2210 1414 2589 1486 indignationis
2618 1430 2746 1480 suae,
2783 1429 2847 1469 eo
2879 1413 3020 1481 quod
3050 1412 3378 1467 uoluerimus
3406 1411 3602 1466 intelli-

2033 1519 2160 1574 gere
2204 1505 2625 1560 misericordiam
2664 1513 2719 1558 et
2756 1502 3161 1561 beneficentiam
3193 1502 3467 1559 immensa:
3491 1502 3600 1557 cle-

2036 1595 2247 1649 mentia:
2276 1610 2403 1650 sua).

2105 1685 2205 1740 Ife.
2228 1704 2244 1735 ε
2266 1686 2462 1742 Factus
2486 1696 2569 1742 est
2588 1686 2847 1741 Dominus
2872 1685 3018 1740 velut
3038 1685 3288 1740 inimicus
3311 1699 3327 1738 :
3351 1683 3599 1755 μνωςὶρί-

2041 1798 2059 1828 σ
2099 1780 2229 1834 tavit
2254 1778 2434 1840 Israel,
2456 1778 2814 1849 praacipitavit
2847 1779 3027 1833 omnia
3062 1778 3258 1833 moenia
3282 1778 3415 1849 ejus,
3444 1778 3601 1833 dissi-

366 1881 580 1920 manum
608 1874 773 1928 tuam,
806 1875 860 1922 et
893 1867 1168 1923 dexteram
1200 1877 1344 1922 tuam
1387 1867 1452 1921 de
1480 1866 1655 1922 medio
1693 1868 1809 1921 sinu
1841 1876 1930 1920 tuo
1961 1855 2004 1912 Β
2038 1888 2055 1918 ‹
2090 1869 2235 1937 pavit
2261 1868 2584 1923 munitiones
2625 1867 2761 1935 ejus,
2794 1878 2848 1923 et
2875 1868 3097 1937 replevit
3126 1869 3179 1922 in
3208 1867 3314 1924 filia
3340 1868 3475 1925 Juda
3505 1869 3604 1924 hu-

365 1957 416 2010 in
441 1956 639 2011 finem?
669 1977 687 2009 ι
723 1955 891 2028 (Psal.
920 1958 1132 2031 LXXIII.)
1161 1958 1324 2026 Quasi
1346 1958 1569 2023 offenso,
1598 1959 1753 2028 quasi
1797 1957 1933 2013 irato

366 2046 608 2111 Domino,
646 2047 772 2101 dicit
795 2065 808 2100 :
831 2046 921 2117 qui
949 2047 1115 2102 noluit
1136 2056 1441 2118 peccatores
1463 2049 1686 2119 populos
1715 2048 1929 2112 intueri,

363 2146 418 2191 ut
457 2138 632 2192 adhuc
660 2138 711 2193 in
757 2155 852 2193 sua
882 2139 1165 2194 videantur
1211 2156 1527 2210 permanere
1555 2141 1811 2212 nequitia.
1843 2140 1934 2198 llle

358 2228 500 2282 enim
531 2242 667 2297 quos
689 2229 1084 2299 dispensatione
1118 2231 1347 2286 mirabili
1374 2231 1615 2302 placatus
1648 2233 1936 2305 attenderit

360 2318 605 2390 corripit,
632 2331 769 2389 quos
796 2322 1057 2392 propitius
1099 2323 1337 2378 intuetur
1362 2325 1634 2380 emendat.
1663 2324 1813 2393 Quod
1839 2343 1934 2381 au-

363 2419 469 2465 tem
498 2411 667 2466 dicit:
702 2433 717 2465 i
751 2413 982 2469 Dextera
1016 2423 1105 2471 tua
1160 2417 1225 2471 de
1255 2417 1430 2472 medio
1475 2418 1594 2473 sinu
1649 2428 1740 2475 tuo
1792 2421 1844 2474 in
1876 2418 1933 2475 fi-

362 2519 505 2568 nem,
536 2522 554 2555 ι
589 2505 857 2576 significat
900 2506 1041 2577 quod
1092 2509 1233 2563 sicut
1281 2508 1413 2564 Mosi
1460 2525 1653 2564 manus
1690 2512 1928 2577 dextera,

361 2592 571 2647 Domini
591 2591 745 2662 jussu
769 2596 835 2651 de
858 2597 976 2651 sinu
1012 2598 1241 2668 prolata,
1274 2598 1482 2670 leprosa
1504 2612 1791 2672 conspecta
1826 2612 1927 2668 est,

362 2684 662 2753 iterumque
712 2686 762 2739 in
816 2687 992 2741 sinum
1041 2698 1275 2745 retracta
1325 2701 1536 2756 curata,
1585 2692 1658 2747 ita
1708 2694 1933 2764 pepulus

356 2770 663 2828 Judaeorum
690 2775 877 2830 exiens
917 2791 947 2830 a
976 2776 1199 2833 Domino
1223 2777 1443 2835 Christo
1472 2781 1780 2838 immundus
1814 2783 1926 2849 fiat,

358 2862 424 2916 ad
450 2877 571 2916 eum
598 2877 729 2919 vero
776 2878 1069 2921 conversus
1114 2867 1180 2923 ad
1219 2869 1508 2935 pristinam
1560 2870 1743 2927 redeat
1787 2872 1930 2927 sani-

360 2960 411 3003 ta
418 2959 523 3005 tem
531 2991 545 3005 .

430 3043 636 3097 Dafeth.
691 3064 709 3096 ι
749 3045 1001 3102 Tetendit
1040 3048 1296 3104 Dominus
1349 3066 1534 3107 arcum
1574 3067 1730 3108 suum
1773 3054 1927 3123 quasi

365 3151 382 3184 ι
410 3133 691 3199 inimicus,
725 3137 956 3192 firmavit
982 3137 1254 3194 dexteram
1281 3156 1432 3195 suam
1460 3142 1614 3211 quasi
1641 3142 1810 3197 hostis
1831 3184 1846 3209 ,
1874 3152 1929 3198 et

2041 1979 2059 2010 ι
2098 1959 2354 2014 miliatum
2404 1968 2460 2013 et
2503 1958 2857 2015 humiliatam.
2915 1978 2934 2010 ι
2975 1957 3169 2015 Factus
3217 1968 3300 2014 est
3344 1959 3603 2015 Dominus

2036 2052 2176 2108 velut
2218 2052 2467 2108 inimicus
2520 2066 2801 2123 synagnge
2846 2050 3172 2117 Judzeorum,
3225 2053 3436 2122 quando
3482 2069 3602 2107 eam

2036 2142 2213 2199 hostili
2260 2144 2436 2216 gladio
2490 2142 2759 2198 devastari
2810 2141 2955 2206 fecit,
3002 2139 3197 2209 dejecit
3262 2142 3488 2203 moenia,
3549 2151 3605 2196 et

2032 2233 2295 2289 destruxit
2317 2232 2640 2288 munitiones
2666 2231 2825 2297 illius,
2853 2239 2909 2287 et
2937 2230 3163 2299 replevit
3190 2229 3242 2305 in
3266 2229 3380 2299 ipso
3408 2230 3602 2301 p0pulo

2032 2324 2368 2379 bumiliatum
2438 2333 2493 2379 et
2558 2324 2932 2389 bumiliatam,
2995 2322 3099 2378 hoc
3165 2331 3250 2378 est
3317 2330 3602 2392 utrumque

2031 2430 2213 2471 sexum
2250 2415 2524 2485 multiplici
2569 2415 2882 2477 confusione
2924 2414 3302 2485 despicabilem
3352 2413 3599 2467 reddidit.

2030 2505 2190 2562 Juxta
2231 2490 2538 2577 allegoriam
2564 2520 2709 2571 vero,
2738 2504 2880 2561 sicut
2908 2504 3105 2561 mmnia
3143 2505 3195 2559 in
3243 2503 3463 2559 urbibus
3506 2518 3602 2573 pro

2030 2605 2348 2651 ornamento
2394 2604 2520 2650 sunt
2575 2595 2899 2650 munitiones
2943 2610 3069 2650 vero
3113 2594 3167 2649 in
3215 2593 3601 2655 defensionem,

2031 2689 2103 2744 ita
2154 2687 2257 2741 alia
2313 2696 2436 2742 sunt
2499 2686 2636 2761 dona
2686 2702 2805 2757 qua:
2851 2701 2950 2742 nos
3005 2686 3281 2760 muniunt,
3325 2684 3426 2737 alia
3483 2698 3604 2753 qua:

2028 2787 2223 2834 ornant
2260 2796 2272 2832 :
2306 2777 2598 2848 prOphetiae
2646 2776 2880 2848 quippe,
2930 2776 3205 2842 doctrina,
3256 2791 3453 2846 genera
3497 2775 3602 2828 liu-

2030 2884 2285 2941 guarum,
2327 2867 2662 2923 curationum
2701 2866 2900 2932 virtus,
2941 2865 3095 2935 quasi
3125 2865 3367 2936 quaadam
3408 2864 3601 2918 muenia

2030 2960 2224 3015 mentis
2254 2966 2398 3023 sunt.
2426 2958 2555 3026 Qua:
2580 2958 2791 3013 etiamsi
2814 2957 3041 3028 quisque
3070 2971 3176 3011 non
3207 2954 3423 3020 habeat,
3456 2963 3602 3009 stare

2030 3051 2267 3106 munitus
2292 3038 2392 3121 per
2419 3049 2577 3105 fidem
2613 3057 2667 3104 et
2696 3040 2964 3119 juStitiam
2992 3055 3169 3118 potest
3199 3066 3211 3101 :
3241 3047 3487 3119 quamvis
3514 3062 3601 3101 or-

2031 3152 2190 3198 natus
2217 3142 2472 3196 virtutum
2509 3139 2789 3195 altitudine
2816 3139 3038 3194 minime
3081 3153 3200 3194 esse
3222 3138 3481 3193 videatur.
3506 3136 3592 3191 Fi-

366 3243 381 3274 ε
410 3222 609 3278 occidit
631 3239 790 3280 omne
822 3226 964 3296 quod
988 3227 1270 3297 pulchrum
1301 3241 1417 3287 erat
1440 3234 1556 3289 visu
1594 3235 1647 3289 in
1684 3236 1931 3293 taherna—
1957 3214 2001 3277 (ἶ
2037 3235 2129 3290 des
2168 3247 2316 3297 vero,
2337 3246 2459 3304 spes
2503 3240 2560 3287 et
2595 3230 2832 3286 charitas
2878 3244 2985 3285 non
3033 3235 3215 3285 nostra
3243 3228 3461 3295 muenia,
3509 3229 3603 3283 sed

364 3332 382 3363 ι
411 3312 536 3368 culo
555 3313 678 3369 filia:
705 3313 855 3382 Sion,
883 3324 937 3372 et
960 3316 1144 3375 effudit
1181 3323 1334 3391 quasi
1383 3323 1559 3394 ignem
1610 3326 1935 3399 indignatio-

363 3424 382 3455 ‹
408 3419 529 3460 nem
560 3420 731 3461 suam.
765 3426 783 3458 ι
828 3406 1073 3465 Tetendit
1103 3410 1357 3470 Dominus
1382 3430 1568 3471 arcum
1596 3432 1752 3473 suum
1780 3422 1935 3489 quasi

356 3497 643 3565 inimicus,_
672 3506 726 3555 et
767 3500 1040 3556 dexteram
1079 3518 1229 3558 suam
1277 3504 1513 3561 firmavit
1549 3508 1701 3577 quasi
1741 3509 1932 3576 hostis,

355 3606 479 3645 cum
514 3591 832 3648 dimicantes
873 3602 1061 3649 contra
1107 3594 1443 3654 Hierusalem
1490 3597 1787 3669 Chaldaeos,
1822 3604 1935 3658 sive

362 3682 630 3739 Romanos
651 3724 665 3749 ,
696 3685 1001 3755 Superiores
1026 3687 1153 3742 fecit
1172 3729 1185 3753 ,
1211 3688 1334 3744 data
1364 3689 1754 3762 illis.potestate
1779 3704 1834 3749 ut
1856 3695 1936 3750 iu-

358 3773 647 3829 ccnderent
689 3776 945 3846 templum
977 3787 1031 3833 et
1064 3779 1404 3838 destruerent
1445 3800 1628 3842 muros
1669 3786 1934 3854 civitatis,

358 3875 423 3915 eo
452 3862 594 3931 quod
634 3863 747 3932 ipse
789 3865 957 3920 iratus
981 3882 1085 3921 non
1114 3880 1359 3937 parceret
1380 3871 1503 3937 illis,
1532 3873 1623 3942 qui
1651 3873 1936 3944 aliquando

360 3951 602 4021 patribus
631 3969 817 4009 eorum
845 3956 1083 4025 placatus
1107 3964 1309 4013 terram
1335 3960 1670 4016 diversarum
1697 3965 1935 4033 gentium

360 4040 426 4094 ad
456 4042 829 4110 possidendam
873 4047 1172 4114 distribuit;
1208 4049 1347 4105 sicut
1386 4049 1671 4108 Psalmista
1709 4063 1939 4110 testatur

360 4128 742 4210 adDominum
781 4135 966 4192 dicens
1000 4124 1022 4188 ξ
1060 4137 1247 4195 Manus
1290 4148 1376 4195 tua
1411 4154 1597 4214 gentes
1622 4147 1939 4217 disperdidit

360 4229 415 4275 et
444 4220 695 4290 plantasti
724 4238 837 4290 eos,
887 4225 1118 4284 afllixisti
1164 4233 1387 4302 populos
1428 4244 1483 4289 et
1528 4238 1777 4307 expulisti
1822 4255 1935 4296 eos.

362 4311 478 4365 Non
506 4314 648 4368 enim
688 4314 742 4369 in
773 4314 950 4386 gladio
980 4333 1076 4374 suo
1096 4321 1441 4388 possidebunt
1471 4334 1667 4380 terram
1688 4367 1704 4392 ,
1732 4337 1787 4382 et
1818 4330 1934 4384 bra-

361 4401 544 4456 chium
586 4417 774 4459 eorum
823 4421 929 4461 non
975 4408 1201 4465 salvahit
1230 4427 1345 4477 eos,
1383 4415 1476 4470 sed
1519 4416 1736 4472 dextera
1773 4426 1860 4473 tua
1887 4429 1942 4475 et

362 4492 641 4546 brachium
680 4502 849 4560 tuum,
882 4503 937 4550 et
966 4496 1283 4556 illuminatio
1321 4502 1496 4559 vultus
1533 4506 1638 4572 tui,
1684 4508 1938 4579 quoniam

2036 3327 2365 3385 munitiones
2396 3335 2542 3389 sunt,
2557 3340 2689 3395 quas
2718 3324 2762 3379 si
2794 3322 2991 3379 habere
3010 3321 3347 3395 negligimus,
3372 3321 3605 3376 hostium

2035 3418 2243 3475 insidiis
2271 3425 2534 3488 patemus.
2585 3415 2661 3469 De
2700 3412 2883 3475 Judzea
2917 3427 3045 3485 ergo
3095 3412 3220 3483 quia
3265 3410 3602 3482 prophetiam

2035 3519 2195 3580 atque
2241 3507 2575 3569 doctrinam,
2606 3505 2690 3560 vel
2739 3502 3124 3558 miraculorum
3168 3502 3319 3573 signa
3365 3496 3601 3565 abstulit,

2037 3600 2233 3657 moenia
2260 3596 2613 3673 prmeipitavit
2642 3614 2655 3649 :
2688 3595 2813 3665 quia
2848 3609 2974 3650 vero
3001 3609 3170 3665 spem,
3202 3592 3361 3647 fidem
3392 3601 3446 3647 et
3472 3591 3603 3646 eba-

2037 3692 2248 3747 ritatem
2282 3698 2499 3762 propter
2526 3687 2642 3756 ejus
2666 3686 2920 3742 duritiam
2956 3685 3166 3740 auferre
3191 3682 3460 3754 permisit,
3490 3695 3610 3736 mu-

2038 3781 2268 3837 nitiones
2310 3779 2428 3848 ejus
2476 3777 2741 3848 dissipare
2789 3775 3012 3830 studuit.
3057 3773 3259 3827 Rectus
3294 3787 3424 3827 vero
3475 3773 3607 3827 ordo

2037 3881 2282 3933 servatus
2304 3879 2404 3934 est,
2433 3878 2491 3922 ut
2518 3869 2667 3938 prius
2690 3867 2889 3921 mmnia
2910 3874 2965 3921 et
2991 3873 3115 3936 post
3141 3864 3465 3919 munitiones
3498 3863 3607 3918 dis-

2038 3963 2224 4033 sipata:
2252 3963 2556 4016 dicerentur
2591 3976 2604 4013 :
2639 3958 2763 4028 quia
2791 3973 2914 4013 cum
2937 3957 3207 4029 peccatrix
3239 3956 3416 4010 anima
3447 3954 3607 4009 relin-

2038 4055 2239 4123 quitur,
2258 4053 2408 4123 prius
2434 4051 2501 4106 ab
2521 4066 2585 4106 ea
2614 4049 2873 4104 virtutum
2901 4049 3041 4103 dona
3065 4062 3183 4118 qua;
3210 4048 3278 4103 ad
3303 4045 3584 4102 manifesta
3601 4076 3614 4088 ι

2041 4145 2238 4200 tionem
2270 4143 2491 4213 spiritus
2517 4141 2643 4197 data
2672 4147 2815 4205 sunt,
2836 4149 2892 4196 et
2923 4137 3260 4211 postmodum
3296 4138 3433 4209 spei,
3463 4137 3607 4204 fidei,

2039 4245 2199 4306 atque
2224 4233 2503 4290 charitatis
2522 4231 2869 4287 fundamenta
2896 4230 3259 4294 destruantur,
3276 4243 3395 4299 quze
3418 4238 3613 4282 cuncta

2040 4327 2316 4390 Dominus,
2345 4340 2374 4378 a
2413 4323 2634 4395 perfidis
2670 4322 2869 4389 ablata,
2900 4321 3183 4394 gentilitati
3217 4320 3420 4389 tribuit,
3452 4326 3612 4389 atque

2039 4435 2107 4475 ex
2145 4420 2251 4483 his,
2275 4432 2394 4489 quae
2424 4415 2728 4473 infidelibus
2752 4415 2996 4481 abstulit,
3021 4422 3231 4471 mentes
3263 4413 3494 4471 fidelium
3521 4431 3614 4469 or-

2042 4509 2206 4563 navit.
2254 4506 2405 4562 Unde
2444 4515 2499 4562 et
2536 4506 2796 4577 scriptum
2833 4514 2960 4562 est:
2997 4503 3208 4591 Speciei
3247 4506 3436 4565 domus
3475 4510 3615 4566 divi-

363 4583 685 4651 complacuit
721 4586 817 4641 tibi
856 4588 908 4642 in
949 4588 1073 4644 illis.
1124 4590 1202 4646 Ne
1248 4594 1391 4647 enim
1434 4575 1938 4665 putarentillebrzei
1969 4575 2017 4639 θ
2043 4600 2170 4655 dere
2216 4599 2405 4670 spolia.
2461 4598 2605 4663 Cum,
2644 4575 2787 4654 enim
2840 4599 3101 4654 virtutum
3146 4581 3313 4670 spolia
3357 4619 3386 4657 a
3418 4603 3616 4662 Judacis

365 4690 424 4729 se
473 4676 891 4747 triumphatores
932 4681 1045 4737 suis
1072 4682 1277 4740 viribus
1306 4688 1610 4757 exstitisse,
1659 4692 1941 4760 profitetur

363 4765 483 4819 illus
537 4782 641 4822 non
690 4768 743 4823 in
788 4785 887 4824 suo
939 4769 1117 4840 gladio
1147 4771 1312 4830 fuisse
1339 4778 1586 4845 victores,
1613 4796 1715 4835 nec
1741 4789 1940 4838 terram

362 4856 600 4925 gentium
649 4857 751 4912 sibi
799 4861 1013 4929 propria
1065 4862 1376 4921 fortitudine
1436 4867 1751 4929 vindicasse.
1813 4872 1942 4929 Bra-

366 4946 546 5002 cbium
574 4963 674 5017 pro
702 4950 892 5007 robore
920 4953 1166 5021 dicimus,
1210 4960 1463 5028 quoniam
1503 4961 1616 5032 ipso
1656 4963 1944 5020 dimicante

366 5045 654 5105 pugnatur,
687 5040 781 5095 sed
824 5041 963 5098 istud
1006 5044 1282 5102 brachium
1332 5065 1437 5105 non
1476 5038 1569 5113 eos
1605 5052 1672 5108 ab
1707 5053 1939 5111 inimicis

364 5125 480 5181 suis
502 5125 730 5183 liberare
755 5132 1052 5199 prtevaluit,
1080 5150 1214 5205 quos
1235 5138 1537 5207 specialiter
1556 5141 1739 5197 virtus.
1761 5142 1936 5209 divina

368 5214 612 5270 salvavit.
656 5218 746 5273 Sic
771 5220 895 5274 dum
925 5221 1267 5280 Hebraeorum
1313 5237 1464 5285 actus
1499 5232 1805 5301 exponitur,
1837 5234 1938 5289 hu-

368 5319 529 5360 mane
559 5307 740 5375 generi
782 5309 1018 5380 proficua
1062 5314 1307 5370 doctrina
1354 5327 1657 5386 praestatur.
1712 5322 1939 5377 Dextera

368 5395 512 5452 enim
558 5397 824 5468 significat
860 5415 1171 5472 prOSperam
1202 5416 1431 5473 partem,
1478 5409 1755 5469 brachium
1791 5412 1943 5468 forti-

372 5492 631 5559 tudinem,
672 5495 988 5553 illuminatio
1016 5500 1315 5565 consilium,
1355 5518 1476 5572 qua:
1511 5502 1768 5561 Dominus
1806 5523 1945 5577 pra:-

372 5580 627 5638 fiantibus
649 5582 875 5650 confert,
904 5588 1117 5654 quando
1137 5589 1414 5645 victoriam
1442 5592 1644 5648 donare
1675 5593 1942 5666 dignatur.

372 5673 479 5729 Sed
504 5691 571 5731 ne
599 5677 838 5735 dicerent
877 5699 889 5734 :
930 5681 1118 5737 Patres
1141 5684 1309 5738 nostri
1355 5701 1453 5740 suo
1504 5686 1695 5742 merito
1734 5687 1947 5758 placue-

376 5776 519 5831 runt,
547 5768 664 5823 ideo
686 5778 832 5826 tanta
862 5782 1029 5827 sunta
1055 5773 1278 5831 Domino
1302 5777 1595 5844 consecuti,
1620 5778 1814 5845 intulit,
1841 5798 1942 5836 non

2043 4690 2304 4756 abstulit,”
2329 4689 2509 4744 domui
2549 4688 2729 4745 cordis
2773 4689 3073 4760 gentilium,
3107 4680 3267 4760 quam
3313 4706 3410 4762 per
3458 4694 3615 4750 fidem

2044 4780 2346 4835 inhabitare
2365 4779 2613 4851 dignatus
2631 4788 2736 4846 est,
2768 4781 2947 4851 Specie
2994 4781 3256 4837 donorum
3287 4782 3450 4849 dedit,
3475 4786 3619 4854 quod

2044 4870 2292 4927 videlicet
2320 4880 2528 4943 gestum
2574 4881 2656 4929 est
2705 4887 2827 4927 cum
2874 4874 3038 4928 verba
3083 4872 3178 4928 Dei
3225 4881 3280 4928 et
3311 4872 3614 4928 Judteorum

2044 4962 2270 5033 populus
2300 4962 2367 5018 ad
2393 4962 2558 5016 solam
2608 4963 2840 5017 litteram
2862 5004 2878 5029 ,
2921 4978 3039 5032 qum
3061 4963 3281 5027 occidit,
3323 4963 3613 5033 acciperet,

2046 5062 2102 5108 et
2128 5069 2388 5109 conversa
2419 5054 2808 5126 gentilitasiper
2827 5054 3094 5124 spiritum,
3118 5053 3209 5123 qui
3238 5053 3491 5120 vivificat,
3521 5067 3616 5123 pe-

2051 5154 2306 5200 netraret.

2129 5234 2262 5287 Yau.
2286 5254 2303 5284 ε
2326 5235 2393 5295 Et
2410 5236 2685 5307 dissipavit
2706 5238 2862 5307 quasi
2885 5238 3098 5297 hortum
3125 5238 3411 5293 tentorium
3441 5256 3615 5307 suum,

2057 5342 2075 5376 ι
2115 5324 2400 5379 demolitus
2437 5336 2519 5380 est
2546 5327 2944 5382 tabernaculum
2989 5343 3166 5384 suum.
3198 5328 3463 5385 Oblivioni
3512 5341 3621 5387 tra-

2058 5436 2075 5467 ‹
2114 5415 2527 5471 diditDominus
2568 5418 2623 5471 iu
2672 5415 2799 5473 Sion
2842 5417 3186 5475 festivitatem
3226 5429 3279 5475 et
3317 5423 3619 5489 sabbatum,

2056 5525 2074 5557 ι
2111 5516 2165 5561 ct
2193 5507 2479 5575 opprobrio
2502 5508 2555 5562 iu
2598 5508 2964 5580 indignatione
3006 5508 3205 5567 furoris
3249 5513 3332 5567 sui
3359 5529 3536 5585 regem
3567 5526 3616 5570 εξ

2056 5617 2074 5648 l
2113 5598 2467 5652 sacerdotem.
2528 5619 2546 5650 ι
2592 5598 2891 5671 (Ιιὶενοη.)
2934 5600 3159 5672 Propter
3202 5614 3422 5674 peccata
3474 5606 3621 5662 enim

2049 5687 2410 5744 lsraelitarum
2446 5690 2725 5760 dissipavit
2770 5693 3057 5748 tentorium
3089 5710 3265 5760 suum,
3294 5697 3445 5766 quasi
3488 5699 3617 5754 hor-

2049 5790 2159 5836 tum
2200 5779 2480 5835 demolitus
2527 5792 2609 5837 est
2645 5783 3045 5840 tabernaculum
3093 5803 3268 5843 suum.
3308 5788 3362 5843 ln
3401 5787 3607 5846 oblivio
