3970 6190
514 435 534 484 1
547 433 649 485 205

1158 427 1214 480 Β.
1254 425 1504 480 RABANI
1545 425 1759 482 MAURI
1798 426 2111 481 ARCiilEi’.
2159 427 2466 483 MOGUNT.
2500 428 2786 485 OPERUM
2822 430 3001 485 PARS
3033 430 3116 485 Ill.

3574 438 3679 497 libi

513 561 633 601 nem
656 542 873 600 tradidit
894 542 1214 599 festivitates
1238 551 1293 598 et
1318 541 1564 607 sabbata,
1595 552 1649 597 et
1673 551 1839 601 totam
1871 552 2083 615 gentem
2112 550 2159 605 Α
2190 546 2357 613 LXIV}.
2392 563 2415 598 ι
2438 545 2658 626 Mysticc
2688 554 2867 602 autem
2890 546 3084 617 repulit
3111 546 3359 602 Dominus
3382 547 3677 615 altaicsuuui,

426 650 431 656 τ
512 646 772 706 spernens
799 631 957 686 simul
993 646 1115 687 cum
1147 631 1361 702 regibus
1402 637 1458 686 et
1494 632 1865 687 sacerdotibus
1903 632 1959 687 in
1986 647 2087 705 op-

513 728 788 797 probrium
822 726 1147 797 captivitatis
1169 726 1336 781 dedit.
1369 726 1426 780 ln
1456 727 1675 783 tectorii
1703 727 1848 783 enim
1872 724 2089 782 nomine

514 828 569 873 et
602 817 970 881 tabernaculi,
1001 816 1249 887 quamvis
1283 817 1532 873 videatur
1581 833 1746 872 unum
1796 831 1989 872 sonare
2023 832 2090 875 eo

514 910 655 978 quod
706 908 1052 965 tabernacula
1092 908 1215 963 inde
1262 908 1373 965 sint
1423 909 1601 974 dicta,
1666 908 1813 979 quod
1867 908 2091 965 cortina:

515 1001 759 1055 distentae
800 999 1016 1056 funibus
1073 1000 1434 1057 tabernaculis
1480 1002 1624 1056 intra
1681 1000 1949 1055 stantibus
1997 1015 2091 1074 ap-

514 1089 906 1162 penderentur,
947 1106 1067 1162 qua:
1114 1090 1349 1145 tentoria
1395 1090 1768 1147 sustinerent:
1812 1099 1991 1144 tamen
2034 1088 2088 1144 in

515 1180 745 1234 tentorio
783 1179 912 1236 illud
943 1179 1346 1235 tabernaculum
1374 1193 1516 1250 quon
1561 1178 1772 1251 Moyses
1795 1176 1849 1234 in
1874 1178 2091 1234 deserto

515 1271 816 1335 fabricavit,
843 1279 899 1325 et
923 1271 978 1326 in
1008 1261 1353 1327 tabernaculo
1380 1271 1483 1327 hoc
1510 1270 1765 1340 templum
1802 1268 1945 1340 quod
1990 1266 2091 1324 Sa-

515 1360 693 1414 lomon
721 1360 774 1414 in
817 1369 958 1415 terra
989 1361 1419 1443 repromissionis
1445 1360 1761 1427 aedificavit,
1802 1376 2089 1431 possumus

486 1441 781 1523 ‘acciperc,
816 1468 935 1523 qua:
964 1441 1198 1524 utraque
1218 1464 1435 1528 propter
1484 1453 1686 1509 scelera
1722 1454 2088 1509 habitatorum

515 1542 772 1597 Dominus
799 1543 853 1597 in
887 1559 1079 1599 manus
1123 1546 1358 1599 hostium
1401 1545 1644 1611 tradidit,
1675 1546 1815 1602 sicut
1845 1545 1897 1600 in
1938 1545 2090 1601 Psal-

516 1632 651 1688 terio
688 1632 881 1704 legitur
913 1652 925 1691 :
964 1653 982 1685 ι
1020 1634 1238 1708 Repulit
1263 1636 1667 1707 tabernaculum
1719 1636 1860 1700 Silo,
1904 1636 2087 1693 taber-

515 1722 765 1780 naculum
799 1740 978 1789 suum,
1010 1725 1064 1779 in
1093 1740 1200 1795 quo
1223 1726 1487 1783 habitavit
1530 1727 1673 1782 inter
1712 1727 1960 1783 homines
1988 1746 2001 1782 :
2031 1735 2087 1783 et

516 1815 736 1870 tradidit
768 1815 821 1869 in
861 1817 1227 1889 captivitatem
1254 1817 1482 1873 virtutes
1518 1832 1742 1883 eorum,
1769 1828 1824 1873 et
1851 1817 2087 1889 pulchri-

514 1905 726 1960 tudines
763 1920 947 1959 eorum
975 1905 1030 1960 in
1072 1922 1263 1962 manus
1310 1907 1513 1962 inimici
1558 1904 1742 1980 (Psal.
1798 1910 2024 1980 Lxxvn).
2058 1928 2076 1960 ι
2114 1885 2160 1944 Β

514 1993 852 2064 Rursumque
875 2010 972 2064 per
1010 2002 1328 2067 praesentem
1364 1997 1710 2068 prophetam,
1746 1998 1800 2053 id
1825 2007 1908 2054 est
1932 1997 2086 2056 Jere-

514 2085 698 2151 miam,
718 2085 975 2141 Dominus
995 2087 1049 2143 in
1069 2088 1436 2156 superioribus
1460 2087 1536 2142 ait
1565 2102 1582 2143 :
1609 2107 1628 2140 ι
1660 2087 1879 2144 Faciam
1904 2088 2086 2144 domui

515 2175 639 2231 huic
664 2176 717 2230 in
740 2190 845 2246 qua
862 2177 1163 2232 invocatum
1188 2187 1272 2233 est
1291 2194 1487 2234 nomen
1502 2193 1701 2245 meum,
1725 2188 1780 2235 et
1805 2180 1857 2234 in
1871 2194 1977 2250 qua
1992 2195 2089 2251 vos

515 2265 725 2322 habetis
750 2266 1021 2334 ﬁduciam,
1043 2276 1097 2325 et
1119 2269 1237 2324 loco
1252 2284 1411 2338 quem
1435 2269 1555 2326 dedi
1575 2270 1744 2336 vobis,
1771 2279 1826 2326 et
1844 2270 2089 2340 patrihus

513 2357 726 2422 vestris,
766 2358 905 2417 sicut
946 2357 1051 2414 feci
1081 2358 1228 2416 Silo:
1273 2359 1552 2432 projiciam
1579 2375 1677 2417 vos
1706 2377 1737 2416 a
1766 2360 1904 2417 facie
1945 2376 2084 2430 mea,

512 2448 651 2504 sicut
680 2449 879 2520 projeci
921 2466 1111 2507 omnes
1151 2451 1344 2509 fratres
1388 2467 1538 2509 meos
1565 2453 1874 2510 universum
1904 2469 2087 2509 semen

514 2540 769 2613 Ephraim
795 2541 1009 2614 (Jerem.
1038 2543 1206 2615 xxvi).
1236 2564 1254 2597 ι
1293 2543 1445 2601 Unde
1482 2544 1637 2604 nobis
1663 2544 1949 2599 videndum
1979 2553 2085 2610 est,

516 2655 584 2696 ne
608 2646 829 2711 propter
860 2635 1181 2707 iniquitates"
1216 2646 1431 2692 nostras
1465 2637 1828 2694 habitaculum
1852 2638 2088 2709 pectoris

513 2729 682 2785 nostri
710 2728 921 2783 deserat
968 2726 1297 2791 inhabitator
1342 2726 1575 2797 Spiritus
1595 2738 1837 2794 sanctus,
1868 2737 2089 2799 respuat

513 2817 869 2875 sacerdotium
909 2825 964 2872 et
998 2817 1254 2893 despiciat
1293 2817 1537 2872 ordinem
1576 2817 1853 2888 regiminis
1895 2818 2083 2882 nostri,

513 2908 811 2978 liamusque
848 2908 985 2963 sicut
1013 2896 1203 2963 hortus
1229 2907 1539 2977 dissipatus,
1580 2907 1671 2962 ubi
1701 2906 1878 2962 nullus
1910 2906 2086 2962 virtu-

515 3008 626 3055 tum
647 2999 881 3070 gignitur
905 2997 1131 3061 i‘ructus.
1165 2997 1506 3054 Metuendum
1537 2997 1699 3070 igitur
1727 3006 1808 3054 est
1844 3011 1913 3053 ne
1938 3008 2087 3053 tanta

513 3089 778 3144 suavitate
804 3098 857 3144 et
874 3087 1210 3158 jucunditate
1248 3088 1463 3159 privati,
1506 3087 1560 3142 in
1588 3087 2003 3143 amaritudinem
2032 3096 2088 3143 et

515 3179 810 3236 fmditatem
859 3180 1232 3253 perveniamus
1286 3179 1687 3249 sempiternam.
1742 3178 1885 3233 Dicit
1938 3178 2082 3233 enim

512 3272 807 3329 Corinthiis
853 3270 1136 3328 manifeste
1184 3270 1381 3327 Paulus
1446 3271 1761 3349 apostolus:
1799 3288 1818 3322 ‹
1856 3269 2088 3332 Nescitis

515 3363 640 3436 quia
671 3363 927 3441 templum
979 3361 1071 3417 Dei
1114 3363 1263 3423 estis,
1305 3368 1361 3417 et
1387 3361 1610 3432 spiritus
1635 3360 1731 3415 Dei
1783 3360 1993 3416 habitat
2032 3360 2087 3418 in

513 3454 703 3511 vobis?
723 3453 781 3509 Si
804 3454 926 3531 quis
951 3463 1127 3507 autem
1152 3450 1405 3524 templum
1435 3450 1530 3505 Dei
1558 3450 1859 3515 violaverit,
1888 3449 2091 3526 disper-

515 3549 607 3604 det
650 3547 796 3602 illum
833 3547 994 3603 Deus.
1037 3542 1315 3616 Templum
1361 3543 1507 3598 enim
1557 3542 1654 3597 Dei
1684 3551 1930 3598 sanctum
1982 3549 2085 3607 est,

513 3639 657 3711 quod
687 3639 820 3694 cszis
850 3653 944 3693 vos
967 3636 1018 3710 (I
1049 3632 1170 3691 Cor.
1204 3635 1265 3704 ι).
1300 3653 1319 3687 ι
1352 3633 1420 3688 Et
1458 3633 1588 3689 item
1638 3651 1651 3686 :
1685 3651 1705 3684 ι
1735 3632 1817 3686 An
1844 3632 2087 3699 nescitis,

514 3732 706 3803 inquit,
738 3730 992 3804 quoniam
1039 3727 1279 3793 membra
1304 3735 1483 3782 vestra
1511 3724 1765 3797 templum
1794 3732 1922 3779 sunt
1967 3722 2090 3795 Spi-

502 3824 652 3897 ritus
698 3821 869 3884 sancti
915 3820 1005 3895 qui
1044 3818 1098 3873 in
1143 3817 1296 3872 vobis
1323 3822 1427 3882 est,
1463 3829 1624 3884 quem
1667 3813 1876 3870 habetis
1905 3829 1936 3867 a
1986 3814 2091 3870 Do-

516 3914 681 3979 mino,
712 3922 765 3969 et
794 3928 898 3968 non
935 3911 1065 3967 estis
1106 3908 1307 3965 vestri?
1340 3905 1520 3977 Empti
1551 3906 1695 3961 enim
1736 3906 1870 3961 estis
1912 3905 2090 3976 pretio

516 4018 732 4075 magno,
756 4002 1050 4076 gloriﬁeate
1068 4012 1124 4057 et
1150 4010 1359 4083 portate
1381 4001 1550 4065 Deum
1575 4001 1629 4056 in
1657 4012 1884 4069 corpore
1910 4005 2089 4059 vestro

515 4095 568 4169 (ι
596 4094 718 4152 Cor.
754 4097 840 4168 ιι).
876 4115 895 4148 ι

584 4184 738 4244 Zain.
775 4207 794 4241 ι
827 4186 1042 4265 Repulit
1086 4185 1344 4241 Dominus
1380 4183 1548 4239 altare
1592 4197 1769 4247 suum,
1816 4180 2091 4236 maledixit

518 4303 536 4336 ι
575 4278 985 4344 sanc’tiiicationi
1009 4290 1119 4334 sua:
1170 4276 1415 4337 Tradidit
1440 4276 1493 4331 in
1532 4290 1727 4331 manus
1749 4273 1948 4329 inimici
1971 4289 2091 4329 mu-

517 4396 535 4427 ι
578 4392 666 4431 ros
706 4374 933 4430 turrium
978 4373 1110 4447 ejus.
1142 4368 1338 4427 Vocem
1388 4367 1652 4427 dederunt
1698 4366 1752 4420 in
1794 4364 1956 4419 domo
1986 4362 2092 4419 Do-

519 4485 538 4519 ‹
578 4467 728 4529 mini,
751 4466 889 4521 sicut
912 4465 964 4519 in
986 4466 1071 4529 die.
1096 4464 1344 4521 solemni.
1370 4483 1387 4516 ι
1406 4463 1590 4521 Altare
1619 4478 1773 4518 suum
1804 4455 2084 4531 repulissc,

2111 3229 2158 3293 C

2188 638 2402 708 quando
2429 641 2665 710 peccatis
2693 638 2893 694 nostris
2916 637 3271 709 exigentibus,
3302 640 3440 709 quasi
3474 641 3680 710 ingratam

2188 727 2418 800 despicit
2464 743 2614 782 aram
2643 728 2827 783 cordis
2860 729 3050 794 nostri,
3072 736 3129 783 et
3154 729 3346 783 avertit
3381 728 3544 787 faciem
3566 747 3682 785 suam

2191 831 2220 870 a
2257 816 2430 879 nobis,
2458 817 2600 873 unde
2625 818 2759 874 salvi
2788 818 2905 873 lieri
2932 818 3305 885 debueramus,
3329 819 3455 875 sicut
3482 801 3682 890 scriptum

2189 915 2311 960 est:
2339 923 2358 956 ί
2389 905 2623 963 Ostende
2659 908 2817 962 nobis
2863 907 3052 963 faciem
3085 917 3253 973 tuam,
3282 919 3335 964 et
3376 910 3494 965 salvi
3531 912 3684 969 erimus

2190 995 2363 1079 (Ρεαι.
2395 1000 2602 1070 LXXIX).
2637 1018 2657 1052 ι
2696 997 2806 1056 Nec
2845 1014 3033 1069 preces
3076 1009 3289 1057 nostras
3310 1004 3531 1068 attendit,
3555 1021 3685 1075 neque

2189 1091 2490 1147 oblationes
2559 1092 2769 1162 recipit.
2837 1091 3108 1147 Maledieit
3168 1095 3545 1151 sanctiﬁcationi
3586 1111 3684 1157 suae.

2190 1182 2405 1251 quando
2431 1180 2797 1238 Christianum
2826 1198 3022 1238 nomen
3070 1183 3125 1238 in
3160 1199 3265 1253 quo
3303 1184 3626 1255 gloriabantur,
3647 1197 3686 1241 ct

2190 1270 2331 1339 quod
2382 1270 2434 1325 in
2488 1286 2649 1326 sacro
2705 1272 3027 1342 baptismate
3076 1288 3175 1343 per
3226 1274 3389 1329 sancti
3446 1275 3687 1330 chrismatis

2190 1363 2496 1420 unctionem
2538 1364 2894 1433 suscepimus,
2928 1363 3190 1434 pollutum
3219 1365 3439 1430 duxerit,
3462 1366 3568 1436 quia
3593 1364 3685 1421 faci-

2189 1469 2321 1511 nora
2349 1463 2528 1509 nostra
2559 1463 2613 1510 et
2636 1454 2791 1525 pravi
2817 1464 2970 1510 actus
2988 1455 3182 1510 -nostri
3212 1454 3310 1511 hoc
3332 1466 3683 1525 promerueruut.

2187 1548 2374 1603 Tradit
2421 1548 2475 1602 in
2527 1563 2719 1605 manus
2777 1551 3020 1605 omnium
3073 1550 3405 1607 inimicorum
3446 1559 3683 1607 nostrorum

2186 1638 2367 1694 omnia
2411 1652 2561 1692 arma
2605 1647 2787 1693 nostra
2823 1647 2879 1693 et
2926 1640 3255 1696 munitiones
3285 1641 3336 1696 in
3366 1641 3537 1711 quibus
3564 1640 3684 1695 conti—

2184 1728 2461 1793 debamus,
2489 1734 2743 1799 quoniam
2777 1731 2829 1785 in
2856 1733 3001 1787 omni
3045 1735 3440 1789 conversatione
3470 1742 3615 1789 nostra
3638 1733 3685 1787 ad

2186 1818 2408 1874 nihilmn
2439 1819 2644 1875 redacti
2677 1835 2880 1885 sumus,
2913 1837 3013 1878 nec
3039 1825 3348 1893 praepositos
3375 1839 3528 1893 neque
3548 1822 3684 1879 defeu.

2187 1924 2339 1964 sores
2368 1908 2478 1980 jan.
2507 1909 2667 1965 utiles
2694 1910 2893 1967 habere
2916 1927 3207 1972 meremur.
3235 1915 3354 1984 quia
3380 1915 3427 1969 in
3451 1914 3581 1968 domn
3611 1912 3683 1967 Do-

2187 1999 2341 2064 mini,
2365 1998 2452 2053 ubi
2485 1998 2621 2065 laus,
2652 1999 2825 2055 honor
2854 2009 2909 2057 et
2953 1994 3127 2072 gloria
3173 2001 3503 2058 confessionis
3542 2018 3683 2058 sonare

2189 2090 2391 2156 debuit,
2408 2090 2481 2147 ibi
2503 2091 2707 2147 clamor
2726 2101 2781 2148 et
2801 2093 3134 2164 blasphemia
3158 2095 3408 2150 resultant
3429 2105 3477 2150 et
3501 2095 3684 2165 negotia-

2190 2183 2265 2238 tio
2303 2190 2516 2237 terrena
2562 2194 2846 2239 exercetur
2886 2203 2899 2238 :
2950 2201 3050 2256 pro
3078 2201 3188 2256 quo
3223 2187 3450 2242 irritatus
3493 2186 3685 2240 Dominus

2188 2272 2455 2343 flagellum
2478 2272 2545 2327 de
2568 2273 2820 2330 funiculis
2844 2272 3048 2330 faciens
3070 2291 3258 2331 onmes
3284 2276 3504 2347 ejecitde
3521 2274 3684 2345 templo,

2188 2363 2671 2420 nummulariorum
2714 2364 2901 2421 effudit
2928 2381 3029 2431 :cs,
3065 2376 3123 2421 et
3156 2366 3431 2423 cathedras
3476 2364 3685 2421 columbas

2187 2453 2535 2508 vendentium
2565 2454 2781 2509 evertit.

2261 2542 2420 2599 Hetlz.
2453 2564 2471 2597 ε
2507 2544 2775 2618 Cogitavit
2804 2546 3065 2604 Dominus
3105 2549 3361 2620 dissipare
3392 2561 3572 2603 murum
3597 2543 3684 2599 filia:

2193 2654 2211 2687 ι
2250 2633 2401 2701 Sion,
2434 2634 2663 2689 tetendit
2689 2633 2985 2691 funiculum
3013 2647 3266 2703 suum,et
3290 2653 3389 2693 non
3415 2635 3581 2690 avertit
3600 2649 3683 2687 ma-

2193 2744 2213 2778 (
2250 2741 2378 2780 num
2430 2741 2585 2781 suam
2622 2741 2652 2780 a
2681 2727 3000 2796 perditione.
3044 2728 3311 2799 Luxitque
3335 2724 3685 2784 antemurale,ct
3726 2730 3737 2747 '

2193 2836 2211 2869 ι
2250 2832 2435 2872 murus
2453 2816 2660 2888 pariter
2679 2817 2971 2888 dissipatus
2997 2828 3105 2873 est.
3151 2839 3169 2871 ι
3197 2817 3333 2875 Urbs
3356 2827 3447 2872 ista
3471 2812 3594 2881 cujus
3616 2810 3685 2864 Du-

2189 2906 2367 2962 minus
2401 2907 2657 2976 cogitavit
2697 2907 2962 2977 dissipare
3006 2925 3221 2963 murum
3258 2908 3554 2976 tetenditque
3586 2902 3681 2956 funi-

2187 2994 2389 3061 culum,
2417 2995 2521 3051 hoc
2548 3006 2653 3060 est,
2680 3007 2886 3051 rectam
2912 3006 2969 3052 et
2989 2999 3307 3069 condignam
3334 2995 3593 3052 mercedem
3613 3004 3680 3042 ne-

2187 3086 2370 3157 quitiae
2400 3102 2510 3142 suae
2539 3086 2766 3142 reddere
2813 3088 2863 3142 ei
2897 3088 3197 3160 disposuit,
3225 3102 3474 3162 synagoga
3516 3092 3584 3140 est
3613 3079 3681 3135 Ju-

2188 3175 2450 3241 d:eorum,
2475 3192 2594 3246 qua:
2618 3192 2834 3249 semper
2856 3179 3090 3249 superbe
3125 3189 3181 3236 et
3220 3179 3524 3239 contentiose
3542 3172 3683 3242 agebat

2188 3278 2374 3329 contra
2425 3268 2740 3335 Dominum,
2777 3272 3071 3341 prophetas
3098 3273 3216 3345 ejus
3256 3280 3307 3329 et
3343 3270 3532 3331 nuntios
3560 3264 3612 3321 ad
3640 3275 3682 3317 se

2189 3360 2382 3416 missos
2405 3375 2757 3443 persequens,
2791 3363 3087 3420 novissime
3120 3379 3243 3420 vero
3270 3365 3428 3435 ipsum
3456 3357 3680 3426 haeretica).

2187 3450 2291 3511 hoc
2316 3460 2419 3516 est,
2449 3453 2667 3508 unicum
2714 3452 2878 3517 tilium
2909 3451 3025 3522 ejus
3056 3453 3339 3513 interfecit.
3384 3451 3516 3509 Unde
3537 3458 3582 3503 et
3601 3447 3683 3515 ipse

2189 3541 2446 3600 Dominus
2466 3541 2644 3612 justus
2665 3542 2833 3619 judex
2853 3553 2908 3599 et
2926 3543 3199 3616 justitiam
3219 3545 3446 3619 diligens,
3460 3556 3548 3597 non
3571 3551 3684 3591 aver-

2190 3633 2255 3688 tit
2277 3649 2495 3688 manum
2515 3648 2667 3688 suam
2682 3618 2720 3688 'a
2745 3634 3045 3704 perditione
3076 3636 3214 3709 ejus,
3240 3618 3331 3692 sed
3369 3644 3545 3696 terram
3576 3626 3680 3681 illius

2187 3722 2342 3792 quasi
2367 3721 2606 3785 funiculo
2633 3725 2883 3792 metiens,
2915 3725 3166 3783 hostibus
3184 3725 3499 3798 partiendam
3523 3716 3678 3777 dividit

2188 3812 2396 3869 Murum
2437 3823 2495 3870 et
2530 3815 2863 3871 antemurale
2908 3815 3228 3889 dissipavit,
3278 3832 3392 3872 cum
3438 3809 3680 3882 angelorum

2187 3905 2484 3960 custodiam
2508 3913 2564 3959 et
2603 3904 2989 3973 defensionem,
3025 3891 3192 3977 quam
3224 3905 3419 3962 Domini
3463 3904 3624 3973 pietate
3641 3902 3679 3949 et

2188 4002 2399 4066 patrum
2425 4010 2645 4052 suorum
2669 3996 2861 4056 merito
2888 3997 3016 4057 olim
3047 3999 3360 4064 habuerant,
3374 3999 3436 4052 ab
3458 3995 3553 4066 ipsa
3571 4002 3680 4046 sectr

2188 4087 2316 4144 dere
2337 4087 2483 4143 fecit.
2506 4087 2548 4142 E
2573 4089 2846 4153 contrario
2866 4104 3017 4158 vero,
3041 4090 3152 4148 alia
3180 4099 3261 4151 est
3279 4091 3399 4147 urbs
3415 4088 3511 4151 illa,
3533 4086 3587 4140 de
3605 4093 3679 4151 qua

2189 4179 2241 4233 in
2271 4178 2408 4237 lsaia
2445 4178 2673 4251 legimus
2721 4188 2844 4250 post
2883 4181 3263 4247 contritionem
3291 4181 3433 4238 Moab
3471 4174 3679 4233 canticum

2188 4268 2402 4333 celebre
2441 4268 2797 4339 compositum
2826 4285 2965 4337 esse,
3007 4273 3098 4329 ubi
3126 4273 3199 4329 ita
3243 4272 3424 4343 legitur
3451 4286 3462 4323 :
3495 4286 3512 4318 ι
3540 4264 3585 4322 bi
3619 4259 3680 4313 die

2191 4362 2279 4416 illa
2325 4362 2630 4425 cantabitur
2654 4363 2925 4419 canticum
2953 4363 3097 4421 istud
3128 4366 3181 4420 in
3215 4373 3350 4420 terra
3384 4359 3503 4415 Juda
3531 4374 3542 4413 :
3581 4350 3678 4408 Urbs

2190 4454 2519 4513 [tutiwdiuis
2547 4463 2746 4515 nostra
2781 4455 3049 4525 salvator,
3078 4466 3306 4531 ponetur
3345 4456 3399 4514 in
3433 4463 3490 4511 ea
3524 4460 3677 4506 murus.

512 4567 568 4617 et
601 4557 1013 4618 sanctificationi
1045 4572 1155 4612 suae
1192 4556 1532 4612 maledixisse
1564 4553 1824 4609 Dominus
1855 4550 2086 4606 dicitur:
2112 4574 2166 4634 D
2192 4560 2247 4604 et
2277 4549 2629 4604 antemurale.
2677 4549 2898 4623 Aperite
2927 4561 3115 4622 portas
3154 4560 3207 4606 et
3259 4546 3553 4634 ingrediatur

511 4650 637 4723 quia
665 4650 868 4707 hostias
900 4649 1192 4704 secundum
1216 4646 1384 4718 legem
1408 4646 1633 4709 oblatas,
1658 4658 1793 4715 quas
1820 4641 2086 4698 salutares
2112 4620 2162 4634 υ
2185 4640 2354 4713 justa,
2386 4638 2692 4695 custodiens
2726 4620 3010 4697 veritatem
3039 4640 3176 4712 (lsa.
3218 4639 3377 4710 xxvi).
3404 4655 3424 4688 ι
3452 4620 3677 4723 [manus]

513 4742 709 4799 ibidem
731 4738 982 4811 appellat,
1003 4746 1058 4793 et
1086 4736 1255 4791 altare
1288 4737 1343 4791 in
1371 4750 1478 4806 quo
1504 4734 1707 4792 eaedem
1737 4733 1931 4789 hostia:
1953 4731 2086 4788 oii‘c-

515 4834 771 4889 rcbantur
794 4828 1015 4899 respuit,
1046 4826 1113 4882 ad
1139 4825 1546 4896 diripiendaque
1572 4826 1810 4891 hostium
1838 4823 2085 4879 manibus

513 4913 751 4990 tradidit,
782 4920 944 4982 simul
975 4932 1099 4975 cum
1128 4914 1283 4982 urbe,
1307 4924 1468 4985 atque
1490 4914 1907 4988 propugnaculis
1929 4915 2083 4987 ejus:

513 5020 910 5094 clamoremque
938 5011 1282 5091 blasphemia:
1308 5008 1470 5063 iidem
1498 5010 1684 5065 hostes
1709 5008 1762 5063 in
1790 5008 1952 5065 domo
1980 5008 2085 5062 Do-

514 5107 643 5163 mini
670 5109 955 5173 dedernnt,
987 5104 1075 5160 ubi
1110 5103 1379 5176 quondam
1418 5100 1604 5156 laudes
1630 5099 1684 5154 in
1730 5097 2083 5154 solemnitati-

514 5201 614 5256 bus
645 5198 812 5254 variis
863 5212 959 5269 per
986 5196 1196 5252 diversa
1222 5208 1443 5265 organa,
1472 5190 1781 5247 sacerdotes
1825 5196 1880 5243 et
1910 5186 2085 5251 levita:

515 5289 711 5359 templo
748 5298 804 5345 et
836 5291 937 5341 ritu
968 5286 1223 5342 inviolato
1264 5284 1532 5340 canebant
1553 5299 1567 5337 :
1592 5280 1736 5352 quod
1763 5278 1892 5334 olim
1918 5278 2084 5335 lsaias

516 5381 768 5451 propheta
799 5378 1111 5451 depiorabat
1155 5376 1383 5435 dicens:
1416 5394 1435 5429 ι
1472 5374 1612 5431 Ecce
1660 5370 1890 5446 respice,
1919 5386 2085 5442 popu-

513 5471 597 5525 lus
622 5479 760 5536 tuus,
792 5482 980 5525 omnes
1008 5483 1122 5532 nos,
1147 5475 1203 5522 et
1250 5466 1440 5522 civitas
1485 5465 1655 5519 sancti
1689 5462 1764 5520 tui
1808 5459 1950 5521 facta
1998 5470 2083 5516 est

513 5560 745 5625 deserta,
774 5559 903 5615 Sion
933 5560 1144 5614 deserta
1174 5556 1312 5613 facta
1337 5564 1440 5623 est.
1481 5553 1815 5613 Hierusalem
1845 5552 2083 5617 desolata

512 5644 704 5703 domus
740 5648 1183 5705 sanctiﬁcationis
1215 5656 1413 5702 nostrm
1438 5687 1454 5713 ,
1502 5645 1591 5700 ubi
1640 5644 1995 5701 laudaverunt
2032 5653 2085 5698 te

512 5744 694 5815 patres
748 5739 953 5803 nostri,
1008 5739 1148 5794 facta
1191 5744 1276 5792 est
1331 5737 1384 5792 in
1428 5736 1763 5791 exustionem
1818 5735 1978 5808 ignis,
2029 5744 2084 5788 et

513 5829 693 5892 omnia
724 5830 1094 5885 desiderabilia
1122 5835 1301 5882 nostra
1331 5842 1484 5883 versa
1512 5835 1636 5882 sunt
1661 5828 1713 5885 in
1740 5827 1924 5883 ruinas
1950 5824 2083 5901 (Im.

2192 4731 2321 4800 Qua:
2348 4742 2431 4788 est
2456 4732 2562 4788 ista
2589 4732 2740 4796 urbs,
2770 4731 2876 4787 nisi
2913 4730 3002 4786 illa
3023 4746 3146 4803 quae
3181 4732 3235 4787 in
3262 4736 3428 4787 monte
3453 4725 3539 4781 sita
3556 4720 3678 4773 latere

2191 4840 2297 4882 non
2330 4824 2647 4896 potest‘lde
2686 4837 2793 4895 qua
2840 4831 2897 4879 et
2937 4824 2995 4879 in
3037 4823 3145 4887 alio
3186 4822 3303 4878 loco
3336 4818 3562 4888 scriptum
3586 4815 3676 4863 est:

2196 4936 2214 4970 ‹
2258 4915 2521 4971 Fluminis
2571 4915 2804 4987 impetus
2843 4913 3083 4970 lmtilicat
3134 4914 3396 4971 civitatem
3438 4907 3520 4964 Dei
3547 4896 3674 4996 (Psal-

2193 5005 2368 5077 xun).
2399 5024 2419 5057 ›
2447 5004 2516 5060 Et
2549 5020 2763 5060 rursum
2790 5019 2806 5059 :
2834 5023 2854 5058 ι
2888 5003 3133 5061 Gloriosa
3155 5005 3292 5061 dicta
3330 5007 3442 5057 sunt
3464 4996 3522 5051 de
3544 5001 3602 5054 te,
3622 5001 3675 5041 α·

2192 5097 2330 5154 vitas
2359 5095 2455 5153 Dei
2493 5093 2665 5168 (Paul.
2691 5093 2933 5166 LXXXVI).
2967 5114 2986 5147 ι
3020 5093 3187 5164 Hujus
3213 5091 3352 5148 urbis
3378 5088 3458 5144 ille
3487 5079 3676 5143 conditor

2190 5196 2291 5251 est,
2321 5188 2388 5243 de
2410 5202 2519 5257 quo
2541 5184 2781 5256 loquitur
2806 5185 2965 5240 Pater
2998 5200 3015 5240 :
3043 5184 3149 5241 lste
3171 5178 3437 5240 aedilicabit
3462 5172 3672 5266 civitatein:

2192 5295 2388 5345 meam.
2425 5252 2537 5335 imo
2562 5252 2691 5336 urbs
2716 5277 3047 5333 fortitudinis
3074 5284 3269 5333 nostra
3288 5270 3501 5330 salvator
3519 5267 3601 5324 est,
3636 5252 3672 5307 id

2190 5380 2293 5434 est,
2341 5368 2501 5427 Jesus
2542 5385 2555 5421 :
2592 5384 2612 5419 ι
2654 5367 2724 5423 Ει
2754 5375 2987 5436 ponetur
3033 5367 3087 5422 in
3119 5380 3181 5421 ea
3210 5374 3383 5418 murus
3407 5363 3456 5413 et
3485 5356 3672 5406 autem“:

2192 5459 2325 5531 rale,
2346 5479 2365 5512 ι
2401 5473 2587 5513 murus
2610 5457 2869 5517 honorum
2896 5471 3139 5527 operum,
3161 5462 3213 5510 et
3238 5442 3533 5531 antemurale
3552 5439 3670 5531 τεειξε

2190 5515 2334 5616 ﬁdei.
2362 5560 2421 5602 ιιι
2446 5546 2640 5616 duplici
2670 5555 2817 5615 septa
2856 5515 3294 5609 situmunimento.
3314 5537 3419 5593 Non
3452 5528 3569 5593 enim
3585 5515 3669 5576 θυῖ-

2191 5641 2306 5696 ﬁcit
2333 5655 2546 5705 murum
2572 5639 2772 5693 habere
2796 5638 2916 5699 iidei
2938 5679 2953 5703 ,
2991 5637 3094 5701 nisi
3122 5636 3232 5705 ipsa
3258 5632 3380 5686 fides
3415 5620 3546 5680 bonis
3575 5622 3668 5710 ope:

2192 5733 2340 5789 ribus
2362 5732 2730 5791 confirmetur.
2748 5729 2845 5785 llic
2872 5746 3058 5787 murus
3078 5737 3132 5786 et
3150 5729 3248 5783 hoc
3270 5710 3667 5811 antemurale:

2192 5812 2627 5891 circummurale,
2643 5824 2709 5878 de.
2729 5824 2863 5880 vivis
2884 5824 3144 5894 lapidibus
3164 5796 3662 5877 exstruitut‘ulllijum
