3970 6190
267 336 399 392 ωδ

1102 338 1462 399 EXPOSITIO
1499 338 1723 396 SUPER
1757 335 2124 395 JEREMIAM.
2164 366 2234 381 -
2271 339 2396 394 LIB.
2437 339 2627 395 XVI“.

3374 339 3511 396 r208

257 455 582 526 Prophetam
612 453 896 509 volvuntur
918 470 1079 526 super
1100 464 1319 524 terram,
1345 464 1450 511 etc.
1468 454 1622 522 Quod
1651 460 1828 507 autem
1861 455 1906 514 Α
1934 462 2308 510 servaverunt.
2343 452 2547 509 Idcirco
2580 452 2892 523 ahjecerunt
2918 453 2970 508 in
3023 461 3165 509 terra
3205 454 3381 525 capita
3412 471 3510 513 sua

256 546 391 602 dicit
407 564 420 599 :
443 564 463 598 (
487 544 644 615 Aperi
654 554 703 607 te
720 552 902 615 portas
916 554 970 600 et
989 545 1319 617 ingrediatur
1330 561 1463 616 gens
1478 545 1647 615 justa,
1663 553 1838 599 custoo

251 639 412 695 cliens
431 637 741 701 veritatem;
768 657 784 688 ι
813 636 1338 707 praecepitDominus
1356 638 1583 706 angelis,
1596 636 1687 706 qui
1711 651 1838 706 por-

256 728 329 784 tis
360 728 509 783 urbis
534 726 828 782 Dominicae
846 726 1225 797 pnesidebant,
1257 737 1329 797 ut.
1356 727 1602 797 aperiant
1628 736 1834 797 portas,

254 829 314 876 et
347 819 678 892 ingrediatur
706 832 836 890 gens
857 817 1024 886 justa,
1056 821 1368 876 custodiens
1399 819 1698 883 veritatem,
1729 832 1836 872 non

255 910 487 982 populus
508 908 837 975 Iudaeorum,
874 911 966 981 qui
993 908 1233 978 abjectus
1258 918 1363 976 est,
1388 910 1481 964 sed
1514 924 1647 981 gens
1668 909 1838 977 jnsta,

257 1014 468 1072 quae-ex
509 999 612 1054 [ide
644 998 879 1053 lidelium
926 1013 1121 1054 nomen
1152 1000 1380 1069 accepit,
1418 1000 1601 1069 utique
1636 998 1724 1055 ille
1773 1000 1840 1054 de

256 1090 453 1159 quibus
479 1098 532 1145 et
576 1099 795 1145 sanctus
842 1090 1121 1159 loquitur:
1161 1112 1180 1145 ‹
1216 1092 1438 1162 Aperite
1480 1092 1607 1147 mihi
1654 1101 1840 1163 portas

251 1181 513 1249 justitize,
566 1189 621 1235 et
673 1181 952 1252 ingressus
1009 1182 1064 1237 in
1114 1199 1209 1239 eas
1258 1185 1559 1238 conﬁtebor
1611 1183 1840 1238 Domino

257 1268 433 1339 (Paul.
459 1270 649 1340 cxvn).
700 1290 718 1321 ι
764 1270 872 1327 Has
888 1280 1074 1326 autem
1115 1281 1299 1343 portas
1327 1272 1505 1328 nullus
1528 1274 1726 1343 poterit
1758 1273 1839 1328 in-

258 1361 430 1431 gredi,
475 1361 577 1416 nisi
608 1363 700 1432 qui
737 1362 804 1417 de
844 1364 1015 1432 portis
1055 1364 1244 1420 mortis
1284 1364 1448 1420 fuerit
1476 1365 1753 1431 liberatus,
1784 1374 1843 1423 et

258 1469 383 1508 cum
427 1452 711 1510 Psalmista
746 1455 982 1510 dixerit:
1016 1475 1034 1508 ι
1070 1455 1172 1523 Qui
1199 1455 1409 1512 exaltas
1454 1472 1540 1511 me
1580 1459 1646 1512 de
1670 1459 1840 1528 portis

262 1542 474 1607 mortis,
523 1552 581 1596 nt
636 1545 950 1599 annnntiem
998 1561 1186 1602 omnes
1237 1546 1572 1602 laudationes
1622 1556 1741 1603 tuas
1784 1547 1841 1604 in

262 1632 437 1702 portis
486 1631 605 1687 filiae
650 1633 779 1689 Sion
813 1632 987 1704 (Psal.
1032 1634 1129 1707 ιχ).
1162 1656 1179 1687 ι
1214 1634 1348 1691 Cum
1374 1637 1521 1694 enim
1566 1637 1633 1691 de
1672 1638 1841 1707 portis

264 1722 455 1776 mortis
508 1721 769 1778 fuerimus
805 1725 1009 1794 erepti,
1044 1735 1171 1781 tunc
1221 1726 1278 1780 iu
1322 1727 1493 1796 portis
1528 1725 1652 1781 lilite
1707 1725 1838 1782 Sion

1940 544 2174 614 virgines
2222 543 2578 608 Hierusalem,
2621 559 2744 599 cum
2786 551 2993 599 mentes
3024 545 3243 600 tristitia
3295 555 3508 603 terrena

1937 644 2186 707 gravatas
2228 636 2280 691 in
2324 628 2428 691 fma
2457 637 2862 705 depresserunt,
2893 652 2991 692 nec
3016 636 3127 706 jam
3177 638 3245 693 ad
3286 641 3511 697 caeleste

1937 725 2188 797 gaudium
2229 726 2336 781 nllo
2384 725 2542 781 modo
2592 726 2834 796 aspirare
2881 737 3357 798 przesumpserunt.
3384 729 3511 785 ιιεω

1936 829 2066 885 ergo
2094 816 2273 871 omnia
2320 816 2572 871 admonet
2604 832 2704 871 nos
2731 831 2799 872 ne
2828 817 2997 873 simus
3039 832 3231 889 segnes
3262 826 3314 875 et
3348 820 3509 891 tepidi
3598 883 3602 887 ,

1939 908 2009 961 ad
2032 907 2343 962 discendam
2368 907 2602 962 divinam
2625 908 2964 978 sapientiam,
2982 918 3038 965 et
3062 911 3322 966 virtutum
3345 926 3511 982 opera

1939 997 2260 1063 exercenda,
2294 1012 2359 1052 ne
2385 996 2523 1053 forte
2552 1007 2771 1069 propter
2793 998 3039 1054 inertiam
3069 1009 3311 1057 nostram
3356 1016 3510 1072 sper-

1941 1087 2116 1143 uendo
2162 1088 2374 1143 deserat
2420 1102 2517 1142 nos
2561 1096 2753 1143 auctor
2788 1096 3006 1153 noster,
3052 1090 3513 1161 destituamurque

1907 1169 2085 1232 'omni
2124 1178 2334 1244 solatio,
2368 1194 2465 1233 nec
2495 1179 2607 1249 jam
2643 1179 2935 1234 habeamus
2964 1182 3133 1250 portis
3178 1192 3232 1237 et
3272 1183 3512 1237 vectibus

1940 1268 2231 1323 destructis
2265 1284 2419 1339 rcges
2435 1278 2489 1323 et
2518 1268 2786 1338 principes
2817 1270 2909 1339 qui
2933 1285 3031 1325 nos
3052 1273 3251 1326 ducant
3282 1273 3333 1326 in
3368 1275 3513 1327 viam

1933 1354 2172 1424 justitiaz,
2207 1373 2307 1413 nec
2343 1356 2458 1426 jam
2513 1358 2597 1413 lex
2636 1360 2728 1413 Dei
2777 1368 2832 1415 et
2876 1361 3258 1430 prophetarum
3292 1364 3517 1419 oracula

1942 1445 2241 1502 illuminent
2269 1449 2430 1503 corda
2460 1456 2643 1503 nostra
2675 1468 2688 1502 :
2714 1450 3102 1520 sedeamusquc
3128 1453 3185 1507 in
3219 1463 3360 1508 terra
3390 1470 3514 1509 ear-

1942 1537 2027 1591 nis
2053 1546 2250 1592 nostra:
2277 1538 2555 1593 desideriis
2578 1539 2728 1607 quasi
2755 1546 2934 1594 cinere
2956 1541 3164 1609 polluti,
3179 1553 3233 1597 et
3265 1544 3515 1597 vitiorum

1942 1629 2073 1683 setis
2106 1622 2524 1693 circumamieti,
2563 1637 2727 1683 totam
2757 1628 2999 1700 gloriam,
3031 1647 3192 1700 quam
3221 1633 3273 1687 in
3307 1632 3514 1688 cmlcsti

1944 1733 2111 1788 regno
2139 1718 2338 1774 habere
2368 1727 2734 1789 potueramus,
2771 1721 3056 1788 perdamus
3099 1740 3111 1775 :
3133 1723 3517 1794 jaceamusque

262 1827 452 1867 omnes
496 1812 827 1869 laudationes
876 1815 1087 1869 Domini
1130 1824 1353 1870 cantare
1400 1815 1739 1884 poterimus,
1789 1825 1844 1872 et

1956 1810 1999 1864 in
2016 1819 2184 1876 terra,
2205 1812 2376 1866 donec
2393 1826 2522 1867 caro
2541 1819 2724 1867 nostra
2750 1812 2803 1866 in
2827 1813 3123 1882 pulverem,
3142 1815 3282 1870 unde
3304 1824 3517 1886 sumpta

265 1905 534 1973 quomodo
553 1911 738 1973 portas
761 1906 950 1959 mortis
981 1920 1104 1960 reos
1143 1920 1263 1960 esse
1286 1906 1518 1974 peccati,
1543 1905 1611 1960 de
1648 1905 1858 1974 quibus

267 1993 334 2046 ad
371 1992 591 2047 Petrum
629 1993 826 2048 dicitur
857 2013 871 2047 :
903 2014 920 2046 (
957 1994 1135 2049 Porta:
1162 1994 1319 2049 inferi
1351 1998 1456 2049 non
1481 1995 1847 2066 praevalebunt

267 2083 557 2138 adversum
584 2090 635 2138 te
661 2082 877 2155 (Matth.
914 2084 1053 2152 xvr),
1092 2102 1112 2134 ι
1147 2085 1226 2139 sic
1254 2093 1438 2153 portas
1464 2086 1643 2138 omnia
1682 2099 1846 2156 opera

268 2171 552 2227 virtutum.
591 2171 744 2241 quasi
789 2172 880 2239 qui
913 2172 1076 2226 fuerit
1117 2172 1390 2243 ingressus
1418 2189 1578 2227 unam
1612 2173 1850 2230 inveniet

269 2269 505 2330 portam,
541 2260 606 2314 de
630 2274 733 2329 qua
764 2260 963 2314 dicitur
996 2278 1009 2314 :
1040 2280 1058 2311 ι
1100 2260 1226 2316 Haec
1256 2269 1410 2328 porta
1437 2261 1648 2317 Domini
1682 2279 1695 2317 :
1714 2260 1849 2331 justi

272 2349 637 2404 intrabunt'in
677 2342 798 2401 eam
847 2347 1046 2417 (Joan.
1096 2349 1243 2419 XIV).
1278 2369 1295 2401 ι
1328 2350 1394 2403 Ει
1435 2349 1704 2419 quomodo
1752 2366 1851 2421 per

275 2440 454 2511 plures
480 2440 803 2511 margaritas
825 2439 890 2493 ad
918 2455 1079 2493 unam
1104 2440 1346 2510 pergitur
1373 2441 1743 2511 margaritam,
1773 2441 1852 2496 sic

274 2546 373 2599 per
422 2529 616 2584 multas
655 2531 767 2584 vias
809 2537 860 2585 et
899 2538 1079 2605 portas
1118 2530 1460 2601 pervenimus
1500 2529 1569 2584 ad
1611 2545 1733 2585 eum
1758 2531 1851 2601 qui

279 2623 409 2678 dicit
424 2638 545 2677 esse
565 2638 622 2677 se
647 2622 806 2688 viam,
827 2630 882 2677 et
900 2629 1112 2692 portam
1133 2636 1406 2692 perquam
1427 2620 1763 2692 ingredimur
1783 2622 1850 2678 ad

278 2716 516 2770 Patrem.
1231 2746 1266 2775 ο

350 2806 531 2860 ΤΙιριΙι.
568 2824 586 2855 ‹
618 2805 818 2861 Defixre
855 2814 979 2861 sunt
1006 2806 1060 2861 in
1094 2814 1239 2861 terra
1267 2815 1435 2876 portae
1457 2805 1594 2876 ejus,
1622 2806 1855 2877 perdidit

282 2917 301 2948 ί
337 2904 391 2951 et
416 2897 672 2951 contrivit
702 2904 883 2952 vectes
921 2897 1060 2968 ejus,
1110 2910 1290 2968 regem
1335 2897 1452 2968 ejus
1489 2905 1544 2952 et
1584 2897 1855 2967 principes

282 3008 300 3039 ι
339 2987 455 3057 ejus
478 2990 529 3044 in
552 2989 819 3059 gentibus.
850 2987 965 3043 Non
986 3001 1069 3044 est
1096 2988 1203 3055 lex,
1236 2997 1289 3045 et
1318 2991 1594 3061 prophetae
1611 2989 1727 3059 ejus
1746 3006 1852 3045 non

283 3096 303 3127 ς
340 3078 661 3133 invenerunt
710 3079 976 3134 visionem
1017 3093 1048 3133 a
1095 3079 1340 3134 Domino.
1378 3098 1397 3130 ι
1444 3078 1558 3142 Hoc
1600 3078 1857 3135 describit

1944 1908 2052 1966 est,
2083 1910 2406 1968 revertatur,
2439 1911 2495 1958 et
2539 1901 2665 1958 linis
2691 1911 2875 1959 noster
2900 1902 2994 1958 ﬁat
3024 1905 3272 1961 interitus
3318 1908 3519 1978 sempi-

1951 1998 2154 2045 ternas.

2037 2080 2202 2152 Cap/1.
2259 2100 2277 2133 ι
2327 2081 2647 2138 Defecerunt
2706 2099 2816 2153 pne
2869 2084 3123 2156 lacrymis
3166 2086 3305 2141 oculi
3366 2089 3513 2152 mei,

1953 2192 1971 2223 (
2005 2173 2321 2228 conturbata
2355 2183 2482 2228 sunt
2506 2174 2713 2229 viscera
2738 2190 2878 2230 mea.
2911 2174 3147 2230 Etl‘asnm
3178 2183 3264 2230 est
3297 2176 3349 2229 in
3376 2185 3518 2230 terra

1955 2280 1973 2313 ι
2003 2260 2159 2331 jecur
2214 2277 2433 2327 meum,
2497 2279 2659 2334 super
2710 2265 3093 2320 ceutritiouem
3162 2266 3284 2320 tilia:
3338 2266 3520 2337 populi

1955 2373 1973 2403 ι
2010 2353 2147 2419 mei,
2184 2369 2307 2409 cum
2363 2354 2620 2410 deliceret
2664 2356 2917 2427 parvulus
2952 2366 3008 2411 et
3053 2356 3260 2412 lactens
3298 2358 3350 2411 in
3403 2357 3522 2426 pla-

1955 2465 1973 2496 ‹
2011 2446 2112 2501 teis
2149 2446 2349 2517 oppidi.
2394 2466 2413 2499 ι
2450 2448 2649 2503 Vidcns
2689 2449 2946 2519 propheta
2983 2448 3202 2504 nimiam
3245 2449 3524 2503 contritio-

1951 2551 2072 2592 nem
2118 2538 2293 2608 gentis
2346 2554 2458 2595 suae
2520 2539 2880 2610 templumque
2910 2541 3189 2596 incensum
3238 2550 3293 2595 et
3335 2540 3525 2596 civita-

1954 2636 2059 2682 tem
2083 2629 2434 2692 devastatam,
2478 2630 2716 2701 nullique
2745 2631 2919 2697 sexui,
2949 2631 3033 2685 vel
3061 2631 3207 2686 aetati
3253 2631 3437 2689 hostes
3467 2631 3524 2685 in

1952 2733 2086 2775 nece
2114 2734 2369 2791 parcere,
2412 2720 2615 2792 ingenti
2645 2722 2831 2776 dolore
2853 2721 3114 2785 turbatus,
3137 2720 3262 2777 ﬂetu
3286 2722 3527 2777 maximo

1952 2808 2210 2879 deplorat,
2247 2810 2321 2864 ita
2357 2819 2415 2865 ut
2460 2811 2602 2866 oculi
2656 2828 2765 2882 pra:
2822 2812 3073 2883 lacrymis
3130 2811 3414 2878 deﬁciant,
3473 2823 3529 2868 et

1953 2902 2130 2955 omnis
2165 2901 2474 2970 jucunditas
2524 2903 2779 2958 desiderii
2826 2913 3069 2959 vertatur
3110 2904 3163 2958 in
3195 2904 3526 2959 anxietatem

1954 2992 2151 3046 cordis.
2184 2992 2323 3059 Quid
2349 2993 2492 3048 enim
2522 2993 2697 3065 majus
2725 2993 3012 3054 dolendum
3040 2993 3161 3060 fuit,
3195 3010 3356 3064 quam
3383 2995 3527 3064 quod

1956 3082 2102 3137 natio
2128 3083 2371 3152 antiqua,
2403 3093 2460 3139 et
2482 3099 2664 3140 semen
2705 3086 3138 3156 patriarcharum
3184 3094 3346 3155 atque
3391 3085 3529 3139 ami-

277 3166 456 3224 sermo
477 3171 849 3241 propheticus,
876 3171 1020 3240 quod
1053 3172 1328 3226 destructa
1375 3170 1708 3227 Hierusalem
1741 3180 1849 3227 ter—
1879 3169 1925 3232 C
1955 3187 2144 3227 eorum
2175 3172 2293 3238 Dei,
2323 3173 2517 3228 divinis
2543 3173 2750 3244 legibus
2785 3173 3019 3239 erudita,
3052 3182 3107 3228 et
3142 3174 3528 3245 prophetarum

280 3281 431 3330 rcua,
458 3265 566 3321 imo
592 3261 863 3337 synagoga
890 3265 1219 3331 Iudaeorum,
1249 3266 1498 3322 doctores
1528 3265 1646 3335 ejus
1670 3275 1728 3322 et
1754 3267 1857 3323 de-

278 3357 545 3420 fensores,
568 3374 702 3428 quos
744 3367 1024 3428 portarum
1053 3367 1109 3414 et
1148 3359 1382 3415 vectium
1423 3360 1642 3415 nomina
1692 3361 1858 3415 deno-

279 3455 428 3514 tant,
452 3448 671 3502 contriti
700 3457 825 3502 sunt
845 3455 1006 3518 atque
1029 3448 1273 3519 dissipati
1306 3464 1457 3520 reges
1483 3448 1601 3518 ejus
1625 3459 1679 3505 et
1711 3450 1859 3519 prin-

276 3541 456 3610 cipes,
484 3548 646 3608 atque
677 3541 952 3610 propheta:
967 3556 1081 3611 jam
1106 3556 1212 3595 non
1241 3543 1351 3597 sint
1377 3543 1429 3597 in
1465 3543 1552 3599 illa
1578 3561 1591 3597 :
1638 3544 1732 3598 sed
1759 3557 1862 3598 nec

279 3632 452 3701 legem
491 3631 805 3687 inviolatam
839 3633 1092 3700 habeant,
1128 3649 1302 3704 neque
1342 3635 1603 3691 visionem
1633 3636 1862 3706 prophe-

282 3723 446 3776 ticam
485 3739 517 3778 a
570 3724 796 3780 Domino
839 3725 1043 3781 habere
1086 3736 1399 3788 mereantur

281 3827 470 3868 verum
510 3815 897 3886 lcgislatorem,
924 3825 981 3871 et
1009 3817 1292 3874 Dominum
1318 3819 1700 3888 prophetarum
1727 3833 1863 3888 prte-

282 3905 585 3961 sentialiter
608 3907 677 3985 ad
704 3922 764 3963 se
799 3908 1107 3982 venientem
1139 3908 1380 3978 recipere
1409 3909 1860 3980 dedignabantur.

283 3996 401 4068 Ipse
429 3998 572 4055 enim
598 3997 721 4056 ﬁnis
748 4007 832 4054 est
860 4000 994 4071 legis
1019 3999 1087 4054 ad
1110 4000 1374 4070 justitiam
1405 4001 1548 4055 omni
1572 4001 1814 4056 credenti
1845 4016 1861 4056 :

248 4079 552 4159 'verusquc
593 4088 859 4160 Propheta
890 4100 1208 4162 paternam,
1238 4101 1292 4147 et
1325 4108 1476 4148 suam
1524 4093 1866 4149 credentibus

284 4182 613 4237 annuntians
643 4183 995 4250 voluntatem,
1039 4185 1105 4241 de
1134 4200 1240 4254 quo
1270 4185 1469 4241 Meses'
1491 4185 1618 4240 olim
1658 4186 1868 4241 Israeli-

289 4273 361 4328 tis
388 4272 465 4327 ait
489 4290 504 4327 :
526 4293 544 4324 ι
568 4271 885 4342 Prophetam
913 4275 1066 4329 vobis
1089 4276 1347 4331 Dominus
1370 4277 1653 4333 suscitabit
1672 4278 1739 4331 de
1761 4275 1869 4332 fra-

286 4362 460 4418 tribus
507 4362 719 4429 vestris,
750 4371 1003 4433 tanquam
1033 4381 1118 4420 me
1166 4366 1339 4436 ipsum
1368 4367 1618 4422 audiatis.
1650 4367 1718 4421 Et
1741 4367 1868 4432 erit,

281 4452 463 4508 omnis
509 4454 814 4524 quicunque
868 4471 972 4510 non
1027 4455 1260 4511 audierit
1306 4457 1620 4526 prophetam
1681 4455 1864 4522 illum,

1448 3745 1461 3781 :
1512 3728 1638 3798 quia
1688 3728 1860 3797 ipsum
1889 3786 1913 3807 Α

1956 3261 2190 3317 oraculis
2227 3262 2422 3334 sazpius
2477 3263 2801 3330 confortata,
2833 3264 2888 3319 in
2949 3272 3151 3319 tantam
3200 3263 3535 3334 apostasiam

1958 3339 2184 3419 venerit,
2199 3365 2258 3409 ut
2281 3356 2373 3411 Dei
2402 3356 2677 3415 suioblita
2701 3365 2919 3428 propter
2948 3357 3335 3411 immanitatem
3364 3355 3533 3413 scele-

1958 3460 2077 3499 rum
2124 3445 2429 3523 traderetur
2458 3447 2510 3501 in
2542 3446 3002 3507 manus.hostium
3032 3446 3126 3502 Dei
3177 3461 3375 3504 nomen
3417 3448 3534 3502 bla-

1958 3534 2373 3603 sphemantium.
2404 3535 2510 3592 Sed
2540 3546 2597 3592 et
2626 3553 2769 3592 nunc
2810 3538 2927 3606 pari
2968 3536 3402 3594 modo‘deﬂenda
3450 3547 3536 3593 est

1963 3626 2113 3681 ruina
2140 3628 2443 3683 animarum
2469 3630 2741 3698 quondam
2769 3628 3034 3693 ﬁdelium,
3057 3644 3179 3698 quae
3205 3629 3380 3699 pretio
3410 3644 3536 3683 san-

1960 3717 2135 3785 guinis
2159 3717 2357 3774 Christi
2391 3722 2704 3790 redemptm,
2728 3728 2784 3775 et
2813 3720 2954 3775 unda
2983 3720 3327 3789 baptismatis
3347 3736 3378 3774 a
3419 3735 3537 3774 sor-

1963 3809 2118 3865 dibus
2137 3821 2484 3879 peccatorum
2522 3812 2741 3876 ablutaa,
2770 3812 3107 3881 mysticaque
3132 3811 3385 3869 unctione
3412 3826 3537 3865 con-

1963 3908 2209 3966 secretae,
2243 3902 2436 3956 iterum
2468 3917 2617 3956 nunc
2645 3902 2698 3955 in
2742 3916 2956 3956 ccenum
2984 3910 3041 3956 et
3064 3902 3252 3956 sordes
3282 3901 3534 3955 vitiorum

1963 3988 2227 4046 devolutte
2248 3999 2404 4055 sunt,
2430 3991 2504 4045 ita
2548 3999 2608 4045 ut
2635 3991 2689 4045 hi
2714 3989 2806 4060 qui
2836 3991 3195 4045 innocentiam
3236 3999 3291 4046 et
3334 3991 3540 4060 simpli—

1964 4081 2183 4136 citatem
2232 4080 2577 4151 parvulorum
2623 4082 2942 4137 videbantur
2975 4080 3195 4146 imitari,
3244 4082 3296 4136 in
3346 4082 3540 4151 plateis

1967 4172 2149 4227 mundi
2187 4176 2244 4228 et
2286 4174 2468 4229 surculi
2506 4174 2789 4229 desideriis
2827 4175 2896 4228 ab
2927 4174 3169 4230 hostibus
3212 4174 3541 4243 spiritalibus

1966 4271 2277 4317 enecentur.
2308 4262 2457 4319 lianc
2487 4264 2698 4318 ruinam
2743 4263 3035 4318 maximam
3060 4264 3277 4333 perfida:
3304 4263 3542 4318 civitatis

1968 4352 2082 4422 ipse
2125 4351 2384 4408 Dominus
2414 4352 2468 4406 in
2520 4352 2808 4420 Evangelio
2846 4351 3041 4422 legitur
3088 4351 3415 4421 deplorasse,
3448 4352 3541 4407 ubi

1969 4442 2227 4511 scriptum
2260 4449 2345 4497 est
2372 4458 2389 4496 :
2423 4460 2442 4492 ι
2473 4441 2607 4496 Cum
2654 4441 3107 4512 appropinquaret
3153 4440 3319 4499 Iesus
3350 4441 3541 4498 Hieru-

282 4514 743 4600 exterminabitur
780 4547 958 4602 anima
1002 4546 1120 4616 ejus
1159 4548 1224 4604 de
1265 4514 1461 4618 populo
1514 4563 1615 4604 suo
1664 4548 1857 4621 (Deut.

1969 4533 2363 4598 salem,videns
2414 4533 2685 4592 civitatem
2714 4530 2861 4587 ﬂevit
2907 4547 3070 4596 super
3114 4531 3258 4587 illam
3306 4534 3536 4588 dicens:

287 4651 425 4690 xvm
444 4636 485 4704 ).
523 4656 543 4689 ι

363 4726 480 4781 led.
530 4747 548 4777 ι
601 4728 870 4784 Sedet-unt
925 4731 979 4785 in
1036 4738 1179 4785 terra
1205 4771 1220 4795 ,
1279 4731 1653 4786 conticuerunt
1705 4746 1863 4786 senes

240 4834 309 4867 ο(
354 4818 475 4873 tiliae
520 4818 672 4884 Sion,
719 4831 1139 4892 eonsperserunt
1183 4824 1366 4878 cinere
1394 4823 1570 4893 capita
1614 4839 1731 4887 sua,
1771 4839 1864 4879 ac-

292 4924 309 4954 ι
357 4904 515 4959 cincti
544 4914 672 4960 sunt
695 4908 905 4963 ciliciis.
936 4908 1264 4980 Abjecerunt
1303 4910 1355 4963 in
1384 4918 1528 4964 terra
1557 4910 1734 4978 capita
1765 4925 1860 4965 sua

293 5017 312 5046 σ
360 4997 594 5064 virgines
615 4996 967 5054 Hierusalem.
1001 5019 1019 5051 ι
1044 4999 1310 5054 Sedcrunt
1349 5000 1403 5054 in
1439 5006 1597 5063 terra,
1636 5000 1728 5069 qui
1760 5008 1868 5055 ter-

289 5104 443 5152 rena,
472 5103 578 5143 non
598 5089 835 5145 cmlestia
852 5091 1021 5149 secuti
1044 5091 1444 5147 suntdesideria
1459 5108 1474 5155 ;
1491 5092 1869 5146 conticuerunt

288 5195 450 5234 senes
473 5195 680 5245 eorum,
709 5181 835 5250 quia
865 5197 969 5236 non
1000 5182 1304 5237 habuerunt
1347 5182 1639 5250 spiritalem
1693 5182 1869 5236 scien-

289 5270 423 5323 tiam
462 5269 592 5341 legis
622 5270 740 5335 Dei,
770 5269 911 5325 unde
935 5286 1034 5326 nec
1053 5271 1165 5340 jam
1193 5272 1404 5326 deserta
1435 5270 1659 5324 veritate
1684 5271 1866 5325 consi—

288 5358 423 5413 lium
462 5360 590 5415 utile
635 5362 971 5418 aulitoribus
1014 5362 1126 5418 suis
1151 5363 1389 5432 przebere
1416 5362 1687 5417 valebant.
1718 5362 1866 5418 Filiae

290 5448 426 5507 Sion
455 5466 757 5521 conspersa:
794 5460 919 5507 sunt
951 5452 1131 5521 capita
1179 5467 1297 5515 sua,
1338 5453 1701 5521 accinetaeque
1746 5452 1866 5506 cili—

289 5542 420 5607 ciis,
458 5542 670 5612 lugubri
701 5543 902 5597 infulae
930 5549 1057 5596 sunt
1102 5551 1438 5614 tegumento,
1486 5543 1740 5612 quoniam
1776 5559 1869 5597 or-

295 5642 482 5689 natum
511 5633 788 5700 virtutum,
822 5644 876 5689 et
901 5635 1178 5705 sapientia:
1220 5635 1496 5706 spiritalis,
1524 5650 1631 5704 quo
1662 5636 1728 5691 ad
1762 5653 1870 5692 coe-

295 5723 448 5780 lcslis
500 5724 644 5795 regis
699 5724 987 5779 tlialamutr
1050 5725 1357 5796 pertingere
1406 5727 1703 5782 debuerant
1765 5744 1869 5782 non

1967 4624 2102 4692 Quia
2125 4626 2171 4679 si
2200 4626 2544 4695 cegnovisses
2567 4634 2623 4679 et
2647 4633 2702 4678 tu
2721 4664 2739 4690 ,
2764 4632 2824 4680 et
2849 4624 3065 4694 quidem
3097 4623 3148 4678 in
3177 4623 3278 4679 hac
3305 4624 3391 4678 die
3427 4633 3541 4688 tua,

1965 4731 2086 4786 qua:
2114 4716 2182 4770 ad
2215 4731 2404 4786 pacem
2427 4717 2546 4782 tibi,
2582 4730 2726 4771 nunc
2752 4726 2933 4773 autem
2979 4713 3295 4771 abscondita
3318 4725 3444 4769 sunt
3473 4716 3541 4770 ab

1967 4808 2138 4867 oculis
2168 4809 2293 4873 tuis,
2321 4809 2447 4879 quia
2482 4808 2700 4863 venient
2724 4808 2839 4863 dies
2864 4806 2917 4861 in
2946 4816 3107 4875 te,‘et
3131 4808 3551 4863 circuunlahuut.

1969 4908 2022 4955 te
2054 4900 2254 4957 inimici
2281 4901 2363 4954 tui
2386 4901 2557 4966 vallo,
2586 4908 2641 4955 et
2670 4901 3112 4969 coangustabunt,
3148 4910 3199 4954 te
3229 4900 3463 4968 undique
3489 4909 3545 4953 et

1970 4994 2037 5047 ad
2077 5000 2274 5047 terram
2301 5001 2647 5047 consternent
2676 5001 2748 5058 te,
2786 5000 2843 5046 et
2880 4991 3018 5046 ﬁlios
3060 4999 3199 5054 tuos,
3240 4991 3331 5059 qui
3383 4990 3457 5071 in‘
3492 4998 3546 5046 te

1973 5093 2117 5147 smtt,
2149 5092 2205 5138 et
2257 5099 2362 5137 non
2415 5083 2721 5151 relinquent
2750 5083 2803 5136 in
2854 5089 2904 5135 te
2947 5080 3179 5150 lapidem
3215 5095 3377 5149 super
3409 5080 3544 5151 lapi-

1972 5173 2093 5227 dem
2118 5214 2132 5236 ,
2175 5188 2239 5226 eo
2271 5173 2413 5240 quod
2458 5188 2563 5226 non
2598 5171 2912 5241 cognoveris
2963 5180 3175 5241 tempus
3222 5170 3547 5228 visitationis

1974 5274 2077 5321 tuae
2128 5265 2278 5336 (Luc.
2308 5265 2443 5334 xix).
2491 5287 2508 5317 ι
2549 5263 2754 5336 [Creg.]
2798 5262 2909 5319 Hoc
2931 5265 3095 5319 semel
3122 5265 3233 5335 egit
3261 5281 3385 5320 cum
3411 5268 3548 5336 peri-

1972 5363 2148 5411 turam
2186 5354 2458 5411 civitatem
2496 5368 2617 5408 esse
2660 5354 2969 5417 nuntiavit,
3003 5354 3107 5409 hoc
3153 5355 3395 5425 quotidie
3443 5355 3548 5409 Rc-

1977 5449 2219 5518 demptor
2265 5455 2448 5501 noster
2474 5460 2572 5514 per
2611 5444 2814 5500 electos
2858 5459 3004 5499 suos.
3032 5460 3195 5515 agerc
3241 5446 3547 5516 nullatenus

1975 5548 2168 5606 cessat,
2195 5555 2317 5595 cum
2346 5539 2608 5609 quosdam
2634 5552 2700 5593 ex
2725 5538 2865 5592 bona
2895 5537 3003 5592 vita
3049 5538 3115 5592 ad
3156 5554 3334 5593 mores
3363 5554 3546 5609 repro-

1975 5636 2073 5690 bos
2110 5632 2420 5704 pervenisse
2471 5630 2789 5686 considerat.
2820 5628 3031 5700 Plangit
3078 5629 3221 5684 enim
3274 5645 3403 5685 eos.
3455 5633 3544 5700 qui

1978 5728 2218 5782 nesciunt
2248 5742 2344 5783 cur
2368 5726 2707 5798 planguntur,
2741 5723 2830 5793 qui
2847 5722 3001 5790 juxta
3033 5722 3336 5780 Salomonis
3359 5728 3546 5785 verba,
