3970 6190
445 366 467 421 1
479 366 578 419 207

1073 365 1134 419 Β.
1172 364 1423 422 RABANI
1462 367 1677 423 MAURI
1716 369 2034 425 ARCHIEP.
2081 370 2384 427 MOGUNT.
2424 370 2707 427 Oi’EllUM
2752 370 2929 425 PARS
2967 372 3050 426 lli.

3555 376 3699 432 ιὲοθ

449 494 466 526 ι
504 472 755 529 iretautur
779 490 899 530 cum
938 476 1078 530 ntale
1099 475 1343 541 fecerint,
1372 486 1428 531 et
1453 479 1728 533 exsultant
1768 481 1822 534 in
1856 474 2016 536 rebus
2043 484 2090 543 Α
2119 482 2290 541 diam;
2326 497 2483 535 mane
2508 491 2852 552 consurgent,
2884 494 2935 537 et
2964 500 3068 538 non
3092 486 3364 540 invenient
3391 501 3475 539 me
3506 486 3698 558 (Prov.

443 563 691 634 pessimis
737 561 917 634 (Prov.
946 562 1006 635 ιι)
1035 582 1048 617 :
1088 585 1106 617 υ
1140 566 1266 634 quia
1313 567 1359 622 si
1400 567 1804 624 damnationem
1835 586 2008 633 suam,

443 668 562 724 qua:
606 653 686 709 eis
712 652 974 718 imminet,
1025 655 1386 724 agnovissent,
1418 648 1737 730 semetipsos
1766 676 1887 717 cum
1939 662 2017 716 la-

444 745 645 816 crymis
677 742 1006 814 plangerent.
1037 744 1250 815 Maligni
1288 749 1485 818 quippe
1524 749 1745 820 spiritus
1778 752 2016 823 undique

443 837 678 893 animam
700 844 1012 905 angustant,
1032 837 1247 906 quando
1281 838 1330 893 ei
1356 854 1460 893 non
1486 840 1655 895 solum
1685 844 1887 912 operis,
1920 859 2014 898 ve—

444 943 563 981 rum
588 927 748 983 etiam
792 926 1074 984 locutionis
1100 937 1262 999 atque
1305 930 1523 999 insuper
1544 932 1886 1002 cogitationis
1914 934 2014 991 iui-

443 1022 674 1090 qnitates
711 1020 970 1089 replicant
1006 1040 1022 1075 :
1052 1031 1111 1076 ut
1134 1038 1254 1092 qua:
1295 1024 1447 1093 prius
1471 1038 1531 1078 se
1559 1040 1663 1094 per.
1693 1027 1858 1079 multa
1886 1026 2015 1081 dila-

444 1116 580 1170 tavit
601 1115 654 1169 in
680 1113 904 1177 scelere,
935 1114 1000 1169 ad
1026 1123 1331 1170 extremum
1359 1116 1425 1171 de
1465 1118 1714 1172 omnibus
1756 1126 2011 1189 anguste-

444 1217 532 1261 tur
558 1208 611 1261 in
654 1205 1027 1262 retributione.
1078 1206 1228 1261 Tunc
1279 1209 1459 1262 anima
1501 1223 1598 1277 per
1635 1210 2010 1279 cogitationem

445 1308 628 1355 reatus
677 1299 760 1353 sui
817 1298 884 1353 ad
961 1308 1161 1354 terram
1233 1300 1611 1360 consternitur,
1680 1315 1800 1353 cum
1862 1314 2009 1364 caro,

443 1405 604 1459 quam
650 1389 815 1444 vitam
865 1388 1112 1454 credidit,
1135 1388 1311 1442 redire
1355 1387 1421 1441 ad
1467 1388 1739 1459 pulverem
1770 1399 2009 1461 urgetur.

443 1481 593 1537 Tunc
641 1480 695 1535 in
722 1488 951 1536 mortem
979 1478 1073 1535 ﬁlii
1099 1479 1214 1548 ejus
1245 1480 1461 1546 cadunt,
1491 1495 1614 1534 cum
1665 1481 2015 1550 cogitationes

445 1572 660 1636 illicitxe,
687 1586 805 1642 qua:
826 1571 984 1625 modo
1013 1585 1080 1625 ex
1106 1570 1193 1624 illa
1222 1569 1508 1640 prodeunt,
1540 1571 1591 1625 in
1615 1580 1854 1625 extrema
1887 1572 2013 1626 vita:

443 1663 645 1718 ultione
689 1662 1035 1732 dissipantur,
1065 1661 1208 1716 sicut
1246 1662 1503 1732 scriptum
1545 1669 1628 1715 est
1657 1675 1671 1715 :
1723 1661 1780 1715 In
1810 1661 1899 1715 illa
1928 1662 2014 1716 die

441 1753 694 1822 peribunt
732 1766 919 1805 manes
946 1750 1301 1819 cogitationes
1349 1762 1556 1805 eorum.
1609 1751 1716 1806 Sed
1747 1759 1872 1805 tunc
1903 1750 2012 1806 fru-

2114 578 2189 642 ι).
2220 592 2240 624 ι
2290 572 2516 640 Semper
2561 587 2688 642 ergo
2743 582 3043 627 extremum
3096 574 3236 627 diem
3282 575 3539 630 debemus
3583 594 3704 632 Ine-

2114 670 2303 727 tuere,
2353 677 2512 731 quem
2576 677 2847 732 nunquam
2911 680 3196 734 possumus
3248 667 3462 734 quando
3512 672 3711 724 veniat

2111 752 2424 821 prtevidere.
2459 751 2602 809 Ecce
2649 768 2790 808 nunc
2819 754 2992 823 ipsum
3022 755 3165 808 diem
3204 756 3256 809 in
3294 772 3400 826 quo
3421 757 3707 827 loquimur

2115 841 2182 896 ad
2243 841 2486 895 inducias
2554 844 2929 897 conversionis
3000 848 3332 915 accipimus,
3394 859 3449 902 et
3513 859 3704 904 tamen

2112 929 2252 984 mala
2301 945 2421 999 quae
2481 930 2706 988 fecimus
2762 933 2892 988 ﬁere
2948 950 3279 990 recusamus.
3351 936 3465 992 Non
3519 938 3708 993 solum

2113 1023 2401 1078 commissa
2463 1040 2569 1079 non
2631 1024 2977 1096 plangimus,
3033 1027 3128 1082 sed
3194 1029 3357 1082 etiam
3410 1045 3531 1098 quze
3606 1038 3707 1084 de.

2111 1112 2342 1169 ﬂeantur
2368 1131 2648 1187 augemus,
2693 1126 2787 1171 aut
2814 1116 2860 1171 si
2890 1117 3065 1186 aliqua
3112 1133 3210 1172 nos
3233 1120 3517 1190 aegritudo,
3544 1122 3591 1175 si
3623 1123 3703 1174 si—

2114 1218 2216 1274 gna
2264 1206 2600 1275 :egritudinis
2652 1208 2887 1262 vicinam
2937 1216 3167 1263 mortem
3207 1210 3560 1275 denuntient,
3617 1213 3705 1264 in-

2113 1296 2303 1349 ducias
2345 1297 2553 1351 vivendi
2595 1298 2923 1368 qumrimus,
2971 1307 3029 1353 ut
3074 1310 3293 1369 peccata
3352 1311 3541 1356 nostra
3607 1305 3707 1358 de-

2112 1381 2358 1451 ﬂeamus,
2381 1394 2436 1440 et
2464 1401 2557 1442 eas
2588 1403 2711 1442 cum
2749 1402 2943 1459 magno
2970 1398 3105 1443 aestu
3147 1390 3398 1445 desiderii
3433 1393 3705 1462 petimus.

2114 1492 2250 1548 quas
2296 1486 2546 1549 acceptas
2588 1479 2749 1535 modo
2796 1497 2894 1549 pro
2929 1482 3097 1536 nihilo
3131 1481 3412 1537 habemus.
3462 1484 3708 1539 Proinde

2114 1568 2588 1638 incomparabilem
2609 1571 2822 1626 ruinam
2855 1570 3171 1646 Synagogaa,
3185 1574 3271 1629 vel
3296 1577 3477 1644 potius
3503 1577 3707 1631 anima:

2114 1662 2453 1726 Christianae,
2480 1667 2740 1735 prepbeta
2796 1669 3151 1736 conspiciens,
3199 1670 3267 1724 ad
3292 1669 3469 1740 ipsam
3496 1669 3702 1726 Hieru-

2115 1751 2282 1807 salem
2312 1760 2617 1810 sermonem
2643 1758 2913 1812 convertit
2942 1759 3127 1814 dicens
3151 1801 3163 1813 .

443 1855 555 1901 stra
604 1845 727 1915 quis
749 1845 944 1914 qnazrit
967 1844 1349 1900 consolationis
1371 1844 1647 1909 auxilium,
1678 1860 1800 1899 cum
1830 1845 1884 1899 in
1910 1843 2015 1899 ﬁne
2044 1851 2090 1910 Β
2188 1842 2348 1898 Mem.
2385 1863 2402 1895 ι
2435 1844 2531 1899 (Ζιιί
2570 1848 2895 1918 comparabo
2937 1856 3011 1913 te,
3036 1849 3121 1904 vel
3148 1851 3233 1905 cui
3270 1851 3589 1906 assimilabo
3619 1861 3696 1909 te.

442 1947 740 1994 extremum
764 1946 917 2008 urget
934 1934 1214 2005 judicium.
1238 1935 1407 1991 Recte
1433 1934 1800 2007 subjungitur:

514 2028 730 2083 Lamed.
769 2047 787 2079 ι
823 2028 1083 2084 Matribus
1111 2028 1224 2083 suis
1253 2028 1521 2092 dixerunt,
1551 2027 1648 2093 Ubi
1670 2037 1752 2083 est
1774 2027 2011 2083 triticum

450 2139 469 2171 ι
504 2130 559 2175 et
587 2120 806 2175 vinum?
829 2134 951 2176 cum
981 2118 1274 2173 deﬁcerent
1296 2117 1452 2189 quasi
1487 2116 1750 2172 vulnerati
1803 2118 1856 2172 in
1900 2117 2013 2187 pla-

450 2232 467 2262 ι
511 2211 609 2267 teis
627 2211 860 2265 civitatis
895 2228 908 2263 :
948 2225 1071 2264 cum
1099 2209 1415 2264 exhalarent
1438 2210 1645 2265 animas
1669 2224 1794 2265 snas
1814 2209 1869 2264 in
1892 2209 2011 2264 sinu

448 2319 466 2351 ο
504 2308 740 2354 matrum
764 2314 1001 2354 suarum.
1040 2320 1057 2350 ι
1090 2298 1311 2353 Frustra
1359 2309 1486 2354 tunc
1526 2299 1799 2354 auditores
1846 2298 2014 2369 negli-

447 2403 634 2465 gentes
667 2384 912 2464 quzernnt
947 2408 976 2446 a
1008 2392 1320 2448 doctoribus
1355 2393 1467 2447 suis
1502 2393 1737 2448 triticum
1778 2391 1925 2447 verbi
1962 2403 2016 2446 et

446 2488 628 2541 vinum
660 2486 844 2557 gratia:
893 2486 1172 2556 spiritalis,
1201 2501 1321 2541 cum
1349 2487 1401 2541 in
1445 2488 1672 2542 terrenis
1699 2487 1927 2558 negotiis
1962 2496 2018 2541 et

444 2576 805 2648 voluptatibus
827 2576 1006 2643 smeuli
1038 2576 1104 2631 ad
1126 2575 1390 2631 defectum
1413 2577 1756 2646 pervenerint
1785 2592 2016 2646 praesen-

444 2668 514 2723 tis
554 2668 699 2733 vitai,
729 2676 785 2723 et
811 2668 911 2723 sub
933 2668 1050 2737 ipso
1078 2666 1456 2738 magistrorum
1481 2668 1775 2722 nutrimiue
1808 2676 2016 2739 tempus

443 2757 707 2811 indultum
754 2757 1087 2827 perdiderint
1134 2758 1190 2812 in
1229 2773 1394 2828 prava
1436 2767 1868 2814 conversatione.
1901 2757 2015 2813 Non

442 2846 589 2901 enim
619 2858 748 2903 tunc
768 2855 977 2917 tempus
1004 2855 1087 2903 est
1124 2848 1368 2909 remedii.
1397 2847 1490 2903 sed
1531 2847 1771 2914 ultionis,
1801 2849 2017 2919 quando

443 2936 719 2991 districtus
757 2937 920 3007 iudex
964 2938 1176 3003 veniet,
1212 2938 1543 3010 singulorum
1574 2950 1729 2994 actus
1769 2948 1824 2995 et
1854 2933 2024 2995 vitani'

444 3025 739 3097 discutere,”
788 3041 885 3096 per
926 3026 1308 3084 discretionem
1354 3026 1485 3097 justi
1545 3028 1828 3085 examinis.
1884 3030 2020 3087 Hinc

443 3126 530 3171 est
550 3117 694 3186 quod
726 3117 779 3172 in
810 3117 1097 3190 Evangelia
1126 3119 1445 3176 adveniente
1471 3135 1669 3191 sponso
1686 3163 1699 3184 ,
1725 3120 1885 3176 fatua:
1913 3123 2018 3176 vir-

2120 1952 2140 1984 ι
2174 1933 2285 1988 ﬁlia
2311 1935 2646 1991 Hierusalem
2666 1938 2694 1991 ’ἒ
2719 1937 2817 1993 Cui
2851 1937 3145 2009 adaequabo
3176 1947 3250 2005 te,
3290 1951 3344 1997 et
3373 1941 3705 1996 consolabor

2117 2043 2137 2075 ι
2170 2032 2224 2079 te
2251 2025 2421 2096 virgo,
2467 2025 2574 2080 ﬁlia
2607 2025 2776 2083 Sion?
2804 2028 2990 2099 Magna
3036 2030 3177 2085 enim
3217 2030 3364 2085 velut
3393 2047 3548 2087 mare
3566 2048 3706 2088 con.

2118 2135 2136 2168 ι
2173 2117 2320 2173 tritio
2349 2124 2469 2183 tua,
2496 2118 2618 2188 quis
2663 2120 2966 2175 medebitur
2995 2121 3110 2176 tui?
3149 2143 3168 2174 ι
3204 2121 3391 2192 Magna
3419 2125 3568 2179 enim
3613 2125 3704 2181 di-

2113 2204 2319 2275 gnitate
2373 2219 2641 2277 synagoga
2696 2205 3004 2264 Judaaorum
3066 2212 3397 2280 temporibus
3451 2213 3591 2284 legis
3647 2224 3707 2269 et

2111 2295 2515 2366 prophetarum,
2562 2299 2663 2351 sub
2712 2298 2927 2368 regibus
2974 2310 3029 2354 et
3072 2303 3459 2370 sacerdotibus,
3511 2305 3708 2361 multis

2113 2390 2359 2460 gentibus
2385 2399 2439 2444 et
2466 2389 2774 2445 nationibus
2803 2390 3118 2453 excellebat,
3154 2394 3240 2449 cui
3268 2394 3347 2447 lex
3381 2395 3564 2449 divina
3612 2410 3703 2449 re-

2115 2479 2204 2551 gni
2236 2480 2461 2534 ducatus
2486 2488 2542 2535 et
2566 2480 2741 2536 cultus
2765 2482 2981 2551 pietatis
3006 2492 3145 2551 erat,
3168 2485 3362 2555 cuique
3389 2501 3489 2555 per
3535 2501 3705 2542 evan.

2115 2568 2339 2640 gelicam
2384 2566 2744 2625 osterisionem
2796 2580 2851 2625 et
2886 2572 3258 2642 propheticam
3298 2574 3567 2629 visionem
3612 2591 3702 2630 se-

2115 2667 2262 2714 creta
2307 2674 2403 2714 sua
2449 2660 2562 2730 ipse
2602 2659 2861 2716 Dominus
2893 2661 3171 2728 revelavit,
3209 2672 3266 2718 et
3310 2679 3431 2733 quae
3473 2666 3705 2721 vitanda

2116 2764 2303 2819 quaeve
2327 2749 2532 2818 agenda
2576 2751 2760 2806 eranP
2779 2766 2878 2806 suo
2912 2752 3134 2809 oraculo
3168 2752 3583 2808 demonstravit.
3630 2755 3702 2811 At

2115 2851 2399 2912 postquam
2451 2844 2693 2899 deseruit
2733 2846 2897 2901 Deum
2940 2855 2996 2903 et
3024 2862 3162 2903 vano
3187 2864 3373 2904 errore
3415 2848 3603 2904 delusa
3632 2852 3701 2904 ad

2118 2930 2473 2987 idololatriam
2498 2933 2809 3001 declinavit,
2824 2935 2999 2991 valida
3020 2937 3300 2993 collisione
3319 2939 3558 2993 contrita
3582 2950 3667 2993 est
3683 2982 3705 3005 ι

2118 3029 2174 3075 et
2199 3019 2449 3078 ﬂuetibus
2492 3024 2929 3093 persecutionum
2961 3028 3114 3096 quasi
3148 3012 3313 3082 maris
3352 3033 3698 3100 tempestati-

2118 3112 2220 3167 bus
2252 3122 2607 3182 conquassata
2650 3124 2813 3185 atque
2851 3117 3132 3172 submersa
3183 3130 3285 3173 est.
3340 3119 3607 3175 Similiter
3645 3132 3703 3177 et

444 3208 598 3279 gines
638 3208 930 3278 prudentes
981 3210 1388 3280 postulaverunt
1424 3220 1484 3266 ut
1512 3198 1579 3267 de
1608 3210 1728 3267 oleo
1770 3226 1868 3266 suo
1919 3211 2017 3265 ali-
2044 3205 2087 3266 C
2119 3203 2311 3257 animae
2337 3203 2678 3270 Christiana,
2707 3205 2859 3276 cujus
2885 3222 2916 3261 a
2955 3216 3100 3263 statu
3131 3218 3290 3264 rectm
3319 3209 3467 3276 ﬁdei,
3496 3220 3554 3267 et
3592 3213 3704 3267 cel-

445 3310 704 3371 quantum
732 3302 810 3359 eis
853 3302 1108 3368 tribuant,
1150 3304 1274 3374 quia
1304 3302 1577 3372 lampades
1603 3318 1791 3357 earum
1821 3304 2020 3359 exstin-

446 3402 683 3466 guuntur
731 3393 943 3466 (Matth.
999 3395 1145 3467 xxv).
1201 3395 1353 3463 Quod
1401 3402 1582 3449 tamen
1634 3395 1879 3464 accipere
1913 3408 2018 3450 non

450 3496 731 3542 merentur
783 3504 801 3540 ι
847 3486 973 3557 quia
1023 3487 1267 3557 quisquis
1316 3501 1458 3541 nunc
1509 3485 1575 3540 ad
1626 3486 2020 3541 correctionem

450 3586 612 3648 atque
643 3577 1067 3632 meliorationem
1109 3592 1262 3633 suam
1301 3576 1481 3646 perdit
1527 3576 1628 3634 sibi
1654 3584 1869 3645 tempus
1893 3591 2020 3631 con-

448 3682 686 3734 cessum,
697 3680 1035 3738 nequaquam
1059 3673 1186 3720 tunc
1216 3665 1373 3720 alieni
1401 3664 1581 3735 operis
1605 3664 1840 3737 postulat
1866 3666 2019 3719 auxi-

452 3756 601 3812 lium.
635 3756 786 3821 Tunc
831 3757 980 3832 regni
1025 3757 1195 3827 janua
1234 3757 1540 3827 lugentibus
1573 3756 1872 3821 clauditur,
1905 3771 2023 3826 qua:

451 3850 609 3903 modo
636 3849 875 3920 quotidie
900 3849 1288 3920 pteuitentibus
1334 3848 1592 3919 aperitur.
1628 3848 1743 3911 Erit
1789 3861 2023 3917 namque

453 3949 580 3994 tunc
605 3939 1050 4010 paenitentia,sed
1070 3937 1342 4000 fructuosa
1366 3938 1479 4008 jam
1500 3954 1606 3994 non
1637 3938 1760 4005 erit,
1776 3938 1899 4008 quia
1924 3953 2022 3993 ne-

450 4044 725 4098 quaquam.
765 4040 892 4083 tunc
928 4028 1138 4083 veniam
1180 4029 1444 4093 inveniet,
1487 4028 1612 4098 quia
1647 4036 1830 4098 aptum
1855 4027 2025 4083 venite

448 4129 660 4191 tempus
695 4118 948 4198 perdidit.
995 4117 1130 4181 llinc
1166 4120 1367 4173 etenim
1408 4117 1607 4173 Paulus
1632 4118 1802 4173 dicit:
1836 4135 1856 4168 ι
1886 4116 2026 4172 Ecce

449 4228 595 4269 nunc
625 4221 837 4283 tempus
864 4212 1215 4282 acceptabile,
1242 4226 1368 4267 ecce
1402 4226 1547 4266 nunc
1570 4211 1686 4267 dies
1722 4210 1913 4267 salutis
1939 4210 2024 4283 (Il

451 4303 576 4360 Cor.
600 4305 760 4376 νι)..›
793 4304 931 4377 Hinc
966 4304 1219 4375 propheta
1248 4305 1325 4359 ait
1359 4321 1370 4357 :
1410 4322 1428 4354 ι
1467 4303 1702 4372 Quaerite
1738 4302 2024 4359 Dominum

454 4393 581 4447 dum
628 4395 857 4450 inveniri
884 4404 1081 4468 potest,
1116 4396 1362 4453 invocate
1407 4411 1531 4451 eum
1561 4396 1687 4451 dum
1735 4409 1901 4466 prope
1943 4391 2027 4450 est

457 4483 591 4555 (ha.
625 4485 735 4557 ιν),
774 4506 793 4539 ι
830 4485 982 4542 Unde
1012 4495 1066 4541 et
1096 4488 1310 4543 easdem
1364 4485 1540 4553 fatuas
1589 4485 1828 4557 virgines
1879 4486 2028 4541 invo-

2123 3292 2354 3349 situdine
2394 3295 2673 3361 virtutum,
2728 3297 2987 3351 immensa
3045 3299 3302 3354 virtutum
3344 3302 3502 3355 ruina
3560 3301 3702 3368 fuit,

2122 3386 2319 3442 nullius
2334 3397 2418 3442 est
2444 3389 2659 3444 miseria
2679 3391 3028 3460 coaequanda,
3047 3406 3165 3461 qua:
3185 3408 3250 3447 ex
3265 3395 3544 3448 consortio
3567 3395 3704 3450 divi-

2122 3495 2211 3544 no,
2228 3487 2283 3534 et
2307 3480 2561 3536 societate
2590 3482 2900 3551 angelorum
2929 3491 3241 3539 sanctorum
3267 3483 3319 3538 in
3335 3484 3701 3555 malignorum

2122 3569 2406 3639 spirituum
2448 3571 2647 3625 decidit
2693 3571 3010 3636 dominium,
3060 3573 3152 3642 qui
3179 3587 3299 3626 eam
3343 3574 3513 3629 variis
3554 3574 3704 3629 vitiis

2123 3669 2285 3728 atque
2335 3659 2634 3714 sceleribus
2659 3660 3008 3730 captivatam,
3044 3663 3149 3718 huc
3198 3663 3433 3732 illucque
3461 3678 3565 3733 per
3605 3679 3707 3720 $2-

2122 3750 2225 3805 culi
2255 3751 2518 3806 undantes
2546 3751 2704 3807 luxus
2753 3767 2819 3807 ac
2861 3768 3022 3809 casus
3069 3754 3347 3821 vertendo,
3390 3755 3446 3809 in
3489 3753 3707 3815 foveam

2122 3841 2440 3909 perditionis
2453 3842 2775 3912 propellunt,
2790 3842 2842 3897 in
2864 3844 3283 3914 barathrumque
3302 3846 3568 3916 gelieanze
3590 3862 3705 3915 per.

2123 3932 2413 4001 petualiter
2441 3932 2765 4003 puniendam
2797 3933 3141 4003 praecipitare
3167 3935 3515 3988 contendunt.
3567 3933 3707 3987 Hinc

2125 4034 2253 4092 ergo
2279 4024 2420 4077 unde
2447 4031 2595 4077 tanta
2636 4023 2773 4077 mala
2800 4025 3230 4094 supervenerint,
3267 4023 3530 4094 propheta
3576 4023 3706 4077 sub.

2120 4112 2392 4183 iungendo
2417 4115 2649 4169 ostendit
2675 4115 2889 4170 dicens:

2201 4204 2345 4260 Nun.
2376 4226 2395 4256 ι
2436 4205 2716 4277 Propheta!
2754 4208 2831 4262 tui
2859 4208 3112 4263 viderunt
3143 4209 3234 4263 tibi
3266 4207 3397 4263 falsa
3434 4218 3487 4263 et
3514 4209 3699 4271 stulta,

2134 4316 2151 4348 ι
2197 4312 2292 4352 nec
2320 4298 2636 4367 aperiebant
2684 4299 3025 4370 iniquitatem
3054 4309 3219 4364 tuam,
3250 4311 3310 4355 ut
3337 4309 3391 4356 te
3440 4302 3508 4355 ad
3532 4303 3701 4371 poeni-

2133 4410 2155 4439 ι
2189 4389 2411 4444 tentiam
2437 4401 2814 4460 provocarent.
2844 4389 3108 4446 Viderunt
3151 4400 3331 4447 autem
3361 4391 3459 4446 tibi
3490 4406 3697 4447 assum-

2134 4501 2152 4531 ι
2187 4482 2399 4551 ptiones
2427 4480 2593 4536 falsas
2619 4489 2674 4535 ct
2695 4479 3001 4548 ejectiones.
3036 4503 3054 4534 ι
3101 4482 3253 4537 Sicut
3277 4497 3407 4552 ergo
3435 4482 3702 4552 quondam

454 4585 643 4631 cantes
672 4578 930 4633 Dominus
955 4593 1061 4634 non
1108 4579 1258 4635 audit
1299 4592 1315 4633 :
1352 4579 1477 4648 quia
1521 4577 1844 4633 interclausa
1877 4573 2025 4649 regni
2057 4558 2109 4618 Ι)
2133 4571 2609 4644 ρςευάορτοριιθιω
2635 4572 2787 4628 falsis
2810 4573 3077 4628 vaticiniis
3104 4581 3159 4627 et
3204 4574 3555 4630 mendacibus
3584 4586 3705 4643 pm-

449 4667 638 4736 janua,
670 4667 716 4722 is
741 4681 908 4737 prope
949 4683 1069 4726 esse
1096 4678 1330 4738 poterat,
1358 4683 1526 4739 prope
1544 4668 1661 4739 jam
1685 4683 1792 4722 non
1819 4674 1921 4723 est.
1951 4665 2029 4721 lbi

454 4760 598 4815 enim
632 4760 743 4832 jam
774 4774 804 4813 a
832 4758 1060 4827 Domino
1098 4775 1207 4814 non
1248 4768 1427 4831 potest
1470 4759 1664 4815 mereri
1692 4759 1834 4828 quod
1871 4759 2026 4828 petit,

454 4852 544 4923 qui
574 4852 662 4907 hic
690 4850 859 4911 noluit
885 4850 1072 4905 audire
1110 4850 1252 4919 quod
1291 4848 1474 4917 jussit.
1507 4849 1608 4916 Qui
1660 4857 1871 4919 tempus
1901 4864 2028 4905 con-

455 4957 604 5016 grua:
625 4940 957 5013 paenitentia
983 4940 1236 5011 perdidit,
1254 4938 1457 4999 frustra
1487 4949 1612 4995 ante
1642 4940 1789 5009 regni
1811 4939 2028 5009 ianuam

456 5052 578 5094 cum
607 5036 869 5107 precibus
909 5034 1077 5097 venit.
1125 5031 1263 5088 Hinc
1300 5033 1499 5087 etenim
1540 5047 1640 5101 per
1690 5031 2029 5087 Salomonem

458 5126 719 5183 Dominus
745 5126 874 5181 dicit
902 5138 919 5179 :
954 5142 973 5176 ι
1008 5123 1207 5179 Vecavi
1244 5130 1300 5177 et
1341 5122 1619 5189 rennistis,
1647 5121 1867 5183 extendi
1914 5137 2033 5176 ma-

458 5235 586 5274 num
622 5233 807 5285 meam,
846 5226 904 5272 et
945 5232 1052 5272 non
1083 5215 1184 5270 fuit
1222 5215 1311 5285 qui
1356 5215 1642 5286 aspiceret.
1704 5214 2034 5286 Despexistis

456 5325 616 5365 omne
640 5310 928 5367 consilium
975 5323 1175 5375 meum,
1222 5317 1278 5361 et
1317 5307 1714 5379 increpationes
1757 5320 1909 5366 meas
1942 5321 2033 5360 ne-

458 5404 734 5475 glexistis,
773 5417 874 5473 ego
908 5415 1120 5470 quoque
1169 5400 1221 5453 in
1254 5400 1472 5455 interitu
1517 5408 1698 5453 vestro
1738 5398 1947 5464 ridebo,
1978 5408 2032 5453 et

455 5496 801 5555 subsannabo
821 5507 947 5549 cum
966 5492 1121 5553 vobis~
1140 5492 1281 5561 quod
1304 5491 1575 5547 timebatis
1596 5491 1893 5554 advenerit,
1910 5507 2031 5546 cum

460 5585 679 5651 irruerit
700 5583 976 5656 repentina
997 5582 1299 5655 calamitas,
1309 5583 1523 5652 quando
1540 5581 1751 5638 venerit
1771 5597 1932 5651 super
1943 5597 2038 5637 vos

461 5673 735 5731 tribulatio
774 5682 828 5729 et
860 5675 1104 5745 angustia
1131 5714 1145 5737 ,
1196 5673 1474 5728 calamitas
1514 5682 1570 5727 et
1604 5673 1850 5743 interitus
1884 5673 2034 5742 quasi

464 5774 754 5836 tempestas
769 5764 1030 5841 ingruerit
1048 5783 1060 5820 :
1078 5772 1203 5817 tunc
1224 5763 1546 5828 invocabant
1562 5778 1666 5827 me,
1682 5771 1735 5816 ct
1760 5778 1861 5823 non
1883 5777 2041 5815 exau-

2136 4660 2317 4716 missis
2363 4668 2574 4730 gentem
2602 4658 2908 4716 Iudaeorum
2947 4662 3299 4725 seducebant,
3358 4662 3430 4716 ita
3470 4670 3526 4717 et
3566 4677 3706 4715 nunc

2136 4750 2377 4806 haeretici
2405 4758 2567 4819 atque
2595 4750 2925 4806 schismatiei
2950 4749 3091 4805 ﬁctis
3118 4750 3464 4820 opinionibus
3482 4792 3498 4816 ,
3527 4759 3584 4804 et
3614 4752 3703 4805 do-

2135 4840 2266 4896 losis
2307 4841 2862 4910 argumentationibus
2901 4842 3064 4896 corda
3111 4841 3435 4912 simplicium
3487 4858 3517 4896 a
3568 4842 3706 4897 veri-

2140 4940 2249 4999 tate
2274 4938 2437 4986 rectze
2456 4931 2581 4986 ﬁdei
2606 4939 2663 4987 et
2685 4941 2827 4987 statu
2852 4931 3113 4986 bonorum
3139 4947 3362 5001 operum
3395 4931 3707 4987 subvertere

2139 5030 2389 5078 certant:
2419 5021 2521 5076 hoc
2546 5029 2834 5077 attestante
2882 5022 3043 5083 Petro
3079 5022 3324 5094 apostolo
3364 5023 3459 5092 qui
3499 5023 3553 5076 in
3586 5023 3705 5093 Epi-

2132 5111 2268 5167 stola
2299 5126 2394 5167 sua
2420 5110 2496 5167 ita
2519 5111 2597 5165 ait
2623 5128 2637 5167 :
2670 5130 2689 5162 ι
2726 5111 2965 5166 Fuerunt
2991 5126 3121 5167 vero
3150 5106 3633 5183 pseudoprophetis
3654 5113 3704 5165 in

2131 5204 2352 5275 populo,
2383 5205 2524 5259 sicut
2549 5212 2604 5271 et
2630 5205 2684 5259 in
2719 5204 2869 5261 vobis
2894 5212 3056 5259 erunt
3095 5200 3339 5276 magistri
3376 5204 3699 5263 mendaces.

2134 5294 2225 5364 qui
2257 5294 2513 5352 inducent
2534 5303 2712 5350 sectas
2732 5294 3082 5372 perditionis,
3099 5302 3152 5349 et
3178 5309 3302 5349 eum
3337 5296 3430 5364 qui
3458 5295 3589 5350 emit
3616 5310 3707 5350 eos

2134 5384 2422 5441 Dominum
2445 5393 2724 5457 negantes,
2768 5384 3188 5454 superducentes
3214 5386 3318 5440 sibi
3341 5385 3571 5440 celerem
3596 5401 3706 5457 per-

2135 5476 2416 5543 ditionem,
2458 5484 2514 5532 et
2560 5475 2712 5531 multi
2762 5484 3055 5544 sequentur
3096 5475 3337 5530 luxurias
3361 5490 3571 5549 eorum,
3614 5489 3706 5544 per

2139 5583 2272 5638 quos
2297 5568 2383 5621 via
2410 5566 2659 5622 veritatis
2689 5566 3171 5639 blaspbemabitur,
3218 5578 3273 5621 et
3302 5567 3356 5621 in
3389 5567 3613 5622 avaritia
3650 5565 3707 5618 ﬁ-

2139 5667 2240 5720 ctis
2271 5665 2449 5720 verbis
2473 5663 2539 5720 de
2563 5665 2717 5719 vobis
2755 5662 3200 5736 negotiabantur,
3218 5663 3414 5734 quibus
3450 5662 3713 5733 judicium

2137 5758 2245 5827 jam
2267 5758 2394 5813 olim
2415 5774 2521 5814 non
2544 5768 2741 5822 cessat,
2758 5766 2809 5812 ct
2829 5757 3059 5827 perditio
3074 5773 3178 5813 non
3196 5756 3453 5811 dormitat
3466 5755 3550 5830 (ΙΙ
3568 5753 3703 5825 Patr.
