3970 6190
332 318 469 374 ίὲῖῑξ)

1205 312 1563 373 EXPDSlTlO
1600 312 1821 372 SUPER
1857 312 2219 374 JEREMHM.
2263 349 2321 358 -οο
2364 319 2492 375 LlB.
2538 320 2675 377 XIX.

3446 326 3581 383 lito

327 432 415 502 ti).
440 450 458 481 ι
478 429 612 484 Hinc
633 436 688 483 et
711 444 807 499 per
834 428 1024 484 lsaiam
1052 429 1279 483 dicitur:
1314 448 1331 479 ι
1364 427 1452 485 Vte
1479 429 1570 499 qui
1594 429 1771 484 dicitis
1793 445 1903 484 ma-
1930 434 1975 492 Α
2006 448 2133 486 num
2182 435 2402 491 irritans
2424 478 2436 498 ,
2484 437 2800 505 jamdudum
2841 441 3043 510 justam
3096 456 3326 511 pugnam
3372 459 3581 512 prome-

328 523 439 577 lum
485 521 707 584 bonum.
751 530 805 575 et
845 520 1042 576 bonum
1076 520 1306 584 malum,
1355 530 1613 591 ponentes
1653 523 1904 579 tenesz

327 613 523 674 lucem,
573 618 630 671 et
672 609 844 664 lucem
914 611 1194 674 tenebras,
1247 622 1509 680 ponentes
1556 629 1799 668 amarum
1847 614 1901 668 in

327 701 504 765 dulce,
536 709 590 756 et
619 699 773 756 dulce
800 700 856 753 in
891 715 1133 757 amarum
1164 700 1299 773 (Isa.
1333 704 1404 775 v).
1440 723 1460 757 υ
1491 704 1591 770 Qui
1614 706 1757 760 enim
1782 719 1901 775 pec-

232 776 240 783 ’
326 793 472 849 cauti
500 800 556 847 et
581 791 781 860 iniquis
804 791 1055 861 operibus
1084 792 1380 855 attendenti
1421 795 1686 863 promittit
1728 795 1903 866 impu-

327 884 516 941 nitatis
567 883 940 947 securitatem,
980 885 1309 953 prophetiae
1362 885 1725 942 maledictioni
1777 888 1903 942 sub-

320 973 540 1044 iacebit.
585 971 849 1029 Similiter
876 980 930 1026 et
978 973 1086 1037 ille,
1116 974 1209 1043 qui
1235 975 1434 1030 bonum
1466 983 1646 1030 actum
1685 992 1781 1046 per
1821 978 1902 1032 inv

324 1063 522 1119 vidiam
559 1061 815 1125 detrahit,
851 1070 906 1115 et
934 1062 1291 1119 benefacienti
1352 1066 1771 1121 contradicendo
1810 1068 1902 1122 ad-

323 1153 635 1209 versabitur
662 1170 676 1205 :
705 1167 782 1207 vae
811 1154 1219 1223 sempiternum,
1245 1156 1289 1210 si
1328 1171 1434 1210 non
1483 1170 1541 1211 se
1581 1159 1899 1224 correxerit,

325 1250 569 1305 habebit.
605 1250 757 1307 Unde
788 1252 1084 1306 cavendum
1111 1260 1195 1307 est
1222 1268 1290 1308 ne
1324 1269 1424 1324 pro
1445 1255 1674 1310 veritate
1709 1272 1903 1326 sequa-

325 1361 449 1399 mur
481 1344 838 1409 mendacium,
874 1360 941 1399 ne
966 1360 1062 1413 pro
1110 1346 1315 1402 lumine
1358 1347 1625 1403 tenebras.
1670 1367 1688 1399 ι
1725 1348 1902 1403 Multae

322 1436 469 1490 enim
492 1444 619 1489 sunt
642 1435 741 1489 viae
766 1450 885 1505 quae
915 1436 1154 1491 videntur
1177 1437 1483 1492 hominibus
1516 1446 1701 1503 rectm,
1729 1448 1784 1493 et
1804 1453 1902 1493 no-

323 1525 547 1580 vissima
604 1539 791 1580 eorum
852 1525 1174 1594 perveniunt
1222 1525 1276 1580 in
1320 1526 1645 1597 profundum
1702 1527 1899 1584 inferni

326 1614 508 1677 (Prov.
541 1614 676 1686 xxv).
728 1614 825 1670 Est
854 1632 1067 1686 quoque
1088 1616 1307 1687 periens
1332 1618 1384 1672 in
1404 1616 1618 1686 justitia
1647 1634 1740 1672 sua
1761 1659 1777 1683 ,
1811 1619 1899 1674 cui

324 1707 563 1761 dicitur:
598 1728 615 1760 ι
649 1706 726 1762 Ne
751 1707 827 1760 sis
849 1706 1026 1775 justus
1066 1707 1293 1769 multum
1325 1706 1515 1779 (Eccli.
1545 1706 1667 1781 vn).
1703 1728 1720 1758 ι
1753 1708 1898 1775 Quas

324 1798 396 1852 ob
440 1813 633 1855 causas
660 1797 824 1852 lsrael
868 1796 1134 1867 promittit
1160 1812 1221 1852 se
1260 1798 1343 1851 via
1375 1797 1770 1852 ambulatnrum
1812 1814 1900 1853 re-
1928 1787 1975 1847 B

323 1888 431 1958 gia,
480 1902 580 1942 nec
631 1887 695 1941 ad
718 1887 1017 1951 sinistram,
1065 1901 1164 1942 nec
1191 1886 1258 1941 ad
1296 1888 1572 1943 dexteram
1602 1888 1896 1943 declinatu-

325 1993 466 2032 rum.
494 1979 560 2032 Et
581 1986 640 2032 ut
675 1978 867 2048 loquar
896 1976 1039 2047 quod
1067 1977 1260 2043 sentio,
1300 1976 1512 2033 difﬁcile
1540 1979 1642 2034 hoc
1678 1978 1899 2034 maledi-

322 2080 414 2127 cto
439 2071 559 2141 quis
584 2085 772 2125 carere
793 2078 999 2141 potest,
1025 2084 1147 2125 cum
1181 2076 1235 2125 et
1259 2069 1414 2124 malis
1435 2069 1746 2140 frequenter
1767 2070 1900 2125 adu-

324 2159 499 2216 lemur
523 2168 743 2230 prOpter
780 2159 1101 2231 potentiam,
1147 2168 1199 2214 et
1229 2160 1399 2214 bonos
1425 2159 1749 2233 despicimus
1769 2174 1898 2230 pro-

324 2264 448 2327 pter
493 2252 745 2322 inopiam.
799 2250 951 2307 Unde
979 2249 1371 2322 significantius
1411 2251 1792 2320 interpretatus
1816 2258 1901 2306 est

321 2342 514 2411 Aquila
541 2360 554 2396 :
587 2361 605 2392 ι
621 2343 709 2397 Vae
728 2342 818 2412 qui
844 2342 1031 2401 dicunt
1052 2340 1215 2407 malo,
1231 2340 1409 2397 Bonus
1429 2356 1508 2408 es,
1523 2351 1579 2397 et
1603 2342 1765 2406 bono,
1789 2341 1899 2396 Ma—

324 2433 410 2488 lus
450 2448 525 2493 es,
561 2453 579 2484 ι
605 2441 660 2487 et
685 2434 737 2487 in
779 2434 923 2488 hunc
945 2432 1193 2503 congruit
1221 2447 1439 2487 sensum
1478 2431 1605 2488 illud
1634 2431 1776 2503 quod
1801 2430 1901 2487 Sa-

326 2524 505 2579 lomon
536 2524 589 2578 in
635 2523 939 2579 Proverbiis
975 2524 1250 2594 loquitur:
1285 2541 1303 2574 ι
1334 2523 1435 2590 Qui
1470 2523 1678 2594 judicat
1694 2522 1898 2592 justum

326 2612 579 2681 iujustum
608 2652 622 2676 ,
674 2620 728 2666 et
781 2611 1040 2680 injustum
1081 2612 1287 2682 justum
1313 2652 1330 2678 ,
1394 2611 1774 2668 abominabilis
1819 2620 1904 2668 est

326 2710 553 2772 uterque
575 2703 714 2771 apud
744 2699 1119 2772 Deum(Prov.
1145 2700 1301 2774 xvii).
1334 2720 1354 2756 ι

397 2791 636 2848 Samecli.
680 2811 699 2843 ε
735 2792 1054 2847 Plauserunt
1099 2807 1261 2862 super
1289 2802 1344 2848 te
1384 2794 1668 2859 manibus,
1713 2809 1903 2851 omnes

332 2902 352 2933 ‹
389 2892 727 2939 transeuntes
770 2900 867 2954 per
889 2884 1071 2950 viam,
1120 2884 1474 2941 sibilaverunt
1521 2894 1576 2943 et
1618 2895 1904 2943 moverunt

333 2992 352 3023 ι
389 2982 551 3043 caput
588 2989 740 3028 suum
766 2990 927 3045 super
954 2974 1119 3029 tiliam
1144 2975 1509 3033 Hierusalem:
1544 2977 1790 3034 Haeccine
1818 2986 1903 3033 est

333 3084 351 3114 ι
390 3062 537 3128 urbs,
570 3064 827 3128 dicentes,
861 3064 1082 3133 perfecti
1113 3065 1342 3132 decoris,
1359 3066 1609 3137 gaudium
1636 3058 1903 3124 universa

332 3175 351 3206 ι
394 3154 584 3210 teme?
614 3154 883 3230 (Ηὶετοη.)
915 3177 933 3209 ι
968 3156 1236 3215 Gaudium
1264 3159 1513 3229 exprimit
1536 3159 1901 3229 inimicorum,
1929 3132 1975 3194 Ε

325 3260 432 3314 quo
459 3245 620 3300 laetati
646 3254 771 3302 sunt
799 3245 865 3305 de
897 3262 1027 3302 casu
1050 3246 1440 3314 lsraelitarum,
1469 3250 1557 3318 qui
1586 3249 1906 3319 plaudentes

327 3334 594 3401 manibus,
638 3352 733 3391 ore
759 3336 1054 3404 sibilantes,
1083 3348 1349 3409 caputque
1379 3349 1675 3406 moventes,
1707 3342 1759 3395 in
1790 3359 1905 3397 ma-

327 3437 430 3477 nus
463 3423 802 3480 inimicorum
852 3426 918 3480 de
963 3442 1173 3482 sunnna
1213 3427 1470 3484 felicitate
1505 3444 1600 3487 eos
1641 3431 1904 3487 decidisse

326 3533 450 3571 cum
479 3517 729 3573 irrisione
779 3519 1129 3577 insultabant.
1183 3521 1357 3576 Motus
1385 3531 1563 3577 autem
1592 3524 1787 3593 capitis
1834 3525 1902 3578 ad

327 3609 772 3663 consuetudinem
816 3611 1050 3680 pertinet
1081 3611 1241 3669 nimis
1272 3612 1644 3695 irascentiun;
1686 3623 1742 3671 et
1768 3615 1904 3669 invi-

329 3699 419 3753 dia
446 3699 808 3753 :estuantium.
841 3699 972 3755 Nam
1005 3703 1256 3771 quotiens
1280 3704 1460 3761 furore
1491 3706 1899 3771 succendimur,

328 3788 634 3849 tnrinlenta
660 3792 1022 3848 commotione
1067 3793 1258 3863 capitis
1295 3795 1703 3849 comminamur.
1752 3795 1902 3851 Unde

324 3895 412 3940 est
452 3885 582 3940 illud
608 3888 750 3955 quod
780 3885 946 3942 Judaei
992 3885 1279 3943 Dominum
1324 3886 1597 3945 Christum
1642 3887 1696 3944 in
1740 3901 1902 3945 crure

324 3975 646 4048 pendentem
692 3984 1075 4046 prmtcreuntes
1123 3978 1579 4047 blasphemabant,
1624 3988 1901 4034 moventes

324 4064 503 4133 capita
531 4079 625 4119 sua
657 4074 710 4119 et
738 4066 975 4121 dicentes
1004 4082 1019 4121 :
1057 4085 1076 4119 ‹
1114 4066 1248 4122 Vah!
1276 4068 1366 4139 qui
1390 4069 1623 4124 destruis
1644 4069 1898 4139 templum

326 4154 441 4220 Dei,
474 4161 528 4208 et
552 4154 607 4208 in
632 4155 808 4213 triduo
833 4156 962 4211 illud
990 4158 1280 4215 recediticas
1304 4177 1316 4214 :
1350 4158 1496 4214 salva
1525 4154 1895 4230 temetipsum;

324 4246 368 4299 si
402 4245 569 4301 Filius
589 4246 684 4303 Dei
711 4262 794 4313 es,
817 4249 1080 4305 descende
1109 4250 1175 4305 de
1210 4267 1369 4308 cruce
1398 4250 1609 4325 (Matth.
1644 4256 1836 4322 xxvii).
1875 4272 1894 4303 ι

308 4336 395 4395 Ad
423 4341 668 4397 eumdem
697 4357 915 4398 sensum
959 4344 1180 4414 respicit
1214 4343 1318 4400 hoc
1345 4346 1488 4415 quod
1517 4345 1855 4416 snlijnngitur
1880 4362 1894 4399 :

2004 524 2233 589 ruisset,
2265 526 2508 581 nisi-eam
2531 528 2829 583 conditoris
2853 530 2935 583 sui
2968 530 3180 585 bonitas
3220 532 3308 586 diu
3348 533 3583 587 tolerans

2001 613 2088 683 pie
2115 624 2171 668 et
2203 615 2474 683 patienter
2509 614 2778 671 sull‘erret.
2819 617 2924 673 Sed
2953 620 3209 689 quoniam
3248 623 3491 675 converti
3525 631 3582 676 et

2001 719 2218 758 cessare
2275 704 2446 759 noluit
2499 720 2531 759 a
2579 715 2756 774 empta
2807 709 3064 777 nequitia,
3123 710 3338 764 tandem
3391 727 3583 765 secun-

2001 796 2128 851 dum
2169 798 2361 852 merita
2409 813 2505 851 sua
2554 800 2877 871 condignam
2926 802 3183 857 ultionem
3229 806 3448 873 recepit.
3490 804 3581 859 Sic

2000 889 2126 944 olim
2151 891 2218 945 ad
2251 889 2468 961 Moysen
2498 891 2753 948 famulum
2799 911 2954 950 suum
2983 900 3197 968 quando
3243 915 3340 968 pro
3384 902 3582 968 popqu

2001 979 2068 1033 ad
2099 978 2457 1037 idololatriam
2487 998 2750 1040 converso
2794 988 3021 1053 orabat,
3073 988 3331 1044 Dominus
3359 1005 3577 1059 respon-

2000 1071 2098 1137 dit,
2126 1073 2346 1128 dicens:
2386 1091 2406 1124 ‹
2438 1075 2713 1130 Dimittam
2733 1074 2888 1144 juxta
2917 1080 3139 1133 verbum
3169 1090 3340 1145 tuum,
3366 1096 3575 1135 vcrum-
3672 1104 3684 1117 ο

2000 1172 2181 1220 tamen
2210 1166 2264 1220 in
2296 1165 2385 1222 die
2415 1167 2635 1223 ultionis
2664 1169 2897 1224 visitabo
2940 1180 2994 1224 et
3035 1171 3138 1226 hoc
3167 1182 3444 1242 peccatum
3485 1187 3579 1226 eo-

2001 1273 2140 1312 rum.
2176 1278 2194 1309 »
2242 1257 2395 1314 Unde
2424 1275 2567 1316 nunc
2604 1260 2774 1315 dicit:
2813 1280 2831 1313 ‹
2864 1261 3016 1317 Fecit
3046 1262 3304 1317 Dominus
3328 1280 3448 1331 qua:
3484 1278 3580 1318 co-

1999 1349 2206 1419 gitavit,
2232 1351 2517 1419 complevit
2538 1366 2839 1407 sermonem
2869 1368 3023 1408 suum
3049 1370 3208 1424 quem
3248 1364 3579 1424 praeceperat

1998 1456 2028 1494 a
2060 1442 2248 1497 diebus
2284 1444 2539 1514 antiquis,
2573 1447 2921 1505 destruxit'et
2950 1466 3056 1505 non
3088 1443 3356 1520 pepercit,
3397 1473 3414 1506 ι
3445 1468 3584 1523 (μιθέ-

1999 1533 2143 1587 niam
2192 1533 2375 1606 plagas
2402 1552 2537 1607 quas
2580 1539 2636 1593 in
2687 1542 2962 1611 prophetis
3012 1551 3067 1598 et
3113 1543 3229 1615 lege
3269 1544 3583 1615 frequenter

1999 1626 2380 1684 comminando
2444 1632 2804 1699 praedixerat,
2858 1637 3075 1690 tandem
3128 1638 3194 1692 ad
3245 1638 3583 1694 iracundiam

1998 1729 2325 1789 provocatus
2367 1737 2529 1792 super
2557 1739 2651 1779 eos
2680 1725 2985 1781 inducebat.
3022 1727 3189 1797 Igitur
3233 1729 3281 1783 si
3320 1729 3431 1783 haec
3460 1745 3579 1784 cor-

2002 1809 2214 1879 porales
2241 1810 2447 1866 inimici
2472 1822 2661 1867 contra
2691 1812 3022 1869 Hierusalem
3048 1823 3320 1870 terrenam
3344 1824 3471 1872 tunc
3501 1816 3576 1872 fe-

1998 1909 2215 1968 cerunt,
2242 1902 2370 1972 quid
2399 1903 2665 1972 spiritales
2710 1906 2962 1974 nequitia:
3000 1914 3054 1961 et
3103 1908 3336 1963 ministri
3373 1909 3577 1978 antiqui

1997 1992 2170 2048 hostis
2207 1991 2400 2048 facturi
2441 2002 2568 2049 sunt
2599 1994 2724 2064 erga
2763 1995 3059 2064 spiritalem
3100 1995 3433 2063 Jerusalem,
3478 2000 3588 2054 hoc

1997 2091 2079 2139 est
2106 2083 2339 2138 animam
2364 2082 2748 2149 Christianam,
2774 2087 2986 2155 quando
3017 2101 3156 2150 eam,
3193 2101 3293 2156 pro
3321 2088 3433 2143 suis
3478 2088 3583 2142 ini—

1997 2175 2291 2244 quitatibus
2320 2176 2422 2232 sibi
2460 2192 2491 2231 a
2520 2176 2745 2231 Domino
2789 2177 3067 2248 traditam,
3095 2179 3333 2248 undique
3360 2180 3537 2249 pmnis
3562 2222 3583 2242 ,

1998 2259 2235 2337 undique
2279 2268 2553 2324 doloribus
2581 2269 2937 2336 circumdant,
2987 2285 3089 2325 nec
3125 2285 3243 2325 eam
3288 2272 3584 2341 quidquam

2001 2366 2127 2413 tunc
2142 2357 2295 2425 juvat
2321 2361 2463 2429 quod
2485 2360 2537 2414 in
2566 2362 2839 2431 przeterita
2860 2372 3019 2419 aetate
3042 2363 3245 2434 aliquid
3271 2363 3336 2419 de
3364 2372 3576 2419 terrena

1999 2448 2257 2506 felicitate
2281 2451 2563 2507 habuerat!
2597 2451 2751 2509 Unde
2770 2470 2889 2509 eam
2921 2454 3179 2512 Dominus
3205 2456 3306 2513 sub
3330 2466 3453 2528 typo
3474 2472 3568 2527 pec

2000 2541 2184 2597 riturae
2212 2542 2449 2597 civitatis
2471 2544 2610 2599 sicut
2626 2542 2739 2611 jam
2781 2538 2941 2616 Supra
2977 2547 3314 2602 ostendimus
3337 2546 3575 2611 deﬂevit,

2002 2631 2187 2688 dicens
2214 2647 2269 2686 ει
2288 2631 2425 2700 Quia
2452 2634 2497 2689 si
2518 2637 2862 2705 cognovisscs
2892 2646 2947 2692 et
2970 2647 3048 2703 tu,
3072 2646 3127 2692 et
3149 2638 3362 2706 quidem
3391 2638 3444 2691 in
3480 2638 3582 2692 hac

2003 2721 2089 2778 die
2118 2731 2230 2789 tua,
2269 2739 2389 2795 quae
2424 2726 2491 2781 ad
2530 2741 2717 2796 pacem
2742 2728 2859 2794 tibi,
2890 2744 3034 2784 nunc
3058 2736 3236 2783 autem
3261 2727 3578 2782 abscondita

2004 2821 2130 2869 sunt
2178 2814 2247 2869 ab
2294 2816 2464 2872 oculis
2512 2818 2620 2872 tuis
2664 2818 2845 2886 :Quia
2882 2819 3103 2875 venient
3148 2820 3263 2874 dies
3313 2820 3365 2873 in
3407 2827 3481 2883 te,
3523 2828 3580 2873 et

2003 2903 2415 2961 circumdabant
2429 2914 2483 2962 te
2506 2907 2709 2965 inimici
2727 2909 2803 2963 tui
2820 2908 2978 2972 vallo,
3002 2918 3059 2963 et
3074 2908 3501 2979 coangustabunt
3524 2917 3577 2963 te

2005 2995 2260 3066 undique.
2301 3014 2319 3048 ι
2351 2994 2552 3070 (Greg.)
2584 2997 2747 3054 Suam
2772 3000 2861 3055 hic
2896 3000 3039 3055 diem
3066 3001 3228 3056 habet
3260 3001 3440 3054 anima
3462 3015 3579 3068 per-

2005 3101 2180 3153 versa,
2219 3101 2341 3156 quae
2379 3089 2690 3144 transitorio
2729 3091 2925 3160 gaudet
2969 3089 3024 3144 in
3074 3098 3332 3158 tempore,
3382 3087 3469 3143 cui
3513 3102 3577 3143 ea

2006 3195 2126 3248 quae
2178 3179 2395 3245 adsunt,
2442 3180 2508 3234 ad
2536 3194 2723 3249 pacem
2758 3189 2904 3246 sunt,
2946 3180 3073 3250 quia
3128 3180 3252 3235 dum
3309 3195 3375 3234 ex
3417 3178 3580 3233 rebus

2005 3271 2389 3340 temporalibus
2409 3270 2638 3336 ltetatur,
2661 3271 2787 3326 dum
2810 3271 3108 3327 honoribus
3129 3270 3420 3334 extollitur,
3448 3270 3575 3324 dum

2001 3360 2055 3414 in
2097 3360 2281 3416 carnis
2316 3360 2588 3432 voluptate
2634 3362 2941 3426 resolvitur,
2985 3363 3112 3417 dum
3164 3362 3309 3417 nulla
3339 3371 3579 3416 venturze

2000 3463 2176 3518 ptenze
2206 3448 2493 3505 formidine
2527 3458 2780 3518 terretur,
2809 3466 2998 3522 pacem
3047 3451 3209 3508 habet
3235 3453 3289 3506 in
3325 3453 3412 3507 die
3437 3466 3530 3506 sua
3557 3492 3571 3514 ,

2000 3557 2120 3608 quae
2168 3557 2329 3613 grave
2373 3543 2737 3599 damnationis
2782 3544 3094 3600 scandalum
3139 3545 3193 3599 in
3235 3545 3320 3600 die
3360 3545 3578 3599 habebit

2001 3631 2195 3685 aliena.
2222 3631 2297 3687 lbi
2325 3633 2468 3687 enim
2500 3632 2779 3702 aiiligenda
2805 3643 2888 3689 est
2915 3635 3002 3689 ubi
3026 3635 3157 3705 justi
3200 3635 3449 3689 laetantur
3469 3676 3484 3698 ,
3521 3644 3576 3691 et

2001 3731 2194 3777 cuncta
2223 3738 2343 3792 qua:
2382 3724 2541 3778 modo
2569 3726 2636 3779 ad
2673 3740 2860 3793 pacem
2890 3734 3034 3788 sunt,
3076 3735 3199 3780 tunc
3232 3726 3280 3780 in
3326 3726 3579 3780 amaritu-

2000 3814 2180 3868 dinem
2225 3814 2358 3868 rixae
2389 3822 2684 3879 vertentur,
2730 3815 2855 3884 quia
2910 3815 3076 3872 rixari
3118 3832 3299 3871 secum
3341 3816 3571 3884 incipit:

1998 3901 2108 3960 Cur
2147 3903 2545 3960 damnationem
2594 3921 2714 3976 quae
2766 3908 2967 3977 patitur
3014 3922 3119 3961 non
3170 3906 3430 3975 expavit,
3482 3920 3579 3959 cur

2000 4011 2030 4049 a
2079 3995 2470 4063 prospiciendis
2524 3995 2680 4050 malis
2729 3995 3077 4064 sequentibus
3132 3995 3316 4050 oculos
3382 3995 3575 4049 mentis

1998 4085 2235 4141 clausit?
2270 4084 2419 4141 Unde
2441 4092 2496 4140 et
2525 4085 2722 4140 dicitur
2753 4104 2766 4138 :
2803 4103 2822 4135 ι
2854 4084 3005 4141 Nunc
3052 4093 3230 4139 autem
3261 4084 3576 4140 abscondita

1998 4183 2124 4234 sunt
2145 4177 2215 4231 ab
2244 4176 2414 4231 oculis
2443 4176 2567 4231 tuis.
2602 4195 2621 4228 ι
2655 4176 2915 4232 Perversa
2962 4176 3158 4246 quippe
3187 4176 3366 4230 anima
3409 4176 3572 4231 rebus

1996 4268 2355 4339 praesentibus
2377 4266 2575 4332 dedita,
2604 4267 2657 4321 in
2688 4268 2916 4322 terrenis
2938 4265 3295 4335 voluptatibus
3316 4264 3569 4329 resoluta,

1999 4355 2281 4412 abscondit
2306 4356 2407 4411 sibi
2437 4355 2576 4411 mala
2604 4355 2902 4425 sequentia,
2929 4354 3054 4425 quia
3081 4354 3265 4409 videre
3294 4353 3472 4408 futura
3494 4370 3573 4409 re-

398 4430 527 4534 Ρ
572 4434 960 4534 (Αρθςυθτυηῑ
985 4451 1147 4534 ευρείτ
1170 4445 1222 4492 ιθ
1249 4452 1528 4534 05.800131.
1559 4438 1897 4534 omnesnini-
1926 4474 1976 4534 ι)
2002 4448 2155 4517 fugit,
2185 4454 2649 4518 quaa'praesentem
2686 4445 2926 4501 lattitiam
2954 4446 3304 4516 perturbant;
3337 4446 3572 4515 dumque

330 4544 349 4579 ι
386 4525 512 4581 mici
542 4526 617 4583 tui
641 4526 990 4582 sibilaverunt
1022 4535 1078 4582 et
1101 4520 1434 4583 fremuerunt
1455 4528 1721 4593 dentibus,
1746 4528 1898 4583 dixe—

329 4634 349 4666 ‹
386 4622 528 4678 runt,
555 4614 961 4673 Devorabimus.
994 4616 1073 4677 En
1102 4617 1203 4673 ista
1225 4617 1342 4677 dies
1361 4633 1522 4687 quam
1550 4620 1899 4688 exspectaba-

330 4727 350 4765 ι
387 4724 529 4774 mus,
557 4709 881 4775 invenimus,
910 4709 1161 4765 vidimus.
1196 4729 1216 4763 ι
1248 4708 1534 4783 (Μλυκυε).
1559 4711 1709 4765 Illum
1752 4713 1897 4767 enim

321 4798 467 4853 diem
495 4799 680 4855 hostes
726 4814 940 4870 semper
967 4799 1343 4856 desiderabant
1375 4803 1579 4866 venire,
1604 4802 1730 4872 quia
1769 4802 1897 4859 liee-

323 4893 410 4945 ret
437 4885 516 4942 eis
545 4895 710 4943 totam
739 4888 899 4943 simul
941 4899 1155 4961 gentem
1182 4887 1488 4945 .ludzeorum
1531 4890 1708 4961 gladio
1749 4893 1894 4948 occi-

324 4977 494 5032 sionis
529 4987 586 5034 et
611 4978 929 5034 vastationis
951 4979 1231 5045 devorare;
1260 4979 1355 5035 sed
1388 4979 1512 5050 quia
1552 4980 1656 5035 hoc
1681 4980 1902 5037 minime

322 5065 398 5124 ita
431 5067 649 5124 evenire
688 5068 973 5141 potuisset,
1021 5067 1127 5125 nisi
1174 5067 1516 5125 multitudine
1557 5068 1898 5140 impietatum

321 5172 544 5213 suarum
567 5157 825 5215 Dominus
875 5159 979 5219 hoc
999 5157 1149 5228 justo
1166 5158 1372 5232 judicio
1395 5157 1514 5214 ﬁeri
1543 5160 1899 5230 permisisset,

320 5247 577 5315 continuo
600 5248 860 5323 propheta
886 5247 1195 5321 subiungit:

391 5337 511 5394 Ain.
534 5357 553 5391 ι
582 5338 732 5397 Fecit
758 5339 1012 5403 Dominus
1034 5355 1153 5409 quae
1176 5339 1450 5409 cogitavit,
1479 5339 1766 5410 complevit
1785 5356 1899 5397 ser—

327 5446 345 5479 ι
377 5444 591 5487 manem
620 5446 775 5498 suum
803 5446 964 5504 quem
988 5440 1318 5503 praceperat
1346 5446 1375 5485 a
1401 5431 1592 5487 diebus
1632 5432 1894 5502 antiquis.

329 5537 348 5570 σ
385 5519 663 5580 Destruxit
702 5534 758 5581 et
802 5539 910 5580 non
956 5525 1214 5594 pepercit,
1240 5532 1296 5579 et
1324 5523 1617 5580 laetiﬁcavit
1658 5540 1820 5595 super
1847 5532 1903 5580 te

331 5629 349 5661 σ
389 5611 683 5681 inimicum,
707 5614 954 5671 exaltavit
987 5629 1152 5668 cornu
1176 5613 1409 5669 hostium
1439 5622 1670 5669 tuorum.
1695 5634 1715 5667 ι
1747 5613 1900 5683 (Hie-

331 5703 527 5775 ςγοῃ.)
601 5705 807 5779 Samius
853 5720 983 5776 ergo
1026 5696 1310 5777 sytiagoga
1356 5703 1663 5761 Judzeorum
1718 5707 1898 5761 Domi-

2003 4537 2057 4591 in
2085 4537 2365 4606 praesentis
2393 4536 2517 4592 vitae
2544 4534 2898 4591 oblectatione
2923 4549 2983 4591 se
3008 4535 3230 4601 deserit,
3274 4536 3403 4605 quid
3432 4535 3574 4590 aliud

2003 4642 2166 4696 quam
2194 4626 2390 4683 clausis
2410 4627 2578 4682 oculis
2601 4626 2666 4680 ad
2695 4626 2873 4697 ignem
2899 4626 3081 4683 vadit?
3106 4626 3260 4683 Unde
3288 4627 3425 4682 bene
3445 4627 3576 4681 scri-

2001 4726 2152 4787 ptum
2179 4727 2262 4774 est
2294 4736 2307 4772 :
2347 4735 2367 4770 ε
2402 4718 2458 4772 ln
2484 4717 2571 4772 die
2599 4717 2861 4772 bonorum
2890 4733 2957 4774 ne
2985 4719 3268 4780 immemor
3305 4719 3380 4774 sis
3405 4717 3574 4771 malo-

2004 4821 2122 4860 rum
2171 4804 2360 4877 (Eccli.
2409 4804 2507 4876 x1).
2548 4825 2566 4858 ι
2621 4805 2687 4861 Et
2730 4806 2871 4863 unde
2905 4822 3002 4877 per
3038 4805 3263 4863 Paulum
3312 4807 3512 4862 dicitur
3555 4823 3568 4858 :

2010 4916 2029 4948 ι
2065 4896 2165 4964 Qui
2192 4896 2423 4967 gaudent
2454 4904 2704 4966 tanquam
2736 4913 2842 4952 non
2874 4899 3169 4968 gaudentes
3200 4900 3308 4952 sint
3351 4896 3401 4969 (1
3444 4895 3569 4949 Cor.

2006 4986 2200 5059 xxvii),
2233 5006 2250 5039 ι
2290 4987 2416 5056 quia
2461 4994 2517 5042 et
2542 4987 2586 5041 si
2616 5003 2720 5057 qua
2749 4995 2833 5043 est
2874 4988 3154 5057 praesentis
3183 4987 3471 5057 temporis,
3499 4986 3570 5040 ita

2005 5085 2090 5132 est
2116 5077 2323 5147 agenda
2350 5076 2551 5142 laatitia,
2575 5086 2634 5131 ut
2662 5092 2934 5147 nunquam
2966 5074 3268 5131 amaritudo
3296 5076 3573 5144 sequentis

1999 5166 2187 5235 judicii
2218 5164 2430 5220 recedat
2456 5180 2486 5218 a
2528 5166 2809 5231 memoria,
2852 5176 3119 5236 quatenus
3140 5164 3265 5218 dum
3291 5179 3443 5219 mens
3481 5180 3573 5234 pa-.

2003 5255 2124 5309 vida
2149 5263 2403 5309 extrcmte
2434 5253 2651 5310 ultionis
2684 5254 2877 5309 timore
2902 5253 3265 5324 transﬁgitur,
3311 5264 3575 5324 quantum

2004 5363 2148 5403 nunc
2193 5362 2430 5417 praesens
2476 5347 2678 5413 ltetitia,
2716 5355 2922 5401 tantum
2970 5355 3094 5417 post
3128 5347 3210 5401 ira
3242 5348 3572 5418 suhsequeus

2001 5442 2350 5505 temperetur.
2386 5433 2522 5488 Hinc
2572 5449 2805 5504 namque
2856 5434 3114 5504 scriptum
3154 5444 3276 5490 est:
3313 5455 3331 5486 ο
3379 5436 3583 5501 Leatus

2002 5526 2162 5580 homo
2189 5524 2279 5594 qui
2326 5540 2540 5594 semper
2568 5533 2650 5580 est
2689 5525 2947 5596 pavidus;
2979 5526 3069 5595 qui
3110 5542 3238 5581 vero
3266 5526 3462 5582 mentis
3492 5537 3573 5589 est

2001 5615 2167 5678 durae,
2210 5625 2427 5670 corruet
2457 5615 2509 5669 in
2558 5615 2753 5670 malum
2785 5613 2966 5676 (Prov.
3000 5618 3175 5687 xvm).
3228 5638 3245 5670 ι
3286 5616 3581 5688 Sequentis

2000 5706 2142 5759 enim
2192 5706 2269 5759 ira
2317 5705 2503 5775 judicii
2556 5715 2704 5761 tanto
2752 5716 2876 5761 tunc
2908 5706 3199 5762 districtior
3249 5707 3581 5789 perlabitur,
