3970 6190
529 332 652 386 12η

1153 330 1214 385 Β.
1255 331 1504 386 ΒΛΒΑΝΙ
1539 329 1756 387 HAUR]
1791 328 2104 386 ARCHIEP.
2145 325 2450 386 MOGUNT.
2488 327 2989 386 OPERUMVPARS
3023 329 3114 386 lll.

3586 339 3688 396 iiIi

519 451 718 513 quanto
744 457 886 498 nunc
912 452 968 497 et
993 442 1134 498 inter
1157 441 1345 511 culpas
1380 441 1601 496 minimc
1630 439 1866 496 timetur.
1897 439 2085 509 chui-
2111 441 2164 500 Α
2187 451 2342 492 omna
2378 439 2624 494 recubuit
2656 437 2838 512 (Joan.
2880 440 3017 514 xxi).
3052 439 3194 496 Nam
3220 457 3340 497 cum
3383 443 3612 516 PrOpheta
3634 450 3692 505 di.

523 549 651 589 tur:
685 551 706 584 ι
741 532 876 600 Quia
907 533 1121 588 venient
1161 533 1274 587 dies
1300 531 1356 586 in
1406 539 1458 587 te
1495 540 1548 586 et
1584 530 1994 586 circumdabant
2035 539 2089 585 te

522 624 724 679 inimici
750 624 822 678 tui
847 623 1004 678 vallo.
1036 641 1054 674 ν
1081 621 1180 688 Qui
1215 637 1448 692 unquam
1474 631 1600 676 sunt
1622 621 1872 677 humanm
1897 621 2090 676 anima:

521 715 754 786 niajores
785 712 1016 778 inimici,
1063 727 1226 782 quam
1277 711 1494 782 maligni
1540 711 1779 780 spiritus,
1811 711 1903 780 qui
1949 711 2091 766 hanc

521 813 806 860 exeuntem
831 819 862 857 a
892 817 1117 872 corpore
1141 801 1410 867 obsident,
1429 815 1590 871 quam
1618 800 1678 855 in
1695 801 1880 856 carnis
1904 814 2091 856 amore

523 896 748 967 positam
794 892 1119 962 deceptoriis
1147 891 1592 950 delectationibus
1622 889 1842 944 foveant
1881 906 1896 945 :
1926 905 2090 960 quam

521 987 660 1041 vallo
691 982 1046 1049 circumdant,
1085 982 1210 1051 quia
1239 990 1362 1038 ante
1401 981 1598 1036 mentis
1626 981 1743 1052 ejus
1769 979 1957 1036 oculos
1997 995 2086 1036 re—

520 1077 692 1130 ductis
741 1074 1108 1144 iniquitatibus
1161 1088 1296 1143 quas
1326 1073 1675 1143 perpetravit.
1722 1073 1864 1127 hanc
1900 1073 1968 1126 ad
1998 1087 2088 1126 sa-

521 1165 757 1219 tietatem
785 1180 895 1220 sua:
925 1163 1285 1219 damnationis
1314 1163 1587 1217 trahentes
1613 1171 1917 1227 coarctant,
1946 1172 2006 1217 ut
2036 1163 2089 1218 in

436 1273 442 1279 ·
520 1258 631 1326 ipsa
653 1255 764 1325 jam
789 1255 1130 1310 extremitate
1160 1255 1282 1310 vitae
1312 1254 1668 1324 deprehensa,
1703 1269 1732 1307 a
1757 1253 1954 1324 quibus
1995 1255 2092 1310 ho-

519 1347 692 1401 stibus
710 1345 1063 1400 circumclusa
1091 1345 1163 1400 sit
1185 1344 1386 1409 videat,
1400 1351 1469 1398 ~et
1493 1351 1672 1398 tamen
1693 1343 1953 1399 evadendi
1978 1345 2094 1400 adi-

521 1447 634 1492 tum
663 1438 904 1492 invenire
932 1452 1035 1491 non
1062 1435 1249 1506 possit,
1279 1435 1405 1504 quia
1435 1434 1648 1504 operari
1667 1433 1778 1502 jam
1821 1435 1962 1490 bona
1985 1451 2090 1488 non

523 1531 669 1595 licet,
701 1545 820 1600 qua:
843 1545 964 1584 cum
993 1528 1144 1584 licuit
1177 1541 1340 1598 agere
1363 1527 1706 1596 contempsit.
1737 1525 2090 1597 Cogitandum

523 1619 678 1675 valde
704 1627 787 1673 est
813 1626 1073 1688 quantum
1113 1616 1267 1671 nobis
1296 1615 1402 1671 erit
1433 1614 1692 1669 terribilis
1726 1616 1857 1670 hora
1895 1623 2093 1670 nostra:

522 1709 884 1773 resolutionis,
931 1708 1026 1778 qui
1067 1721 1234 1776 pavor
1261 1706 1529 1768 maeroris,
1557 1715 1757 1774 quanta
1804 1712 1934 1759 tunc
1971 1719 2092 1759 om-

2191 544 2314 590 cat:
2347 552 2369 587 ι
2401 535 2540 591 Ecce
2564 536 2710 591 enim
2736 535 2792 592 in
2819 537 3196 607 iniquitatibus
3215 549 3489 608 conceptus
3509 555 3623 608 sum,
3651 554 3694 602 et

2190 625 2247 680 in
2285 621 2498 681 delictis
2537 626 2751 696 peperit
2797 641 2883 682 me
2908 635 3086 682 mater
3127 642 3247 682 mea
3277 625 3438 699 (Paul.
3472 629 3540 700 ι),
3563 651 3579 684 ι
3607 633 3694 688 sine

2191 715 2347 784 culpa
2389 715 2444 772 in
2474 715 2678 772 mundo
2721 731 2841 772 esse
2887 733 2995 772 non
3052 719 3252 788 potuit,
3290 719 3380 788 qui
3411 719 3459 773 in
3493 723 3692 780 mundun

2191 819 2314 860 cum
2337 804 2496 876 culpa
2522 806 2690 862 venit.
2739 806 2874 862 Hinc
2903 821 3142 877 namque
3171 807 3314 864 idem
3356 807 3589 879 Propheta
3608 815 3694 869 ait:

2197 913 2216 947 ι
2245 894 2362 952 Non
2400 894 2786 966 justiﬁeabitur
2827 898 2884 952 in
2905 907 3204 968 conspectu
3246 909 3336 955 tuo
3367 902 3528 957 omnis
3556 904 3696 960 vivens

2191 982 2365 1056 (Paul.
2395 985 2584 1058 cxut).
2619 1005 2640 1040 ι
2667 986 2805 1043 Hinc
2837 987 3097 1043 Salomon
3145 989 3260 1044 ait:
3293 1008 3313 1042 ι
3347 989 3454 1045 Non
3477 1003 3550 1046 est
3578 993 3698 1048 homo

2191 1073 2246 1128 in
2271 1075 2541 1146 terra,qui
2569 1075 2738 1132 faciat
2763 1077 2963 1132 bonum
2977 1087 3037 1132 et
3058 1093 3166 1135 non
3193 1087 3376 1148 peccet
3395 1079 3560 1150 (Ereti.
3575 1082 3694 1151 vn)»

2192 1161 2330 1220 Hinc
2363 1163 2603 1220 Joannes
2637 1165 2764 1220 dicit
2802 1186 2816 1220 ;
2849 1185 2867 1217 ι
2903 1165 2960 1222 Si
2991 1166 3294 1222 dixerimus
3335 1168 3452 1238 quia
3477 1181 3698 1239 peccatum

2190 1270 2297 1310 non
2322 1257 2601 1320 habemus,
2637 1257 2738 1326 ipsi
2773 1271 2872 1312 nos
2910 1258 3246 1321 seducimus,
3281 1267 3338 1312 et
3360 1259 3540 1314 veritas
3567 1261 3611 1314 in
3634 1277 3700 1316 uo-

2191 1349 2274 1405 bis
2321 1366 2426 1406 non
2453 1359 2537 1406 est
2565 1351 2618 1421 (I
2645 1351 2806 1406 Jaan.
2857 1355 2921 1421 1).
2954 1372 2974 1405 ι
3032 1352 3176 1410 Hinc
3213 1353 3436 1410 Iacobus
3475 1357 3544 1410 ait
3577 1359 3699 1411 :cln

2192 1441 2377 1497 multis
2415 1439 2736 1498 oll‘endimus
2764 1457 2954 1498 omnes
2981 1441 3128 1515 (Jac.
3161 1444 3266 1516 ιιι).
3299 1462 3319 1496 ι
3364 1442 3563 1500 Constat
3595 1447 3698 1500 enim

2191 1532 2317 1600 quia
2379 1547 2573 1588 omnes
2620 1533 2713 1602 qui
2767 1533 2836 1588 de
2877 1534 3063 1590 carnis
3120 1533 3464 1593 delectatione
3510 1539 3698 1606 cunctati

2191 1631 2339 1688 sunt,
2386 1622 2440 1677 in
2469 1636 2659 1678 eorum
2693 1622 2881 1692 procul
2909 1622 3096 1689 dubio,
3133 1624 3219 1680 vel
3249 1625 3473 1689 actione,
3501 1626 3571 1681 vel
3594 1626 3698 1679 lout-

2195 1711 2361 1778 tione,
2391 1712 2474 1766 vel
2497 1712 2849 1784 cogitatione,
2876 1712 3082 1783 aliquid
3113 1729 3273 1769 suum
3305 1716 3532 1786 princeps
3561 1715 3696 1770 mundi

523 1801 667 1854 nium
699 1799 958 1854 malorum
1005 1798 1284 1862 memoria,
1313 1813 1434 1869 quae
1461 1797 1658 1853 oblivio
1688 1807 1975 1853 transacta:
2010 1797 2091 1852 fe-
2127 1791 2168 1850 Β
2197 1801 2356 1870 hujus
2383 1801 2591 1858 habuit.
2620 1801 2728 1858 Sed
2761 1803 2968 1860 idcirco
3001 1804 3150 1871 illos,
3173 1805 3259 1860 vel
3295 1813 3410 1874 post
3450 1821 3623 1876 rapere,
3639 1805 3696 1859 vel

524 1893 760 1957 licitatis,
815 1907 933 1962 quze
961 1891 1188 1946 formido
1229 1899 1286 1945 et
1315 1890 1674 1946 consideratio
1712 1888 1930 1959 judicis.
1959 1890 2098 1957 Quid

522 2001 652 2056 ergo
687 2000 806 2040 esse
846 1983 1002 2039 nobis
1048 1983 1113 2037 de
1159 1981 1516 2052 praesentibus
1563 1981 1632 2036 ad
1681 1981 2096 2036 delectationem

525 2077 698 2133 debet.
727 2075 940 2146 quando
966 2074 1174 2129 cunctis
1205 2072 1364 2127 simul
1397 2070 1804 2127 transeuntibus
1827 2087 1932 2126 non
1955 2070 2100 2125 valet

527 2167 755 2236 transire
779 2168 919 2236 quod
947 2165 1208 2229 imminet,
1247 2163 1461 2234 quando
1491 2172 1546 2218 et
1576 2163 1677 2218 hoc
1708 2162 1950 2218 funditus
1976 2161 2095 2217 lini-

527 2270 614 2314 tur
642 2261 781 2329 quod
809 2258 1068 2330 diligitur,
1099 2264 1154 2312 et
1181 2257 1310 2311 illud
1336 2256 1612 2326 incipitur,
1649 2255 1740 2310 ubi
1779 2255 1936 2310 dolor
1962 2271 2100 2308 nun-

526 2368 688 2421 quam
724 2349 940 2404 linitur?
965 2349 1116 2404 Tunc
1148 2347 1366 2418 maligni
1393 2347 1615 2417 spiritus
1647 2345 1956 2416 egrediente
1978 2345 2096 2399 ani-

526 2455 612 2493 ma
647 2454 741 2494 sua
782 2454 942 2510 opera
973 2438 1287 2508 requirunt,
1325 2446 1451 2492 tunc
1479 2436 1618 2492 mala
1647 2451 1766 2506 qua:
1808 2443 2098 2493 suaserunt

531 2530 808 2598 replicant,
841 2538 899 2584 ut
927 2529 1128 2584 sociam
1158 2526 1223 2582 ad
1255 2534 1520 2582 tormenta
1554 2527 1788 2582 trahant.
1832 2525 2014 2580 Potest
2045 2533 2101 2581 et

530 2622 634 2677 hoc
659 2623 827 2692 aptari
851 2621 976 2676 illud
1004 2620 1148 2691 quod
1185 2619 1430 2690 sequitur
1461 2635 1477 2674 :

602 2711 761 2766 Sade.
798 2731 816 2762 ι
852 2710 1113 2766 Clamavit
1140 2725 1234 2765 cor
1273 2725 1460 2764 eorum
1491 2710 1557 2764 ad
1600 2708 1905 2773 Dominum,
1938 2723 2100 2776 super

527 2819 706 2857 nmros
738 2799 857 2856 tiliae
884 2801 1031 2856 Sion.
1066 2821 1085 2852 ι
1118 2798 1384 2872 (Περι-οη.)
1399 2797 1611 2856 Clamor
1633 2799 1722 2859 hic
1747 2799 2098 2853 intentionem

529 2893 742 2958 mentis,
786 2906 891 2946 non
917 2891 1299 2946 exaltationem
1331 2890 1482 2947 vocis
1525 2891 1812 2962 signiﬁcat.
1853 2891 2104 2953 Clamant

525 2983 666 3038 enim
698 2981 931 3052 perversi
961 2981 1226 3046 homines,
1257 2979 1372 3035 sive
1411 2980 1662 3050 nequitia:
1691 2979 1962 3056 spiritales
2004 3003 2100 3042 ευ-

527 3091 642 3134 rant
675 3074 893 3132 Domino
917 3089 1072 3150 super
1096 3088 1276 3129 tauros
1299 3071 1419 3131 lilia:
1443 3070 1734 3141 Sion,cum
1750 3087 2094 3149 potestatem,

2195 1891 2348 1962 prius
2405 1900 2588 1946 tenere
2643 1907 2750 1946 non
2792 1893 3001 1962 potuit,
3057 1893 3185 1964 quia
3245 1908 3339 1948 eos
3373 1893 3457 1947 ille
3491 1909 3519 1946 a
3554 1893 3698 1948 debitis

2197 1979 2310 2035 suis
2336 1979 2553 2049 eripuit,
2588 1981 2682 2050 qui
2733 1996 2834 2051 pro.
2869 1983 3029 2038 nobis
3068 1984 3188 2038 sine
3228 1984 3404 2038 debito
3435 1985 3598 2038 mortis
3632 1984 3697 2038 de-

2197 2071 2366 2126 bitum
2397 2071 2580 2137 solvit,
2627 2081 2690 2128 ut
2738 2088 2838 2128 nos
2867 2073 2987 2128 ideo
3019 2073 3124 2128 sub
3148 2072 3274 2143 jure
3296 2073 3456 2129 hostis
3478 2074 3618 2128 nostri
3634 2073 3698 2127 de-

2197 2162 2310 2224 bita
2340 2170 2525 2217 nostra
2573 2179 2677 2217 non
2727 2172 2980 2230 teneant,
3019 2166 3150 2235 quia
3176 2180 3272 2235 pro
3306 2166 3450 2221 nobis
3493 2166 3698 2220 mediator

2200 2253 2293 2308 Dei
2318 2261 2374 2306 et
2397 2251 2676 2307 hominum
2716 2253 2878 2308 homo
2903 2251 3156 2309 Christus
3183 2251 3337 2309 Jesus
3366 2254 3574 2324 gratuito
3605 2252 3694 2306 τούν

2198 2341 2332 2397 didit
2351 2342 2496 2412 quod
2522 2357 2626 2396 non
2653 2341 2901 2398 debebat.
2939 2343 3042 2410 Qui
3077 2345 3223 2400 enim
3244 2359 3340 2415 pro
3360 2343 3500 2398 nobis
3524 2353 3696 2400 mortem

2197 2433 2378 2488 carnis
2419 2432 2708 2488 indebitam
2743 2432 3006 2499 reddidit,
3039 2449 3142 2490 nos
3171 2449 3201 2488 a
3245 2434 3416 2489 debita
3441 2441 3587 2487 morte
3609 2432 3697 2486 libe-

2199 2524 2358 2579 ravit.
2388 2522 2480 2577 Ait
2502 2523 2687 2580 enim:
2723 2543 2740 2576 ι
2777 2524 2938 2581 Venit
2977 2526 3124 2580 enim
3168 2528 3411 2596 princeps
3445 2525 3598 2580 mundi
3626 2523 3694 2577 hu-

2197 2615 2302 2687 ius,
2333 2626 2389 2672 et
2436 2617 2490 2672 in
2531 2632 2620 2672 me
2659 2631 2764 2672 non
2811 2617 2975 2674 habet
3012 2619 3332 2696 quidquam.
3367 2644 3384 2676 ι
3423 2617 3560 2680 Unde
3584 2620 3694 2690 juxta

2201 2708 2334 2768 illud
2359 2709 2505 2786 quod
2538 2729 2638 2769 nos
2671 2707 2938 2786 Pr0pheta
2977 2720 3318 2780 exhortatur,
3359 2716 3558 2770 dicens:
3587 2711 3694 2764 clle-

2202 2807 2306 2862 duc
2344 2806 2498 2876 quasi
2548 2816 2844 2862 torrentem
2904 2807 3182 2879 lacrymas
3237 2823 3334 2878 per
3376 2807 3504 2861 diem
3551 2813 3596 2858 et
3627 2815 3694 2870 per

2203 2910 2440 2968 noctem,
2481 2919 2588 2958 non
2635 2907 2731 2960 des
2772 2905 3012 2974 requiem
3062 2896 3200 2970 tibi,
3251 2919 3414 2974 neque
3447 2909 3594 2958 taceat
3622 2913 3687 2966 pu-

2202 2991 2328 3062 pilla
2370 2992 2511 3048 oculi
2561 2995 2660 3050 tui.
2705 3015 2725 3048 ο
2777 2979 3071 3069 (Mannum)
3127 2995 3284 3053 Omni
3329 2993 3692 3065 temporelaery-

2205 3099 2324 3140 mas
2348 3099 2444 3154 per
2468 3088 2930 3157 compunctionem
2959 3089 3146 3144 cordis
3185 3087 3444 3144 ell'undere
3479 3082 3689 3142 debemus

525 3188 631 3242 qua
684 3149 1024 3228 dominantur
1074 3172 1213 3241 plebi
1261 3170 1345 3226 vel
1385 3186 1578 3226 ammae
1623 3171 1930 3242 peccatrici,
1977 3187 2089 3226 sua:
2117 3149 2162 3213 (ἶ
2192 3175 2286 3244 qui
2313 3149 2856 3232 auctorem-nostrum
2887 3180 3092 3234 nostris
3125 3177 3476 3250 iniquitatibus
3492 3173 3692 3230 offensum

530 3265 807 3322 ascribunt
832 3264 1101 3333 pozentiac,
1136 3279 1240 3318 non
1261 3263 1462 3331 judicio
1483 3265 1850 3333 permissionis
1875 3264 2092 3330 divinat,

530 3369 755 3423 quorum
777 3353 1108 3422 blasphemia
1128 3393 1142 3416 ,
1171 3368 1275 3422 qua
1305 3361 1496 3408 contra
1523 3353 1808 3407 Dominum
1834 3353 2091 3421 clamant,

528 3445 788 3516 condigna
819 3459 924 3498 non
965 3443 1154 3499 evadet
1184 3451 1469 3499 tormenta.
1496 3441 1629 3498 Cum
1673 3445 1816 3499 enim
1847 3444 2096 3516 expleve-

531 3535 642 3590 rint
667 3534 886 3604 superni
925 3533 1111 3589 arbitri
1151 3533 1206 3588 in
1242 3533 1566 3593 adversariis
1590 3534 1702 3590 suis
1728 3543 1935 3590 secreta
1952 3536 2091 3608 judi-

533 3626 638 3691 cia,
667 3635 796 3680 tunc
821 3634 875 3680 et
905 3624 1003 3696 ipsi
1048 3631 1228 3679 reatus
1271 3624 1353 3678 sui
1375 3623 1520 3691 iusta
1565 3625 1823 3696 recipient
1850 3626 2093 3695 praemia.

531 3713 670 3768 Nulli
726 3715 868 3770 enim
901 3728 1140 3784 persona:
1173 3722 1430 3784 parcunt,
1465 3714 1590 3784 quia
1615 3715 1864 3770 omnibus
1901 3717 2098 3786 quibus

530 3813 776 3875 possunt.
809 3814 864 3860 et
892 3813 1148 3874 quantum
1177 3805 1582 3876 permittuntur,
1625 3821 1820 3862 nocere
1844 3809 2093 3876 cupiunt,

528 3913 727 3968 eosque
765 3897 1078 3968 perditionis
1119 3912 1228 3952 sum
1269 3907 1547 3954 consortes
1588 3896 1790 3954 habere
1823 3905 2091 3968 quaarunt.

529 3988 731 4064 (Greg.)
769 3989 920 4046 Unde
961 4007 1060 4046 nec
1083 4006 1216 4060 opus
1243 3998 1326 4045 est
1361 3991 1464 4046 hoc
1501 3989 1835 4046 solummodo
1867 3991 1932 4046 de
1968 4005 2096 4061 per-

535 4095 689 4135 versa
740 4079 919 4134 anima
960 4081 1160 4146 dicere,
1203 4080 1327 4149 quia
1370 4096 1490 4136 eam
1543 4089 1900 4148 coangustare
1945 4095 2094 4150 quat-

531 4176 677 4233 runt,
707 4183 830 4222 cum
868 4168 934 4222 ad
975 4169 1176 4224 electos
1206 4184 1447 4238 quosque
1475 4169 1810 4240 egredientes
1855 4167 2092 4232 veniant,

529 4266 584 4311 ct
627 4273 782 4313 suum
831 4259 885 4314 in
918 4258 1042 4324 illis,
1092 4259 1135 4314 si
1175 4259 1517 4330 praevaleant,
1568 4258 1770 4330 aliquid
1795 4257 2091 4329 requirant.

533 4345 682 4402 Unus
709 4356 888 4402 autem
916 4348 970 4402 in
996 4349 1244 4404 oumibus
1265 4348 1494 4415 exstitit,
1522 4349 1613 4420 qui
1638 4356 1763 4404 ante
1791 4348 2094 4418 passionem

529 4449 676 4489 suam
701 4434 866 4490 libera
893 4451 1023 4491 voce
1049 4437 1186 4492 dixit
1214 4455 1226 4490 :
1263 4457 1280 4489 ‹
1313 4435 1430 4490 Jam
1477 4453 1582 4492 non
1611 4437 1773 4492 multa
1797 4438 1988 4508 loquar
2007 4453 2093 4493 vo-

529 4524 758 4590 biscum,
794 4527 939 4582 venit
961 4526 1100 4580 enim
1129 4527 1381 4596 princeps
1415 4528 1595 4582 mundi
1626 4526 1802 4596 hujus,
1828 4536 1886 4582 et
1911 4526 1964 4581 in
2004 4542 2092 4582 me

528 4633 632 4672 non
663 4617 822 4672 habet
844 4617 1134 4687 quidquam
1175 4617 1353 4690 (Jaan.
1385 4617 1516 4690 xw).
1548 4637 1567 4670 ι
1598 4617 1734 4686 Quia
1763 4618 1906 4674 enim
1949 4619 2092 4674 hunc

527 4707 807 4762 mortalem
859 4707 1128 4765 hominem
1157 4708 1308 4774 vidit,
1339 4723 1494 4762 suum
1539 4709 1592 4762 in
1620 4706 1712 4764 illo
1735 4707 1917 4764 mundi
1938 4707 2090 4778 prin-

525 4812 652 4868 ceps
698 4794 896 4866 aliquid
928 4795 1167 4851 invenire
1192 4811 1349 4866 posse
1393 4796 1637 4861 credidit,
1683 4795 1778 4851 sed
1821 4795 1938 4852 sine
1982 4795 2091 4850 ullo

525 4895 746 4957 peccato
769 4900 800 4940 a
831 4885 1014 4940 mundi
1045 4886 1388 4956 corruptione
1414 4884 1566 4950 exiit,
1592 4885 1687 4956 qui
1727 4885 1842 4940 sine
1869 4893 2090 4955 peccato

525 4978 578 5032 in
610 4975 864 5032 mundum
892 4975 1056 5031 venit.
1101 4974 1214 5032 Hoc
1257 4975 1324 5030 de
1356 4990 1417 5030 se
1450 4982 1638 5030 contra
1682 4974 1863 5030 mundi
1891 4974 2090 5044 princi-

524 5081 645 5136 pem
674 5081 773 5120 nec
797 5065 988 5122 Petrus
1011 5065 1189 5120 dicere
1218 5063 1579 5134 pra-sumpsit,
1613 5062 1706 5132 qui
1751 5061 1938 5118 audire
1977 5077 2089 5119 me-

525 5155 632 5209 ruit
667 5173 681 5208 :
733 5171 752 5204 σ
787 5154 1129 5224 Quaecunque
1173 5152 1422 5223 ligaveris
1465 5167 1626 5222 super
1667 5159 1886 5218 terram,
1927 5150 2089 5223 ligata

523 5253 682 5299 erunt
707 5252 760 5298 et
791 5244 844 5298 in
872 5243 1041 5310 caelo;
1073 5253 1124 5299 et
1147 5243 1502 5314 quodcunque
1529 5241 1755 5298 solveris
1781 5257 1942 5313 super
1977 5251 2088 5297 ter-

527 5349 660 5400 ram,
687 5333 919 5390 solutum
939 5335 1042 5390 erit
1065 5351 1114 5389 et
1143 5335 1195 5388 in
1223 5335 1361 5390 cmlo
1383 5333 1598 5406 (Matth.
1623 5333 1755 5407 xvi).
1795 5354 1814 5387 i
1855 5335 1968 5390 Hoc
1992 5352 2092 5392 nec

523 5423 718 5478 Paulus
757 5423 938 5479 dicere
983 5423 1358 5494 praesumpsit,
1418 5426 1510 5494 qui
1545 5424 1856 5494 priusquam
1907 5427 2094 5482 mortis

521 5517 758 5570 debitum
783 5515 1034 5581 solveret,
1064 5513 1131 5568 ad
1177 5515 1320 5570 tertii
1347 5514 1470 5570 εωιὶ
1502 5524 1706 5570 secreta
1735 5517 1982 5586 pervenit
2005 5515 2090 5587 (11

523 5604 643 5658 Cor.
673 5606 792 5675 xu).
836 5605 949 5661 Hoc
989 5621 1091 5661 nec
1119 5605 1357 5661 Joannes
1406 5607 1587 5662 dicere
1619 5623 1784 5664 ausus
1827 5619 1949 5675 est,
1999 5611 2089 5680 qui

523 5710 620 5765 pro
653 5711 834 5750 amore
855 5695 1124 5766 praecipuo
1165 5697 1217 5752 in
1248 5696 1623 5769 Redemptoris
1664 5700 1745 5755 sui
1789 5712 2006 5772 pectore
2037 5705 2089 5759 in

2193 3283 2300 3322 non
2324 3267 2632 3336 ignoramus
2672 3285 2687 3321 :
2723 3283 2828 3323 non
2858 3267 3218 3324 dissolvamur
3247 3269 3388 3340 pigra
3417 3264 3690 3326 iuertia,nec

2193 3371 2290 3426 per
2309 3357 2568 3414 desidiam
2595 3367 2652 3412 et
2676 3373 2866 3412 vanam
2893 3361 3243 3416 securitatem
3262 3369 3424 3415 cesset
3453 3372 3479 3410 a
3499 3350 3690 3423 lacrymis

2194 3445 2392 3517 pupilla
2409 3446 2551 3503 oculi
2579 3448 2768 3502 nostri.
2799 3447 3246 3520 Prmoccupemus
3270 3449 3446 3504 faciem
3468 3441 3636 3499 Domini
3651 3439 3688 3492 ia

2193 3535 2552 3602 confessione,
2577 3545 2632 3591 et
2652 3537 2708 3591 in
2731 3535 2951 3608 psalmis
2971 3537 3266 3606 jubilemus
3285 3540 3352 3594 ei.
3389 3535 3690 3598 Lavcmuspﬂ'

2195 3628 2432 3700 singulas
2461 3637 2662 3705 pectes
2709 3629 3188 3688 lectum-nostrum
3230 3629 3483 3702 lacrymis,
3517 3631 3686 3680 stratum

2195 3728 2438 3774 nostrum
2471 3720 2726 3790 rigetnus,
2749 3720 3140 3777 misericordia:
3165 3721 3402 3791 operibus
3427 3715 3685 3770 insistamus.

2193 3817 2250 3864 et
2293 3808 2687 3882 eleetnosynam
2725 3812 3050 3880 pauperibus
3093 3813 3312 3884 largiter
3337 3809 3616 3866 tribuamus,
3649 3807 3688 3852 el

2197 3907 2305 3953 tam
2332 3914 2430 3969 pro
2463 3900 2637 3967 nobis,
2669 3916 2829 3970 quam
2858 3903 3023 3956 etiam
3050 3917 3153 3972 pro
3198 3899 3443 3973 proximis
3471 3892 3630 3950 nostris
3649 3895 3688 3940 et

2194 3991 2350 4048 nobis
2373 3993 2696 4059 commissis,
2727 3993 3156 4051 misericordiam
3187 3991 3388 4050 Domini
3419 3985 3598 4044 assidue
3618 3979 3686 4032 de-

2195 4097 2500 4153 precemur.
2537 4083 2688 4139 Unde
2709 4092 2764 4138 et
2789 4083 3032 4154 sequitur
3061 4103 3074 4139 :

2265 4162 2436 4243 Copti,
2464 4193 2484 4224 ι
2511 4171 2807 4244 Consurgc,
2839 4174 2998 4228 lauda
3027 4174 3085 4229 in
3135 4183 3288 4232 nocte
3313 4175 3363 4229 in
3388 4166 3609 4242 principio
3627 4160 3685 4213 vi-

2200 4279 2221 4314 ‹
2259 4262 2531 4334 giliarum,
2559 4262 2771 4319 ell‘unde
2799 4265 2940 4321 sicut
2967 4281 3164 4336 aquam
3187 4283 3279 4324 cor
3305 4273 3441 4320 tuum
3463 4269 3570 4316 ante
3587 4269 3682 4311 con-

2203 4371 2221 4403 ‹
2256 4361 2502 4422 spectum
2548 4353 2782 4408 Domini.
2813 4353 2958 4409 Leva
3003 4343 3082 4410 ad
3101 4371 3225 4412 eum
3273 4367 3448 4410 manus
3485 4359 3584 4403 tuas
3613 4356 3682 4414 pro

2203 4463 2220 4496 ι
2253 4443 2536 4502 animabus
2581 4445 2928 4515 parvulorum
2973 4454 3210 4514 tuorum,
3239 4446 3326 4516 qui
3359 4441 3619 4501 defecerunt
3643 4431 3680 4486 in

2199 4553 2219 4586 ε
2251 4534 2414 4600 fame,
2442 4543 2496 4591 et
2525 4535 2579 4590 in
2602 4536 2778 4606 capite
2802 4536 3042 4593 omnium
3072 4535 3487 4608 compeditorum.
3529 4548 3546 4580 ι
3568 4522 3680 4598 (Ηίθ-

2196 4625 2650 4698 ron.)'Consurgit
2673 4627 2728 4683 in
2755 4638 2932 4696 nocte,
2963 4629 3054 4698 qui
3081 4629 3137 4684 in
3167 4627 3482 4684 tribulatione
3505 4628 3682 4691 praesen-

2197 4717 2268 4773 tis
2294 4719 2418 4774 vitae
2445 4727 2714 4790 torporem
2740 4735 2772 4775 a
2799 4735 2860 4776 se
2883 4721 3087 4776 excutit
3115 4717 3457 4791 negligentia;
3478 4708 3625 4766 laudat
3641 4703 3678 4755 in

2196 4809 2460 4879 principio
2488 4809 2814 4880 vigiliarum,
2841 4809 2934 4881 qui
2964 4811 3018 4866 in
3053 4812 3200 4869 omni
3227 4803 3585 4865 conversatione
3607 4807 3675 4847 sua

2196 4903 2471 4952 strenuum
2493 4911 2554 4954 se
2592 4898 2809 4955 adhibet
2831 4908 2888 4956 et
2922 4911 3166 4968 cautum,
3203 4909 3256 4956 et
3283 4891 3512 4968 quidquid
3533 4885 3678 4944 adver-

2195 4986 2372 5042 sitatis
2389 4987 2609 5056 patitur,
2631 4995 2798 5044 totum
2821 4990 2888 5044 ad
2907 4990 3291 5047 confessionem
3317 4983 3471 5040 laudis
3493 4976 3568 5032 Dei
3584 4983 3680 5027 corr

2196 5086 2408 5133 vertere
2433 5079 2640 5134 nititur.
2671 5079 2908 5137 Eil'undit
2931 5082 3075 5138 sicut
3099 5096 3287 5153 aquam
3314 5093 3402 5134 cor
3431 5083 3562 5129 suum
3584 5067 3676 5118 ante

2195 5181 2543 5240 conspectum
2592 5171 2826 5239 Domini,
2874 5175 2965 5244 qui
3012 5189 3078 5230 ex
3123 5177 3304 5232 intimo
3348 5168 3515 5225 aﬂ‘ectu
3540 5153 3674 5216 00rdis

2196 5261 2443 5330 producit
2471 5261 2738 5332 lacrymas
2755 5267 3202 5334 compunctionis.
3232 5283 3252 5317 ‹
3281 5255 3574 5318 Sacrificium
3592 5247 3674 5301 Deo

2197 5359 2281 5404 est
2309 5351 2530 5419 spiritus
2549 5352 2963 5420 contribulatus,
2992 5370 3088 5412 cor
3112 5354 3386 5412 contritum
3409 5354 3456 5402 et
3479 5334 3673 5432 humilia-

2199 5449 2312 5495 tum
2343 5442 2483 5496 Deus
2511 5457 2614 5496 non
2646 5444 2852 5513 spernit
2900 5445 3072 5515 ('Psat.
3109 5445 3183 5518 ι).
3220 5466 3238 5496 ι
3268 5443 3419 5498 mm
3457 5433 3512 5488 ad
3537 5430 3668 5484 οοηη.

2199 5548 2328 5587 nam
2356 5549 2549 5590 manus
2572 5550 2700 5589 suas
2727 5551 2827 5605 pro
2847 5538 3127 5593 animabus
3150 5533 3461 5609 parvulon
3485 5527 3666 5614 ευθξξ¹¹¹¹⁹

2196 5627 2286 5692 qui
2315 5622 2628 5678 defecerunt
2665 5624 2810 5680 fame
2855 5627 2909 5681 in
2951 5629 3126 5698 capite
3150 5605 3373 5684 omnium

2195 5729 2335 5780 l‘lllll,
2375 5714 2465 5785 qui
2510 5715 2884 5784 operationem
2927 5693 3296 5774 misericordim
3331 5724 3417 5782 pro
3443 5693 3666 5760 humilibus
