3970 6190
279 339 418 397 121³5

1152 341 1514 398 EXPOSlTlO
1549 341 1772 399 SUPER
1812 339 2178 396 IEREMIAM.
2221 375 2289 382 —
2324 342 2449 396 LIB.
2491 343 2628 398 XIX.

3390 344 3520 400 illi

271 466 327 510 et
352 454 590 527 parvulis
614 454 814 511 Christi
859 455 1132 520 membris,
1166 454 1307 511 fame
1333 464 1388 511 et
1424 456 1512 511 siti
1541 470 1849 525 usquequa-
1883 459 1925 516 Α
1953 454 2086 510 dans
2106 464 2314 511 terrena
2333 457 2632 511 substantia
2656 456 2758 511 nisi
2779 457 3090 527 capillorum
3105 458 3335 529 Speciem
3354 461 3532 518 tenet?

271 562 380 616 que
406 546 460 600 in
489 543 731 600 terminis
757 544 939 600 mundi
980 544 1368 609 laborantibus,
1407 561 1593 601 curam
1633 547 1853 602 adhibet

271 653 338 691 ex
371 637 583 692 sincera
612 634 918 690 dilectione.
937 634 1149 689 Nullum
1175 636 1319 690 enim
1349 652 1543 690 munus
1568 637 1679 691 Deo
1700 651 1854 692 acce-

268 725 530 797 ptabilius
580 733 664 780 est
705 739 867 794 quam
909 726 1252 795 compunctio
1289 726 1501 791 cordis,
1535 726 1742 795 prolata
1785 739 1853 779 ex

267 813 460 869 radice
514 828 657 868 verte
691 810 1016 867 dilectionis.
1074 811 1212 867 lline
1258 822 1345 869 est
1396 813 1548 879 illud,
1596 814 1739 883 quod
1796 814 1852 868 in

266 899 566 973 Evangelia
592 899 852 956 Dominus
894 915 1015 955 cum
1034 900 1306 971 ingressus
1334 899 1521 956 fuisset
1552 901 1607 956 in
1635 902 1853 956 domum

272 993 558 1058 Pharismi,
596 992 665 1048 ad
724 992 1010 1062 prandium
1054 992 1343 1055 discubuit,
1388 994 1558 1065 magis
1601 992 1873 1064 lacrymas

272 1084 515 1140 mulieris
540 1083 878 1154 peccatricis,
910 1098 1070 1153 quam
1101 1082 1324 1138 delicias
1349 1083 1627 1155 epularum
1664 1085 1854 1141 Phari-

271 1175 365 1232 διθί
419 1174 686 1245 probavit,
722 1174 814 1229 ubi
860 1173 935 1229 ita
982 1173 1221 1245 legitur:
1260 1191 1279 1224 ι
1322 1171 1603 1244 Ingressus
1631 1171 1851 1228 domum

274 1266 529 1323 Pharis'ei
562 1264 851 1329 discubuit,
902 1273 956 1320 et
982 1278 1109 1320 ecce
1137 1264 1352 1330 mulier,
1380 1279 1501 1334 qua:
1526 1271 1641 1318 erat
1671 1264 1725 1318 in
1772 1265 1854 1320 ci-

271 1360 442 1413 vitate
489 1359 783 1428 peccatrix,
817 1366 876 1413 ut
922 1358 1174 1430 cogn0vit
1219 1358 1362 1429 quod
1408 1356 1746 1413 recubuisset
1798 1358 1854 1412 in

270 1450 435 1505 domo
489 1447 746 1503 Pbarismi
809 1447 990 1502 attulit
1043 1446 1375 1511 alabastrum
1412 1446 1687 1517 'ttnguenti
1723 1488 1738 1513 ,
1800 1456 1857 1503 et

271 1551 423 1595 stans
454 1550 597 1595 retro
625 1554 785 1594 secus
825 1539 990 1609 pedes
1013 1537 1149 1607 ejus,
1196 1537 1451 1610 lacrytnis
1479 1539 1648 1609 C(Bpit
1676 1539 1857 1612 rigare
1896 1528 1919 1539 ’

271 1633 439 1702 pedes
494 1630 651 1702 ejus,
702 1638 757 1686 et
808 1637 1079 1700 unguento
1119 1631 1370 1701 ungebat.
1429 1620 1627 1686 Videtis
1673 1644 1855 1688 autem

269 1727 596 1791 Pharisazus,
640 1726 731 1797 qui
762 1734 1051 1780 vocaverat
1075 1741 1220 1791 eum,
1246 1726 1322 1780 ait
1362 1727 1502 1781 intra
1531 1741 1587 1781 se
1617 1726 1802 1781 dicens
1835 1741 1848 1777 :

273 1819 374 1876 llic
404 1817 449 1887 si
479 1828 623 1873 esset
658 1796 934 1888 propheta
981 1817 1145 1872 sciret
1194 1817 1400 1888 utique,
1442 1831 1561 1887 quae
1596 1826 1647 1871 et
1680 1802 1853 1887 qualis
1881 1796 1927 1855 Β

269 1920 419 1972 esset
472 1909 573 1966 ista
605 1911 797 1966 mulier
828 1926 946 1980 qum
989 1912 1161 1981 tangit
1208 1927 1357 1977 eum,
1405 1911 1531 1980 quia
1580 1909 1854 1980 peccatrix

268 2008 357 2055 est
384 1998 536 2071 (Luc.
568 2000 683 2071 vn).
725 2018 741 2050 ι
779 1998 981 2071 [Greg.]
1014 1998 1118 2055 Sed
1143 1999 1255 2068 jam
1280 2000 1381 2056 iste
1408 2001 1671 2070 superbus
1695 2008 1750 2054 et
1768 2013 1855 2054 ar-

273 2106 473 2161 rogans
517 2105 620 2160 qua
679 2091 943 2146 sententia
995 2090 1371 2157 convincatur,
1428 2090 1731 2145 audiamus.
1779 2090 1856 2144 De

270 2185 483 2239 duobus
513 2184 711 2254 quippe
746 2186 794 2238 ei
828 2184 1157 2239 debitoribus
1188 2185 1499 2256 paradigma
1525 2183 1813 2254 opponitur
1837 2223 1852 2248 ,

270 2294 504 2349 quorum
535 2294 672 2333 unus
703 2278 897 2342 minus,
926 2277 1069 2335 alius
1085 2277 1316 2346 amplius
1350 2277 1544 2342 debet;
1575 2285 1853 2330 utrorum-

270 2384 379 2438 que
425 2368 607 2423 debito
634 2367 876 2431 dimisso,
923 2367 1044 2437 quis
1087 2366 1316 2437 amplius
1344 2365 1653 2437 largitorem
1690 2364 1855 2419 debiti

273 2456 482 2526 diligat,
527 2457 907 2528 interrogatur.
949 2456 1154 2523 Quibus
1180 2457 1364 2513 verbis
1389 2457 1634 2526 protinus
1659 2456 1747 2511 ille
1774 2470 1857 2510 re-

272 2549 492 2619 spondit
515 2566 528 2601 :
566 2567 584 2600 t
615 2548 704 2603 llle
729 2548 845 2619 plus
874 2549 1067 2618 diligit,
1095 2548 1181 2603 eui
1208 2548 1329 2618 plus
1355 2547 1661 2602 dimittitur.
1695 2568 1712 2599 ι
1740 2544 1855 2613 Qua

273 2642 331 2697 in
378 2654 437 2694 re
469 2639 765 2694 notamlnm
811 2646 895 2693 est
921 2639 1045 2708 quia
1084 2639 1211 2692 dum
1242 2653 1338 2692 sua
1376 2637 1641 2692 sententia
1667 2635 1857 2690 Phari-

273 2744 416 2785 saeus
450 2728 789 2784 convincitur
812 2769 827 2793 ,
872 2729 1025 2799 quasi
1060 2729 1408 2800 phreneticus
1454 2726 1637 2782 funem
1678 2733 1858 2798 portat

271 2838 340 2877 ex
369 2839 477 2893 quo
526 2822 736 2893 ligetur.
792 2821 1194 2876 Enumerantur
1244 2820 1295 2876 ei
1346 2820 1486 2874 bona
1518 2818 1853 2889 peceatricis,

271 2922 658 2971 enumerantur
684 2913 819 2967 mala
847 2911 981 2968 falsa
1003 2911 1158 2982 justi,
1188 2926 1309 2967 eum
1337 2911 1571 2966 dicitur:
1605 2927 1624 2960 α
1657 2907 1856 2963 lntravi

273 3006 328 3065 in
362 3005 579 3059 domum
622 3014 788 3069 tuam,
832 3019 1026 3076 aquam
1059 3002 1281 3072 pedibus
1312 3001 1447 3056 meis
1480 3017 1584 3055 non
1626 2998 1852 3065 dedisti,

274 3097 390 3154 haec
419 3105 601 3151 autem
650 3094 903 3165 laerymis
944 3094 1140 3165 rigavit
1166 3093 1332 3165 pedes
1361 3108 1531 3159 meos,
1559 3101 1613 3148 et
1644 3091 1854 3162 capillis

271 3191 389 3244 suis
420 3189 591 3244 tersit.
617 3188 870 3244 Osculum
897 3188 1026 3242 mihi
1057 3203 1162 3243 non
1194 3187 1412 3253 dedisti,
1443 3188 1557 3242 haec
1579 3196 1760 3241 autem
1782 3200 1851 3240 ex

250 3296 383 3351 _quo
412 3280 611 3336 intravi
645 3296 750 3335 non
793 3280 1023 3335 cessavit
1050 3279 1283 3335 osculari
1318 3280 1480 3350 pedes
1515 3293 1683 3334 meos.
1722 3276 1853 3333 Oleo

273 3373 438 3444 caput
465 3388 640 3428 meum
665 3388 771 3428 non
797 3372 1022 3437 unxisti,
1062 3371 1175 3426 haec
1197 3385 1378 3426 autem
1406 3370 1560 3424 unxit
1582 3376 1852 3441 unguento

271 3467 440 3536 pedes
464 3463 833 3536 meos(Ibid.).
856 3485 875 3518 ι
901 3463 1029 3520 Post
1047 3464 1506 3519 enumerationem
1522 3478 1648 3518 vero
1662 3465 1849 3518 subin-

273 3557 449 3611 fertur
472 3556 769 3612 sententia:
796 3576 812 3607 ι
834 3555 1061 3625 Propter
1077 3553 1217 3623 quod
1230 3554 1350 3610 dico
1367 3555 1481 3620 tibi,
1503 3554 1852 3609 remittuntur

271 3650 321 3704 ei
348 3656 566 3718 peccata
598 3647 785 3718 multa,
814 3648 1064 3718 quoniam
1091 3647 1276 3704 dilexit
1326 3647 1552 3701 multum
1580 3642 1790 3718 (Ibid).
1824 3663 1845 3698 ι

272 3737 443 3804 Quem
463 3751 696 3806 namque
711 3736 1010 3791 l'itarisams
1031 3737 1097 3791 de
1132 3735 1264 3792 falsa
1281 3735 1492 3806 justitia
1517 3749 1852 3807 praesumens

273 3826 375 3881 nisi
389 3823 669 3881 Iudaicum
686 3824 960 3896 pupulum,
977 3840 1133 3895 quem
1151 3824 1422 3895 peccatrix
1435 3823 1647 3888 mulier,
1672 3824 1764 3877 sed
1781 3822 1848 3876 ad

272 3915 500 3986 vestigia
531 3914 743 3970 Domini
775 3914 994 3969 veniens
1025 3922 1081 3969 et
1109 3914 1328 3985 plorans
1350 3953 1365 3978 ,
1395 3912 1501 3968 nisi
1533 3925 1848 3967 conversam

271 4006 625 4077 gentilitatem
652 4004 952 4077 signiﬁcat?
971 4004 1101 4073 Qum
1123 4020 1245 4060 cum
1267 4004 1538 4059 alabastro
1566 4002 1733 4068 venit,
1754 4017 1852 4054 un-

271 4105 525 4172 guentum
544 4096 697 4160 fudit,
728 4105 873 4151 retro
894 4111 1051 4151 secus
1067 4095 1228 4164 pedes
1250 4094 1461 4150 Domini
1483 4093 1650 4156 stetit,
1668 4091 1849 4164 lacry-

274 4190 377 4245 mis
398 4189 562 4259 pedes
587 4188 801 4259 rigavit,
828 4186 1036 4256 capillis
1066 4186 1234 4250 tersit,
1266 4187 1590 4254 eosdemque
1612 4198 1746 4253 quos
1768 4181 1851 4236 in-

274 4278 534 4334 fundebat
562 4287 619 4333 et
648 4279 888 4350 tergebat
913 4279 1075 4348 pedes
1094 4276 1326 4333 osculari
1353 4293 1458 4332 non
1481 4275 1707 4333 destitit.
1742 4274 1849 4330 Nos

272 4387 403 4442 ergo
427 4371 514 4425 illa
541 4371 734 4427 mulier
753 4371 1051 4442 expressit,
1074 4370 1119 4426 si
1145 4379 1257 4426 toto
1286 4372 1448 4428 corde
1471 4372 1539 4426 ad
1564 4371 1847 4425 Dominum

271 4472 395 4534 post
414 4469 633 4532 peccata
662 4461 960 4525 redeamus,
985 4461 1031 4516 si
1047 4461 1162 4532 ejus
1182 4462 1513 4532 poenitentia:
1536 4460 1710 4516 luctus
1726 4460 1847 4514 imi-

274 4566 469 4613 temur.
499 4551 558 4607 Si
585 4552 748 4622 igitur
766 4561 911 4608 reeta
928 4565 1090 4622 opera
1117 4551 1348 4621 agimus,
1365 4552 1561 4622 quibus
1580 4552 1851 4621 opinionis

272 4645 401 4701 boni
424 4645 606 4700 odoris
635 4645 934 4700 Ecclesiam
963 4659 1358 4715 respergamus,
1394 4644 1527 4714 quid
1559 4646 1612 4700 in
1638 4644 1848 4700 Domini

269 4751 501 4807 corpore
529 4737 631 4791 nisi
664 4746 994 4808 unguentum
1021 4734 1328 4790 fundimus?
1363 4734 1471 4790 Sed
1499 4750 1654 4789 secus
1689 4736 1852 4805 pedes

268 4828 401 4886 Iesu
437 4827 630 4882 mulier
654 4826 825 4881 stetit.
855 4825 1056 4903 Qontra
1082 4825 1245 4895 pedes
1281 4825 1423 4880 enim
1458 4823 1669 4878 Domini
1697 4824 1849 4879 steti-

271 4935 396 4976 mus
421 4918 902 4991 cum,in,,peecatis
945 4916 1140 4986 positi,
1175 4914 1291 4984 ejus
1330 4914 1612 4970 itineribus
1651 4916 1849 4970 retine-

267 5017 485 5070 bamur.
518 5009 624 5066 Sed
653 4996 704 5065 ἐἰ
735 5009 802 5064 ad
834 5023 1015 5063 veram
1055 5005 1427 5077 pmnitentiam
1477 5014 1598 5075 post
1628 5014 1847 5076 peccata

268 5099 780 5168 convertimurmiam
798 5107 945 5154 retro
980 5112 1134 5153 secus
1154 5098 1316 5168 pedes
1336 5107 1563 5161 stamus,
1588 5096 1711 5165 quia
1735 5093 1850 5164 ejus

270 5196 495 5266 vestigia
542 5193 820 5264 sequimur
854 5206 1013 5261 quem
1057 5188 1521 5259 impugnabamus.
1572 5186 1850 5259 Lacrymis

266 5285 467 5344 mulier
497 5285 663 5354 pedes
685 5284 844 5353 rigat,
876 5281 1018 5351 quod
1052 5296 1150 5336 nos
1191 5293 1404 5349 quoque
1433 5278 1700 5333 veraciter
1737 5278 1851 5348 agi-

267 5391 414 5439 mus,
461 5375 508 5429 si
549 5372 876 5443 quibudibet
930 5369 1136 5426 ultimis
1180 5370 1441 5424 membris
1494 5367 1705 5422 Domini
1752 5383 1849 5437 per

264 5461 628 5523 confessionis
655 5460 904 5516 aﬂ‘eetutn
937 5459 1281 5523 inclinantur,
1308 5458 1353 5515 si
1394 5457 1599 5517 sanctis
1636 5456 1753 5527 ejus
1794 5456 1848 5511 in

268 5553 617 5615 tribulatione
637 5552 1015 5621 compatiinur,
1032 5551 1076 5605 si
1098 5566 1285 5609 eorum
1312 5548 1586 5615 tristitiam
1611 5556 1849 5603 nostram

265 5648 607 5715 deputamus.
628 5644 845 5714 Capillis
868 5643 1058 5699 mulier
1078 5645 1258 5715 pedes,
1276 5658 1413 5712 quos
1430 5641 1716 5712 rigaret-at,
1744 5650 1852 5695 ter-

268 5738 362 5803 sit.
402 5736 590 5811 Capilli
612 5736 809 5811 quippe
836 5735 1168 5806 superﬂuunt
1194 5735 1429 5806 corpori,
1455 5744 1509 5791 et
1530 5735 1655 5805 quid
1685 5737 1850 5791 abun-

1953 562 2072 617 quae
2118 548 2244 601 dum
2293 548 2361 602 ad
2404 562 2559 601 usum
2599 548 2934 604 necessitatis
2971 548 3324 618 superﬂuunt,
3364 550 3529 604 etiam

1953 640 2195 697 abscissa
2237 656 2345 695 non
2379 640 2562 695 sentit.
2591 639 2808 710 Capillis
2847 656 2975 711 ergo
3005 640 3214 695 Domini
3236 639 3401 710 pedes
3430 650 3532 695 ter-

1951 735 2148 806 gimus,
2170 718 2386 804 quando
2406 735 2608 789 sanctis
2630 735 2765 804 ejus,
2786 736 2982 806 quibus
3006 751 3071 790 ex
3096 734 3360 790 charitate
3386 750 3531 789 com-

1952 828 2207 898 patimur,
2234 828 2397 885 etiam
2429 844 2494 883 ex
2519 828 2606 884 his
2633 845 2753 899 quae
2780 831 2933 884 nobis
2953 828 3286 900 superﬂuunt
3313 830 3533 883 misere-

1953 934 2091 981 mur,
2114 927 2381 990 quatenus
2402 920 2480 977 sic
2507 937 2658 978 mens
2675 936 2772 990 per
2791 922 3218 990 compassionem
3249 922 3446 983 doleat,
3474 930 3532 974 ιιι

1951 1011 2114 1065 etiam
2151 1009 2299 1080 larga
2342 1011 2808 1095 manns‘aﬂ'ectum
2841 1012 3040 1067 doloris
3070 1013 3337 1067 ostendat.
3371 1010 3531 1082 Rigat

1953 1115 2184 1170 namque
2203 1099 2457 1172 lacrymis
2480 1100 2856 1171 Redemptoris
2873 1102 3057 1171 pedes,
3075 1103 3171 1157 sed
3191 1102 3399 1171 capillis
3421 1102 3530 1157 suis

1952 1205 2060 1245 non
2091 1189 2271 1259 tergit,
2302 1189 2393 1259 qtti
2421 1200 2692 1259 utcunque
2718 1190 3084 1259 proximorum
3109 1190 3276 1245 dolori
3315 1207 3529 1262 compa-

1955 1279 2104 1345 titur,
2136 1280 2229 1335 sed
2255 1290 2432 1335 tamen
2456 1293 2520 1335 ex
2550 1280 2636 1335 his
2661 1295 2779 1350 qum
2801 1280 2900 1333 sibi
2926 1279 3281 1348 superﬂuunt,
3303 1297 3409 1334 non
3434 1283 3532 1335 mi-

1955 1380 2188 1428 seretur.
2218 1370 2471 1426 Ploratet
2496 1386 2601 1425 non
2628 1372 2807 1442 tergit,
2830 1372 2920 1441 qui
2950 1373 3110 1426 verba
3136 1372 3349 1441 quidem
3379 1371 3529 1425 dolo-

1957 1461 2032 1517 ris
2064 1460 2271 1527 tribuit,
2303 1462 2395 1517 sed
2422 1477 2527 1515 non
2561 1462 2913 1516 ministrando
2938 1477 3056 1531 qum
3082 1462 3276 1517 desunt
3299 1463 3406 1516 vim
3440 1463 3532 1517 do-

1955 1553 2085 1609 loris
2117 1552 2338 1607 minime
2365 1552 2613 1609 abscidit.
2651 1553 2935 1610 Osculatur
2973 1556 3162 1610 mulier
3195 1558 3360 1625 pedes
3398 1573 3532 1626 quos

1957 1643 2149 1713 tergit,
2180 1643 2321 1712 quod
2364 1658 2463 1697 nos
2503 1660 2712 1714 quoque
2745 1645 2901 1714 plene
2937 1646 3166 1714 agimus,
3210 1647 3255 1700 si
3297 1649 3534 1702 studiose

1956 1734 2250 1806 dil'gimus,
2284 1750 2420 1806 quos
2459 1752 2523 1791 ex
2563 1735 2814 1803 largitate
2851 1738 3209 1802 continemus,
3253 1754 3321 1794 ne
3356 1741 3533 1810 gravis

1958 1824 2114 1879 nobis
2138 1824 2206 1879 sit
2244 1823 2537 1880 necessitas
2563 1825 2816 1891 proximi,
2856 1840 2923 1880 ne
2952 1827 3063 1897 ipsa
3095 1828 3212 1896 ejus
3241 1828 3531 1899 indigentia

1957 1931 2076 1987 qum
2091 1923 2443 1979 sustentatur,
2466 1915 2559 1970 ﬂat
2582 1931 2831 1978 onerosa,
2853 1925 2907 1973 et
2931 1933 3050 1972 cum
3078 1934 3267 1974 manus
3286 1935 3534 1975 necessa-

1956 2008 2036 2062 ria
2066 2006 2270 2066 tribuit,
2303 2006 2515 2060 animus
2541 2021 2568 2059 a
2614 2005 2898 2060 dilectione
2922 2015 3206 2076 torpescat.
3241 2007 3531 2079 (MAURUS.)

1954 2101 2142 2172 Igitur,
2160 2109 2441 2170 postquam
2457 2098 2771 2168 prophetam
2788 2098 3040 2152 miseram
3054 2098 3327 2153 civitatem
3342 2099 3406 2153 ad
3420 2116 3534 2169 p02-

1956 2190 2234 2244 nitentiam
2265 2196 2320 2242 et
2339 2187 2598 2242 orationis
2627 2188 2891 2257 laerymas
2910 2188 3242 2257 provocavit,
3270 2188 3335 2242 ad
3360 2189 3532 2257 ipsum

1954 2281 2238 2337 Dominum
2265 2281 2308 2335 si
2327 2282 2632 2351 quomodoa
2656 2280 2890 2335 vindicta
2915 2295 3036 2335 eum
3057 2280 3236 2352 placet
3260 2283 3421 2339 verba
3441 2284 3535 2337 de-

1953 2370 2284 2441 precationis
2306 2371 2591 2434 convertit,
2620 2370 2804 2425 dicens
2827 2390 2840 2424 :

2032 2457 2156 2513 Res.
2212 2479 2230 2511 ι
2267 2460 2416 2522 Vide,
2468 2460 2710 2522 Domine,
2755 2469 2809 2514 et
2834 2446 3113 2515 considera
3156 2476 3315 2530 quem
3343 2460 3527 2515 vinde-

1966 2570 1986 2603 ι
2022 2550 2275 2605 miaveris
2306 2549 2399 2604 ita.
2435 2550 2645 2621 Ergone
2699 2551 2980 2605 comedent
3016 2550 3270 2607 mulieres
3300 2550 3531 2604 fructum

1961 2660 1980 2694 ι
2014 2657 2192 2707 suum,
2232 2640 2483 2710 parvulos
2525 2641 2589 2694 ad
2626 2656 2930 2695 mensuram
2953 2641 3169 2711 palmae,
3196 2642 3239 2695 si
3269 2641 3534 2695 occiditur

1962 2751 1981 2785 ι
2016 2733 2068 2786 in
2098 2731 2403 2787 sanctuario
2427 2729 2632 2784 Domini
2659 2730 2911 2785 sacerdos
2940 2738 2993 2785 et
3022 2730 3355 2800 propheta?»
3391 2730 3535 2784 lntcr

1956 2832 2148 2880 cmtera
2190 2839 2402 2894 quoque
2446 2822 2584 2877 mala
2632 2838 2749 2892 quae
2797 2823 3008 2879 miserae
3044 2825 3189 2895 genti
3226 2823 3529 2879 Iudaeorum

1957 2914 2290 2977 acciderunt,
2340 2912 2469 2967 illud
2519 2929 2733 2984 quoque
2782 2914 3027 2985 contigit,
3074 2915 3214 2984 quod
3275 2906 3530 2969 mulieres

1954 3020 2140 3060 eorum
2182 3002 2429 3076 parvulos
2478 3004 2728 3069 infantes,
2764 3013 2817 3058 et
2865 3001 3096 3058 fructum
3139 3005 3276 3060 uteri
3308 3005 3388 3060 sui
3413 3020 3534 3074 pro-

1955 3107 2077 3165 pter
2130 3096 2288 3151 famis
2315 3096 2548 3166 inopiam
2588 3096 2958 3152 comederunt.
3018 3095 3169 3151 Unde
3220 3104 3303 3152 est
3358 3097 3526 3151 illud'

1956 3184 2090 3252 Quia
2121 3185 2173 3239 in
2202 3186 2480 3241 obsidione
2518 3185 2779 3241 Samaria:
2824 3185 3017 3242 mulier
3044 3188 3109 3242 ad
3139 3186 3319 3242 Iuram
3347 3202 3531 3257 regem

1951 3277 2210 3333 clamavit
2253 3292 2352 3348 pro
2381 3278 2653 3332 occisione
2704 3275 2795 3331 ﬂlii
2848 3278 2951 3343 sui,
2991 3294 3150 3346 quem
3193 3294 3313 3331 cum
3357 3278 3532 3331 vicina

1950 3385 2045 3425 sua
2066 3369 2322 3435 comedit,
2357 3379 2630 3439 expetens,
2694 3379 2753 3424 ut
2791 3369 2962 3439 ipsius
3005 3369 3143 3425 filius
3181 3370 3430 3424 similiter
3464 3370 3530 3422 ad

1948 3461 2333 3517 comestionem
2359 3460 2617 3516 ambabus
2640 3462 2857 3515 daretur
2879 3459 2986 3530 (IV
3008 3460 3131 3531 Reg.
3163 3459 3259 3531 vt).
3286 3459 3375 3514 Sic
3397 3475 3529 3528 quo-

1947 3568 2053 3625 que
2078 3560 2131 3607 et
2161 3553 2211 3606 in
2240 3551 2548 3623 captivitate
2598 3551 2786 3606 ultima
2834 3551 3225 3616 Romanorum,
3268 3552 3367 3605 sub
3407 3548 3528 3605 Tito

1950 3654 2005 3700 et
2037 3644 2365 3714 Vespasiano
2392 3642 2744 3713 principibus,
2785 3642 2978 3697 mulier
3002 3644 3245 3711 qmedam
3284 3656 3351 3695 ex
3378 3641 3533 3712 plebe

1951 3750 2102 3798 trans
2129 3740 2415 3797 Iordanem
2459 3739 2812 3793 habitantium
2864 3737 3181 3797 incolarum,
3207 3735 3372 3791 Maria
3421 3753 3520 3790 no-

1950 3832 2113 3896 mine,
2153 3829 2389 3885 Eleazari
2423 3829 2548 3892 filia,
2580 3843 2777 3899 genere
2810 3841 2874 3881 ac
2912 3826 3111 3879 divitiis
3154 3825 3365 3888 nobilis,
3405 3841 3529 3879 cum

1953 3922 2058 3977 alia
2120 3919 2463 3975 multitudine
2524 3917 2736 3985 fugiens
2794 3917 2847 3970 in
2902 3914 3326 3985 Hierosolymam
3387 3931 3520 3971 recc.

1950 4021 2040 4084 pta
2067 4053 2081 4077 ,
2130 4025 2252 4066 cum
2304 4010 2515 4065 caeteris
2566 4007 2930 4063 obsidebatur.
2967 4007 3065 4062 Ubi
3094 4024 3215 4061 cum
3243 4023 3272 4060 a
3306 4008 3531 4077 raptori-

1949 4105 2053 4160 bus
2074 4104 2235 4158 rebus
2259 4100 2508 4158 omnibus
2529 4109 2583 4156 et
2601 4099 2923 4155 victualibus
2938 4098 3233 4169 eXSpoIEata
3254 4099 3448 4164 fuerat,
3464 4102 3529 4153 ad

1949 4202 2251 4250 extremum
2276 4190 2599 4246 necessitate
2626 4187 2783 4244 famis
2810 4198 3032 4259 cogente
3058 4188 3330 4258 proprium
3360 4176 3526 4242 ﬁlium

1950 4283 2240 4340 laetantem
2287 4281 2582 4345 interfecit,
2609 4278 2923 4351 partemque
2949 4278 3065 4348 ejus
3090 4296 3327 4350 coquens
3351 4295 3531 4335 come-

1951 4375 2048 4440 dit,
2067 4379 2275 4444 partem
2301 4386 2427 4426 vero
2449 4370 2502 4425 in
2532 4371 2767 4425 futurum
2791 4369 2857 4424 ad
2880 4369 3265 4425 comedendum
3289 4383 3529 4424 reserva-

1948 4466 2046 4520 vit.
2079 4463 2232 4520 Uude
2255 4470 2312 4518 et
2347 4463 2534 4518 nidore
2575 4469 2766 4518 assatze
2807 4463 2986 4518 carnis
3020 4462 3119 4532 ipsi
3154 4472 3399 4533 raptores
3430 4479 3524 4518 ex-

1953 4555 2124 4620 citati,
2162 4569 2285 4609 cum
2325 4552 2523 4609 factum
2557 4563 2971 4647 compererunt,
2988 4555 3148 4610 nimis
3175 4557 3529 4611 exhorrentes

1953 4655 2313 4703 secesserunt.
2361 4644 2514 4714 Quod
2554 4656 2731 4702 autem
2774 4646 2829 4701 in
2870 4644 3179 4702 sanctuario
3204 4648 3413 4703 Domini
3444 4663 3527 4701 sa-

1951 4741 2198 4796 cerdotes
2230 4749 2283 4796 et
2310 4741 2607 4811 prophetae,
2638 4741 2788 4811 pueri
2818 4748 2873 4796 et
2894 4756 3071 4805 senes,
3096 4741 3320 4814 juvenes
3343 4749 3397 4795 et
3417 4740 3526 4793 vir-

1950 4829 2121 4898 gines,
2170 4829 2348 4898 gladio
2396 4829 2730 4896 ceciderunt,
2778 4829 3016 4886 historiae
3058 4831 3251 4885 divina:
3286 4845 3385 4885 nec
3421 4844 3522 4882 non

1950 4928 2005 4973 et
2032 4918 2154 4974 libri
2181 4918 2398 4991 Iosephi
2429 4920 2849 4991 bistoriographi
2887 4922 2953 4976 de
2983 4922 3192 4975 excidio
3228 4920 3373 4974 urbis
3401 4919 3524 4973 llic-

1955 5011 2238 5082 rosolymaa
2266 5011 2552 5067 manifeste
2580 5012 2794 5066 docent.
2824 5011 3044 5082 Mystice
3072 5018 3249 5063 autem
3275 5007 3527 5062 mulieres

1956 5100 2187 5155 fructum
2233 5102 2374 5155 uteri
2416 5102 2498 5155 sui
2540 5101 2843 5164 comedent,
2892 5099 3104 5168 quando
3132 5097 3321 5151 animae
3339 5111 3526 5165 pecca-

1959 5192 2120 5247 trices
2159 5190 2306 5261 justo
2344 5192 2526 5262 judice
2556 5191 2667 5244 Deo
2693 5190 3025 5244 retribuente
3052 5203 3273 5257 operum
3305 5202 3523 5242 suorum

1954 5284 2275 5354 condignam
2306 5283 2609 5337 mercedem
2644 5280 2930 5349 recipiunt.
2967 5277 3240 5334 Occiditur
3266 5277 3525 5347 propheta

1953 5385 2009 5431 et
2043 5375 2296 5431 sacerdos
2324 5374 2377 5427 itt
2406 5371 2714 5427 sanctuario
2744 5371 2976 5435 Domini,
3018 5385 3138 5423 cum
3167 5368 3265 5438 ipsi
3292 5367 3468 5420 tmnist
3482 5366 3524 5419 ri

1951 5465 2142 5520 altaris
2175 5472 2229 5519 et
2269 5462 2652 5533 prtedicatores
2686 5462 2837 5515 verbi
2875 5460 2990 5539 Dei,
3017 5467 3232 5529 propter
3257 5457 3526 5529 negligen-

1952 5555 2081 5609 tiam
2108 5569 2259 5609 suam
2287 5560 2447 5622 atque
2477 5552 2754 5615 desidiam,
2786 5551 2850 5606 de
2876 5564 2972 5607 suo
2999 5547 3173 5604 oﬂicio
3200 5549 3338 5603 unde
3366 5562 3522 5602 corn-

1951 5643 2071 5698 nari
2098 5642 2418 5705 debuerant,
2443 5640 2688 5694 meritam
2716 5656 2928 5711 pmnam
2964 5638 3185 5693 ultionis
3206 5639 3504 5692 sortiuntur

2026 5735 2138 5790 Sin.
2182 5754 2199 5785 ι
2219 5733 2509 5789 Iacuerunt
2535 5730 2585 5786 in
2617 5740 2758 5788 terra
2792 5733 2922 5788 foris
2948 5746 3081 5800 puer
3107 5738 3162 5786 et
3195 5745 3381 5798 senex,
3418 5729 3521 5782 vir-
