3970 6190
507 327 641 380 lilii

1141 324 1197 376 Β.
1240 323 1488 392 MBAN!
1527 323 1744 380 MAURI
1779 324 2076 379 ARCLllEP

2178 325 2443 386 [ΟϐυΝΤ.
2472 326 2753 383 OPERUM
2792 326 2968 384 PARS
3006 327 3090 383 Ill.

3601 333 3752 388 {2:6

511 439 525 465 ι
561 429 713 486 grues
755 428 888 468 meae
929 421 980 466 et
1015 416 1238 483 juvenes
1275 414 1378 467 mei
1423 411 1732 467 ceciderimt
1774 413 1828 468 in
1874 413 2066 483 gladio.
2097 423 2146 480 Α
2177 436 2195 468 ι
2229 415 2461 481 Domini,
2487 418 2577 487 qui
2599 417 2876 490 effugeret,
2907 429 2962 472 et
2992 417 3404 488 relinqueretur.
3437 421 3590 490 Quos
3616 429 3762 480 edu-

511 528 527 556 ι
563 505 879 560 lnterfecisti
927 503 979 557 in
1025 504 1112 558 die
1145 502 1342 560 furoris
1373 505 1470 569 tui,
1504 504 1818 574 percussisti
1848 519 1946 559 nec
1975 505 2073 558 mi-

509 619 527 648 ‹
559 605 735 652 scrtus
778 610 857 651 es.
881 615 900 648 ι
959 594 1146 652 lacent
1194 595 1247 650 in
1295 605 1436 651 terra
1475 593 1607 650 foris
1647 611 1780 666 puer
1807 605 1861 651 et
1885 611 2072 662 senex,

504 701 626 740 cum
668 686 742 740 illi
783 687 874 756 qui
905 687 1263 741 innocentiam
1299 687 1559 756 puerilem
1603 687 1948 754 simulabant,
1990 689 2072 743 vel

507 779 578 832 illi
620 779 710 848 qui
755 778 1072 832 videbantur
1110 777 1330 832 consilio
1364 778 1570 848 plebem
1603 793 1822 849 regere,
1847 780 2074 835 terrenis

507 867 784 922 desideriis
829 866 1216 930 incumbentes,
1263 879 1481 937 propter
1520 866 1878 923 facinorosam
1906 869 2072 924 vitam

507 959 572 1012 de
618 957 834 1013 dvitate
870 958 1082 1012 Domini
1128 956 1302 1024 ejecti,
1349 968 1504 1012 terra;
1529 958 1614 1012 cui
1639 958 1820 1012 animo
1847 959 2075 1014 inhaese-

507 1059 628 1105 rant
655 1050 1090 1120 comquabuntur,
1121 1049 1400 1119 pulvisque
1435 1051 1643 1120 pulveri
1677 1050 1945 1105 reddetur.
1989 1050 2074 1104 Si-

509 1143 706 1196 militer
747 1151 801 1196 et
839 1142 930 1212 qui
981 1142 1364 1196 continentiam
1421 1141 1715 1212 virgineam
1757 1141 2075 1196 videbantur

509 1232 748 1296 habere,
793 1239 848 1286 et
896 1230 1060 1300 robur
1105 1231 1401 1300 juventntis
1461 1231 1516 1285 in
1567 1231 1880 1300 operatione
1934 1231 2072 1286 bona

505 1335 780 1386 exercere,
822 1329 1040 1390 propter
1087 1321 1415 1394 hypocrisin,
1462 1336 1620 1390 quam
1677 1337 1858 1376 coram
1904 1322 2074 1377 oculis

506 1411 777 1464 hominum
831 1420 1126 1482 gesserant,
1179 1411 1351 1480 gladio
1387 1395 1578 1466 futurae
1605 1411 1962 1466 damnationis
1989 1427 2076 1466 oc-

506 1500 768 1555 cidentur.
805 1500 1078 1554 lnterfecit
1125 1502 1267 1555 enim
1317 1501 1550 1556 vindicta
1591 1500 1840 1556 -cmlestis
1889 1501 1942 1555 in
1987 1499 2074 1556 die

508 1589 703 1644 furoris
746 1589 956 1644 Domini
1006 1591 1158 1646 ﬁctos
1207 1591 1568 1655 simulatores,
1603 1607 1708 1645 non
1741 1605 1896 1645 veros
1922 1606 2074 1646 exse-

507 1691 723 1737 cutores
785 1697 1058 1736 sacrarum
1119 1683 1397 1738 virtutum.
1461 1682 1613 1738 Unde
1663 1684 1719 1737 in
1781 1683 2072 1754 Evangelio

2181 525 2198 554 ι
2231 508 2349 562 cavi
2387 515 2442 561 et
2475 508 2724 570 enutrivi,
2757 508 3006 562 inimicus
3034 523 3186 562 meus
3211 511 3553 580 consumpsit
3579 527 3699 567 eos.
3730 533 3754 566 ι

2173 595 2334 662 Quasi
2377 597 2442 652 ad
2477 597 2616 652 diem
2653 596 2940 652 solemnem
2974 598 3152 652 hostes
3174 599 3351 653 vocati
3377 609 3504 654 sunt
3531 602 3604 654 ad
3628 603 3764 656 sub-

2175 688 2475 744 versionem
2513 689 2729 758 perﬁdae
2765 687 3023 754 civitatis,
3051 691 3174 760 quia
3205 690 3256 744 id
3292 693 3435 760 quod
3467 694 3758 749 desidera-

2169 779 2322 844 bant,
2339 777 2562 834 Domino
2586 780 2954 848 permittente,
2977 780 3280 836 eveniebat.
3295 781 3588 837 Interitum
3607 787 3758 840 enim

2170 867 2474 924 Judteomm
2514 885 2674 942 quem
2699 873 3040 941 appetebant,
3071 874 3386 944 conspicere
3409 889 3758 931 meruerant.

2171 958 2360 1024 Aliter,
2391 961 2571 1016 hostes
2590 961 2740 1032 quasi
2771 961 2944 1018 vocati
2976 962 3044 1016 ad
3069 963 3468 1020 solemnitatem
3497 967 3761 1036 veniunt,

2172 1066 2292 1106 cum
2335 1051 2554 1122 maligni
2610 1051 2834 1121 spiritus
2883 1053 2936 1107 in
2980 1053 3065 1108 die
3100 1051 3290 1120 judicii
3329 1057 3397 1110 ad
3447 1059 3763 1128 puniendos

2171 1151 2484 1210 peccatores
2528 1141 2858 1198 exsultantes
2906 1145 3246 1199 conveniunt.
3298 1143 3556 1202 Gaudent
3611 1149 3760 1203 enim

2174 1232 2247 1287 illi
2271 1233 2336 1288 de
2357 1234 2511 1287 ruina
2535 1235 2858 1300 animarum,
2885 1237 3010 1306 quia
3035 1251 3142 1292 non
3165 1238 3416 1307 ignorant
3437 1241 3510 1294 ad
3531 1242 3758 1312 supple-

2175 1323 2372 1377 tionem
2397 1338 2643 1393 superna:
2673 1325 2940 1391 civitatis,
2965 1325 3107 1382 unde
3133 1326 3205 1382 illi
3235 1339 3589 1394 corruerant,
3613 1345 3762 1386 crea-

2176 1424 2286 1470 tum
2323 1431 2442 1470 esse
2473 1431 2640 1498 genus
2689 1419 3000 1485 humanmn,
3047 1427 3104 1474 et
3151 1421 3220 1475 ob
3255 1421 3359 1476 hoc
3405 1437 3469 1476 se
3511 1422 3762 1492 privatos

2173 1514 2372 1560 aeterna
2415 1505 2668 1561 felicitate
2705 1509 3117 1578 conspicientes,
3148 1509 3395 1565 homines
3427 1527 3502 1566 ne
3538 1513 3763 1582 paradi-

2175 1611 2292 1651 sum
2349 1595 2578 1652 habeant
2624 1605 2736 1652 toto
2788 1599 2906 1653 nisu
2955 1613 3054 1670 per
3105 1599 3361 1654 invidiam
3405 1603 3764 1673 przecipitare

2173 1687 2448 1744 festinant.
2492 1689 2605 1746 Hoc
2639 1699 2815 1744 tamen
2849 1706 2956 1746 non
2994 1691 3108 1746 sine
3133 1693 3321 1762 grandi
3346 1692 3538 1748 dolore
3565 1702 3763 1748 saneta

507 1771 717 1842 (Matth.
765 1771 892 1844 xxv)
931 1773 1167 1844 virgines
1212 1774 1387 1828 stulta:
1426 1773 1478 1828 in
1513 1775 1741 1828 adventu
1784 1775 1964 1843 sponsi
1993 1774 2069 1829 le~
2100 1777 2143 1834 Β
2171 1777 2410 1834 Ecclesia
2453 1779 2700 1844 sustinet,
2743 1796 2866 1835 cum
2913 1779 3053 1836 ﬁlios
3090 1796 3216 1860 suos
3253 1797 3389 1852 quos
3419 1783 3765 1852 baptismate

501 1871 704 1932 guntur
747 1863 1112 1919 mendicantes
1155 1872 1307 1918 extra
1336 1862 1556 1932 januam
1595 1864 1900 1933 nuptiarum
1939 1862 2070 1920 foris

503 1955 846 2010 remansisse.
895 1955 960 2010 Et
1003 1956 1056 2010 in
1107 1944 1328 2026 psalmis
1377 1955 1636 2026 scriptum
1686 1963 1806 2010 est:
1835 1953 2070 2012 Iuvenes

499 2043 683 2112 ignem
708 2044 1026 2110 comedisse,
1055 2053 1112 2099 et
1138 2045 1368 2116 virgines
1403 2060 1588 2100 eorum
1617 2046 1934 2100 lamentatas
1964 2027 2118 2102 non-

499 2149 624 2189 esse
650 2131 821 2205 (Psal.
846 2136 1072 2209 Lxxvn).

578 2223 746 2279 Thau.
784 2242 803 2276 ε
836 2223 1047 2281 Vocasti
1097 2227 1247 2296 quasi
1303 2227 1370 2281 ad
1423 2227 1563 2281 diem
1618 2226 1940 2293 solemnem,
1980 2228 2070 2296 qui

509 2333 526 2364 ι
560 2322 822 2371 terrerent
851 2329 939 2371 me
964 2318 1030 2371 de
1059 2317 1305 2382 circuitu,
1336 2325 1390 2372 et
1410 2333 1515 2371 non
1547 2315 1648 2371 fuit
1672 2318 1726 2371 in
1760 2318 1848 2372 die
1876 2313 2070 2372 furoris

2175 1873 2380 1944 genuit,
2427 1883 2485 1926 et
2510 1873 2864 1928 sacramentis
2903 1873 3100 1928 divinis
3139 1873 3350 1938 imbuit,
3381 1874 3488 1930 sub
3515 1876 3767 1930 inimico-

2175 1979 2292 2043 rum
2316 1978 2474 2016 manu
2504 1977 2602 2033 per
2631 1963 2843 2018 diversa
2873 1962 3074 2018 scelera
3099 1964 3336 2034 quotidie
3363 1965 3564 2020 cadere
3589 1967 3762 2020 videt.

2175 2053 2327 2122 Quod
2359 2053 2412 2108 in
2437 2055 2711 2124 sequentis
2735 2054 2856 2109 libri
2876 2055 3028 2110 initio
3054 2056 3186 2112 satis
3211 2055 3390 2112 lucide
3411 2057 3766 2112 demonstra-

2176 2145 2342 2210 bitur,
2385 2146 2637 2214 quoniam
2673 2154 2990 2215 praesentem
3025 2145 3219 2200 librum
3241 2145 3333 2201 hic
3363 2145 3530 2202 ﬁnem
3553 2147 3766 2204 habere

2176 2248 2476 2290 censemus.

2358 2385 2390 2418 κ

1507 2603 1800 2680 LIBER
1859 2601 2203 2680 NONUS
2261 2599 2740 2678 DECIMUS.

579 2893 848 2966 (Ηὲειόη.)
902 2894 1138 2950 Primam
1187 2902 1393 2964 partem
1448 2891 1876 2948 Lamentationis
1921 2891 2071 2946 Jere-

509 2990 648 3052 mim,
679 3003 798 3060 qua:
837 2986 1041 3046 duobus
1084 2987 1382 3057 alphabetis
1423 2987 1577 3057 quasi
1625 2985 1858 3056 Saphico
1899 2991 2074 3038 metro

507 3082 705 3151 scripta
746 3087 978 3146 consult,
1016 3079 1139 3148 quia
1181 3087 1290 3133 tres
1336 3075 1632 3151 versiculos
1676 3075 1769 3145 qui
1815 3073 1917 3129 sibi
1945 3087 2074 3127 con-

510 3150 632 3230 nexi
656 3183 800 3238 sunt,
825 3181 880 3227 et
903 3172 1095 3234 abuna
1127 3171 1305 3225 littera
1328 3177 1509 3228 tamen
1548 3150 1836 3238 incipiunt,
1870 3162 2074 3220 heroici

511 3280 719 3338 comma
742 3263 1031 3326 concludit,
1046 3261 1184 3316 sicut
1202 3259 1315 3328 jam
1336 3274 1495 3329 supra
1520 3265 1793 3313 ostensum
1808 3261 1893 3308 est
1913 3266 2076 3322 expo-

507 3357 684 3411 nendo
739 3352 1189 3408 transcurrimus:
1219 3364 1362 3404 nunc
1405 3348 1471 3403 ad
1513 3345 1802 3402 secundam
1840 3350 2072 3413 partem,

499 3432 598 3502 'ubi
629 3445 840 3500 tertium
866 3443 1226 3514 alphabetum,
1249 3441 1388 3510 quod
1413 3439 1656 3494 trimetro
1681 3436 1942 3506 scriptum
1968 3442 2072 3497 est,

507 3545 561 3591 et
580 3550 610 3588 a
639 3535 806 3589 ternis
830 3533 1044 3595 litteris,
1063 3531 1157 3586 sed
1179 3530 1406 3594 eisdem,
1429 3528 1566 3583 terni
1581 3541 1770 3583 versus
1793 3523 2072 3594 incipiunt,

504 3625 896 3698 explanandam
949 3623 1227 3678 veniamus
1265 3639 1283 3675 ς
1333 3619 1434 3675 hoc
1479 3618 1534 3674 in
1593 3617 1782 3688 primis
1835 3614 2076 3670 volentes

509 3720 632 3776 sciri
659 3718 800 3788 quod
836 3717 951 3771 hazc
981 3729 1104 3785 pars
1128 3713 1363 3783 primum
1392 3709 1752 3767 calamitatem
1784 3705 1960 3778 gentis
1986 3703 2078 3760 Ju-

507 3813 658 3878 dteae,
703 3825 796 3865 seu
837 3808 1014 3880 potius
1059 3804 1274 3860 humani
1311 3801 1525 3874 generis
1567 3797 1808 3856 deﬂendo
1838 3799 2076 3866 pronun-

507 3906 630 3969 tiat,
679 3901 870 3958 deinde
915 3905 1308 3956 sacramentum
1356 3891 1645 3949 Dominica:
1690 3885 2076 3944 incarnationis

511 4012 573 4052 ac
590 3994 860 4068 passionis
895 3989 1175 4046 manifeste
1204 3985 1474 4060 exprimit,
1506 3983 1594 4038 ubi
1627 3981 1932 4037 .ludazorum
1955 3992 2076 4048 pcr-

510 4067 714 4144 secutio
741 4094 798 4142 et
827 4082 1127 4142 innocentis
1164 4078 1364 4136 Christi
1401 4089 1559 4147 ptena
1588 4088 1652 4128 ac
1693 4086 1838 4128 mors
1867 4067 2074 4125 descri-

509 4181 674 4235 hitur.

1122 4257 1346 4316 CAPUT
1383 4255 1467 4312 IlI.

580 4361 764 4432 Aleph.
800 4377 820 4410 ι
851 4358 960 4426 Ego
1007 4355 1088 4410 vir
1133 4352 1322 4407 videns
1368 4354 1736 4420 paupertatem
1777 4357 1972 4408 meam,
2019 4340 2074 4396 in

521 4473 537 4504 ι
573 4453 721 4526 virga
752 4445 1131 4520 indignationis
1164 4441 1300 4512 ejus.
1331 4461 1351 4495 ι
1389 4436 1676 4514 (Mannum)
1716 4432 2075 4505 Conqueritur

515 4559 644 4614 ergo
686 4540 912 4614 populus
957 4536 1130 4592 ﬁdelis
1170 4540 1537 4606 paupertatem
1573 4545 1750 4594 suam,
1800 4527 1854 4581 in
1897 4539 2078 4581 corre-

523 4633 709 4704 ptione
749 4625 1130 4699 indignationis
1175 4623 1408 4689 Domini,
1438 4621 1564 4692 quia
1598 4619 1856 4690 plurimos
1885 4631 1915 4670 a
1941 4623 2082 4670 statu

519 4729 677 4778 rectte
709 4719 834 4776 ﬁdei
880 4726 936 4773 et
975 4716 1150 4773 studio
1184 4715 1447 4770 honorum
1483 4725 1706 4782 operum
1745 4710 1796 4764 in
1837 4708 2084 4762 tenebras

511 4811 717 4868 erroris
742 4819 798 4865 et
821 4807 1072 4864 vitiorum
1106 4804 1418 4862 barathrum
1439 4801 1614 4858 cernit
1633 4797 1860 4865 devolvi,
1889 4815 1907 4846 ι
1929 4794 2083 4851 multi

509 4903 658 4968 enim
687 4908 812 4957 sunt
849 4897 1046 4960 vocati,
1075 4894 1231 4966 pauci
1253 4907 1382 4949 vero
1405 4890 1583 4947 electi.
1614 4909 1633 4942 ι

589 4991 774 5064 ΑΙερΙι.
820 5008 839 5041 ι
867 4987 950 5043 Me
993 4983 1218 5042 minavit
1259 4992 1314 5038 et
1355 4980 1576 5037 adduxit
1613 4979 1667 5034 in
1704 4977 1975 5039 tenebras,
2029 4983 2087 5030 et

523 5103 543 5135 ι
577 5098 682 5138 non
711 5082 764 5136 in
791 5079 984 5135 lucem.
1015 5095 1034 5130 ι
1085 5073 1198 5130 Hoc
1242 5080 1326 5127 est
1369 5072 1423 5126 in
1469 5066 1866 5124 tribulationem
1895 5064 2087 5120 cadere

518 5173 782 5249 permisit,
812 5178 868 5226 et
895 5185 998 5225 non
1026 5167 1080 5222 in
1110 5163 1524 5236 prosperitatem
1555 5157 1804 5216 servavit.

588 5264 771 5336 Aleph.
808 5282 827 5314 ι
849 5262 1078 5317 Tantum
1107 5259 1159 5312 in
1189 5271 1273 5311 me
1300 5253 1483 5320 vertit,
1506 5260 1559 5307 et
1581 5248 1845 5307 convertit
1871 5261 2090 5302 manum

525 5375 544 5405 ι
581 5335 736 5410 suam
779 5360 888 5408 tota
925 5351 1030 5406 die.
1062 5369 1080 5400 ι
1125 5347 1240 5402 Hoc
1285 5345 1430 5400 enim
1480 5341 1671 5405 sentit,
1713 5336 1843 5407 justi
1891 5335 2090 5406 judicia

519 5444 787 5502 sententia
824 5443 1168 5502 decernente,
1197 5438 1297 5494 sibi
1314 5435 1469 5505 juxta
1509 5433 1699 5488 merita
1731 5445 1825 5484 sua
1851 5429 2085 5494 evenire,

523 5533 666 5607 quod
715 5547 775 5588 se
817 5530 1007 5586 recolit
1051 5527 1283 5600 propriis
1335 5525 1544 5579 actibus
1589 5519 1905 5607 promereri.
1957 5518 2088 5573 Illud

527 5606 703 5691 tamen
755 5617 1200 5679 considerandum
1245 5623 1329 5671 est
1376 5611 1520 5682 quod
1563 5609 1693 5664 dicit
1721 5622 1736 5662 :
1764 5606 1994 5662 Tantum
2033 5607 2088 5662 in

527 5725 614 5784 me
660 5713 842 5775 vertit,
879 5719 934 5764 et
970 5705 1235 5763 convertit
1285 5717 1500 5758 manum
1547 5714 1718 5753 suam.
1766 5696 2089 5752 Convertere

2175 2890 2317 2945 enim
2362 2903 2502 2956 saepe
2543 2887 2596 2940 in
2629 2883 2922 2955 Scripturis
2949 2881 3168 2952 ponitur
3188 2893 3287 2948 pro
3308 2878 3554 2947 placare,
3594 2885 3762 2934 lites:

2180 2977 2347 3033 illud;
2381 2995 2399 3028 ι
2427 2976 2771 3038 Convertere,
2818 2972 3062 3036 Domine,
3109 2967 3531 3038 aliquantulum,
3583 2977 3642 3022 et
3670 2969 3763 3024 de-

2175 3081 2399 3140 precare
2450 3080 2610 3136 super
2647 3077 2830 3119 servos
2871 3070 2991 3116 tuos
3039 3057 3211 3132 (Psal.
3258 3056 3546 3128 Lxxxtxfa
3585 3056 3764 3113 Vertit

2174 3157 2318 3212 enim
2349 3155 2606 3211 Dominus
2629 3169 2846 3208 manum
2870 3167 3021 3206 suam
3042 3191 3055 3214 ,
3082 3148 3296 3219 quando
3337 3147 3484 3218 juste
3530 3150 3587 3202 in
3637 3165 3764 3204 mos

2175 3247 2411 3303 debitam
2429 3245 2687 3299 ultionem
2707 3242 2968 3306 immittit,
2985 3249 3038 3295 et
3053 3241 3316 3296 convertit
3332 3255 3560 3293 manum
3583 3255 3762 3306 suam,

2176 3337 2388 3408 quando
2415 3333 2836 3390 misericorditer
2865 3347 2894 3386 a
2918 3332 3150 3386 vindicta
3177 3331 3502 3386 sententiam
3534 3345 3764 3401 suspen-

2176 3428 2274 3484 dit.
2306 3426 2576 3497 Scriptum
2620 3431 2704 3479 est
2749 3424 2894 3478 enim
2919 3423 2986 3478 de
3012 3422 3100 3476 illo
3127 3439 3142 3474 :
3173 3421 3430 3474 Dominus
3460 3420 3762 3476 mortiﬁcat

2173 3526 2229 3573 et
2255 3517 2511 3581 viviﬁcat,
2542 3513 2757 3571 deducit
2791 3513 2858 3567 ad
2893 3511 3116 3576 inferos,
3151 3517 3208 3564 et
3229 3509 3456 3564 reducit.
3495 3509 3764 3564 Domine

2174 3621 2462 3679 pauperem
2484 3604 2636 3670 facit,
2663 3611 2720 3658 et
2743 3603 2898 3667 ditat,
2929 3600 3197 3666 humiliat,
3221 3608 3275 3654 et
3303 3599 3586 3654 sublimat.
3614 3600 3684 3654 Et
3705 3601 3761 3654 in

2175 3695 2575 3752 Deuteronomii
2611 3693 2822 3750 cantico
2861 3694 2975 3762 ipse
3004 3691 3135 3750 dicit
3165 3708 3178 3744 :
3211 3708 3230 3740 ι
3259 3689 3368 3760 Ego
3397 3689 3674 3754 occidam,
3705 3699 3764 3746 et

2174 3787 2356 3842 vivere
2406 3784 2632 3852 faciam;
2675 3785 2991 3854 percutiam,
3036 3791 3089 3836 et
3117 3796 3216 3850 ego
3258 3781 3506 3835 sanaho:
3547 3789 3606 3834 ct
3653 3795 3760 3836 non

2177 3885 2262 3932 est
2287 3877 2378 3948 qui
2407 3876 2601 3946 eripiat
2625 3875 2691 3930 de
2719 3873 2968 3928 manibus
2993 3873 3128 3926 meis
3155 3869 3333 3940 (Deut.
3361 3869 3564 3941 xxxii).
3593 3887 3612 3922 ι

2247 3971 2396 4025 Beth.
2444 3989 2464 4021 ε
2513 3967 2789 4024 Vetustam
2833 3964 2962 4020 fecit
3015 3963 3270 4018 Dominus
3322 3961 3517 4030 pellem
3582 3976 3758 4015 meam

2185 4082 2204 4115 ι
2245 4072 2301 4118 et
2327 4076 2545 4118 carnem
2575 4074 2767 4123 meam,
2801 4056 3059 4112 contrivit
3079 4069 3199 4110 ossa
3223 4067 3361 4108 mea.
3393 4071 3414 4104 ›
3455 4049 3515 4106 In
3544 4051 3684 4120 pelle
3705 4060 3760 4105 et

2179 4166 2342 4206 carne
2368 4149 2637 4206 exteriora
2663 4156 2716 4203 et
2744 4146 2923 4203 mollia
2950 4159 3174 4214 qumque
3199 4141 3456 4211 exprimit
3474 4180 3492 4204 ,
3524 4141 3581 4194 in
3619 4141 3760 4194 ossi-

2180 4245 2280 4299 bus
2311 4256 2524 4313 quoque
2560 4243 2724 4297 robur
2769 4241 3066 4295 internum.
3119 4235 3397 4290 Vetustam
3453 4249 3587 4305 ergo
3630 4231 3758 4288 fecit

2181 4332 2438 4388 Dominus
2481 4331 2676 4402 pellem
2727 4328 3034 4385 Iuda-orum
3072 4335 3128 4382 et
3164 4339 3406 4389 carnem,
3451 4324 3668 4394 quando
3703 4323 3756 4377 in

2105 4403 2154 4462 Ῑ)
2177 4421 2535 4478 exterioribus
2564 4421 2726 4476 rebus
2751 4435 2848 4490 per
2883 4417 3230 4488 indigentiam
3264 4414 3398 4470 fecit
3435 4415 3752 4470 deformem.

2187 4531 2205 4564 ‹
2237 4512 2502 4570 Contrivit
2539 4527 2661 4566 ossa
2697 4525 2908 4574 eorum,
2938 4529 2956 4561 ι
2999 4507 3213 4579 quando
3257 4506 3512 4562 duritiam
3561 4504 3758 4559 mentis

2181 4621 2367 4662 eorum
2402 4604 2616 4659 minuit.
2649 4602 2850 4674 (Grcg.)
2882 4599 3018 4656 Hinc
3043 4614 3259 4670 quoque
3283 4612 3385 4669 per
3413 4597 3633 4652 beatum
3656 4592 3756 4649 Job

2183 4696 2381 4752 dicitur
2403 4713 2420 4752 :
2449 4714 2470 4748 ι
2490 4694 2641 4751 Cutis
2659 4709 2777 4749 mea
2806 4693 3084 4764 denigrata
3117 4701 3202 4746 est
3229 4703 3392 4759 super
3417 4703 3526 4753 me,
3553 4695 3612 4742 et
3634 4701 3754 4741 ossa

2183 4801 2302 4842 mea
2351 4792 2611 4841 aruerunt
2647 4800 2758 4855 prae
2796 4791 3045 4838 caumate
3075 4781 3207 4853 (Job
3237 4778 3399 4852 xxx).
3425 4797 3445 4831 ι
3479 4777 3629 4832 Bene
3655 4777 3756 4830 hoc

2185 4885 2383 4932 sanctae
2414 4874 2664 4932 Ecclesiae
2689 4875 2912 4930 vocibus
2935 4872 3204 4943 congruit,
3227 4885 3348 4940 quae
3372 4869 3615 4925 dolorem
3638 4881 3756 4936 per-

2185 4964 2478 5022 secutionis
2525 4963 2726 5018 ultima:
2750 4962 2802 5017 in
2831 4961 3061 5017 inﬁrmis
3106 4961 3344 5032 graviter
3377 4957 3545 5013 sentit
3569 4970 3586 5010 :
3609 4969 3757 5011 utm-

2185 5073 2288 5128 que
2315 5059 2386 5112 ab
2416 5057 2504 5112 illa
2535 5055 2625 5110 alii
2663 5062 2910 5126 pereunt,
2950 5051 3276 5108 valentiores
3299 5050 3502 5120 quique
3521 5059 3756 5102 mmmam

2189 5149 2514 5206 cruciantur.
2550 5147 2800 5224 Exterior
2837 5143 3036 5214 quippe
3062 5157 3223 5198 causa
3261 5141 3379 5211 ejus
3419 5150 3506 5193 est
3541 5146 3750 5190 terrena

2186 5238 2512 5308 dispensatio
2531 5276 2546 5302 ,
2569 5235 2795 5290 interior
2825 5248 2954 5288 vero
2971 5274 2986 5298 ,
3015 5247 3146 5286 cura
3176 5227 3430 5286 emlestis.
3455 5226 3610 5282 Cutis
3628 5235 3754 5294 ergo

2187 5329 2402 5385 nomine
2447 5326 2645 5382 inﬁrmi
2685 5325 2990 5396 signantur,
3025 5323 3118 5393 qui
3150 5337 3294 5376 nunc
3326 5321 3383 5374 in
3413 5335 3478 5373 ea
3498 5312 3752 5372 exteriori

2190 5418 2405 5473 utilitati
2447 5416 2775 5472 deserviunt.
2826 5413 2930 5469 Per
2951 5428 3073 5468 ossa
3108 5427 3234 5466 vero
3267 5410 3436 5467 fortes
3470 5407 3588 5476 eius
3621 5405 3744 5476 tign-

2191 5509 2292 5564 rati
2319 5515 2462 5571 sunt,
2490 5507 2542 5561 in
2571 5507 2766 5576 quibus
2789 5503 3032 5574 corporis
3068 5502 3209 5557 illius
3239 5509 3351 5555 tota
3379 5511 3640 5568 compago
3660 5507 3750 5549 εο-

2190 5605 2406 5660 lidatur.
2443 5595 2577 5668 Quia
2619 5601 2784 5670 igitur
2825 5606 2918 5653 aut
2959 5595 3238 5668 provocati
3283 5591 3618 5654 muneribus,
3663 5593 3750 5638 at

2191 5691 2650 5764 persecutionibus
2687 5689 2864 5745 alllicti
2898 5687 3050 5744 multi
3082 5685 3133 5740 in
3161 5700 3224 5739 ea
3259 5683 3328 5738 ab
3351 5691 3497 5736 statu
3529 5677 3650 5734 ﬁdei
3674 5675 3754 5732 in-
