3970 6190
163 318 303 374 ὶΞίἹ

1038 315 1404 374 ΕΧΡΟΞΠῚΟ
1443 312 1667 372 SUPER
1706 310 2069 369 JEltEMlAM.
2110 343 2177 353 -——
2216 310 2339 368 LIB.
2383 304 2519 366 XIX.

3294 314 3313 366 il
3325 312 3383 366 Ἣ
3398 313 3432 367 3ί

160 426 311 483 ﬁrmi
333 425 534 481 cadunt
550 464 567 490 ,
593 438 823 494 eamque
851 424 947 496 ipsi
974 433 1259 497 postquam
1287 425 1600 482 ceciderunt
1624 441 1746 495 per-

1882 450 2028 495 atur.
2089 440 2196 496 Sed
2249 442 2389 495 hanc
2446 440 2862 509 dispensationis
2905 442 3132 511 gratiam
3189 447 3431 500 nonnulli

162 526 493 587 sequuntur,
514 515 642 584 quid
661 514 806 570 aliud
829 530 992 586 quam
1020 516 1164 572 cutis
1177 531 1287 571 sua:
1303 516 1637 587 nigredincm
1659 532 1755 586 pa-

164 608 324 673 titur,
353 614 413 661 ut
442 606 496 660 in
524 604 656 675 ipsis
681 606 1021 675 postmodum
1058 605 1201 662 fmda
1237 614 1512 676 appareat,
1552 606 1607 660 in
1639 606 1756 675 qui-

162 698 274 754 bus
294 697 442 768 prius
462 695 686 765 pulchra
700 694 1005 750 videbatur?
1020 696 1153 750 Dum
1168 696 1311 751 enim
1326 695 1380 750 hi
1395 696 1487 765 qui
1500 695 1650 765 prius
1667 709 1758 749 ex-

167 789 375 842 teriora
396 784 533 840 bene
555 784 873 854 dispensare
902 794 1313 848 consueverant,
1337 793 1524 839 contra
1554 784 1756 839 electos

166 877 268 932 Dei
298 876 640 945 postmodum
678 874 926 939 saeviunt,
967 874 1122 944 quasi
1149 875 1287 930 cutis
1310 873 1562 929 Ecclesiae
1601 884 1755 929 ante-

165 976 308 1022 actae
341 966 567 1035 justitire
605 965 838 1031 colorem
880 963 1292 1035 perdidit:,l1u:e
1329 966 1395 1021 ad
1423 965 1756 1041 nigredinem

170 1057 484 1128 iniquitatis
513 1056 662 1111 venit

245 1149 398 1211 Beth.
451 1167 470 1201 ι
497 1147 810 1204 ίΕάὶθειιγίι
849 1149 905 1203 in
941 1164 1072 1220 gyro
1109 1165 1261 1215 meo,
1313 1158 1370 1205 et
1407 1151 1761 1206 circumdedit

175 1261 199 1293 ‹
238 1256 326 1295 me
355 1239 478 1301 felle
504 1250 559 1295 et
582 1240 786 1319 labore.
815 1260 836 1293 ›
881 1240 1152 1313 (Hieron)
1194 1241 1333 1309 Quid
1371 1250 1457 1298 est
1493 1242 1759 1297 aediﬁcare

172 1335 232 1387 in
274 1347 428 1404 gyro,
466 1333 567 1386 nisi
609 1330 846 1400 undique
871 1331 1141 1400 pressuris
1178 1332 1491 1388 coarctare?
1524 1331 1591 1385 Et
1632 1330 1758 1401 quid

171 1435 261 1478 est
299 1424 639 1479 circumdare
682 1422 807 1479 felle
840 1431 894 1477 et
937 1423 1144 1488 labore,
1180 1424 1280 1478 nisi
1324 1422 1682 1477 amaritudine
1706 1431 1761 1476 et

173 1519 360 1573 labore
394 1517 652 1585 repletam
680 1515 1070 1588 coangustare?
1094 1515 1245 1571 Unde
1267 1525 1321 1570 et
1349 1515 1630 1570 subditur:

251 1607 400 1662 ΒειΙι.
449 1626 467 1657 ‹
492 1607 549 1661 ln
576 1605 880 1662 tenebrosis
905 1605 1189 1660 collocavit
1209 1620 1318 1670 me,
1345 1604 1499 1674 quasi
1522 1612 1762 1659 mortuos

181 1718 203 1753 ι
241 1700 619 1769 sempiternos.
660 1718 681 1751 ι
733 1696 1051 1769 (Mannum)
1090 1697 1148 1752 ιιι
1194 1697 1495 1753 tenebrosis
1535 1695 1763 1752 collocat

1856 531 2019 584 etiam
2067 528 2301 583 ﬁdelium
2344 530 2610 599 ignorant,
2658 544 2724 583 ex
2758 544 2984 599 quorum
3006 530 3168 585 etiam
3198 548 3428 602 persona

1856 638 1954 693 per
1975 622 2191 677 beatum
2214 621 2315 676 Job
2340 621 2464 675 alibi
2498 621 2697 675 dicitur
2721 639 2734 675 :
2764 621 2903 675 Ecce
2936 621 3179 677 clamabo
3205 623 3310 676 vim
3336 641 3429 694 pa—

1859 717 1997 771 tiens
2020 724 2075 773 et
2105 730 2262 769 nemo
2309 714 2522 778 audiet;
2569 714 2923 778 vociferabor,
2976 722 3029 768 et
3079 730 3184 768 non
3217 725 3300 770 est
3338 717 3436 785 qui-

1851 805 2059 879 judicet
2104 803 2227 878 (Job
2280 802 2412 875 xix).
2452 803 2567 858 Non
2615 812 2697 858 est
2737 804 2880 858 enim
2921 804 3010 873 qui
3050 804 3254 874 judicet
3297 805 3427 860 dici-

1859 905 1970 962 tur,
2015 896 2235 966 quando
2276 894 2522 964 judicare
2566 894 2864 949 dissimulat
2912 894 3024 963 ipse
3062 896 3154 964 qui
3195 904 3298 962 est,
3338 898 3433 968 qui"

1860 1000 2081 1040 causam
2130 992 2370 1038 nostram
2413 994 2598 1038 contra
2646 984 3035 1048 adversarium,
3077 995 3271 1055 pnetcr
3310 1005 3431 1043 eum

1861 1075 1953 1147 qui
1974 1075 2203 1147 judicet,
2237 1088 2341 1127 non
2368 1082 2468 1128 est.
2500 1073 2609 1128 Nec
2636 1081 2813 1128 tamen
2841 1073 2941 1128 hoc
2969 1075 3084 1129 sine
3103 1076 3306 1145 judicio
3332 1086 3430 1140 est,

1861 1166 2004 1237 quod
2044 1163 2307 1234 judicium
2354 1162 2612 1228 diﬁ‘ert‘ur,
2657 1163 2784 1233 quia
2826 1172 2881 1217 et
2921 1180 3040 1218 cum
3085 1166 3198 1222 haec
3246 1167 3435 1222 beatus

1860 1256 1961 1315 Job
1988 1255 2190 1311 diceret
2220 1263 2275 1309 et
2298 1255 2467 1309 sancti
2497 1254 2597 1308 viri
2628 1255 2840 1318 merita,
2867 1261 2921 1307 et
2949 1255 3239 1311 adversarii
3272 1271 3430 1326 pmna

1863 1348 2160 1406 crescebat.
2191 1345 2304 1400 Hoc
2333 1345 2503 1415 ipsum
2535 1359 2662 1416 ergo
2686 1343 2741 1412 ju
2767 1344 2947 1398 licium
2987 1345 3186 1415 judicis
3222 1346 3439 1402 dilferre

1864 1436 1987 1504 fuit,
2016 1447 2075 1493 ut
2095 1436 2289 1507 singuli
2335 1435 2485 1505 juxta
2521 1435 2717 1489 merita
2756 1449 2851 1488 sua
2878 1434 3195 1504 condignam
3223 1451 3437 1490 merce~

1865 1530 1987 1586 dem
2017 1531 2069 1585 in
2096 1527 2276 1583 futuro
2302 1528 2618 1596 reciperent.
3158 1524 3161 1527 ’

1936 1619 2159 1675 Chimel.
2200 1637 2218 1669 ι
2249 1616 2522 1672 Conclusit
2563 1616 2679 1670 vias
2714 1630 2864 1669 meas
2890 1614 3153 1684 lapidibus
3197 1615 3438 1683 quadris,

1870 1709 2090 1764 semitas
2112 1722 2261 1762 meas
2283 1706 2563 1761 subvertit.
2588 1725 2606 1756 ›
2626 1703 2851 1776 (Mante)
2879 1704 2948 1759 Ut
2983 1703 3287 1759 ostenderet
3312 1704 3441 1757 vali-

176 1791 337 1860 quasi
392 1797 632 1845 mortuos
678 1788 1060 1858 sempiternos,
1104 1788 1324 1858 quando
1370 1788 1516 1842 omni
1558 1787 1761 1841 solatio

1882 1801 1959 1855 lis
1986 1815 2044 1854 se
2075 1798 2511 1854 tribulationibus
2538 1806 2883 1860 coarctatam,
2926 1796 3188 1867 lapidibus
3223 1797 3441 1866 quadris

177 1883 502 1947 destitutos,
545 1880 746 1935 nullam
776 1880 908 1935 sinit
933 1880 1000 1936 de
1026 1879 1283 1950 priesenti
1305 1880 1417 1933 vita
1442 1879 1765 1934 consolatio-

177 1991 309 2031 nem
336 1989 557 2044 sperare
584 1973 830 2030 alliictos.
863 1974 939 2029 De
967 1989 1074 2043 quo
1104 1971 1281 2028 adhuc
1306 1972 1647 2042 subiungitur
1677 1985 1691 2024 :

256 2062 481 2119 Ghimel.
518 2062 1061 2119 «Circumaadiﬁcavit
1105 2064 1388 2117 adversum
1428 2076 1536 2125 m‘e,
1573 2069 1762 2115 utnon

187 2172 208 2206 σ
241 2154 489 2225 egrediar
521 2154 836 2226 aggravavit
874 2154 1186 2223 compedem
1213 2168 1413 2208 meum.
1437 2171 1455 2203 ι
1495 2151 1763 2223 (meram)

195 2247 333 2301 Cum
358 2246 645 2300 adversum
669 2260 727 2300 se
754 2245 1088 2300 obsidionem
1112 2244 1253 2299 vallo
1276 2252 1331 2298 et
1357 2242 1639 2314 aggeribus
1661 2242 1767 2296 cir—

189 2336 638 2407 cumsediﬁcatam
692 2336 977 2407 conspicit,
1015 2336 1326 2406 compedem
1372 2350 1527 2390 suum
1573 2348 1766 2406 aggra-

182 2437 375 2485 vatum
411 2428 628 2493 asserit,
660 2427 789 2497 quia
815 2426 933 2495 ejus
959 2426 1162 2481 exitum
1189 2425 1458 2495 quomodo
1487 2424 1766 2497 calamita-

186 2530 299 2575 tem
325 2520 541 2583 evadat,
568 2534 672 2573 non
699 2517 925 2572 invenit.
955 2515 1109 2584 Quod
1135 2526 1356 2571 sanctus
1378 2514 1480 2570 Job
1502 2514 1769 2570 similibus

188 2610 377 2666 verbis
410 2608 682 2679 expressit
719 2608 905 2663 dicens
933 2625 947 2661 :
985 2626 1003 2658 ς
1039 2606 1299 2662 Semitam
1330 2620 1504 2662 meam
1534 2606 1768 2662 circum-

185 2701 374 2773 sepsit,
393 2700 466 2757 ita
487 2708 547 2754 ut
561 2698 793 2754 transire
814 2713 921 2753 non
943 2697 1167 2768 possim,
1183 2706 1238 2752 et
1258 2697 1310 2751 in
1335 2696 1469 2752 calle
1482 2711 1602 2751 meo
1624 2705 1771 2751 tene-

187 2796 322 2850 bras
339 2792 517 2864 posuit
538 2789 660 2863 (Job
708 2788 844 2862 χιιι).
868 2810 886 2841 ι
903 2787 1118 2862 [ϐτθςι]
1139 2788 1293 2857 Quod
1314 2788 1381 2843 ad
1402 2787 1617 2843 inﬁrma
1640 2803 1771 2858 quo-

188 2901 299 2955 que
316 2885 559 2951 membra
581 2890 780 2939 saneta
794 2881 1051 2939 Ecclesia:
1069 2897 1176 2937 non
1197 2880 1493 2949 incongrue
1517 2878 1771 2946 refertur,

190 2974 411 3046 quando
430 2988 527 3043 per
549 2973 654 3031 hoc
672 2974 817 3042 quod
843 2987 1007 3042 prave
1036 2986 1155 3027 sese
1180 2971 1353 3043 egisse
1389 2970 1771 3036 meminerunt,

192 3083 227 3121 a
254 3067 398 3123 bono
439 3080 652 3136 quoque
687 3079 852 3135 opere
890 3062 1260 3128 retardantur,
1282 3070 1337 3117 et
1365 3061 1772 3119 exinﬁrmitate

191 3157 431 3230 propria.
455 3126 655 3221 timidi,
687 3126 827 3217 bona
866 3167 1053 3209 contra
1081 3153 1197 3209 haec
1223 3126 1384 3211 fortia
1413 3152 1632 3223 aggredi
1660 3168 1765 3207 non
1795 3126 1839 3188 (ἶ

193 3257 551 3321 presumunt.
583 3249 797 3304 Timent
831 3248 973 3304 enim
1003 3260 1195 3318 magna
1227 3247 1367 3302 bona
1392 3246 1649 3316 incipere,
1678 3245 1769 3314 qui

195 3356 261 3397 se
306 3344 360 3397 in
411 3341 526 3396 suis
573 3341 782 3395 actibus
833 3338 1077 3393 inﬁmos
1121 3350 1242 3392 esse
1287 3336 1664 3392 meminerunt.
1706 3335 1772 3389 Et

194 3449 324 3490 cum
350 3433 662 3505 plerumque
682 3433 845 3493 etiam
870 3431 1069 3486 bonum
1116 3429 1259 3501 quod
1283 3429 1482 3499 eligant
1504 3429 1770 3493 nesciunt,

196 3526 358 3595 quasi
404 3526 456 3580 in
489 3525 623 3581 calle
661 3540 759 3579 suo
796 3522 998 3593 positas
1039 3523 1291 3577 tenebras
1330 3522 1766 3595 perhorrescunt.

197 3615 338 3671 Nam
360 3631 501 3687 saepe
533 3616 696 3671 itade
725 3630 822 3670 suo
849 3628 1013 3683 opere
1057 3612 1119 3667 fit
1161 3612 1375 3667 animus
1418 3612 1676 3675 incertus,
1716 3619 1778 3665 ut

96 3766 103 3769 ν
204 3708 420 3777 ignoret
452 3708 672 3762 omnino
704 3706 833 3774 quid
868 3705 1060 3770 virtus,
1097 3702 1225 3772 quid
1253 3701 1406 3772 culpa
1434 3702 1523 3756 sit.
1553 3700 1611 3755 ιιι
1642 3699 1779 3761 calle

201 3815 341 3871 ergo
361 3813 457 3855 suo
486 3798 737 3855 tenebras
773 3797 995 3863 invenit,
1024 3796 1117 3867 qui
1148 3796 1202 3851 in
1234 3794 1320 3851 bis
1346 3810 1466 3865 qua:
1494 3808 1656 3864 agere
1684 3806 1781 3860 ap-

200 3894 361 3967 petit,
389 3892 517 3962 quid
553 3892 753 3965 eligere
794 3890 986 3945 debeat
1032 3888 1222 3944 nescit.
1262 3886 1398 3956 Quia
1438 3887 1602 3956 igitur
1640 3900 1782 3959 saepe

199 3983 549 4047 inﬁrmitate,
588 3995 972 4050 nonnunquam
1019 3970 1480 4049 veroigniirantia
1501 3987 1779 4048 peccatur,

202 4091 274 4130 ex
317 4076 712 4130 inﬁrmantibus
744 4074 959 4129 dicitur.
997 4092 1015 4126 ι
1046 4071 1308 4128 Semitam
1342 4086 1517 4127 meam
1546 4073 1774 4127 circum-

204 4167 379 4237 sepsit
403 4176 456 4223 et
477 4167 709 4222 transire
740 4181 845 4221 non
876 4180 1093 4236 possum
1118 4182 1136 4231 ;
1163 4185 1184 4216 ι
1217 4179 1287 4219 ex
1309 4164 1390 4219 eis
1420 4178 1574 4227 vero,
1598 4163 1690 4233 qui
1716 4162 1785 4217 ad

204 4261 388 4330 ipsum
406 4273 540 4327 Opus
561 4258 782 4323 bonurn,
809 4243 952 4328 quod
976 4248 1195 4328 eligant,
1218 4256 1744 4327 caligant,subditur
1768 4272 1782 4308 :

212 4370 233 4400 ε
265 4351 333 4404 Et
364 4350 417 4404 in
446 4350 580 4405 calle
606 4365 726 4405 meo
756 4350 1006 4405 tenebras
1029 4348 1229 4418 posuit.
1250 4368 1277 4399 ι
1298 4347 1377 4405 Ex
1402 4361 1556 4417 paena
1583 4346 1786 4401 etenim

206 4441 382 4509 culpa:
421 4448 505 4494 est
541 4440 729 4495 videre
758 4440 957 4494 bonum
990 4439 1138 4508 quod
1164 4452 1324 4507 agere
1356 4437 1576 4501 debeat,
1603 4444 1786 4489 tamen

208 4530 441 4600 implere
472 4546 576 4607 non
606 4542 783 4601 posse.
827 4531 893 4584 Et
920 4544 1171 4584 rursum:
1202 4547 1223 4580 ε
1257 4529 1335 4583 Ex
1357 4528 1590 4600 graviori
1628 4541 1789 4596 paena

209 4621 384 4690 culpa:
406 4628 524 4686 est,
554 4621 683 4690 quid
723 4634 885 4690 agere
914 4621 1109 4674 debeat
1133 4633 1235 4673 nec
1257 4620 1457 4673 videre.
1490 4635 1510 4670 ι
1560 4616 1713 4673 Unde
1735 4626 1793 4672 et

208 4722 405 4768 eontra
446 4712 559 4767 haec
580 4719 823 4780 ,utraque
858 4709 1157 4765 Psalmisttr
1194 4724 1325 4763 voce
1356 4709 1593 4764 dicitur:
1633 4725 1651 4758 ι
1685 4707 1793 4762 Do-

213 4803 417 4865 minus,
448 4800 771 4856 illuminatio
801 4814 942 4863 mea,
973 4807 1031 4869 et
1056 4798 1204 4852 salus
1231 4812 1372 4862 mea,
1401 4812 1563 4867 quem
1590 4797 1793 4853 timebo

211 4890 393 4963 (l’sal.
425 4890 600 4960 xxvr)?
633 4889 831 4944 Contra
863 4889 1181 4960 ignorantiae
1208 4889 1351 4943 enim
1383 4889 1637 4944 tenebras
1673 4888 1796 4942 illu-

208 4981 466 5048 minatio,
492 4988 675 5035 contra
697 4979 1069 5039 inﬁrmitatem
1090 4978 1219 5033 vero
1239 4977 1384 5032 salus
1407 4986 1491 5032 est
1512 4977 1794 5043 Dominus,

212 5073 436 5143 quando
459 5078 512 5127 et
544 5070 783 5127 ostendit
822 5067 950 5138 quid
976 5068 1172 5123 debeat
1199 5066 1269 5121 ad
1299 5067 1564 5138 agendum
1593 5066 1794 5137 appeti,

214 5175 276 5222 et
304 5167 451 5221 vires
484 5165 709 5235 praebet,
757 5172 815 5218 ut
842 5162 983 5232 quod
1012 5161 1324 5217 ostenderat
1357 5161 1529 5229 possit
1564 5160 1795 5229 impleri.

293 5254 518 5314 Clamet.
587 5271 606 5307 ι
646 5254 754 5311 Sed
799 5264 855 5309 et
897 5268 1020 5308 cum
1065 5241 1369 5307 clamavero
1407 5260 1463 5306 et
1503 5265 1796 5323 rogavero,

222 5369 251 5405 ι
280 5350 511 5408 exehsit
550 5350 853 5405 orationem
896 5361 1093 5401 meam.
1139 5364 1157 5397 ι
1201 5342 1405 5417 (6ης.)
1448 5344 1804 5414 Omnipotens

220 5443 376 5501 Dem
423 5442 553 5512 quid
599 5441 755 5497 nobis
803 5438 1142 5511 profuturum
1191 5451 1312 5492 esse
1362 5435 1537 5491 Valeat
1590 5436 1799 5499 sciens,

221 5533 532 5591 dissimulat
559 5533 819 5588 exaudire
844 5516 1139 5586 dolentium
1165 5542 1372 5593 vocem,
1402 5538 1460 5583 ut
1480 5534 1673 5601 augeat
1702 5525 1805 5580 uti-

224 5629 456 5693 iitatem,
506 5634 569 5682 ut
616 5634 879 5699 purgetur
914 5624 1023 5680 vita
1067 5637 1168 5694 per
1208 5635 1452 5694 pmnam,
1507 5630 1564 5677 et
1609 5622 1807 5693 quietis

228 5717 773 5789 tranquillitas,'quia
804 5718 892 5773 hic
916 5715 1144 5771 inveniri
1176 5729 1284 5771 non
1308 5713 1473 5778 valet,
1500 5712 1625 5768 alibi
1656 5728 1806 5781 quaa-

1866 1904 1924 1945 se
1975 1890 2286 1946 conclusam
2332 1887 2481 1952 dicit,
2522 1894 2576 1942 et
2622 1887 2868 1941 semitam
2912 1901 3194 1956 gressuum
3223 1900 3440 1940 suorum

1865 1981 2201 2036 subversam.
2233 1978 2368 2046 Quia
2392 1985 2558 2047 petra:
2589 1976 2810 2030 solidam
2858 1975 3084 2029 formam
3127 1975 3440 2044 quadratam

1864 2069 2146 2135 habentes,
2177 2070 2481 2137 ubicunque
2507 2066 2692 2136 posita:
2721 2065 2940 2130 fuerint,
2970 2065 3088 2118 ﬁxae
3107 2065 3308 2135 jacent,
3344 2079 3442 2119 nec

1865 2160 2059 2216 alicubi
2124 2159 2291 2214 relabi
2342 2165 2588 2227 possunt.
2658 2155 2880 2226 lliysticc
2920 2164 3100 2209 autem
3147 2154 3442 2209 electorum

1866 2252 2095 2324 populus
2120 2252 2388 2321 lapidibus
2408 2250 2631 2320 quadris
2651 2250 2790 2320 apud
2819 2248 3058 2318 iniquum
3082 2246 3442 2311 concluditur,

1867 2358 1990 2401 cum
2013 2343 2132 2415 ejus
2156 2358 2285 2400 caro
2312 2342 2519 2412 antiqui
2548 2341 2718 2396 hostis
2744 2337 3207 2410 persecutionibus
3233 2344 3444 2406 tempo-

1869 2434 2056 2490 raliter
2104 2435 2282 2489 datur.
2336 2431 2501 2503 Cujus
2551 2432 2638 2486 ille
2683 2431 2933 2486 semitam
2984 2428 3270 2490 subvertit.
3321 2428 3446 2497 quia

1871 2533 2138 2580 tormenta
2193 2537 2291 2579 sua
2347 2537 2470 2577 eum
2530 2520 2758 2576 evadere
2819 2534 2924 2574 non
2982 2517 3288 2588 permittit,
3349 2530 3448 2571 nec

1870 2623 2155 2672 contentus
2192 2624 2275 2670 est
2312 2613 2648 2670 solummodo
2681 2624 2898 2665 carnem
2937 2610 3270 2675 cruciatibus
3312 2605 3448 2661 allii-

1871 2721 2017 2778 gere,
2043 2706 2152 2759 imo
2174 2705 2337 2759 etiam
2361 2702 2482 2758 dolo
2508 2712 2562 2757 et
2584 2701 2791 2756 insidiis
2810 2701 2925 2771 ejus
2949 2699 3180 2753 animam
3211 2696 3449 2753 funditus

1871 2797 2068 2869 quaerit
2103 2797 2436 2852 subvertere.
2471 2793 2623 2850 Unde
2652 2792 3022 2864 subjungitur:

1942 2888 2152 2943 Dotem.
2183 2906 2201 2939 ι
2232 2888 2404 2943 Ursus
2444 2886 2701 2940 insidians
2745 2884 2917 2939 factus
2959 2891 3043 2937 est
3089 2881 3216 2935 mihi
3241 2921 3255 2945 ,
3291 2881 3373 2935 leo
3397 2880 3449 2933 in

1878 2998 1899 3032 ι
1932 2978 2280 3035 absconditis.
2318 2996 2339 3028 ι
2370 2976 2474 3031 Per
2500 2976 2596 3031 has
2621 2976 2754 3030 duas
2797 2974 2997 3029 bestias
3041 2971 3407 3027 ferocissimas
3433 3011 3446 3035 ,

1874 3070 2038 3125 nimis
2082 3068 2321 3124 dolosam
2363 3074 2420 3122 et
2458 3066 2731 3122 crudelem
2770 3064 3200 3136 persecutionem
3245 3062 3453 3131 antiqui

1870 3159 2045 3215 hostis
2075 3157 2363 3229 exprimit,
2394 3156 2485 3226 qui
2513 3171 2612 3226 per
2630 3156 2912 3210 ministros
2942 3169 3069 3210 suos
3100 3153 3259 3207 alium
3298 3152 3451 3207 blan-

1873 3251 2141 3317 dimentis,
2165 3251 2329 3306 alium
2344 3251 2530 3315 minis,
2555 3250 2714 3305 alium
2732 3249 3023 3319 suppliciis,
3043 3262 3073 3303 a
3094 3250 3283 3304 semita
3297 3259 3458 3303 recta:

1871 3344 1993 3400 fidei
2045 3344 2388 3409 subvertere,
2434 3340 2550 3397 et‘a
2595 3355 2690 3411 spe
2738 3340 2979 3396 caelestis
3026 3340 3243 3405 auxilii,
3296 3339 3455 3409 quasi

1872 3437 2168 3493 desolatam
2195 3444 2432 3491 atterere
2454 3434 2619 3504 cupit.
2660 3432 2814 3488 Unde
2838 3434 3082 3507 sequitur
3109 3450 3125 3490 :
3174 3490 3177 3493 ,

1944 3527 2153 3584 Daleth.
2190 3545 2210 3578 ι
2249 3526 2483 3582 Semitas
2507 3536 2657 3584 meas
2679 3524 2943 3583 subvertit
2972 3535 3025 3580 et
3049 3525 3310 3597 confregit
3338 3539 3425 3581 me
3443 3566 3458 3589 ,

1881 3639 1900 3671 ο
1934 3618 2112 3689 posuit
2150 3632 2237 3675 me
2288 3617 2599 3677 desolatam.
2640 3636 2659 3669 ι
2719 3616 2797 3673 De
2846 3616 3007 3687 hujus
3058 3615 3227 3671 leonis
3256 3613 3463 3669 insidiis

1874 3711 2145 3780 Propheta
2193 3716 2242 3768 in
2289 3712 2519 3768 Psalmis
2567 3717 2818 3772 testatur,
2863 3708 3050 3762 dicens
3099 3725 3112 3760 :
3151 3726 3167 3756 α
3202 3704 3365 3762 Sedet
3406 3705 3461 3759 in

1880 3803 2088 3862 insidiis
2110 3819 2231 3859 cum
2255 3800 2511 3857 divitibus
2536 3800 2591 3853 in
2615 3797 2842 3854 occultis
2861 3838 2876 3862 ,
2902 3805 2964 3850 ut
2988 3795 3278 3850 interﬁciat
3304 3794 3460 3847 iuno-

1882 3891 2292 3965 centem(Psal.
2337 3891 2434 3961 ιιι).
2483 3910 2503 3942 i
2543 3888 2692 3947 Oculi
2725 3886 2843 3956 ejus
2888 3886 2940 3938 in
2975 3898 3261 3955 pauperem
3291 3883 3467 3952 respi-

1882 3988 2064 4052 ciunt,
2106 3984 2396 4040 insidiatur
2437 3983 2490 4036 in
2518 3972 2732 4036 occulto
2768 3979 2909 4034 sicut
2945 3978 3028 4032 leo
3056 3977 3110 4031 in
3141 3975 3302 4031 cubili
3341 3990 3459 4030 suo.

1883 4078 2173 4134 lnsidiatur
2206 4081 2266 4129 ut
2302 4074 2484 4143 rapiat
2511 4086 2800 4143 pauperem
2846 4087 2859 4121 :
2904 4081 3096 4137 rapere
3138 4079 3427 4136 pauperem
3449 4103 3470 4130 ,

1884 4169 2010 4224 dum
2048 4164 2317 4222 abstrahit
2358 4178 2504 4219 eum.
2532 4161 2589 4217 ln
2620 4160 2814 4230 laqueo
2836 4172 2935 4213 suo
2972 4155 3273 4212 huntiliavit
3310 4170 3467 4219 eum,

1888 4256 2166 4311 inclinavit
2214 4268 2273 4309 se
2315 4262 2371 4309 et
2406 4251 2565 4308 cadet
2608 4264 2736 4305 cum
2758 4246 3123 4303 dominabitur
3147 4258 3468 4314 pauperum.

1891 4346 2174 4420 (Cassiod.)
2214 4346 2380 4401 Actus
2421 4342 2738 4397 Antichristi
2785 4340 3053 4394 latronum
3095 4333 3483 4392 consuetudini.

1892 4436 2353 4509 eomparavit,qui
2382 4433 2622 4501 occultas
2646 4432 2763 4486 vias
2785 4430 3116 4493 insident,ut
3145 4424 3475 4482 interﬁciant

1892 4533 2223 4586 innocentes.
2251 4526 2381 4582 Tale
2408 4525 2551 4581 enim
2581 4521 2897 4578 Antichristi
2921 4532 3139 4590 regnum
3166 4518 3296 4573 dicit
3324 4517 3474 4571 futu~

1894 4636 2034 4683 rum,
2049 4618 2193 4688 quod
2207 4617 2275 4672 ad
2289 4624 2585 4686 martyrum
2604 4626 2857 4669 coronam
2875 4619 2929 4665 et
2949 4607 3241 4664 infidelium
3259 4608 3477 4662 ruinam

1893 4717 2106 4769 constat
2132 4724 2272 4764 .esse
2315 4707 2658 4778 permissum.
2712 4702 2866 4773 Saepe
2905 4702 3049 4757 enim
3078 4701 3132 4754 in
3178 4698 3483 4769 Scriptor-is»

1894 4803 2088 4862 divinis
2129 4801 2324 4856 divites
2370 4800 2423 4854 in
2473 4798 2615 4852 malo
2643 4796 3000 4866 accipiuntur,
3040 4792 3178 4849 sicut
3212 4804 3485 4860 pauperes
3536 4862 3549 4867 α

1898 4896 1951 4951 in
1980 4897 2139 4951 bono.
2163 4890 2475 4947 lnterﬁcere
2494 4903 2621 4943 vero
2644 4882 3007 4941 innocentem'
3026 4892 3109 4938 εει
3130 4881 3195 4936 de
3220 4878 3482 4948 religioso

1899 4986 2079 5042 facere
2106 4984 2428 5052 sacrilegum
2448 5020 2463 5044 ,
2507 4980 2729 5051 ejusque
2757 4978 2991 5031 animam
3018 4978 3276 5043 perpetua
3305 4974 3483 5021 morte

1903 5077 2177 5132 damnare.
2215 5074 2351 5128 Nam
2392 5087 2512 5128 cum
2542 5071 2692 5136 dicit,
2722 5068 2906 5124 oculos
2951 5063 3065 5133 ejus
3092 5063 3145 5117 in
3185 5074 3481 5130 pauperem

1904 5169 2193 5238 respicere,
2235 5182 2342 5221 non
2392 5154 2613 5232 respicit
2656 5171 2715 5216 ut
2760 5157 3085 5230 prospiciat,
3132 5153 3229 5209 sed
3272 5153 3339 5207 ad
3374 5152 3483 5206 hoc

1906 5259 2163 5321 intendit,
2196 5267 2257 5311 ut
2280 5255 2532 5325 perimat.
2565 5253 2795 5307 Leonem
2839 5250 2893 5303 in
2933 5246 3096 5302 cubili
3126 5259 3226 5300 suo
3267 5241 3479 5300 antefa-r

1911 5358 2022 5402 tum
2061 5347 2192 5402 dicit
2208 5344 2625 5406 Antichristum,
2656 5339 2745 5408 qui
2777 5338 3031 5391 atrociter
3051 5346 3105 5391 et
3130 5335 3313 5390 dolose
3338 5333 3490 5387 lace«

1905 5446 2121 5494 raturas
2148 5416 2232 5491 est
2255 5434 2510 5506 populum
2546 5430 2931 5487 Christianum.
2970 5426 3117 5481 Inter
3154 5425 3303 5480 initia
3337 5423 3486 5478 euinr

1906 5529 2207 5603 persecutio
2251 5525 2504 5582 Ecclesiae
2561 5522 2793 5578 violenta
2851 5526 3060 5573 tantum
3108 5516 3240 5578 fuit,
3293 5529 3413 5568 cum
3449 5528 3483 5565 ιι

1908 5619 2131 5690 paganis
2154 5614 2654 5687 proscriptionibus,
2698 5611 2980 5667 tormentis
2997 5648 3011 5673 ,
3037 5608 3270 5663 caedibus
3296 5605 3482 5660 Chris-

1910 5711 2040 5766 tiani
2072 5708 2139 5763 ad
2168 5706 2432 5764 idolorum
2469 5703 2734 5762 sacriﬁcia
2761 5709 3098 5773 cogeretur.
3135 5698 3317 5753 Altera
3344 5696 3486 5750 frau-
