3970 6190
556 298 694 354 lii!)

1192 297 1253 354 Β.
1299 298 1547 355 liABANl
1587 298 1802 355 MAUDI
1841 294 2108 353 AliClilEl

2211 296 2505 353 ilOCDNT.
2548 294 2830 353 OPERUM
2868 294 3045 353 PARS
3079 292 3161 349 lll.

3683 291 3813 345 ιὲὶξι

545 412 758 465 duienta
783 449 799 474 ,
829 425 949 481 qua:
991 425 1134 465 nunc
1175 426 1272 480 per
1317 410 1598 465 haereticos
1642 419 1696 463 et
1739 408 1901 464 falsos
1948 409 2123 480 agitur
2151 412 2201 471 Α
2227 408 2459 464 Domini.
2497 408 2573 463 De
2615 424 2726 479 quo
2749 410 2816 463 ad
2844 409 3007 463 corda
3043 407 3324 462 hominum
3373 407 3521 462 sicut
3565 408 3818 461 lcrientes

544 501 880 556 Christianos
917 520 930 553 :
969 501 1256 556 n0vissima
1284 513 1561 572 superest,
1585 519 1704 572 qua:
1729 519 1825 573 per
1848 502 2122 557 Antichri-

546 603 687 647 stum
714 593 1021 663 prmdicitur
1044 608 1162 647 esse
1176 602 1397 647 ventura
1414 631 1430 656 ,
1458 607 1564 662 qua
1589 593 1722 647 nihil
1745 592 2119 663 periculosius,

546 686 798 753 quoniam
839 683 942 738 erit
972 682 1204 738 violenta
1240 683 1401 738 nimis
1430 700 1494 740 ex
1534 693 1797 753 potestate
1835 684 1983 754 regni
2014 685 2122 739 sin-

546 773 769 843 gularis,
798 781 850 826 et
873 772 1177 842 deceptiosa
1206 771 1513 837 miraculis;
1540 782 1601 826 ut
1624 773 1761 828 sicut
1784 772 2042 827 Dominus
2068 773 2120 827 in

548 862 836 931 Evangelio
868 861 997 916 dicit
1032 881 1045 914 :
1080 861 1313 918 Sedncat
1345 864 1529 924 etiam.
1563 864 1608 917 si
1639 863 1754 917 ﬁeri
1785 872 1982 941 potest,
2014 864 2123 919 ele-

545 963 680 1008 ctos.
712 952 941 1008 Proinde
971 954 1039 1007 ad
1058 953 1166 1007 vim
1194 954 1447 1023 pertinet,
1464 955 1607 1024 quod
1635 954 1870 1024 positum
1900 963 1984 1011 est
2012 950 2119 1020 leo,

545 1045 612 1098 ad
644 1044 792 1100 dolos
819 1045 959 1113 quod
984 1044 1081 1108 ait,
1111 1043 1163 1097 in
1193 1043 1353 1098 cubili
1379 1059 1477 1097 suo
1505 1058 1519 1097 :
1543 1044 1622 1099 sic
1654 1053 1892 1114 utraeque
1919 1045 2118 1114 iniqui-

546 1142 685 1186 tates
725 1131 838 1199 ejus
877 1132 1102 1202 singulis
1146 1134 1488 1188 sermonibus
1532 1133 1869 1187 intimantur.
1909 1132 2121 1203 Rapere

544 1239 672 1277 vero
697 1238 1005 1292 pauperem,
1034 1222 1303 1293 signiﬁcat
1326 1224 1561 1278 subitum
1584 1224 1878 1294 periculum
1905 1226 2117 1287 animae,

542 1316 609 1369 ad
630 1315 770 1383 quod
788 1314 877 1368 ille
903 1314 1320 1370 nefandissimus
1345 1316 1562 1368 trahere
1577 1315 1767 1369 nititur
1782 1315 2115 1372 innocentes.

542 1404 1068 1470 Dmuattrahiteum,
1086 1405 1136 1459 id
1152 1413 1257 1470 est,
1280 1406 1403 1460 dum
1422 1406 1569 1461 illum
1597 1422 1626 1461 a
1644 1407 1870 1464 veritate
1895 1406 2120 1462 cultura:

542 1499 608 1552 ad
638 1499 869 1552 nominis
921 1498 1005 1552 sui
1044 1498 1444 1554 venerationem
1482 1500 1702 1554 molitur
1745 1500 2029 1554 adducere.
2058 1499 2118 1553 lu

543 1589 735 1660 laqueo
766 1604 865 1643 suo
902 1589 1206 1644 humiliavit
1249 1605 1392 1644 eum.
1422 1590 1673 1660 Laqueus
1703 1591 1974 1662 signiﬁcat
2017 1592 2115 1648 d0-

542 1680 675 1745 lum,
706 1696 814 1751 quo
845 1679 1167 1749 simplicium
1198 1681 1363 1735 corda
1390 1682 1698 1750 capiuntur,
1727 1690 1782 1736 et
1809 1681 1953 1737 velut
1975 1682 2117 1738 nodo

2225 499 2455 572 sagitue.
2484 500 2565 556 sic
2593 509 2860 555 terrentes
2888 499 3169 555 sententiae
3198 498 3445 553 veniunt.
3485 496 3643 555 Unde
3671 506 3819 554 recte

2223 604 2437 661 quoque
2479 604 2577 661 per
2623 588 2965 644 Psalmistam
3019 587 3221 643 dicitur
3261 605 3275 641 :
3326 604 3349 639 ι
3405 587 3615 642 Arcum
3658 602 3817 642 siuna

2223 680 2448 736 tetendit
2474 688 2531 735 et
2556 679 2765 750 paravit
2792 678 2961 743 illum,
2987 688 3043 733 et
3060 678 3112 732 in
3142 678 3256 747 ipso
3272 677 3487 747 paravit
3514 691 3647 731 vasa
3674 692 3816 732 mon

2225 768 2552 839 tis,sagittas
2567 782 2694 823 suas
2712 766 3023 823 ardentibus
3036 763 3213 821 eﬂ‘eeit
3229 764 3403 835 (ρεαι.
3426 766 3553 836 vn).
3579 785 3598 816 ι
3616 765 3813 820 Arcum

2224 875 2456 930 namque
2484 874 2640 915 suum
2678 857 2935 913 Dominus
2966 859 3209 920 tetendit,
3238 859 3332 928 qui
3371 858 3597 913 cunctis
3626 873 3813 929 pecca-

2222 948 2430 1003 toribus
2455 963 2555 1017 per
2594 946 2931 1018 Scripturam
2955 955 3215 1003 sanctam.
3248 946 3426 1000 minas
3455 947 3733 1001 exhibuit.
3761 948 3812 1002 la

2220 1057 2329 1112 quo
2352 1058 2478 1098 arcu
2518 1042 2731 1098 scilicet
2767 1057 2893 1096 vasa
2919 1042 3109 1096 mortis
3149 1041 3479 1112 prmparavit
3522 1059 3536 1094 :
3569 1042 3705 1111 quia
3733 1058 3811 1097 se.

2220 1132 2453 1188 cundum
2480 1133 2682 1204 eloquii
2707 1134 2789 1189 sui
2820 1133 3143 1188 sententiam
3174 1147 3269 1187 eos
3297 1133 3395 1202 qui
3424 1149 3577 1188 nunc
3614 1133 3807 1203 corrigi

2219 1222 2523 1295 negligant,
2552 1223 2812 1292 reprobos
2841 1223 3080 1277 damnat.
3113 1223 3169 1277 ln
3210 1239 3319 1293 quo
3361 1226 3537 1279 etiam
3587 1226 3809 1297 sagittas

2220 1327 2347 1367 suas
2374 1314 2630 1368 ardentes
2655 1312 2833 1367 eﬂ'ecit
2849 1351 2865 1377 ,
2894 1313 3020 1382 quia
3042 1314 3108 1369 ad
3134 1328 3228 1369 eos
3257 1330 3394 1384 quos
3416 1330 3523 1385 per
3547 1324 3806 1370 terrorem

2217 1404 2474 1475 corrigit.
2506 1418 2764 1459 accensas
2791 1406 3078 1460 verborum
3109 1406 3408 1461 sententias
3433 1408 3672 1462 emittit.
3704 1429 3721 1458 ι
3754 1409 3810 1462 Et

2218 1493 2414 1563 posuit,
2431 1493 2623 1563 inquit,
2643 1509 2729 1548 me
2749 1494 2892 1549 sicut
2920 1495 3132 1565 signum
3156 1497 3223 1550 ad
3242 1498 3524 1569 sagittam.
3546 1517 3567 1550 ι
3588 1497 3809 1553 Comm

2220 1587 2500 1652 nimirum,
2522 1588 2665 1657 quod
2687 1588 2890 1645 idcirco
2914 1589 3123 1659 signqu
3146 1590 3386 1660 ponitur,
3403 1599 3469 1645 ut
3484 1592 3805 1662 sagittam

2218 1678 2507 1734 emissione
2527 1678 2772 1733 feriatur.
2798 1679 2997 1735 Fidelis
3032 1680 3215 1751 itaque
3250 1680 3483 1752 populus
3511 1683 3565 1736 in
3592 1683 3804 1753 signum

541 1770 911 1839 perversitatis
971 1769 1391 1841 lacrymabiliter
1450 1772 1760 1844 alligantur.
1809 1772 2122 1829 Humiliabit
2151 1759 2197 1819 Β
2224 1769 2364 1824 hosti
2404 1784 2503 1825 suo
2529 1778 2613 1825 est
2638 1770 2845 1841 positus
2884 1772 2978 1840 qui
3017 1786 3138 1827 eum
3177 1773 3291 1828 suis
3328 1773 3533 1829 ictibus
3576 1774 3804 1844 impetit.

542 1873 720 1918 autem
763 1866 897 1918 bene
924 1863 1126 1918 dictum
1152 1874 1233 1919 est
1264 1881 1275 1917 :
1308 1866 1560 1934 quoniam
1590 1865 1656 1922 de
1691 1880 1819 1921 vera
1861 1865 2120 1937 religione
2218 1873 2342 1914 cum
2370 1860 2484 1915 Ellis
2527 1861 2997 1931 persewliollibus
3019 1861 3223 1933 afﬂigit.
3268 1863 3371 1931 Qui
3403 1866 3555 1919 enim
3601 1867 3662 1919 in
3712 1867 3804 1921 hac

539 1954 656 2009 sine
680 1953 841 2008 dubio
863 1954 1082 2017 cadunt,
1113 1955 1202 2022 qui
1232 1956 1300 2009 ad
1328 1955 1513 2011 insana
1546 1955 1795 2027 dogmata
1819 1956 2119 2027 perducun-

541 2055 646 2101 tur.
688 2046 785 2101 Hic
826 2046 938 2116 jam
981 2045 1047 2100 de
1093 2046 1208 2119 ipso
1230 2055 1467 2117 tyranno
1498 2047 1731 2113 dicitur,
1777 2049 1871 2117 qui
1920 2049 1972 2103 in
2021 2048 2116 2104 Dei

538 2155 724 2196 servos
751 2142 1012 2211 permissa
1039 2150 1303 2213 potestate
1335 2144 1686 2219 grassabitur.
1734 2128 2016 2201 lnclinabit
2033 2160 2113 2211 se,

538 2231 590 2285 id
621 2243 723 2297 est,
760 2248 880 2287 cum
914 2233 1151 2288 animmn
1180 2250 1332 2289 suum
1361 2235 1525 2289 nimia
1550 2236 1881 2304 perditorum
1924 2237 2112 2303 acqui-

536 2321 735 2376 sitione
760 2322 1045 2385 remiserit,
1078 2331 1134 2378 et
1154 2323 1305 2393 quasi
1336 2324 1599 2379 malorum
1625 2325 1780 2394 copia
1805 2325 2116 2396 crapulatus

539 2411 591 2465 in
619 2410 833 2481 aliquod
858 2411 1024 2465 otium
1052 2421 1176 2482 post
1213 2421 1521 2467 sanctorum
1549 2427 1740 2483 prunas
1773 2413 2114 2469 aﬂlictiones-

536 2519 643 2573 que
692 2503 1017 2574 pervenerit.
1072 2503 1224 2558 Tunc
1267 2518 1396 2575 ergo
1442 2486 1509 2559 de
1552 2519 1649 2560 sua
1698 2504 2115 2577 praesumptione

534 2595 896 2667 nequissimus
925 2594 1117 2658 cadet,
1145 2596 1361 2664 quando
1391 2594 1464 2648 illi
1491 2610 1612 2651 cum
1653 2595 1766 2650 suis
1788 2595 2113 2664 sequacibus

534 2686 903 2754 supervenerit
953 2685 1264 2755 repentinus
1316 2684 1570 2739 interitus
1626 2699 1641 2738 :
1699 2684 1859 2740 ﬁnem
1917 2685 2113 2755 quippe

533 2774 712 2829 sarculi
744 2774 948 2850 nescit,
993 2776 1247 2844 quoniam
1279 2789 1402 2829 cum
1436 2773 1692 2829 Dominus
1734 2774 1787 2828 in
1835 2789 1931 2829 sua
1961 2783 2112 2843 pote—

532 2874 675 2919 state
695 2865 994 2920 constituit.
1020 2880 1041 2893 ³

606 2961 810 3016 Daleth.
867 2981 884 3013 ‹
940 2961 1190 3019 Teteudit
1238 2975 1426 3021 areum
1465 2975 1654 3033 suum,
1703 2970 1759 3018 et
1801 2962 1982 3033 posuit
2023 2976 2110 3017 me

538 3071 557 3103 ε
593 3053 745 3123 quasi
793 3051 1002 3123 signum
1054 3050 1122 3106 ad
1179 3052 1450 3135 sagittam.
1510 3070 1529 3105 ι
1578 3048 1781 3124 (στος.)
1834 3051 1945 3108 Hoc
1993 3062 2105 3114 est,

532 3143 856 3198 sententiam
901 3142 1091 3210 judicii
1123 3145 1202 3200 sui
1249 3146 1301 3199 in
1330 3159 1419 3201 me
1450 3144 1676 3209 detexit,
1713 3153 1770 3200 et
1798 3154 1951 3200 certe
1998 3145 2106 3200 ictu

532 3232 903 3303 castigationis
930 3234 1207 3303 corripuit.
1231 3235 1404 3289 Arcus
1430 3242 1609 3288 autem
1635 3235 1852 3289 nomine
1873 3235 1926 3289 in
1953 3250 2107 3291 sacro

530 3321 745 3391 eloquio
779 3322 993 3391 aliquan
1017 3325 1067 3378 lo
1102 3323 1363 3379 malorum
1400 3323 1637 3387 insidia},
1676 3322 1966 3395 aliquando
1992 3325 2107 3379 dies

526 3403 719 3475 iudicii
748 3450 763 3475 ,
818 3409 1106 3480 aliquando
1159 3426 1287 3466 vero
1336 3412 1449 3482 ipsa
1496 3413 1683 3468 eadem
1706 3428 1864 3468 sacra
1894 3413 2106 3485 eloquia

532 3500 907 3570 designantur.
958 3500 1062 3555 Per
1107 3516 1291 3555 arcum
1340 3517 1470 3557 vero
1514 3502 1722 3558 insidiae
1767 3503 2103 3574 ﬁgurantur,

532 3591 672 3645 sicut
723 3590 1007 3647 Psalmista
1054 3593 1237 3649 dicit:
1288 3611 1307 3645 ι
1361 3594 1707 3651 intenderunt
1730 3611 1941 3660 arcum,
1991 3612 2105 3653 rem

530 3696 771 3736 amaram
822 3682 1004 3753 (Psal.
1038 3684 1226 3757 mu).
1280 3684 1385 3742 Per
1431 3700 1616 3741 arcum
1662 3702 1874 3756 quoque
1917 3687 2104 3758 iudicii

532 3769 649 3824 dies
675 3770 1009 3840 designatur,
1052 3772 1193 3827 sicut
1232 3787 1327 3843 per
1351 3773 1597 3830 eumdem
1628 3791 1843 3832 rursum
1880 3776 2105 3835 Psalmi-

532 3870 672 3916 stam
715 3862 913 3917 dicitur
942 3881 955 3916 :
993 3882 1012 3913 ι
1046 3862 1336 3921 Ostendisti
1362 3866 1561 3937 populo
1582 3862 1685 3924 tuo
1715 3868 1846 3924 dura
1866 3909 1881 3934 ,
1907 3872 2101 3941 potasti

530 3966 628 4005 nos
651 3951 773 4005 vino
801 3953 1247 4024 compunctionis.
1288 3955 1489 4011 Dedisti
1538 3958 1899 4014 metuentibus
1934 3942 1985 4014 te
2033 3962 2106 4016 si-

529 4042 949 4113 gniﬁcationem,
975 4054 1032 4100 ut
1054 4046 1259 4118 fugiant
1286 4065 1315 4103 a
1348 4048 1487 4106 facie
1518 4066 1678 4106 arcus
1702 4050 1872 4123 (Psal.
1905 4055 2039 4123 ιιι).
2081 4074 2098 4105 ι

531 4130 585 4188 lu
615 4152 740 4189 arcu
771 4137 915 4191 enim
943 4147 1144 4207 quanto
1177 4140 1386 4212 longius
1420 4142 1654 4197 trahitur
1685 4144 1922 4211 chorda,
1955 4154 2106 4199 tanto

527 4223 593 4281 dc
615 4242 677 4282 eo
699 4227 993 4283 districtior
1015 4230 1127 4284 exit
1151 4232 1365 4300 sagitta.
1394 4231 1486 4287 Sic
1507 4234 1762 4290 nimirum
1782 4235 1865 4291 sic
1877 4238 2104 4292 extremi

520 4314 711 4384 judicii
739 4318 884 4385 dies,
928 4329 1131 4389 quanto
1164 4320 1320 4393 longe
1355 4321 1600 4379 differtur
1630 4334 1691 4380 ut
1716 4326 1926 4392 veniat,
1956 4335 2105 4381 tanto
2204 4340 2261 4385 et
2285 4339 2460 4385 tamen
2480 4345 2701 4386 manum
2722 4331 2788 4386 ad
2808 4330 3101 4386 vindictam
3124 4347 3231 4386 non
3253 4341 3561 4387 commovet
3591 4350 3608 4386 :

2135 3111 2181 3172 C

2219 1951 2327 2007 vita
2354 1953 2571 2011 assidue
2593 1953 2730 2008 mala
2756 1954 2983 2017 tolerat,
3006 1955 3147 2010 velut
3175 1956 3227 2010 in
3251 1957 3409 2027 signo
3432 1958 3657 2027 positus
3676 1960 3806 2014 ictus

2217 2043 2444 2114 suscipit
2471 2041 2735 2099 ferientis.
2770 2044 2922 2101 Unde
2946 2055 2999 2100 et
3034 2047 3352 2115 praedicator
3379 2049 3644 2119 egregius
3689 2063 3803 2103 eum

2214 2135 2648 2205 persecutionum
2682 2135 2819 2190 mala
2870 2136 3163 2199 toleraret,
3212 2146 3375 2209 atque
3405 2142 3513 2194 sub
3542 2155 3802 2210 perseeu-

2216 2224 2361 2279 tione
2385 2224 2817 2281 adversariorum
2839 2236 3106 2296 gemeret,
3137 2238 3380 2283 teneram
3408 2231 3802 2302 discipulorum

2214 2324 2450 2372 mentem
2476 2318 2543 2371 de
2565 2317 2677 2373 suis
2704 2316 3081 2375 aﬂlictionibus
3110 2321 3422 2378 consolatus
3448 2325 3532 2378 ait
3583 2343 3596 2377 :
3652 2345 3671 2375 ι
3706 2325 3799 2396 1ρά

2213 2408 2357 2463 enim
2398 2408 2551 2464 scitis
2574 2410 2699 2479 quia
2745 2409 2801 2464 in
2839 2409 2943 2465 hoc
2984 2411 3144 2482 positi
3192 2427 3398 2467 sumus.
3441 2434 3459 2466 ι
3496 2415 3578 2470 Ac
3620 2416 3677 2470 si
3729 2418 3799 2470 eis

2215 2507 2401 2568 aperte
2427 2497 2574 2557 dicat
2608 2519 2622 2555 :
2658 2519 2677 2550 ο
2716 2500 2854 2569 Quid
2883 2503 2937 2557 in
2964 2503 3068 2561 hoc
3088 2511 3329 2575 tempore
3357 2505 3585 2561 vulnera
3618 2518 3794 2563 nostra

2213 2589 2519 2643 miramini?
2547 2589 2649 2657 Qui
2698 2592 2743 2646 si
2778 2600 2977 2647 :eterna
3005 2594 3197 2664 gaudia
3237 2595 3568 2664 quarrimus,
3599 2597 3710 2651 huc
3735 2599 3795 2650 ad

2214 2678 2317 2734 hoc
2346 2680 2594 2735 venimus
2623 2689 2683 2735 ut
2712 2681 2969 2737 feriantur
2999 2682 3051 2755 (1
3084 2682 3261 2738 Thess.
3290 2684 3392 2754 ιιι).
3436 2704 3455 2735 ο

2283 2771 2385 2845 Ile.
2417 2794 2435 2824 ι
2475 2773 2618 2829 Misit
2646 2776 2698 2828 in
2725 2776 2945 2833 renibus
2971 2778 3107 2833 meis
3129 2777 3266 2845 ﬁlias
3292 2779 3570 2848 pharetrae
3592 2795 3727 2835 sua.
3770 2800 3787 2829 ι

2214 2868 2482 2939 (meram)
2532 2864 2697 2924 Filias
2750 2869 3016 2940 pharetra:
3058 2872 3283 2941 sagittas
3309 2871 3460 2926 dicit.
3494 2871 3644 2928 Misit
3668 2889 3792 2943 ergo

2214 2962 2265 3015 in
2306 2961 2521 3015 renibus
2556 2959 2693 3014 ﬁlias
2721 2959 3020 3030 pharetrae,
3075 2976 3198 3017 cum
3240 2963 3480 3017 carnalia
3525 2965 3791 3020 desideria

2213 3055 2266 3109 in
2300 3053 2609 3110 hominibus
2629 3050 2783 3121 juxta
2815 3055 3032 3110 modum
3064 3055 3479 3124 dispensationis
3513 3072 3647 3112 suas
3661 3073 3788 3112 oon-

2209 3159 2342 3215 grua
2370 3142 2729 3215 castigatione
2754 3144 3035 3215 corripuit.
3078 3144 3153 3200 De
3179 3145 3281 3199 hac
3301 3146 3499 3216 quippe
3538 3146 3788 3216 pharetra

2212 3238 2264 3292 in
2289 3236 2390 3295 Job
2428 3238 2500 3292 ita
2543 3236 2804 3307 scriptum
2849 3245 2978 3293 est:
3016 3255 3034 3287 ι
3080 3238 3395 3292 Pharetratn
3440 3239 3593 3293 enim
3640 3255 3787 3295 suam

2210 3325 2438 3395 aperuit,
2479 3335 2535 3380 et
2577 3324 2767 3381 aﬂlixit
2799 3339 2886 3380 me
2915 3325 3038 3397 (Job
3092 3326 3196 3399 ιιι).
3238 3347 3255 3379 ι
3294 3328 3434 3395 Quid
3462 3343 3565 3397 per
3594 3331 3761 3399 phase

2209 3429 2346 3475 tram
2376 3419 2493 3484 Dei,
2523 3418 2625 3475 nisi
2648 3417 2917 3475 occultum
2941 3418 3224 3477 consilium
3252 3419 3589 3491 designatur.
3620 3421 3788 3493 Sagit-

2182 3513 2318 3565 ‘tam
2365 3527 2494 3568 vero
2528 3513 2595 3568 de
2636 3513 2893 3581 pharetra
2941 3513 3202 3568 Dominus
3234 3512 3421 3581 ejicit,
3452 3516 3677 3583 quando
3724 3520 3785 3567 «τε

2206 3603 2419 3658 occulto
2439 3603 2629 3672 iudicii
2656 3605 2885 3661 consilio
2927 3615 3171 3673 apertam
3192 3607 3526 3662 sententiam
3571 3610 3779 3663 emittit.

2206 3690 2357 3757 Quod
2380 3693 2526 3747 enim
2556 3692 2857 3765 ﬂagellatur
2888 3695 3137 3765 quisque,
3165 3695 3566 3761 cognoscimus,
3598 3702 3697 3751 sed
3720 3714 3782 3750 ex

2205 3796 2311 3851 qua
2356 3797 2521 3838 causa
2567 3783 2836 3855 ﬂagellum
2877 3786 3058 3840 veniat
3102 3786 3447 3856 ignoramus?
3474 3785 3618 3842 Cum
3659 3802 3783 3841 vero

2206 3883 2328 3944 post
2352 3873 2557 3947 ﬂagella
2581 3876 2706 3931 vitte
2738 3878 3003 3932 correctio
3024 3878 3288 3947 sequitur,
3316 3877 3481 3931 etiam
3514 3877 3634 3948 ipsa
3657 3891 3783 3932 con-

2205 3963 2313 4018 silii
2340 3963 2514 4020 virtus
2543 3965 2801 4034 aperitur.
2824 3965 3084 4021 Pharetra
3110 3966 3272 4038 igitur
3293 3965 3477 4021 clausa
3498 3974 3592 4021 est
3613 3966 3783 4023 mnsi-

2205 4052 2333 4107 lium
2349 4053 2637 4119 occultum,
2652 4053 2749 4109 sed
2766 4065 2953 4125 aperta
2973 4056 3224 4125 pharetra
3240 4054 3550 4126 aﬂligimur,
3570 4059 3781 4128 quando

2204 4160 2303 4216 per
2343 4146 2396 4202 id
2424 4145 2566 4217 quod
2607 4156 2731 4217 post
2773 4145 3041 4217 ﬂagellum
3097 4148 3355 4218 sequitur,
3402 4162 3514 4218 quo
3561 4151 3779 4206 mmihi)

2204 4238 2538 4311 ﬂagellamur
2568 4240 2847 4303 videmus,
2888 4240 3014 4295 cum
3049 4249 3269 4311 peccata
3318 4240 3585 4297 Dominus
3616 4243 3777 4307 videt,

3630 4348 3775 4403 quasi

528 4424 651 4514 Icum
683 4409 890 4463 venerit
936 4412 1002 4465 de
1054 4412 1145 4465 illo
1190 4412 1485 4470 districtior
1523 4416 1789 4472 sententia
1834 4420 2098 4499 procedit.
2128 4455 2179 4514 υ
2203 4419 2440 4476 clausam
2463 4421 2775 4490 pharetram
2808 4429 2976 4486 tenet,
3001 4421 3096 4476 sed
3121 4420 3365 4477 feriendo
3385 4421 3777 4491 indicatquan-

528 4494 732 4549 Idcirco
760 4507 937 4551 autem
969 4515 1111 4554 nunc
1140 4499 1370 4558 diversis
1397 4501 1637 4559 cladibus
1664 4507 2013 4576 percutimur,
2043 4496 2102 4562 ut

533 4585 616 4638 his
640 4590 865 4643 correcti
890 4590 1187 4657 paratiores
1220 4600 1345 4647 tunc
1368 4593 1596 4648 inveniri
1626 4595 1919 4651 valeamus.
1947 4596 2101 4654 Unde

531 4674 636 4728 illic
661 4678 992 4743 prtemissum
1022 4690 1106 4734 eSt
1133 4699 1145 4733 :
1180 4699 1198 4731 ι
1230 4682 1519 4738 Ostendisti
1545 4685 1744 4754 populo
1771 4695 1861 4742 tuo
1886 4688 2039 4752 dura,
2070 4707 2090 4739 ι

528 4764 736 4836 ﬂagella
765 4766 1012 4823 videlicet
1037 4771 1251 4836 saeculi,
1290 4787 1408 4842 qua:
1435 4783 1746 4829 secuturum
1776 4777 2099 4846 graviusju-

530 4855 653 4909 dicii
683 4855 823 4909 diem
855 4868 1210 4927 praecurrunt.
1250 4879 1268 4911 ι
1307 4860 1510 4918 Potasti
1549 4878 1649 4920 nos
1686 4864 1815 4921 vino
1837 4881 2099 4938 compun-

527 4944 744 5011 ctionis,
771 4964 789 4997 ι
820 4956 879 4999 ιιι
903 4954 1115 5002 terrena
1145 4949 1339 5019 gaudia
1365 4950 1419 5005 in
1443 4951 1709 5024 lacrymas
1735 4964 2096 5011 verterentur.

534 5056 553 5089 ι
585 5038 785 5094 Dedisti
810 5041 1173 5096 metuentibus
1194 5049 1244 5096 te
1262 5042 1734 5114 signiﬁcationem,
1756 5054 1816 5103 ut
1837 5046 2044 5119 lugiant
2066 5063 2098 5103 a

529 5127 663 5183 facie
686 5143 864 5183 arcus.
886 5149 905 5181 ι
928 5129 1005 5185 Ac
1024 5130 1069 5184 si
1095 5129 1327 5185 diceret:
1349 5130 1461 5188 Hoc
1487 5142 1695 5203 tempus
1715 5135 2100 5192 misericordia:

524 5228 628 5285 est,
675 5220 803 5276 illud
835 5230 1045 5292 tempus
1083 5221 1269 5291 judicii
1319 5225 1443 5279 erit.
1492 5224 1595 5280 Per
1628 5227 1732 5281 ista
1775 5241 1904 5298 ergo
1943 5226 2102 5295 hujus

529 5310 784 5382 temporis
814 5310 1020 5382 ﬂagella
1048 5314 1338 5383 signiﬁcas,
1362 5316 1631 5385 quomodo
1658 5325 1785 5372 tunc
1812 5330 2097 5387 percussu-

530 5417 621 5456 rus
656 5401 1081 5477 [persecuturus]
1108 5420 1199 5470 es,
1230 5408 1445 5475 quando
1475 5422 1580 5461 non
1607 5423 1837 5479 parcens
1849 5407 2094 5477 judicas,

524 5493 616 5561 qui
654 5494 730 5548 sic
769 5495 1014 5550 districte
1052 5499 1211 5551 modo
1243 5498 1480 5567 percutis
1509 5499 1723 5569 quando
1757 5499 1953 5568 parcis.
1981 5500 2097 5554 Ali-

524 5582 741 5647 quando
768 5585 910 5639 enitn
948 5599 1046 5654 per
1069 5601 1252 5640 arcum
1279 5588 1441 5642 etiam
1465 5603 1619 5643 sacra
1650 5588 1928 5660 Scriptura
1957 5594 2097 5650 desi-

525 5680 740 5740 gnatur.
778 5673 893 5747 ipsa
920 5691 1133 5744 quoque
1178 5693 1335 5733 arcus
1363 5680 1598 5736 Ecclesia
1622 5722 1637 5746 ,
1670 5682 1781 5752 ipsa
1814 5701 1972 5741 arcus
2017 5696 2098 5741 est

2204 4521 2317 4566 tum
2358 4512 2411 4568 ei
2460 4512 2512 4566 in
2557 4511 2714 4567 nobis
2769 4512 3042 4583 displicuit
3083 4514 3186 4568 hoc
3222 4514 3381 4582 quod»
3403 4513 3497 4569 diu
3551 4515 3776 4571 videndo

2202 4601 2469 4655 toleravit.
2500 4600 2771 4672 ("iet-on.)
2793 4601 2942 4655 Alias
2970 4617 3201 4671 namque
3229 4604 3298 4658 de
3326 4604 3527 4675 sagitta
3560 4614 3620 4660 et
3646 4606 3774 4675 plna.

2202 4701 2344 4748 retra
2374 4692 2426 4747 in
2456 4691 2594 4746 Isaia
2621 4692 2829 4762 legitur,
2857 4692 2951 4747 ubi
2978 4693 3049 4747 ita
3075 4693 3336 4763 scriptum
3359 4704 3444 4749 est
3474 4713 3491 4749 :
3539 4714 3562 4746 ι
3594 4695 3772 4750 Posuit

2201 4798 2288 4839 me
2320 4784 2459 4838 sicut
2486 4784 2738 4856 sagittam
2770 4783 3035 4851 electam,
3064 4793 3122 4840 et
3147 4787 3201 4841 in
3244 4784 3501 4856 pharetra
3530 4802 3633 4842 sua
3658 4790 3774 4843 abs

2199 4875 2384 4930 condit
2410 4890 2518 4940 me,
2567 4893 2585 4925 ι
2615 4885 2721 4931 etc.
2748 4874 2884 4947 (lsa.
2913 4875 3083 4948 ms).
3111 4875 3334 4943 Quando
3369 4878 3503 4934 dicit
3527 4880 3769 4952 saginam

2199 4966 2447 5032 electam,
2469 4967 2705 5023 ostendit
2728 4967 2927 5024 habere
2953 4969 3118 5024 Deum
3146 4969 3374 5040 sagittas
3404 4969 3698 5041 plurimas,
3719 4979 3771 5025 et

2201 5072 2311 5112 non
2335 5058 2554 5114 electas.
2586 5057 2716 5124 Quae
2737 5059 2946 5130 sagitta:
2963 5060 3237 5130 prophetae
3266 5069 3421 5124 sunt,
3442 5069 3502 5115 et
3523 5062 3765 5131 apostoli.

2201 5148 2292 5219 qui
2321 5148 2372 5202 in
2398 5156 2511 5203 toto
2532 5148 2665 5207 orbe
2690 5149 3021 5213 discurrunt,
3041 5149 3108 5203 de
3137 5148 3331 5218 quibus
3351 5158 3409 5205 et
3434 5151 3492 5205 in
3520 5152 3633 5207 alio
3657 5151 3768 5207 loco

2202 5236 2414 5290 canitur
2443 5251 2459 5289 :
2501 5254 2521 5286 ι
2546 5234 2765 5307 Sagitta:
2797 5247 2899 5291 tua:
2932 5245 3107 5291 acuta!
3141 5239 3516 5305 potentissime
3537 5282 3553 5303 ,
3594 5242 3764 5311 populi

2201 5325 2303 5381 sub
2332 5332 2385 5380 te
2403 5325 2619 5381 cadent.
2649 5344 2666 5378 ι
2699 5325 3010 5381 Ειίωτυιιιε
3039 5344 3060 5375 ‹
3087 5327 3309 5396 Sagitta
3327 5330 3565 5398 potentis
3578 5340 3760 5387 aqua.

2200 5428 2323 5467 cum
2354 5412 2681 5468 carbonibus
2703 5414 3038 5473 desolatoriis
3062 5410 3234 5486 (Paul.
3269 5417 3439 5486 xuv).
3476 5437 3497 5470 ι
3527 5419 3764 5474 Christus

2200 5511 2382 5559 autem
2401 5504 2469 5557 de
2494 5503 2679 5560 multis
2699 5505 2925 5575 sagittis,
2950 5514 3007 5560 et
3031 5506 3156 5561 ﬁliis
3176 5506 3423 5577 plurimis
3450 5524 3556 5563 una
3578 5510 3760 5581 sagitta

2199 5595 2392 5661 electa,
2414 5605 2470 5651 et
2500 5595 2641 5652 ﬁlius
2665 5597 2971 5667 unigenitus
2993 5608 3101 5664 est,
3125 5614 3287 5668 quam
3314 5600 3368 5654 in
3394 5601 3650 5670 pharetra
3671 5615 3758 5654 sua

2201 5686 2500 5752 abscondit,
2531 5686 2583 5742 id
2609 5696 2693 5742 est
2733 5688 2786 5742 in
2814 5688 3050 5745 humano
3088 5704 3332 5759 corpore,
3366 5703 3424 5747 ut
3469 5692 3671 5748 habitet
3708 5692 3758 5744 in
