3970 6190
319 336 442 390 I22!

1183 332 1547 391 EXPOSITIO
1587 333 1812 391 SUPER
1850 333 2215 397 JEBEMIAM.
2259 368 2322 378 —-
2364 336 2492 393 LIB.
2536 335 2678 392 XIX.

3432 344 3449 400 t
3464 347 3565 401 22:1.

308 467 374 508 eo
408 446 1009 520 plenitudo-divinitatis
1034 448 1406 517 corporaliter,
1444 458 1694 519 recteque
1733 456 1879 504 esset
1906 452 1953 511 Α
1982 463 2068 503 me
2096 449 2385 505 absinthio.
2423 472 2441 501 ›
2476 470 2495 503 ι
2525 452 2636 507 lloc
2659 461 2762 517 est,
2795 451 3012 508 abstulit
3040 455 3170 509 mibi
3197 472 3350 512 usum
3372 460 3566 516 edendi

307 538 641 596 credentium
669 537 824 603 ﬁdes,
852 538 938 593 cui
964 546 1016 592 et
1035 552 1197 608 supra
1229 539 1425 593 dicitur
1455 557 1468 591 :
1501 558 1518 591 ι
1553 538 1632 592 Tu
1658 554 1720 593 es
1741 538 1884 594 Deus

260 653 276 665 ι
308 630 657 688 absconditus
707 636 763 684 et
809 627 1184 684 nesciebamus
1237 626 1409 701 (Paul.
1465 630 1644 699 ests);
1697 648 1716 680 ι
1764 645 1885 698 quze

307 719 507 793 sagitta
526 730 581 776 et
601 734 798 789 sponsa
823 719 1017 774 vulnus
1038 720 1310 789 accipiens
1328 719 1569 788 loquitur
1587 721 1641 774 in
1662 719 1887 775 Cantico

308 813 641 870 canticorum
675 829 690 865 :
734 829 753 862 ι
786 810 1076 867 Vulnerata
1107 811 1388 866 eharitatis
1416 827 1517 883 ego
1535 828 1674 867 sum.
1719 831 1738 865 ι

380 902 484 957 He.
518 920 537 953 ι
573 901 773 957 Factus
801 917 920 956 sum
949 902 1002 956 in
1037 901 1273 956 derisum
1305 901 1452 956 omni
1484 901 1678 972 pepulo
1722 916 1844 956 meo
1868 942 1884 967 ,

314 1016 331 1045 ι
369 993 638 1051 canticum
663 1008 851 1049 eorum
901 1001 1011 1048 tota
1040 993 1145 1051 die.
1187 993 1478 1065 (Maenas)
1527 1012 1547 1045 ι
1582 994 1889 1050 Derisiones

308 1085 491 1156 populi
519 1084 603 1141 sui
646 1085 904 1156 propheta
940 1099 1133 1156 passus
1162 1093 1266 1151 est,
1310 1086 1528 1156 quando
1551 1086 1735 1141 verbis
1772 1083 1888 1154 ejus

310 1191 416 1231 non
446 1173 761 1237 credebant,
792 1175 901 1228 imo
921 1175 1324 1245 repugnabant,
1353 1176 1592 1231 dicentes
1621 1176 1687 1230 ad
1714 1192 1836 1230 eum
1871 1194 1885 1229 :

315 1285 335 1317 ‹
369 1264 705 1320 Mendacium
733 1271 785 1318 tu
809 1263 1068 1333 loqueris,
1096 1281 1203 1321 non
1229 1266 1377 1321 misit
1394 1276 1446 1321 te
1467 1267 1724 1322 Dominus
1749 1268 1890 1322 Deus

309 1365 494 1411 noster
529 1354 666 1426 (Jer.
706 1354 880 1425 xuii).
928 1376 949 1408 ι
985 1356 1159 1411 Aliter
1189 1357 1273 1413 his
1304 1357 1486 1412 verbis
1528 1358 1657 1413 illud
1691 1365 1891 1413 sancte

310 1448 566 1504 Ecclesiae
595 1457 807 1518 tempus
827 1447 1169 1517 exprimitur,
1196 1463 1302 1517 quo
1331 1447 1548 1517 publice
1584 1464 1614 1502 a
1649 1450 1891 1519 reprohis

310 1539 598 1603 irridetur,
651 1537 868 1607 quando
926 1536 1125 1606 iniquis
1175 1539 1545 1594 crescentibus
1588 1538 1645 1593 in
1692 1554 1892 1610 oppro-

310 1629 512 1693 brium,
546 1626 678 1683 lides
704 1637 759 1682 et
779 1627 980 1682 veritas
1001 1627 1106 1681 erit
1137 1628 1191 1681 in
1214 1628 1440 1682 crimine
1471 1647 1484 1683 :
1516 1637 1666 1684 tanto
1695 1630 1892 1701 quippe

310 1719 684 1789 unusquisque
730 1719 1033 1789 despectior
1082 1720 1224 1785 erit,
1278 1728 1481 1789 quanto
1527 1720 1725 1792 justior
1771 1737 1893 1778 esse

1983 546 2038 593 et
2050 537 2197 607 pavit
2210 548 2364 607 pastu
2388 538 2582 596 inutili.
2601 540 2804 613 (Greg.)
2825 542 3047 613 Mystice
3059 552 3237 598 autem
3256 545 3308 598 in
3327 545 3568 617 Scriptu-

1983 642 2043 681 ra
2072 641 2231 681 saera
2276 627 2467 683 dentes
2505 627 2792 698 aliquando
2814 632 3227 700 praedicatores,
3276 634 3568 704 aliquando

1983 724 2325 779 verointerui
2340 724 2510 794 accipi
2526 740 2716 780 sensus
2726 725 2919 780 solent.
2938 727 3014 781 De
3039 728 3244 782 sanctis
3266 728 3405 782 enim
3428 744 3567 797 prae-

1984 815 2318 872 dicatoribus
2356 830 2566 886 sponsae
2592 816 2795 871 dictum
2829 826 2913 872 est
2956 835 2968 870 :
3019 836 3038 869 ε
3076 818 3273 874 Dentes
3303 819 3379 873 tui
3426 820 3569 874 sicut

1986 918 2177 978 greges
2210 915 2488 962 tonsarum
2518 921 2637 976 qua:
2665 909 3025 962 ascenderunt
3052 909 3118 963 de
3147 907 3361 963 lavacro
3386 906 3562 979 (Cant.

1985 995 2083 1066 Iv).
2102 988 2137 1047 ἰ
2172 995 2325 1051 Unde
2351 1004 2407 1050 et
2429 995 2521 1049 uni
2544 1009 2729 1049 eorum
2775 997 3005 1051 ostensis
3036 998 3088 1050 in
3121 996 3290 1067 figura
3319 999 3568 1067 gentbus

1987 1085 2189 1142 dicitur
2222 1103 2235 1141 :
2272 1103 2291 1138 ι
2326 1085 2501 1141 Macta
2526 1094 2581 1140 et
2626 1086 2911 1141 manduca.
2949 1108 2967 1139 ι
3003 1087 3060 1144 ld
3097 1097 3200 1154 est,
3243 1098 3567 1143 vetustatem

1987 1195 2175 1234 carum
2202 1189 2444 1242 contere,
2465 1187 2518 1232 et
2542 1178 2593 1232 in
2614 1191 2810 1247 corpus
2830 1178 3106 1243 Ecclesize,
3120 1180 3370 1235 videlicet
3394 1180 3445 1233 in
3475 1188 3565 1233 tua

1990 1270 2230 1325 membra
2264 1278 2533 1324 converte.
2591 1268 2825 1323 Rursum
2878 1269 3002 1339 quia
3050 1271 3238 1325 dentes
3285 1272 3568 1327 interiores

1988 1373 2183 1413 sensus
2208 1357 2379 1427 accipi
2410 1357 2608 1421 solent,
2653 1354 2915 1411 Jetemias
2946 1358 3204 1427 propheta
3231 1374 3375 1412 nunc
3400 1369 3566 1413 testa-

1991 1456 2098 1514 tur,
2140 1448 2326 1503 dicens
2362 1464 2377 1501 :
2426 1466 2444 1499 ‹
2483 1445 2664 1518 Fregit
2685 1447 2753 1501 ad
2780 1462 3066 1501 numerum
3105 1448 3295 1504 dentes
3335 1464 3500 1504 meos.
3540 1470 3559 1502 ι

1990 1538 2096 1594 Per
2119 1540 2306 1595 dentes
2334 1539 2531 1593 etenim
2558 1539 2712 1594 cibus
2737 1536 3007 1609 frangitur
3035 1545 3092 1592 ut
3110 1538 3383 1609 glutiatur.
3417 1539 3567 1595 Unde

1989 1644 2098 1683 non
2139 1628 2412 1683 immerito
2445 1626 2696 1682 dentibus
2740 1626 2981 1682 internas
3008 1641 3201 1681 sensus
3240 1628 3564 1697 accipimus,

1992 1723 2083 1791 qui
2131 1720 2496 1792 singula'qute
2527 1718 2769 1790 cogitant
2803 1720 2961 1789 quasi
2998 1720 3257 1773 mandunt
3303 1727 3358 1773 et
3416 1734 3564 1774 eont-

310 1809 575 1879 potuerit;
600 1809 1191 1874 tantoabominabilior,
1209 1826 1315 1880 quo
1333 1810 1669 1867 laudabilior.
1687 1810 1887 1868 Sancta
1921 1799 1963 1857 Β
1992 1813 2276 1875 minuunt,
2334 1821 2497 1880 atque
2554 1810 2619 1864 ad
2666 1818 2912 1864 ventrem
2966 1810 3239 1865 memoriae
3293 1810 3568 1864 transmit-

310 1900 494 1969 itaque
504 1899 799 1956 electorum
823 1900 1067 1956 Ecclesia
1087 1899 1389 1956 aﬂlictionis
1411 1909 1650 1972 tempore
1673 1918 1892 1972 prover-

310 1990 457 2045 bium
482 1990 665 2061 pravis
709 1988 964 2057 eilicitur,
996 1991 1119 2058 quia
1143 2005 1266 2044 eum
1294 1990 1468 2045 bonos
1492 1992 1630 2047 mori
1661 2007 1757 2060 per
1783 2001 1891 2046 tor-

310 2088 491 2134 menta
513 2080 872 2149 conspiciunt,
888 2079 958 2134 ab
974 2080 1055 2134 eis
1073 2078 1478 2135 similitudinem
1500 2079 1893 2137 maledictionis

312 2179 551 2226 sumunt.
584 2169 686 2238 Qui
712 2170 856 2225 enim
894 2169 1261 2225 transitoriam
1297 2179 1533 2225 mortem
1569 2172 1771 2237 vident,
1797 2173 1893 2227 sed

311 2270 713 2330 permanentem
740 2260 907 2314 vitam
940 2274 1047 2315 non
1077 2259 1261 2316 vident
1291 2277 1304 2313 :
1353 2268 1505 2316 tanto
1538 2262 1710 2332 magis
1753 2262 1894 2317 deri-

313 2350 489 2405 denda
510 2350 650 2413 mala
670 2350 955 2420 przesentia
972 2348 1202 2421 fugiunt,
1226 2359 1428 2419 quanto
1450 2366 1547 2421 per
1565 2351 1892 2408 intellectum

313 2440 640 2499 intrinsecus
657 2439 723 2494 ad
744 2440 884 2494 bona
905 2440 1278 2509 permanentia
1299 2454 1406 2495 non
1427 2430 1758 2511 pertingant.
1785 2440 1892 2497 Sed

313 2533 416 2588 scit
442 2540 629 2591 sancta
658 2532 900 2589 Ecclesia
945 2532 1000 2587 in
1034 2533 1374 2603 passionibus
1413 2548 1692 2599 crescere,
1733 2541 1893 2603 atque

316 2623 461 2678 inter
481 2622 770 2694 opprobria
814 2622 1183 2678 honorabilem
1217 2624 1383 2677 vitam
1411 2631 1598 2679 teneri.
1626 2634 1749 2690 sent,
1793 2639 1895 2680 nec

317 2716 385 2772 de
421 2714 665 2771 adversis
700 2713 877 2783 d~jici,
908 2729 1010 2771 nec
1032 2714 1099 2771 de
1139 2715 1411 2786 prosperis
1454 2716 1705 2788 gloriari;
1746 2716 1895 2772 novit

317 2812 503 2861 contra
529 2819 786 2875 prospera
806 2815 1041 2861 mentem
1064 2820 1216 2860 suam
1230 2806 1293 2860 in
1313 2806 1612 2876 dejectione
1627 2816 1891 2873 sternere,

316 2897 467 2953 novit
479 2904 668 2952 contra
688 2897 913 2951 adversa
933 2896 1172 2951 animum
1188 2897 1256 2951 ad
1275 2912 1426 2967 spem
1455 2896 1674 2967 superni
1701 2896 1893 2953 Culmi-

318 2992 403 3048 nis
420 2990 690 3057 exaltare;
709 2992 815 3057 scit
824 2991 964 3046 bona
982 3007 1077 3045 sua
1108 2992 1493 3048 misericordiae
1513 2993 1890 3064 redemptoris,

317 3083 421 3139 scit
437 3083 573 3136 mala
591 3097 689 3140 sua
706 3080 933 3150 iustitiae
959 3082 1257 3137 retribuere
1278 3081 1499 3152 judicis,
1523 3082 1666 3152 quod
1681 3091 1736 3137 et
1754 3083 1891 3137 bona

317 3171 410 3226 illo
432 3172 696 3243 largiente
706 3141 892 3228 'hahea
900 3179 940 3239 t,
955 3179 1011 3228 et
1023 3171 1160 3227 mala
1176 3170 1267 3225 illo
1277 3141 1618 3241 permittente
1630 3172 1886 3242 patiatur.
1919 3141 1964 3202 (ἶ

390 3262 477 3318 Hc
508 3283 526 3315 ι
556 3262 797 3335 Replevit
838 3278 925 3320 me
955 3263 1341 3330 amaritudine,
1373 3271 1430 3319 et
1474 3263 1761 3320 inebriavit
1807 3280 1894 3321 me

324 3376 342 3409 ι
391 3354 683 3411 absinthio.
729 3375 748 3408 ι
784 3353 1075 3427 (Mannum)
1120 3353 1495 3410 Amaritudine
1545 3355 1807 3425 repletum
1834 3370 1895 3411 se

319 3446 580 3515 propheta
608 3446 839 3512 asserit,
866 3446 991 3516 quia
1038 3460 1144 3500 non
1171 3452 1281 3499 tam
1310 3446 1376 3501 de
1413 3461 1506 3501 sua
1550 3446 1891 3513 calamitate,

320 3552 481 3608 quam
511 3535 580 3592 de
602 3537 930 3594 enutritione
956 3535 1137 3608 populi
1174 3536 1257 3590 sui
1289 3536 1473 3592 dolore
1498 3537 1745 3592 anxiatus
1786 3545 1891 3593 est.

324 3625 475 3681 Unde
497 3626 662 3681 trahit
687 3626 754 3681 ad
787 3625 1191 3681 similitudinem
1225 3625 1493 3695 potionem
1534 3626 1715 3682 herba:
1740 3642 1891 3681 ama-

320 3717 720 3788 rissima2,quia
764 3717 919 3775 valde
967 3715 1222 3772 aﬂlictum
1264 3731 1323 3772 se
1361 3717 1506 3773 videt
1553 3718 1893 3773 inimicorum

320 3806 708 3883 devastatione.
755 3806 977 3879 Mystiee
1015 3816 1196 3862 autem
1232 3805 1497 3863 Jeremias
1542 3807 1705 3883 totius
1752 3810 1805 3862 in
1834 3823 1893 3864 se

321 3880 569 3953 humanae
595 3897 1021 3954 conversationis
1038 3898 1274 3968 speciem
1297 3911 1539 3963 sumens,
1566 3880 1664 3968 per
1689 3895 1895 3951 lamen-

321 3998 437 4045 tum
494 3989 779 4059 queritur,
837 3988 1023 4044 dicens
1072 4003 1088 4041 :
1147 3986 1430 4043 Inebriavit
1476 4003 1557 4042 me
1611 3986 1889 4042 absint/tio.

319 4080 515 4137 Ebrius
534 4079 763 4151 quisque
801 4080 945 4150 quod
968 4079 1173 4149 patitur
1194 4082 1387 4141 nescit,
1420 4078 1512 4150 qui
1541 4092 1671 4133 vero
1696 4078 1882 4135 absin-

319 4172 435 4226 thio
464 4170 779 4237 inebriatur,
808 4179 862 4226 et
887 4170 993 4227 hoc
1016 4170 1157 4241 quod
1181 4170 1411 4241 sumpsit
1432 4184 1677 4224 amarum
1704 4176 1807 4235 est,
1836 4177 1893 4223 et

320 4271 504 4319 tamen
552 4278 655 4319 non
716 4262 968 4334 intelligit
1027 4262 1273 4318 eamdem
1324 4260 1735 4323 amaritudinem
1787 4275 1893 4330 qua

324 4353 580 4425 repletur.
614 4353 914 4409 Humanum
963 4354 1128 4425 igitur
1153 4368 1324 4425 genus
1370 4359 1522 4408 recto
1556 4351 1651 4407 Dei
1688 4350 1893 4419 judicio

1993 1914 2131 1961 tunt.
2164 1903 2309 1972 Quos
2330 1904 2589 1973 propheta
2620 1902 2687 1956 ad
2713 1917 2996 1957 numerum
3023 1901 3225 1956 fractos
3255 1901 3417 1965 dicit,
3441 1901 3568 1971 quia

1986 1997 2140 2068 juxta
2170 2006 2476 2052 mensuram
2497 1993 2919 2063 uniuscujusque
2946 1992 3171 2062 peccati,
3203 1991 3567 2062 intelligentite

1991 2088 2209 2143 etecitas
2251 2093 2539 2157 generatur
2576 2082 2629 2137 in
2668 2081 2949 2146 sensibus,
2991 2091 3047 2135 et
3091 2080 3383 2135 secundum
3426 2079 3568 2149 quod

1993 2176 2222 2245 quisque
2266 2174 2377 2245 egit
2418 2171 2695 2237 exterius,
2745 2171 2799 2245 in
2830 2185 2898 2226 eo
2945 2169 3289 2239 Obstupescat
3328 2171 3470 2238 quod
3499 2169 3568 2223 de

1970 2244 2223 2324 internis
2256 2244 2417 2335 atque
2460 2244 2818 2318 invisibilibus
2853 2259 3151 2331 intelligere
3192 2260 3384 2330 potuit.
3419 2259 3571 2314 Unde

1995 2364 2139 2413 recte
2165 2356 2330 2411 etiam
2360 2354 2619 2424 scriptum
2646 2359 2729 2406 est
2759 2368 2774 2404 :
2812 2369 2829 2401 ι
2868 2349 3055 2403 Omnis
3091 2348 3251 2401 homo
3276 2346 3366 2415 qui
3392 2362 3572 2401 come-

1988 2448 2135 2505 derit
2159 2461 2319 2502 uvam
2346 2446 2627 2509 acerbam,
2653 2443 3038 2512 obstupeseent
3064 2439 3255 2493 dentes
3283 2438 3400 2508 ejus
3432 2438 3565 2509 (λεν.

1995 2539 2146 2609 xxx).
2184 2557 2203 2591 ι
2230 2536 2369 2605 Quid
2395 2549 2627 2604 namque
2653 2544 2754 2587 uva
2781 2530 2974 2587 acerba
3006 2529 3107 2585 nisi
3139 2537 3418 2600 peccatum
3442 2531 3567 2584 est?

1998 2630 2111 2686 Uva
2132 2629 2326 2699 quippe
2346 2627 2539 2682 acerba
2573 2632 2656 2679 est
2688 2622 2893 2677 fructus
2922 2630 3047 2675 ante
3079 2629 3307 2690 tempus.
3332 2621 3572 2690 Quisque

1993 2722 2139 2775 enim
2169 2718 2454 2789 praesentis
2494 2716 2619 2770 vitae
2644 2713 3088 2769 delectationibus
3132 2711 3318 2765 satiari
3363 2709 3570 2765 deside-

1997 2818 2100 2873 rat,
2143 2807 2295 2878 quasi
2326 2805 2532 2861 fructus
2574 2813 2699 2859 ante
2738 2812 2946 2872 tempus
2993 2801 3274 2856 comedere
3332 2799 3567 2854 festinat.

1995 2901 2099 2969 Qui
2150 2900 2314 2971 igitur
2364 2912 2526 2952 uvam
2578 2894 2829 2950 acerbam
2886 2892 3158 2956 comedit,
3215 2890 3403 2944 dentes
3456 2892 3572 2960 ejus

1993 2991 2403 3058 obstupescunt,
2426 2986 2553 3056 quia
2581 2984 2669 3055 qui
2698 2982 2979 3053 praesentis
3009 2981 3191 3035 mundi
3215 2981 3571 3035 delectatione

1993 3080 2258 3152 pascitur,
2296 3078 2494 3133 interni
2524 3075 2639 3145 ejus
2665 3089 2859 3129 sensus
2893 3072 3148 3143 ligantur,
3182 3078 3240 3126 ut
3269 3058 3382 3141 jam
3413 3073 3572 3143 spiri-

1996 3170 2125 3225 talia
2148 3168 2420 3231 mandere,
2448 3167 2501 3222 id
2519 3174 2623 3231 est,
2650 3164 2946 3235 intelligere
2967 3170 3262 3232 nequeant,
3285 3162 3409 3232 quia
3431 3164 3572 3218 unde

1996 3260 2050 3316 in
2079 3258 2439 3314 exterioribus
2465 3254 2714 3311 delectati
2746 3262 2890 3320 sunt,
2923 3253 3047 3307 inde
3075 3254 3127 3306 in
3159 3253 3367 3308 intimis
3387 3252 3573 3308 obstu-

1994 3357 2237 3422 pescunt.
2253 3348 2322 3404 Et
2341 3348 2467 3401 dum
2489 3352 2711 3416 peccato
2728 3345 2907 3398 anima
2927 3346 3187 3413 pascitur,
3206 3358 3399 3413 panem
3414 3343 3569 3413 justi-

1996 3443 2085 3498 ti:e
2110 3440 2275 3497 edere
2307 3454 2414 3494 non
2444 3438 2585 3493 valet
2612 3456 2625 3491 :
2653 3436 2906 3506 quoniam
2944 3435 3090 3505 ligati
3120 3435 3306 3491 dentes
3335 3450 3401 3490 ex
3441 3450 3568 3505 pec-

1996 3534 2103 3589 cati
2152 3530 2565 3595 consuetudine,
2606 3526 2814 3597 justum
2853 3527 2995 3596 quod
3038 3526 3360 3595 intussapit
3413 3525 3572 3581 edere

1997 3637 2336 3694 nequaquam
2374 3627 2619 3691 possunt.
2645 3617 2758 3673 Hoc
2778 3617 2942 3688 igitur
2967 3616 3085 3672 loco
3117 3617 3244 3686 quia
3275 3616 3480 3682 dentes,
3514 3623 3575 3669 ut

1997 3715 2272 3779 diximus,
2316 3712 2558 3766 internas
2610 3724 2804 3763 sensus
2851 3706 3183 3777 accipimus,
3230 3705 3574 3760 considerare

1996 3817 2322 3875 magnopere
2363 3800 2494 3871 quid
2542 3813 2702 3869 agere
2742 3795 2874 3865 justi
2920 3795 3127 3851 soleant
3164 3793 3450 3860 debemus,
3481 3796 3572 3864 qui

1995 3895 2313 3966 plerumque
2340 3893 2387 3947 si
2408 3907 2513 3961 qua
2538 3891 2593 3944 in
2614 3904 2675 3945 se
2700 3886 2952 3957 quazlibet
2975 3884 3207 3976 carnalia
3232 3900 3354 3939 esse
3378 3886 3569 3955 depre-

1996 3986 2267 4048 hendunt,
2317 3984 2432 4037 haec
2480 3980 2709 4035 internis
2736 3979 2991 4034 sensibus
3024 3983 3378 4030 retractantes
3407 3977 3571 4030 vehe-

1997 4085 2208 4133 menter
2265 4076 2320 4130 in
2379 4073 2684 4143 semetipsis
2731 4071 3126 4138 insequuntur,
3180 4064 3466 4121 atllietione
3513 4083 3593 4122 se.

1996 4176 2325 4231 conterunt,
2372 4164 2690 4235 magnisque
2725 4163 3052 4219 cruciatibus
3073 4161 3156 4217 vel
3184 4161 3407 4215 minima
3432 4161 3484 4215 in
3514 4177 3573 4215 se

1995 4275 2161 4334 prava
2199 4260 2524 4331 dijudicant,
2555 4264 2719 4327 atque
2746 4258 2858 4311 htec
2885 4270 2981 4326 per
3018 4254 3391 4326 paenitentiam
3417 4253 3571 4307 dam-

1998 4360 2149 4409 nant.
2203 4348 2354 4417 Quod
2399 4348 2599 4402 idcirco
2627 4355 2825 4416 agunt,
2873 4354 2931 4399 ut
2975 4346 3026 4399 in
3056 4353 3345 4414 conspectu
3389 4344 3577 4399 aeterni

320 4443 378 4498 in
413 4443 781 4515 voluptatibus,
804 4441 1247 4517 [calamitatibus]
1278 4442 1389 4498 suis
1424 4440 1527 4497 sibi
1567 4440 1890 4505 demissum,
1921 4482 1970 4541 Β
1990 4442 2190 4512 judicis
2212 4449 2268 4496 et
2288 4438 2388 4509 ipsi
2404 4438 2655 4504 inveniri,
2682 4438 2735 4491 in
2758 4445 3013 4538 quantum
3037 4444 3120 4490 est
3141 4435 3412 4537 possibile,
3435 4438 3576 4490 irre-

320 4548 486 4609 atque
512 4553 609 4611 per
634 4539 852 4605 easdem
876 4537 1176 4608 voluptates
1199 4535 1510 4608 spontaneis
1532 4534 1892 4592 tribulationi-

318 4629 424 4684 bus
463 4628 717 4683 traditum
738 4668 755 4694 ,
778 4628 987 4684 ebrium
1013 4636 1097 4683 est
1123 4626 1424 4692 absinthio,
1460 4624 1587 4695 quia
1627 4631 1685 4680 et
1710 4638 1897 4679 amara

319 4728 599 4789 suntquae
638 4733 737 4789 pro
767 4718 926 4787 hujus
960 4717 1088 4773 vita:
1128 4730 1313 4773 amore
1355 4716 1672 4782 tolerat,,et
1713 4722 1897 4769 tamen

316 4812 565 4866 eamdem
596 4810 1009 4871 amaritudinem
1033 4807 1276 4863 cteeitate
1309 4805 1619 4877 cupiditatis
1640 4804 1794 4876 quasi
1818 4803 1899 4859 in-

324 4901 681 4959 sensibilitate
707 4899 986 4956 ebrietatis
1017 4899 1250 4968 ignorat.
1284 4896 1463 4951 Mundi
1490 4896 1633 4950 enim
1674 4894 1898 4967 gloriam

323 4994 549 5058 sitiens,
582 4992 711 5047 dum
758 4991 955 5046 multas
1002 4990 1102 5060 pro
1143 5002 1209 5043 ea
1256 4986 1629 5043 tribulationes
1674 4984 1896 5056 reperit,

321 5099 570 5140 amarum
591 5091 677 5138 est
693 5083 837 5153 quod
862 5081 997 5137 bibit
1019 5098 1033 5136 :
1055 5081 1148 5136 sed
1163 5078 1306 5149 quod
1328 5079 1431 5133 hoc
1452 5076 1612 5132 nimis
1632 5075 1902 5133 inbianter

321 5178 583 5248 sumpsit,
636 5174 875 5245 ejusdem
921 5172 1295 5231 amaritudinis
1347 5169 1550 5225 malum
1591 5166 1900 5225 discernere

317 5268 431 5338 jam
457 5282 569 5339 pra:
596 5268 711 5336 ipsa
739 5266 998 5321 ebrietate
1025 5278 1133 5319 non
1163 5260 1372 5318 subicit.
1398 5259 1596 5313 Amant
1618 5259 1761 5313 enim
1784 5273 1901 5328 per-

322 5360 467 5415 versi
506 5357 755 5414 homines
783 5372 883 5427 pro
912 5357 1072 5427 hujus
1110 5354 1295 5410 mundi
1320 5352 1488 5424 gloria
1514 5353 1677 5407 etiam
1726 5351 1899 5409 tribu-

322 5451 584 5516 lationes,
630 5451 945 5518 cunctisque
974 5463 1073 5520 pro
1117 5462 1180 5503 ea
1209 5446 1496 5501 sudoribus
1519 5444 1753 5500 libenter
1786 5459 1903 5500 ser-

324 5542 512 5608 viunt,
572 5550 631 5595 et
655 5539 898 5610 gravium
941 5539 1185 5594 laborum
1227 5534 1359 5609 jngo
1399 5535 1744 5592 devotissime
1766 5536 1901 5592 colla

328 5634 670 5690 submittunt.
699 5632 776 5687 De
802 5647 910 5702 quo
932 5631 1109 5685 adhuc
1142 5630 1390 5686 subditur
1430 5649 1443 5685 :

1999 4529 2394 4603 prehensihiles
2420 4529 2671 4595 debeant,
2715 4536 2771 4583 et
2811 4528 2866 4581 hi
2890 4524 2982 4596 qui
3011 4540 3104 4581 eos
3139 4526 3219 4581 sic
3242 4539 3301 4580 se
3330 4524 3578 4595 judicare

2000 4621 2360 4692 conspiciunt,
2384 4618 2672 4675 emendare
2696 4613 3018 4684 semetipsos
3046 4628 3076 4667 a
3105 4611 3275 4684 culpis
3309 4612 3578 4684 graviori-

2000 4718 2105 4774 bus
2142 4715 2506 4770 inardescant.
2551 4706 2864 4783 (Maenas)
2893 4706 3104 4762 (libavit
3130 4720 3247 4771 me,
3272 4704 3473 4776 inquit,
3503 4704 3580 4759 ci-

2002 4822 2155 4871 nere,
2179 4806 2281 4861 hoc
2300 4813 2406 4869 est,
2422 4800 2597 4874 fragili
2619 4808 2675 4854 et
2692 4801 2868 4855 minus
2888 4796 3030 4863 utili,
3046 4795 3383 4853 sustentabat
3399 4809 3486 4849 me
3504 4796 3581 4848 ci-

2006 4897 2199 4954 borum
2227 4892 2567 4950 adminiculo.
2603 4890 2740 4945 Huic
2782 4889 2947 4945 etiam
2976 4888 3094 4943 loco
3122 4886 3296 4940 simile
3321 4893 3404 4939 est
3445 4882 3579 4937 illud

2004 4989 2147 5060 quod
2193 4986 2462 5059 paenitens
2491 4984 2544 5038 in
2592 4980 2823 5037 Psalmis
2856 4978 3053 5048 legitur
3085 4975 3286 5031 dixisse
3328 4991 3342 5027 :
3381 4990 3401 5025 ε
3442 4972 3579 5027 Tota

2005 5083 2094 5138 die
2120 5082 2581 5152 exprobravernnt
2605 5090 2692 5129 me
2722 5070 2922 5127 inimici
2947 5069 3072 5132 mei,
3096 5075 3151 5123 et
3170 5069 3261 5137 qui
3286 5064 3580 5119 laudabant

2006 5189 2113 5239 me,
2141 5172 2426 5227 adversum
2457 5183 2542 5222 me
2573 5164 2858 5235 jurabant,
2892 5160 3018 5229 quia
3056 5158 3293 5213 cinerem
3325 5164 3578 5224 tanquam

2004 5278 2198 5336 panem
2227 5259 2636 5319 manducabam,
2664 5263 2717 5308 et
2741 5260 2923 5323 potum
2953 5263 3129 5303 meum
3156 5262 3278 5301 cum
3298 5244 3423 5301 lletu
3446 5255 3580 5299 tem-

2003 5353 2261 5426 perabam
2292 5347 2461 5415 (Psal.
2500 5346 2594 5417 et).
2631 5364 2650 5397 ι
2687 5342 2916 5398 Causam
2953 5339 3130 5394 reddit
3159 5352 3257 5391 cur
3288 5338 3354 5390 ab
3392 5337 3582 5391 amicis

2002 5442 2088 5498 vel
2118 5458 2149 5496 a
2175 5442 2319 5496 notis
2342 5441 2396 5494 in
2423 5438 2540 5507 ejus
2562 5434 2755 5490 faciem
2781 5432 3216 5492 malediceretur,
3243 5430 3382 5482 sicut
3407 5437 3462 5481 et
3478 5427 3582 5481 Job

2003 5532 2291 5606 pertulisse
2333 5527 2679 5585 manifestum
2707 5533 2810 5590 est,
2849 5521 3004 5590 cujus
3043 5520 3151 5573 vita
3188 5518 3449 5588 proximis
3495 5518 3579 5570 vel

2008 5624 2195 5680 amicis
2206 5621 2524 5694 gravissimo
2540 5617 2788 5689 squalore
2804 5615 3073 5669 sordebat.
3091 5609 3382 5665 Sollicitius
3398 5616 3579 5661 tamen

409 5721 546 5780 Van.
580 5741 598 5776 ι
624 5722 692 5779 Et
716 5721 874 5796 fregit
894 5724 962 5779 ad
991 5736 1276 5779 numerum
1296 5722 1484 5779 dentes
1514 5736 1686 5789 meos,
1707 5721 1907 5776 cibavit
2006 5732 2194 5774 versus
2225 5716 2325 5771 iste
2360 5713 2669 5769 traCIandus
2696 5717 2799 5773 est,
2826 5724 2895 5762 ne
2920 5715 3107 5762 contra
3130 5704 3419 5758 humanam
3446 5718 3573 5754 coir-
