3970 6190
330 3952 345 3981 ο

330 3994 345 4047 i

505 304 610 360 '2'25

534 362 555 382 Κ

1124 318 1182 372 Β.
1225 314 1479 375 RABANI
1516 315 1733 371 MAURI
1773 306 2087 369 ARClliEP.
2133 302 2439 368 MOGUN'I‘.
2481 302 2765 365 OPERUM
2804 296 2981 361 PARS
3020 295 3104 361 ill.

3576 304 3741 359 tias.

459 432 794 490 suetudinem
841 430 1049 485 favillas
1095 430 1364 500 lignorum
1410 444 1591 485 escam
1634 438 1883 499 putemus
1907 440 2027 482 esse
2057 402 2223 495 A‘qui
2245 424 2459 480 dicebat
2487 442 2502 480 :
2534 443 2551 475 ι
2592 423 2723 478 Vivo
2746 431 2926 477 autem
2950 422 3063 492 iam
3096 437 3202 476 non
3237 437 3337 493 ego
3361 463 3374 485 ,
3411 423 3545 478 vivit
3584 438 3726 481 rem

456 522 853 593 ptenitentium.
877 521 1125 576 Cinerem
1153 521 1403 577 novimus
1425 528 1741 575 exustorum
1776 517 2028 586 reliquias

457 628 577 670 esse
616 612 908 670 carbonum
928 650 942 676 ,
973 625 1109 681 quas
1137 611 1333 665 merito
1358 610 1593 683 peccatis
1618 610 1850 664 dicimus
1879 623 2027 663 com-

450 703 655 776 parari,
689 711 749 758 ut
774 702 887 771 ipsa
914 710 1129 771 quoque
1158 699 1395 755 tenuitas
1423 699 1739 755 delictorum
1780 696 2025 753 aﬂiictio-

457 807 585 846 num
610 790 882 845 doloribus
902 789 1233 843 absumatur.
1260 786 1391 842 Nam
1415 786 1662 857 quamvis
1682 786 1935 854 exiguum
1960 785 2028 839 de

454 888 677 952 peccato
717 885 1028 951 permaneat
1070 892 1174 931 non
1217 884 1453 931 meretur
1501 874 1720 946 praemia
1743 916 1758 941 ,
1800 873 1894 929 sed
1933 889 2030 944 po-

455 974 563 1026 tius
587 981 929 1042 peccatorum
957 969 1159 1040 indiget
1190 968 1368 1023 venia.
1409 968 1558 1022 Unde
1591 974 1646 1023 et
1681 968 1733 1021 in
1766 967 2032 1036 quinqua-

452 1063 660 1134 gesimo
699 1061 906 1132 psalmo
948 1060 1207 1131 propheta
1250 1058 1450 1113 clamat
1501 1076 1513 1111 :
1568 1078 1586 1109 ‹
1635 1057 2030 1128 Usquequaque

456 1153 573 1207 lava
602 1168 687 1208 me
716 1153 785 1207 all
814 1151 1073 1222 iniustitia
1105 1166 1246 1215 mea,
1272 1159 1327 1205 et
1369 1166 1398 1203 a
1444 1150 1640 1205 delicto
1676 1165 1794 1205 meo
1830 1151 2026 1205 munda

456 1261 559 1302 tne.
620 1265 637 1296 ι
690 1244 881 1297 Merito
936 1257 1064 1314 ergo
1117 1251 1174 1297 et
1217 1242 1363 1310 ipsos
1420 1242 1631 1297 cineres
1685 1250 2027 1312 peccatorum

456 1334 827 1389 sanctissimus
847 1331 1116 1401 paenitens
1135 1344 1454 1385 consumere
1485 1329 1790 1394 festinabat,
1810 1346 1880 1386 ne
1901 1330 2030 1399 quid

455 1435 597 1481 esset
646 1424 937 1485 residuum,
974 1423 1117 1492 quod
1145 1436 1266 1475 eum
1310 1436 1620 1491 promerere
1661 1438 1766 1477 non
1792 1424 2024 1486 sineret,

458 1532 619 1587 regna
648 1515 927 1569 caelorum.
958 1531 976 1564 ι
1014 1512 1081 1568 Ει
1099 1521 1304 1583 potum,
1332 1512 1527 1582 inquit,
1551 1527 1729 1566 meum
1752 1527 1875 1566 cum
1901 1510 2027 1565 iletu

456 1607 839 1678 temperabam.
920 1624 938 1656 ι
998 1604 1145 1659 istud
1195 1605 1444 1676 quamvis
1497 1605 1764 1659 interdum
1819 1604 2030 1659 videtur

453 1714 613 1769 posse
651 1697 992 1767 contingere,
1022 1705 1201 1751 tamen
1244 1703 1297 1749 et
1340 1696 1442 1750 hoc
1477 1709 1689 1765 quoq-ue
1715 1693 2030 1764 spiritaliter

2128 519 2183 572 in
2213 532 2297 572 me
2317 516 2565 572 Christus
2587 511 2729 583 (Gal.
2760 519 2895 582 XXI).
2928 533 2946 563 ι
2978 511 3042 567 Et
3064 527 3253 567 rursus
3283 530 3296 565 :
3327 528 3346 563 t
3378 512 3726 570 Desiderintn

2088 640 2097 649 κ
2127 610 2335 664 habens
2359 606 2578 662 dissolvi
2606 613 2661 661 et
2686 621 2808 661 cum
2830 603 3045 661 Christo
3057 620 3207 659 esse.
3235 623 3254 655 ι
3284 604 3390 658 Et:
3424 624 3445 656 ι
3480 604 3613 661 Mihi
3640 608 3728 660 vi-

2127 712 2254 754 vere
2276 697 2524 754 Christus
2541 704 2641 759 est,
2664 706 2723 752 et
2742 696 2878 750 mori
2905 696 3111 750 lucrum
3130 694 3294 763 (Phil.
3310 695 3377 765 t),
3403 714 3422 749 ι
3447 696 3541 766 qui
3560 707 3725 767 gesta

2110 788 2358 845 terrente
2400 788 2735 845 fortitudinis
2783 788 2850 841 ad
2880 786 3194 841 memoriam
3226 798 3492 840 revocans
3518 825 3535 851 ,
3563 787 3724 856 quasi

2127 879 2450 949 quaedamin
2484 893 2544 933 se
2570 893 2694 933 ossa
2725 878 3076 939 numerabat,
3109 876 3295 931 dicens
3335 894 3349 929 ε
3384 896 3404 927 ι
3457 875 3726 932 Hebraeus

2127 985 2196 1025 ex
2221 969 2475 1031 Hebraeis,
2510 970 2803 1025 secundum
2830 968 3004 1040 legem
3055 967 3379 1031 Phariszeus,
3416 970 3723 1025 secundum

2126 1058 2524 1116 aemulationem
2553 1073 2883 1127 persequens
2906 1058 3197 1112 Ecciesiam
3220 1058 3319 1113 Dei
3340 1056 3514 1127 (Phil.
3547 1061 3659 1129 nt).
3697 1079 3717 1108 ι

2130 1151 2234 1205 Sed
2260 1149 2551 1220 suspendio
2578 1149 2789 1212 animae,
2817 1150 2943 1217 quia
2966 1149 3082 1203 haec
3111 1149 3163 1202 in
3186 1164 3248 1201 se
3266 1162 3391 1201 ossa
3416 1148 3717 1207 interfecit.

2127 1238 2373 1309 protinus
2397 1238 2612 1300 asserit,
2643 1236 2733 1305 qui
2762 1234 3032 1305 subiungit
3064 1253 3077 1288 :
3110 1253 3128 1284 ε
3162 1235 3268 1289 Sed
3291 1250 3415 1304 qua:
3436 1236 3573 1291 mihi
3608 1234 3723 1289 fue-

2128 1339 2255 1386 runt
2301 1331 2449 1385 lucra
2475 1370 2490 1391 ,
2540 1331 2655 1384 haec
2703 1328 2997 1383 arbitratus
3026 1343 3143 1382 sum
3182 1338 3409 1398 propter
3434 1328 3720 1383 Christum

2127 1423 2467 1479 detrimenta.
2500 1441 2518 1472 ι
2553 1420 2684 1487 Quae
2713 1421 2889 1475 adhuc
2916 1434 3039 1473 ossa
3066 1420 3118 1473 in
3150 1421 3445 1488 semetipso
3477 1420 3722 1473 insinuat

2127 1513 2496 1569 vehementius
2517 1513 2805 1584 exstincta.
2824 1527 2946 1566 cum
2969 1511 3241 1566 subdidit:
3264 1530 3284 1563 ε
3303 1511 3542 1582 Propter
3554 1527 3719 1581 quem

2126 1604 2307 1660 omnia
2322 1605 2703 1659 detrimentum
2724 1602 2848 1666 feci,
2864 1608 2913 1657 et
2937 1601 3173 1656 arbitror
3186 1609 3242 1655 ut
3262 1611 3524 1657 stercora.
3540 1621 3559 1652 ι
3579 1602 3719 1657 Mor.

2132 1695 2238 1752 tuis
2249 1711 2378 1752 vero
2397 1696 2608 1752 ossibus
2626 1710 2786 1765 quam
2808 1692 3075 1748 exanimis
3093 1693 3343 1764 pendeat,
3361 1694 3608 1750 ostendit
3634 1694 3719 1746 ille

454 1790 661 1845 mstitno
684 1785 1082 1857 requirendum.
1112 1786 1278 1840 Potus
1308 1795 1393 1840 est
1414 1786 1716 1839 animarum
1747 1784 1837 1839 illa
1866 1784 2028 1840 satie-
2061 1779 2252 1842 Bcum
2268 1786 2559 1857 subiungit,
2581 1784 2768 1841 dicens
2795 1799 2809 1838 :
2843 1803 2861 1835 ι
2890 1784 2963 1840 Ut
2981 1784 3257 1839 Christum
3285 1784 3720 1843 lucrifaciam,et

456 1889 558 1943 tas,
591 1894 710 1947 quae
731 1878 870 1931 sicut
895 1877 949 1931 in
972 1876 1379 1952 septuagesimo
1403 1883 1597 1945 quarto
1616 1872 1831 1931 Psalmo
1854 1875 1986 1937 dicit
2011 1892 2021 1927 :

460 1988 478 2020 ο
520 1968 670 2024 Calix
695 1967 748 2022 in
773 1981 932 2021 manu
955 1966 1166 2020 Domini
1196 1964 1305 2018 vini
1333 1964 1465 2019 meri
1495 1965 1688 2035 plenus
1712 1973 1800 2019 est
1820 1965 1993 2019 mixto
2010 2004 2024 2028 ,

455 2070 512 2115 et
552 2058 832 2114 inclinavit
861 2071 929 2112 ex
963 2058 1065 2112 hoc
1093 2056 1147 2109 in
1179 2055 1301 2110 hoc.
1343 2074 1361 2106 ι
1402 2054 1520 2123 ipse
1547 2068 1677 2125 ergo
1723 2061 1881 2123 potus
1909 2062 2023 2119 est,

453 2168 613 2223 quem
656 2152 792 2206 bene
816 2148 1029 2206 fletibus
1067 2157 1452 2217 temperamus,
1500 2149 1610 2217 ipse
1639 2148 1778 2201 calix
1803 2188 1818 2215 ,
1865 2163 2024 2218 quem

454 2242 703 2313 lacryma:
731 2248 929 2302 nostra:
956 2237 1158 2294 faciunt
1199 2237 1514 2293 dulciorem.
1545 2237 1697 2292 Tunc
1738 2238 1879 2292 enim
1909 2238 2024 2292 ani-

452 2347 553 2386 mae
575 2330 866 2402 penetralia
891 2330 1125 2386 ctelestis
1156 2328 1243 2384 ille
1277 2336 1433 2399 potus
1459 2329 1774 2401 ingreditur,
1810 2330 2025 2399 quando

453 2422 557 2492 piis
596 2422 807 2476 ﬂetibus
846 2422 1120 2491 irrigatur.
1147 2419 1262 2475 Hoc
1286 2427 1405 2475 erat
1435 2418 1686 2490 poculum
1718 2420 1863 2490 quod
1902 2419 2027 2474 irri-

453 2513 663 2568 scribus
690 2511 970 2566 videbatur
990 2510 1267 2581 indignum
1296 2528 1308 2563 :
1344 2510 1433 2563 hic
1461 2508 1613 2565 cibus
1636 2510 1727 2579 qui
1756 2508 2025 2565 deliciosis

449 2601 793 2673 indicabatur
825 2601 1124 2656 horrendus
1163 2618 1176 2654 :
1209 2601 1302 2655 sed
1326 2600 1429 2655 hoc
1451 2600 1624 2671 magis
1650 2600 1823 2655 bonus
1869 2600 2024 2654 Chri-

448 2695 659 2749 stianus
675 2691 830 2746 debet
851 2706 1053 2756 amare,
1069 2690 1209 2745 unde
1230 2689 1400 2761 possit
1422 2689 1489 2744 ad
1512 2688 1601 2743 illa
1627 2688 1863 2744 caelestis
1884 2689 2027 2758 regis

454 2786 696 2841 convivia
734 2783 1034 2854 pervenire.

530 2875 666 2930 Vau.
720 2895 739 2927 ι
776 2874 842 2929 Et
888 2874 1102 2945 repulsa
1148 2881 1233 2929 est
1277 2872 1454 2927 anima
1483 2885 1630 2936 mea,
1678 2870 1875 2926 oblitus
1904 2885 2025 2925 sum

459 2989 477 3021 ι
510 2968 792 3043 bonorum.
831 2985 850 3019 ι

537 3060 666 3115 t’au.
705 3080 723 3112 ι
761 3059 821 3113 Ει
857 3058 968 3114 dixi
997 3073 1011 3112 :
1049 3057 1217 3113 Periit
1251 3056 1374 3113 linis
1402 3071 1588 3122 meus,
1618 3064 1674 3111 et
1700 3069 1825 3126 spes
1846 3068 1966 3110 mea
1989 3068 2019 3107 a

2129 1877 2375 1932 inveniar
2398 1878 2450 1931 in
2480 1876 2570 1931 illo
2593 1891 2699 1930 non
2724 1874 2930 1930 habens
2958 1889 3132 1929 meam
3156 1874 3425 1944 justitiam
3444 1915 3463 1938 ,
3494 1889 3618 1943 qua:
3650 1888 3714 1926 ex

2128 1968 2245 2040 lege
2267 1975 2370 2031 est,
2394 1967 2489 2022 sed
2514 1980 2655 2031 eam,
2676 1980 2795 2035 qua:
2823 1979 2888 2018 ex
2913 1963 3015 2018 fide
3037 1973 3119 2019 est
3139 1962 3270 2019 Jesu
3297 1963 3527 2019 Christi.
3562 1984 3580 2016 ι
3608 1963 3719 2037 Sed

2126 2059 2253 2128 quia
2280 2057 2495 2114 collatis
2514 2056 2631 2126 eius
2655 2056 2977 2112 testimoniis
3012 2055 3236 2110 Paulum
3259 2056 3329 2110 ad
3350 2056 3462 2110 alta
3490 2072 3721 2126 suspen-

2128 2165 2247 2207 sum
2268 2149 2467 2203 mundo
2488 2156 2758 2205 mortuum
2781 2146 2961 2225 testati
2984 2161 3193 2213 sumus,
3216 2162 3357 2201 nunc
3379 2147 3605 2202 beatum
3618 2147 3722 2200 Job

2127 2240 2172 2295 si
2201 2238 2391 2311 plenus
2417 2238 2605 2295 eodem
2641 2239 2833 2309 spiritu
2858 2239 3147 2294 exterioris
3172 2238 3295 2292 vitae
3324 2239 3721 2307 concupisce—n-

2129 2331 2257 2387 tiam
2309 2329 2478 2400 fugiat
2521 2329 2887 2385 ostendemus.
2946 2328 3203 2400 Sequitur
3242 2348 3257 2381 :
3307 2349 3326 2379 ι
3382 2329 3718 2400 Desperavi,

2130 2422 2331 2491 inquit,
2363 2435 2704 2493 nequaquam
2729 2419 2866 2475 ultra
2884 2420 2996 2490 iam
3023 2420 3219 2474 vivam.
3260 2439 3277 2471 ι
3304 2420 3445 2473 Sunt
3471 2420 3717 2474 nunnulh

2124 2510 2393 2580 iustorum
2427 2510 2520 2581 qui
2548 2508 2631 2566 sic
2665 2510 2905 2566 cmiestia
2931 2517 3216 2580 appetunt,
3250 2518 3309 2562 ut
3349 2518 3536 2565 tamen
3560 2518 3718 2563 aeter-

2127 2618 2320 2659 norum
2352 2617 2447 2672 spe
2478 2602 2700 2657 minime
2720 2598 3053 2671 frangantur.
3080 2599 3296 2670 Largita
3319 2599 3587 2655 divinitus
3614 2616 3715 2669 pa-

2128 2692 2380 2747 trimonia
2465 2692 2534 2747 ad
2599 2690 2943 2746 necessitatis
3004 2690 3300 2746 subsidium
3377 2690 3665 2760 possident
3696 2725 3713 2747 κ

2128 2784 2359 2839 honores
2401 2782 2504 2837 sibi
2532 2781 2895 2851 temporaliter
2932 2782 3202 2850 impensus
3231 2790 3415 2835 tenent
3468 2800 3482 2833 :
3538 2781 3712 2835 aliem

2129 2888 2236 2931 non
2281 2872 2567 2938 ambiunt,
2612 2860 2728 2927 suis
2767 2871 2912 2927 iicite
2956 2881 3198 2926 utuntur.
3242 2871 3361 2938 ‘Qui
3411 2877 3597 2926 tamen
3644 2873 3713 2926 ab

2126 2965 2328 3022 eisdem
2364 2966 2525 3020 rebus
2563 2978 2698 3034 quas
2735 2964 2933 3020 habent
2966 2964 3128 3019 alieni
3151 2972 3306 3028 sunt,
3336 2964 3465 3033 quia
3498 2965 3713 3019 adimo

2128 3059 2241 3129 ipsa
2260 3073 2379 3127 quae
2394 3058 2673 3128 possident
2696 3072 2761 3112 ex
2781 3055 3050 3112 desiderio
3078 3071 3182 3110 non
3212 3065 3483 3111 tenentur.
3502 3057 3573 3111 Et
3590 3068 3717 3111 sunt

458 3176 476 3206 ι
514 3154 759 3211 Domino.
800 3172 820 3205 ι
853 3151 909 3206 Si
938 3152 1054 3206 haec
1072 3151 1228 3221 iuxta
1273 3151 1557 3211 historiam
1594 3123 2024 3212 considerentur,
2053 3123 2097 3184 Ο
2130 3123 2369 3208 nonnulli
2388 3123 2657 3220 iustorum
2680 3150 2789 3219 qui,
2818 3148 2887 3205 ad
2909 3147 3473 3219 comprehendendum
3495 3148 3713 3203 culmen

456 3258 646 3314 magna
668 3241 912 3311 angustia
936 3238 1143 3294 Judaici
1166 3238 1343 3309 populi
1371 3238 1712 3308 exprimitur,
1738 3237 1831 3307 qui
1855 3250 1914 3292 se
1945 3250 2028 3291 re-

451 3333 660 3404 pulsum
676 3332 741 3386 ab
771 3331 914 3385 omni
938 3328 1191 3383 felicitate
1213 3337 1427 3383 tetrena
1446 3336 1500 3383 et
1519 3327 1742 3383 oblitum
1765 3328 2026 3383 bonorum

455 3427 867 3499 praeteritorum,
894 3422 1491 3492 propterimminentem
1513 3419 1839 3490 captivitatis
1854 3420 2025 3475 tribu-

453 3515 704 3571 lationem
727 3512 953 3576 asscrit,
984 3508 1207 3581 neciam
1232 3510 1391 3565 linem
1428 3510 1711 3582 przesentis
1736 3508 2029 3565 tribulatio-

455 3605 540 3660 nis
556 3603 741 3669 ullum,
758 3602 841 3657 vel
856 3601 1237 3657 consolationis
1250 3617 1399 3672 spem
1414 3602 1615 3657 habere
1628 3615 1686 3657 se
1698 3601 1847 3657 dicit.
1863 3598 2024 3659 Juxta

456 3694 714 3767 mysticos
752 3707 882 3748 vero
912 3691 1216 3748 intellectus
1233 3692 1727 3765 electorum‘cmtus
1757 3689 2025 3760 repulsum

459 3804 517 3843 sc
544 3804 573 3841 a
603 3785 783 3842 sasculi
809 3785 1166 3856 prosperitate
1190 3784 1411 3850 fatetur,
1439 3793 1494 3839 et
1514 3783 1738 3839 oblitum
1762 3783 2025 3839 bonorum

457 3876 833 3948 praesentium,
884 3891 986 3931 nec
1030 3890 1129 3946 pro
1157 3875 1406 3945 praesenti
1444 3873 1627 3929 labore
1658 3873 2025 3929 transitorium

456 3968 734 4037 praemium
756 3981 789 4021 a
811 3966 1067 4032 Domino,
1097 3966 1190 4021 sed
1218 3964 1450 4020 futuram
1479 3962 1715 4018 caelestis
1740 3962 1891 4034 regni
1916 3962 2027 4033 glo-

455 4059 595 4113 riam
613 4056 847 4112 ostendit
870 4071 928 4110 se
950 4056 1321 4126 qumsiturum.
1346 4053 1572 4126 Mundus
1599 4054 1741 4109 enim
1768 4053 1949 4123 periit,
1973 4061 2027 4109 et

449 4147 891 4218 concupiscentia
916 4145 1062 4215 ejus;
1091 4145 1184 4214 qui
1213 4151 1389 4199 autem
1422 4143 1551 4198 facit
1576 4143 1904 4199 voluntatem
1932 4143 2026 4198 Dei

450 4248 641 4301 manet
693 4239 755 4293 in.
779 4245 1061 4293 aeternum.
1109 4233 1245 4289 Hinc
1271 4250 1367 4305 per
1394 4234 1611 4290 beatum
1648 4232 1748 4288 Job
1775 4232 1972 4287 dicitur
2009 4248 2023 4286 :

453 4349 479 4381 τι
520 4330 689 4399 Elegit
706 4328 1052 4399 suspendium
1076 4326 1255 4381 anima
1280 4340 1397 4381 mea
1419 4332 1476 4380 et
1495 4336 1722 4380 mortem
1737 4337 1859 4380 ossa
1881 4339 2023 4390 mea,

446 4419 764 4490 desperavi,
795 4431 1132 4489 nequaquam
1168 4414 1307 4471 ultra
1328 4413 1441 4484 iam
1473 4416 1648 4470 vivam
1670 4413 1811 4488 (Job.
1842 4415 1961 4487 vn).
1999 4437 2017 4469 ι

449 4510 664 4582 (Greg.)
693 4508 830 4576 Quid
859 4523 955 4577 per
990 4509 1222 4562 animam
1250 4507 1351 4562 nisi
1383 4508 1577 4563 mentis
1610 4507 1865 4571 intentio,
1897 4504 2023 4576 quid

451 4617 553 4672 per
576 4616 698 4657 ossa
724 4600 826 4655 nisi
856 4598 1318 4654 carnis‘fortitudo
1342 4598 1616 4669 signatur?
1645 4596 1815 4654 Omne
1846 4607 2024 4653 autem

449 4689 601 4761 quod
644 4687 1026 4759 suspenditur,
1074 4688 1259 4757 iu'ocul
1286 4687 1450 4742 dubio
1493 4688 1561 4742 ab
1591 4687 1713 4742 imis
1761 4686 2022 4743 elevatur.

447 4782 648 4836 Anima
688 4794 818 4850 ergo
862 4779 1207 4848 suspendium
1253 4778 1421 4849 eligit,
1452 4785 1513 4832 ut
1539 4792 1662 4832 ossa
1704 4777 2021 4842 moriantur,

448 4873 583 4943 quia
610 4871 737 4925 dum
766 4870 959 4931 tuentis
985 4868 1210 4925 intentio
1222 4868 1303 4921 ad
1332 4867 1436 4921 alta
1475 4881 1534 4921 se
1557 4866 1763 4929 elevat,
1808 4881 2022 4923 omnem

451 4965 515 5018 in
558 4977 626 5017 se
652 4958 1020 5029 fortitudinem
1045 4959 1167 5025 vitae
1199 4957 1483 5013 exterioris
1510 4966 1687 5012 necat.
1729 4956 1910 5012 Sancti
1946 4966 2026 5012 et-

451 5054 598 5109 enim
627 5052 725 5107 viri
766 5051 1066 5106 certissimo
1096 5050 1271 5105 sciunt
1310 5050 1431 5118 quia
1474 5048 1674 5103 habere
1706 5049 1757 5102 in
1783 5050 1885 5103 hac
1907 5050 2022 5107 ,vita

458 5144 695 5214 requiem
723 5157 1058 5213 nequaquam
1091 5148 1337 5212 possunt,
1362 5148 1420 5197 et
1453 5139 1654 5196 idcirco
1679 5156 1785 5197 sua
1840 5141 2024 5195 suum

452 5233 681 5303 eligunt,
705 5233 831 5302 quia
856 5233 1108 5286 nimirum
1140 5232 1402 5287 desideria
1428 5241 1639 5289 terrena
1678 5234 1988 5305 desonantes
2014 5274 2023 5289 .

461 5322 529 5374 ad
576 5322 683 5377 alta
731 5322 966 5377 animum
1015 5322 1226 5380 tollunt.
1270 5323 1522 5399 Suspensi
1574 5335 1751 5380 autem
1797 5338 2021 5383 mortem

460 5411 573 5466 suis
597 5412 806 5468 ossnbus
837 5414 1089 5481 inferunt,
1122 5416 1246 5485 quia
1275 5431 1461 5475 amore
1488 5398 1734 5495 superna:
1752 5420 1942 5489 patria:
1972 5420 2027 5475 in

459 5502 715 5559 virtutum
756 5505 949 5560 studiis
989 5509 1248 5571 accincti,
1289 5509 1389 5563 hoc
1413 5509 1557 5577 quod
1601 5508 1767 5565 fortes
1791 5513 1940 5581 prius
1975 5513 2026 5566 in

462 5593 659 5648 mundo
721 5592 935 5651 fuerant
994 5597 1208 5652 vinculo
1269 5599 1586 5655 humilitatis
1651 5602 2024 5672 insequuntur.

462 5681 661 5736 intueri
706 5684 833 5739 libet
876 5690 1144 5753 quomodo
1182 5690 1415 5745 animam
1458 5692 1745 5760 suspendat
1797 5692 2023 5757 Paulus,

2126 3241 2474 3312 perfectionis
2500 3242 2748 3306 accincti,
2784 3240 2910 3295 dum
2940 3238 3130 3303 altiora
3163 3235 3394 3293 interius
3427 3247 3709 3309 appetunt,

2127 3334 2365 3389 exterius
2395 3344 2620 3399 cuncta;
2654 3331 3065 3400 derelinquunt;
3101 3330 3192 3399 qui
3218 3329 3379 3385 rebus
3418 3343 3480 3384 se
3512 3328 3713 3385 habitis

2128 3427 2366 3491 nudant,
2413 3425 2582 3496 gloria
2617 3423 2838 3479 honoris
2871 3421 3202 3493 eXSpoliant;
3248 3421 3340 3491 qui
3368 3422 3708 3478 internarum

2128 3516 2453 3571 desiderium
2479 3528 2579 3585 per
2600 3512 2975 3569 assiduitatem
3013 3526 3074 3567 se
3102 3512 3265 3566 amici
3304 3511 3566 3566 mmroris
3604 3508 3714 3565 ὦ·

2124 3606 2297 3671 ciunt,
2322 3605 2523 3660 habere
2548 3604 2616 3661 de
2636 3601 2997 3658 exterioribus
3021 3600 3449 3656 consolationem
3475 3601 3668 3657 nolunt
3694 3618 3707 3651 ε

2125 3698 2217 3767 qui
2245 3695 2472 3751 internis
2500 3693 2709 3766 gaudiis
2734 3694 2859 3747 dum
2886 3699 3066 3746 mente
3089 3691 3434 3761 appropiant,
3458 3689 3628 3744 vitam
3654 3689 3707 3741 in

2127 3804 2184 3842 se
2214 3785 2456 3841 funditus
2484 3797 2755 3855 corporeae
2777 3781 3157 3837 delectationis
3181 3787 3395 3836 necant.

2198 3874 2350 3930 Zain.
2384 3895 2402 3928 ι
2438 3874 2764 3938 Recordare,
2791 3870 3038 3937 Domine,
3069 3869 3402 3939 paupertatis
3433 3879 3493 3922 et
3526 3876 3705 3921 trans-

2133 3984 2151 4017 σ
2182 3964 2476 4037 gressionis
2506 3979 2659 4027 meae,
2691 3962 2942 4017 absinthii
2975 3969 3028 4016 et
3057 3958 3216 4014 fellis.
3263 3977 3282 4009 ι
3324 3957 3532 4012 Mutata
3558 3956 3708 4009 loea—

2128 4059 2270 4112 tione
2295 4057 2363 4111 ad
2390 4056 2568 4125 ipsum
2598 4053 2884 4109 Dominum
2909 4066 3008 4122 pro
3033 4038 3210 4121 populi
3238 4048 3551 4103 calamitate
3582 4065 3707 4117 pro-

2124 4150 2287 4220 pheta
2314 4147 2577 4204 orationis
2604 4144 2764 4200 verba
2796 4143 3097 4217 convertit,
3133 4149 3193 4195 ut
3223 4141 3336 4211 ipse
3376 4139 3469 4209 qui
3503 4138 3705 4209 ﬂagella

2124 4241 2477 4313 peccantibus
2488 4238 2634 4309 iuste
2655 4236 2890 4301 intorsit,
2911 4234 3120 4290 aﬂlictis
3140 4248 3296 4305 opem
3320 4229 3704 4287 misericordia

2127 4332 2418 4404 impendat.
2454 4331 2680 4400 Propter
2711 4325 3198 4396 transgressionem
3225 4338 3357 4395 ergo
3384 4322 3452 4375 ad
3482 4336 3703 4391 pauper-

2130 4433 2295 4479 tatem
2322 4428 2609 4485 vcnerunt,
2634 4428 2690 4475 et
2725 4416 3142 4473 amaritudinem
3169 4413 3487 4469 vastationis
3523 4421 3579 4468 et
3615 4424 3703 4464 ca-

2130 4513 2393 4584 ptivitatis
2411 4551 2428 4577 ,
2453 4526 2573 4582 qua:
2604 4508 2857 4567 absinthii
2885 4515 2941 4561 et
2962 4506 3101 4563 fellis
3122 4505 3351 4561 nomina
3370 4504 3696 4574 exprimunt,

2130 4604 2240 4673 pati
2271 4608 2581 4668 meruerunt
2606 4617 2618 4652 :
2644 4600 2738 4655 sed
2764 4598 2885 4669 quia
2919 4596 3222 4652 divinitatis
3249 4602 3441 4659 natura
3467 4594 3698 4647 clontcns

2128 4704 2213 4750 est
2241 4703 2296 4749 et
2321 4694 2433 4764 pia,
2462 4691 2739 4763 magisque
2771 4691 2838 4744 ad
2869 4688 3257 4758 indulgentiam
3302 4702 3464 4756 quam
3494 4686 3560 4739 ad
3589 4685 3697 4739 vin-

2127 4787 2329 4843 dictam
2355 4797 2543 4853 prona,
2576 4783 2701 4851 quia
2730 4795 2836 4835 non
2861 4780 2974 4833 vult
3001 4790 3234 4834 mortem
3260 4777 3583 4848 peccatoris.
3606 4774 3698 4828 sed

2130 4888 2189 4932 ut
2219 4884 2563 4933 convertatur
2594 4882 2650 4929 et
2676 4873 2841 4937 vivat,
2892 4860 2943 4928 si
2967 4872 3089 4942 quis
3112 4880 3237 4941 post
3276 4871 3486 4939 lapsum
3514 4882 3698 4937 pecca-

2135 4980 2309 5025 torum
2344 4968 2411 5022 ad
2449 4980 2631 5021 veram
2667 4965 3037 5035 paenitentiam
3064 4979 3129 5019 se
3160 4964 3430 5019 convertit
3453 5001 3470 5027 ,
3515 4961 3627 5017 cito
3666 4974 3694 5010 a

2133 5059 2479 5115 misericorde
2515 5057 2698 5128 iudice
2725 5056 2935 5111 veniam
2978 5064 3326 5124 peccatorum
3371 5053 3692 5122 impetrabit.

2131 5146 2327 5214 Quod"
2340 5154 2396 5202 et
2446 5144 2714 5214 Propheta
2773 5143 2827 5198 in
2884 5142 3236 5213 sequentibus
3289 5141 3527 5198 ostendit
3578 5155 3694 5195 eam

2130 5238 2281 5293 dicit.

2200 5327 2355 5382 Zoin.
2391 5344 2410 5378 ι
2461 5325 2712 5383 Memoria
2757 5337 2964 5382 memor
2995 5337 3115 5388 ero,
3141 5332 3197 5378 et
3234 5322 3475 5378 tabescet
3504 5321 3695 5375 (in-me

2135 5439 2154 5472 ε
2186 5420 2362 5475 anima
2390 5428 2528 5473 mea.
2556 5437 2577 5468 ι
2659 5481 2663 5485 _

2199 5508 2354 5565 Zain.
2391 5527 2409 5560 ο
2440 5508 2566 5564 llaec
2590 5507 2832 5564 recolens
2857 5508 2913 5565 in
2941 5507 3106 5563 corde
3130 5520 3276 5571 meo,
3305 5504 3426 5559 ideo
3458 5500 3537 5576 [in
3565 5501 3671 5557 Deo

2136 5622 2153 5653 ι
2189 5602 2435 5672 sperabo.
2465 5620 2481 5653 ι
2532 5600 2633 5668 Qui
2661 5600 2802 5655 enim
2832 5597 3177 5668 semetipsum
3217 5596 3500 5667 diligenter
3527 5589 3687 5660 inspi-

2123 5694 2233 5759 cit,
2263 5703 2314 5747 ct
2337 5707 2439 5762 pro
2468 5684 2708 5763 peccatis
2738 5691 2849 5747 suis
2879 5705 3097 5747 carnem
3128 5704 3281 5743 suam
3326 5698 3597 5743 macerare
3640 5689 3687 5734 et
