3970 6190
313 354 449 411 1225

1079 331 1089 341 ’
1193 346 1562 405 sxrosmo
1598 344 1831 403 SUPER
1869 342 2239 399 JEREMIAM.
2280 372 2348 382 —
2384 341 2510 397 un.
2550 341 2691 398 XIX.

3420 340 3580 397 ’1226

305 466 570 527 desideria
600 465 929 522 mortiiicare
952 478 1058 521 non
1081 463 1329 535 despicit,
1353 479 1458 519 non
1480 462 1653 518 solum
1674 459 1890 516 veniam
1921 460 1969 518 Α
1995 455 2172 510 lorum
2196 453 2460 524 scriptum
2485 461 2572 509 est
2594 452 2730 526 (Act.
2763 453 2836 525 γι)
2864 470 2877 505 :
2911 468 2928 502 ι
2963 449 3200 507 Verbum
3226 450 3439 508 Domini
3466 467 3584 510 cre-

305 560 625 616 delietorum
645 598 658 619 ,
705 556 800 612 sed
833 568 887 612 et
915 569 1210 626 supernum
1250 554 1531 625 prmmium
1562 568 1593 608 a
1622 566 1752 607 vero
1780 549 1889 605 sal-

304 658 494 705 vatore
529 658 586 703 et
612 645 1037 703 clementissimo
1060 643 1245 714 judice
1284 658 1508 715 sperare
1535 642 1772 707 debebit,
1801 640 1893 711 qui

303 753 495 797 omnes
522 737 773 793 homines
798 736 912 790 vult
952 735 1131 790 salvos
1177 750 1298 791 esse
1345 743 1401 790 et
1447 735 1515 788 ad
1562 733 1893 803 agnitionem

302 829 590 904 pervenire
617 828 863 884 veritatis
887 842 903 881 :
932 847 952 879 ι
981 827 1290 884 Misericors
1315 834 1371 882 ct
1400 826 1686 880 miserator
1713 822 1894 878 Domi—

302 942 428 990 nus,
455 924 672 995 patiens
696 930 751 977 et
785 922 1013 977 multum
1048 920 1360 976 misericors
1392 916 1592 992 (Exod.
1623 917 1832 986 xxxuv).
1868 936 1887 968 ι

304 1017 428 1072 Ideo
457 1023 513 1070 et
551 1014 814 1085 prepheta
844 1013 985 1068 hanc
1012 1010 1440 1082 investigabilem
1471 1006 1893 1080 profunditatem

305 1104 565 1160 bonitatis
606 1102 704 1157 Dei
750 1101 1125 1166 considerans,
1157 1107 1210 1155 et
1238 1098 1423 1170 populi
1461 1100 1546 1155 sui
1585 1107 1795 1154 reatum
1839 1105 1896 1152 et

300 1194 630 1264 proterviam
659 1208 766 1248 non
794 1192 1073 1264 ignorans,
1103 1206 1230 1247 mox
1257 1189 1515 1257 subdidit,
1544 1189 1731 1245 dicens
1756 1207 1769 1242 :

376 1283 536 1339 Hem.
567 1301 586 1335 ι
614 1282 997 1340 Misericordiae
1022 1283 1236 1339 Domini
1261 1281 1388 1353 quia
1414 1296 1521 1337 non
1550 1296 1739 1337 sumus
1764 1296 1893 1336 con—

307 1393 327 1426 c
356 1374 600 1444 sumpti,
645 1374 773 1444 quia
800 1389 912 1429 nou
942 1373 1259 1430 defecerunt
1289 1372 1667 1428 miserationes
1693 1370 1832 1441 ejus.
1868 1391 1887 1422 ι

303 1464 490 1521 Toties
515 1465 662 1521 enim
697 1480 831 1536 gens
862 1479 1029 1535 prava
1074 1471 1129 1520 et
1168 1462 1423 1536 perversa
1452 1462 1761 1518 Judaaorum
1791 1461 1894 1517 Do-

302 1556 512 1612 minum
547 1556 615 1612 ad
653 1556 984 1612 iracundiam
1033 1555 1379 1625 provocando
1420 1553 1692 1618 irritavit,
1742 1561 1803 1607 ut
1846 1552 1891 1607 si

300 1660 424 1701 eam
454 1645 748 1702 secundum
773 1642 1037 1715 judicium
1068 1645 1229 1700 vellet
1251 1643 1523 1716 judicare,
1567 1652 1623 1699 et
1658 1657 1764 1697 non
1798 1657 1894 1712 per

302 1740 731 1798 misericordiam
752 1739 976 1817 eligeret
992 1739 1268 1809 patienter
1285 1736 1528 1800 sufferre,
1547 1737 1660 1807 jam
1688 1735 1888 1791 dudum

1997 545 2187 601 scebat
2204 585 2221 610 ,
2248 554 2305 600 et
2334 543 2796 615 multiplicabatur
2824 557 3083 599 numerus
3113 542 3494 612 discipulorum
3522 544 3578 601 in

1996 638 2295 696 Jerusalem
2339 636 2494 694 valde
2517 679 2534 705 ,
2591 638 2759 694 multa
2809 637 2975 693 etiam
3030 634 3186 691 turba
3238 636 3579 694 sacerdotum

1996 731 2283 787 obediehat
2308 730 2452 786 fidei.
2483 750 2503 781 ι
2544 730 2610 784 Ει
2638 745 2852 785 rursum
2875 730 3014 802 (Act.
3032 729 3107 801 tv)
3132 747 3146 784 :
3175 748 3196 781 ι
3224 728 3584 787 Multitudinis

1996 821 2334 876 credentium
2361 828 2544 876 autem
2570 829 2687 876 erat
2708 837 2799 876 cor
2828 837 3014 888 unum,
3037 830 3094 877 et
3118 823 3300 877 anima
3329 839 3454 890 una,
3479 839 3583 881 nec

1995 912 2280 983 quisquam
2307 928 2496 969 eorum
2527 929 2647 983 quae
2676 912 2985 983 possidebat
3020 914 3224 984 aliquid
3259 930 3418 971 suum
3457 933 3580 974 esse

1995 1001 2236 1066 dicebat,
2271 1002 2365 1057 sed
2395 1010 2553 1057 erant
2581 1002 2688 1058 illis
2716 1003 2899 1057 omnia
2927 1005 3253 1060 communia.
3291 1005 3357 1061 Et
3385 1007 3586 1063 virtute

1994 1110 2191 1165 magna
2222 1095 2517 1150 reddebant
2541 1094 2788 1165 Apostoli
2821 1094 3190 1152 testimonium
3230 1099 3587 1155 resurrectio-

1994 1185 2081 1240 nis
2108 1183 2235 1240 Jesu
2265 1185 2465 1241 Christi
2493 1186 2705 1242 Domini
2733 1186 2926 1252 nostri,
2954 1195 3008 1242 et
3041 1189 3215 1259 gratia
3246 1204 3440 1262 magna
3466 1201 3589 1247 erat

1995 1273 2050 1329 in
2085 1275 2341 1331 omnibus
2376 1274 2514 1340 illis,
2560 1291 2739 1346 neque
2781 1276 2926 1332 enim
2958 1278 3247 1348 quisquam
3283 1296 3447 1352 egens
3469 1292 3590 1338 erat

1995 1363 2137 1420 inter
2161 1364 2304 1421 illos.
2342 1364 2619 1437 Quotquot
2645 1366 2790 1421 enim
2817 1382 3159 1438 possessores
3198 1385 3450 1440 agrorum
3491 1382 3586 1427 aut

1994 1455 2278 1511 domorum
2303 1465 2439 1522 erat,
2469 1457 2766 1512 vendentes
2791 1456 3091 1514 aﬂ‘erebant
3125 1460 3358 1529 pretium
3398 1475 3587 1517 eorum

1993 1563 2114 1618 qua:
2134 1548 2461 1614 vendebant,
2477 1558 2529 1604 et
2549 1550 2822 1618 ponebant
2842 1559 2968 1603 ante
2986 1550 3149 1619 pedes
3172 1550 3585 1622 discipulorum,

1993 1640 2339 1697 dividebatur
2360 1652 2543 1697 autem
2570 1642 2796 1714 singulis
2820 1651 2982 1713 prout
3028 1644 3226 1716 cuique
3248 1662 3385 1716 opus
3409 1655 3582 1702 erat.»

1998 1732 2152 1789 Unde
2178 1733 2293 1804 ipse
2320 1743 2716 1805 consequenter
2740 1735 2874 1791 dicit
2899 1755 2911 1790 :

301 1832 480 1903 poenis
505 1829 764 1887 deﬁceret
788 1870 804 1896 ,
838 1812 940 1886 nec
968 1828 1388 1885 restaurationis
1415 1843 1567 1898 spem
1594 1826 1757 1881 ullam
1792 1826 1889 1881 ha-
1916 1812 1965 1871 Β
2065 1821 2224 1878 Heth.
2262 1841 2280 1873 ι
2313 1823 2447 1879 Pars
2476 1840 2592 1881 mea
2622 1825 2900 1891 Dominus,
2928 1827 3066 1883 dixit
3087 1828 3268 1884 anima
3300 1844 3442 1896 mea,
3466 1846 3588 1901 pro-

302 1928 474 1983 beret.
515 1923 668 1993 Quod
708 1931 764 1979 et
789 1923 958 1979 lsaias
988 1922 1257 1987 ostendit,
1300 1921 1527 1976 dicens:
1563 1939 1582 1971 ι
1615 1919 1709 1974 Vae
1745 1918 1893 1988 genti

301 2014 591 2085 peccatrici
610 2054 627 2080 ,
656 2012 856 2085 populo
883 2013 1036 2084 gravi
1065 2012 1372 2081 iniquitate,
1403 2009 1599 2066 semini
1627 2022 1889 2079 nequam,

302 2106 430 2162 ﬁliis
466 2105 779 2162 sceleratis!
822 2102 1234 2172 Dereliquerunt
1270 2100 1557 2157 Dominum
1579 2138 1595 2164 ,
1646 2099 1895 2170 blasphe-

301 2204 587 2253 maveruut
606 2204 850 2252 sanctum
872 2194 1058 2261 lsrael,
1094 2192 1385 2249 abalienati
1408 2199 1536 2247 sunt
1554 2199 1852 2247 retrorsum
1875 2209 1887 2245 :

302 2288 478 2360 Super
504 2302 614 2359 quo
641 2287 939 2358 percutiam
966 2300 1064 2341 vos
1093 2285 1236 2340 ultra
1265 2284 1527 2340 addentes
1564 2283 1892 2354 praevarica-

303 2379 504 2434 tionem
525 2393 715 2434 :omne
737 2385 899 2449 caput
920 2376 1232 2449 languidum
1254 2384 1310 2429 et
1329 2389 1489 2431 omne
1507 2389 1605 2430 cor
1630 2387 1887 2429 mterens.

301 2485 332 2524 a
363 2469 545 2541 planta
576 2469 729 2540 pedis
757 2483 928 2538 usque
966 2468 1036 2523 ad
1066 2466 1323 2522 verticem
1352 2481 1461 2521 non
1491 2473 1574 2520 est
1603 2464 1807 2520 sanitas
1836 2465 1889 2518 in

301 2574 405 2615 eo:
440 2557 646 2615 Vulnus
689 2567 745 2616 et
790 2559 927 2616 livor
973 2567 1029 2614 et
1073 2558 1230 2630 plaga
1261 2565 1497 2623 tumens,
1530 2571 1637 2611 non
1667 2564 1751 2611 est
1779 2555 1889 2611 cir-

301 2649 625 2720 cumligata,
654 2662 758 2706 nec
786 2659 976 2706 curata
1002 2648 1391 2715 medicamine,
1431 2664 1607 2718 neque
1631 2648 1742 2704 fota
1770 2648 1891 2704 oleo

301 2743 437 2816 (lea.
467 2744 528 2817 I).
565 2764 585 2797 ι
626 2745 693 2801 Et
720 2753 843 2817 post
871 2744 1143 2816 paululum
1173 2762 1186 2799 :
1222 2764 1240 2797 ι
1275 2743 1388 2799 Nisi
1430 2743 1690 2799 Dominus
1727 2757 1890 2798 exer-

301 2838 506 2893 cituum
535 2838 846 2909 reliquisset
880 2836 1036 2892 nobis
1064 2851 1272 2902 semen,
1301 2835 1456 2906 quasi
1485 2832 1720 2890 Sodoma
1751 2832 1887 2891 fuis—

303 2942 519 2994 scmus,
557 2937 613 2985 et
640 2929 795 3000 quasi
825 2927 1127 2984 Gomorrha
1159 2926 1362 2983 similes
1387 2941 1654 2983 essemus.
1687 2945 1705 2978 ι
1748 2924 1890 2984 Hinc

301 3027 360 3073 et
387 3016 587 3074 Paulus
614 3018 692 3072 ait
730 3016 906 3090 (Rom.
936 3016 1013 3089 ιι)
1043 3035 1056 3071 :
1091 3036 1109 3069 ι
1141 3015 1297 3084 Quod
1334 3016 1380 3071 si
1416 3014 1603 3071 volens
1630 3014 1891 3073 Domin..t

301 3108 591 3165 ostendere
634 3109 770 3164 iram
813 3117 872 3163 et
916 3115 1099 3164 notam
1144 3107 1326 3162 facere
1375 3106 1676 3177 potentiam
1706 3123 1884 3177 suam,

2001 1936 2021 1968 ς
2052 1925 2245 1995 ριθνθιι,
2266 1916 2593 1988 exspectabo
2610 1932 2756 1973 eum.
2788 1938 2807 1971 ι
2829 1919 3097 1992 (Ηὶενοη.)
3125 1920 3258 1976 Nam
3279 1924 3455 1992 portio
3479 1923 3586 1978 Do-

1997 2008 2129 2063 mini
2160 2006 2567 2063 ecclesiasticus
2599 2017 2683 2064 est
2710 2009 2941 2080 populus
2976 2011 3285 2081 redemptus
3322 2013 3587 2083 sanguine

1993 2098 2232 2165 Christi,
2264 2099 2330 2155 de
2362 2113 2471 2169 quo
2499 2100 2551 2154 in
2584 2100 2796 2156 cantico
2826 2101 3229 2158 Deuteronomii
3262 2102 3437 2161 Moses
3463 2105 3542 2168 ait
3569 2124 3581 2161 :

1999 2210 2018 2243 ι
2047 2189 2182 2246 Pars
2213 2199 2389 2246 autem
2422 2191 2666 2258 Domini,
2698 2192 2929 2263 populus
2956 2192 3073 2264 ejus
3094 2193 3282 2261 Iacob,
3314 2195 3586 2255 funiculus

1994 2281 2324 2338 haereditatis
2369 2283 2487 2354 ejus
2532 2283 2697 2339 lsrael
2731 2283 2912 2356 (Deut.
2942 2284 3155 2357 xxxii),
3205 2304 3226 2337 ι
3276 2286 3360 2341 vel
3406 2288 3585 2359 potius

1994 2375 2111 2445 ipse
2145 2374 2406 2450 Dominus
2432 2390 2557 2447 pars
2589 2375 2727 2447 ejus,
2758 2376 2914 2448 cujus
2939 2394 3128 2435 amore
3153 2381 3335 2437 omnia
3368 2389 3584 2440 terrena

1992 2465 2245 2536 despicit,
2275 2474 2331 2523 et
2359 2467 2531 2539 ipsum
2558 2468 2730 2524 solum
2760 2483 2873 2539 prae
2894 2469 3145 2527 omnibus
3170 2470 3372 2528 habere
3397 2473 3581 2546 elegit,

1994 2555 2063 2609 ad
2091 2556 2247 2627 cujus
2278 2566 2555 2628 aspectum
2591 2556 2831 2613 futurum
2878 2558 3041 2614 etiam
3091 2575 3152 2615 se
3192 2570 3580 2631 perventurum

1994 2656 2196 2718 sperat.
2236 2648 2314 2703 Ex
2353 2649 2507 2722 cujus
2539 2666 2765 2722 persona
2806 2650 3074 2723 Propheta
3114 2652 3169 2707 in
3204 2653 3436 2711 Psalmis
3460 2654 3573 2710 ait:

2000 2759 2020 2791 ε
2052 2739 2260 2797 Defecit
2289 2757 2385 2798 cor
2413 2758 2593 2798 meum
2632 2750 2692 2798 et
2727 2758 2854 2799 caro
2882 2759 3001 2800 mea
3024 2784 3040 2810 ,
3082 2744 3226 2802 Deus
3263 2746 3446 2802 cordis
3474 2748 3582 2803 mei

1994 2838 2051 2885 et
2080 2846 2207 2902 pars
2226 2847 2346 2887 mea
2368 2831 2513 2889 Deus
2536 2832 2589 2889 in
2613 2833 2805 2889 saecula
2827 2833 3001 2905 (Paul.
3021 2835 3214 2907 Lxxu).
3240 2855 3258 2887 ι
3286 2833 3578 2911 [Cassiod.]

1994 2925 2250 2984 Defectus
2283 2925 2461 2984 dictus
2491 2934 2606 2993 est,
2645 2929 2903 2998 quoniam
2936 2926 3089 2983 deest
3119 2927 3194 2982 illi
3225 2926 3476 2996 effectus;
3522 2940 3582 2984 et

1988 3018 2114 3090 jure
2156 3019 2414 3091 cogitatio
2457 3018 2691 3075 carnalis
2730 3017 3040 3086 defecerat,
3089 3035 3210 3091 quae
3257 3035 3319 3076 se
3365 3036 3581 3078 errasse

1994 3111 2253 3169 noscebat
2297 3112 2392 3168 sed
2455 3110 2530 3165 illi
2587 3110 2875 3166 confitetur
2928 3111 3014 3167 cui
3069 3110 3284 3182 culpam
3336 3113 3581 3169 revelare

303 3199 562 3255 sustinuit
591 3199 647 3254 in
676 3197 843 3253 multa
880 3197 1142 3268 patientia
1173 3212 1301 3251 vasa
1336 3196 1433 3252 ira:
1474 3204 1598 3267 apta
1628 3197 1679 3253 in
1716 3198 1886 3253 inter-
1916 3187 1961 3249 C
1995 3202 2291 3258 remedium
2337 3209 2440 3267 est,
2490 3200 2685 3257 delicta
2731 3198 2979 3256 conﬁteri
3004 3201 3287 3257 securitas.
3344 3201 3413 3257 Et
3452 3213 3580 3259 nota

304 3290 437 3346 itum
479 3305 496 3343 :
550 3297 610 3344 ut
652 3288 963 3345 ostenderet
1008 3287 1224 3343 divitias
1272 3287 1457 3358 gloriae
1498 3302 1610 3343 sua:
1654 3288 1708 3342 in
1756 3305 1886 3344 vasa

302 3378 717 3445 misericordiae,
759 3393 880 3447 qua:
904 3377 1227 3447 praeparavit
1263 3377 1317 3432 in
1347 3376 1606 3450 gloriam,
1650 3396 1790 3450 quos
1832 3389 1888 3436 et

302 3469 515 3525 vocavit
542 3483 641 3525 nos
670 3484 775 3523 non
804 3467 978 3524 solum
1007 3482 1073 3522 ex
1099 3466 1318 3533 ludatis.
1350 3469 1446 3525 sed
1471 3470 1635 3526 etiam
1664 3471 1732 3525 de
1758 3487 1886 3541 gen-

302 3559 467 3624 tibus,
488 3568 596 3614 etc.
630 3578 650 3605 ι
703 3558 857 3614 Hunc
884 3558 1062 3613 locum
1090 3566 1421 3614 memoratus
1449 3559 1725 3630 apostolus
1748 3560 1887 3614 Pau-

302 3652 423 3718 lus,
474 3652 542 3707 ad
574 3652 794 3708 eosdem
828 3649 1105 3711 Romanos
1140 3650 1351 3720 plenius
1384 3651 1604 3707 disserit
1641 3653 1887 3708 scribens

302 3743 477 3816 (Rom.
504 3743 582 3815 xu)
611 3762 624 3796 :
655 3761 673 3796 ι
704 3743 836 3799 Dico
864 3757 1034 3814 ergo:
1067 3741 1321 3812 Nunquid
1363 3743 1561 3814 repulit
1598 3743 1741 3799 Deus
1786 3760 1883 3815 po-

301 3837 485 3908 pulum
514 3836 716 3891 suum?
768 3835 924 3891 Absit
960 3853 974 3888 ε
1026 3850 1153 3890 nam
1190 3844 1247 3890 et
1274 3850 1375 3907 ego
1401 3835 1643 3891 lsraelita
1667 3851 1787 3892 sum
1817 3853 1881 3891 ex

303 3930 510 3985 semine
553 3928 820 3993 Abraha,
870 3928 939 3983 de
977 3928 1118 3983 tribu
1168 3927 1470 3997 Benjamin.
1526 3926 1641 3983 Non
1692 3927 1886 3996 repulit

303 4025 448 4079 Deus
471 4022 683 4092 plebem
713 4036 887 4086 suam,
917 4035 1080 4090 quam
1106 4019 1397 4089 praescivit.
1428 4039 1446 4070 ι
1496 4019 1562 4074 Et
1600 4028 1717 4088 post
1754 4034 1885 4089 pau-

301 4115 509 4170 lulum:
543 4132 562 4164 ι
597 4112 690 4169 Sic
731 4128 864 4184 ergo
907 4121 962 4168 et
1008 4112 1062 4167 in
1102 4112 1207 4169 isto
1246 4120 1490 4183 tempore
1528 4113 1768 4181 reliquiae
1796 4129 1882 4168 sc-

302 4210 539 4264 cundum
565 4207 882 4263 electionem
922 4207 1111 4277 gratiae
1147 4206 1310 4262 salva:
1356 4206 1512 4262 factae
1558 4216 1702 4263 sunt.
1736 4226 1756 4259 ι
1806 4206 1881 4260 Ex

301 4314 411 4369 quo
437 4297 743 4353 ostenditur
770 4297 1049 4366 superiora
1068 4337 1084 4362 ,
1120 4312 1240 4366 qua:
1269 4305 1458 4352 contra
1485 4295 1787 4352 Jerusalem
1831 4303 1887 4351 et

299 4388 495 4446 Iudam
524 4404 703 4444 sermo
744 4389 1021 4460 prophetae
1055 4389 1207 4443 lsaim
1235 4387 1598 4445 comminatus
1622 4395 1737 4452 est,
1777 4403 1885 4443 non

302 4483 372 4537 ad
400 4481 706 4552 Babyloniae
733 4480 1069 4551 captivitatis
1096 4478 1379 4536 referenda
1411 4486 1644 4549 tempus,
1687 4478 1783 4533 sed
1817 4480 1885 4533 ad

301 4573 548 4628 ultimam
595 4569 993 4635 Romanorum,
1041 4571 1257 4640 quando
1303 4569 1358 4623 in
1406 4567 1678 4639 Apostolis
1723 4568 1885 4623 salvae

304 4665 461 4722 factae
487 4675 613 4721 sunt
641 4665 884 4735 reliquiae
930 4664 1111 4734 populi
1155 4663 1502 4729 Iudaeorum,
1551 4672 1603 4717 ct
1653 4679 1757 4718 una
1800 4664 1888 4719 die

301 4760 651 4815 crediderunt
679 4759 781 4813 tria
811 4757 979 4813 millia
1010 4765 1067 4813 et
1095 4757 1332 4827 quinque
1366 4755 1551 4819 millia,
1593 4765 1649 4810 et
1684 4756 1736 4810 in
1773 4762 1886 4811 toto

299 4853 435 4907 orbe
463 4850 809 4921 Evangelium
850 4850 1176 4906 seminatum
1217 4858 1320 4905 est.
1371 4847 1468 4905 Cui
1499 4848 1663 4904 etiam
1700 4848 1886 4904 sensui

301 4957 539 5012 sequens
563 4942 828 4997 sententia
858 4942 1020 4997 favet.
1054 4940 1187 4996 Nam
1218 4941 1500 4998 subditur:

379 5033 537 5089 Heth.
571 5052 591 5084 ‹
624 5033 757 5089 Νονί
788 5033 1042 5097 diluculo,
1076 5033 1245 5088 multa
1285 5041 1369 5088 est
1407 5033 1541 5088 fides
1576 5042 1687 5088 tua.
1722 5054 1741 5086 ι
1784 5033 1887 5087 Ln-

300 5125 490 5195 quitur
523 5140 653 5194 ergo
689 5127 949 5195 propheta
996 5125 1063 5179 ad
1107 5124 1436 5195 primitivam
1486 5126 1539 5180 in
1587 5122 1886 5181 Jerusalem

301 5218 622 5283 Ecclesiam,
646 5218 871 5274 laudans
884 5218 1120 5287 speciem
1133 5216 1272 5286 ejus,
1292 5233 1431 5287 quae,
1452 5226 1574 5289 post
1593 5219 1885 5273 diluculum

304 5309 719 5364 resurrectionis
767 5308 988 5374 Christi,
1039 5318 1277 5364 veterem
1318 5308 1587 5364 hominem
1638 5324 1885 5371 exuens.

300 5400 429 5457 .iovi
474 5400 708 5456 hominis
750 5399 1204 5470 pulchritudinem
1246 5408 1368 5454 ortu
1410 5415 1509 5455 suo
1551 5399 1881 5454 declarabat.

299 5489 469 5559 Cujus
492 5491 656 5545 etiam
686 5489 851 5545 multa
879 5498 962 5545 est
991 5488 1146 5555 fides,
1172 5490 1297 5559 quia
1327 5504 1424 5559 per
1452 5490 1682 5560 gratiam
1710 5492 1882 5545 sancti

304 5583 542 5653 Spiritus
569 5582 887 5645 confortata,
930 5582 1096 5638 verbo
1124 5582 1520 5653 praedicationis
1545 5588 1601 5637 ct
1626 5581 1884 5636 virtutum

304 5677 475 5747 signis
507 5676 766 5747 plurimos
817 5677 884 5731 ad
934 5676 1247 5730 societatem
1299 5675 1421 5730 fidei
1469 5682 1525 5728 et
1570 5664 1884 5743 religionem

304 5769 667 5826 Christianam
692 5767 1040 5824 convocabat.
1078 5766 1230 5823 Unde
1259 5776 1314 5821 et
1345 5767 1397 5822 in
1424 5765 1646 5821 Actibus
1672 5772 1887 5835 aposto-

792 5863 1067 5924 PATROL.
1122 5859 1291 5922 CXI.

1916 4537 1963 4596 D

1992 3295 2137 3364 quod
2168 3294 2223 3348 in
2260 3309 2370 3350 uno
2412 3307 2572 3348 versu
2621 3305 2719 3347 cor
2764 3298 2821 3348 et
2867 3292 2922 3347 in
2971 3291 3115 3347 bono
3156 3292 3377 3362 ponitur
3418 3302 3475 3349 et
3523 3294 3577 3350 in

1992 3385 2171 3441 malo:
2207 3402 2225 3436 ι
2257 3383 2465 3440 Defecit
2488 3398 2601 3448 cor,
2636 3402 2654 3434 ι
2686 3383 2874 3452 utique
2904 3381 3043 3436 mala
3072 3383 3349 3455 cogitatio.
3383 3403 3403 3437 ι
3435 3384 3577 3440 Deus

1991 3486 2173 3531 autem
2197 3475 2396 3539 cordis,
2422 3494 2441 3527 ι
2469 3475 2573 3530 hoc
2600 3482 2703 3539 est,
2731 3482 2924 3530 auctor
2944 3472 3069 3528 boui
3095 3462 3421 3540 intellectus,
3450 3476 3575 3546 quia

1988 3583 2112 3623 eum
2140 3567 2255 3622 sine
2278 3564 2398 3636 ejus
2421 3565 2594 3637 gratia
2620 3580 2779 3621 nemo
2804 3565 2986 3621 habet.
3014 3564 3160 3620 lllius
3182 3570 3315 3621 vero
3341 3567 3577 3622 hominis

1988 3660 2131 3716 Deus
2161 3667 2245 3716 est
2273 3673 2420 3729 pars,
2452 3658 2544 3728 qui
2574 3673 2634 3713 se
2672 3656 2939 3726 majestati
2971 3656 3140 3727 ipsius
3171 3665 3226 3712 et
3252 3657 3579 3713 credulitate

1989 3751 2265 3807 consociat
2306 3759 2361 3805 et
2389 3748 2654 3820 probabili
2709 3747 2922 3804 actione
2960 3747 3324 3803 commendat.
3365 3748 3424 3803 In
3469 3764 3571 3804 sa:-

1988 3841 2108 3896 cula
2144 3856 2307 3904 vero,
2351 3840 2496 3910 quod
2526 3838 2764 3903 addidit,
2810 3851 3025 3907 semper
3063 3852 3124 3893 se
3162 3838 3264 3908 ipsi
3295 3837 3576 3894 adhazrerc

1988 3933 2273 4003 promisit,
2323 3932 2466 4001 quod
2511 3945 2700 3985 revera
2728 3928 3091 4000 perfectorum
3120 3937 3243 3994 est,
3293 3946 3569 4001 nunquam

1988 4024 2056 4079 ab
2090 4023 2183 4078 illo
2222 4022 2357 4077 velle
2396 4020 2711 4086 discedere,
2756 4020 2874 4075 sine
2909 4035 3018 4090 quo
3055 4020 3321 4092 contingit
3357 4037 3574 4095 semper

1988 4130 2195 4172 errare.

2062 4207 2245 4262 Theth.
2281 4224 2301 4257 ‹
2334 4206 2515 4260 Bonus
2551 4213 2635 4261 est
2668 4203 2930 4259 Dominus
2958 4204 3300 4275 sperantibus
3331 4205 3384 4260 in
3413 4221 3570 4267 eum.

1996 4319 2014 4352 ‹
2046 4300 2241 4355 anima:
2279 4297 2542 4368 quaerenti
2585 4296 2753 4351 illum.
2787 4316 2805 4347 ι
2858 4295 3151 4368 (Maenas)
3184 4296 3365 4353 Bonus
3392 4297 3574 4368 itaque

1988 4391 2248 4447 Dominus
2297 4389 2639 4459 sperantibus
2685 4387 2737 4442 in
2784 4401 2908 4442 eum
2934 4426 2950 4453 ,
3004 4387 3131 4457 quia
3177 4387 3571 4459 bencplacitum

1988 4493 2075 4540 est
2100 4482 2329 4538 Domino
2363 4495 2526 4551 super
2551 4480 2825 4546 timentes;
2853 4486 2905 4534 et
2935 4479 2990 4534 in
3017 4494 3115 4535 eos
3142 4479 3234 4549 qui
3263 4489 3484 4550 sperant
3516 4480 3570 4536 in

1989 4572 2360 4629 misericordia
2391 4571 2527 4641 ejus.
2573 4569 2741 4636 Quem
2771 4570 2863 4640 qui
2894 4569 3122 4640 requirit
3150 4570 3388 4627 inveniet
3413 4586 3534 4627 eum
3554 4613 3570 4635 ,

1987 4677 2043 4724 et
2062 4668 2129 4723 ad
2153 4668 2369 4723 beatam
2392 4666 2554 4720 vitam
2581 4665 2882 4735 perveniet.
2916 4662 3072 4721 Unde
3093 4664 3225 4720 dicit
3246 4664 3532 4721 Psalmista
3555 4684 3567 4719 :

1994 4776 2014 4811 ‹
2051 4758 2287 4826 Qumritc
2334 4757 2617 4811 Dominum
2669 4763 2724 4810 et
2754 4755 2897 4811 vivet
2942 4755 3120 4811 anima
3167 4764 3347 4811 vestra
3395 4754 3566 4827 (Paul.

1988 4852 2198 4922 LXVIII).
2233 4870 2251 4902 ι
2304 4849 2379 4904 De
2404 4863 2510 4918 quo
2538 4856 2592 4903 et
2621 4845 2788 4901 Isaias
2816 4846 2931 4900 ait:
2962 4865 2981 4898 ι
3012 4844 3197 4903 Sancti
3227 4846 3321 4917 qui
3349 4854 3573 4916 sperant

1989 4950 2042 5003 in
2079 4947 2327 5010 Domino,
2358 4944 2647 4998 mutabunt
2685 4940 3088 5004 fortitudinem,
3130 4947 3409 4996 assument
3438 4954 3571 5008 pen-

1994 5055 2092 5094 nas
2123 5047 2180 5092 ut
2209 5036 2408 5106 aquila,
2444 5033 2706 5088 volabunt
2732 5038 2788 5085 et
2814 5046 2920 5086 non
2949 5029 3203 5085 deficient
3232 5028 3367 5098 (Isa.
3400 5026 3509 5099 XL).
3545 5047 3562 5079 ι

1994 5129 2100 5183 Sed
2133 5128 2257 5197 quia
2292 5128 2490 5181 bonum
2519 5133 2603 5180 est
2633 5123 2743 5187 illi,
2791 5122 2880 5191 qui
2928 5128 3109 5191 sperat
3148 5119 3200 5173 in
3239 5118 3481 5183 Domino,
3515 5127 3572 5175 ct

1994 5220 2063 5273 ad
2087 5218 2318 5272 futuram
2341 5215 2458 5285 ejus
2472 5215 2635 5269 vitam
2659 5208 2969 5284 [visionem]
2993 5208 3295 5278 pervenire,
3323 5215 3571 5262 certatut

1993 5310 2260 5381 patienter
2288 5306 2468 5360 omnia
2499 5306 2724 5360 adversa
2751 5302 3044 5365 sustineat,
3087 5308 3142 5357 et
3176 5299 3295 5355 sine
3326 5298 3568 5355 molestia

1993 5401 2222 5455 aliorum
2256 5403 2577 5467 prmsentem
2607 5394 2773 5448 vitam
2812 5394 3012 5457 ducat,
3064 5392 3284 5446 imitans
3325 5389 3473 5445 illum
3503 5390 3570 5445 de

1988 5506 2096 5562 quo
2125 5489 2383 5557 scriptum
2421 5497 2542 5541 est:
2579 5504 2598 5536 ι
2633 5485 2769 5539 Ecce
2810 5500 2998 5539 servus
3036 5498 3225 5547 meus,
3275 5482 3565 5553 suscipiam

1990 5582 2172 5645 illum;
2209 5583 2411 5633 electus
2446 5591 2620 5640 meus,
2663 5574 2985 5644 complacuit
3015 5573 3117 5629 sibi
3167 5573 3221 5628 in
3265 5573 3356 5627 illo
3385 5574 3567 5629 anima

1991 5685 2148 5726 mea:
2208 5667 2329 5722 dedi
2376 5665 2625 5738 spiritum
2670 5679 2849 5719 meum
2896 5679 3057 5734 super
3098 5679 3221 5720 eum
3249 5706 3265 5730 ,
3304 5663 3567 5734 judicium

1989 5758 2237 5835 gentibus
2266 5756 2519 5829 proferet.
2551 5754 2668 5811 Non
2700 5754 2954 5811 clamabit
2980 5769 3154 5822 neque
3187 5755 3416 5825 aec‘pict
3447 5769 3567 5827 per-

3051 5846 3129 5907 39
