3970 6190
427 330 563 386 1227

1069 330 1128 384 Β.
1174 327 1425 385 RABANI
1462 328 1678 386 MAUlll
1715 327 2037 384 ARClllEP.
2082 326 2393 386 MOGUNT.
2433 325 2721 414 OPERUM
2750 324 2931 384 PARS
2967 326 3058 383 Ill.

3566 331 3706 386 {$28

417 460 606 501 sonam
635 483 650 508 ,
700 457 876 514 neque
925 441 1176 497 audietur
1223 441 1356 499 foris
1400 457 1501 497 vox
1551 441 1668 513 ejus
1694 459 1707 494 :
1737 440 2003 496 calamum
2034 445 2080 502 Α
2109 440 2384 511 patientia:
2409 439 2653 496 custodia
2679 437 2852 494 servis
2876 437 3081 494 Ch’risti
3109 439 3424 496 necessaria
3451 448 3556 505 est,
3579 441 3704 511 quia

417 546 735 606 quassatum
768 550 874 588 non
903 542 1166 599 conteret,
1195 541 1250 588 et
1275 534 1442 588 linum
1472 532 1740 604 fumigans
1775 546 1882 586 non
1912 546 2004 586 ex-

417 628 644 699 stinguit
672 626 808 699 (lsa.
835 625 990 695 χιιι).
1023 645 1040 678 ι
1075 624 1370 694 Propterea
1397 625 1567 679 dicit:

492 722 677 776 Thetin.
701 739 719 772 ι
741 719 946 774 Bonum
968 727 1050 773 est
1068 717 1367 788 prmstolari
1390 732 1512 772 cum
1535 714 1750 771 silentio
1770 714 2009 770 salutare

421 833 443 866 ε
471 810 706 868 Domini.
740 829 759 862 ι
792 807 981 864 Omnis
1006 807 1149 861 enim
1178 805 1441 861 bonorum
1468 804 1578 859 vita
1609 803 1898 874 tranquilla
1923 811 2009 858 est

419 913 476 958 et
501 903 730 974 placida,
764 901 904 967 inter
933 898 1194 968 superbos
1223 912 1352 952 vero
1387 911 1603 967 semper
1623 895 1802 968 jurgia
1835 905 1962 964 sunt
1989 915 2002 950 :

419 994 624 1049 idcirco
666 989 866 1046 Paulus
905 987 1483 1044 Thcssalonicensibus
1530 986 1644 1040 ait:
1679 1003 1698 1037 ι
1733 985 2005 1056 Rogamus

418 1096 600 1141 autem
630 1100 755 1151 vos,
796 1082 1025 1148 fratres,
1063 1091 1123 1136 ut
1161 1081 1447 1136 abundetis
1477 1081 1666 1151 magis,
1704 1088 1757 1135 et
1787 1094 2006 1149 operam

416 1178 576 1242 detis,
609 1183 668 1230 ut
697 1174 867 1245 quieti
898 1173 1038 1237 sitis,
1064 1180 1122 1230 et
1150 1180 1211 1226 ut
1232 1179 1476 1226 vestrum
1506 1171 1780 1242 negotium
1811 1170 2004 1240 agatis,

413 1275 472 1322 et
503 1265 803 1337 operamini
836 1263 1084 1328 manibus
1108 1263 1306 1318 vestris
1345 1263 1485 1318 sicut
1522 1263 1878 1333 prmeepimus
1907 1277 2004 1317 vo-

417 1359 518 1418 bis.
551 1365 607 1412 et
635 1366 694 1410 ut
722 1355 947 1411 honeste
976 1355 1264 1409 ambuletis
1291 1355 1359 1409 ad
1383 1369 1477 1411 eos
1500 1355 1591 1425 qui
1611 1353 1751 1411 foris
1778 1363 1926 1420 sunt,
1951 1365 2007 1410 et

419 1446 617 1501 nullius
645 1445 847 1516 aliquid
876 1444 1195 1499 desideratis
1222 1444 1274 1516 (1
1305 1443 1484 1499 Thess.
1515 1444 1612 1516 tv).
1639 1463 1656 1496 ι
1697 1445 1849 1512 Quod
1879 1444 2004 1515 quia

419 1552 579 1592 nemo
605 1534 846 1606 perfecte
875 1549 1038 1605 agere
1067 1533 1227 1598 valet,
1261 1534 1364 1588 nisi
1394 1535 1485 1604 qui
1518 1548 1576 1590 se
1602 1548 1632 1587 a
1663 1534 1847 1589 mundi
1877 1549 2008 1589 con-

415 1627 768 1697 cupiscentiis
798 1634 854 1681 et
886 1624 1069 1682 Steculi
1098 1625 1330 1696 negotiis
1357 1633 1695 1696 sequestrat,
1724 1625 2006 1694 subsequi-

421 1729 531 1784 tur,
561 1718 748 1773 dicens
772 1735 785 1771 :

2111 532 2201 602 qui
2231 547 2290 588 se
2314 531 2519 586 exaltat
2551 529 2945 596 humiliahitur,
2980 530 3073 604 qui
3101 539 3288 586 autem
3330 530 3386 588 in
3427 532 3704 601 patientiae

2107 625 2307 682 virtute
2326 624 2758 696 perseveraverit
2777 636 2950 692 usque
2969 622 3038 677 ad
3059 621 3352 690 finem,hic
3377 623 3559 681 salvus
3578 625 3705 685 alit.

2110 716 2264 772 Unde
2291 715 2667 787 subjungitur:

2183 805 2306 860 Iod.
2331 825 2348 857 ι
2368 806 2538 862 Ponet
2567 806 2620 860 in
2647 805 2869 876 pulvere
2892 820 2954 861 os
2979 820 3158 869 suum,
3181 806 3226 862 si
3251 805 3390 864 forte
3414 809 3488 863 sit
3509 823 3659 879 spes.
3682 829 3702 862 ι

2100 899 2200 954 -llle
2229 898 2429 969 quippe
2459 898 2514 952 in
2544 898 2769 968 pulvere
2797 898 2952 968 ponit
2977 913 3040 954 os
3069 913 3226 955 suum
3245 940 3260 967 ,
3303 901 3398 970 qui
3421 902 3709 960 humiliter

2107 992 2347 1047 sentiens
2389 990 2634 1062 fragilem
2682 1006 2742 1047 se
2789 993 3104 1063 cognoscit,
3165 1003 3221 1049 et
3268 995 3336 1050 de
3379 995 3608 1066 pulvere
3648 1013 3707 1054 se

2107 1087 2310 1142 factum
2335 1128 2350 1153 ,
2403 1087 2599 1141 iterum
2651 1087 2704 1142 in
2752 1087 3031 1156 pulverem
3071 1103 3444 1155 reversurum,
3479 1088 3706 1158 fatetur,

2105 1177 2293 1233 dicens
2322 1192 2444 1233 cum
2475 1177 2789 1247 patriarcha
2826 1177 3103 1232 Abraham
3131 1193 3147 1231 :
3181 1196 3200 1229 ι
3232 1177 3455 1248 Loquor
3491 1179 3559 1234 ad
3603 1181 3710 1237 Do-

2107 1269 2312 1323 minum
2343 1282 2544 1333 meum,
2578 1282 2701 1322 cum
2725 1267 2826 1321 sim
2855 1267 3032 1337 pulvis
3059 1277 3116 1323 et
3140 1268 3280 1324 cinis
3297 1267 3454 1336 (Gen.
3477 1271 3661 1340 xviii).
3683 1293 3703 1325 ι

2105 1358 2205 1413 Cui
2234 1359 2396 1414 etiam
2424 1373 2548 1428 spes
2575 1358 2682 1413 erit
2711 1357 2906 1414 futuras
2933 1359 3351 1424 resurrectionis
3376 1378 3390 1414 :
3419 1360 3548 1430 quia
3581 1377 3709 1417 cum

2106 1463 2165 1504 se
2211 1463 2310 1518 per
2351 1449 2728 1518 paenitentiam
2780 1451 3098 1521 castigando
3147 1465 3368 1506 carnem
3415 1462 3706 1516 macerat,

2107 1539 2333 1609 spiritus
2378 1538 2718 1594 remissionis
2765 1547 2822 1594 et
2871 1540 3068 1595 futura:
3113 1540 3301 1612 gloriae
3349 1558 3448 1612 per
3489 1542 3708 1598 Domini

2105 1629 2534 1685 misericordiam
2563 1629 2767 1686 habere
2795 1631 3031 1686 debebit.
3069 1631 3275 1704 (Greg.)
3299 1633 3436 1689 Hinc
3455 1644 3542 1688 est
3561 1635 3708 1704 quod

2108 1722 2298 1776 beatus
2321 1719 2439 1785 Job,
2474 1721 2748 1791 sapientes
2780 1720 2990 1776 Domini
3023 1724 3324 1778 sententias
3361 1724 3616 1788 audiens,
3645 1739 3706 1780 se

492 1809 674 1864 Tltetlt.
709 1827 728 1860 ι
759 1808 969 1864 Bonum
999 1816 1084 1863 est
1111 1808 1229 1864 viro
1254 1821 1376 1863 cum
1403 1805 1699 1878 portaverit
1723 1805 1912 1878 jugum
1938 1807 2006 1862 ab
2036 1794 2080 1854 Β
2109 1813 2482 1883 cognoscendo
2514 1827 2619 1874 non
2651 1825 2770 1868 esse
2794 1813 3094 1882 sapientem
3123 1815 3480 1884 semetipsum
3515 1831 3707 1885 repre-

423 1921 444 1956 ι
474 1902 839 1960 adolescentia
871 1917 986 1957 sua.
1023 1919 1042 1952 ι

487 1994 608 2050 Ιοιι.
655 2013 674 2047 ‹
704 1993 930 2050 Sedebit
969 1993 1246 2060 solitarius
1287 2001 1339 2047 et
1382 1993 1615 2060 tacebit,
1652 1993 1777 2063 quia
1809 1993 2007 2049 levavit

419 2103 442 2138 ι
475 2099 535 2142 se
562 2099 724 2155 super
750 2099 829 2140 se.
863 2102 882 2135 ›
924 2083 1154 2139 Militum
1183 2097 1313 2152 ergo
1342 2081 1545 2137 Chrlsti
1584 2081 1848 2153 perfectio
1885 2090 2004 2148 est,

420 2185 638 2232 cxutam
673 2181 909 2236 mentem
947 2172 1148 2228 habere
1190 2188 1221 2226 a
1259 2171 1472 2228 cunctis
1510 2171 1739 2227 terrenis
1776 2171 2008 2241 negotiis

415 2276 472 2320 et
497 2281 527 2319 a
560 2263 808 2330 tumultu,
839 2260 997 2332 juxta
1034 2261 1164 2320 illud
1199 2261 1446 2333 Apostoli
1476 2280 1489 2316 :
1525 2279 1542 2313 ι
1573 2260 1743 2316 Nemo
1769 2260 2006 2316 militans

418 2355 530 2410 Deo
564 2339 806 2426 implicat
843 2368 903 2410 se
941 2352 1291 2410 saecularibus
1320 2351 1578 2422 negotiis,
1624 2359 1683 2406 ut
1717 2352 1766 2406 ei
1797 2350 2006 2420 placeat

417 2450 503 2504 cui
548 2463 607 2504 se
648 2447 897 2520 probavit
942 2445 1027 2518 (II
1075 2445 1213 2502 Tim.
1259 2444 1355 2514 ιι),
1387 2465 1405 2499 ι
1461 2460 1692 2514 eamque
1742 2453 2002 2515 quantum

419 2541 654 2596 humana
681 2540 1026 2596 imbecillitas
1052 2538 1181 2594 sinit
1201 2536 1425 2594 festinat
1445 2537 1598 2592 unirc
1619 2551 1742 2590 cum
1762 2535 2000 2591 Christo.

418 2635 592 2702 Quam
620 2633 836 2704 quidem
864 2632 1098 2704 speciem
1129 2628 1578 2692 conversationis,
1608 2627 1734 2683 boni
1764 2627 2004 2682 cremita:

417 2735 474 2781 et
503 2726 790 2791 monachi,
821 2725 913 2796 qui
945 2733 1071 2781 voto
1100 2721 1419 2779 monachico
1445 2720 1684 2793 mystica:
1710 2718 2004 2790 disciplina:

418 2821 642 2892 obligati
677 2829 837 2888 sunt,
881 2821 1083 2876 imitari
1111 2817 1482 2882 contendunt,
1523 2815 1619 2872 sed
1650 2831 1774 2871 rara
1820 2825 1905 2871 est
1947 2822 2004 2870 et

419 2913 760 2984 paucissimis
806 2913 950 2970 dono
997 2912 1091 2968 Dei
1142 2914 1258 2968 haec
1301 2909 1565 2983 perfectio
1611 2923 1891 2966 concessa.
1950 2908 2004 2966 is

418 3010 618 3068 etenim
647 3023 772 3063 vere
798 3016 856 3063 et
877 3023 983 3066 non
1013 3021 1080 3061 ex
1108 3015 1264 3076 parte
1291 3002 1564 3075 perfectus
1592 3011 1709 3069 est,
1738 3003 1830 3072 qui
1863 3008 1918 3057 et
1947 3001 2002 3056 in

418 3117 602 3157 eremo
631 3097 938 3170 squalorem
968 3096 1290 3160 solitudinis,
1321 3103 1376 3150 et
1404 3095 1460 3149 in
1491 3093 1740 3150 coenobio
1765 3091 2002 3148 infirmi-

422 3200 562 3246 tates
601 3188 826 3243 fratrum
863 3186 1056 3256 :equali
1099 3185 1541 3256 magnanimitate
1589 3189 1898 3249 sustentat,
1945 3190 2004 3238 et

421 3286 544 3341 ideo
574 3284 628 3338 in
658 3291 886 3351 utraque
922 3278 1258 3350 professione
1300 3293 1400 3348 per
1439 3279 1620 3334 omnia
1659 3293 2006 3334 consumma-

423 3384 534 3429 tum
565 3372 808 3427 invenire
834 3370 1048 3426 dillicile
1077 3379 1193 3435 est,
1232 3370 1358 3439 quia
1387 3385 1488 3425 nec
1518 3370 1846 3424 anachoreta
1876 3384 2005 3426 con-

423 3442 684 3534 temptu'm
743 3475 807 3516 ac
846 3459 1198 3531 privationem
1243 3457 1606 3512 materialium
1641 3472 1856 3523 rerum,
1903 3473 2006 3514 nec

422 3552 692 3609 coenobita
723 3550 1016 3606 theoricam
1051 3549 1116 3603 ad
1149 3549 1416 3619 integrum
1444 3556 1618 3619 potest
1651 3548 1866 3619 assequi
1900 3563 2000 3619 pu-

426 3647 660 3708 ritatem,
707 3643 802 3699 scd
831 3652 1011 3708 tamen
1041 3650 1300 3712 quantum
1328 3642 1717 3712 superexcellat
1742 3644 2005 3700 serenitas

421 3735 723 3806 tranquillae
742 3735 864 3789 vitae
895 3733 1236 3789 turbulentim
1255 3732 1528 3789 smcularis
1557 3734 2001 3802 conversationis,

422 3831 572 3886 novit
599 3829 688 3899 qui
720 3829 860 3883 hanc
883 3832 1143 3896 expertus
1168 3833 1269 3890 est,
1300 3833 1356 3880 et
1379 3823 1718 3881 Dominicum
1742 3825 2002 3902 judicium

424 3923 478 3978 in
511 3918 800 3991 Evangelia
833 3918 972 3974 inter
998 3917 1132 3971 duas
1157 3915 1411 3970 mulieres
1439 3915 1726 3981 discernit,
1768 3915 1833 3969 ad
1865 3915 2004 3971 hlar-

426 4014 570 4066 tham
601 4011 787 4065 dicens
819 4025 832 4061 :
866 4026 884 4060 t
917 4006 1147 4072 Martha,
1177 4006 1406 4070 Martha,
1435 4005 1663 4060 sollicita
1689 4021 1768 4071 es,
1801 4012 1856 4059 et
1893 4015 2004 4059 tur-

423 4100 570 4156 baris
608 4115 733 4169 erga
775 4097 1025 4168 plurima.
1076 4095 1247 4150 Porro
1279 4111 1442 4148 lllltlm
1479 4104 1563 4150 est
1611 4094 2000 4150 necessarium.

2107 1903 2326 1968 hendit,
2372 1903 2597 1958 dicens:
2632 1921 2651 1955 ι
2683 1902 2808 1960 ideo
2841 1904 3161 1974 insipienter
3197 1905 3412 1962 locutus
3441 1923 3563 1962 sum
3585 1947 3604 1972 ,
3651 1915 3708 1962 α

2106 2008 2226 2064 qua:
2260 1993 2397 2048 ultra
2427 1994 2645 2050 modum
2673 1994 3001 2051 excederent
3025 1997 3309 2051 scientiam
3344 2013 3524 2052 meam
3555 1997 3704 2070 (Job.

2107 2085 2262 2156 xui).
2295 2103 2315 2136 ι
2370 2083 2478 2139 Sed
2506 2085 2634 2154 quia
2673 2084 2817 2140 nulla
2847 2094 2934 2141 est
2959 2087 3195 2156 cognitio
3226 2088 3701 2158 reprehensionis.

2105 2180 2148 2234 si
2189 2194 2295 2233 non
2326 2186 2627 2247 sequantur
2659 2178 2824 2233 etiam
2867 2177 3104 2234 lamenta
3144 2180 3524 2250 pmnitudinis,
3561 2193 3707 2235 necte

2103 2276 2225 2337 post
2249 2265 2723 2337 reprehensionem
2749 2267 3025 2322 subditur:
3057 2286 3075 2319 ι
3102 2269 3168 2322 Et
3191 2283 3294 2338 ago
3319 2269 3705 2339 paenitentiam

2103 2357 2158 2410 in
2189 2355 2368 2411 favilla
2397 2365 2452 2412 et
2477 2357 2681 2411 cinere.
2713 2375 2733 2410 ι
2761 2355 2818 2411 ln
2850 2357 3031 2412 favilla
3059 2359 3258 2413 etenim
3289 2366 3344 2414 et
3370 2359 3560 2414 cinere
3593 2374 3711 2428 pae-

2103 2451 2387 2507 nitentiam
2434 2467 2595 2524 agere
2637 2461 2758 2519 est,
2790 2453 3153 2524 contemplata
3190 2470 3406 2509 summa
3439 2457 3706 2519 essentia,

2104 2540 2180 2596 nil
2207 2542 2350 2597 aliud
2383 2557 2546 2612 quam
2576 2541 2817 2598 favillam
2857 2557 2917 2602 se
2951 2543 3301 2614 cineremque
3339 2561 3701 2617 cognoscere.

2105 2632 2259 2689 Unde
2287 2643 2344 2689 et
2369 2634 2576 2697 civitati
2608 2636 2852 2705 reprobat:
2895 2635 2948 2689 in
2988 2635 3283 2707 Evangelia
3319 2635 3591 2692 Dominus
3626 2637 3707 2692 di-

2102 2725 2216 2780 cit:
2251 2743 2269 2776 ι
2301 2724 2359 2780 Si
2391 2725 2445 2780 in
2473 2725 2617 2796 Tyro
2660 2733 2717 2780 et
2755 2724 2964 2780 Sidone
2999 2725 3159 2795 factae
3199 2726 3432 2796 fuissent
3472 2729 3707 2790 virtutes

2102 2832 2224 2890 quae
2248 2815 2403 2872 facta:
2430 2823 2556 2872 sunt
2583 2817 2634 2870 in
2663 2816 2836 2882 vobis,
2864 2817 2994 2872 olim
3022 2819 3076 2872 in
3099 2818 3283 2874 cinere
3299 2826 3357 2873 et
3383 2820 3568 2874 cilicio
3589 2835 3707 2891 pas-

2103 2905 2383 2962 nitentiam
2413 2905 2650 2977 egissent
2675 2902 2892 2976 (Matth.
2921 2921 2996 2970 x1,
3018 2906 3132 2980 2t).
3168 2925 3186 2959 ι
3206 2907 3266 2962 In
3289 2907 3475 2963 cilicio
3505 2909 3706 2980 quippe

2101 2996 2366 3068 asperitas
2391 3003 2446 3052 et
2465 2996 2810 3064 compunctio
2834 3006 3202 3066 peccatorum,
3225 2997 3281 3052 in
3309 2999 3498 3053 cinere
3520 3011 3702 3053 autem

2105 3088 2280 3160 pulvis
2316 3087 2622 3144 ostenditur
2659 3098 3026 3152 mortuorum,
3071 3097 3128 3142 et
3169 3089 3374 3144 idcirco
3403 3099 3706 3160 utrumque

2107 3182 2210 3239 hoc
2259 3180 2501 3237 adhiberi
2553 3181 2620 3236 ad
2672 3181 3046 3251 pmnitentiam
3095 3181 3234 3246 solet
3257 3222 3272 3242 ,
3327 3192 3391 3236 ut
3450 3183 3506 3236 in
3555 3198 3698 3253 pun-

2105 3273 2286 3330 ctione
2337 3275 2498 3330 cilicii
2541 3289 2936 3345 cognoscamus
2984 3277 3113 3346 quid
3158 3293 3258 3346 per
3301 3278 3521 3348 culpam
3570 3278 3703 3334 feci-

2103 3380 2260 3430 mus,
2301 3374 2357 3420 et
2400 3365 2454 3429 in
2507 3364 2688 3420 favilla
2737 3366 2938 3421 cineris
2982 3368 3379 3438 perpendamus
3423 3369 3557 3438 quid
3601 3385 3704 3439 per

2098 3455 2362 3526 judicium
2396 3455 2523 3511 facti
2561 3471 2769 3511 sumus.
2817 3455 3238 3512 Considerentur
3265 3473 3398 3529 ergo
3428 3459 3484 3513 in
3516 3459 3701 3514 cilicio

2104 3548 2398 3618 pungentia
2432 3547 2596 3612 vitia,
2631 3547 3008 3602 consideretur
3049 3548 3103 3602 in
3132 3548 3313 3603 cinere
3358 3563 3458 3618 per
3499 3550 3697 3605 mortis

2105 3640 2427 3695 sententiam
2475 3640 2812 3710 subsequens
2852 3637 3000 3707 justa
3044 3653 3206 3709 poena
3238 3639 3518 3694 vitiorum.
3557 3640 3697 3707 Quia

2104 3729 2248 3784 enim
2277 3735 2399 3798 post
2425 3735 2708 3797 peccatum
2739 3727 2923 3782 carnis
2949 3727 3286 3783 contumelia:
3311 3738 3693 3789 surrexerunt.

2101 3819 2282 3874 videat
2319 3820 2482 3874 Immo
2513 3819 2565 3873 in
2617 3819 2912 3890 asperitate
2951 3819 3114 3875 cilicii
3155 3821 3520 3890 superbiendo
3563 3823 3696 3892 quid

2103 3910 2260 3977 fecit,
2291 3911 2473 3967 videat
2522 3911 2579 3966 in
2609 3911 2790 3967 cinere
2813 3927 3092 3982 usquequo
3115 3914 3390 3982 peccando
3418 3916 3691 3984 pervenit.

2103 3999 2288 4058 Potest
2324 4017 2537 4072 quoque
2574 4001 2751 4058 cilicio
2774 4002 2888 4072 ipsa
2914 4016 3013 4073 per
3048 4002 3477 4058 recordationem
3526 4013 3695 4074 atque

2103 4093 2476 4163 paenitentiam
2513 4092 2760 4149 dolorum
2801 4093 3021 4162 punctio
3068 4093 3354 4165 designari.
3402 4092 3542 4148 Nam
3590 4096 3695 4150 hoc

424 4191 590 4245 Maria
620 4189 876 4259 optimam
907 4196 1111 4256 partem
1139 4183 1322 4254 elegit,
1350 4200 1470 4256 qu:e
1500 4200 1604 4239 non
1635 4183 1910 4240 auferetur
1935 4185 2003 4240 ab
2103 4184 2246 4253 quod
2293 4184 2370 4238 ait
2416 4185 2611 4241 beatus
2654 4183 2777 4249 Job,
2829 4185 2945 4255 ipse
2993 4199 3080 4239 me
3127 4185 3482 4254 reprehendo,
3533 4188 3690 4255 quasi

423 4297 486 4336 ea
519 4279 668 4352 (an.
701 4279 776 4348 χ).
809 4297 828 4330 ι
884 4277 950 4332 Ει
986 4276 1175 4332 beatus
1204 4275 1370 4333 Davrd
1402 4274 1575 4331 solum
1615 4277 1719 4332 hoc
1757 4290 2005 4333 necessa-
2104 4276 2339 4346 quodam
2371 4275 2550 4332 cilicio
2576 4276 2852 4346 pungitur,
2893 4275 3022 4334 dum
3057 4277 3112 4331 in
3146 4285 3324 4330 mente
3347 4291 3444 4331 sua
3475 4279 3690 4347 asperis

425 4374 564 4428 rium
603 4369 806 4426 homini
839 4383 958 4424 esse
987 4366 1251 4424 definiens
1274 4408 1288 4434 ,
1340 4368 1451 4424 Deo
1492 4366 1694 4438 jugiter
1740 4366 2003 4423 inhaerere
2105 4368 2545 4437 redargutionum
2573 4367 2808 4422 stimulis
2831 4365 3184 4422 confricatur.
3215 4367 3271 4422 ln
3299 4367 3481 4421 cinere
3507 4377 3690 4423 autem

424 4465 708 4529 desiderat,
734 4463 944 4519 dicens:
969 4480 988 4512 ι
1010 4460 1136 4518 Mihi
1166 4469 1344 4516 autem
1368 4460 1644 4516 adhzerere
1666 4459 1777 4514 Deo
1801 4459 2000 4513 bonum
2029 4496 2078 4556 υ
2105 4463 2217 4533 agit
2251 4461 2627 4532 pmnitentiani
2647 4501 2662 4525 ,
2705 4460 2831 4529 quia
2870 4475 2937 4514 ex
2977 4460 3153 4530 primo
3178 4468 3401 4530 peccato
3430 4460 3559 4530 quid
3591 4473 3689 4530 per

424 4564 508 4609 est
530 4594 545 4617 ,
594 4567 793 4624 ponere
823 4553 877 4608 in
902 4551 1134 4607 Domino
1161 4565 1313 4622 spem
1348 4564 1522 4605 meam
1552 4545 1723 4620 (Psal.
1751 4545 1940 4619 Lxxn).
1976 4566 1995 4598 ι
2029 4545 2072 4556 ’⁷
2098 4554 2302 4626 justum
2326 4551 2590 4621 judicium
2619 4550 2796 4608 factus
2821 4572 2827 4584 -
2848 4551 2891 4606 it
2933 4551 3164 4607 solerter
3187 4552 3434 4617 attendit,
3463 4552 3683 4607 dicens:

411 4646 494 4701 'Et
523 4644 648 4700 alibi
672 4659 738 4698 τι
760 4642 942 4700 .Unam
972 4642 1100 4712 petii
1131 4657 1161 4696 a
1186 4641 1430 4706 Domino,
1452 4640 1593 4695 hanc
1616 4640 1914 4709 requiram,
1942 4649 2002 4695 ut
2108 4662 2128 4697 ι
2154 4644 2270 4715 Ago
2294 4643 2665 4715 paenitentiam
2691 4642 2744 4697 in
2769 4639 2949 4696 favilla
2973 4649 3030 4696 et
3049 4641 3251 4699 cinere.
3274 4660 3292 4693 ι
3328 4641 3406 4696 Ae
3431 4642 3476 4695 si
3500 4651 3688 4712 aperte

427 4736 720 4792 inhabitcm
772 4735 827 4788 in
873 4733 1032 4789 domo
1084 4732 1294 4787 Domini
1342 4719 1592 4785 omnibus
1641 4729 1831 4784 diebus
1879 4729 2002 4786 vita:
2102 4736 2288 4792 dicat:
2321 4736 2398 4790 De
2442 4734 2590 4790 nullo
2615 4732 2852 4790 auctoris
2893 4733 3000 4788 mei
3047 4733 3188 4789 dono
3232 4733 3513 4802 superbia,
3560 4734 3682 4803 quia

424 4844 580 4894 mem,
611 4835 668 4882 ut
695 4827 906 4901 videam
929 4823 1260 4881 voluntatem
1290 4822 1525 4888 Domini,
1550 4829 1604 4880 et
1628 4820 1838 4876 visitem
1867 4828 2005 4886 tem-
2102 4833 2348 4895 sumptus
2371 4839 2438 4880 ex
2463 4824 2700 4896 pulvere,
2726 4839 2820 4894 per
2853 4823 3014 4881 illata:
3047 4823 3238 4878 mortis
3263 4823 3590 4883 sententiam
3619 4823 3686 4877 ad

401 4920 568 4992 plum
600 4917 716 4987 ejus
743 4914 916 4990 (Paul.
944 4914 1114 4986 tum).
1149 4934 1167 4966 ι
1221 4912 1338 4969 Una
1367 4929 1497 4984 ergo
1525 4921 1578 4967 et
1602 4912 1715 4968 sola
1745 4920 1828 4968 est
1853 4913 2003 4968 theo-
2101 4918 2376 4992 pulverem
2413 4932 2500 4973 me
2537 4915 2714 4972 redire
2748 4929 3043 4986 cognosco;
3075 4923 3133 4970 et
3159 4915 3284 4984 quia
3314 4915 3685 4977 necessarium

426 5013 503 5066 ria
529 5051 544 5076 ,
595 5007 648 5066 id
677 5017 760 5065 est
787 5048 803 5074 ,
853 5003 1235 5074 contemplatio
1272 5002 1409 5066 Dei,
1461 5003 1546 5057 cui
1589 5002 1783 5057 merito
1818 5001 1998 5055 omnia

415 5099 867 5170 justilicationum
921 5095 1156 5161 merita,
1209 5093 1460 5148 universa
1512 5093 1770 5145 virtutum
1823 5090 1998 5146 studia

415 5201 836 5263 .postponuntur.
875 5189 1062 5244 Activa
1093 5187 1292 5243 etenim
1327 5185 1432 5239 vita
1463 5200 1586 5239 cum
1616 5197 1840 5251 corpore
1869 5181 1997 5237 deli-

414 5283 536 5347 cit,
583 5279 998 5349 contemplativa
1031 5286 1212 5333 autem
1244 5277 1353 5330 vita
1393 5275 1482 5330 hic
1523 5273 1792 5342 incipitur,
1843 5281 1902 5326 ut
1943 5273 1996 5326 in

423 5372 628 5428 ccclein
663 5372 833 5442 patria
861 5369 1189 5440 perficiatur,
1218 5369 1341 5437 quia
1371 5366 1570 5421 amoris
1600 5365 1758 5436 ignis,
1791 5365 1882 5435 qui
1911 5364 1998 5419 hic

421 5465 616 5519 ardere
654 5465 901 5526 inchoat,
949 5476 1072 5516 cum
1108 5461 1280 5530 ipsum
1319 5473 1476 5528 quem
1523 5467 1670 5513 amat
1706 5457 1901 5513 viderit
1942 5457 1996 5510 in

421 5569 610 5610 amore
654 5553 768 5621 ejus
817 5551 1048 5621 amplius
1095 5550 1339 5620 ignescit.
1396 5549 1820 5619 Contemplativa
1868 5562 1997 5619 ergo

427 5645 534 5700 vita
564 5646 782 5698 minimc
815 5642 1078 5706 aufertur,
1121 5642 1245 5710 quia
1281 5642 1556 5696 subtracta
1589 5640 1867 5710 praesentis
1897 5655 1997 5694 sa:-

408 5735 529 5790 ouli
576 5733 691 5786 luce
724 5732 1026 5800 perficitur.
1083 5731 1189 5788 Sed
1224 5731 1349 5786 ante
1379 5732 1557 5786 omnia
1591 5731 1907 5787 humilitatis
1941 5740 1996 5787 et

2100 5018 2183 5064 est
2219 5017 2280 5064 ut
2322 5007 2679 5063 humilitatem
2735 5006 3025 5064 comitetur
3077 5005 3336 5077 patientia
3366 5007 3682 5064 ostendens.

2099 5114 2341 5172 prmsens
2370 5097 2638 5168 Propheta
2663 5095 2830 5153 dicit:

2170 5189 2292 5244 Iod.
2326 5207 2345 5241 ι
2376 5187 2532 5244 Dabit
2563 5186 2889 5258 percutienti
2927 5201 2985 5242 se
3019 5186 3317 5249 maxillam,
3349 5185 3684 5241 saturabitur

2104 5299 2124 5332 α
2153 5278 2476 5349 opprobriis.
2509 5296 2527 5329 ι
2589 5275 2893 5349 (Μλυιιυε.)
2943 5274 3014 5331 Ut
3055 5275 3276 5344 impleat
3313 5273 3680 5345 evangelicum

2105 5371 2277 5425 virum
2303 5370 2388 5424 cui
2415 5369 2650 5425 dicitur:
2682 5386 2701 5420 ι
2733 5367 2835 5435 Qui
2864 5375 2918 5422 te
2941 5366 3275 5438 percusserit
3303 5366 3357 5419 in
3384 5364 3678 5420 maxillam.

2103 5461 2282 5531 prmbc
2309 5459 2358 5514 ei
2385 5467 2440 5514 et
2465 5457 2693 5512 alteram
2715 5457 2929 5530 (Matth.
2953 5456 3029 5524 v).
3054 5475 3074 5510 ι
3110 5455 3263 5524 Quod
3289 5455 3364 5509 illi
3389 5469 3604 5525 quoque
3628 5453 3678 5506 in

2103 5549 2256 5619 culpa
2287 5549 2423 5614 sint,
2454 5548 2547 5618 qui
2579 5548 2807 5604 reddunt
2833 5549 3031 5602 malum
3061 5561 3160 5618 pro
3192 5545 3355 5612 malo,
3383 5553 3441 5600 et
3467 5546 3675 5600 dentem

2103 5654 2202 5710 pro
2211 5639 2398 5704 dente,
2413 5646 2468 5693 et
2491 5637 2705 5704 oculum
2723 5652 2821 5708 pro
2832 5636 3012 5700 oculo,
3027 5636 3262 5707 ostendit
3278 5634 3446 5690 David
3459 5635 3639 5690 dicens
3656 5649 3671 5684 :

2109 5749 2127 5784 ί
2160 5730 2217 5785 Si
2247 5729 2452 5786 reddidi
2484 5729 2904 5786 retribuentibus
2933 5727 3064 5798 mihi
3095 5727 3258 5792 mala,
3297 5726 3540 5782 decidam
3567 5737 3675 5778 me.
