3970 6190
481 306 619 365 I239

1368 300 1734 363 ΕΧΡΘΒΙἸῚΟ
1767 300 1998 364 SUPER
2030 304 2398 369 assumant.
2430 338 2501 349 -—
2537 308 2666 366 LIB.
2706 309 2846 367 XIX.

3599 319 3743 377 i230

477 423 586 481 τίω
605 417 930 478 sbim'micis
948 416 1090 475 meis
1117 414 1292 474 inanis
1315 414 1492 488 (Paul.
1524 416 1643 491 vn).
1669 437 1689 474 ι
1718 416 2060 494 Quapropter
2080 425 2131 487 Α
2154 427 2217 481 et
2236 434 2340 490 per
2356 420 2606 481 diversas
2629 434 2825 492 operas
2844 422 3238 489 beneﬁciorum
3260 442 3367 484 una
3385 429 3634 492 voluntas
3656 443 3745 495 eet

476 513 569 570 illa
596 510 891 584 apostolica
919 508 1191 567 sententia
1218 507 1648 581 magistenenda
1664 516 1763 567 est
1780 549 1796 575 ,
1834 524 1941 580 qua
1975 508 2059 564 di-

475 607 657 662 citur:
684 621 712 655 4
745 600 804 658 Si
832 600 1089 657 esurierit
1124 599 1381 656 inimicus
1411 608 1565 666 tuus,
1600 600 1734 657 .ciba
1778 599 1965 667 illum;
2013 601 2061 662 si

473 695 611 762 sitit,
630 702 820 766 potum
846 694 915 749 da
939 690 1016 747 illi
1042 709 1055 746 :
1083 691 1189 748 hoc
1209 690 1356 747 enim
1373 689 1609 759 iaciens,
1624 692 1897 753 carbones
1912 691 2062 765 ignis

472 800 738 858 congeras
771 797 940 855 super
967 788 1132 854 caput
1164 780 1305 853 ejus.
1356 781 1474 839 Noli
1513 782 1656 839 vinei
1694 798 1726 838 a
1761 783 1925 851 malo,
1963 784 2062 846 sed

473 878 632 934 vince
659 876 715 932 in
742 874 883 931 bono
911 872 1115 929 malum
1136 872 1356 946 (Matth.
1387 888 1551 939 xxnt;
1584 871 1741 929 Rom.
1769 871 1891 946 xu).
1926 891 1945 924 ι
1994 871 2063 937 Et

474 968 735 1040 quoniam
762 977 968 1039 praeter
991 963 1356 1021 calamitatem
1395 961 1556 1034 hujus
1591 964 1809 1030 mundi,
1849 963 2061 1028 miseri-

470 1060 657 1117 cordia
686 1056 899 1114 Domini
933 1055 1138 1114 electos
1172 1071 1301 1114 suos
1330 1056 1399 1113 de
1427 1056 1682 1128 praesenti
1713 1057 2060 1117 tribulatione

473 1150 797 1217 sublevabit,
828 1148 1074 1219 sequitur
1107 1166 1122 1203 :

541 1240 709 1313 Capit.
744 1258 764 1293 ι
796 1238 934 1307 Quia
964 1254 1074 1296 non
1113 1238 1328 1312 repellit
1363 1239 1418 1296 in
1438 1241 1837 1312 sempiternum
1862 1240 2054 1301 Domi-

474 1356 495 1391 C
521 1351 644 1399 nus.
674 1354 695 1388 ι

542 1425 710 1497 Capit.
733 1443 762 1479 ιι
791 1423 928 1493 Quia
950 1424 1004 1480 si
1031 1422 1229 1494 abiecit
1264 1432 1323 1480 et
1359 1424 1727 1494 miserebitur,
1755 1427 2053 1495 semiudum

472 1536 494 1570 ι
518 1513 922 1579 multitudinem
945 1514 1435 1571 misericordiamm
1457 1530 1699 1571 suarum.
1717 1534 1741 1572 ›
1764 1514 1887 1573 Non
1908 1517 2053 1589 enim

467 1608 523 1663 in
556 1606 948 1678 sempiternum
978 1605 1198 1678 repellit
1229 1605 1493 1664 Dominus
1518 1622 1616 1664 eos
1641 1608 1734 1679 qui
1773 1622 1835 1665 se
1876 1609 2051 1679 corri-

465 1712 594 1770 gere
617 1697 806 1754 volunt
839 1705 896 1755 et
927 1697 1183 1759 cohibere
1227 1711 1260 1752 a
1285 1697 1526 1769 peccatis
1565 1716 1579 1753 :
1610 1698 1741 1769 quia
1770 1699 1819 1756 si
1849 1699 2051 1770 abiecit

2160 511 2447 575 subvenire
2466 512 2841 583 peccantibus.
2874 512 2981 581 Sed
2996 526 3066 573 .ut
3090 518 3257 574 totius
3273 522 3554 579 sententia:
3571 524 3745 583 virtus

2152 599 2333 671 possit
2352 600 2607 673 intelligi,
2637 603 2877 667 breviter
2900 604 3187 667 dicendum
3214 616 3337 664 est:
3372 608 3430 666 Si
3461 611 3544 669 fas
3572 624 3747 678 estut

2146 690 2355 749 .cmlum
2384 707 2491 753 non
2522 694 2797 764 cooperiat
2811 702 3018 767 terras,
3046 704 3226 769 potest
3248 699 3369 756 ﬁeri
3398 710 3458 757 ut
3482 702 3744 769 Dominus

2159 797 2266 845 non
2294 784 2673 854 protegatsibi
2698 786 3327 855 purissimeservientes.

2231 871 2399 943 Capit.
2424 895 2451 927 4
2485 874 2602 943 Non
2626 876 2775 949 enim
2794 878 3109 937 'humiliavit
3133 897 3200 937 ex
3230 884 3393 940 corde
3420 901 3539 952 suo,
3567 896 3622 944 et
3650 889 3744 949 al)-

2165 981 2185 1015 ι
2209 961 2346 1033 jecit
2384 963 2535 1033 ﬁlios
2579 966 2882 1038 hominum.
2912 987 2932 1022 ι
2983 969 3287 1043 infaustis.)
3331 972 3449 1032 Non
3485 977 3627 1033 enim
3660 980 3740 1036 ita

2158 1054 2404 1125 despexit
2430 1055 2695 1127 Dominus
2718 1073 2789 1115 ex
2818 1060 2981 1116 corde
3013 1075 3113 1118 suo
3137 1079 3309 1136 genus
3336 1066 3652 1139 humanum,
3685 1080 3741 1128 et

2155 1145 2356 1218 abiecit
2380 1164 2411 1204 a
2439 1150 2825 1221 procuratione
2855 1151 3033 1209 solatii
3070 1155 3193 1223 sui,
3236 1165 3297 1213 ut
3343 1158 3482 1216 ultra
3516 1172 3742 1234 propter

2159 1239 2621 1317 transgressiones
2656 1240 2800 1309 nolit
2836 1256 3027 1298 eorum
3068 1259 3254 1301 curam
3298 1247 3500 1307 habere
3542 1260 3599 1307 et
3636 1268 3741 1325 ope

2155 1328 2376 1400 pietatis
2395 1345 2508 1395 sum
2534 1340 2872 1391 sustentare:
2896 1335 2990 1392 sed
3022 1344 3241 1407 propter
3263 1338 3558 1399 bonitatem
3585 1358 3738 1404 suam

2155 1419 2385 1483 sustinet
2410 1435 2506 1490 eos
2533 1420 2591 1477 in
2621 1423 2789 1489 multa
2815 1425 3078 1496 patientia
3105 1442 3202 1483 sua
3221 1416 3249 1493 ,’
3275 1438 3336 1485 ut
3371 1430 3441 1487 de
3466 1433 3609 1491 vasis
3644 1434 3741 1491 ira:

2154 1505 2352 1577 alliciat
2379 1526 2507 1573 vasa
2532 1512 2929 1579 misericordia:
2946 1557 2962 1583 ,
2991 1516 3120 1588 quia
3148 1518 3461 1578 misericors
3478 1530 3544 1578 et
3572 1523 3740 1587 mise-

2154 1614 2302 1665 rator
2338 1602 2621 1672 Dominus,
2657 1606 2883 1676 patiens
2913 1616 2972 1664 et
3013 1608 3243 1665 multum
3283 1612 3612 1672 misericors.
3659 1615 3741 1674 De

2152 1704 2261 1761 quo
2294 1686 2404 1759 alia
2446 1690 2731 1765 Scriptura
2760 1696 2936 1753 dicit:
2970 1715 2991 1750 ι
3020 1698 3305 1767 misereris
3340 1704 3603 1774 omnium,
3627 1705 3738 1765 Do-

463 1788 532 1843 ad
579 1796 811 1860 temp“,
854 1797 912 1844 οι
942 1788 1111 1860 Δῆμε
1138 1788 1343 1859 con-ipa
1369 1789 1442 1845 ab
1470 1790 1717 1847 hostibus
1756 1806 1882 1848 reos
1920 1807 2048 1864 per.
2075 1804 2126 1865 Β
2152 1783 2323 1851 mine,
2366 1786 2495 1856 quia
2530 1787 2712 1843 omnia
2748 1797 2927 1858 potes,
2955 1798 3011 1847 et
3052 1792 3365 1850 dissimulas
3386 1800 3740 1867 peccata-bo-

464 1879 652 1942 misit,
714 1878 913 1945 iterum
961 1879 1243 1947 conversis
1295 1880 1591 1945 secundum
1650 1881 2050 1941 multitudinem

463 1971 958 2029 misericordiam
988 1986 1221 2039 suarum
1255 1972 1580 2029 beneﬁcium
1619 1984 1864 2044 prastat.
1911 1975 2051 2033 Huic

461 2062 641 2120 simile
662 2070 752 2120 est
773 2061 926 2130 illud,
949 2063 1094 2135 quod
1115 2062 1171 2118 in
1188 2062 1420 2119 Psalmis
1440 2064 1612 2121 David
1628 2065 1707 2121 ait
1721 2063 2045 2140 .(Psd..cu):

465 2174 487 2209 s
514 2154 634 2212 Non
672 2156 727 2212 in
764 2155 927 2213 ﬁnem
954 2155 1223 2213 irascetur
1244 2154 1542 2223 Dominus,
1582 2172 1762 2228 neque
1791 2157 1853 2213 in
1890 2168 2051 2215 aeter-

460 2262 587 2303 num
1077 2245 1197 2304 Non
1246 2248 1545 2310 secundum
1588 2257 1815 2320 peccata
1861 2260 2049 2308 nmtra

460 2336 590 2395 fecit
621 2338 800 2406 nobis,
826 2352 1004 2409 nature
1031 2338 1328 2396 sccimdum
1360 2338 1681 2410 iniquitates
1706 2348 1931 2398 nostras
1961 2356 2050 2398 re-

460 2427 651 2485 tribuit
695 2428 893 2487 nobis:
933 2427 1067 2500 quia
1111 2428 1410 2486 secundum
1457 2428 1799 2495 altitudinem
1840 2430 1970 2488 ωιιί
2006 2448 2046 2488 ra

459 2529 607 2579 terra
630 2519 979 2587 eniiﬁrmsvit
1014 2520 1276 2591 Dominus
1309 2519 1742 2581 unsenicortliam
1770 2538 1929 2581 suam
1944 2538 2047 2581 ,ει-

2151 1877 2360 1939 miuum
2396 1887 2624 1952 propter
2665 1882 3066 1951 penitentiam.
3130 1885 3322 1958 Diligis
3364 1890 3512 1947 enim
3555 1894 3739 1957 omnia

2151 1981 2272 2036 qua:
2304 1976 2450 2034 sunt,
2498 1978 2556 2025 et
2596 1970 2732 2025 nihil
2779 1971 2943 2028 odisti
2987 1973 3178 2037 horum
3223 1992 3345 2047 quae
3390 1977 3588 2049 fecisti,
3628 1998 3737 2041 nec

2144 2056 2295 2117 enim
2330 2059 2523 2127 edictis
2564 2059 2768 2132 aliquid
2804 2063 3133 2129 constituisti
3174 2064 3567 2139 (Psal.cxuv;
3605 2070 3734 2146 Sap.

2147 2147 2251 2220 ιι).
2281 2167 2301 2202 ι
2352 2150 2632 2218 Quomodo
2670 2161 2852 2210 autem
2892 2166 3081 2226 possm
3120 2156 3327 2229 aliquid
3368 2175 3692 2230 permanere
3716 2205 3734 2233 ,

2149 2240 2254 2296 nisi
2304 2248 2367 2303 tu
2413 2241 2729 2302 voluisses?
2786 2243 2899 2305 Aut
2938 2246 3091 2319 quod
3146 2261 3180 2302 a
3229 2256 3285 2305 te
3327 2260 3578 2310 vocatum
3624 2271 3734 2319 non

2140 2339 2295 2389 esset
2330 2333 2792 2405 conservatum?
2833 2334 3019 2397 Parcis
3057 2345 3242 2397 autem
3284 2342 3559 2414 omnibus,
3599 2362 3737 2419 quo-

2148 2420 2294 2485 niam
2339 2428 2431 2479 tua
2472 2433 2618 2491 sunt,
2643 2423 2902 2494 Domine,
2949 2426 3043 2498 qui
3084 2428 3298 2487 animas
3338 2446 3510 2501 amas,
3558 2434 3737 2496 bonus

2145 2520 2203 2568 et
2236 2513 2428 2583 suavis
2478 2523 2584 2582 est,
2624 2514 2872 2584 Domine,
2912 2517 3140 2589 spiritus
3180 2528 3308 2579 tuus
3359 2522 3415 2580 in
3456 2526 3730 2598 omnibus.

458 2625 554 2683 per
576 2611 837 2670 timentes
873 2626 1020 2669 eum.
1050 2631 1070 2666 ι
1114 2609 1411 2686 (σωθεῖσα.)
1455 2611 1566 2671 Illis
1596 2612 1815 2685 scilicet
1845 2630 1956 2673 non
1989 2615 2045 2674 in
2140 2613 2370 2674 propter
2416 2604 2562 2676 quod
2601 2605 2705 2665 hos
2745 2607 2838 2678 qui
2882 2619 3142 2669 exertam
3183 2613 3431 2683 partibus
3477 2619 3732 2692 corripis.

457 2705 621 2761 tinem
652 2704 939 2772 irascetur,
978 2704 1071 2777 qui
1102 2704 1297 2763 devota
1328 2703 1699 2771 satisfactione
1720 2708 2046 2781 semetipsos
2146 2701 2202 2749 ει
2245 2695 2312 2755 de
2353 2695 2554 2767 quibus
2590 2707 2821 2769 Ρθοαίηι
2856 2697 3155 2761 θάωοιιέηδ
3198 2703 3506 2777 alloqueris.
3544 2718 3607 2765 ut
3646 2726 3736 2772 re-

454 2805 811 2869 cognoscant,
853 2796 948 2868 qui
987 2797 1059 2853 ad
1094 2811 1227 2854 eum
1259 2797 1441 2865 redire
1471 2796 1706 2872 diligunt
1727 2839 1746 2867 ,
1790 2800 1884 2871 qui
1924 2801 2044 2859 ilIe-
2136 2785 2271 2843 Ῑίοιδ
2292 2786 2497 2849 malitia
2531 2803 2726 2857 ωτιιω
2756 2791 2987 2857 credant
3020 2793 3077 2853 in
3098 2802 3176 2863 te,
3205 2795 3450 2855 Domine.
3493 2799 3731 2863 Proinde

455 2887 649 2945 cebras
667 2888 849 2945 saeculi
869 2904 992 2947 cum
1010 2904 1114 2949 suo
1130 2896 1356 2948 auctore
1372 2893 2040 2962 contemnamEcontra,
2144 2877 2290 2937 ηυΠο
2313 2878 2474 2945 modo
2492 2880 2877 2943 βεῑίωθηάυω
2909 2892 3014 2953 θειι
3060 2887 3204 2957 timid
3242 2900 3462 2948 creator
3493 2893 3735 2955 clemen-

452 2975 562 3034 illis
587 2977 646 3034 in
670 2977 836 3035 ﬁnem
870 2979 1140 3049 irascetur
1163 2980 1362 3052 nimis
1387 2981 1636 3047 dicturus
1661 2993 1787 3049 est;
1816 3004 1840 3039 ι
1870 2985 1948 3042 lte
1978 2986 2042 3043 in
2144 2969 2387 3035 tissimus
2425 2986 2588 3039 causa
2630 2972 2703 3040 sit
2733 2975 3054 3045 perditionis
3088 2978 3370 3041 hominum
3395 2982 3727 3055 iniquorum.

453 3070 634 3143 ignem
679 3081 944 3133 mitium
986 3071 1209 3145 (Matth.
1246 3072 1398 3147 ω),
1430 3091 1451 3127 ι
1509 3074 1703 3148 Magna
1752 3075 2042 3135 infelicitas
2144 3059 2236 3131 qui
2278 3060 2347 3118 ad
2392 3060 2561 3129 Deum
2598 3076 2695 3134 per
2723 3065 3101 3135 paenitentiam
3137 3068 3432 3129 noluerunt
3458 3077 3728 3145 converti.

452 3164 633 3235 perire
674 3164 778 3231 sub
820 3164 912 3236 pio
952 3164 1203 3231 Domino.
1258 3163 1557 3222 Natardas
1580 3165 1657 3222 illi
1685 3166 2036 3235 satisfacere,
2064 3154 2110 3217 Ο
2140 3150 2238 3221 sed
2277 3153 2653 3225 unusquisque
2695 3155 2752 3213 in
2792 3166 3019 3227 peccato
3056 3174 3158 3216 suo
3196 3159 3479 3225 interibit:
3514 3183 3535 3218 ι
3561 3164 3728 3225 Funi-

452 3256 538 3313 cni
569 3256 1167 3329 teeognosciserrasse,
1191 3257 1429 3319 maxime
1447 3274 1571 3317 cum
1590 3260 2033 3331 supplicationem

454 3357 599 3403 inani
645 3362 869 3409 vacuam
916 3364 1026 3406 non
1072 3350 1300 3418 sentias,
1331 3350 1380 3407 si
1426 3361 1610 3407 tamen
1653 3367 1776 3409 eam
1823 3353 2037 3428 integro

450 3438 634 3493 animo
668 3446 721 3494 te
754 3438 1017 3496 obtulisse
1051 3454 1373 3511 cognoscas.
1418 3440 1608 3498 Potest
1636 3443 1742 3499 hoc
1763 3452 1823 3500 et
1848 3445 1916 3501 de
1941 3460 2037 3517 po-

450 3527 579 3598 pqu
613 3526 842 3585 Judaico
879 3530 1110 3597 sentiri,
1154 3545 1321 3601 quem
1356 3535 1781 3595 convertamini!)
1818 3534 2038 3593 constat

452 3621 507 3675 in
535 3620 642 3676 ﬁne
668 3621 872 3677 saeculi.
909 3621 987 3677 De
1014 3637 1122 3694 quo
1147 3630 1204 3679 et
1226 3621 1520 3695 Apostolus
1547 3624 1719 3682 dicit:
1754 3644 1776 3679 ι
1800 3625 2036 3685 Cincius

449 3725 517 3765 ex
543 3720 697 3781 parte
725 3712 781 3768 in
806 3711 971 3769 Israel
1001 3713 1261 3785 contigit,
1293 3721 1355 3773 ut
1380 3714 1659 3785 plenitudo
1682 3718 1924 3789 gentium
1952 3719 2035 3781 in-

452 3802 661 3869 troiret,
695 3810 753 3858 et
781 3803 865 3859 sic
884 3804 1064 3861 omnis
1088 3803 1256 3862 Israel
1281 3806 1465 3863 salvus
1491 3807 1645 3867 ﬁeret
1670 3808 1850 3882 (Rom.
1878 3811 1976 3883 XI).
2008 3832 2027 3865 ι

448 3891 604 3960 Quod
642 3903 823 3950 autem
851 3895 1024 3962 dicit,
1055 3914 1075 3948 ι
1107 3911 1215 3952 non
1249 3898 1549 3953 secundum
1586 3910 1809 3969 peccata
1844 3912 2033 3961 nostra

450 3982 579 4039 fecit
611 3985 798 4050 nobis,
832 4004 858 4039 ο
909 3986 1177 4043 sententia
1207 3988 1475 4060 generalis
1518 3997 1634 4056 est,
1687 3992 1817 4061 quia
1868 4008 2031 4049 nemo

447 4081 535 4129 est
562 4075 658 4144 qui
686 4073 809 4146 eius
834 4076 1067 4147 gratiam
1098 4077 1270 4149 gratis
1298 4093 1405 4134 non
1426 4077 1644 4145 habeat,
1678 4080 1804 4143 dum
1818 4080 1910 4138 lex
1931 4082 2033 4145 sub

449 4173 673 4234 peccato
694 4174 895 4222 cuncta
923 4166 1236 4235 concludat,
1273 4168 1414 4225 sicut
1444 4179 1673 4227 testatur
1694 4171 2028 4244 Apostolus:

451 4275 472 4310 ι
500 4256 693 4314 Omnia
723 4259 990 4315 conclusit
1012 4259 1164 4317 Deus
1190 4262 1246 4316 in
1276 4261 1676 4333 incredulitate,
1704 4274 1766 4322 ut
1782 4268 2031 4325 omnium

448 4349 800 4406 misereretur
844 4348 1024 4423 (Rom.
1072 4349 1174 4422 xi).
1218 4370 1239 4404 ι
1294 4352 1389 4409 Ille
1440 4362 1620 4410 tamen
1664 4357 2032 4417 communiter

446 4440 603 4496 bouis
648 4440 914 4512 malisque
959 4443 1211 4513 spiritum
1260 4446 1466 4511 donat,
1520 4446 1750 4505 salutem
1788 4450 2027 4519 tribuit,

447 4532 771 4604 indigentiae
795 4535 1008 4602 adimit,
1032 4543 1096 4599 et
1120 4536 1651 4611 generaliter'lionus
1677 4550 1786 4609 est,
1817 4542 2029 4599 scilicet

443 4624 703 4693 quoniam
715 4624 1140 4695 supplicantibus
1155 4627 1227 4682 ita
1242 4628 1363 4698 pius
1380 4638 1486 4696 est,
1500 4638 1558 4685 ut
1570 4638 1703 4690 tunc
1716 4634 1889 4704 magis
1901 4650 2028 4695 eum

444 4713 697 4785 dignetur
739 4714 1042 4782 absolvere,
1063 4718 1280 4788 quando
1320 4719 1594 4777 studuerit
1634 4723 2024 4795 unusquisque,

442 4804 687 4869 adhibita
732 4805 1140 4875 satisfactione,
1180 4810 1530 4882 semetipsum
1574 4813 1853 4873 damnare.
1893 4816 2028 4872 Illud

442 4909 575 4966 ergo
600 4897 744 4965 quod
783 4898 982 4955 dicitur
1008 4907 1162 4956 tanto
1195 4900 1455 4971 majorem
1485 4917 1608 4960 esse
1635 4920 1666 4959 a
1693 4907 1903 4963 meritis
1928 4918 2024 4965 eo-

445 5000 564 5043 rum
591 4988 1019 5047 misericordiam
1049 4991 1286 5061 Domini,
1312 5010 1475 5065 quam
1505 4998 1754 5055 retribuit
1781 4999 2030 5059 ﬁdelibus

443 5078 578 5142 suis,
609 5089 870 5148 quantum
899 5090 1077 5153 potest
1105 5098 1137 5138 a
1166 5093 1312 5139 terra
1339 5084 1463 5142 chi
1492 5089 1780 5146 summitas
1805 5091 2027 5158 elevari,

444 5169 573 5227 illud
610 5170 909 5242 signiﬁcat,
943 5174 1070 5245 quia
1100 5174 1241 5231 sicut
1270 5177 1469 5233 cmlum
1506 5188 1683 5236 terras
1709 5182 1924 5253 operit,
1973 5193 2030 5240 et

442 5264 804 5332 competentia
844 5264 1109 5327 beneﬁcia
1152 5267 1488 5337 temporibus
1519 5269 1635 5326 suis
1673 5270 1884 5328 homini
1929 5275 2026 5332 tri-

441 5350 591 5422 buit,
634 5355 796 5417 modo
832 5356 1042 5426 pluvias
1070 5358 1362 5427 induendo,
1403 5364 1563 5419 modo
1603 5371 1915 5435 praestando
1942 5384 2026 5434 se-

440 5457 597 5512 rena,
627 5448 790 5503 modo
815 5447 990 5519 ipsum
1020 5464 1200 5506 aerem
1224 5452 1403 5509 ventis
1426 5454 1799 5514 saluberrimis
1826 5465 2027 5531 tempe-

439 5537 632 5604 rando,
661 5538 738 5594 ita
775 5546 833 5595 et
868 5541 1243 5599 misericordia
1276 5544 1489 5601 Domini
1518 5545 1793 5617 fragilitati
1828 5559 2027 5606 nostrae

443 5628 687 5685 noscitur
711 5630 926 5689 diversa
967 5632 1226 5689 beneﬁcia
1267 5644 1546 5705 praestare.
1598 5637 1843 5695 Sustinet
1881 5643 2023 5698 enim

442 5728 503 5774 ut
533 5722 801 5794 corrigat,
838 5724 1071 5798 ﬂagellat
1099 5735 1157 5781 ut
1184 5728 1429 5796 erudiat,
1461 5729 1654 5800 probat
1687 5742 1745 5787 ut
1774 5743 2024 5805 pncstet,

2135 3241 2276 3305 culis
2315 3243 2462 3300 enim
2506 3255 2855 3317 peccatorum
2906 3263 3130 3309 suorum
3173 3254 3549 3328 unusquisque
3590 3273 3723 3317 con-

2132 3333 2446 3410 stringitur,
2477 3345 2535 3393 et
2578 3336 2760 3408 anima
2790 3352 2914 3409 qusi
2955 3343 3264 3411 peccaverit
3301 3343 3420 3414 ipsa
3460 3347 3726 3407 morietur

2137 3421 2323 3494 (Prov.
2367 3440 2434 3499 ν,
2478 3425 2678 3485 Ezech.
2723 3428 2903 3501 xvut).
2948 3447 2974 3486 ›
3030 3428 3306 3504 [Hierom]
3346 3433 3501 3504 Quod
3536 3445 3722 3497 autem
3816 3486 3821 3489 .

2135 3516 2347 3581 vincula
2389 3519 2639 3588 dicantur
2675 3535 2796 3583 esse
2839 3530 3063 3592 peccata
3096 3523 3353 3589 crebrius
3398 3526 3647 3600 legimus,
3689 3545 3725 3586 e

2130 3608 2333 3680 quibus
2382 3609 2514 3667 illud
2553 3609 2897 3671 Psaltnistaz:
2935 3631 2954 3667 ι
2989 3613 3170 3672 Funes
3214 3625 3563 3686 peccatorum
3606 3619 3722 3677 cir-

2134 3698 2404 3770 cuinplexi
2438 3709 2565 3757 sunt
2599 3715 2687 3765 me
2712 3701 2886 3774 (Psal.
2913 3704 3125 3777 antu).
3159 3723 3178 3757 ι
3223 3704 3291 3767 Et
3320 3706 3526 3765 Isaias:
3559 3727 3579 3761 ι
3607 3711 3722 3777 Vae,

2134 3789 2349 3862 inquit,
2398 3793 2491 3862 qui
2536 3792 2763 3849 trahunt
2801 3802 3025 3864 peccata
3068 3804 3327 3867 tanquam
3367 3799 3551 3861 funem
3597 3801 3717 3860 lon-

2130 3895 2279 3953 gum.
2303 3900 2323 3933 ι
2357 3881 2427 3937 Ει
2450 3882 2712 3943 Dominus
2731 3898 2967 3955 arguens
3001 3884 3258 3955 populum
3289 3886 3717 3961 delinquentem,

2133 3972 2224 4038 qui
2261 3980 2481 4040 peccata
2515 3972 2755 4049 peccatis
2791 3975 3166 4044 coniungendo
3204 3976 3547 4046 sociaverat,
3589 3981 3717 4039 fecit

2130 4059 2401 4134 ﬂagellum
2445 4062 2513 4118 de
2552 4061 2827 4131 funiculis,
2871 4065 3167 4123 ostendens
3210 4066 3292 4129 eis
3316 4070 3591 4139 quomodo
3622 4072 3723 4131 do-

2131 4167 2279 4209 mum
2320 4152 2418 4215 Dei
2461 4151 2723 4213 !ecissent
2757 4152 3068 4226 speluncam
3105 4156 3400 4225 latronum,
3440 4168 3497 4219 et
3531 4162 3716 4227 sedem

2131 4243 2395 4312 orationis
2432 4246 2725 4306 vertissent
2762 4247 2819 4301 in
2861 4247 3083 4305 domum
3123 4249 3506 4322 negotiationis
3531 4253 3716 4328 (Joan.

2131 4333 2218 4410 tt).
2264 4337 2525 4402 Convivia
2558 4357 2775 4413 quoque
2807 4357 2980 4402 cenae
3027 4344 3325 4407 Dominicm
3359 4357 3567 4407 vestem
3609 4366 3719 4408 non

2132 4429 2338 4495 habens
2376 4432 2674 4502 nuptialem
2714 4434 3008 4505 ingressus,
3033 4437 3230 4497 vinctis
3259 4439 3488 4511 pedibus
3514 4457 3583 4497 ac
3607 4457 3722 4499 ma-

2054 4508 2109 4569 D
2135 4520 2296 4580 nibus
2334 4523 2551 4594 ejicitur
2590 4526 2647 4582 in
2692 4528 2944 4588 tenebras
2984 4508 3305 4591 cxterim-es.
3352 4533 3423 4589 Et
3459 4535 3722 4592 Dominus

2133 4619 2285 4679 venit
2322 4628 2381 4681 ut
2416 4620 2507 4681 bis
2531 4622 2624 4692 qui
2660 4633 2824 4683 erant
2862 4624 2917 4680 in
2942 4625 3170 4683 vinculis
3195 4627 3421 4694 diceret,
3446 4628 3637 4695 Exite,
3665 4639 3721 4685 et

2133 4712 2228 4784 qui
2267 4714 2627 4774 versabantur
2660 4716 2714 4773 in
2743 4717 3004 4785 tenebris,
3030 4718 3385 4779 Revelamini.
3428 4721 3546 4791 Ipse
3573 4723 3718 4778 enim

2138 4824 2158 4860 ι
2188 4804 2352 4863 solvit
2376 4808 2735 4878 compeditos,
2770 4817 2827 4865 et
2861 4810 3131 4867 illuminat
3165 4828 3358 4869 amcos.
3388 4833 3409 4866 ι
3459 4812 3607 4880 Quos
3632 4815 3719 4869 liic

2132 4896 2398 4958 Jeremias
2430 4902 2648 4960 vinctos
2688 4911 2848 4960 terrae
2886 4913 3163 4977 nuncupat
3197 4906 3380 4962 dicens
3412 4923 3426 4959 :

2202 4990 2422 5049 Lamed.
2442 5012 2462 5048 ι
2486 4994 2556 5051 Ut
2568 5004 2878 5052 contereret
2892 4997 2995 5055 sub
3008 4997 3235 5067 pedibus
3258 4997 3372 5053 suis
3385 5012 3577 5055 omnes
3598 4999 3719 5057 vin-

2137 5102 2157 5134 ι
2192 5092 2311 5141 ctos
2336 5093 2515 5145 terra.
2546 5105 2565 5139 ι
2595 5085 2675 5143 Ne
2705 5087 2960 5159 plangent
2997 5103 3122 5152 eos,
3151 5088 3244 5158 qui
3272 5103 3501 5159 peccare
3530 5107 3713 5163 coepe-

2130 5178 2603 5249 rant,statimque
2641 5179 2933 5236 desierant.
2972 5196 2992 5230 ι
3026 5178 3140 5235 Νοη
3171 5190 3257 5237 est
3279 5182 3423 5237 enim
3448 5183 3533 5238 vir
3552 5199 3718 5257 super

2128 5284 2331 5331 terram
2356 5272 2447 5343 qui
2474 5272 2639 5328 faciat
2673 5274 2911 5343 bonum,
2965 5283 3022 5331 et
3067 5274 3356 5346 aliquando
3393 5292 3500 5334 non
3529 5291 3720 5349 peccet

2129 5364 2303 5437 (Eccl.
2319 5363 2438 5439 vn),
2458 5384 2481 5418 ι
2500 5366 2595 5422 sed
2619 5367 2713 5436 qui
2737 5366 2897 5439 longo
2920 5367 3161 5425 funiculo
3186 5379 3411 5440 peccata
3435 5380 3717 5443 protraxe-

2131 5460 2221 5514 rit.
2261 5458 2411 5514 Unde
2434 5468 2489 5514 et
2516 5458 2569 5513 in
2592 5458 2843 5516 Nnmeris
2864 5460 3090 5533 legimus
3110 5460 3188 5534 (Ν
3193 5479 3300 5517 um.
3317 5462 3431 5535 sit)
3448 5481 3464 5519 :
3484 5465 3717 5523 Vaccain

2133 5549 2341 5615 rufam,
2370 5547 2526 5618 cuius
2552 5550 2692 5606 cinis
2730 5552 2970 5622 expiatio
3012 5561 3104 5610 est
3146 5554 3359 5626 populi,
3406 5571 3513 5611 non
3557 5556 3718 5613 aliter

2131 5640 2399 5695 immolari
2428 5652 2485 5696 et
2508 5640 2691 5697 oli'erri
2722 5643 2791 5699 ad
2828 5644 3003 5701 altare
3038 5646 3283 5714 Domini,
3322 5648 3423 5704 nisi
3453 5664 3576 5720 quae
3606 5657 3718 5705 ter-

2133 5749 2259 5790 rcna
2287 5747 2453 5806 opera
2482 5747 2588 5790 non
2616 5732 2828 5805 fecerit,
2851 5735 3150 5812 iugumque
3178 5754 3286 5797 non
3323 5740 3587 5809 traxerit,
3614 5754 3716 5795 nec
