  <div class='ocr_page' id='page_1' title='image "/cluster/home/n/w/nwhite01/storage/ocr_20150623/111/hvd.32044054759766/619.png"; bbox 0 0 3970 6190; ppageno 0'>
   <div class='ocr_carea' id='block_1_1' title="bbox 347 331 475 389">
    <p class='ocr_par' dir='ltr' id='par_1_1' title="bbox 347 331 475 389">
     <span class='ocr_line' id='line_1_1' title="bbox 347 331 475 389; baseline -0.023 1"><span class='ocrx_word' id='word_1_1' title='bbox 347 331 475 389; x_wconf 58' lang='lat' dir='ltr'><strong>libi</strong></span> 
     </span>
    </p>
   </div>
   <div class='ocr_carea' id='block_1_2' title="bbox 984 305 2965 381">
    <p class='ocr_par' dir='ltr' id='par_1_2' title="bbox 984 305 2965 381">
     <span class='ocr_line' id='line_1_2' title="bbox 984 305 2965 381; baseline -0.009 0"><span class='ocrx_word' id='word_1_2' title='bbox 984 326 1043 381; x_wconf 87' lang='grc' dir='ltr'><strong>Β.</strong></span> <span class='ocrx_word' id='word_1_3' title='bbox 1088 321 1337 380; x_wconf 68' lang='lat' dir='ltr'><strong>RABANI</strong></span> <span class='ocrx_word' id='word_1_4' title='bbox 1377 318 1594 377; x_wconf 78' lang='lat' dir='ltr'><strong>MAURI</strong></span> <span class='ocrx_word' id='word_1_5' title='bbox 1631 311 1952 373; x_wconf 76' lang='lat' dir='ltr'><strong>ARClllEP.</strong></span> <span class='ocrx_word' id='word_1_6' title='bbox 1990 308 2298 369; x_wconf 66' lang='lat' dir='ltr'><strong>MOGUNT.</strong></span> <span class='ocrx_word' id='word_1_7' title='bbox 2338 306 2626 368; x_wconf 78' lang='lat' dir='ltr'><strong>OPERUII</strong></span> <span class='ocrx_word' id='word_1_8' title='bbox 2660 305 2844 365; x_wconf 76' lang='lat' dir='ltr'><strong>PARS</strong></span> <span class='ocrx_word' id='word_1_9' title='bbox 2880 306 2965 364; x_wconf 85' lang='lat' dir='ltr'><strong>IL.</strong></span> 
     </span>
    </p>
   </div>
   <div class='ocr_carea' id='block_1_3' title="bbox 3469 308 3613 365">
    <p class='ocr_par' dir='ltr' id='par_1_3' title="bbox 3469 308 3613 365">
     <span class='ocr_line' id='line_1_3' title="bbox 3469 308 3613 365; baseline 0.014 -1"><span class='ocrx_word' id='word_1_10' title='bbox 3469 308 3613 365; x_wconf 70' lang='grc'><strong>125⁸1</strong></span> 
     </span>
    </p>
   </div>
   <div class='ocr_carea' id='block_1_4' title="bbox 340 420 3617 514">
    <p class='ocr_par' dir='ltr' id='par_1_4' title="bbox 340 420 3617 514">
     <span class='ocr_line' id='line_1_4' title="bbox 340 420 3617 514; baseline -0.012 -10"><span class='ocrx_word' id='word_1_11' title='bbox 340 442 573 504; x_wconf 88' lang='lat' dir='ltr'><strong>vinculis</strong></span> <span class='ocrx_word' id='word_1_12' title='bbox 597 440 710 514; x_wconf 87' lang='lat' dir='ltr'><strong>jugi</strong></span> <span class='ocrx_word' id='word_1_13' title='bbox 740 436 1235 494; x_wconf 75' lang='lat' dir='ltr'><strong>Nabuchodonosor</strong></span> <span class='ocrx_word' id='word_1_14' title='bbox 1278 433 1456 490; x_wconf 86' lang='lat' dir='ltr'><strong>fuerat</strong></span> <span class='ocrx_word' id='word_1_15' title='bbox 1496 431 1734 502; x_wconf 87' lang='lat' dir='ltr'><strong>alligata.</strong></span> <span class='ocrx_word' id='word_1_16' title='bbox 1768 427 1833 482; x_wconf 84' lang='lat' dir='ltr'><strong>Et</strong></span> <span class='ocrx_word' id='word_1_17' title='bbox 1864 427 1918 481; x_wconf 90' lang='lat' dir='ltr'><strong>in</strong></span> <span class='ocrx_word' id='word_1_18' title='bbox 1946 430 1996 488; x_wconf 81' lang='grc' dir='ltr'><strong>Α</strong></span> <span class='ocrx_word' id='word_1_19' title='bbox 2021 424 2298 496; x_wconf 84' lang='lat' dir='ltr'><strong>quippiam</strong></span> <span class='ocrx_word' id='word_1_20' title='bbox 2326 423 2506 479; x_wconf 81' lang='lat' dir='ltr'><strong>videat</strong></span> <span class='ocrx_word' id='word_1_21' title='bbox 2524 429 2583 478; x_wconf 90' lang='lat' dir='ltr'><strong>ct</strong></span> <span class='ocrx_word' id='word_1_22' title='bbox 2603 421 2945 477; x_wconf 82' lang='lat' dir='ltr'><strong>reverberata</strong></span> <span class='ocrx_word' id='word_1_23' title='bbox 2970 420 3383 514; x_wconf 53' lang='lat' dir='ltr'><strong>conueniunt;</strong></span> <span class='ocrx_word' id='word_1_24' title='bbox 3408 430 3467 478; x_wconf 72' lang='grc' dir='ltr'><strong>οι</strong></span> <span class='ocrx_word' id='word_1_25' title='bbox 3486 422 3617 493; x_wconf 62' lang='lat' dir='ltr'><strong>qui.</strong></span> 
     </span>
    </p>
   </div>
   <div class='ocr_carea' id='block_1_5' title="bbox 342 520 1926 611">
    <p class='ocr_par' dir='ltr' id='par_1_5' title="bbox 342 520 1926 611">
     <span class='ocr_line' id='line_1_5' title="bbox 342 520 1926 611; baseline -0.016 -12"><span class='ocrx_word' id='word_1_26' title='bbox 342 542 481 599; x_wconf 86' lang='lat' dir='ltr'><strong>Isaia</strong></span> <span class='ocrx_word' id='word_1_27' title='bbox 512 538 778 611; x_wconf 76' lang='lat' dir='ltr'><strong>propheta</strong></span> <span class='ocrx_word' id='word_1_28' title='bbox 821 548 922 606; x_wconf 87' lang='lat' dir='ltr'><strong>pro</strong></span> <span class='ocrx_word' id='word_1_29' title='bbox 963 529 1182 603; x_wconf 85' lang='lat' dir='ltr'><strong>cingulo</strong></span> <span class='ocrx_word' id='word_1_30' title='bbox 1215 527 1467 584; x_wconf 76' lang='lat' dir='ltr'><strong>veritatis</strong></span> <span class='ocrx_word' id='word_1_31' title='bbox 1500 524 1623 580; x_wconf 63' lang='lat' dir='ltr'><strong>lilia;</strong></span> <span class='ocrx_word' id='word_1_32' title='bbox 1653 522 1783 579; x_wconf 88' lang='lat' dir='ltr'><strong>Sion</strong></span> <span class='ocrx_word' id='word_1_33' title='bbox 1808 520 1926 576; x_wconf 86' lang='lat' dir='ltr'><strong>ein-</strong></span> 
     </span>
    </p>
   </div>
   <div class='ocr_carea' id='block_1_6' title="bbox 343 611 1929 704">
    <p class='ocr_par' dir='ltr' id='par_1_6' title="bbox 343 611 1929 704">
     <span class='ocr_line' id='line_1_6' title="bbox 343 611 1929 704; baseline -0.013 -16"><span class='ocrx_word' id='word_1_34' title='bbox 343 638 545 704; x_wconf 89' lang='lat' dir='ltr'><strong>guntur</strong></span> <span class='ocrx_word' id='word_1_35' title='bbox 573 626 811 683; x_wconf 89' lang='lat' dir='ltr'><strong>funiculo</strong></span> <span class='ocrx_word' id='word_1_36' title='bbox 842 615 1420 695; x_wconf 79' lang='lat' dir='ltr'><strong>(Isa.nt(.Acbitophel</strong></span> <span class='ocrx_word' id='word_1_37' title='bbox 1448 629 1661 687; x_wconf 89' lang='lat' dir='ltr'><strong>quoque</strong></span> <span class='ocrx_word' id='word_1_38' title='bbox 1683 622 1739 669; x_wconf 90' lang='lat' dir='ltr'><strong>et</strong></span> <span class='ocrx_word' id='word_1_39' title='bbox 1760 611 1929 668; x_wconf 66' lang='lat' dir='ltr'><strong>ludas</strong></span> 
     </span>
    </p>
   </div>
   <div class='ocr_carea' id='block_1_7' title="bbox 344 706 1928 793">
    <p class='ocr_par' dir='ltr' id='par_1_7' title="bbox 344 706 1928 793">
     <span class='ocr_line' id='line_1_7' title="bbox 344 706 1928 793; baseline -0.013 -14"><span class='ocrx_word' id='word_1_40' title='bbox 344 737 575 793; x_wconf 89' lang='lat' dir='ltr'><strong>quorum</strong></span> <span class='ocrx_word' id='word_1_41' title='bbox 621 718 761 774; x_wconf 82' lang='lat' dir='ltr'><strong>alter</strong></span> <span class='ocrx_word' id='word_1_42' title='bbox 799 716 1002 782; x_wconf 82' lang='lat' dir='ltr'><strong>David,</strong></span> <span class='ocrx_word' id='word_1_43' title='bbox 1048 712 1186 769; x_wconf 87' lang='lat' dir='ltr'><strong>alter</strong></span> <span class='ocrx_word' id='word_1_44' title='bbox 1237 710 1528 768; x_wconf 89' lang='lat' dir='ltr'><strong>Dominum</strong></span> <span class='ocrx_word' id='word_1_45' title='bbox 1570 706 1928 779; x_wconf 87' lang='lat' dir='ltr'><strong>prodiderunt</strong></span> 
     </span>
    </p>
   </div>
   <div class='ocr_carea' id='block_1_8' title="bbox 347 795 1927 889">
    <p class='ocr_par' dir='ltr' id='par_1_8' title="bbox 347 795 1927 889">
     <span class='ocr_line' id='line_1_8' title="bbox 347 795 1927 889; baseline -0.014 -21"><span class='ocrx_word' id='word_1_46' title='bbox 347 814 400 889; x_wconf 75' lang='grc' dir='ltr'><strong>(Ι</strong></span> <span class='ocrx_word' id='word_1_47' title='bbox 405 813 433 868; x_wconf 87' lang='grc'><em>1</em></span> <span class='ocrx_word' id='word_1_48' title='bbox 440 812 569 884; x_wconf 84' lang='lat' dir='ltr'><strong>Reg.</strong></span> <span class='ocrx_word' id='word_1_49' title='bbox 582 826 720 875; x_wconf 85' lang='lat' dir='ltr'><strong>xvu;</strong></span> <span class='ocrx_word' id='word_1_50' title='bbox 736 807 928 862; x_wconf 78' lang='lat' dir='ltr'><strong>Matth.</strong></span> <span class='ocrx_word' id='word_1_51' title='bbox 942 803 1141 877; x_wconf 77' lang='lat' dir='ltr'><strong>xxvii),</strong></span> <span class='ocrx_word' id='word_1_52' title='bbox 1164 801 1290 857; x_wconf 90' lang='lat' dir='ltr'><strong>fune</strong></span> <span class='ocrx_word' id='word_1_53' title='bbox 1311 798 1627 871; x_wconf 89' lang='lat' dir='ltr'><strong>longissimo</strong></span> <span class='ocrx_word' id='word_1_54' title='bbox 1648 795 1927 889; x_wconf 81' lang='lat' dir='ltr'><strong>trahentes</strong></span> 
     </span>
    </p>
   </div>
   <div class='ocr_carea' id='block_1_9' title="bbox 345 884 1928 977">
    <p class='ocr_par' dir='ltr' id='par_1_9' title="bbox 345 884 1928 977">
     <span class='ocr_line' id='line_1_9' title="bbox 345 884 1928 977; baseline -0.016 -15"><span class='ocrx_word' id='word_1_55' title='bbox 345 884 568 977; x_wconf 82' lang='lat' dir='ltr'><strong>peccata</strong></span> <span class='ocrx_word' id='word_1_56' title='bbox 624 917 722 957; x_wconf 91' lang='lat' dir='ltr'><strong>sua</strong></span> <span class='ocrx_word' id='word_1_57' title='bbox 776 898 990 970; x_wconf 87' lang='lat' dir='ltr'><strong>periere</strong></span> <span class='ocrx_word' id='word_1_58' title='bbox 1044 894 1371 965; x_wconf 88' lang='lat' dir='ltr'><strong>suspendio,</strong></span> <span class='ocrx_word' id='word_1_59' title='bbox 1419 896 1672 961; x_wconf 89' lang='lat' dir='ltr'><strong>putantes</strong></span> <span class='ocrx_word' id='word_1_60' title='bbox 1728 884 1928 941; x_wconf 87' lang='lat' dir='ltr'><strong>malum</strong></span> 
     </span>
    </p>
   </div>
   <div class='ocr_carea' id='block_1_10' title="bbox 346 977 1932 1062">
    <p class='ocr_par' dir='ltr' id='par_1_10' title="bbox 346 977 1932 1062">
     <span class='ocr_line' id='line_1_10' title="bbox 346 977 1932 1062; baseline -0.015 -11"><span class='ocrx_word' id='word_1_61' title='bbox 346 992 691 1051; x_wconf 76' lang='lat' dir='ltr'><strong>conscientia:</strong></span> <span class='ocrx_word' id='word_1_62' title='bbox 730 986 984 1062; x_wconf 78' lang='lat' dir='ltr'><strong>praesenti</strong></span> <span class='ocrx_word' id='word_1_63' title='bbox 1012 993 1186 1040; x_wconf 89' lang='lat' dir='ltr'><strong>morte</strong></span> <span class='ocrx_word' id='word_1_64' title='bbox 1223 982 1398 1048; x_wconf 84' lang='lat' dir='ltr'><strong>finiri,</strong></span> <span class='ocrx_word' id='word_1_65' title='bbox 1425 988 1481 1036; x_wconf 92' lang='lat' dir='ltr'><strong>et</strong></span> <span class='ocrx_word' id='word_1_66' title='bbox 1502 977 1637 1033; x_wconf 82' lang='lat' dir='ltr'><strong>nihil</strong></span> <span class='ocrx_word' id='word_1_67' title='bbox 1664 991 1785 1032; x_wconf 89' lang='lat' dir='ltr'><strong>esse</strong></span> <span class='ocrx_word' id='word_1_68' title='bbox 1807 984 1932 1046; x_wconf 89' lang='lat' dir='ltr'><strong>post</strong></span> 
     </span>
    </p>
   </div>
   <div class='ocr_carea' id='block_1_11' title="bbox 348 1067 1932 1158">
    <p class='ocr_par' dir='ltr' id='par_1_11' title="bbox 348 1067 1932 1158">
     <span class='ocr_line' id='line_1_11' title="bbox 348 1067 1932 1158; baseline -0.013 -15"><span class='ocrx_word' id='word_1_69' title='bbox 348 1097 601 1144; x_wconf 86' lang='lat' dir='ltr'><strong>mortem.</strong></span> <span class='ocrx_word' id='word_1_70' title='bbox 631 1080 856 1158; x_wconf 75' lang='grc' dir='ltr'><strong>(ΜΑυιι.)</strong></span> <span class='ocrx_word' id='word_1_71' title='bbox 889 1078 1100 1135; x_wconf 88' lang='lat' dir='ltr'><strong>Domini</strong></span> <span class='ocrx_word' id='word_1_72' title='bbox 1121 1076 1266 1131; x_wconf 90' lang='lat' dir='ltr'><strong>enim</strong></span> <span class='ocrx_word' id='word_1_73' title='bbox 1293 1071 1556 1144; x_wconf 87' lang='lat' dir='ltr'><strong>judicium</strong></span> <span class='ocrx_word' id='word_1_74' title='bbox 1588 1069 1735 1126; x_wconf 91' lang='lat' dir='ltr'><strong>nullo</strong></span> <span class='ocrx_word' id='word_1_75' title='bbox 1772 1067 1932 1123; x_wconf 89' lang='lat' dir='ltr'><strong>modo</strong></span> 
     </span>
    </p>
   </div>
   <div class='ocr_carea' id='block_1_12' title="bbox 346 1160 1931 1242">
    <p class='ocr_par' dir='ltr' id='par_1_12' title="bbox 346 1160 1931 1242">
     <span class='ocr_line' id='line_1_12' title="bbox 346 1160 1931 1242; baseline -0.013 -8"><span class='ocrx_word' id='word_1_76' title='bbox 346 1178 574 1242; x_wconf 86' lang='lat' dir='ltr'><strong>errabit,</strong></span> <span class='ocrx_word' id='word_1_77' title='bbox 597 1190 698 1230; x_wconf 88' lang='lat' dir='ltr'><strong>nec</strong></span> <span class='ocrx_word' id='word_1_78' title='bbox 727 1171 927 1242; x_wconf 89' lang='lat' dir='ltr'><strong>aliquid</strong></span> <span class='ocrx_word' id='word_1_79' title='bbox 953 1168 1011 1223; x_wconf 88' lang='lat' dir='ltr'><strong>fit</strong></span> <span class='ocrx_word' id='word_1_80' title='bbox 1040 1169 1093 1222; x_wconf 93' lang='lat' dir='ltr'><strong>in</strong></span> <span class='ocrx_word' id='word_1_81' title='bbox 1126 1175 1270 1222; x_wconf 88' lang='lat' dir='ltr'><strong>terra</strong></span> <span class='ocrx_word' id='word_1_82' title='bbox 1298 1165 1415 1220; x_wconf 83' lang='lat' dir='ltr'><strong>sine</strong></span> <span class='ocrx_word' id='word_1_83' title='bbox 1440 1176 1625 1219; x_wconf 91' lang='lat' dir='ltr'><strong>causa.</strong></span> <span class='ocrx_word' id='word_1_84' title='bbox 1647 1160 1931 1216; x_wconf 87' lang='lat' dir='ltr'><strong>Neminem</strong></span> 
     </span>
    </p>
   </div>
   <div class='ocr_carea' id='block_1_13' title="bbox 348 1249 1933 1338">
    <p class='ocr_par' dir='ltr' id='par_1_13' title="bbox 348 1249 1933 1338">
     <span class='ocr_line' id='line_1_13' title="bbox 348 1249 1933 1338; baseline -0.014 -13"><span class='ocrx_word' id='word_1_85' title='bbox 348 1268 547 1338; x_wconf 84' lang='lat' dir='ltr'><strong>injuste</strong></span> <span class='ocrx_word' id='word_1_86' title='bbox 578 1267 832 1327; x_wconf 82' lang='lat' dir='ltr'><strong>damnat,</strong></span> <span class='ocrx_word' id='word_1_87' title='bbox 862 1259 1134 1314; x_wconf 85' lang='lat' dir='ltr'><strong>neminem</strong></span> <span class='ocrx_word' id='word_1_88' title='bbox 1165 1254 1408 1327; x_wconf 90' lang='lat' dir='ltr'><strong>spernit,</strong></span> <span class='ocrx_word' id='word_1_89' title='bbox 1444 1252 1826 1319; x_wconf 86' lang='lat' dir='ltr'><strong>neminemque</strong></span> <span class='ocrx_word' id='word_1_90' title='bbox 1855 1249 1933 1303; x_wconf 87' lang='lat' dir='ltr'><strong>in-</strong></span> 
     </span>
    </p>
   </div>
   <div class='ocr_carea' id='block_1_14' title="bbox 349 1347 1936 1424">
    <p class='ocr_par' dir='ltr' id='par_1_14' title="bbox 349 1347 1936 1424">
     <span class='ocr_line' id='line_1_14' title="bbox 349 1347 1936 1424; baseline -0.014 -9"><span class='ocrx_word' id='word_1_91' title='bbox 349 1359 529 1415; x_wconf 88' lang='lat' dir='ltr'><strong>debite</strong></span> <span class='ocrx_word' id='word_1_92' title='bbox 557 1354 819 1424; x_wconf 83' lang='lat' dir='ltr'><strong>relinquit</strong></span> <span class='ocrx_word' id='word_1_93' title='bbox 860 1369 873 1405; x_wconf 91' lang='lat'><strong>:</strong></span> <span class='ocrx_word' id='word_1_94' title='bbox 904 1350 1030 1420; x_wconf 85' lang='lat' dir='ltr'><strong>quia</strong></span> <span class='ocrx_word' id='word_1_95' title='bbox 1060 1347 1241 1402; x_wconf 89' lang='lat' dir='ltr'><strong>omnia</strong></span> <span class='ocrx_word' id='word_1_96' title='bbox 1279 1359 1506 1401; x_wconf 88' lang='lat' dir='ltr'><strong>numero</strong></span> <span class='ocrx_word' id='word_1_97' title='bbox 1528 1384 1544 1410; x_wconf 93' lang='lat'><strong>,</strong></span> <span class='ocrx_word' id='word_1_98' title='bbox 1589 1355 1844 1397; x_wconf 86' lang='lat' dir='ltr'><strong>mensura</strong></span> <span class='ocrx_word' id='word_1_99' title='bbox 1879 1348 1936 1394; x_wconf 88' lang='lat' dir='ltr'><strong>et</strong></span> 
     </span>
    </p>
   </div>
   <div class='ocr_carea' id='block_1_15' title="bbox 342 1430 1934 1519">
    <p class='ocr_par' dir='ltr' id='par_1_15' title="bbox 342 1430 1934 1519">
     <span class='ocr_line' id='line_1_15' title="bbox 342 1430 1934 1519; baseline -0.013 -15"><span class='ocrx_word' id='word_1_100' title='bbox 342 1447 590 1519; x_wconf 81' lang='lat' dir='ltr'><strong>pondere</strong></span> <span class='ocrx_word' id='word_1_101' title='bbox 619 1443 876 1515; x_wconf 77' lang='lat' dir='ltr'><strong>disponit,</strong></span> <span class='ocrx_word' id='word_1_102' title='bbox 910 1440 1126 1496; x_wconf 90' lang='lat' dir='ltr'><strong>ordinat</strong></span> <span class='ocrx_word' id='word_1_103' title='bbox 1153 1446 1317 1508; x_wconf 90' lang='lat' dir='ltr'><strong>atque</strong></span> <span class='ocrx_word' id='word_1_104' title='bbox 1346 1436 1643 1507; x_wconf 80' lang='lat' dir='ltr'><strong>gubernat,</strong></span> <span class='ocrx_word' id='word_1_105' title='bbox 1682 1447 1784 1488; x_wconf 90' lang='lat' dir='ltr'><strong>nec</strong></span> <span class='ocrx_word' id='word_1_106' title='bbox 1825 1430 1934 1485; x_wconf 92' lang='lat' dir='ltr'><strong>ullo</strong></span> 
     </span>
    </p>
   </div>
   <div class='ocr_carea' id='block_1_16' title="bbox 349 1521 1933 1598">
    <p class='ocr_par' dir='ltr' id='par_1_16' title="bbox 349 1521 1933 1598">
     <span class='ocr_line' id='line_1_16' title="bbox 349 1521 1933 1598; baseline -0.012 -4"><span class='ocrx_word' id='word_1_107' title='bbox 349 1537 514 1594; x_wconf 83' lang='lat' dir='ltr'><strong>modo</strong></span> <span class='ocrx_word' id='word_1_108' title='bbox 538 1533 865 1591; x_wconf 88' lang='lat' dir='ltr'><strong>credendum</strong></span> <span class='ocrx_word' id='word_1_109' title='bbox 901 1537 985 1585; x_wconf 89' lang='lat' dir='ltr'><strong>est</strong></span> <span class='ocrx_word' id='word_1_110' title='bbox 1006 1571 1021 1595; x_wconf 95' lang='lat'><strong>,</strong></span> <span class='ocrx_word' id='word_1_111' title='bbox 1054 1527 1197 1598; x_wconf 90' lang='lat' dir='ltr'><strong>quod</strong></span> <span class='ocrx_word' id='word_1_112' title='bbox 1217 1525 1420 1596; x_wconf 89' lang='lat' dir='ltr'><strong>aliquid</strong></span> <span class='ocrx_word' id='word_1_113' title='bbox 1446 1539 1543 1596; x_wconf 87' lang='lat' dir='ltr'><strong>per</strong></span> <span class='ocrx_word' id='word_1_114' title='bbox 1571 1521 1933 1595; x_wconf 77' lang='lat' dir='ltr'><strong>ignorantiam</strong></span> 
     </span>
    </p>
   </div>
   <div class='ocr_carea' id='block_1_17' title="bbox 349 1613 1935 1692">
    <p class='ocr_par' dir='ltr' id='par_1_17' title="bbox 349 1613 1935 1692">
     <span class='ocr_line' id='line_1_17' title="bbox 349 1613 1935 1692; baseline -0.011 -8"><span class='ocrx_word' id='word_1_115' title='bbox 349 1626 592 1684; x_wconf 76' lang='lat' dir='ltr'><strong>auctoris</strong></span> <span class='ocrx_word' id='word_1_116' title='bbox 620 1624 706 1679; x_wconf 90' lang='lat' dir='ltr'><strong>sui</strong></span> <span class='ocrx_word' id='word_1_117' title='bbox 728 1621 1009 1692; x_wconf 81' lang='lat' dir='ltr'><strong>contingat</strong></span> <span class='ocrx_word' id='word_1_118' title='bbox 1046 1620 1099 1673; x_wconf 91' lang='lat' dir='ltr'><strong>in</strong></span> <span class='ocrx_word' id='word_1_119' title='bbox 1131 1617 1296 1673; x_wconf 86' lang='lat' dir='ltr'><strong>rebus</strong></span> <span class='ocrx_word' id='word_1_120' title='bbox 1331 1614 1603 1679; x_wconf 84' lang='lat' dir='ltr'><strong>humanis,</strong></span> <span class='ocrx_word' id='word_1_121' title='bbox 1628 1614 1781 1685; x_wconf 80' lang='lat' dir='ltr'><strong>juxta</strong></span> <span class='ocrx_word' id='word_1_122' title='bbox 1825 1613 1935 1667; x_wconf 78' lang='lat' dir='ltr'><strong>ba:-</strong></span> 
     </span>
    </p>
   </div>
   <div class='ocr_carea' id='block_1_18' title="bbox 350 1705 1935 1785">
    <p class='ocr_par' dir='ltr' id='par_1_18' title="bbox 350 1705 1935 1785">
     <span class='ocr_line' id='line_1_18' title="bbox 350 1705 1935 1785; baseline -0.012 -10"><span class='ocrx_word' id='word_1_123' title='bbox 350 1719 643 1775; x_wconf 86' lang='lat' dir='ltr'><strong>reticorum</strong></span> <span class='ocrx_word' id='word_1_124' title='bbox 665 1713 997 1785; x_wconf 84' lang='lat' dir='ltr'><strong>opinionem,</strong></span> <span class='ocrx_word' id='word_1_125' title='bbox 1023 1708 1167 1780; x_wconf 88' lang='lat' dir='ltr'><strong>quod</strong></span> <span class='ocrx_word' id='word_1_126' title='bbox 1191 1721 1423 1779; x_wconf 88' lang='lat' dir='ltr'><strong>sequens</strong></span> <span class='ocrx_word' id='word_1_127' title='bbox 1442 1705 1713 1762; x_wconf 87' lang='lat' dir='ltr'><strong>sententia</strong></span> <span class='ocrx_word' id='word_1_128' title='bbox 1738 1717 1935 1759; x_wconf 88' lang='lat' dir='ltr'><strong>sonare</strong></span> 
     </span>
    </p>
   </div>
   <div class='ocr_carea' id='block_1_19' title="bbox 350 1808 582 1863">
    <p class='ocr_par' dir='ltr' id='par_1_19' title="bbox 350 1808 582 1863">
     <span class='ocr_line' id='line_1_19' title="bbox 350 1808 582 1863; baseline -0.013 -2"><span class='ocrx_word' id='word_1_129' title='bbox 350 1808 582 1863; x_wconf 85' lang='lat' dir='ltr'><strong>videtur.</strong></span> 
     </span>
    </p>
   </div>
   <div class='ocr_carea' id='block_1_20' title="bbox 422 1888 1939 1960">
    <p class='ocr_par' dir='ltr' id='par_1_20' title="bbox 422 1888 1939 1960">
     <span class='ocr_line' id='line_1_20' title="bbox 422 1888 1939 1960; baseline -0.007 -8"><span class='ocrx_word' id='word_1_130' title='bbox 422 1894 640 1952; x_wconf 84' lang='lat' dir='ltr'><strong>Lamed.</strong></span> <span class='ocrx_word' id='word_1_131' title='bbox 666 1913 685 1947; x_wconf 76' lang='grc' dir='ltr'><strong>ι</strong></span> <span class='ocrx_word' id='word_1_132' title='bbox 714 1893 786 1952; x_wconf 88' lang='lat' dir='ltr'><strong>Ut</strong></span> <span class='ocrx_word' id='word_1_133' title='bbox 805 1891 1100 1949; x_wconf 84' lang='lat' dir='ltr'><strong>declinaret</strong></span> <span class='ocrx_word' id='word_1_134' title='bbox 1116 1889 1381 1960; x_wconf 84' lang='lat' dir='ltr'><strong>judicium</strong></span> <span class='ocrx_word' id='word_1_135' title='bbox 1406 1889 1529 1956; x_wconf 91' lang='lat' dir='ltr'><strong>viri,</strong></span> <span class='ocrx_word' id='word_1_136' title='bbox 1562 1888 1616 1943; x_wconf 92' lang='lat' dir='ltr'><strong>in</strong></span> <span class='ocrx_word' id='word_1_137' title='bbox 1644 1894 1939 1958; x_wconf 89' lang='lat' dir='ltr'><strong>conspectu</strong></span> 
     </span>
    </p>
   </div>
   <div class='ocr_carea' id='block_1_21' title="bbox 355 1986 958 2044">
    <p class='ocr_par' dir='ltr' id='par_1_21' title="bbox 355 1986 958 2044">
     <span class='ocr_line' id='line_1_21' title="bbox 355 1986 958 2044; baseline -0.005 -3"><span class='ocrx_word' id='word_1_138' title='bbox 355 2007 377 2041; x_wconf 73' lang='grc' dir='ltr'><strong>ι</strong></span> <span class='ocrx_word' id='word_1_139' title='bbox 414 1988 597 2044; x_wconf 84' lang='lat' dir='ltr'><strong>vultus</strong></span> <span class='ocrx_word' id='word_1_140' title='bbox 622 1986 905 2041; x_wconf 81' lang='lat' dir='ltr'><strong>Altissimi.</strong></span> <span class='ocrx_word' id='word_1_141' title='bbox 941 2006 958 2038; x_wconf 85' lang='grc' dir='ltr'><strong>ι</strong></span> 
     </span>
    </p>
   </div>
   <div class='ocr_carea' id='block_1_22' title="bbox 424 2069 1938 2147">
    <p class='ocr_par' dir='ltr' id='par_1_22' title="bbox 424 2069 1938 2147">
     <span class='ocr_line' id='line_1_22' title="bbox 424 2069 1938 2147; baseline -0.007 -14"><span class='ocrx_word' id='word_1_142' title='bbox 424 2077 641 2133; x_wconf 86' lang='lat' dir='ltr'><strong>Lamed.</strong></span> <span class='ocrx_word' id='word_1_143' title='bbox 671 2096 693 2131; x_wconf 72' lang='grc' dir='ltr'><strong>ι</strong></span> <span class='ocrx_word' id='word_1_144' title='bbox 732 2076 800 2134; x_wconf 88' lang='lat' dir='ltr'><strong>Ut</strong></span> <span class='ocrx_word' id='word_1_145' title='bbox 825 2083 1161 2147; x_wconf 87' lang='lat' dir='ltr'><strong>perverteret</strong></span> <span class='ocrx_word' id='word_1_146' title='bbox 1193 2074 1475 2131; x_wconf 85' lang='lat' dir='ltr'><strong>hominem</strong></span> <span class='ocrx_word' id='word_1_147' title='bbox 1504 2072 1557 2128; x_wconf 94' lang='lat' dir='ltr'><strong>in</strong></span> <span class='ocrx_word' id='word_1_148' title='bbox 1580 2069 1789 2141; x_wconf 88' lang='lat' dir='ltr'><strong>judicio</strong></span> <span class='ocrx_word' id='word_1_149' title='bbox 1816 2084 1938 2135; x_wconf 91' lang='lat' dir='ltr'><strong>suo,</strong></span> 
     </span>
    </p>
   </div>
   <div class='ocr_carea' id='block_1_23' title="bbox 360 2161 1941 2240">
    <p class='ocr_par' dir='ltr' id='par_1_23' title="bbox 360 2161 1941 2240">
     <span class='ocr_line' id='line_1_23' title="bbox 360 2161 1941 2240; baseline -0.006 -14"><span class='ocrx_word' id='word_1_150' title='bbox 360 2190 378 2222; x_wconf 78' lang='grc' dir='ltr'><strong>ι</strong></span> <span class='ocrx_word' id='word_1_151' title='bbox 411 2170 672 2226; x_wconf 82' lang='lat' dir='ltr'><strong>Dominus</strong></span> <span class='ocrx_word' id='word_1_152' title='bbox 700 2168 984 2240; x_wconf 77' lang='lat' dir='ltr'><strong>ignoravit.</strong></span> <span class='ocrx_word' id='word_1_153' title='bbox 1018 2186 1036 2219; x_wconf 74' lang='grc' dir='ltr'><strong>ι</strong></span> <span class='ocrx_word' id='word_1_154' title='bbox 1063 2166 1200 2223; x_wconf 82' lang='lat' dir='ltr'><strong>Huic</strong></span> <span class='ocrx_word' id='word_1_155' title='bbox 1228 2180 1444 2238; x_wconf 87' lang='lat' dir='ltr'><strong>quoque</strong></span> <span class='ocrx_word' id='word_1_156' title='bbox 1465 2162 1643 2220; x_wconf 86' lang='lat' dir='ltr'><strong>simile</strong></span> <span class='ocrx_word' id='word_1_157' title='bbox 1670 2172 1775 2229; x_wconf 90' lang='lat' dir='ltr'><strong>est,</strong></span> <span class='ocrx_word' id='word_1_158' title='bbox 1797 2161 1941 2233; x_wconf 92' lang='lat' dir='ltr'><strong>quod</strong></span> 
     </span>
    </p>
   </div>
   <div class='ocr_carea' id='block_1_24' title="bbox 352 2253 1939 2332">
    <p class='ocr_par' dir='ltr' id='par_1_24' title="bbox 352 2253 1939 2332">
     <span class='ocr_line' id='line_1_24' title="bbox 352 2253 1939 2332; baseline -0.006 -14"><span class='ocrx_word' id='word_1_159' title='bbox 352 2263 410 2318; x_wconf 86' lang='lat' dir='ltr'><strong>in</strong></span> <span class='ocrx_word' id='word_1_160' title='bbox 428 2262 568 2318; x_wconf 86' lang='lat' dir='ltr'><strong>libro</strong></span> <span class='ocrx_word' id='word_1_161' title='bbox 592 2259 692 2317; x_wconf 78' lang='lat' dir='ltr'><strong>Joh</strong></span> <span class='ocrx_word' id='word_1_162' title='bbox 716 2261 768 2316; x_wconf 89' lang='lat' dir='ltr'><strong>in</strong></span> <span class='ocrx_word' id='word_1_163' title='bbox 789 2259 1012 2332; x_wconf 83' lang='lat' dir='ltr'><strong>Eliphaz</strong></span> <span class='ocrx_word' id='word_1_164' title='bbox 1037 2258 1218 2316; x_wconf 84' lang='lat' dir='ltr'><strong>verbis</strong></span> <span class='ocrx_word' id='word_1_165' title='bbox 1238 2257 1453 2331; x_wconf 81' lang='lat' dir='ltr'><strong>legitur,</strong></span> <span class='ocrx_word' id='word_1_166' title='bbox 1470 2255 1561 2314; x_wconf 91' lang='lat' dir='ltr'><strong>ubi</strong></span> <span class='ocrx_word' id='word_1_167' title='bbox 1585 2256 1658 2312; x_wconf 89' lang='lat' dir='ltr'><strong>ita</strong></span> <span class='ocrx_word' id='word_1_168' title='bbox 1680 2253 1939 2327; x_wconf 88' lang='lat' dir='ltr'><strong>scriptum</strong></span> 
     </span>
    </p>
   </div>
   <div class='ocr_carea' id='block_1_25' title="bbox 350 2345 1943 2422">
    <p class='ocr_par' dir='ltr' id='par_1_25' title="bbox 350 2345 1943 2422">
     <span class='ocr_line' id='line_1_25' title="bbox 350 2345 1943 2422; baseline -0.006 -14"><span class='ocrx_word' id='word_1_169' title='bbox 350 2360 440 2408; x_wconf 79' lang='lat' dir='ltr'><strong>est</strong></span> <span class='ocrx_word' id='word_1_170' title='bbox 470 2368 484 2405; x_wconf 90' lang='lat'>:</span> <span class='ocrx_word' id='word_1_171' title='bbox 518 2369 538 2403; x_wconf 85' lang='grc'><strong>‹</strong></span> <span class='ocrx_word' id='word_1_172' title='bbox 566 2351 649 2406; x_wconf 88' lang='lat' dir='ltr'><strong>An</strong></span> <span class='ocrx_word' id='word_1_173' title='bbox 677 2366 783 2406; x_wconf 92' lang='lat' dir='ltr'><strong>non</strong></span> <span class='ocrx_word' id='word_1_174' title='bbox 810 2350 1037 2422; x_wconf 88' lang='lat' dir='ltr'><strong>cogitas,</strong></span> <span class='ocrx_word' id='word_1_175' title='bbox 1073 2350 1218 2420; x_wconf 90' lang='lat' dir='ltr'><strong>quod</strong></span> <span class='ocrx_word' id='word_1_176' title='bbox 1239 2349 1382 2404; x_wconf 89' lang='lat' dir='ltr'><strong>Deus</strong></span> <span class='ocrx_word' id='word_1_177' title='bbox 1408 2347 1673 2403; x_wconf 83' lang='lat' dir='ltr'><strong>excelsior</strong></span> <span class='ocrx_word' id='word_1_178' title='bbox 1700 2345 1860 2412; x_wconf 72' lang='lat' dir='ltr'><strong>cmlo,</strong></span> <span class='ocrx_word' id='word_1_179' title='bbox 1886 2352 1943 2401; x_wconf 90' lang='lat' dir='ltr'><strong>et</strong></span> 
     </span>
    </p>
   </div>
   <div class='ocr_carea' id='block_1_26' title="bbox 354 2433 1942 2513">
    <p class='ocr_par' dir='ltr' id='par_1_26' title="bbox 354 2433 1942 2513">
     <span class='ocr_line' id='line_1_26' title="bbox 354 2433 1942 2513; baseline -0.006 -16"><span class='ocrx_word' id='word_1_180' title='bbox 354 2456 519 2513; x_wconf 86' lang='lat' dir='ltr'><strong>super</strong></span> <span class='ocrx_word' id='word_1_181' title='bbox 564 2439 842 2496; x_wconf 86' lang='lat' dir='ltr'><strong>stellarum</strong></span> <span class='ocrx_word' id='word_1_182' title='bbox 892 2439 1150 2495; x_wconf 84' lang='lat' dir='ltr'><strong>verticem</strong></span> <span class='ocrx_word' id='word_1_183' title='bbox 1196 2436 1518 2493; x_wconf 88' lang='lat' dir='ltr'><strong>sublimetur</strong></span> <span class='ocrx_word' id='word_1_184' title='bbox 1565 2433 1710 2509; x_wconf 84' lang='lat' dir='ltr'><strong>(Job.</strong></span> <span class='ocrx_word' id='word_1_185' title='bbox 1755 2435 1942 2506; x_wconf 75' lang='lat' dir='ltr'><strong>xxu)?</strong></span> 
     </span>
    </p>
   </div>
   <div class='ocr_carea' id='block_1_27' title="bbox 354 2528 1942 2600">
    <p class='ocr_par' dir='ltr' id='par_1_27' title="bbox 354 2528 1942 2600">
     <span class='ocr_line' id='line_1_27' title="bbox 354 2528 1942 2600; baseline -0.003 -12"><span class='ocrx_word' id='word_1_186' title='bbox 354 2533 422 2588; x_wconf 79' lang='lat' dir='ltr'><strong>Et</strong></span> <span class='ocrx_word' id='word_1_187' title='bbox 451 2534 598 2588; x_wconf 90' lang='lat' dir='ltr'><strong>dices</strong></span> <span class='ocrx_word' id='word_1_188' title='bbox 632 2551 645 2586; x_wconf 95' lang='lat'>:</span> <span class='ocrx_word' id='word_1_189' title='bbox 680 2531 820 2599; x_wconf 90' lang='lat' dir='ltr'><strong>Quid</strong></span> <span class='ocrx_word' id='word_1_190' title='bbox 849 2532 993 2586; x_wconf 89' lang='lat' dir='ltr'><strong>enim</strong></span> <span class='ocrx_word' id='word_1_191' title='bbox 1032 2532 1183 2586; x_wconf 88' lang='lat' dir='ltr'><strong>novit</strong></span> <span class='ocrx_word' id='word_1_192' title='bbox 1218 2531 1378 2596; x_wconf 90' lang='lat' dir='ltr'><strong>Deus,</strong></span> <span class='ocrx_word' id='word_1_193' title='bbox 1406 2537 1463 2584; x_wconf 93' lang='lat' dir='ltr'><strong>et</strong></span> <span class='ocrx_word' id='word_1_194' title='bbox 1491 2529 1644 2600; x_wconf 88' lang='lat' dir='ltr'><strong>quasi</strong></span> <span class='ocrx_word' id='word_1_195' title='bbox 1687 2544 1786 2600; x_wconf 90' lang='lat' dir='ltr'><strong>per</strong></span> <span class='ocrx_word' id='word_1_196' title='bbox 1811 2528 1942 2584; x_wconf 89' lang='lat' dir='ltr'><strong>cali-</strong></span> 
     </span>
    </p>
   </div>
   <div class='ocr_carea' id='block_1_28' title="bbox 356 2620 1942 2693">
    <p class='ocr_par' dir='ltr' id='par_1_28' title="bbox 356 2620 1942 2693">
     <span class='ocr_line' id='line_1_28' title="bbox 356 2620 1942 2693; baseline -0.001 -17"><span class='ocrx_word' id='word_1_197' title='bbox 356 2622 536 2693; x_wconf 81' lang='lat' dir='ltr'><strong>ginem</strong></span> <span class='ocrx_word' id='word_1_198' title='bbox 556 2621 779 2693; x_wconf 68' lang='lat' dir='ltr'><strong>judicat</strong></span> <span class='ocrx_word' id='word_1_199' title='bbox 796 2622 986 2686; x_wconf 90' lang='lat' dir='ltr'><strong>nubes,</strong></span> <span class='ocrx_word' id='word_1_200' title='bbox 1020 2620 1303 2677; x_wconf 88' lang='lat' dir='ltr'><strong>latibulum</strong></span> <span class='ocrx_word' id='word_1_201' title='bbox 1330 2621 1449 2693; x_wconf 91' lang='lat' dir='ltr'><strong>ejus</strong></span> <span class='ocrx_word' id='word_1_202' title='bbox 1479 2635 1580 2676; x_wconf 91' lang='lat' dir='ltr'><strong>nec</strong></span> <span class='ocrx_word' id='word_1_203' title='bbox 1603 2630 1789 2676; x_wconf 87' lang='lat' dir='ltr'><strong>nostra</strong></span> <span class='ocrx_word' id='word_1_204' title='bbox 1813 2636 1942 2675; x_wconf 86' lang='lat' dir='ltr'><strong>con—</strong></span> 
     </span>
    </p>
   </div>
   <div class='ocr_carea' id='block_1_29' title="bbox 356 2696 1939 2784">
    <p class='ocr_par' dir='ltr' id='par_1_29' title="bbox 356 2696 1939 2784">
     <span class='ocr_line' id='line_1_29' title="bbox 356 2696 1939 2784; baseline -0.003 -16"><span class='ocrx_word' id='word_1_205' title='bbox 356 2714 580 2779; x_wconf 88' lang='lat' dir='ltr'><strong>siderat,</strong></span> <span class='ocrx_word' id='word_1_206' title='bbox 604 2721 659 2768; x_wconf 92' lang='lat' dir='ltr'><strong>et</strong></span> <span class='ocrx_word' id='word_1_207' title='bbox 678 2712 826 2767; x_wconf 88' lang='lat' dir='ltr'><strong>circa</strong></span> <span class='ocrx_word' id='word_1_208' title='bbox 871 2696 1122 2767; x_wconf 83' lang='lat' dir='ltr'><strong>cardines</strong></span> <span class='ocrx_word' id='word_1_209' title='bbox 1146 2710 1270 2767; x_wconf 75' lang='lat' dir='ltr'><strong>cmli</strong></span> <span class='ocrx_word' id='word_1_210' title='bbox 1297 2711 1707 2782; x_wconf 67' lang='lat' dir='ltr'><strong>perambulat?»</strong></span> <span class='ocrx_word' id='word_1_211' title='bbox 1736 2709 1939 2784; x_wconf 72' lang='lat' dir='ltr'><strong>(Ci-eg.)</strong></span> 
     </span>
    </p>
   </div>
   <div class='ocr_carea' id='block_1_30' title="bbox 357 2800 1941 2876">
    <p class='ocr_par' dir='ltr' id='par_1_30' title="bbox 357 2800 1941 2876">
     <span class='ocr_line' id='line_1_30' title="bbox 357 2800 1941 2876; baseline -0.004 -17"><span class='ocrx_word' id='word_1_212' title='bbox 357 2803 495 2860; x_wconf 90' lang='lat' dir='ltr'><strong>Sunt</strong></span> <span class='ocrx_word' id='word_1_213' title='bbox 523 2803 769 2876; x_wconf 84' lang='lat' dir='ltr'><strong>plerique</strong></span> <span class='ocrx_word' id='word_1_214' title='bbox 795 2803 866 2858; x_wconf 85' lang='lat' dir='ltr'><strong>ita</strong></span> <span class='ocrx_word' id='word_1_215' title='bbox 890 2802 1115 2858; x_wconf 87' lang='lat' dir='ltr'><strong>hebetes</strong></span> <span class='ocrx_word' id='word_1_216' title='bbox 1142 2810 1204 2857; x_wconf 94' lang='lat' dir='ltr'><strong>ut</strong></span> <span class='ocrx_word' id='word_1_217' title='bbox 1228 2801 1522 2858; x_wconf 81' lang='lat' dir='ltr'><strong>formidare</strong></span> <span class='ocrx_word' id='word_1_218' title='bbox 1547 2801 1808 2868; x_wconf 88' lang='lat' dir='ltr'><strong>nesciant,</strong></span> <span class='ocrx_word' id='word_1_219' title='bbox 1834 2800 1941 2856; x_wconf 84' lang='lat' dir='ltr'><strong>nisi</strong></span> 
     </span>
    </p>
   </div>
   <div class='ocr_carea' id='block_1_31' title="bbox 355 2890 1941 2965">
    <p class='ocr_par' dir='ltr' id='par_1_31' title="bbox 355 2890 1941 2965">
     <span class='ocr_line' id='line_1_31' title="bbox 355 2890 1941 2965; baseline -0.001 -17"><span class='ocrx_word' id='word_1_220' title='bbox 355 2894 501 2965; x_wconf 86' lang='lat' dir='ltr'><strong>quod</strong></span> <span class='ocrx_word' id='word_1_221' title='bbox 548 2892 903 2965; x_wconf 86' lang='lat' dir='ltr'><strong>corporaliter</strong></span> <span class='ocrx_word' id='word_1_222' title='bbox 943 2891 1170 2949; x_wconf 86' lang='lat' dir='ltr'><strong>vident:</strong></span> <span class='ocrx_word' id='word_1_223' title='bbox 1211 2892 1356 2948; x_wconf 88' lang='lat' dir='ltr'><strong>unde</strong></span> <span class='ocrx_word' id='word_1_224' title='bbox 1400 2890 1462 2946; x_wconf 85' lang='lat' dir='ltr'><strong>fit</strong></span> <span class='ocrx_word' id='word_1_225' title='bbox 1505 2900 1566 2946; x_wconf 93' lang='lat' dir='ltr'><strong>ut</strong></span> <span class='ocrx_word' id='word_1_226' title='bbox 1608 2890 1778 2945; x_wconf 89' lang='lat' dir='ltr'><strong>Deum</strong></span> <span class='ocrx_word' id='word_1_227' title='bbox 1830 2904 1941 2946; x_wconf 92' lang='lat' dir='ltr'><strong>non</strong></span> 
     </span>
    </p>
   </div>
   <div class='ocr_carea' id='block_1_32' title="bbox 356 2984 1940 3057">
    <p class='ocr_par' dir='ltr' id='par_1_32' title="bbox 356 2984 1940 3057">
     <span class='ocr_line' id='line_1_32' title="bbox 356 2984 1940 3057; baseline -0.002 -15"><span class='ocrx_word' id='word_1_228' title='bbox 356 2994 620 3052; x_wconf 83' lang='lat' dir='ltr'><strong>metuant,</strong></span> <span class='ocrx_word' id='word_1_229' title='bbox 655 3000 815 3057; x_wconf 89' lang='lat' dir='ltr'><strong>quem</strong></span> <span class='ocrx_word' id='word_1_230' title='bbox 846 2985 1032 3042; x_wconf 87' lang='lat' dir='ltr'><strong>videre</strong></span> <span class='ocrx_word' id='word_1_231' title='bbox 1060 3000 1169 3041; x_wconf 88' lang='lat' dir='ltr'><strong>non</strong></span> <span class='ocrx_word' id='word_1_232' title='bbox 1197 2993 1441 3056; x_wconf 91' lang='lat' dir='ltr'><strong>possunt.</strong></span> <span class='ocrx_word' id='word_1_233' title='bbox 1481 2984 1731 3040; x_wconf 67' lang='lat' dir='ltr'><strong>Hmretici</strong></span> <span class='ocrx_word' id='word_1_234' title='bbox 1761 2993 1940 3040; x_wconf 89' lang='lat' dir='ltr'><strong>autem</strong></span> 
     </span>
    </p>
   </div>
   <div class='ocr_carea' id='block_1_33' title="bbox 356 3078 1938 3148">
    <p class='ocr_par' dir='ltr' id='par_1_33' title="bbox 356 3078 1938 3148">
     <span class='ocr_line' id='line_1_33' title="bbox 356 3078 1938 3148; baseline 0.001 -16"><span class='ocrx_word' id='word_1_235' title='bbox 356 3078 485 3148; x_wconf 90' lang='lat' dir='ltr'><strong>quia</strong></span> <span class='ocrx_word' id='word_1_236' title='bbox 509 3092 633 3133; x_wconf 86' lang='lat' dir='ltr'><strong>esse</strong></span> <span class='ocrx_word' id='word_1_237' title='bbox 658 3092 716 3132; x_wconf 89' lang='lat' dir='ltr'><strong>se</strong></span> <span class='ocrx_word' id='word_1_238' title='bbox 742 3078 1016 3147; x_wconf 89' lang='lat' dir='ltr'><strong>sapientes</strong></span> <span class='ocrx_word' id='word_1_239' title='bbox 1041 3078 1397 3146; x_wconf 85' lang='lat' dir='ltr'><strong>arbitrantur,</strong></span> <span class='ocrx_word' id='word_1_240' title='bbox 1422 3078 1586 3134; x_wconf 88' lang='lat' dir='ltr'><strong>verba</strong></span> <span class='ocrx_word' id='word_1_241' title='bbox 1616 3085 1805 3133; x_wconf 91' lang='lat' dir='ltr'><strong>contra</strong></span> <span class='ocrx_word' id='word_1_242' title='bbox 1844 3093 1938 3134; x_wconf 88' lang='lat' dir='ltr'><strong>ca-</strong></span> 
     </span>
    </p>
   </div>
   <div class='ocr_carea' id='block_1_34' title="bbox 2027 513 3616 585">
    <p class='ocr_par' dir='ltr' id='par_1_34' title="bbox 2027 513 3616 585">
     <span class='ocr_line' id='line_1_34' title="bbox 2027 513 3616 585; baseline -0.003 -11"><span class='ocrx_word' id='word_1_243' title='bbox 2027 533 2152 574; x_wconf 91' lang='lat' dir='ltr'><strong>eum</strong></span> <span class='ocrx_word' id='word_1_244' title='bbox 2185 516 2345 575; x_wconf 89' lang='lat' dir='ltr'><strong>sicuti</strong></span> <span class='ocrx_word' id='word_1_245' title='bbox 2391 522 2476 572; x_wconf 88' lang='lat' dir='ltr'><strong>est</strong></span> <span class='ocrx_word' id='word_1_246' title='bbox 2519 515 2706 571; x_wconf 87' lang='lat' dir='ltr'><strong>videre</strong></span> <span class='ocrx_word' id='word_1_247' title='bbox 2751 529 2857 569; x_wconf 92' lang='lat' dir='ltr'><strong>non</strong></span> <span class='ocrx_word' id='word_1_248' title='bbox 2891 520 3110 584; x_wconf 86' lang='lat' dir='ltr'><strong>potest,</strong></span> <span class='ocrx_word' id='word_1_249' title='bbox 3156 513 3497 585; x_wconf 81' lang='lat' dir='ltr'><strong>aliquatenus</strong></span> <span class='ocrx_word' id='word_1_250' title='bbox 3529 515 3616 570; x_wconf 80' lang='lat' dir='ltr'><strong>vi-</strong></span> 
     </span>
    </p>
   </div>
   <div class='ocr_carea' id='block_1_35' title="bbox 2027 602 3620 677">
    <p class='ocr_par' dir='ltr' id='par_1_35' title="bbox 2027 602 3620 677">
     <span class='ocr_line' id='line_1_35' title="bbox 2027 602 3620 677; baseline -0.003 -14"><span class='ocrx_word' id='word_1_251' title='bbox 2027 607 2205 663; x_wconf 89' lang='lat' dir='ltr'><strong>dendo</strong></span> <span class='ocrx_word' id='word_1_252' title='bbox 2218 613 2527 677; x_wconf 86' lang='lat' dir='ltr'><strong>cognoscat.</strong></span> <span class='ocrx_word' id='word_1_253' title='bbox 2546 602 2653 659; x_wconf 88' lang='lat' dir='ltr'><strong>Sed</strong></span> <span class='ocrx_word' id='word_1_254' title='bbox 2670 604 2788 659; x_wconf 72' lang='lat' dir='ltr'><strong>haec</strong></span> <span class='ocrx_word' id='word_1_255' title='bbox 2800 603 3037 658; x_wconf 80' lang='lat' dir='ltr'><strong>haeretici</strong></span> <span class='ocrx_word' id='word_1_256' title='bbox 3059 611 3303 658; x_wconf 84' lang='lat' dir='ltr'><strong>sanctam</strong></span> <span class='ocrx_word' id='word_1_257' title='bbox 3318 602 3620 659; x_wconf 84' lang='lat' dir='ltr'><strong>Ecclesiam</strong></span> 
     </span>
    </p>
   </div>
   <div class='ocr_carea' id='block_1_36' title="bbox 2029 699 3622 769">
    <p class='ocr_par' dir='ltr' id='par_1_36' title="bbox 2029 699 3622 769">
     <span class='ocr_line' id='line_1_36' title="bbox 2029 699 3622 769; baseline -0.001 -12"><span class='ocrx_word' id='word_1_258' title='bbox 2029 701 2171 757; x_wconf 89' lang='lat' dir='ltr'><strong>scire</strong></span> <span class='ocrx_word' id='word_1_259' title='bbox 2195 715 2303 755; x_wconf 91' lang='lat' dir='ltr'><strong>non</strong></span> <span class='ocrx_word' id='word_1_260' title='bbox 2329 700 2633 766; x_wconf 56' lang='lat' dir='ltr'><strong>aestimant,</strong></span> <span class='ocrx_word' id='word_1_261' title='bbox 2656 700 2784 769; x_wconf 86' lang='lat' dir='ltr'><strong>quia</strong></span> <span class='ocrx_word' id='word_1_262' title='bbox 2820 699 2983 754; x_wconf 91' lang='lat' dir='ltr'><strong>stulto</strong></span> <span class='ocrx_word' id='word_1_263' title='bbox 3001 699 3208 769; x_wconf 83' lang='lat' dir='ltr'><strong>judicio</strong></span> <span class='ocrx_word' id='word_1_264' title='bbox 3239 699 3387 756; x_wconf 88' lang='lat' dir='ltr'><strong>solos</strong></span> <span class='ocrx_word' id='word_1_265' title='bbox 3407 716 3468 756; x_wconf 87' lang='lat' dir='ltr'><strong>se</strong></span> <span class='ocrx_word' id='word_1_266' title='bbox 3495 716 3622 756; x_wconf 79' lang='lat' dir='ltr'><strong>esse</strong></span> 
     </span>
    </p>
   </div>
   <div class='ocr_carea' id='block_1_37' title="bbox 2029 789 3622 863">
    <p class='ocr_par' dir='ltr' id='par_1_37' title="bbox 2029 789 3622 863">
     <span class='ocr_line' id='line_1_37' title="bbox 2029 789 3622 863; baseline -0.001 -16"><span class='ocrx_word' id='word_1_267' title='bbox 2029 793 2302 863; x_wconf 87' lang='lat' dir='ltr'><strong>sapientes</strong></span> <span class='ocrx_word' id='word_1_268' title='bbox 2333 799 2545 861; x_wconf 88' lang='lat' dir='ltr'><strong>putant.</strong></span> <span class='ocrx_word' id='word_1_269' title='bbox 2572 789 2781 845; x_wconf 82' lang='lat' dir='ltr'><strong>Idcirco</strong></span> <span class='ocrx_word' id='word_1_270' title='bbox 2814 789 2916 844; x_wconf 89' lang='lat' dir='ltr'><strong>iste</strong></span> <span class='ocrx_word' id='word_1_271' title='bbox 2954 789 3216 861; x_wconf 80' lang='lat' dir='ltr'><strong>propheta</strong></span> <span class='ocrx_word' id='word_1_272' title='bbox 3243 804 3369 845; x_wconf 76' lang='lat' dir='ltr'><strong>mox</strong></span> <span class='ocrx_word' id='word_1_273' title='bbox 3390 790 3622 860; x_wconf 88' lang='lat' dir='ltr'><strong>corripit</strong></span> 
     </span>
    </p>
   </div>
   <div class='ocr_carea' id='block_1_38' title="bbox 2030 880 2976 954">
    <p class='ocr_par' dir='ltr' id='par_1_38' title="bbox 2030 880 2976 954">
     <span class='ocr_line' id='line_1_38' title="bbox 2030 880 2976 954; baseline -0.007 -13"><span class='ocrx_word' id='word_1_274' title='bbox 2030 900 2124 941; x_wconf 91' lang='lat' dir='ltr'><strong>eos</strong></span> <span class='ocrx_word' id='word_1_275' title='bbox 2150 884 2241 954; x_wconf 88' lang='lat' dir='ltr'><strong>qui</strong></span> <span class='ocrx_word' id='word_1_276' title='bbox 2275 884 2374 939; x_wconf 89' lang='lat' dir='ltr'><strong>ista</strong></span> <span class='ocrx_word' id='word_1_277' title='bbox 2399 883 2721 952; x_wconf 83' lang='lat' dir='ltr'><strong>opinantur,</strong></span> <span class='ocrx_word' id='word_1_278' title='bbox 2745 880 2933 935; x_wconf 91' lang='lat' dir='ltr'><strong>dicens</strong></span> <span class='ocrx_word' id='word_1_279' title='bbox 2962 898 2976 934; x_wconf 88' lang='lat'>:</span> 
     </span>
    </p>
   </div>
   <div class='ocr_carea' id='block_1_39' title="bbox 2103 969 3620 1043">
    <p class='ocr_par' dir='ltr' id='par_1_39' title="bbox 2103 969 3620 1043">
     <span class='ocr_line' id='line_1_39' title="bbox 2103 969 3620 1043; baseline -0.003 -13"><span class='ocrx_word' id='word_1_280' title='bbox 2103 975 2264 1030; x_wconf 76' lang='lat' dir='ltr'><strong>Mem.</strong></span> <span class='ocrx_word' id='word_1_281' title='bbox 2289 993 2307 1025; x_wconf 78' lang='grc' dir='ltr'><strong>ι</strong></span> <span class='ocrx_word' id='word_1_282' title='bbox 2336 973 2467 1041; x_wconf 84' lang='lat' dir='ltr'><strong>Quis</strong></span> <span class='ocrx_word' id='word_1_283' title='bbox 2488 981 2570 1027; x_wconf 88' lang='lat' dir='ltr'><strong>est</strong></span> <span class='ocrx_word' id='word_1_284' title='bbox 2590 973 2691 1027; x_wconf 89' lang='lat' dir='ltr'><strong>iste</strong></span> <span class='ocrx_word' id='word_1_285' title='bbox 2710 971 2803 1043; x_wconf 90' lang='lat' dir='ltr'><strong>qui</strong></span> <span class='ocrx_word' id='word_1_286' title='bbox 2827 971 2984 1036; x_wconf 68' lang='lat' dir='ltr'><strong>dixit,</strong></span> <span class='ocrx_word' id='word_1_287' title='bbox 3008 979 3066 1024; x_wconf 91' lang='lat' dir='ltr'><strong>ut</strong></span> <span class='ocrx_word' id='word_1_288' title='bbox 3088 969 3241 1025; x_wconf 86' lang='lat' dir='ltr'><strong>fieret</strong></span> <span class='ocrx_word' id='word_1_289' title='bbox 3260 969 3489 1027; x_wconf 87' lang='lat' dir='ltr'><strong>Domino</strong></span> <span class='ocrx_word' id='word_1_290' title='bbox 3509 986 3620 1025; x_wconf 88' lang='lat' dir='ltr'><strong>non</strong></span> 
     </span>
    </p>
   </div>
   <div class='ocr_carea' id='block_1_40' title="bbox 2038 1066 2394 1139">
    <p class='ocr_par' dir='ltr' id='par_1_40' title="bbox 2038 1066 2394 1139">
     <span class='ocr_line' id='line_1_40' title="bbox 2038 1066 2394 1139; baseline -0.006 -19"><span class='ocrx_word' id='word_1_291' title='bbox 2038 1087 2057 1120; x_wconf 76' lang='grc' dir='ltr'><strong>ι</strong></span> <span class='ocrx_word' id='word_1_292' title='bbox 2083 1066 2347 1139; x_wconf 82' lang='lat' dir='ltr'><strong>jubente?</strong></span> <span class='ocrx_word' id='word_1_293' title='bbox 2375 1085 2394 1118; x_wconf 78' lang='grc' dir='ltr'><strong>ι</strong></span> 
     </span>
    </p>
   </div>
   <div class='ocr_carea' id='block_1_41' title="bbox 2105 1150 3627 1226">
    <p class='ocr_par' dir='ltr' id='par_1_41' title="bbox 2105 1150 3627 1226">
     <span class='ocr_line' id='line_1_41' title="bbox 2105 1150 3627 1226; baseline -0.001 -13"><span class='ocrx_word' id='word_1_294' title='bbox 2105 1157 2267 1213; x_wconf 74' lang='lat' dir='ltr'><strong>Mem.</strong></span> <span class='ocrx_word' id='word_1_295' title='bbox 2303 1176 2321 1208; x_wconf 76' lang='grc' dir='ltr'><strong>ι</strong></span> <span class='ocrx_word' id='word_1_296' title='bbox 2356 1156 2434 1210; x_wconf 83' lang='lat' dir='ltr'><strong>Ex</strong></span> <span class='ocrx_word' id='word_1_297' title='bbox 2484 1169 2579 1210; x_wconf 88' lang='lat' dir='ltr'><strong>ore</strong></span> <span class='ocrx_word' id='word_1_298' title='bbox 2608 1150 2873 1210; x_wconf 79' lang='lat' dir='ltr'><strong>Altissinti</strong></span> <span class='ocrx_word' id='word_1_299' title='bbox 2927 1168 3037 1210; x_wconf 90' lang='lat' dir='ltr'><strong>non</strong></span> <span class='ocrx_word' id='word_1_300' title='bbox 3073 1153 3460 1226; x_wconf 80' lang='lat' dir='ltr'><strong>egredienlur,</strong></span> <span class='ocrx_word' id='word_1_301' title='bbox 3520 1171 3627 1212; x_wconf 80' lang='lat' dir='ltr'><strong>nec</strong></span> 
     </span>
    </p>
   </div>
   <div class='ocr_carea' id='block_1_42' title="bbox 2039 1247 2625 1313">
    <p class='ocr_par' dir='ltr' id='par_1_42' title="bbox 2039 1247 2625 1313">
     <span class='ocr_line' id='line_1_42' title="bbox 2039 1247 2625 1313; baseline -0.005 -12"><span class='ocrx_word' id='word_1_302' title='bbox 2039 1268 2059 1301; x_wconf 78' lang='grc' dir='ltr'><strong>ι</strong></span> <span class='ocrx_word' id='word_1_303' title='bbox 2098 1250 2259 1313; x_wconf 89' lang='lat' dir='ltr'><strong>bona,</strong></span> <span class='ocrx_word' id='word_1_304' title='bbox 2287 1262 2389 1303; x_wconf 86' lang='lat' dir='ltr'><strong>nec</strong></span> <span class='ocrx_word' id='word_1_305' title='bbox 2415 1247 2576 1301; x_wconf 89' lang='lat' dir='ltr'><strong>mala.</strong></span> <span class='ocrx_word' id='word_1_306' title='bbox 2606 1264 2625 1297; x_wconf 73' lang='grc' dir='ltr'><strong>ι</strong></span> 
     </span>
    </p>
   </div>
   <div class='ocr_carea' id='block_1_43' title="bbox 2105 1336 3629 1410">
    <p class='ocr_par' dir='ltr' id='par_1_43' title="bbox 2105 1336 3629 1410">
     <span class='ocr_line' id='line_1_43' title="bbox 2105 1336 3629 1410; baseline -0.001 -16"><span class='ocrx_word' id='word_1_307' title='bbox 2105 1338 2267 1394; x_wconf 76' lang='lat' dir='ltr'><strong>Mem.</strong></span> <span class='ocrx_word' id='word_1_308' title='bbox 2306 1357 2325 1391; x_wconf 72' lang='grc' dir='ltr'><strong>ι</strong></span> <span class='ocrx_word' id='word_1_309' title='bbox 2370 1338 2509 1406; x_wconf 85' lang='lat' dir='ltr'><strong>Quid</strong></span> <span class='ocrx_word' id='word_1_310' title='bbox 2547 1337 2908 1393; x_wconf 89' lang='lat' dir='ltr'><strong>murmuravit</strong></span> <span class='ocrx_word' id='word_1_311' title='bbox 2951 1337 3115 1393; x_wconf 90' lang='lat' dir='ltr'><strong>homo</strong></span> <span class='ocrx_word' id='word_1_312' title='bbox 3142 1336 3351 1405; x_wconf 85' lang='lat' dir='ltr'><strong>vivens,</strong></span> <span class='ocrx_word' id='word_1_313' title='bbox 3393 1338 3478 1393; x_wconf 83' lang='lat' dir='ltr'><strong>vir</strong></span> <span class='ocrx_word' id='word_1_314' title='bbox 3526 1356 3629 1410; x_wconf 75' lang='lat' dir='ltr'><strong>pro</strong></span> 
     </span>
    </p>
   </div>
   <div class='ocr_carea' id='block_1_44' title="bbox 2039 1427 3625 1501">
    <p class='ocr_par' dir='ltr' id='par_1_44' title="bbox 2039 1427 3625 1501">
     <span class='ocr_line' id='line_1_44' title="bbox 2039 1427 3625 1501; baseline 0 -17"><span class='ocrx_word' id='word_1_315' title='bbox 2039 1449 2059 1484; x_wconf 73' lang='grc' dir='ltr'><strong>ι</strong></span> <span class='ocrx_word' id='word_1_316' title='bbox 2098 1431 2341 1501; x_wconf 88' lang='lat' dir='ltr'><strong>peccatis</strong></span> <span class='ocrx_word' id='word_1_317' title='bbox 2365 1431 2500 1487; x_wconf 87' lang='lat' dir='ltr'><strong>suis.</strong></span> <span class='ocrx_word' id='word_1_318' title='bbox 2538 1448 2556 1481; x_wconf 75' lang='grc' dir='ltr'><strong>ι</strong></span> <span class='ocrx_word' id='word_1_319' title='bbox 2593 1427 2884 1501; x_wconf 59' lang='lat' dir='ltr'><strong>(Manlius)</strong></span> <span class='ocrx_word' id='word_1_320' title='bbox 2916 1429 3161 1484; x_wconf 87' lang='lat' dir='ltr'><strong>Fuerunt</strong></span> <span class='ocrx_word' id='word_1_321' title='bbox 3184 1430 3329 1485; x_wconf 90' lang='lat' dir='ltr'><strong>enim</strong></span> <span class='ocrx_word' id='word_1_322' title='bbox 3356 1432 3625 1495; x_wconf 63' lang='lat' dir='ltr'><strong>haeretici,</strong></span> 
     </span>
    </p>
   </div>
   <div class='ocr_carea' id='block_1_45' title="bbox 2031 1519 3629 1592">
    <p class='ocr_par' dir='ltr' id='par_1_45' title="bbox 2031 1519 3629 1592">
     <span class='ocr_line' id='line_1_45' title="bbox 2031 1519 3629 1592; baseline 0.002 -16"><span class='ocrx_word' id='word_1_323' title='bbox 2031 1522 2123 1592; x_wconf 89' lang='lat' dir='ltr'><strong>qui</strong></span> <span class='ocrx_word' id='word_1_324' title='bbox 2156 1522 2407 1576; x_wconf 80' lang='lat' dir='ltr'><strong>dixerunt</strong></span> <span class='ocrx_word' id='word_1_325' title='bbox 2446 1520 2614 1576; x_wconf 89' lang='lat' dir='ltr'><strong>Deum</strong></span> <span class='ocrx_word' id='word_1_326' title='bbox 2646 1535 2755 1575; x_wconf 92' lang='lat' dir='ltr'><strong>non</strong></span> <span class='ocrx_word' id='word_1_327' title='bbox 2802 1519 2982 1576; x_wconf 87' lang='lat' dir='ltr'><strong>facere</strong></span> <span class='ocrx_word' id='word_1_328' title='bbox 3031 1521 3208 1589; x_wconf 85' lang='lat' dir='ltr'><strong>mala,</strong></span> <span class='ocrx_word' id='word_1_329' title='bbox 3257 1531 3451 1578; x_wconf 88' lang='lat' dir='ltr'><strong>contra</strong></span> <span class='ocrx_word' id='word_1_330' title='bbox 3491 1521 3629 1579; x_wconf 86' lang='lat' dir='ltr'><strong>illud</strong></span> 
     </span>
    </p>
   </div>
   <div class='ocr_carea' id='block_1_46' title="bbox 2034 1611 3625 1684">
    <p class='ocr_par' dir='ltr' id='par_1_46' title="bbox 2034 1611 3625 1684">
     <span class='ocr_line' id='line_1_46' title="bbox 2034 1611 3625 1684; baseline 0.003 -17"><span class='ocrx_word' id='word_1_331' title='bbox 2034 1612 2180 1682; x_wconf 90' lang='lat' dir='ltr'><strong>quod</strong></span> <span class='ocrx_word' id='word_1_332' title='bbox 2207 1613 2468 1684; x_wconf 88' lang='lat' dir='ltr'><strong>scriptum</strong></span> <span class='ocrx_word' id='word_1_333' title='bbox 2492 1620 2615 1667; x_wconf 90' lang='lat' dir='ltr'><strong>est:</strong></span> <span class='ocrx_word' id='word_1_334' title='bbox 2657 1630 2676 1663; x_wconf 79' lang='grc' dir='ltr'><strong>ι</strong></span> <span class='ocrx_word' id='word_1_335' title='bbox 2708 1611 2823 1681; x_wconf 85' lang='lat' dir='ltr'><strong>Ego</strong></span> <span class='ocrx_word' id='word_1_336' title='bbox 2853 1611 3115 1668; x_wconf 80' lang='lat' dir='ltr'><strong>Dominus</strong></span> <span class='ocrx_word' id='word_1_337' title='bbox 3138 1612 3383 1669; x_wconf 79' lang='lat' dir='ltr'><strong>formans</strong></span> <span class='ocrx_word' id='word_1_338' title='bbox 3404 1614 3587 1671; x_wconf 81' lang='lat' dir='ltr'><strong>lucem</strong></span> <span class='ocrx_word' id='word_1_339' title='bbox 3608 1657 3625 1679; x_wconf 91' lang='lat'><strong>,</strong></span> 
     </span>
    </p>
   </div>
   <div class='ocr_carea' id='block_1_47' title="bbox 2036 1702 3628 1773">
    <p class='ocr_par' dir='ltr' id='par_1_47' title="bbox 2036 1702 3628 1773">
     <span class='ocr_line' id='line_1_47' title="bbox 2036 1702 3628 1773; baseline 0.001 -15"><span class='ocrx_word' id='word_1_340' title='bbox 2036 1714 2092 1759; x_wconf 91' lang='lat' dir='ltr'><strong>et</strong></span> <span class='ocrx_word' id='word_1_341' title='bbox 2111 1717 2305 1760; x_wconf 87' lang='lat' dir='ltr'><strong>creans</strong></span> <span class='ocrx_word' id='word_1_342' title='bbox 2329 1702 2600 1769; x_wconf 86' lang='lat' dir='ltr'><strong>tenebras,</strong></span> <span class='ocrx_word' id='word_1_343' title='bbox 2638 1702 2842 1759; x_wconf 80' lang='lat' dir='ltr'><strong>faciens</strong></span> <span class='ocrx_word' id='word_1_344' title='bbox 2861 1717 3071 1773; x_wconf 87' lang='lat' dir='ltr'><strong>pacem,</strong></span> <span class='ocrx_word' id='word_1_345' title='bbox 3097 1710 3152 1757; x_wconf 91' lang='lat' dir='ltr'><strong>et</strong></span> <span class='ocrx_word' id='word_1_346' title='bbox 3186 1717 3380 1759; x_wconf 86' lang='lat' dir='ltr'><strong>creans</strong></span> <span class='ocrx_word' id='word_1_347' title='bbox 3425 1704 3628 1759; x_wconf 84' lang='lat' dir='ltr'><strong>malum</strong></span> 
     </span>
    </p>
   </div>
   <div class='ocr_carea' id='block_1_48' title="bbox 1959 1793 3633 1867">
    <p class='ocr_par' dir='ltr' id='par_1_48' title="bbox 1959 1793 3633 1867">
     <span class='ocr_line' id='line_1_48' title="bbox 1959 1793 3633 1867; baseline 0.001 -19"><span class='ocrx_word' id='word_1_348' title='bbox 1959 1799 2009 1860; x_wconf 84' lang='lat' dir='ltr'><strong>B</strong></span> <span class='ocrx_word' id='word_1_349' title='bbox 2037 1794 2172 1866; x_wconf 69' lang='lat' dir='ltr'><strong>(Ira.</strong></span> <span class='ocrx_word' id='word_1_350' title='bbox 2210 1796 2357 1867; x_wconf 62' lang='lat' dir='ltr'><strong>xcv).</strong></span> <span class='ocrx_word' id='word_1_351' title='bbox 2387 1814 2407 1847; x_wconf 77' lang='grc' dir='ltr'><strong>ι</strong></span> <span class='ocrx_word' id='word_1_352' title='bbox 2440 1794 2781 1850; x_wconf 87' lang='lat' dir='ltr'><strong>Econtrario</strong></span> <span class='ocrx_word' id='word_1_353' title='bbox 2808 1793 3031 1849; x_wconf 85' lang='lat' dir='ltr'><strong>fuerunt</strong></span> <span class='ocrx_word' id='word_1_354' title='bbox 3065 1794 3191 1858; x_wconf 86' lang='lat' dir='ltr'><strong>alii,</strong></span> <span class='ocrx_word' id='word_1_355' title='bbox 3234 1796 3328 1865; x_wconf 90' lang='lat' dir='ltr'><strong>qui</strong></span> <span class='ocrx_word' id='word_1_356' title='bbox 3373 1796 3633 1851; x_wconf 68' lang='lat' dir='ltr'><strong>dixerunt</strong></span> 
     </span>
    </p>
   </div>
   <div class='ocr_carea' id='block_1_49' title="bbox 2038 1884 3626 1956">
    <p class='ocr_par' dir='ltr' id='par_1_49' title="bbox 2038 1884 3626 1956">
     <span class='ocr_line' id='line_1_49' title="bbox 2038 1884 3626 1956; baseline -0.001 -14"><span class='ocrx_word' id='word_1_357' title='bbox 2038 1888 2207 1942; x_wconf 90' lang='lat' dir='ltr'><strong>Deum</strong></span> <span class='ocrx_word' id='word_1_358' title='bbox 2235 1900 2452 1941; x_wconf 87' lang='lat' dir='ltr'><strong>creasse</strong></span> <span class='ocrx_word' id='word_1_359' title='bbox 2480 1884 2648 1952; x_wconf 87' lang='lat' dir='ltr'><strong>mala,</strong></span> <span class='ocrx_word' id='word_1_360' title='bbox 2676 1894 2867 1941; x_wconf 88' lang='lat' dir='ltr'><strong>contra</strong></span> <span class='ocrx_word' id='word_1_361' title='bbox 2920 1886 2977 1941; x_wconf 90' lang='lat' dir='ltr'><strong>id</strong></span> <span class='ocrx_word' id='word_1_362' title='bbox 3017 1884 3163 1956; x_wconf 78' lang='lat' dir='ltr'><strong>quod</strong></span> <span class='ocrx_word' id='word_1_363' title='bbox 3196 1886 3462 1955; x_wconf 88' lang='lat' dir='ltr'><strong>scriptum</strong></span> <span class='ocrx_word' id='word_1_364' title='bbox 3495 1895 3626 1941; x_wconf 67' lang='lat' dir='ltr'><strong>est:</strong></span> 
     </span>
    </p>
   </div>
   <div class='ocr_carea' id='block_1_50' title="bbox 2044 1974 3632 2049">
    <p class='ocr_par' dir='ltr' id='par_1_50' title="bbox 2044 1974 3632 2049">
     <span class='ocr_line' id='line_1_50' title="bbox 2044 1974 3632 2049; baseline 0 -18"><span class='ocrx_word' id='word_1_365' title='bbox 2044 1998 2062 2031; x_wconf 80' lang='grc' dir='ltr'><strong>ι</strong></span> <span class='ocrx_word' id='word_1_366' title='bbox 2097 1977 2251 2033; x_wconf 87' lang='lat' dir='ltr'><strong>Fecit</strong></span> <span class='ocrx_word' id='word_1_367' title='bbox 2280 1976 2426 2032; x_wconf 87' lang='lat' dir='ltr'><strong>Deus</strong></span> <span class='ocrx_word' id='word_1_368' title='bbox 2451 1977 2635 2032; x_wconf 87' lang='lat' dir='ltr'><strong>omnia</strong></span> <span class='ocrx_word' id='word_1_369' title='bbox 2663 1976 2803 2032; x_wconf 89' lang='lat' dir='ltr'><strong>bona</strong></span> <span class='ocrx_word' id='word_1_370' title='bbox 2841 1975 3012 2049; x_wconf 84' lang='lat' dir='ltr'><strong>(Eccl.</strong></span> <span class='ocrx_word' id='word_1_371' title='bbox 3035 1989 3144 2048; x_wconf 78' lang='grc' dir='ltr'>ιιι).</span> <span class='ocrx_word' id='word_1_372' title='bbox 3180 1995 3201 2028; x_wconf 81' lang='grc' dir='ltr'><strong>ι</strong></span> <span class='ocrx_word' id='word_1_373' title='bbox 3228 1974 3473 2031; x_wconf 82' lang='lat' dir='ltr'><strong>Fuerunt</strong></span> <span class='ocrx_word' id='word_1_374' title='bbox 3500 1977 3632 2032; x_wconf 83' lang='lat' dir='ltr'><strong>item</strong></span> 
     </span>
    </p>
   </div>
   <div class='ocr_carea' id='block_1_51' title="bbox 2038 2066 3634 2138">
    <p class='ocr_par' dir='ltr' id='par_1_51' title="bbox 2038 2066 3634 2138">
     <span class='ocr_line' id='line_1_51' title="bbox 2038 2066 3634 2138; baseline 0 -15"><span class='ocrx_word' id='word_1_375' title='bbox 2038 2067 2153 2133; x_wconf 89' lang='lat' dir='ltr'><strong>alii,</strong></span> <span class='ocrx_word' id='word_1_376' title='bbox 2180 2067 2275 2138; x_wconf 89' lang='lat' dir='ltr'><strong>qui</strong></span> <span class='ocrx_word' id='word_1_377' title='bbox 2304 2068 2559 2123; x_wconf 79' lang='lat' dir='ltr'><strong>dixerunt</strong></span> <span class='ocrx_word' id='word_1_378' title='bbox 2584 2066 2721 2122; x_wconf 89' lang='lat' dir='ltr'><strong>duas</strong></span> <span class='ocrx_word' id='word_1_379' title='bbox 2743 2075 2986 2131; x_wconf 89' lang='lat' dir='ltr'><strong>naturas,</strong></span> <span class='ocrx_word' id='word_1_380' title='bbox 3033 2075 3090 2122; x_wconf 90' lang='lat' dir='ltr'><strong>et</strong></span> <span class='ocrx_word' id='word_1_381' title='bbox 3133 2067 3268 2122; x_wconf 89' lang='lat' dir='ltr'><strong>duas</strong></span> <span class='ocrx_word' id='word_1_382' title='bbox 3295 2067 3634 2123; x_wconf 79' lang='lat' dir='ltr'><strong>substantias</strong></span> 
     </span>
    </p>
   </div>
   <div class='ocr_carea' id='block_1_52' title="bbox 2039 2158 3636 2225">
    <p class='ocr_par' dir='ltr' id='par_1_52' title="bbox 2039 2158 3636 2225">
     <span class='ocr_line' id='line_1_52' title="bbox 2039 2158 3636 2225; baseline -0.001 -9"><span class='ocrx_word' id='word_1_383' title='bbox 2039 2160 2108 2216; x_wconf 88' lang='lat' dir='ltr'><strong>ab</strong></span> <span class='ocrx_word' id='word_1_384' title='bbox 2130 2160 2287 2215; x_wconf 89' lang='lat' dir='ltr'><strong>initio</strong></span> <span class='ocrx_word' id='word_1_385' title='bbox 2309 2158 2497 2225; x_wconf 85' lang='lat' dir='ltr'><strong>fuisse,</strong></span> <span class='ocrx_word' id='word_1_386' title='bbox 2527 2159 2582 2213; x_wconf 90' lang='lat' dir='ltr'><strong>id</strong></span> <span class='ocrx_word' id='word_1_387' title='bbox 2613 2168 2722 2224; x_wconf 88' lang='lat' dir='ltr'><strong>est,</strong></span> <span class='ocrx_word' id='word_1_388' title='bbox 2748 2159 2944 2215; x_wconf 85' lang='lat' dir='ltr'><strong>bonam</strong></span> <span class='ocrx_word' id='word_1_389' title='bbox 2970 2166 3028 2214; x_wconf 90' lang='lat' dir='ltr'><strong>et</strong></span> <span class='ocrx_word' id='word_1_390' title='bbox 3053 2158 3275 2225; x_wconf 87' lang='lat' dir='ltr'><strong>malam,</strong></span> <span class='ocrx_word' id='word_1_391' title='bbox 3295 2174 3423 2214; x_wconf 91' lang='lat' dir='ltr'><strong>cum</strong></span> <span class='ocrx_word' id='word_1_392' title='bbox 3452 2160 3636 2215; x_wconf 87' lang='lat' dir='ltr'><strong>omnis</strong></span> 
     </span>
    </p>
   </div>
   <div class='ocr_carea' id='block_1_53' title="bbox 2039 2248 3636 2322">
    <p class='ocr_par' dir='ltr' id='par_1_53' title="bbox 2039 2248 3636 2322">
     <span class='ocr_line' id='line_1_53' title="bbox 2039 2248 3636 2322; baseline -0.002 -14"><span class='ocrx_word' id='word_1_393' title='bbox 2039 2258 2261 2320; x_wconf 87' lang='lat' dir='ltr'><strong>natura,</strong></span> <span class='ocrx_word' id='word_1_394' title='bbox 2279 2258 2377 2307; x_wconf 86' lang='lat' dir='ltr'><strong>aut</strong></span> <span class='ocrx_word' id='word_1_395' title='bbox 2392 2258 2611 2307; x_wconf 83' lang='lat' dir='ltr'><strong>creator</strong></span> <span class='ocrx_word' id='word_1_396' title='bbox 2633 2250 2704 2306; x_wconf 88' lang='lat' dir='ltr'><strong>sit</strong></span> <span class='ocrx_word' id='word_1_397' title='bbox 2725 2290 2740 2316; x_wconf 79' lang='lat'><strong>,</strong></span> <span class='ocrx_word' id='word_1_398' title='bbox 2781 2258 2875 2304; x_wconf 91' lang='lat' dir='ltr'><strong>aut</strong></span> <span class='ocrx_word' id='word_1_399' title='bbox 2904 2257 3098 2304; x_wconf 88' lang='lat' dir='ltr'><strong>natura</strong></span> <span class='ocrx_word' id='word_1_400' title='bbox 3128 2248 3451 2322; x_wconf 82' lang='lat' dir='ltr'><strong>[creatura].</strong></span> <span class='ocrx_word' id='word_1_401' title='bbox 3481 2250 3636 2305; x_wconf 83' lang='lat' dir='ltr'><strong>Unde</strong></span> 
     </span>
    </p>
   </div>
   <div class='ocr_carea' id='block_1_54' title="bbox 2040 2342 3637 2416">
    <p class='ocr_par' dir='ltr' id='par_1_54' title="bbox 2040 2342 3637 2416">
     <span class='ocr_line' id='line_1_54' title="bbox 2040 2342 3637 2416; baseline -0.003 -17"><span class='ocrx_word' id='word_1_402' title='bbox 2040 2344 2236 2401; x_wconf 83' lang='lat' dir='ltr'><strong>falsum</strong></span> <span class='ocrx_word' id='word_1_403' title='bbox 2264 2352 2350 2400; x_wconf 87' lang='lat' dir='ltr'><strong>est</strong></span> <span class='ocrx_word' id='word_1_404' title='bbox 2375 2348 2522 2416; x_wconf 88' lang='lat' dir='ltr'><strong>quod</strong></span> <span class='ocrx_word' id='word_1_405' title='bbox 2568 2353 2763 2401; x_wconf 87' lang='lat' dir='ltr'><strong>natura</strong></span> <span class='ocrx_word' id='word_1_406' title='bbox 2792 2345 2900 2401; x_wconf 86' lang='lat' dir='ltr'><strong>ulla</strong></span> <span class='ocrx_word' id='word_1_407' title='bbox 2932 2342 3076 2402; x_wconf 84' lang='lat' dir='ltr'><strong>mala</strong></span> <span class='ocrx_word' id='word_1_408' title='bbox 3113 2342 3205 2412; x_wconf 74' lang='lat' dir='ltr'><strong>sit,</strong></span> <span class='ocrx_word' id='word_1_409' title='bbox 3252 2355 3378 2397; x_wconf 90' lang='lat' dir='ltr'><strong>cum</strong></span> <span class='ocrx_word' id='word_1_410' title='bbox 3414 2350 3637 2398; x_wconf 76' lang='lat' dir='ltr'><strong>creator</strong></span> 
     </span>
    </p>
   </div>
   <div class='ocr_carea' id='block_1_55' title="bbox 2039 2434 3636 2506">
    <p class='ocr_par' dir='ltr' id='par_1_55' title="bbox 2039 2434 3636 2506">
     <span class='ocr_line' id='line_1_55' title="bbox 2039 2434 3636 2506; baseline 0.001 -16"><span class='ocrx_word' id='word_1_411' title='bbox 2039 2449 2285 2491; x_wconf 91' lang='lat' dir='ltr'><strong>summus</strong></span> <span class='ocrx_word' id='word_1_412' title='bbox 2336 2443 2394 2490; x_wconf 89' lang='lat' dir='ltr'><strong>et</strong></span> <span class='ocrx_word' id='word_1_413' title='bbox 2447 2434 2686 2506; x_wconf 90' lang='lat' dir='ltr'><strong>optimus</strong></span> <span class='ocrx_word' id='word_1_414' title='bbox 2723 2437 2994 2491; x_wconf 81' lang='lat' dir='ltr'><strong>creaverit</strong></span> <span class='ocrx_word' id='word_1_415' title='bbox 3036 2436 3234 2493; x_wconf 87' lang='lat' dir='ltr'><strong>bonam</strong></span> <span class='ocrx_word' id='word_1_416' title='bbox 3276 2446 3594 2492; x_wconf 79' lang='lat' dir='ltr'><strong>creaturam</strong></span> <span class='ocrx_word' id='word_1_417' title='bbox 3619 2479 3636 2501; x_wconf 89' lang='lat'><strong>,</strong></span> 
     </span>
    </p>
   </div>
   <div class='ocr_carea' id='block_1_56' title="bbox 2041 2528 3643 2599">
    <p class='ocr_par' dir='ltr' id='par_1_56' title="bbox 2041 2528 3643 2599">
     <span class='ocr_line' id='line_1_56' title="bbox 2041 2528 3643 2599; baseline 0.003 -17"><span class='ocrx_word' id='word_1_418' title='bbox 2041 2528 2169 2598; x_wconf 90' lang='lat' dir='ltr'><strong>quia</strong></span> <span class='ocrx_word' id='word_1_419' title='bbox 2210 2528 2346 2584; x_wconf 88' lang='lat' dir='ltr'><strong>vidit</strong></span> <span class='ocrx_word' id='word_1_420' title='bbox 2392 2529 2537 2584; x_wconf 89' lang='lat' dir='ltr'><strong>Deus</strong></span> <span class='ocrx_word' id='word_1_421' title='bbox 2564 2536 2762 2584; x_wconf 90' lang='lat' dir='ltr'><strong>cuncta</strong></span> <span class='ocrx_word' id='word_1_422' title='bbox 2801 2544 2924 2599; x_wconf 69' lang='lat' dir='ltr'><strong>qua:</strong></span> <span class='ocrx_word' id='word_1_423' title='bbox 2966 2528 3128 2597; x_wconf 85' lang='lat' dir='ltr'><strong>fecit,</strong></span> <span class='ocrx_word' id='word_1_424' title='bbox 3174 2538 3233 2587; x_wconf 91' lang='lat' dir='ltr'><strong>et</strong></span> <span class='ocrx_word' id='word_1_425' title='bbox 3272 2541 3433 2587; x_wconf 88' lang='lat' dir='ltr'><strong>erant</strong></span> <span class='ocrx_word' id='word_1_426' title='bbox 3482 2531 3643 2587; x_wconf 79' lang='lat' dir='ltr'><strong>valde</strong></span> 
     </span>
    </p>
   </div>
   <div class='ocr_carea' id='block_1_57' title="bbox 2040 2616 3638 2693">
    <p class='ocr_par' dir='ltr' id='par_1_57' title="bbox 2040 2616 3638 2693">
     <span class='ocr_line' id='line_1_57' title="bbox 2040 2616 3638 2693; baseline 0.002 -17"><span class='ocrx_word' id='word_1_427' title='bbox 2040 2620 2183 2676; x_wconf 87' lang='lat' dir='ltr'><strong>bona</strong></span> <span class='ocrx_word' id='word_1_428' title='bbox 2215 2616 2368 2693; x_wconf 81' lang='lat' dir='ltr'><strong>(Gen.</strong></span> <span class='ocrx_word' id='word_1_429' title='bbox 2418 2619 2481 2693; x_wconf 86' lang='lat' dir='ltr'><strong>l).</strong></span> <span class='ocrx_word' id='word_1_430' title='bbox 2531 2620 2759 2691; x_wconf 88' lang='lat' dir='ltr'><strong>Tropice</strong></span> <span class='ocrx_word' id='word_1_431' title='bbox 2807 2621 2974 2692; x_wconf 88' lang='lat' dir='ltr'><strong>igitur</strong></span> <span class='ocrx_word' id='word_1_432' title='bbox 3019 2621 3163 2677; x_wconf 88' lang='lat' dir='ltr'><strong>Deus</strong></span> <span class='ocrx_word' id='word_1_433' title='bbox 3206 2622 3411 2679; x_wconf 84' lang='lat' dir='ltr'><strong>dicitur</strong></span> <span class='ocrx_word' id='word_1_434' title='bbox 3449 2623 3638 2679; x_wconf 86' lang='lat' dir='ltr'><strong>facere</strong></span> 
     </span>
    </p>
   </div>
   <div class='ocr_carea' id='block_1_58' title="bbox 2040 2712 3637 2790">
    <p class='ocr_par' dir='ltr' id='par_1_58' title="bbox 2040 2712 3637 2790">
     <span class='ocr_line' id='line_1_58' title="bbox 2040 2712 3637 2790; baseline 0.004 -22"><span class='ocrx_word' id='word_1_435' title='bbox 2040 2712 2207 2780; x_wconf 88' lang='lat' dir='ltr'><strong>mala,</strong></span> <span class='ocrx_word' id='word_1_436' title='bbox 2229 2713 2333 2769; x_wconf 90' lang='lat' dir='ltr'><strong>hoc</strong></span> <span class='ocrx_word' id='word_1_437' title='bbox 2355 2722 2444 2770; x_wconf 87' lang='lat' dir='ltr'><strong>est</strong></span> <span class='ocrx_word' id='word_1_438' title='bbox 2467 2753 2484 2779; x_wconf 94' lang='lat'><strong>,</strong></span> <span class='ocrx_word' id='word_1_439' title='bbox 2525 2714 2752 2771; x_wconf 85' lang='lat' dir='ltr'><strong>adversa</strong></span> <span class='ocrx_word' id='word_1_440' title='bbox 2801 2716 3160 2772; x_wconf 64' lang='lat' dir='ltr'><strong>merentibus</strong></span> <span class='ocrx_word' id='word_1_441' title='bbox 3190 2715 3439 2788; x_wconf 78' lang='lat' dir='ltr'><strong>inﬂigere</strong></span> <span class='ocrx_word' id='word_1_442' title='bbox 3475 2719 3637 2790; x_wconf 80' lang='lat' dir='ltr'><strong>juxta</strong></span> 
     </span>
    </p>
   </div>
   <div class='ocr_carea' id='block_1_59' title="bbox 2041 2801 3640 2879">
    <p class='ocr_par' dir='ltr' id='par_1_59' title="bbox 2041 2801 3640 2879">
     <span class='ocr_line' id='line_1_59' title="bbox 2041 2801 3640 2879; baseline 0.004 -22"><span class='ocrx_word' id='word_1_443' title='bbox 2041 2801 2194 2869; x_wconf 90' lang='lat' dir='ltr'><strong>illud,</strong></span> <span class='ocrx_word' id='word_1_444' title='bbox 2224 2803 2368 2873; x_wconf 91' lang='lat' dir='ltr'><strong>quod</strong></span> <span class='ocrx_word' id='word_1_445' title='bbox 2396 2802 2451 2857; x_wconf 91' lang='lat' dir='ltr'><strong>in</strong></span> <span class='ocrx_word' id='word_1_446' title='bbox 2479 2803 2622 2858; x_wconf 81' lang='lat' dir='ltr'><strong>Isaia</strong></span> <span class='ocrx_word' id='word_1_447' title='bbox 2655 2805 2915 2875; x_wconf 88' lang='lat' dir='ltr'><strong>scriptum</strong></span> <span class='ocrx_word' id='word_1_448' title='bbox 2944 2814 3065 2861; x_wconf 88' lang='lat' dir='ltr'><strong>est:</strong></span> <span class='ocrx_word' id='word_1_449' title='bbox 3102 2825 3121 2857; x_wconf 75' lang='grc' dir='ltr'><strong>ι</strong></span> <span class='ocrx_word' id='word_1_450' title='bbox 3150 2806 3266 2879; x_wconf 82' lang='lat' dir='ltr'><strong>Ego</strong></span> <span class='ocrx_word' id='word_1_451' title='bbox 3286 2808 3555 2863; x_wconf 85' lang='lat' dir='ltr'><strong>Doiuus</strong></span> <span class='ocrx_word' id='word_1_452' title='bbox 3581 2817 3640 2863; x_wconf 86' lang='lat' dir='ltr'><strong>et</strong></span> 
     </span>
    </p>
   </div>
   <div class='ocr_carea' id='block_1_60' title="bbox 2041 2892 3634 2963">
    <p class='ocr_par' dir='ltr' id='par_1_60' title="bbox 2041 2892 3634 2963">
     <span class='ocr_line' id='line_1_60' title="bbox 2041 2892 3634 2963; baseline 0.004 -15"><span class='ocrx_word' id='word_1_453' title='bbox 2041 2908 2148 2948; x_wconf 90' lang='lat' dir='ltr'><strong>non</strong></span> <span class='ocrx_word' id='word_1_454' title='bbox 2170 2901 2256 2950; x_wconf 89' lang='lat' dir='ltr'><strong>est</strong></span> <span class='ocrx_word' id='word_1_455' title='bbox 2278 2892 2417 2949; x_wconf 89' lang='lat' dir='ltr'><strong>alter</strong></span> <span class='ocrx_word' id='word_1_456' title='bbox 2443 2911 2458 2948; x_wconf 90' lang='lat'><strong>:</strong></span> <span class='ocrx_word' id='word_1_457' title='bbox 2483 2892 2727 2950; x_wconf 81' lang='lat' dir='ltr'><strong>formans</strong></span> <span class='ocrx_word' id='word_1_458' title='bbox 2749 2894 2927 2950; x_wconf 85' lang='lat' dir='ltr'><strong>lucem</strong></span> <span class='ocrx_word' id='word_1_459' title='bbox 2950 2935 2966 2961; x_wconf 92' lang='lat'><strong>,</strong></span> <span class='ocrx_word' id='word_1_460' title='bbox 2996 2905 3054 2952; x_wconf 90' lang='lat' dir='ltr'><strong>et</strong></span> <span class='ocrx_word' id='word_1_461' title='bbox 3095 2911 3291 2952; x_wconf 88' lang='lat' dir='ltr'><strong>creans</strong></span> <span class='ocrx_word' id='word_1_462' title='bbox 3330 2898 3634 2963; x_wconf 79' lang='lat' dir='ltr'><strong>tenebras;</strong></span> 
     </span>
    </p>
   </div>
   <div class='ocr_carea' id='block_1_61' title="bbox 2041 2982 3640 3058">
    <p class='ocr_par' dir='ltr' id='par_1_61' title="bbox 2041 2982 3640 3058">
     <span class='ocr_line' id='line_1_61' title="bbox 2041 2982 3640 3058; baseline 0.003 -20"><span class='ocrx_word' id='word_1_463' title='bbox 2041 2982 2249 3039; x_wconf 89' lang='lat' dir='ltr'><strong>faciens</strong></span> <span class='ocrx_word' id='word_1_464' title='bbox 2273 2999 2487 3054; x_wconf 86' lang='lat' dir='ltr'><strong>pacem,</strong></span> <span class='ocrx_word' id='word_1_465' title='bbox 2529 2994 2586 3040; x_wconf 86' lang='lat' dir='ltr'><strong>et</strong></span> <span class='ocrx_word' id='word_1_466' title='bbox 2614 2999 2808 3041; x_wconf 86' lang='lat' dir='ltr'><strong>creans</strong></span> <span class='ocrx_word' id='word_1_467' title='bbox 2845 2986 3046 3041; x_wconf 91' lang='lat' dir='ltr'><strong>malum</strong></span> <span class='ocrx_word' id='word_1_468' title='bbox 3070 3003 3085 3041; x_wconf 89' lang='lat'>:</span> <span class='ocrx_word' id='word_1_469' title='bbox 3115 3001 3223 3058; x_wconf 88' lang='lat' dir='ltr'><strong>ego</strong></span> <span class='ocrx_word' id='word_1_470' title='bbox 3253 2986 3519 3044; x_wconf 82' lang='lat' dir='ltr'><strong>Dominus</strong></span> <span class='ocrx_word' id='word_1_471' title='bbox 3557 2988 3640 3043; x_wconf 84' lang='lat' dir='ltr'><strong>fa-</strong></span> 
     </span>
    </p>
   </div>
   <div class='ocr_carea' id='block_1_62' title="bbox 2042 3072 3641 3151">
    <p class='ocr_par' dir='ltr' id='par_1_62' title="bbox 2042 3072 3641 3151">
     <span class='ocr_line' id='line_1_62' title="bbox 2042 3072 3641 3151; baseline 0.005 -23"><span class='ocrx_word' id='word_1_472' title='bbox 2042 3072 2192 3129; x_wconf 87' lang='lat' dir='ltr'><strong>ciens</strong></span> <span class='ocrx_word' id='word_1_473' title='bbox 2221 3075 2404 3129; x_wconf 91' lang='lat' dir='ltr'><strong>omnia</strong></span> <span class='ocrx_word' id='word_1_474' title='bbox 2432 3075 2571 3151; x_wconf 69' lang='lat' dir='ltr'><strong>hzec.</strong></span> <span class='ocrx_word' id='word_1_475' title='bbox 2597 3075 2732 3146; x_wconf 88' lang='lat' dir='ltr'><strong>Ego,</strong></span> <span class='ocrx_word' id='word_1_476' title='bbox 2755 3076 2864 3143; x_wconf 89' lang='lat' dir='ltr'><strong>ait,</strong></span> <span class='ocrx_word' id='word_1_477' title='bbox 2897 3076 3158 3135; x_wconf 83' lang='lat' dir='ltr'><strong>Dominus</strong></span> <span class='ocrx_word' id='word_1_478' title='bbox 3183 3088 3240 3134; x_wconf 91' lang='lat' dir='ltr'><strong>et</strong></span> <span class='ocrx_word' id='word_1_479' title='bbox 3265 3095 3374 3136; x_wconf 84' lang='lat' dir='ltr'><strong>non</strong></span> <span class='ocrx_word' id='word_1_480' title='bbox 3401 3080 3641 3151; x_wconf 80' lang='lat' dir='ltr'><strong>amplius</strong></span> 
     </span>
    </p>
   </div>
   <div class='ocr_carea' id='block_1_63' title="bbox 357 3147 3640 3249">
    <p class='ocr_par' dir='ltr' id='par_1_63' title="bbox 357 3147 3640 3249">
     <span class='ocr_line' id='line_1_63' title="bbox 357 3147 3640 3249; baseline -0 -24"><span class='ocrx_word' id='word_1_481' title='bbox 357 3147 588 3225; x_wconf 80' lang='lat' dir='ltr'><strong>tholicos</strong></span> <span class='ocrx_word' id='word_1_482' title='bbox 623 3169 907 3224; x_wconf 90' lang='lat' dir='ltr'><strong>irrisiones</strong></span> <span class='ocrx_word' id='word_1_483' title='bbox 934 3166 1236 3239; x_wconf 89' lang='lat' dir='ltr'><strong>proferunt,</strong></span> <span class='ocrx_word' id='word_1_484' title='bbox 1264 3177 1426 3239; x_wconf 88' lang='lat' dir='ltr'><strong>atque</strong></span> <span class='ocrx_word' id='word_1_485' title='bbox 1455 3168 1631 3249; x_wconf 49' lang='lat' dir='ltr'><strong>ab.eis</strong></span> <span class='ocrx_word' id='word_1_486' title='bbox 1662 3168 1810 3223; x_wconf 91' lang='lat' dir='ltr'><strong>illum</strong></span> <span class='ocrx_word' id='word_1_487' title='bbox 1832 3183 1940 3223; x_wconf 91' lang='lat' dir='ltr'><strong>non</strong></span> <span class='ocrx_word' id='word_1_488' title='bbox 1967 3153 2012 3216; x_wconf 86' lang='lat' dir='ltr'><strong>C</strong></span> <span class='ocrx_word' id='word_1_489' title='bbox 2042 3171 2197 3220; x_wconf 79' lang='lat' dir='ltr'><strong>extra</strong></span> <span class='ocrx_word' id='word_1_490' title='bbox 2239 3180 2347 3221; x_wconf 89' lang='lat' dir='ltr'><strong>me.</strong></span> <span class='ocrx_word' id='word_1_491' title='bbox 2384 3185 2404 3218; x_wconf 74' lang='grc' dir='ltr'><strong>ι</strong></span> <span class='ocrx_word' id='word_1_492' title='bbox 2433 3147 2639 3222; x_wconf 65' lang='lat' dir='ltr'><strong>Praeter</strong></span> <span class='ocrx_word' id='word_1_493' title='bbox 2683 3182 2992 3225; x_wconf 87' lang='lat' dir='ltr'><strong>sermonem</strong></span> <span class='ocrx_word' id='word_1_494' title='bbox 3021 3169 3219 3241; x_wconf 86' lang='lat' dir='ltr'><strong>quippe</strong></span> <span class='ocrx_word' id='word_1_495' title='bbox 3266 3180 3433 3242; x_wconf 81' lang='lat' dir='ltr'><strong>atque</strong></span> <span class='ocrx_word' id='word_1_496' title='bbox 3467 3147 3640 3228; x_wconf 72' lang='lat' dir='ltr'><strong>ratio-</strong></span> 
     </span>
    </p>
   </div>
   <div class='ocr_carea' id='block_1_64' title="bbox 359 3259 3641 3333">
    <p class='ocr_par' dir='ltr' id='par_1_64' title="bbox 359 3259 3641 3333">
     <span class='ocr_line' id='line_1_64' title="bbox 359 3259 3641 3333; baseline 0.002 -16"><span class='ocrx_word' id='word_1_497' title='bbox 359 3262 553 3317; x_wconf 89' lang='lat' dir='ltr'><strong>timere</strong></span> <span class='ocrx_word' id='word_1_498' title='bbox 597 3262 973 3331; x_wconf 89' lang='lat' dir='ltr'><strong>suspicantur,</strong></span> <span class='ocrx_word' id='word_1_499' title='bbox 1018 3276 1181 3331; x_wconf 89' lang='lat' dir='ltr'><strong>quem</strong></span> <span class='ocrx_word' id='word_1_500' title='bbox 1217 3261 1401 3317; x_wconf 89' lang='lat' dir='ltr'><strong>videre</strong></span> <span class='ocrx_word' id='word_1_501' title='bbox 1446 3261 1806 3332; x_wconf 88' lang='lat' dir='ltr'><strong>corporaliter</strong></span> <span class='ocrx_word' id='word_1_502' title='bbox 1846 3276 1943 3317; x_wconf 85' lang='lat' dir='ltr'><strong>ne-</strong></span> <span class='ocrx_word' id='word_1_503' title='bbox 2044 3273 2168 3313; x_wconf 89' lang='lat' dir='ltr'><strong>nem</strong></span> <span class='ocrx_word' id='word_1_504' title='bbox 2196 3259 2564 3329; x_wconf 90' lang='lat' dir='ltr'><strong>virtutemque</strong></span> <span class='ocrx_word' id='word_1_505' title='bbox 2609 3274 2786 3314; x_wconf 87' lang='lat' dir='ltr'><strong>meam</strong></span> <span class='ocrx_word' id='word_1_506' title='bbox 2814 3300 2831 3325; x_wconf 92' lang='lat'><strong>,</strong></span> <span class='ocrx_word' id='word_1_507' title='bbox 2859 3268 2916 3315; x_wconf 90' lang='lat' dir='ltr'><strong>et</strong></span> <span class='ocrx_word' id='word_1_508' title='bbox 2943 3261 3264 3331; x_wconf 85' lang='lat' dir='ltr'><strong>sapientiam</strong></span> <span class='ocrx_word' id='word_1_509' title='bbox 3294 3277 3417 3333; x_wconf 64' lang='lat' dir='ltr'><strong>qua</strong></span> <span class='ocrx_word' id='word_1_510' title='bbox 3449 3264 3505 3319; x_wconf 92' lang='lat' dir='ltr'><strong>in</strong></span> <span class='ocrx_word' id='word_1_511' title='bbox 3550 3282 3641 3323; x_wconf 83' lang='lat' dir='ltr'><strong>me</strong></span> 
     </span>
    </p>
   </div>
   <div class='ocr_carea' id='block_1_65' title="bbox 359 3347 3639 3425">
    <p class='ocr_par' dir='ltr' id='par_1_65' title="bbox 359 3347 3639 3425">
     <span class='ocr_line' id='line_1_65' title="bbox 359 3347 3639 3425; baseline 0.002 -17"><span class='ocrx_word' id='word_1_512' title='bbox 359 3361 563 3425; x_wconf 89' lang='lat' dir='ltr'><strong>queunt</strong></span> <span class='ocrx_word' id='word_1_513' title='bbox 612 3371 624 3405; x_wconf 87' lang='lat'><strong>:</strong></span> <span class='ocrx_word' id='word_1_514' title='bbox 669 3359 725 3407; x_wconf 92' lang='lat' dir='ltr'><strong>et</strong></span> <span class='ocrx_word' id='word_1_515' title='bbox 768 3351 923 3421; x_wconf 89' lang='lat' dir='ltr'><strong>quasi</strong></span> <span class='ocrx_word' id='word_1_516' title='bbox 965 3365 1064 3423; x_wconf 88' lang='lat' dir='ltr'><strong>per</strong></span> <span class='ocrx_word' id='word_1_517' title='bbox 1111 3360 1385 3422; x_wconf 86' lang='lat' dir='ltr'><strong>torporem</strong></span> <span class='ocrx_word' id='word_1_518' title='bbox 1434 3367 1625 3409; x_wconf 85' lang='lat' dir='ltr'><strong>sensus</strong></span> <span class='ocrx_word' id='word_1_519' title='bbox 1667 3360 1943 3409; x_wconf 89' lang='lat' dir='ltr'><strong>auctorem</strong></span> <span class='ocrx_word' id='word_1_520' title='bbox 2040 3358 2129 3406; x_wconf 86' lang='lat' dir='ltr'><strong>est</strong></span> <span class='ocrx_word' id='word_1_521' title='bbox 2159 3368 2173 3405; x_wconf 91' lang='lat'><strong>:</strong></span> <span class='ocrx_word' id='word_1_522' title='bbox 2204 3347 2393 3405; x_wconf 84' lang='lat' dir='ltr'><strong>Nullus</strong></span> <span class='ocrx_word' id='word_1_523' title='bbox 2416 3358 2502 3406; x_wconf 90' lang='lat' dir='ltr'><strong>est</strong></span> <span class='ocrx_word' id='word_1_524' title='bbox 2532 3349 2835 3406; x_wconf 86' lang='lat' dir='ltr'><strong>alterDeus</strong></span> <span class='ocrx_word' id='word_1_525' title='bbox 2859 3360 2916 3407; x_wconf 91' lang='lat' dir='ltr'><strong>et</strong></span> <span class='ocrx_word' id='word_1_526' title='bbox 2941 3351 3205 3419; x_wconf 72' lang='lat' dir='ltr'><strong>hacheci,</strong></span> <span class='ocrx_word' id='word_1_527' title='bbox 3234 3362 3292 3408; x_wconf 91' lang='lat' dir='ltr'><strong>ut</strong></span> <span class='ocrx_word' id='word_1_528' title='bbox 3309 3354 3383 3409; x_wconf 91' lang='lat' dir='ltr'><strong>ab</strong></span> <span class='ocrx_word' id='word_1_529' title='bbox 3420 3357 3639 3413; x_wconf 81' lang='lat' dir='ltr'><strong>oriente</strong></span> 
     </span>
    </p>
   </div>
   <div class='ocr_carea' id='block_1_66' title="bbox 359 3438 3639 3515">
    <p class='ocr_par' dir='ltr' id='par_1_66' title="bbox 359 3438 3639 3515">
     <span class='ocr_line' id='line_1_66' title="bbox 359 3438 3639 3515; baseline 0.001 -16"><span class='ocrx_word' id='word_1_530' title='bbox 359 3458 517 3499; x_wconf 88' lang='lat' dir='ltr'><strong>suum</strong></span> <span class='ocrx_word' id='word_1_531' title='bbox 557 3441 906 3509; x_wconf 70' lang='lat' dir='ltr'><strong>existiment,</strong></span> <span class='ocrx_word' id='word_1_532' title='bbox 931 3442 1056 3512; x_wconf 92' lang='lat' dir='ltr'><strong>quia</strong></span> <span class='ocrx_word' id='word_1_533' title='bbox 1090 3441 1355 3498; x_wconf 77' lang='lat' dir='ltr'><strong>excelsior</strong></span> <span class='ocrx_word' id='word_1_534' title='bbox 1395 3441 1538 3499; x_wconf 69' lang='lat' dir='ltr'><strong>caalo</strong></span> <span class='ocrx_word' id='word_1_535' title='bbox 1561 3451 1673 3511; x_wconf 89' lang='lat' dir='ltr'><strong>est,</strong></span> <span class='ocrx_word' id='word_1_536' title='bbox 1697 3450 1754 3498; x_wconf 90' lang='lat' dir='ltr'><strong>et</strong></span> <span class='ocrx_word' id='word_1_537' title='bbox 1780 3458 1944 3514; x_wconf 89' lang='lat' dir='ltr'><strong>super</strong></span> <span class='ocrx_word' id='word_1_538' title='bbox 2042 3447 2100 3495; x_wconf 88' lang='lat' dir='ltr'><strong>et</strong></span> <span class='ocrx_word' id='word_1_539' title='bbox 2132 3438 2412 3494; x_wconf 89' lang='lat' dir='ltr'><strong>occidente</strong></span> <span class='ocrx_word' id='word_1_540' title='bbox 2454 3439 2632 3495; x_wconf 91' lang='lat' dir='ltr'><strong>omnis</strong></span> <span class='ocrx_word' id='word_1_541' title='bbox 2659 3441 2809 3496; x_wconf 88' lang='lat' dir='ltr'><strong>orbis</strong></span> <span class='ocrx_word' id='word_1_542' title='bbox 2833 3450 3115 3512; x_wconf 87' lang='lat' dir='ltr'><strong>agnoscat,</strong></span> <span class='ocrx_word' id='word_1_543' title='bbox 3174 3443 3489 3515; x_wconf 86' lang='lat' dir='ltr'><strong>nullumque</strong></span> <span class='ocrx_word' id='word_1_544' title='bbox 3515 3462 3639 3502; x_wconf 82' lang='lat' dir='ltr'><strong>esse</strong></span> 
     </span>
    </p>
   </div>
   <div class='ocr_carea' id='block_1_67' title="bbox 361 3527 3637 3604">
    <p class='ocr_par' dir='ltr' id='par_1_67' title="bbox 361 3527 3637 3604">
     <span class='ocr_line' id='line_1_67' title="bbox 361 3527 3637 3604; baseline 0.002 -17"><span class='ocrx_word' id='word_1_545' title='bbox 361 3531 641 3587; x_wconf 89' lang='lat' dir='ltr'><strong>stellarum</strong></span> <span class='ocrx_word' id='word_1_546' title='bbox 673 3531 905 3585; x_wconf 83' lang='lat' dir='ltr'><strong>vertices</strong></span> <span class='ocrx_word' id='word_1_547' title='bbox 941 3530 1292 3599; x_wconf 88' lang='lat' dir='ltr'><strong>sublimatus,</strong></span> <span class='ocrx_word' id='word_1_548' title='bbox 1340 3547 1410 3588; x_wconf 78' lang='lat' dir='ltr'><strong>ex</strong></span> <span class='ocrx_word' id='word_1_549' title='bbox 1439 3531 1732 3604; x_wconf 89' lang='lat' dir='ltr'><strong>longinquo</strong></span> <span class='ocrx_word' id='word_1_550' title='bbox 1758 3534 1941 3589; x_wconf 85' lang='lat' dir='ltr'><strong>videre</strong></span> <span class='ocrx_word' id='word_1_551' title='bbox 2044 3527 2208 3585; x_wconf 85' lang='lat' dir='ltr'><strong>alium</strong></span> <span class='ocrx_word' id='word_1_552' title='bbox 2250 3529 2455 3601; x_wconf 83' lang='lat' dir='ltr'><strong>absque</strong></span> <span class='ocrx_word' id='word_1_553' title='bbox 2498 3545 2585 3585; x_wconf 91' lang='lat' dir='ltr'><strong>me</strong></span> <span class='ocrx_word' id='word_1_554' title='bbox 2612 3530 2785 3586; x_wconf 91' lang='lat' dir='ltr'><strong>Deum</strong></span> <span class='ocrx_word' id='word_1_555' title='bbox 2827 3550 2841 3586; x_wconf 90' lang='lat'>:</span> <span class='ocrx_word' id='word_1_556' title='bbox 2876 3551 2895 3583; x_wconf 79' lang='grc' dir='ltr'><strong>ι</strong></span> <span class='ocrx_word' id='word_1_557' title='bbox 2931 3532 3043 3603; x_wconf 86' lang='lat' dir='ltr'><strong>Ego</strong></span> <span class='ocrx_word' id='word_1_558' title='bbox 3091 3533 3383 3600; x_wconf 88' lang='lat' dir='ltr'><strong>Dominus,</strong></span> <span class='ocrx_word' id='word_1_559' title='bbox 3424 3547 3488 3592; x_wconf 92' lang='lat' dir='ltr'><strong>et</strong></span> <span class='ocrx_word' id='word_1_560' title='bbox 3524 3553 3637 3593; x_wconf 80' lang='lat' dir='ltr'><strong>non</strong></span> 
     </span>
    </p>
   </div>
   <div class='ocr_carea' id='block_1_68' title="bbox 360 3620 3634 3694">
    <p class='ocr_par' dir='ltr' id='par_1_68' title="bbox 360 3620 3634 3694">
     <span class='ocr_line' id='line_1_68' title="bbox 360 3620 3634 3694; baseline 0.002 -16"><span class='ocrx_word' id='word_1_561' title='bbox 360 3638 469 3678; x_wconf 88' lang='lat' dir='ltr'><strong>non</strong></span> <span class='ocrx_word' id='word_1_562' title='bbox 513 3635 702 3692; x_wconf 87' lang='lat' dir='ltr'><strong>posse;</strong></span> <span class='ocrx_word' id='word_1_563' title='bbox 753 3631 811 3676; x_wconf 89' lang='lat' dir='ltr'><strong>et</strong></span> <span class='ocrx_word' id='word_1_564' title='bbox 858 3622 983 3692; x_wconf 88' lang='lat' dir='ltr'><strong>quia</strong></span> <span class='ocrx_word' id='word_1_565' title='bbox 1032 3622 1177 3678; x_wconf 90' lang='lat' dir='ltr'><strong>inter</strong></span> <span class='ocrx_word' id='word_1_566' title='bbox 1221 3637 1322 3679; x_wconf 90' lang='lat' dir='ltr'><strong>nos</strong></span> <span class='ocrx_word' id='word_1_567' title='bbox 1355 3632 1413 3679; x_wconf 91' lang='lat' dir='ltr'><strong>et</strong></span> <span class='ocrx_word' id='word_1_568' title='bbox 1453 3623 1728 3681; x_wconf 76' lang='lat' dir='ltr'><strong>ccclestem</strong></span> <span class='ocrx_word' id='word_1_569' title='bbox 1760 3625 1943 3681; x_wconf 86' lang='lat' dir='ltr'><strong>sedem</strong></span> <span class='ocrx_word' id='word_1_570' title='bbox 2042 3629 2129 3678; x_wconf 88' lang='lat' dir='ltr'><strong>est</strong></span> <span class='ocrx_word' id='word_1_571' title='bbox 2156 3620 2312 3677; x_wconf 90' lang='lat' dir='ltr'><strong>alter.</strong></span> <span class='ocrx_word' id='word_1_572' title='bbox 2356 3642 2375 3675; x_wconf 75' lang='grc' dir='ltr'><strong>ι</strong></span> <span class='ocrx_word' id='word_1_573' title='bbox 2407 3621 2570 3678; x_wconf 86' lang='lat' dir='ltr'><strong>Pater</strong></span> <span class='ocrx_word' id='word_1_574' title='bbox 2605 3624 2749 3679; x_wconf 87' lang='lat' dir='ltr'><strong>enim</strong></span> <span class='ocrx_word' id='word_1_575' title='bbox 2780 3625 2832 3679; x_wconf 90' lang='lat' dir='ltr'><strong>in</strong></span> <span class='ocrx_word' id='word_1_576' title='bbox 2868 3624 3026 3691; x_wconf 86' lang='lat' dir='ltr'><strong>Filio,</strong></span> <span class='ocrx_word' id='word_1_577' title='bbox 3056 3634 3114 3681; x_wconf 88' lang='lat' dir='ltr'><strong>et</strong></span> <span class='ocrx_word' id='word_1_578' title='bbox 3139 3626 3308 3683; x_wconf 83' lang='lat' dir='ltr'><strong>Filius</strong></span> <span class='ocrx_word' id='word_1_579' title='bbox 3348 3629 3403 3683; x_wconf 91' lang='lat' dir='ltr'><strong>in</strong></span> <span class='ocrx_word' id='word_1_580' title='bbox 3434 3630 3599 3686; x_wconf 85' lang='lat' dir='ltr'><strong>Patre</strong></span> <span class='ocrx_word' id='word_1_581' title='bbox 3620 3671 3634 3694; x_wconf 88' lang='lat'><em>.</em></span> 
     </span>
    </p>
   </div>
   <div class='ocr_carea' id='block_1_69' title="bbox 350 3710 1946 3785">
    <p class='ocr_par' dir='ltr' id='par_1_69' title="bbox 350 3710 1946 3785">
     <span class='ocr_line' id='line_1_69' title="bbox 350 3710 1946 3785; baseline 0.001 -18"><span class='ocrx_word' id='word_1_582' title='bbox 350 3721 551 3784; x_wconf 68' lang='lat' dir='ltr'><strong>partes</strong></span> <span class='ocrx_word' id='word_1_583' title='bbox 599 3711 742 3767; x_wconf 88' lang='lat' dir='ltr'><strong>aeris</strong></span> <span class='ocrx_word' id='word_1_584' title='bbox 791 3710 1097 3780; x_wconf 87' lang='lat' dir='ltr'><strong>intersunt,</strong></span> <span class='ocrx_word' id='word_1_585' title='bbox 1149 3713 1304 3783; x_wconf 91' lang='lat' dir='ltr'><strong>quasi</strong></span> <span class='ocrx_word' id='word_1_586' title='bbox 1341 3714 1394 3769; x_wconf 91' lang='lat' dir='ltr'><strong>in</strong></span> <span class='ocrx_word' id='word_1_587' title='bbox 1433 3715 1575 3771; x_wconf 89' lang='lat' dir='ltr'><strong>nube</strong></span> <span class='ocrx_word' id='word_1_588' title='bbox 1618 3715 1794 3771; x_wconf 87' lang='lat' dir='ltr'><strong>latens</strong></span> <span class='ocrx_word' id='word_1_589' title='bbox 1847 3730 1946 3785; x_wconf 92' lang='lat' dir='ltr'><strong>per</strong></span> 
     </span>
    </p>
   </div>
   <div class='ocr_carea' id='block_1_70' title="bbox 361 3802 1945 3877">
    <p class='ocr_par' dir='ltr' id='par_1_70' title="bbox 361 3802 1945 3877">
     <span class='ocr_line' id='line_1_70' title="bbox 361 3802 1945 3877; baseline 0.003 -18"><span class='ocrx_word' id='word_1_590' title='bbox 361 3804 651 3877; x_wconf 82' lang='lat' dir='ltr'><strong>caliginem</strong></span> <span class='ocrx_word' id='word_1_591' title='bbox 693 3802 936 3873; x_wconf 87' lang='lat' dir='ltr'><strong>judicet,</strong></span> <span class='ocrx_word' id='word_1_592' title='bbox 975 3815 1032 3861; x_wconf 91' lang='lat' dir='ltr'><strong>et</strong></span> <span class='ocrx_word' id='word_1_593' title='bbox 1064 3806 1432 3877; x_wconf 89' lang='lat' dir='ltr'><strong>superioribus</strong></span> <span class='ocrx_word' id='word_1_594' title='bbox 1477 3807 1716 3863; x_wconf 91' lang='lat' dir='ltr'><strong>intentus</strong></span> <span class='ocrx_word' id='word_1_595' title='bbox 1766 3808 1945 3863; x_wconf 89' lang='lat' dir='ltr'><strong>minus</strong></span> 
     </span>
    </p>
   </div>
   <div class='ocr_carea' id='block_1_71' title="bbox 338 3896 1947 3979">
    <p class='ocr_par' dir='ltr' id='par_1_71' title="bbox 338 3896 1947 3979">
     <span class='ocr_line' id='line_1_71' title="bbox 338 3896 1947 3979; baseline 0.002 -28"><span class='ocrx_word' id='word_1_596' title='bbox 338 3897 826 3968; x_wconf 27' lang='lat' dir='ltr'><strong>«imaipcrpendat;</strong></span> <span class='ocrx_word' id='word_1_597' title='bbox 849 3904 907 3952; x_wconf 89' lang='lat' dir='ltr'><strong>et</strong></span> <span class='ocrx_word' id='word_1_598' title='bbox 931 3896 1058 3952; x_wconf 87' lang='lat' dir='ltr'><strong>dum</strong></span> <span class='ocrx_word' id='word_1_599' title='bbox 1086 3897 1208 3954; x_wconf 74' lang='lat' dir='ltr'><strong>cmli</strong></span> <span class='ocrx_word' id='word_1_600' title='bbox 1235 3899 1482 3955; x_wconf 91' lang='lat' dir='ltr'><strong>cardines</strong></span> <span class='ocrx_word' id='word_1_601' title='bbox 1510 3900 1797 3956; x_wconf 87' lang='lat' dir='ltr'><strong>ambiendo</strong></span> <span class='ocrx_word' id='word_1_602' title='bbox 1818 3916 1947 3979; x_wconf 77' lang='lat' dir='ltr'><strong>con-</strong></span> 
     </span>
    </p>
   </div>
   <div class='ocr_carea' id='block_1_72' title="bbox 365 3988 1947 4061">
    <p class='ocr_par' dir='ltr' id='par_1_72' title="bbox 365 3988 1947 4061">
     <span class='ocr_line' id='line_1_72' title="bbox 365 3988 1947 4061; baseline 0.001 -14"><span class='ocrx_word' id='word_1_603' title='bbox 365 3988 605 4060; x_wconf 82' lang='lat' dir='ltr'><strong>stringit,</strong></span> <span class='ocrx_word' id='word_1_604' title='bbox 629 3989 888 4044; x_wconf 88' lang='lat' dir='ltr'><strong>interiora</strong></span> <span class='ocrx_word' id='word_1_605' title='bbox 916 4004 1022 4045; x_wconf 93' lang='lat' dir='ltr'><strong>non</strong></span> <span class='ocrx_word' id='word_1_606' title='bbox 1060 3989 1261 4046; x_wconf 87' lang='lat' dir='ltr'><strong>videat.</strong></span> <span class='ocrx_word' id='word_1_607' title='bbox 1303 3990 1409 4048; x_wconf 89' lang='lat' dir='ltr'><strong>Sed</strong></span> <span class='ocrx_word' id='word_1_608' title='bbox 1437 3991 1561 4061; x_wconf 86' lang='lat' dir='ltr'><strong>quis</strong></span> <span class='ocrx_word' id='word_1_609' title='bbox 1598 3992 1665 4046; x_wconf 92' lang='lat' dir='ltr'><strong>de</strong></span> <span class='ocrx_word' id='word_1_610' title='bbox 1698 3990 1810 4047; x_wconf 88' lang='lat' dir='ltr'><strong>Deo</strong></span> <span class='ocrx_word' id='word_1_611' title='bbox 1841 3992 1947 4048; x_wconf 90' lang='lat' dir='ltr'><strong>ista</strong></span> 
     </span>
    </p>
   </div>
   <div class='ocr_carea' id='block_1_73' title="bbox 334 4078 1948 4151">
    <p class='ocr_par' dir='ltr' id='par_1_73' title="bbox 334 4078 1948 4151">
     <span class='ocr_line' id='line_1_73' title="bbox 334 4078 1948 4151; baseline 0.002 -18"><span class='ocrx_word' id='word_1_612' title='bbox 334 4078 451 4134; x_wconf 74' lang='lat' dir='ltr'><strong>vel</strong></span> <span class='ocrx_word' id='word_1_613' title='bbox 508 4078 779 4150; x_wconf 87' lang='lat' dir='ltr'><strong>desipiens</strong></span> <span class='ocrx_word' id='word_1_614' title='bbox 826 4080 1187 4150; x_wconf 84' lang='lat' dir='ltr'><strong>suspicetur,</strong></span> <span class='ocrx_word' id='word_1_615' title='bbox 1241 4081 1332 4151; x_wconf 88' lang='lat' dir='ltr'><strong>qui</strong></span> <span class='ocrx_word' id='word_1_616' title='bbox 1384 4081 1640 4136; x_wconf 88' lang='lat' dir='ltr'><strong>nimirum</strong></span> <span class='ocrx_word' id='word_1_617' title='bbox 1702 4097 1823 4137; x_wconf 92' lang='lat' dir='ltr'><strong>cum</strong></span> <span class='ocrx_word' id='word_1_618' title='bbox 1875 4082 1948 4137; x_wconf 90' lang='lat' dir='ltr'><strong>sit</strong></span> 
     </span>
    </p>
   </div>
   <div class='ocr_carea' id='block_1_74' title="bbox 334 4169 1946 4239">
    <p class='ocr_par' dir='ltr' id='par_1_74' title="bbox 334 4169 1946 4239">
     <span class='ocr_line' id='line_1_74' title="bbox 334 4169 1946 4239; baseline 0.002 -16"><span class='ocrx_word' id='word_1_619' title='bbox 334 4182 581 4238; x_wconf 17' lang='lat' dir='ltr'><strong>i-semper</strong></span> <span class='ocrx_word' id='word_1_620' title='bbox 627 4169 988 4239; x_wconf 89' lang='lat' dir='ltr'><strong>omnipotens,</strong></span> <span class='ocrx_word' id='word_1_621' title='bbox 1031 4171 1106 4225; x_wconf 91' lang='lat' dir='ltr'><strong>sic</strong></span> <span class='ocrx_word' id='word_1_622' title='bbox 1136 4171 1365 4225; x_wconf 81' lang='lat' dir='ltr'><strong>intendit</strong></span> <span class='ocrx_word' id='word_1_623' title='bbox 1407 4171 1658 4227; x_wconf 86' lang='lat' dir='ltr'><strong>omnibus</strong></span> <span class='ocrx_word' id='word_1_624' title='bbox 1699 4180 1758 4226; x_wconf 94' lang='lat' dir='ltr'><strong>ut</strong></span> <span class='ocrx_word' id='word_1_625' title='bbox 1805 4172 1946 4228; x_wconf 86' lang='lat' dir='ltr'><strong>adsit</strong></span> 
     </span>
    </p>
   </div>
   <div class='ocr_carea' id='block_1_75' title="bbox 367 4258 1946 4333">
    <p class='ocr_par' dir='ltr' id='par_1_75' title="bbox 367 4258 1946 4333">
     <span class='ocr_line' id='line_1_75' title="bbox 367 4258 1946 4333; baseline 0.003 -18"><span class='ocrx_word' id='word_1_626' title='bbox 367 4258 629 4330; x_wconf 85' lang='lat' dir='ltr'><strong>singulis,</strong></span> <span class='ocrx_word' id='word_1_627' title='bbox 690 4260 771 4315; x_wconf 89' lang='lat' dir='ltr'><strong>sic</strong></span> <span class='ocrx_word' id='word_1_628' title='bbox 810 4260 965 4315; x_wconf 91' lang='lat' dir='ltr'><strong>adest</strong></span> <span class='ocrx_word' id='word_1_629' title='bbox 1005 4260 1266 4333; x_wconf 88' lang='lat' dir='ltr'><strong>singulis,</strong></span> <span class='ocrx_word' id='word_1_630' title='bbox 1324 4269 1385 4316; x_wconf 92' lang='lat' dir='ltr'><strong>ut</strong></span> <span class='ocrx_word' id='word_1_631' title='bbox 1456 4260 1615 4317; x_wconf 88' lang='lat' dir='ltr'><strong>simul</strong></span> <span class='ocrx_word' id='word_1_632' title='bbox 1695 4262 1946 4319; x_wconf 90' lang='lat' dir='ltr'><strong>omnibus</strong></span> 
     </span>
    </p>
   </div>
   <div class='ocr_carea' id='block_1_76' title="bbox 330 4350 1947 4424">
    <p class='ocr_par' dir='ltr' id='par_1_76' title="bbox 330 4350 1947 4424">
     <span class='ocr_line' id='line_1_76' title="bbox 330 4350 1947 4424; baseline 0.007 -24"><span class='ocrx_word' id='word_1_633' title='bbox 330 4365 643 4421; x_wconf 83' lang='lat' dir='ltr'><strong>.nunqttam</strong></span> <span class='ocrx_word' id='word_1_634' title='bbox 691 4351 851 4407; x_wconf 88' lang='lat' dir='ltr'><strong>desit.</strong></span> <span class='ocrx_word' id='word_1_635' title='bbox 899 4350 1035 4406; x_wconf 82' lang='lat' dir='ltr'><strong>Nam</strong></span> <span class='ocrx_word' id='word_1_636' title='bbox 1085 4353 1190 4408; x_wconf 84' lang='lat' dir='ltr'><strong>etsi</strong></span> <span class='ocrx_word' id='word_1_637' title='bbox 1226 4354 1486 4423; x_wconf 86' lang='lat' dir='ltr'><strong>quosdam</strong></span> <span class='ocrx_word' id='word_1_638' title='bbox 1526 4362 1818 4424; x_wconf 86' lang='lat' dir='ltr'><strong>peccantes</strong></span> <span class='ocrx_word' id='word_1_639' title='bbox 1852 4355 1947 4411; x_wconf 91' lang='lat' dir='ltr'><strong>de-</strong></span> 
     </span>
    </p>
   </div>
   <div class='ocr_carea' id='block_1_77' title="bbox 326 4441 1940 4516">
    <p class='ocr_par' dir='ltr' id='par_1_77' title="bbox 326 4441 1940 4516">
     <span class='ocr_line' id='line_1_77' title="bbox 326 4441 1940 4516; baseline 0.003 -19"><span class='ocrx_word' id='word_1_640' title='bbox 326 4469 331 4473; x_wconf 87' lang='lat'><strong><em>-</em></strong></span> <span class='ocrx_word' id='word_1_641' title='bbox 363 4444 507 4497; x_wconf 76' lang='lat' dir='ltr'><strong>serit</strong></span> <span class='ocrx_word' id='word_1_642' title='bbox 530 4482 548 4508; x_wconf 94' lang='lat'><strong>,</strong></span> <span class='ocrx_word' id='word_1_643' title='bbox 570 4441 808 4503; x_wconf 33' lang='lat' dir='ltr'><strong>.‘eisdem</strong></span> <span class='ocrx_word' id='word_1_644' title='bbox 844 4451 1047 4499; x_wconf 48' lang='lat' dir='ltr'><strong>tamen</strong></span> <span class='ocrx_word' id='word_1_645' title='bbox 1090 4444 1231 4513; x_wconf 82' lang='lat' dir='ltr'><strong>ipsis</strong></span> <span class='ocrx_word' id='word_1_646' title='bbox 1266 4445 1437 4501; x_wconf 88' lang='lat' dir='ltr'><strong>.adest</strong></span> <span class='ocrx_word' id='word_1_647' title='bbox 1490 4460 1589 4516; x_wconf 88' lang='lat' dir='ltr'><strong>per</strong></span> <span class='ocrx_word' id='word_1_648' title='bbox 1643 4445 1940 4515; x_wconf 89' lang='lat' dir='ltr'><strong>judicium,</strong></span> 
     </span>
    </p>
   </div>
   <div class='ocr_carea' id='block_1_78' title="bbox 363 4530 1941 4606">
    <p class='ocr_par' dir='ltr' id='par_1_78' title="bbox 363 4530 1941 4606">
     <span class='ocr_line' id='line_1_78' title="bbox 363 4530 1941 4606; baseline 0.006 -21"><span class='ocrx_word' id='word_1_649' title='bbox 363 4530 562 4603; x_wconf 78' lang='lat' dir='ltr'><strong>quibus</strong></span> <span class='ocrx_word' id='word_1_650' title='bbox 613 4532 802 4588; x_wconf 83' lang='lat' dir='ltr'><strong>deesse</strong></span> <span class='ocrx_word' id='word_1_651' title='bbox 833 4535 1082 4589; x_wconf 82' lang='lat' dir='ltr'><strong>cernitur</strong></span> <span class='ocrx_word' id='word_1_652' title='bbox 1132 4549 1229 4605; x_wconf 88' lang='lat' dir='ltr'><strong>per</strong></span> <span class='ocrx_word' id='word_1_653' title='bbox 1264 4533 1657 4606; x_wconf 82' lang='lat' dir='ltr'><strong>adjumentum.</strong></span> <span class='ocrx_word' id='word_1_654' title='bbox 1696 4534 1790 4593; x_wconf 87' lang='lat' dir='ltr'><strong>Sic</strong></span> <span class='ocrx_word' id='word_1_655' title='bbox 1836 4539 1941 4593; x_wconf 89' lang='lat' dir='ltr'><strong>ita-</strong></span> 
     </span>
    </p>
   </div>
   <div class='ocr_carea' id='block_1_79' title="bbox 330 4623 1941 4700">
    <p class='ocr_par' dir='ltr' id='par_1_79' title="bbox 330 4623 1941 4700">
     <span class='ocr_line' id='line_1_79' title="bbox 330 4623 1941 4700; baseline 0.004 -23"><span class='ocrx_word' id='word_1_656' title='bbox 330 4639 474 4693; x_wconf 55' lang='lat' dir='ltr'><strong>.que</strong></span> <span class='ocrx_word' id='word_1_657' title='bbox 539 4623 810 4679; x_wconf 77' lang='lat' dir='ltr'><strong>exteriora</strong></span> <span class='ocrx_word' id='word_1_658' title='bbox 870 4626 1204 4690; x_wconf 86' lang='lat' dir='ltr'><strong>circumdat,</strong></span> <span class='ocrx_word' id='word_1_659' title='bbox 1257 4637 1318 4682; x_wconf 94' lang='lat' dir='ltr'><strong>ut</strong></span> <span class='ocrx_word' id='word_1_660' title='bbox 1369 4628 1629 4685; x_wconf 89' lang='lat' dir='ltr'><strong>interiora</strong></span> <span class='ocrx_word' id='word_1_661' title='bbox 1668 4629 1941 4700; x_wconf 80' lang='lat' dir='ltr'><strong>impleat:</strong></span> 
     </span>
    </p>
   </div>
   <div class='ocr_carea' id='block_1_80' title="bbox 364 4716 1948 4787">
    <p class='ocr_par' dir='ltr' id='par_1_80' title="bbox 364 4716 1948 4787">
     <span class='ocr_line' id='line_1_80' title="bbox 364 4716 1948 4787; baseline 0.003 -15"><span class='ocrx_word' id='word_1_662' title='bbox 364 4719 446 4772; x_wconf 88' lang='lat' dir='ltr'><strong>sic</strong></span> <span class='ocrx_word' id='word_1_663' title='bbox 492 4716 752 4772; x_wconf 90' lang='lat' dir='ltr'><strong>interiora</strong></span> <span class='ocrx_word' id='word_1_664' title='bbox 800 4717 1015 4787; x_wconf 89' lang='lat' dir='ltr'><strong>implet,</strong></span> <span class='ocrx_word' id='word_1_665' title='bbox 1069 4726 1129 4773; x_wconf 90' lang='lat' dir='ltr'><strong>ut</strong></span> <span class='ocrx_word' id='word_1_666' title='bbox 1171 4720 1445 4775; x_wconf 83' lang='lat' dir='ltr'><strong>exteriora</strong></span> <span class='ocrx_word' id='word_1_667' title='bbox 1497 4720 1795 4776; x_wconf 83' lang='lat' dir='ltr'><strong>circumdet</strong></span> <span class='ocrx_word' id='word_1_668' title='bbox 1825 4738 1839 4775; x_wconf 88' lang='lat'><strong>:</strong></span> <span class='ocrx_word' id='word_1_669' title='bbox 1867 4720 1948 4777; x_wconf 84' lang='lat' dir='ltr'><strong>sic</strong></span> 
     </span>
    </p>
   </div>
   <div class='ocr_carea' id='block_1_81' title="bbox 360 4807 1946 4880">
    <p class='ocr_par' dir='ltr' id='par_1_81' title="bbox 360 4807 1946 4880">
     <span class='ocr_line' id='line_1_81' title="bbox 360 4807 1946 4880; baseline 0.003 -18"><span class='ocrx_word' id='word_1_670' title='bbox 360 4822 577 4863; x_wconf 88' lang='lat' dir='ltr'><strong>summa</strong></span> <span class='ocrx_word' id='word_1_671' title='bbox 603 4807 740 4879; x_wconf 90' lang='lat' dir='ltr'><strong>regit</strong></span> <span class='ocrx_word' id='word_1_672' title='bbox 768 4816 829 4862; x_wconf 92' lang='lat' dir='ltr'><strong>ut</strong></span> <span class='ocrx_word' id='word_1_673' title='bbox 868 4808 973 4861; x_wconf 89' lang='lat' dir='ltr'><strong>ima</strong></span> <span class='ocrx_word' id='word_1_674' title='bbox 1004 4824 1112 4863; x_wconf 90' lang='lat' dir='ltr'><strong>non</strong></span> <span class='ocrx_word' id='word_1_675' title='bbox 1144 4809 1356 4864; x_wconf 88' lang='lat' dir='ltr'><strong>deserat</strong></span> <span class='ocrx_word' id='word_1_676' title='bbox 1387 4828 1399 4862; x_wconf 94' lang='lat'>:</span> <span class='ocrx_word' id='word_1_677' title='bbox 1430 4810 1509 4866; x_wconf 89' lang='lat' dir='ltr'><strong>sic</strong></span> <span class='ocrx_word' id='word_1_678' title='bbox 1554 4811 1678 4868; x_wconf 90' lang='lat' dir='ltr'><strong>imis</strong></span> <span class='ocrx_word' id='word_1_679' title='bbox 1706 4825 1946 4880; x_wconf 65' lang='lat' dir='ltr'><strong>presens</strong></span> 
     </span>
    </p>
   </div>
   <div class='ocr_carea' id='block_1_82' title="bbox 364 4899 1945 4972">
    <p class='ocr_par' dir='ltr' id='par_1_82' title="bbox 364 4899 1945 4972">
     <span class='ocr_line' id='line_1_82' title="bbox 364 4899 1945 4972; baseline -0.001 -14"><span class='ocrx_word' id='word_1_680' title='bbox 364 4910 480 4968; x_wconf 77' lang='lat' dir='ltr'><strong>est,</strong></span> <span class='ocrx_word' id='word_1_681' title='bbox 512 4911 568 4956; x_wconf 90' lang='lat' dir='ltr'><strong>ut</strong></span> <span class='ocrx_word' id='word_1_682' title='bbox 594 4917 625 4955; x_wconf 87' lang='lat' dir='ltr'><strong>a</strong></span> <span class='ocrx_word' id='word_1_683' title='bbox 654 4899 1024 4972; x_wconf 87' lang='lat' dir='ltr'><strong>superioribus</strong></span> <span class='ocrx_word' id='word_1_684' title='bbox 1052 4916 1156 4955; x_wconf 91' lang='lat' dir='ltr'><strong>non</strong></span> <span class='ocrx_word' id='word_1_685' title='bbox 1193 4902 1408 4957; x_wconf 83' lang='lat' dir='ltr'><strong>recedat</strong></span> <span class='ocrx_word' id='word_1_686' title='bbox 1435 4920 1448 4956; x_wconf 90' lang='lat'>:</span> <span class='ocrx_word' id='word_1_687' title='bbox 1477 4903 1556 4958; x_wconf 91' lang='lat' dir='ltr'><strong>sic</strong></span> <span class='ocrx_word' id='word_1_688' title='bbox 1595 4901 1726 4958; x_wconf 91' lang='lat' dir='ltr'><strong>latet</strong></span> <span class='ocrx_word' id='word_1_689' title='bbox 1757 4903 1817 4959; x_wconf 87' lang='lat' dir='ltr'><strong>in</strong></span> <span class='ocrx_word' id='word_1_690' title='bbox 1847 4916 1945 4958; x_wconf 88' lang='lat' dir='ltr'><strong>sua</strong></span> 
     </span>
    </p>
   </div>
   <div class='ocr_carea' id='block_1_83' title="bbox 361 4994 1943 5066">
    <p class='ocr_par' dir='ltr' id='par_1_83' title="bbox 361 4994 1943 5066">
     <span class='ocr_line' id='line_1_83' title="bbox 361 4994 1943 5066; baseline -0.001 -15"><span class='ocrx_word' id='word_1_691' title='bbox 361 4996 544 5066; x_wconf 87' lang='lat' dir='ltr'><strong>specie</strong></span> <span class='ocrx_word' id='word_1_692' title='bbox 569 5035 584 5061; x_wconf 97' lang='lat'><strong>,</strong></span> <span class='ocrx_word' id='word_1_693' title='bbox 637 5004 697 5049; x_wconf 92' lang='lat' dir='ltr'><strong>ut</strong></span> <span class='ocrx_word' id='word_1_694' title='bbox 744 5006 927 5049; x_wconf 87' lang='lat' dir='ltr'><strong>tamen</strong></span> <span class='ocrx_word' id='word_1_695' title='bbox 973 5002 1330 5066; x_wconf 88' lang='lat' dir='ltr'><strong>cognoscatur</strong></span> <span class='ocrx_word' id='word_1_696' title='bbox 1372 4994 1428 5049; x_wconf 90' lang='lat' dir='ltr'><strong>in</strong></span> <span class='ocrx_word' id='word_1_697' title='bbox 1472 4994 1830 5065; x_wconf 88' lang='lat' dir='ltr'><strong>operatione:</strong></span> <span class='ocrx_word' id='word_1_698' title='bbox 1864 4995 1943 5050; x_wconf 92' lang='lat' dir='ltr'><strong>sic</strong></span> 
     </span>
    </p>
   </div>
   <div class='ocr_carea' id='block_1_84' title="bbox 334 5087 1942 5159">
    <p class='ocr_par' dir='ltr' id='par_1_84' title="bbox 334 5087 1942 5159">
     <span class='ocr_line' id='line_1_84' title="bbox 334 5087 1942 5159; baseline -0.001 -15"><span class='ocrx_word' id='word_1_699' title='bbox 334 5089 709 5159; x_wconf 65' lang='lat' dir='ltr'><strong>«cognoscitur</strong></span> <span class='ocrx_word' id='word_1_700' title='bbox 732 5088 785 5143; x_wconf 90' lang='lat' dir='ltr'><strong>in</strong></span> <span class='ocrx_word' id='word_1_701' title='bbox 813 5102 911 5143; x_wconf 82' lang='lat' dir='ltr'><strong>suo</strong></span> <span class='ocrx_word' id='word_1_702' title='bbox 935 5103 1120 5159; x_wconf 88' lang='lat' dir='ltr'><strong>opere,</strong></span> <span class='ocrx_word' id='word_1_703' title='bbox 1144 5096 1205 5142; x_wconf 94' lang='lat' dir='ltr'><strong>ut</strong></span> <span class='ocrx_word' id='word_1_704' title='bbox 1228 5097 1404 5143; x_wconf 89' lang='lat' dir='ltr'><strong>tamen</strong></span> <span class='ocrx_word' id='word_1_705' title='bbox 1428 5087 1811 5157; x_wconf 89' lang='lat' dir='ltr'><strong>coprehendi</strong></span> <span class='ocrx_word' id='word_1_706' title='bbox 1836 5104 1942 5143; x_wconf 89' lang='lat' dir='ltr'><strong>non</strong></span> 
     </span>
    </p>
   </div>
   <div class='ocr_carea' id='block_1_85' title="bbox 363 5181 1942 5254">
    <p class='ocr_par' dir='ltr' id='par_1_85' title="bbox 363 5181 1942 5254">
     <span class='ocr_line' id='line_1_85' title="bbox 363 5181 1942 5254; baseline -0.001 -18"><span class='ocrx_word' id='word_1_707' title='bbox 363 5182 540 5236; x_wconf 74' lang='lat' dir='ltr'><strong>valeat</strong></span> <span class='ocrx_word' id='word_1_708' title='bbox 566 5182 910 5254; x_wconf 82' lang='lat' dir='ltr'><strong>agnoscentis</strong></span> <span class='ocrx_word' id='word_1_709' title='bbox 936 5183 1295 5238; x_wconf 73' lang='lat' dir='ltr'><strong>testimatione</strong></span> <span class='ocrx_word' id='word_1_710' title='bbox 1323 5196 1338 5235; x_wconf 91' lang='lat'><strong>:</strong></span> <span class='ocrx_word' id='word_1_711' title='bbox 1369 5182 1449 5238; x_wconf 91' lang='lat' dir='ltr'><strong>sic</strong></span> <span class='ocrx_word' id='word_1_712' title='bbox 1480 5182 1655 5247; x_wconf 87' lang='lat' dir='ltr'><strong>adest,</strong></span> <span class='ocrx_word' id='word_1_713' title='bbox 1683 5190 1745 5236; x_wconf 91' lang='lat' dir='ltr'><strong>ut</strong></span> <span class='ocrx_word' id='word_1_714' title='bbox 1773 5181 1942 5236; x_wconf 87' lang='lat' dir='ltr'><strong>videri</strong></span> 
     </span>
    </p>
   </div>
   <div class='ocr_carea' id='block_1_86' title="bbox 364 5272 1943 5344">
    <p class='ocr_par' dir='ltr' id='par_1_86' title="bbox 364 5272 1943 5344">
     <span class='ocr_line' id='line_1_86' title="bbox 364 5272 1943 5344; baseline 0.002 -19"><span class='ocrx_word' id='word_1_715' title='bbox 364 5281 595 5343; x_wconf 82' lang='lat' dir='ltr'><strong>nequeat</strong></span> <span class='ocrx_word' id='word_1_716' title='bbox 618 5274 726 5330; x_wconf 72' lang='lat' dir='ltr'><strong>&#39;sic</strong></span> <span class='ocrx_word' id='word_1_717' title='bbox 743 5272 911 5329; x_wconf 84' lang='lat' dir='ltr'><strong>videri</strong></span> <span class='ocrx_word' id='word_1_718' title='bbox 926 5289 1049 5329; x_wconf 68' lang='lat' dir='ltr'><strong>.non</strong></span> <span class='ocrx_word' id='word_1_719' title='bbox 1075 5273 1236 5340; x_wconf 77' lang='lat' dir='ltr'><strong>valet,</strong></span> <span class='ocrx_word' id='word_1_720' title='bbox 1272 5282 1331 5328; x_wconf 89' lang='lat' dir='ltr'><strong>ut</strong></span> <span class='ocrx_word' id='word_1_721' title='bbox 1363 5284 1539 5329; x_wconf 87' lang='lat' dir='ltr'><strong>tamen</strong></span> <span class='ocrx_word' id='word_1_722' title='bbox 1568 5273 1687 5344; x_wconf 73' lang='lat' dir='ltr'><strong>ejus</strong></span> <span class='ocrx_word' id='word_1_723' title='bbox 1706 5287 1943 5342; x_wconf 63' lang='lat' dir='ltr'><strong>praesen-</strong></span> 
     </span>
    </p>
   </div>
   <div class='ocr_carea' id='block_1_87' title="bbox 366 5362 1944 5435">
    <p class='ocr_par' dir='ltr' id='par_1_87' title="bbox 366 5362 1944 5435">
     <span class='ocr_line' id='line_1_87' title="bbox 366 5362 1944 5435; baseline 0 -18"><span class='ocrx_word' id='word_1_724' title='bbox 366 5363 494 5417; x_wconf 88' lang='lat' dir='ltr'><strong>tiam</strong></span> <span class='ocrx_word' id='word_1_725' title='bbox 523 5363 636 5435; x_wconf 89' lang='lat' dir='ltr'><strong>ipsa</strong></span> <span class='ocrx_word' id='word_1_726' title='bbox 675 5380 769 5420; x_wconf 86' lang='lat' dir='ltr'><strong>sua</strong></span> <span class='ocrx_word' id='word_1_727' title='bbox 790 5364 991 5435; x_wconf 86' lang='lat' dir='ltr'><strong>judicia</strong></span> <span class='ocrx_word' id='word_1_728' title='bbox 1018 5372 1286 5420; x_wconf 83' lang='lat' dir='ltr'><strong>testentur</strong></span> <span class='ocrx_word' id='word_1_729' title='bbox 1316 5364 1437 5420; x_wconf 80' lang='lat' dir='ltr'><strong>:sic</strong></span> <span class='ocrx_word' id='word_1_730' title='bbox 1461 5379 1520 5420; x_wconf 89' lang='lat' dir='ltr'><strong>se</strong></span> <span class='ocrx_word' id='word_1_731' title='bbox 1554 5362 1711 5419; x_wconf 83' lang='lat' dir='ltr'><strong>nobis</strong></span> <span class='ocrx_word' id='word_1_732' title='bbox 1745 5363 1944 5419; x_wconf 87' lang='lat' dir='ltr'><strong>intelli-</strong></span> 
     </span>
    </p>
   </div>
   <div class='ocr_carea' id='block_1_88' title="bbox 362 5454 1941 5525">
    <p class='ocr_par' dir='ltr' id='par_1_88' title="bbox 362 5454 1941 5525">
     <span class='ocr_line' id='line_1_88' title="bbox 362 5454 1941 5525; baseline 0.001 -18"><span class='ocrx_word' id='word_1_733' title='bbox 362 5455 597 5523; x_wconf 87' lang='lat' dir='ltr'><strong>gendum</strong></span> <span class='ocrx_word' id='word_1_734' title='bbox 641 5455 872 5525; x_wconf 71' lang='lat' dir='ltr'><strong>pra-bet,</strong></span> <span class='ocrx_word' id='word_1_735' title='bbox 910 5464 970 5508; x_wconf 94' lang='lat' dir='ltr'><strong>ut</strong></span> <span class='ocrx_word' id='word_1_736' title='bbox 998 5466 1180 5511; x_wconf 89' lang='lat' dir='ltr'><strong>tamen</strong></span> <span class='ocrx_word' id='word_1_737' title='bbox 1222 5456 1401 5525; x_wconf 89' lang='lat' dir='ltr'><strong>ipsum</strong></span> <span class='ocrx_word' id='word_1_738' title='bbox 1431 5455 1588 5509; x_wconf 85' lang='lat' dir='ltr'><strong>nobis</strong></span> <span class='ocrx_word' id='word_1_739' title='bbox 1617 5454 1828 5509; x_wconf 90' lang='lat' dir='ltr'><strong>radium</strong></span> <span class='ocrx_word' id='word_1_740' title='bbox 1857 5455 1941 5508; x_wconf 90' lang='lat' dir='ltr'><strong>sui</strong></span> 
     </span>
    </p>
   </div>
   <div class='ocr_carea' id='block_1_89' title="bbox 358 5543 1943 5615">
    <p class='ocr_par' dir='ltr' id='par_1_89' title="bbox 358 5543 1943 5615">
     <span class='ocr_line' id='line_1_89' title="bbox 358 5543 1943 5615; baseline 0.001 -19"><span class='ocrx_word' id='word_1_741' title='bbox 358 5543 670 5600; x_wconf 85' lang='lat' dir='ltr'><strong>intellectus</strong></span> <span class='ocrx_word' id='word_1_742' title='bbox 714 5544 1029 5611; x_wconf 74' lang='lat' dir='ltr'><strong>obnuliilet,</strong></span> <span class='ocrx_word' id='word_1_743' title='bbox 1075 5554 1133 5599; x_wconf 91' lang='lat' dir='ltr'><strong>et</strong></span> <span class='ocrx_word' id='word_1_744' title='bbox 1181 5560 1397 5600; x_wconf 84' lang='lat' dir='ltr'><strong>rursum</strong></span> <span class='ocrx_word' id='word_1_745' title='bbox 1441 5544 1521 5600; x_wconf 90' lang='lat' dir='ltr'><strong>sic</strong></span> <span class='ocrx_word' id='word_1_746' title='bbox 1565 5543 1796 5615; x_wconf 87' lang='lat' dir='ltr'><strong>caligine</strong></span> <span class='ocrx_word' id='word_1_747' title='bbox 1844 5558 1943 5599; x_wconf 87' lang='lat' dir='ltr'><strong>nos</strong></span> 
     </span>
    </p>
   </div>
   <div class='ocr_carea' id='block_1_90' title="bbox 367 5637 1943 5709">
    <p class='ocr_par' dir='ltr' id='par_1_90' title="bbox 367 5637 1943 5709">
     <span class='ocr_line' id='line_1_90' title="bbox 367 5637 1943 5709; baseline -0.001 -16"><span class='ocrx_word' id='word_1_748' title='bbox 367 5637 683 5705; x_wconf 66' lang='lat' dir='ltr'><strong>ignorantia</strong></span> <span class='ocrx_word' id='word_1_749' title='bbox 724 5639 997 5709; x_wconf 88' lang='lat' dir='ltr'><strong>reprimit,</strong></span> <span class='ocrx_word' id='word_1_750' title='bbox 1039 5646 1099 5692; x_wconf 93' lang='lat' dir='ltr'><strong>ut</strong></span> <span class='ocrx_word' id='word_1_751' title='bbox 1130 5648 1310 5693; x_wconf 86' lang='lat' dir='ltr'><strong>tamen</strong></span> <span class='ocrx_word' id='word_1_752' title='bbox 1345 5638 1513 5693; x_wconf 89' lang='lat' dir='ltr'><strong>menti</strong></span> <span class='ocrx_word' id='word_1_753' title='bbox 1542 5646 1741 5692; x_wconf 67' lang='lat' dir='ltr'><strong>nostra:</strong></span> <span class='ocrx_word' id='word_1_754' title='bbox 1776 5637 1943 5691; x_wconf 86' lang='lat' dir='ltr'><strong>radiis</strong></span> 
     </span>
    </p>
   </div>
   <div class='ocr_carea' id='block_1_91' title="bbox 355 5725 1944 5799">
    <p class='ocr_par' dir='ltr' id='par_1_91' title="bbox 355 5725 1944 5799">
     <span class='ocr_line' id='line_1_91' title="bbox 355 5725 1944 5799; baseline -0.001 -17"><span class='ocrx_word' id='word_1_755' title='bbox 355 5742 478 5783; x_wconf 64' lang='lat' dir='ltr'><strong>sua:</strong></span> <span class='ocrx_word' id='word_1_756' title='bbox 529 5726 791 5781; x_wconf 79' lang='lat' dir='ltr'><strong>claritatis</strong></span> <span class='ocrx_word' id='word_1_757' title='bbox 832 5726 1181 5799; x_wconf 77' lang='lat' dir='ltr'><strong>intermicet,</strong></span> <span class='ocrx_word' id='word_1_758' title='bbox 1239 5736 1507 5795; x_wconf 86' lang='lat' dir='ltr'><strong>quatenus</strong></span> <span class='ocrx_word' id='word_1_759' title='bbox 1559 5735 1613 5781; x_wconf 77' lang='lat' dir='ltr'><strong>et</strong></span> <span class='ocrx_word' id='word_1_760' title='bbox 1666 5725 1944 5782; x_wconf 79' lang='lat' dir='ltr'><strong>sublevata</strong></span> 
     </span>
    </p>
   </div>
   <div class='ocr_carea' id='block_1_92' title="bbox 2044 3712 3636 3789">
    <p class='ocr_par' dir='ltr' id='par_1_92' title="bbox 2044 3712 3636 3789">
     <span class='ocr_line' id='line_1_92' title="bbox 2044 3712 3636 3789; baseline 0.008 -23"><span class='ocrx_word' id='word_1_761' title='bbox 2044 3712 2137 3783; x_wconf 91' lang='lat' dir='ltr'><strong>qui</strong></span> <span class='ocrx_word' id='word_1_762' title='bbox 2188 3713 2431 3783; x_wconf 89' lang='lat' dir='ltr'><strong>loquitur</strong></span> <span class='ocrx_word' id='word_1_763' title='bbox 2466 3715 2522 3768; x_wconf 89' lang='lat' dir='ltr'><strong>in</strong></span> <span class='ocrx_word' id='word_1_764' title='bbox 2563 3714 2900 3786; x_wconf 87' lang='lat' dir='ltr'><strong>Evangelio:</strong></span> <span class='ocrx_word' id='word_1_765' title='bbox 2937 3736 2955 3768; x_wconf 76' lang='grc' dir='ltr'><strong>ι</strong></span> <span class='ocrx_word' id='word_1_766' title='bbox 2992 3717 3105 3789; x_wconf 83' lang='lat' dir='ltr'><strong>Ego</strong></span> <span class='ocrx_word' id='word_1_767' title='bbox 3152 3727 3207 3774; x_wconf 91' lang='lat' dir='ltr'><strong>et</strong></span> <span class='ocrx_word' id='word_1_768' title='bbox 3249 3718 3413 3775; x_wconf 82' lang='lat' dir='ltr'><strong>Pater</strong></span> <span class='ocrx_word' id='word_1_769' title='bbox 3463 3738 3636 3778; x_wconf 77' lang='lat' dir='ltr'><strong>unum</strong></span> 
     </span>
    </p>
   </div>
   <div class='ocr_carea' id='block_1_93' title="bbox 2045 3803 3635 3880">
    <p class='ocr_par' dir='ltr' id='par_1_93' title="bbox 2045 3803 3635 3880">
     <span class='ocr_line' id='line_1_93' title="bbox 2045 3803 3635 3880; baseline 0.006 -22"><span class='ocrx_word' id='word_1_770' title='bbox 2045 3818 2236 3861; x_wconf 89' lang='lat' dir='ltr'><strong>sumus</strong></span> <span class='ocrx_word' id='word_1_771' title='bbox 2260 3803 2443 3876; x_wconf 81' lang='lat' dir='ltr'><strong>(Joan.</strong></span> <span class='ocrx_word' id='word_1_772' title='bbox 2473 3804 2551 3876; x_wconf 72' lang='grc' dir='ltr'><strong>χ).</strong></span> <span class='ocrx_word' id='word_1_773' title='bbox 2590 3825 2610 3859; x_wconf 77' lang='grc' dir='ltr'><strong>ι</strong></span> <span class='ocrx_word' id='word_1_774' title='bbox 2638 3804 2700 3860; x_wconf 89' lang='lat' dir='ltr'><strong>ln</strong></span> <span class='ocrx_word' id='word_1_775' title='bbox 2741 3806 2896 3862; x_wconf 67' lang='lat' dir='ltr'><strong>Ezra:</strong></span> <span class='ocrx_word' id='word_1_776' title='bbox 2945 3809 3220 3867; x_wconf 83' lang='lat' dir='ltr'><strong>volumine</strong></span> <span class='ocrx_word' id='word_1_777' title='bbox 3261 3812 3501 3880; x_wconf 86' lang='lat' dir='ltr'><strong>positum</strong></span> <span class='ocrx_word' id='word_1_778' title='bbox 3549 3822 3635 3869; x_wconf 84' lang='lat' dir='ltr'><strong>est</strong></span> 
     </span>
    </p>
   </div>
   <div class='ocr_carea' id='block_1_94' title="bbox 2045 3893 3636 3971">
    <p class='ocr_par' dir='ltr' id='par_1_94' title="bbox 2045 3893 3636 3971">
     <span class='ocr_line' id='line_1_94' title="bbox 2045 3893 3636 3971; baseline 0.006 -21"><span class='ocrx_word' id='word_1_779' title='bbox 2045 3894 2328 3964; x_wconf 88' lang='lat' dir='ltr'><strong>scripsisse</strong></span> <span class='ocrx_word' id='word_1_780' title='bbox 2378 3893 2578 3968; x_wconf 80' lang='lat' dir='ltr'><strong>Cyrum</strong></span> <span class='ocrx_word' id='word_1_781' title='bbox 2630 3896 2697 3952; x_wconf 89' lang='lat' dir='ltr'><strong>ad</strong></span> <span class='ocrx_word' id='word_1_782' title='bbox 2745 3913 2938 3953; x_wconf 90' lang='lat' dir='ltr'><strong>omnes</strong></span> <span class='ocrx_word' id='word_1_783' title='bbox 2989 3907 3196 3971; x_wconf 85' lang='lat' dir='ltr'><strong>gentes,</strong></span> <span class='ocrx_word' id='word_1_784' title='bbox 3251 3901 3459 3957; x_wconf 89' lang='lat' dir='ltr'><strong>nullum</strong></span> <span class='ocrx_word' id='word_1_785' title='bbox 3509 3920 3636 3960; x_wconf 81' lang='lat' dir='ltr'><strong>esse</strong></span> 
     </span>
    </p>
   </div>
   <div class='ocr_carea' id='block_1_95' title="bbox 2046 3985 3632 4064">
    <p class='ocr_par' dir='ltr' id='par_1_95' title="bbox 2046 3985 3632 4064">
     <span class='ocr_line' id='line_1_95' title="bbox 2046 3985 3632 4064; baseline 0.004 -22"><span class='ocrx_word' id='word_1_786' title='bbox 2046 3987 2215 4042; x_wconf 88' lang='lat' dir='ltr'><strong>Deum</strong></span> <span class='ocrx_word' id='word_1_787' title='bbox 2241 3985 2345 4042; x_wconf 86' lang='lat' dir='ltr'><strong>nisi</strong></span> <span class='ocrx_word' id='word_1_788' title='bbox 2372 3986 2544 4042; x_wconf 92' lang='lat' dir='ltr'><strong>solum</strong></span> <span class='ocrx_word' id='word_1_789' title='bbox 2568 3985 2737 4043; x_wconf 90' lang='lat' dir='ltr'><strong>Deum</strong></span> <span class='ocrx_word' id='word_1_790' title='bbox 2755 3987 2943 4054; x_wconf 86' lang='lat' dir='ltr'><strong>Israel,</strong></span> <span class='ocrx_word' id='word_1_791' title='bbox 2958 3990 3074 4046; x_wconf 88' lang='lat' dir='ltr'><strong>sive</strong></span> <span class='ocrx_word' id='word_1_792' title='bbox 3095 3990 3171 4046; x_wconf 88' lang='lat' dir='ltr'><strong>ita</strong></span> <span class='ocrx_word' id='word_1_793' title='bbox 3199 3991 3632 4064; x_wconf 82' lang='lat' dir='ltr'><strong>intelligendum,</strong></span> 
     </span>
    </p>
   </div>
   <div class='ocr_carea' id='block_1_96' title="bbox 2045 4076 3632 4153">
    <p class='ocr_par' dir='ltr' id='par_1_96' title="bbox 2045 4076 3632 4153">
     <span class='ocr_line' id='line_1_96' title="bbox 2045 4076 3632 4153; baseline 0.005 -22"><span class='ocrx_word' id='word_1_794' title='bbox 2045 4076 2191 4148; x_wconf 89' lang='lat' dir='ltr'><strong>quod</strong></span> <span class='ocrx_word' id='word_1_795' title='bbox 2214 4077 2553 4148; x_wconf 89' lang='lat' dir='ltr'><strong>captivorum</strong></span> <span class='ocrx_word' id='word_1_796' title='bbox 2595 4076 2817 4145; x_wconf 73' lang='lat' dir='ltr'><strong>laxatio,</strong></span> <span class='ocrx_word' id='word_1_797' title='bbox 2855 4088 2912 4134; x_wconf 86' lang='lat' dir='ltr'><strong>et</strong></span> <span class='ocrx_word' id='word_1_798' title='bbox 2940 4080 3035 4136; x_wconf 87' lang='lat' dir='ltr'><strong>Dei</strong></span> <span class='ocrx_word' id='word_1_799' title='bbox 3065 4080 3120 4135; x_wconf 91' lang='lat' dir='ltr'><strong>in</strong></span> <span class='ocrx_word' id='word_1_800' title='bbox 3165 4081 3419 4153; x_wconf 83' lang='lat' dir='ltr'><strong>populum</strong></span> <span class='ocrx_word' id='word_1_801' title='bbox 3471 4099 3632 4139; x_wconf 85' lang='lat' dir='ltr'><strong>suum</strong></span> 
     </span>
    </p>
   </div>
   <div class='ocr_carea' id='block_1_97' title="bbox 2046 4168 3628 4239">
    <p class='ocr_par' dir='ltr' id='par_1_97' title="bbox 2046 4168 3628 4239">
     <span class='ocr_line' id='line_1_97' title="bbox 2046 4168 3628 4239; baseline 0.003 -15"><span class='ocrx_word' id='word_1_802' title='bbox 2046 4168 2356 4234; x_wconf 89' lang='lat' dir='ltr'><strong>clementia,</strong></span> <span class='ocrx_word' id='word_1_803' title='bbox 2387 4168 2601 4224; x_wconf 89' lang='lat' dir='ltr'><strong>cunctis</strong></span> <span class='ocrx_word' id='word_1_804' title='bbox 2622 4169 2871 4239; x_wconf 88' lang='lat' dir='ltr'><strong>gentibus</strong></span> <span class='ocrx_word' id='word_1_805' title='bbox 2897 4168 3068 4224; x_wconf 90' lang='lat' dir='ltr'><strong>Deum</strong></span> <span class='ocrx_word' id='word_1_806' title='bbox 3100 4169 3293 4227; x_wconf 86' lang='lat' dir='ltr'><strong>fecerit</strong></span> <span class='ocrx_word' id='word_1_807' title='bbox 3335 4173 3628 4229; x_wconf 78' lang='lat' dir='ltr'><strong>notiorem.</strong></span> 
     </span>
    </p>
   </div>
   <div class='ocr_carea' id='block_1_98' title="bbox 2045 4257 3629 4332">
    <p class='ocr_par' dir='ltr' id='par_1_98' title="bbox 2045 4257 3629 4332">
     <span class='ocr_line' id='line_1_98' title="bbox 2045 4257 3629 4332; baseline 0.003 -19"><span class='ocrx_word' id='word_1_808' title='bbox 2045 4257 2149 4326; x_wconf 85' lang='lat' dir='ltr'><strong>Qui</strong></span> <span class='ocrx_word' id='word_1_809' title='bbox 2173 4258 2339 4330; x_wconf 88' lang='lat' dir='ltr'><strong>igitur</strong></span> <span class='ocrx_word' id='word_1_810' title='bbox 2367 4258 2491 4314; x_wconf 89' lang='lat' dir='ltr'><strong>dedi</strong></span> <span class='ocrx_word' id='word_1_811' title='bbox 2521 4258 2617 4314; x_wconf 91' lang='lat' dir='ltr'><strong>tibi</strong></span> <span class='ocrx_word' id='word_1_812' title='bbox 2643 4257 3038 4328; x_wconf 89' lang='lat' dir='ltr'><strong>fortitudinem,</strong></span> <span class='ocrx_word' id='word_1_813' title='bbox 3071 4270 3128 4316; x_wconf 86' lang='lat' dir='ltr'><strong>et</strong></span> <span class='ocrx_word' id='word_1_814' title='bbox 3147 4260 3295 4318; x_wconf 86' lang='lat' dir='ltr'><strong>solus</strong></span> <span class='ocrx_word' id='word_1_815' title='bbox 3318 4263 3463 4319; x_wconf 87' lang='lat' dir='ltr'><strong>Deus</strong></span> <span class='ocrx_word' id='word_1_816' title='bbox 3484 4280 3629 4332; x_wconf 86' lang='lat' dir='ltr'><strong>sum,</strong></span> 
     </span>
    </p>
   </div>
   <div class='ocr_carea' id='block_1_99' title="bbox 2046 4349 3625 4422">
    <p class='ocr_par' dir='ltr' id='par_1_99' title="bbox 2046 4349 3625 4422">
     <span class='ocr_line' id='line_1_99' title="bbox 2046 4349 3625 4422; baseline 0.003 -16"><span class='ocrx_word' id='word_1_817' title='bbox 2046 4352 2162 4422; x_wconf 89' lang='lat' dir='ltr'><strong>ipse</strong></span> <span class='ocrx_word' id='word_1_818' title='bbox 2191 4366 2279 4406; x_wconf 87' lang='lat' dir='ltr'><strong>res</strong></span> <span class='ocrx_word' id='word_1_819' title='bbox 2308 4351 2451 4407; x_wconf 87' lang='lat' dir='ltr'><strong>intra</strong></span> <span class='ocrx_word' id='word_1_820' title='bbox 2475 4365 2536 4407; x_wconf 89' lang='lat' dir='ltr'><strong>se</strong></span> <span class='ocrx_word' id='word_1_821' title='bbox 2564 4349 2871 4406; x_wconf 88' lang='lat' dir='ltr'><strong>contrarias</strong></span> <span class='ocrx_word' id='word_1_822' title='bbox 2895 4350 3056 4418; x_wconf 87' lang='lat' dir='ltr'><strong>facio,</strong></span> <span class='ocrx_word' id='word_1_823' title='bbox 3072 4352 3244 4408; x_wconf 88' lang='lat' dir='ltr'><strong>lucem</strong></span> <span class='ocrx_word' id='word_1_824' title='bbox 3266 4362 3323 4409; x_wconf 90' lang='lat' dir='ltr'><strong>et</strong></span> <span class='ocrx_word' id='word_1_825' title='bbox 3351 4356 3625 4421; x_wconf 83' lang='lat' dir='ltr'><strong>tenebras,</strong></span> 
     </span>
    </p>
   </div>
   <div class='ocr_carea' id='block_1_100' title="bbox 2048 4442 3625 4514">
    <p class='ocr_par' dir='ltr' id='par_1_100' title="bbox 2048 4442 3625 4514">
     <span class='ocr_line' id='line_1_100' title="bbox 2048 4442 3625 4514; baseline 0.003 -14"><span class='ocrx_word' id='word_1_826' title='bbox 2048 4446 2101 4501; x_wconf 89' lang='lat' dir='ltr'><strong>id</strong></span> <span class='ocrx_word' id='word_1_827' title='bbox 2138 4455 2223 4501; x_wconf 89' lang='lat' dir='ltr'><strong>est</strong></span> <span class='ocrx_word' id='word_1_828' title='bbox 2245 4486 2260 4512; x_wconf 95' lang='lat'><strong>,</strong></span> <span class='ocrx_word' id='word_1_829' title='bbox 2291 4442 2434 4500; x_wconf 89' lang='lat' dir='ltr'><strong>diem</strong></span> <span class='ocrx_word' id='word_1_830' title='bbox 2463 4451 2519 4498; x_wconf 90' lang='lat' dir='ltr'><strong>et</strong></span> <span class='ocrx_word' id='word_1_831' title='bbox 2546 4452 2783 4509; x_wconf 89' lang='lat' dir='ltr'><strong>noctem,</strong></span> <span class='ocrx_word' id='word_1_832' title='bbox 2811 4458 3001 4514; x_wconf 85' lang='lat' dir='ltr'><strong>pacem</strong></span> <span class='ocrx_word' id='word_1_833' title='bbox 3023 4453 3079 4500; x_wconf 87' lang='lat' dir='ltr'><strong>et</strong></span> <span class='ocrx_word' id='word_1_834' title='bbox 3105 4445 3307 4502; x_wconf 86' lang='lat' dir='ltr'><strong>malum</strong></span> <span class='ocrx_word' id='word_1_835' title='bbox 3331 4485 3347 4511; x_wconf 88' lang='lat'><strong>,</strong></span> <span class='ocrx_word' id='word_1_836' title='bbox 3380 4446 3486 4502; x_wconf 86' lang='lat' dir='ltr'><strong>hoc</strong></span> <span class='ocrx_word' id='word_1_837' title='bbox 3504 4457 3588 4502; x_wconf 87' lang='lat' dir='ltr'><strong>est</strong></span> <span class='ocrx_word' id='word_1_838' title='bbox 3608 4489 3625 4507; x_wconf 91' lang='lat'><strong>.</strong></span> 
     </span>
    </p>
   </div>
   <div class='ocr_carea' id='block_1_101' title="bbox 2045 4533 3628 4606">
    <p class='ocr_par' dir='ltr' id='par_1_101' title="bbox 2045 4533 3628 4606">
     <span class='ocr_line' id='line_1_101' title="bbox 2045 4533 3628 4606; baseline 0 -13"><span class='ocrx_word' id='word_1_839' title='bbox 2045 4537 2216 4593; x_wconf 90' lang='lat' dir='ltr'><strong>otium</strong></span> <span class='ocrx_word' id='word_1_840' title='bbox 2238 4544 2294 4591; x_wconf 92' lang='lat' dir='ltr'><strong>et</strong></span> <span class='ocrx_word' id='word_1_841' title='bbox 2318 4533 2539 4600; x_wconf 89' lang='lat' dir='ltr'><strong>bellum,</strong></span> <span class='ocrx_word' id='word_1_842' title='bbox 2568 4548 2666 4604; x_wconf 90' lang='lat' dir='ltr'><strong>per</strong></span> <span class='ocrx_word' id='word_1_843' title='bbox 2691 4548 2814 4604; x_wconf 70' lang='lat' dir='ltr'><strong>qum</strong></span> <span class='ocrx_word' id='word_1_844' title='bbox 2851 4535 3120 4606; x_wconf 82' lang='lat' dir='ltr'><strong>signiﬁcat</strong></span> <span class='ocrx_word' id='word_1_845' title='bbox 3148 4536 3349 4593; x_wconf 88' lang='lat' dir='ltr'><strong>iratum</strong></span> <span class='ocrx_word' id='word_1_846' title='bbox 3378 4553 3440 4593; x_wconf 86' lang='lat' dir='ltr'><strong>se</strong></span> <span class='ocrx_word' id='word_1_847' title='bbox 3464 4537 3628 4594; x_wconf 84' lang='lat' dir='ltr'><strong>fuisse</strong></span> 
     </span>
    </p>
   </div>
   <div class='ocr_carea' id='block_1_102' title="bbox 2040 4623 3626 4697">
    <p class='ocr_par' dir='ltr' id='par_1_102' title="bbox 2040 4623 3626 4697">
     <span class='ocr_line' id='line_1_102' title="bbox 2040 4623 3626 4697; baseline 0 -16"><span class='ocrx_word' id='word_1_848' title='bbox 2040 4625 2242 4697; x_wconf 82' lang='lat' dir='ltr'><strong>populo</strong></span> <span class='ocrx_word' id='word_1_849' title='bbox 2279 4640 2398 4690; x_wconf 86' lang='lat' dir='ltr'><strong>suo,</strong></span> <span class='ocrx_word' id='word_1_850' title='bbox 2439 4623 2656 4694; x_wconf 89' lang='lat' dir='ltr'><strong>quando</strong></span> <span class='ocrx_word' id='word_1_851' title='bbox 2699 4623 2952 4679; x_wconf 87' lang='lat' dir='ltr'><strong>tenebras</strong></span> <span class='ocrx_word' id='word_1_852' title='bbox 2995 4626 3344 4696; x_wconf 89' lang='lat' dir='ltr'><strong>captivitatis,</strong></span> <span class='ocrx_word' id='word_1_853' title='bbox 3378 4628 3626 4697; x_wconf 81' lang='lat' dir='ltr'><strong>malaque</strong></span> 
     </span>
    </p>
   </div>
   <div class='ocr_carea' id='block_1_103' title="bbox 2047 4714 3626 4789">
    <p class='ocr_par' dir='ltr' id='par_1_103' title="bbox 2047 4714 3626 4789">
     <span class='ocr_line' id='line_1_103' title="bbox 2047 4714 3626 4789; baseline -0.001 -14"><span class='ocrx_word' id='word_1_854' title='bbox 2047 4718 2301 4775; x_wconf 86' lang='lat' dir='ltr'><strong>sustinuit</strong></span> <span class='ocrx_word' id='word_1_855' title='bbox 2350 4714 2651 4781; x_wconf 86' lang='lat' dir='ltr'><strong>servitutis,</strong></span> <span class='ocrx_word' id='word_1_856' title='bbox 2673 4722 2727 4771; x_wconf 87' lang='lat' dir='ltr'><strong>et</strong></span> <span class='ocrx_word' id='word_1_857' title='bbox 2766 4730 2979 4771; x_wconf 92' lang='lat' dir='ltr'><strong>rursum</strong></span> <span class='ocrx_word' id='word_1_858' title='bbox 3037 4716 3323 4773; x_wconf 89' lang='lat' dir='ltr'><strong>misertum</strong></span> <span class='ocrx_word' id='word_1_859' title='bbox 3349 4758 3367 4784; x_wconf 95' lang='lat'><strong>,</strong></span> <span class='ocrx_word' id='word_1_860' title='bbox 3407 4720 3626 4789; x_wconf 84' lang='lat' dir='ltr'><strong>quando</strong></span> 
     </span>
    </p>
   </div>
   <div class='ocr_carea' id='block_1_104' title="bbox 2046 4808 3622 4881">
    <p class='ocr_par' dir='ltr' id='par_1_104' title="bbox 2046 4808 3622 4881">
     <span class='ocr_line' id='line_1_104' title="bbox 2046 4808 3622 4881; baseline 0 -16"><span class='ocrx_word' id='word_1_861' title='bbox 2046 4808 2262 4872; x_wconf 82' lang='lat' dir='ltr'><strong>remissi</strong></span> <span class='ocrx_word' id='word_1_862' title='bbox 2291 4808 2345 4863; x_wconf 90' lang='lat' dir='ltr'><strong>in</strong></span> <span class='ocrx_word' id='word_1_863' title='bbox 2373 4808 2627 4879; x_wconf 87' lang='lat' dir='ltr'><strong>patriam,</strong></span> <span class='ocrx_word' id='word_1_864' title='bbox 2660 4821 2851 4878; x_wconf 87' lang='lat' dir='ltr'><strong>pacem</strong></span> <span class='ocrx_word' id='word_1_865' title='bbox 2876 4814 2933 4861; x_wconf 88' lang='lat' dir='ltr'><strong>et</strong></span> <span class='ocrx_word' id='word_1_866' title='bbox 2981 4808 3235 4879; x_wconf 83' lang='lat' dir='ltr'><strong>gaudium</strong></span> <span class='ocrx_word' id='word_1_867' title='bbox 3279 4823 3622 4881; x_wconf 78' lang='lat' dir='ltr'><strong>receperunt.</strong></span> 
     </span>
    </p>
   </div>
   <div class='ocr_carea' id='block_1_105' title="bbox 2046 4898 3625 4970">
    <p class='ocr_par' dir='ltr' id='par_1_105' title="bbox 2046 4898 3625 4970">
     <span class='ocr_line' id='line_1_105' title="bbox 2046 4898 3625 4970; baseline -0.003 -13"><span class='ocrx_word' id='word_1_868' title='bbox 2046 4900 2326 4970; x_wconf 83' lang='lat' dir='ltr'><strong>Quomodo</strong></span> <span class='ocrx_word' id='word_1_869' title='bbox 2355 4899 2461 4955; x_wconf 88' lang='lat' dir='ltr'><strong>luci</strong></span> <span class='ocrx_word' id='word_1_870' title='bbox 2487 4899 2773 4954; x_wconf 75' lang='lat' dir='ltr'><strong>contraria:</strong></span> <span class='ocrx_word' id='word_1_871' title='bbox 2797 4898 3033 4954; x_wconf 67' lang='lat' dir='ltr'><strong>tenebrae</strong></span> <span class='ocrx_word' id='word_1_872' title='bbox 3058 4907 3215 4965; x_wconf 86' lang='lat' dir='ltr'><strong>sunt,</strong></span> <span class='ocrx_word' id='word_1_873' title='bbox 3242 4899 3319 4955; x_wconf 89' lang='lat' dir='ltr'><strong>ita</strong></span> <span class='ocrx_word' id='word_1_874' title='bbox 3341 4901 3462 4970; x_wconf 87' lang='lat' dir='ltr'><strong>paci</strong></span> <span class='ocrx_word' id='word_1_875' title='bbox 3491 4917 3625 4957; x_wconf 83' lang='lat' dir='ltr'><strong>oon-</strong></span> 
     </span>
    </p>
   </div>
   <div class='ocr_carea' id='block_1_106' title="bbox 2049 4987 3621 5053">
    <p class='ocr_par' dir='ltr' id='par_1_106' title="bbox 2049 4987 3621 5053">
     <span class='ocr_line' id='line_1_106' title="bbox 2049 4987 3621 5053; baseline 0.001 -6"><span class='ocrx_word' id='word_1_876' title='bbox 2049 4993 2272 5048; x_wconf 88' lang='lat' dir='ltr'><strong>trarium</strong></span> <span class='ocrx_word' id='word_1_877' title='bbox 2302 4999 2387 5046; x_wconf 90' lang='lat' dir='ltr'><strong>est</strong></span> <span class='ocrx_word' id='word_1_878' title='bbox 2412 4990 2633 5046; x_wconf 89' lang='lat' dir='ltr'><strong>bellum.</strong></span> <span class='ocrx_word' id='word_1_879' title='bbox 2668 4990 2818 5047; x_wconf 90' lang='lat' dir='ltr'><strong>Unde</strong></span> <span class='ocrx_word' id='word_1_880' title='bbox 2859 4996 2916 5043; x_wconf 89' lang='lat' dir='ltr'><strong>et</strong></span> <span class='ocrx_word' id='word_1_881' title='bbox 2956 4987 3322 5045; x_wconf 81' lang='lat' dir='ltr'><strong>confundatur</strong></span> <span class='ocrx_word' id='word_1_882' title='bbox 3360 4990 3621 5053; x_wconf 60' lang='lat' dir='ltr'><strong>haeresis.</strong></span> 
     </span>
    </p>
   </div>
   <div class='ocr_carea' id='block_1_107' title="bbox 2045 5080 3621 5155">
    <p class='ocr_par' dir='ltr' id='par_1_107' title="bbox 2045 5080 3621 5155">
     <span class='ocr_line' id='line_1_107' title="bbox 2045 5080 3621 5155; baseline -0.001 -17"><span class='ocrx_word' id='word_1_883' title='bbox 2045 5099 2166 5155; x_wconf 76' lang='lat' dir='ltr'><strong>qua:</strong></span> <span class='ocrx_word' id='word_1_884' title='bbox 2194 5082 2456 5138; x_wconf 87' lang='lat' dir='ltr'><strong>malorum</strong></span> <span class='ocrx_word' id='word_1_885' title='bbox 2477 5082 2774 5137; x_wconf 80' lang='lat' dir='ltr'><strong>arbitratur</strong></span> <span class='ocrx_word' id='word_1_886' title='bbox 2800 5080 3140 5138; x_wconf 85' lang='lat' dir='ltr'><strong>conditorem</strong></span> <span class='ocrx_word' id='word_1_887' title='bbox 3167 5081 3354 5145; x_wconf 89' lang='lat' dir='ltr'><strong>Deum,</strong></span> <span class='ocrx_word' id='word_1_888' title='bbox 3381 5097 3506 5136; x_wconf 89' lang='lat' dir='ltr'><strong>cum</strong></span> <span class='ocrx_word' id='word_1_889' title='bbox 3536 5083 3621 5137; x_wconf 86' lang='lat' dir='ltr'><strong>hic</strong></span> 
     </span>
    </p>
   </div>
   <div class='ocr_carea' id='block_1_108' title="bbox 2039 5169 3620 5248">
    <p class='ocr_par' dir='ltr' id='par_1_108' title="bbox 2039 5169 3620 5248">
     <span class='ocr_line' id='line_1_108' title="bbox 2039 5169 3620 5248; baseline -0.002 -17"><span class='ocrx_word' id='word_1_890' title='bbox 2039 5175 2248 5248; x_wconf 46' lang='lat' dir='ltr'><strong>,malum</strong></span> <span class='ocrx_word' id='word_1_891' title='bbox 2286 5189 2405 5230; x_wconf 87' lang='lat' dir='ltr'><strong>.non</strong></span> <span class='ocrx_word' id='word_1_892' title='bbox 2457 5173 2789 5229; x_wconf 87' lang='lat' dir='ltr'><strong>contrarium</strong></span> <span class='ocrx_word' id='word_1_893' title='bbox 2834 5173 2996 5235; x_wconf 89' lang='lat' dir='ltr'><strong>bono,</strong></span> <span class='ocrx_word' id='word_1_894' title='bbox 3054 5172 3150 5227; x_wconf 85' lang='lat' dir='ltr'><strong>sed</strong></span> <span class='ocrx_word' id='word_1_895' title='bbox 3188 5185 3288 5242; x_wconf 89' lang='lat' dir='ltr'><strong>pro</strong></span> <span class='ocrx_word' id='word_1_896' title='bbox 3330 5169 3620 5228; x_wconf 75' lang='lat' dir='ltr'><strong>afﬂictione</strong></span> 
     </span>
    </p>
   </div>
   <div class='ocr_carea' id='block_1_109' title="bbox 2044 5261 3621 5337">
    <p class='ocr_par' dir='ltr' id='par_1_109' title="bbox 2044 5261 3621 5337">
     <span class='ocr_line' id='line_1_109' title="bbox 2044 5261 3621 5337; baseline -0.002 -16"><span class='ocrx_word' id='word_1_897' title='bbox 2044 5277 2275 5337; x_wconf 89' lang='lat' dir='ltr'><strong>ponatur</strong></span> <span class='ocrx_word' id='word_1_898' title='bbox 2298 5273 2365 5322; x_wconf 86' lang='lat' dir='ltr'><strong>.et</strong></span> <span class='ocrx_word' id='word_1_899' title='bbox 2406 5263 2566 5329; x_wconf 86' lang='lat' dir='ltr'><strong>bello,</strong></span> <span class='ocrx_word' id='word_1_900' title='bbox 2606 5262 2900 5319; x_wconf 87' lang='lat' dir='ltr'><strong>secundum</strong></span> <span class='ocrx_word' id='word_1_901' title='bbox 2931 5261 3058 5318; x_wconf 85' lang='lat' dir='ltr'><strong>illud</strong></span> <span class='ocrx_word' id='word_1_902' title='bbox 3080 5262 3305 5332; x_wconf 89' lang='lat' dir='ltr'><strong>quodin</strong></span> <span class='ocrx_word' id='word_1_903' title='bbox 3331 5262 3621 5334; x_wconf 79' lang='lat' dir='ltr'><strong>Evangelia</strong></span> 
     </span>
    </p>
   </div>
   <div class='ocr_carea' id='block_1_110' title="bbox 2048 5351 3613 5427">
    <p class='ocr_par' dir='ltr' id='par_1_110' title="bbox 2048 5351 3613 5427">
     <span class='ocr_line' id='line_1_110' title="bbox 2048 5351 3613 5427; baseline -0.006 -14"><span class='ocrx_word' id='word_1_904' title='bbox 2048 5359 2305 5427; x_wconf 88' lang='lat' dir='ltr'><strong>scriptum</strong></span> <span class='ocrx_word' id='word_1_905' title='bbox 2327 5364 2437 5412; x_wconf 89' lang='lat' dir='ltr'><strong>est:</strong></span> <span class='ocrx_word' id='word_1_906' title='bbox 2460 5375 2478 5406; x_wconf 74' lang='grc' dir='ltr'><strong>ε</strong></span> <span class='ocrx_word' id='word_1_907' title='bbox 2507 5352 2716 5409; x_wconf 84' lang='lat' dir='ltr'><strong>Sullicit</strong></span> <span class='ocrx_word' id='word_1_908' title='bbox 2740 5352 2845 5407; x_wconf 90' lang='lat' dir='ltr'><strong>diei</strong></span> <span class='ocrx_word' id='word_1_909' title='bbox 2870 5351 3070 5407; x_wconf 85' lang='lat' dir='ltr'><strong>malitia</strong></span> <span class='ocrx_word' id='word_1_910' title='bbox 3106 5367 3203 5408; x_wconf 86' lang='lat' dir='ltr'><strong>sua</strong></span> <span class='ocrx_word' id='word_1_911' title='bbox 3238 5351 3456 5425; x_wconf 69' lang='lat' dir='ltr'><strong>(Matth.</strong></span> <span class='ocrx_word' id='word_1_912' title='bbox 3485 5355 3613 5423; x_wconf 69' lang='grc' dir='ltr'><strong>γι).-</strong></span> 
     </span>
    </p>
   </div>
   <div class='ocr_carea' id='block_1_111' title="bbox 2050 5442 3616 5522">
    <p class='ocr_par' dir='ltr' id='par_1_111' title="bbox 2050 5442 3616 5522">
     <span class='ocr_line' id='line_1_111' title="bbox 2050 5442 3616 5522; baseline -0.004 -19"><span class='ocrx_word' id='word_1_913' title='bbox 2050 5448 2321 5522; x_wconf 74' lang='grc' dir='ltr'><strong>[Ηίετοη.]</strong></span> <span class='ocrx_word' id='word_1_914' title='bbox 2367 5447 2501 5502; x_wconf 77' lang='lat' dir='ltr'><strong>Mala</strong></span> <span class='ocrx_word' id='word_1_915' title='bbox 2533 5461 2651 5517; x_wconf 76' lang='lat' dir='ltr'><strong>qua:</strong></span> <span class='ocrx_word' id='word_1_916' title='bbox 2679 5444 2820 5500; x_wconf 88' lang='lat' dir='ltr'><strong>nulla</strong></span> <span class='ocrx_word' id='word_1_917' title='bbox 2872 5458 2969 5499; x_wconf 90' lang='lat' dir='ltr'><strong>sua</strong></span> <span class='ocrx_word' id='word_1_918' title='bbox 3020 5452 3217 5498; x_wconf 84' lang='lat' dir='ltr'><strong>natura</strong></span> <span class='ocrx_word' id='word_1_919' title='bbox 3244 5442 3545 5499; x_wconf 85' lang='lat' dir='ltr'><strong>subsistunt</strong></span> <span class='ocrx_word' id='word_1_920' title='bbox 3584 5458 3616 5496; x_wconf 84' lang='lat' dir='ltr'><strong>a</strong></span> 
     </span>
    </p>
   </div>
   <div class='ocr_carea' id='block_1_112' title="bbox 2048 5536 3614 5603">
    <p class='ocr_par' dir='ltr' id='par_1_112' title="bbox 2048 5536 3614 5603">
     <span class='ocr_line' id='line_1_112' title="bbox 2048 5536 3614 5603; baseline -0.004 -6"><span class='ocrx_word' id='word_1_921' title='bbox 2048 5542 2277 5597; x_wconf 89' lang='lat' dir='ltr'><strong>Domino</strong></span> <span class='ocrx_word' id='word_1_922' title='bbox 2296 5556 2403 5596; x_wconf 92' lang='lat' dir='ltr'><strong>non</strong></span> <span class='ocrx_word' id='word_1_923' title='bbox 2433 5548 2702 5603; x_wconf 85' lang='lat' dir='ltr'><strong>creantur,</strong></span> <span class='ocrx_word' id='word_1_924' title='bbox 2737 5538 2830 5594; x_wconf 90' lang='lat' dir='ltr'><strong>sed</strong></span> <span class='ocrx_word' id='word_1_925' title='bbox 2849 5546 3110 5593; x_wconf 69' lang='lat' dir='ltr'><strong>creaturae</strong></span> <span class='ocrx_word' id='word_1_926' title='bbox 3135 5551 3248 5593; x_wconf 68' lang='lat' dir='ltr'><strong>sua:</strong></span> <span class='ocrx_word' id='word_1_927' title='bbox 3273 5536 3413 5592; x_wconf 85' lang='lat' dir='ltr'><strong>mala</strong></span> <span class='ocrx_word' id='word_1_928' title='bbox 3432 5536 3614 5592; x_wconf 80' lang='lat' dir='ltr'><strong>Domi-</strong></span> 
     </span>
    </p>
   </div>
   <div class='ocr_carea' id='block_1_113' title="bbox 2048 5626 3615 5696">
    <p class='ocr_par' dir='ltr' id='par_1_113' title="bbox 2048 5626 3615 5696">
     <span class='ocr_line' id='line_1_113' title="bbox 2048 5626 3615 5696; baseline -0.005 -9"><span class='ocrx_word' id='word_1_929' title='bbox 2048 5648 2149 5687; x_wconf 91' lang='lat' dir='ltr'><strong>nus</strong></span> <span class='ocrx_word' id='word_1_930' title='bbox 2201 5631 2403 5687; x_wconf 89' lang='lat' dir='ltr'><strong>indicat</strong></span> <span class='ocrx_word' id='word_1_931' title='bbox 2430 5672 2445 5696; x_wconf 96' lang='lat'><strong>,</strong></span> <span class='ocrx_word' id='word_1_932' title='bbox 2488 5645 2610 5685; x_wconf 92' lang='lat' dir='ltr'><strong>cum</strong></span> <span class='ocrx_word' id='word_1_933' title='bbox 2664 5644 2752 5685; x_wconf 87' lang='lat' dir='ltr'><strong>res</strong></span> <span class='ocrx_word' id='word_1_934' title='bbox 2802 5629 2939 5683; x_wconf 83' lang='lat' dir='ltr'><strong>bene</strong></span> <span class='ocrx_word' id='word_1_935' title='bbox 2985 5627 3233 5682; x_wconf 85' lang='lat' dir='ltr'><strong>conditas</strong></span> <span class='ocrx_word' id='word_1_936' title='bbox 3278 5627 3433 5682; x_wconf 86' lang='lat' dir='ltr'><strong>nobis</strong></span> <span class='ocrx_word' id='word_1_937' title='bbox 3478 5626 3615 5680; x_wconf 85' lang='lat' dir='ltr'><strong>male</strong></span> 
     </span>
    </p>
   </div>
   <div class='ocr_carea' id='block_1_114' title="bbox 2046 5720 3612 5797">
    <p class='ocr_par' dir='ltr' id='par_1_114' title="bbox 2046 5720 3612 5797">
     <span class='ocr_line' id='line_1_114' title="bbox 2046 5720 3612 5797; baseline -0.006 -15"><span class='ocrx_word' id='word_1_938' title='bbox 2046 5725 2331 5797; x_wconf 79' lang='lat' dir='ltr'><strong>agentibus</strong></span> <span class='ocrx_word' id='word_1_939' title='bbox 2376 5725 2427 5779; x_wconf 85' lang='lat' dir='ltr'><strong>in</strong></span> <span class='ocrx_word' id='word_1_940' title='bbox 2472 5722 2741 5793; x_wconf 84' lang='lat' dir='ltr'><strong>flagellum</strong></span> <span class='ocrx_word' id='word_1_941' title='bbox 2780 5721 3016 5787; x_wconf 87' lang='lat' dir='ltr'><strong>format,</strong></span> <span class='ocrx_word' id='word_1_942' title='bbox 3057 5728 3115 5774; x_wconf 85' lang='lat' dir='ltr'><strong>nt</strong></span> <span class='ocrx_word' id='word_1_943' title='bbox 3157 5733 3222 5774; x_wconf 87' lang='lat' dir='ltr'><strong>ea</strong></span> <span class='ocrx_word' id='word_1_944' title='bbox 3273 5720 3387 5788; x_wconf 87' lang='lat' dir='ltr'><strong>ipsa</strong></span> <span class='ocrx_word' id='word_1_945' title='bbox 3427 5728 3484 5773; x_wconf 86' lang='lat' dir='ltr'><strong>et</strong></span> <span class='ocrx_word' id='word_1_946' title='bbox 3519 5733 3612 5787; x_wconf 87' lang='lat' dir='ltr'><strong>per</strong></span> 
     </span>
    </p>
   </div>
  </div>
