3970 6190
399 343 541 400 1225

1281 339 1643 399 ΕΧΡΟΞΙἸΊΟ
1684 340 1909 397 SUPER
1949 338 2315 396 JEREMJAM.
2357 372 2426 382 —
2461 340 2589 396 LIB.
2634 340 2776 396 XIX.

3531 335 3668 389 1254

398 455 636 510 dolorem
665 467 774 523 quo
811 451 1028 516 feriunt,
1076 451 1511 523 delinquentibus
1556 453 1697 508 mala
1741 453 1888 519 sint,
1928 459 1984 506 et
2011 457 2060 514 Α
2087 453 2393 509 venientem
2418 461 2756 523 spernentes,
2805 459 2954 509 tanta
2993 448 3287 508 atiecerunt
3306 451 3676 520 contumelia,

397 562 496 618 per
541 553 789 600 naturam
820 560 925 615 qua
956 546 1197 600 existunt
1235 546 1399 611 bona,
1434 560 1696 600 venenum
1728 543 1934 600 scilicet
1967 583 1984 608 ,

397 654 546 694 mors
573 637 840 708 siquidem
864 647 948 693 est
973 638 1172 692 homini
1201 679 1216 703 ,
1245 639 1339 693 sed
1368 646 1546 691 tamen
1576 637 1683 690 vita
1722 635 1982 705 serpenti.

395 732 596 786 Amore
633 728 776 784 enim
830 728 1178 798 praesentium
1233 729 1302 784 ab
1356 727 1594 782 auctoris
1639 726 1811 781 nostri
1856 724 1985 780 dile-

397 827 578 882 ctione
631 825 958 880 recessimus
982 865 998 890 ,
1040 832 1094 879 et
1142 839 1395 896 perversa
1423 839 1576 880 mens
1598 823 1724 878 dum
1757 823 1989 878 delecta-

397 920 545 976 tione
583 929 847 975 creatura:
884 934 942 975 se
972 919 1230 985 subdidit,
1263 935 1290 973 a
1314 919 1579 975 creatoris
1621 934 1682 974 se
1727 919 1990 975 societate

397 1009 676 1081 disjunxit.
708 1010 791 1065 Ex
823 1010 910 1065 his
935 1025 1064 1081 ergo
1089 1011 1156 1065 ab
1181 1018 1403 1064 auctore
1428 1008 1672 1064 ferienda
1699 1015 1838 1074 erat,
1860 1008 1987 1078 quia

395 1114 588 1157 errans
615 1108 892 1156 auctorem
915 1107 1318 1171 postposuerat,
1344 1107 1404 1153 ut
1428 1099 1570 1154 unde
1599 1099 1763 1155 homo
1776 1095 1987 1166 culpam

397 1208 502 1248 non
538 1191 715 1247 timuit
751 1192 1016 1262 superbus
1053 1191 1369 1255 admittere,
1405 1191 1531 1246 inde
1558 1204 1778 1261 poenam
1817 1187 1988 1244 corri-

397 1284 600 1355 gendus
644 1282 944 1349 inveniret,
988 1288 1048 1336 ut
1088 1289 1240 1337 tanto
1280 1281 1432 1337 ocius
1467 1281 1768 1352 respiceret
1793 1279 1862 1333 ad
1899 1277 1990 1332 illa

398 1388 518 1442 qua:
546 1371 802 1443 perdidit,
834 1379 1040 1441 quanto
1078 1370 1281 1426 doloris
1328 1384 1546 1440 pmnam
1597 1383 1720 1424 esse
1771 1366 1990 1438 conspi-

397 1470 546 1518 ceret
565 1476 686 1531 qua:
713 1461 977 1531 quaesivit.
1007 1458 1300 1533 (Μωιιιιε.)
1331 1459 1462 1526 Quis
1508 1468 1595 1514 est
1638 1458 1763 1524 iste,
1792 1456 1988 1526 inquit,

399 1553 490 1623 qui
517 1551 674 1618 dixit,
699 1559 759 1607 ut
791 1553 948 1607 fieret
971 1551 1202 1608 Domino
1232 1567 1338 1606 non
1373 1548 1620 1620 iubente,
1648 1551 1738 1620 qui
1771 1549 1906 1604 nihil
1934 1549 1988 1604 in

399 1645 562 1700 rebus
588 1644 648 1698 fit
671 1644 774 1698 nisi
799 1643 1050 1715 jubente,
1078 1651 1171 1698 aut
1223 1642 1572 1713 permittente
1611 1641 1740 1708 Deo,
1772 1640 1862 1711 qui
1892 1654 1992 1710 per

400 1737 852 1803 misericordiam,
878 1751 1015 1808 quos
1055 1735 1169 1791 vult
1207 1743 1408 1799 sanat,
1438 1744 1494 1791 et
1538 1749 1642 1790 non
1690 1747 1826 1804 quos
1867 1748 1990 1802 pro-

399 1829 493 1884 bat
539 1843 734 1884 sanare
771 1827 921 1898 justo
962 1827 1168 1900 judicio
1217 1826 1482 1899 permittit
1533 1824 1793 1881 interire?
1839 1823 1988 1892 Qua-

400 1933 625 1996 propter
662 1923 864 1980 frustra
915 1931 1220 1980 murmurat
1289 1921 1451 1976 homo
1497 1929 1684 1976 contra
1730 1919 1990 1974 factorem

402 2031 580 2082 suum,
609 2015 699 2086 qui
724 2014 905 2084 justus
932 2023 1018 2070 est
1041 2015 1094 2069 in
1121 2013 1374 2070 erunibus
1398 2012 1502 2067 viis
1524 2012 1655 2077 suis,
1684 2021 1736 2067 et
1773 2021 1992 2067 sanctus

404 2105 459 2161 in
511 2105 766 2161 omnibus
811 2105 1068 2175 operibus
1119 2103 1253 2160 suis.
1308 2101 1462 2158 Unde
1513 2102 1685 2157 satius
1725 2111 1808 2157 est
1848 2102 1994 2172 quod

404 2213 697 2271 sequamur
741 2198 1118 2270 propheticam
1148 2196 1572 2252 admonitionem
1597 2234 1613 2262 ,
1647 2210 1758 2266 qua
1797 2195 1996 2250 exhor—

408 2295 554 2343 tatur
581 2302 680 2343 nos
703 2287 887 2342 dicens
914 2305 927 2341 :

479 2375 628 2431 Nun.
661 2395 679 2429 ι
713 2375 1035 2433 Scrutemur
1060 2376 1178 2432 vias
1207 2385 1451 2442 nostras,
1504 2385 1558 2431 et
1587 2389 1913 2446 quaeremus,
1941 2381 1998 2428 et

413 2485 433 2519 r
472 2476 810 2524 revertamur
836 2469 904 2525 ad
934 2469 1239 2525 Dominum.
1273 2489 1292 2522 ι

482 2556 630 2612 Nan.
665 2577 682 2610 ι
717 2558 984 2615 Levamus
1023 2561 1187 2616 corda
1236 2568 1422 2617 nostra
1459 2574 1581 2615 cum
1626 2559 1876 2615 manibus
1928 2559 1996 2614 ad

416 2666 434 2699 ι
471 2647 637 2702 Deum
666 2648 718 2703 in
746 2649 968 2706 ctelum.
1005 2669 1024 2702 ι
1061 2649 1352 2707 Sciendum
1379 2666 1510 2707 vero
1559 2659 1642 2707 est
1683 2651 1828 2721 quod
1848 2651 1999 2722 quis-

305 2741 322 2758 "
411 2737 532 2806 quis
553 2753 585 2792 a
614 2741 901 2810 praeceptis
937 2739 1233 2797 Dominicis
1263 2742 1540 2798 discordat
1579 2757 1763 2813 opere,
1790 2742 1999 2811 quoties

412 2843 474 2883 ea
509 2829 660 2884 audit
686 2831 848 2885 corde
875 2847 973 2887 suo
997 2831 1410 2902 reprehenditur
1437 2841 1600 2903 atque
1631 2831 1996 2896 confunditur,

2088 541 2228 597 sicut
2253 540 2390 596 alius
2415 541 2678 611 propheta
2706 541 2946 597 ostendit
2976 541 3162 596 dicens
3192 553 3208 593 :
3240 559 3258 591 ι
3290 539 3520 611 Propter
3539 555 3670 611 pec-

2087 640 2207 687 cata
2235 632 2378 687 enim
2408 640 2595 687 nostra
2625 672 2639 697 ,
2669 640 2724 686 et
2752 632 3064 702 iniquitates
3091 638 3306 702 patrum
3333 638 3677 697 nostrorum,

2085 722 2387 780 Jerusalem
2436 731 2492 779 et
2534 723 2764 794 populus
2788 733 2914 778 tuus
2943 724 2997 778 in
3025 720 3373 793 opprobrium
3409 729 3534 776 sunt
3558 736 3676 775 om-

2087 817 2247 873 nibus
2272 831 2370 888 per
2399 817 2689 872 circuitum
2736 826 3002 873 nostrum.
3040 836 3059 869 ι
3105 817 3260 874 Unde
3306 816 3469 872 etiam
3519 816 3680 872 nobis

2088 907 2386 963 timendum
2407 915 2512 974 est,
2538 923 2607 963 ne
2636 916 2690 962 et
2724 908 2824 978 ipsi
2851 948 2865 972 ,
2913 909 2959 964 si
3000 908 3487 978 contempserimus
3533 921 3675 978 pra:-

2088 1007 2242 1068 cepta
2299 997 2436 1064 Dei,
2501 1005 2556 1051 et
2621 997 2994 1053 inobedientes
3059 997 3322 1054 fuerimus
3385 997 3678 1069 Evangelia

2087 1086 2313 1154 Christi,
2364 1087 2555 1142 duram
2596 1088 2856 1159 gehennae
2884 1087 3182 1143 sentiamus
3208 1088 3502 1143 vindictam
3527 1127 3543 1154 ,
3585 1087 3681 1158 qui

2088 1180 2287 1251 corrigi
2319 1179 2570 1236 nolumus
2592 1180 2659 1236 de
2687 1181 2930 1250 peccatis
2952 1181 3019 1236 ad
3039 1179 3332 1248 justitiam.
3365 1181 3509 1238 Dicit
3531 1181 3685 1237 enim

2087 1268 2380 1340 Apostolus
2407 1269 2596 1342 (Hebr.
2621 1269 2678 1342 x)
2714 1288 2727 1324 :
2765 1289 2783 1322 ι
2815 1271 3134 1327 Voluntarie
3160 1273 3305 1327 enim
3328 1273 3691 1342 peccantibus

2088 1362 2244 1417 nobis
2271 1370 2395 1432 post
2420 1371 2699 1434 acceptam
2744 1362 2995 1418 notitiam
3036 1363 3284 1418 veritatis
3303 1363 3416 1432 jam
3444 1378 3552 1419 non
3583 1363 3682 1420 de-

2089 1452 2413 1522 relinquitur
2464 1468 2564 1523 pro
2621 1453 2860 1524 peccatis
2915 1454 3092 1510 hostia
3121 1495 3140 1520 ,
3191 1454 3451 1510 terribilis
3501 1463 3690 1509 autem.

2089 1543 2336 1613 quredam
2379 1544 2713 1614 exspectatio
2741 1545 2931 1616 judicii
2957 1585 2975 1611 ,
3021 1553 3075 1600 et
3104 1545 3245 1617 ignis
3268 1544 3541 1601 aemulatio
3568 1543 3688 1617 [cu-

2088 1631 2365 1711 mulatio],
2416 1653 2538 1708 qua:
2585 1647 2970 1708 consumptum
3026 1647 3112 1694 est
3167 1637 3528 1693 adversarios.
3567 1656 3585 1689 ι
3617 1636 3688 1692 Et

2092 1729 2225 1784 item
2254 1746 2268 1782 :
2300 1747 2319 1781 ι
2350 1728 2564 1784 Irritam
2595 1770 2611 1796 ,
2654 1729 2852 1800 inquit,
2893 1729 3016 1800 quis
3045 1727 3248 1784 faciens
3277 1727 3451 1799 legem
3489 1726 3698 1800 Moysi,.

2094 1823 2211 1878 sine
2250 1821 2358 1877 ulla
2389 1822 2783 1889 miseratione,
2834 1823 3043 1878 duobus
3095 1822 3180 1877 vel
3234 1822 3408 1877 tribus
3459 1821 3690 1877 testibus

2093 1913 2356 1980 moritur,
2412 1925 2617 1984 quanto
2669 1915 2842 1984 magis
2902 1913 3106 1983 putatis
3158 1912 3427 1968 deteriora
3485 1911 3692 1967 mereri

2096 2003 2376 2075 supplicia,
2402 2005 2493 2074 qui
2516 2003 2710 2058 Filium
2727 2004 2820 2059 Dei
2851 2003 3269 2065 conculcaverit,
3286 2011 3341 2058 et
3364 2001 3690 2074 sanguinem

2098 2094 2408 2150 testamenti
2441 2094 2702 2166 pollutum
2724 2094 2958 2160 duxerit,
2987 2095 3040 2150 in
3064 2110 3171 2164 quo
3193 2094 3559 2150 sanctificatus
3577 2102 3684 2160 est,

2097 2197 2151 2243 et
2177 2188 2390 2259 spiritui
2419 2187 2609 2259 gratiae
2637 2187 3020 2243 contumeliam
3059 2185 3283 2243 fecerit?
3319 2207 3338 2240 ›
3371 2186 3628 2257 Sequitur
3668 2205 3686 2240 :

2168 2276 2411 2333 Samech.
2446 2297 2464 2330 ι
2498 2277 2770 2348 Operuisti
2801 2278 2854 2333 in
2886 2278 3094 2344 furore,
3130 2286 3186 2333 et
3215 2277 3528 2350 percussisti
3561 2293 3686 2344 nos,

2102 2390 2121 2422 ι
2167 2371 2412 2427 occidisti
2443 2380 2627 2427 etnon
2652 2371 2964 2443 pepercisti.
3000 2392 3024 2424 ι
3057 2370 3374 2442 Ubicunque
3421 2371 3566 2428 enim
3597 2371 3684 2426 fu-

2098 2480 2212 2531 ror,
2237 2463 2321 2520 vel
2351 2464 2431 2518 ira
2459 2463 2571 2544 Dci|
2591 2466 2644 2518 in
2677 2462 2976 2536 Scripturis
3004 2464 3225 2536 legitur,
3251 2479 3358 2520 non
3403 2465 3689 2534 perturba-

2100 2557 2176 2612 tio
2216 2557 2453 2621 mentis,
2509 2556 2604 2612 sed
2646 2556 2790 2628 justa
2841 2557 3080 2613 vindicta
3130 2557 3185 2612 in
3239 2571 3398 2628 pmna
3432 2556 3702 2627 patientis.

2099 2649 2443 2720 exprimitur.
2481 2649 2625 2705 Deus
2650 2651 2792 2705 enim
2823 2648 3144 2705 naturaliter
3185 2650 3307 2720 pius
3351 2663 3566 2719 semper
3590 2649 3689 2705 bo-

2101 2755 2222 2806 nus,
2253 2749 2308 2795 et
2341 2739 2584 2811 placidus
2617 2749 2718 2806 est,
2769 2750 2823 2796 et
2865 2756 3081 2811 semper
3125 2741 3267 2796 idem
3312 2741 3426 2811 ipse
3462 2750 3547 2796 est
3571 2780 3586 2805 ,
3631 2748 3702 2796 et—

2103 2832 2230 2886 anni
2256 2831 2373 2902 ejus
2409 2846 2516 2887 non
2541 2815 2833 2888 'deﬁcient.
2875 2833 2951 2887 De
2979 2847 3086 2902 quo
3117 2830 3245 2887 alibi
3273 2830 3511 2902 legitur:
3551 2848 3571 2882 ι
3606 2831 3687 2885 Tu

414 2920 539 2991 quia
582 2921 635 2976 id
673 2922 817 2992 quod
857 2921 1046 2978 fecerit
1086 2932 1420 2979 memoratur
1459 2942 1473 2978 :
1523 2939 1650 2979 nam
1698 2925 1751 2979 in
1792 2939 1901 2995 quo
1941 2939 2002 2980 se
2103 2931 2321 2988 autem,
2375 2923 2604 2978 Domine
2649 2923 3026 2978 universorum
3059 2962 3074 2988 ,
3135 2938 3257 2978 cum
3294 2921 3698 2992 tranquillitate

415 3023 628 3065 errasse
669 3011 1013 3078 considerat,
1082 3013 1197 3083 ipsa
1254 3027 1314 3068 se
1369 3013 1605 3069 latenter
1664 3015 2001 3070 conscientia
2097 3015 2310 3086 judicas
2350 3023 2405 3071 et
2445 3015 2685 3085 disponis
2718 3015 2900 3070 omnia
2947 3013 3110 3088 (Sap.
3164 3015 3298 3088 xu);
3336 3035 3354 3069 ι
3398 3015 3518 3070 ideo
3559 3012 3701 3068 dum

416 3110 656 3157 accusat.
687 3101 842 3159 Unde
881 3103 1048 3159 David
1094 3105 1360 3175 propheta
1409 3108 1730 3176 deprecatur
1770 3107 1996 3163 dicens:
2038 3171 2069 3177 _
2103 3105 2336 3176 percutit
2362 3104 2655 3175 quemlibet
2682 3105 2765 3161 vel
2792 3105 3014 3172 occidit,
3046 3120 3144 3161 nec
3174 3106 3385 3177 parcit,
3423 3121 3531 3162 non
3560 3119 3689 3175 per-

422 3215 440 3246 t
474 3194 626 3252 Tunc
659 3212 766 3252 non
797 3196 1098 3253 confundar
1119 3197 1247 3253 dum
1295 3200 1528 3270 respicio
1555 3199 1608 3254 in
1634 3200 1816 3254 omnia
1848 3215 2001 3255 man-
2025 3171 2072 3234 (δ
2108 3196 2470 3252 turbationem
2506 3197 2669 3252 ullam
2710 3199 2763 3253 in
2811 3199 3102 3269 semetipso
3141 3199 3326 3266 sentit,
3359 3198 3454 3254 sed
3475 3197 3694 3270 quietus

417 3288 540 3343 data
569 3297 658 3343 tua
688 3288 862 3361 (Psal.
891 3289 1102 3364 cxvtu).
1128 3310 1148 3345 ο
1174 3290 1430 3348 Graviter
1457 3305 1691 3362 namque
1716 3292 2004 3362 unusquis—

417 3394 522 3448 que
560 3381 910 3437 confunditur
931 3423 946 3447 ,
971 3383 1188 3452 quando
1219 3384 1472 3439 mandata
1499 3384 1613 3449 Dei,
1647 3384 1732 3440 vel
1755 3383 1999 3456 legendo,

419 3469 502 3524 vel
529 3470 797 3527 audiendo
819 3472 1058 3543 respicit,
1089 3475 1182 3544 qui
1225 3475 1454 3532 vivendo
1491 3477 1833 3547 contempsit.
1867 3475 2005 3533 Hinc

417 3576 629 3631 quoque
656 3560 880 3618 Joannis
905 3579 1035 3618 voce
1063 3564 1262 3620 dicitur
1294 3584 1307 3620 :
1345 3583 1365 3617 ε
1405 3565 1464 3622 Si
1503 3581 1598 3622 cor
1619 3576 1862 3623 nostrum
1895 3582 2003 3623 non

419 3654 828 3723 reprehenderit
871 3671 970 3712 nos
995 3697 1010 3723 ,
1045 3656 1295 3713 ﬁduciam
1338 3659 1604 3715 habemus
1632 3661 1700 3716 ad
1732 3661 1924 3728 Deum,
1949 3670 2006 3717 et

415 3744 677 3815 quidquid
705 3747 1020 3817 petierimus
1041 3749 1196 3804 abeo
1222 3749 1552 3820 accipiemus
1581 3749 1632 3822 (I
1654 3750 1814 3805 Joan.
1843 3751 1955 3824 in);
1981 3771 1998 3799 ι

417 3849 484 3889 ac
513 3835 558 3890 si
587 3836 794 3892 diceret
820 3853 836 3892 :
861 3836 917 3892 Si
951 3838 1003 3893 id
1029 3840 1170 3909 quod
1207 3840 1454 3910 praecipit
1483 3840 1712 3896 facimus
1735 3881 1750 3906 ,
1778 3841 1831 3896 id
1862 3843 2004 3912 quod

418 3926 651 3996 petimus
675 3928 1060 3985 obtinebimus.
1094 3930 1261 3986 Valde
1291 3946 1522 4001 namque
1548 3932 1689 4002 apud
1716 3931 2005 3987 Dominum

418 4026 649 4088 utraque
682 4020 798 4075 haec
832 4022 932 4077 sibi
982 4023 1294 4078 necessario
1335 4031 1678 4092 congruunt,
1721 4030 1783 4077 ut
1809 4031 1863 4077 et
1883 4038 2007 4078 ora-

421 4109 566 4166 tione
597 4111 844 4180 operatio
867 4153 881 4179 ,
913 4121 968 4166 et
1007 4113 1322 4182 operatione
1351 4112 1606 4168 fulciatur
1630 4113 1827 4169 oratio.
1868 4112 2006 4168 Iliuc

418 4206 475 4253 et
517 4199 679 4255 modo
717 4198 985 4258 Jeremias
1018 4203 1094 4257 ait
1124 4221 1137 4257 :
1169 4222 1187 4255 ι
1227 4201 1546 4258 Scrutemur
1581 4204 1698 4260 vias
1744 4211 1962 4260 nostras
1986 4246 2001 4270 ,

419 4299 475 4346 et
499 4307 806 4362 quaeramus
833 4301 890 4348 et
919 4302 1261 4350 revertamur
1303 4294 1371 4350 ad
1423 4294 1730 4361 Dominum,
1767 4294 2008 4351 levemus

420 4386 582 4440 corda
613 4395 800 4442 nostra
844 4402 969 4442 eum
1010 4388 1262 4443 manibus
1313 4387 1381 4442 ad
1429 4386 1596 4444 Deum
1652 4387 1706 4442 in
1758 4387 1946 4443 caelos.
1980 4408 1999 4440 ι

421 4473 551 4530 Vias
581 4477 780 4532 etenim
831 4485 1046 4534 nostras
1089 4481 1340 4544 scrutari,
1371 4487 1457 4534 est
1486 4479 1874 4550 cogitationum
1921 4480 2006 4533 in-

422 4575 576 4622 terna
607 4568 896 4624 discutere.
929 4569 1037 4626 Cor
1064 4585 1196 4626 vero
1235 4587 1358 4626 cum
1386 4572 1637 4627 manibus
1679 4571 1825 4627 levat
1848 4613 1872 4638 ,.
1910 4573 2003 4642 qui

417 4659 718 4714 orationem
760 4675 914 4716 suam
970 4662 1224 4732 operibus
1281 4662 1519 4717 roborat.
1581 4661 1716 4716 Nam
1758 4663 2004 4733 quisquis

419 4758 561 4815 erat,
581 4750 676 4805 sed
698 4753 916 4821 operari
941 4751 1266 4816 dissimulat,
1290 4767 1384 4806 cor
1411 4751 1575 4817 levat,
1600 4760 1656 4807 et
1679 4767 1873 4807 manus
1897 4767 2003 4808 non

419 4841 561 4895 levat
601 4860 615 4896 :
665 4843 912 4914 quisquis
938 4859 1070 4900 vero
1105 4852 1362 4915 operatur
1403 4852 1459 4899 et
1507 4860 1613 4899 non
1639 4852 1783 4909 orat,
1812 4859 2010 4900 manus

419 4932 584 5001 levat,
613 4943 669 4990 et
708 4950 806 4990 cor
851 4952 958 4990 non
992 4937 1154 4992 levat.
1205 4935 1367 4992 Juxta
1405 4953 1534 5008 ergo
1561 4937 1786 4994 Joannis
1815 4953 2004 4994 vocem

420 5031 549 5079 tunc
573 5038 668 5079 cor
687 5025 939 5080 fiduciam
972 5026 1026 5081 in
1061 5027 1308 5082 oratione
1333 5027 1564 5097 accipit,
1594 5043 1716 5083 cum
1747 5027 1848 5082 sibi
1882 5027 2007 5083 vita:

418 5118 659 5186 pravitas
684 5118 830 5172 nulla
857 5120 1198 5187 contradicit,
1245 5129 1302 5175 et
1324 5120 1588 5175 bonorum
1611 5135 1836 5190 operum
1865 5120 2008 5176 actio

417 5215 653 5269 orationi
684 5215 943 5271 concinit.

489 5306 638 5362 Nan.
674 5326 694 5360 ‹
727 5307 837 5365 Nos
862 5310 1044 5379 inique
1081 5310 1315 5381 egimus,
1337 5317 1394 5364 et
1416 5310 1483 5365 ad
1509 5309 1847 5364 iracundiam
1883 5325 2006 5380 pro-

424 5413 444 5447 ι
485 5399 797 5456 vocavimus
827 5441 842 5466 ,
893 5401 1092 5455 idcirco
1146 5409 1198 5455 tu
1247 5399 1596 5456 inexorabilis
1619 5413 1697 5454 es.
1724 5419 1744 5452 ι
1772 5399 2008 5469 Propter

417 5497 643 5559 peccata
677 5491 820 5545 enim
871 5491 1050 5561 populi
1099 5503 1154 5547 et
1204 5493 1660 5564 transgressiones
1701 5491 2001 5561 plurimas,

414 5595 554 5651 quas
598 5583 666 5637 ab
705 5583 860 5638 initio
911 5583 1152 5639 fecerunt
1192 5585 1478 5639 Dominum
1538 5585 1604 5639 ad
1663 5584 2000 5640 iracundiam

413 5684 799 5743 provocantes,
821 5676 978 5732 simul
1008 5693 1131 5732 cum
1157 5678 1374 5732 civitate
1396 5675 1630 5747 disperdi
1664 5685 2000 5741 meruerunt,

418 5777 520 5818 nec
550 5763 664 5836 jam
707 5763 855 5839 digni
892 5765 1109 5822 fuerunt
1139 5767 1320 5834 venia,
1344 5767 1432 5836 qui
1460 5764 1655 5822 Filium
1693 5765 1786 5822 Dei
1826 5765 1891 5820 ad
1946 5782 2004 5823 se

2033 4523 2082 4583 D

2107 3289 2187 3344 vel
2218 3289 2460 3360 placidus
2487 3330 2502 3356 ,
2552 3305 2676 3346 reos
2704 3290 2913 3346 debitas
2943 3306 3134 3362 punias
3180 3292 3389 3348 solvere
3417 3291 3579 3364 cogit.
3614 3291 3693 3348 De

2106 3397 2212 3452 quo
2239 3382 2417 3439 adhuc
2443 3383 2689 3439 subditur
2715 3403 2728 3438 z

2177 3471 2425 3529 Samech.
2464 3493 2483 3526 ι
2522 3473 2832 3546 Opposuisti
2885 3475 3085 3531 nubem
3146 3476 3242 3532 tibi
3269 3518 3295 3543 ,.
3342 3491 3412 3532 ne
3453 3483 3692 3533 transeat

2113 3583 2130 3615 ι
2178 3563 2372 3620 oratio.
2407 3583 2427 3616 ι
2462 3563 2667 3620 Nubem
2699 3566 2802 3621 sibi
2821 3581 3096 3637 opponere
3122 3567 3319 3622 dicitur
3361 3569 3522 3633 Deus,
3566 3581 3691 3624 eum

2107 3654 2346 3724 ingratas
2372 3668 2560 3724 preces
2589 3655 2885 3724 petentium
2914 3656 3174 3711 exaudire
3217 3655 3570 3728 dedignatur,
3616 3655 3701 3710 ita-

2107 3746 2280 3802 nubes
2308 3746 2555 3817 opposita
2584 3747 2828 3802 orationi.
2847 3747 3060 3802 videtur
3084 3787 3100 3813 ,
3131 3763 3253 3803 cum
3303 3748 3533 3818 caligine
3561 3763 3696 3818 qua-

2107 3837 2232 3891 dam
2262 3846 2316 3891 et
2346 3837 2528 3892 nubilo
2555 3837 2814 3892 caecitatis
2840 3852 2996 3892 mens
3019 3837 3348 3904 obvolvitur,
3396 3854 3498 3894 nec
3541 3839 3706 3894 radio.
3733 3881 3738 3886 .

2109 3929 2305 3984 divinm
2357 3929 2830 3999 contemplationis
2873 3928 3131 3984 illustrari
3172 3939 3465 3985 mereatur.
3491 3928 3696 4002 (Greg.)

2108 4017 2242 4073 Cum
2293 4017 2435 4073 Deus
2472 4019 2526 4073 in
2554 4018 2802 4074 oratione
2827 4033 2934 4073 non
2963 4019 3242 4088 quarritur,
3273 4019 3435 4074 citius
3482 4020 3700 4077 animus

2109 4109 2164 4164 in
2215 4109 2463 4166 oratione
2508 4109 2742 4166 lassatur
2783 4125 2799 4165 :
2851 4109 2978 4181 quia
3029 4125 3154 4166 cum
3201 4109 3292 4165 illa
3339 4111 3570 4182 quisque
3601 4127 3697 4182 po-

2108 4203 2292 4270 stulat,
2323 4218 2444 4274 qua:
2492 4203 2725 4260 fortasse
2753 4202 2913 4274 juxta
2957 4201 3238 4259 occultum-
3263 4202 3523 4272 judicium
3553 4203 3698 4260 Deus

2109 4298 2411 4353 retribuere
2451 4305 2688 4363 recusat,
2725 4297 2831 4367 ipsi
2870 4309 3084 4366 quoque
3128 4295 3276 4351 venit
3303 4296 3355 4350 in
3389 4294 3696 4363 fastidium,

2108 4390 2199 4460 qui
2230 4405 2338 4444 non
2387 4389 2503 4444 vult
2546 4389 2681 4444 dare
2721 4388 2867 4459 quod
2902 4397 3134 4442 amatur.
3186 4386 3448 4443 Conditor
3482 4387 3698 4444 univer-

2109 4483 2284 4538 sitatis
2356 4481 2616 4536 Dominus
2672 4496 2732 4537 se
2803 4481 2976 4552 magis
3037 4495 3199 4551 quam
3269 4495 3331 4536 ea
3381 4495 3504 4551 qua:
3562 4497 3696 4538 con-

2113 4575 2247 4629 didit
2274 4573 2390 4628 vult
2438 4573 2648 4638 amari,
2687 4581 2743 4628 et
2795 4581 2998 4628 aeterna
3047 4571 3227 4642 potius
3261 4588 3438 4643 quam
3481 4580 3696 4629 terrena

2111 4665 2414 4736 postulari,
2474 4680 2596 4720 cum
2638 4666 2828 4722 eadem
2870 4663 3087 4721 Veritas
3134 4665 3279 4720 dicat
3328 4683 3359 4723 ε’
3405 4685 3424 4718 ι
3461 4665 3698 4734 ρυεῐιιίιθ

2113 4765 2293 4813 autem
2321 4758 2554 4828 primum
2585 4772 2810 4829 regnum
2839 4757 2938 4813 Dei
2960 4765 3014 4812 et
3026 4757 3294 4826 justitiam
3331 4757 3468 4828 ejus,
3497 4765 3551 4811 et
3580 4758 3698 4812 hinc

2111 4849 2291 4903 omnia
2323 4849 2643 4919 adjicientur
2667 4848 2821 4904 vobis
2847 4847 3063 4920 (Matth.
3107 4848 3206 4916 γι).
3240 4866 3259 4904 ›
3290 4848 3391 4915 Qui
3417 4849 3560 4902 enim
3587 4863 3694 4902 non

2112 4941 2204 5003 ait,
2234 4940 2526 5003 dabuntur,
2554 4939 2650 4994 sed
2670 4938 2989 5009 adjicientur
3013 4954 3028 4992 :
3060 4937 3302 5008 profecto
3318 4937 3528 5007 judicat
3551 4935 3698 4992 aliud

2110 5047 2230 5087 esse
2265 5032 2408 5101 quod
2436 5031 2806 5102 principaliter
2844 5032 3032 5094 datur,
3080 5029 3224 5083 aliud
3264 5028 3406 5098 quod
3433 5029 3701 5098 superad-

2111 5122 2274 5175 ditur.
2308 5121 2446 5188 Quia
2479 5121 2626 5176 enim
2662 5121 2818 5176 nobis
2856 5121 2910 5173 in
2940 5118 3238 5174 intentione
3279 5117 3556 5172 aeternitas
3579 5159 3594 5184 ,
3637 5117 3693 5172 in

2112 5227 2210 5266 usu
2239 5225 2369 5265 vero
2402 5211 2783 5280 temporalitas
2807 5224 2928 5265 esse
2958 5209 3117 5264 debet
3150 5227 3162 5261 :
3199 5217 3255 5264 et
3284 5207 3413 5263 illud
3435 5209 3615 5272 datur,
3640 5217 3696 5263 et

2109 5301 2213 5357 hoc
2242 5281 2498 5356 nimirum
2535 5317 2601 5356 ex
2641 5301 2935 5356 abundanti
2975 5300 3374 5372 superadditur.
3413 5301 3481 5356 Et
3512 5311 3693 5356 tamen

2110 5407 2250 5462 sacpe
2279 5392 2526 5446 homines
2551 5391 2679 5446 dum
2705 5392 2760 5445 in
2787 5392 3034 5447 oratione
3064 5392 3202 5447 bona
3227 5391 3538 5462 temporalia
3566 5408 3694 5462 pos-

2111 5483 2317 5547 tulant,
2345 5489 2548 5536 aeterna
2584 5497 2713 5537 vero
2757 5483 2979 5551 praemia
3021 5498 3126 5538 non
3165 5485 3469 5553 requirunt.
3504 5491 3696 5553 petunt

2109 5573 2253 5644 quod
2277 5573 2492 5628 additur
2516 5591 2528 5626 :
2561 5580 2617 5627 et
2642 5572 2770 5628 illud
2788 5588 2894 5628 non
2921 5573 3249 5640 desiderant,
3275 5574 3364 5630 ubi
3383 5573 3694 5645 adjiciatur,

2110 5683 2210 5722 nec
2239 5667 2447 5720 lucrum
2479 5678 2600 5719 esse
2629 5680 2740 5719 sua:
2768 5665 3046 5735 petitionis
3092 5666 3373 5736 deputant,
3402 5666 3446 5722 si
3470 5666 3559 5720 hic
3585 5665 3704 5719 sint-

2112 5758 2483 5832 temporaliter
2508 5772 2793 5830 pauperes,
2821 5769 2874 5815 ct
2907 5759 3014 5815 illic
3046 5759 3373 5816 beatitudine
3414 5758 3614 5814 divites.
3637 5755 3702 5807 in
