3998 6202
357 344 493 400 1255

1024 348 1086 404 Β.
1128 350 1378 407 RABANI
1421 351 1638 410 MAURI
1676 353 1906 410 ARCllll

2031 354 2635 419 MOGUNT.OPERUM
2672 362 2853 419 PARS
2890 361 2978 418 ιη.

3483 363 3618 419 1258

354 469 617 513 aeternum
643 458 862 526 vivant,
890 460 984 516 sed
1016 462 1165 529 solis,
1191 470 1252 517 ut
1277 464 1478 519 dictum
1507 473 1610 530 est,
1636 459 1937 522 visibilibus
1965 471 2011 529 Α
2042 483 2192 523 rasse
2229 471 2529 542 conspicit,
2560 482 2614 527 et
2643 473 2686 528 si
2718 487 2836 528 eam
2875 475 3144 544 quomodo
3179 485 3395 546 accepta
3429 480 3623 548 nequi-

354 548 571 615 intenti,
599 548 784 607 labore
809 552 1185 622 postulationis
1209 566 1440 612 renuunt
1473 555 1765 614 invisibilia
1791 573 1936 614 mer-

351 641 498 708 cari;
527 641 618 712 qui
639 643 683 698 si
715 655 950 716 superna
990 651 1314 716 quaererent,
1346 648 1456 719 jam
1482 664 1604 705 cum
1642 650 1820 706 fructu
1850 651 1931 706 ia-

353 733 538 788 buretn
577 735 919 793 exhiberem.
963 737 1100 794 Hine
1146 738 1381 796 Iacobus
1407 741 1480 798 ait
1519 761 1532 797 :
1577 761 1596 794 ‹
1649 737 1840 799 Petitis
1879 753 1934 800 et

354 839 460 879 non
492 827 779 898 accipit-is;
807 843 876 883 eo
905 829 1062 898 quod
1102 830 1243 886 male
1295 832 1533 902 petatis,
1563 841 1622 888 ut
1652 833 1709 888 in'
1731 845 1934 889 concu-

350 918 630 988 piscentiis
661 920 858 976 vestris
905 922 1200 978 insumatis'
1239 925 1382 995 (Jac.
1415 925 1477 993 ι).
1524 945 1554 978 »-
1597 923 1932 982 Praedixerat

349 1025 446 1065 eos
471 1025 587 1066 non
611 1011 919 1083 postulare,
957 1021 1013 1068 et
1054 1023 1180 1070 tunc
1218 1016 1348 1070 dicit
1385 1030 1479 1071 eos
1521 1017 1662 1072 male
1705 1026 1926 1087 petere,

347 1102 474 1172 quia
495 1104 586 1173 qui
619 1104 758 1160 male
787 1107 922 1176 petit
960 1105 1072 1176 jam
1114 1107 1167 1162 in
1215 1117 1506 1178 conspectu
1549 1109 1756 1165 interni'
1777 1111 1930 1166 testis

345 1191 479 1246 nihil
508 1200 690 1263 petere
724 1194 956 1249 videtur.
988 1195 1126 1252 Male
1153 1205 1332 1252 autem
1375 1197 1542 1269 petit,
1573 1199 1676 1268 qui
1715 1199 1926 1254 Domini

339 1281 486 1352 jussa
519 1293 874 1341 contemnens
905 1302 934 1340 a
977 1287 1204 1343 Domino
1241 1287 1500 1343 beneficia
1525 1301 1756 1358 superna
1788 1289 1928 1344 desi-

344 1375 514 1430 derat.
558 1375 694 1430 Male
736 1377 872 1446 petit
913 1386 968 1432 et
1009 1378 1096 1433 ille
1149 1379 1263 1448 qui,
1298 1380 1500 1435 antisse
1526 1393 1712 1436 amore
1738 1397 1926 1451 supcr-

343 1486 558 1536 norum,
576 1470 758 1525 inﬁma
786 1481 990 1526 tantum
1013 1474 1204 1542 quarrit
1232 1472 1371 1527 bona
1395 1473 1694 1543 percipere.
1720 1467 1784 1528 Et
1813 1473 1926 1529 hmc

343 1575 450 1617 non
477 1562 544 1618 ad
582 1563 1030 1618 sustentationem
1072 1563 1322 1619 humana;
1351 1561 1680 1633 fragilitatis,
1725 1564 1822 1618 sed
1857 1564 1923 1618 ad

341 1653 760 1708 redundantiam
804 1652 987 1708 libera:
1025 1653 1338 1724 voluptatis.
1363 1652 1478 1708 Huc
1501 1662 1586 1708 est
1609 1654 1753 1709 enim
1779 1654 1924 1726 quod

337 1745 438 1810 ait,
462 1754 523 1800 ut
559 1745 612 1799 in
643 1744 1095 1814 concupiscentiis
1126 1743 1322 1799 vestris
1349 1743 1654 1799 insumatis.

2036 561 2110 615 tia
2139 576 2396 618 revocare
2426 564 2630 634 possit,
2673 572 2788 620 toto
2828 566 2949 621 nisu
2994 567 3278 623 elaborare
3306 570 3617 625 contendit.

2035 651 2146 708 Ubi
2192 654 2525 720 notandum,
2567 657 2710 726 quod
2749 669 2854 711 nou
2901 672 3006 712 una
3055 659 3356 728 eademque
3399 676 3621 730 semper

2031 747 2374 816 compunctio
2415 747 2486 803 sit
2520 748 2574 804 in
2603 748 2789 804 electis
2819 790 2835 816 ,
2872 750 2964 805 sed
2995 766 3094 822 pro
3125 752 3386 807 varietate
3429 769 3619 808 rerum

2033 833 2246 898 animus
2288 850 2477 892 eorum
2520 837 2750 894 diversis
2804 840 2982 896 modis
3032 842 3433 914 compungitur‘.
3495 842 3618 897 Non

2030 921 2174 977 enim
2216 925 2394 980 omnis
2441 925 2803 999 lacrymarum
2849 928 3090 999 profusio
3144 946 3250 986 uno
3293 925 3489 987 affectu
3529 933 3619 988 vel

2030 1029 2137 1068 una
2185 1015 2384 1072 virtute
2430 1017 2783 1089 depromitur.
2829 1019 3003 1075 Aliter
3053 1022 3210 1076 enim'
3258 1021 3346 1078 ille
3389 1033 3620 1078 emanat

2029 1101 2205 1171 ﬂetus,
2231 1105 2322 1173 qui
2348 1114 2692 1175 peccatorum
2741 1108 2894 1178 spina
2943 1124 3039 1164 cor
3079 1119 3323 1165 nostrum
3349 1127 3617 1182 compun-

2029 1201 2188 1264 gente
2207 1195 2499 1264 profertur.
2530 1197 2606 1251 De
2626 1197 2979 1267 quodicitur:
3003 1197 3301 1255 «Laboravi
3326 1201 3380 1255 in
3409 1203 3621 1271 gemitu

2029 1297 2170 1351 meo,
2203 1286 2393 1344 lavabo
2419 1302 2518 1360 per
2541 1289 2781 1360 singulas
2810 1299 2996 1346 noctes
3033 1287 3244 1346 lectum
3281 1301 3487 1356 meum,
3539 1292 3620 1346 ia-

2027 1376 2230 1446 crymis
2275 1378 2412 1433 meis
2447 1387 2681 1434 stratum
2729 1396 2906 1436 meum
2947 1381 3153 1454 r‘igabo.
3183 1401 3205 1436 ›
3228 1381 3404 1438 Aliter
3425 1383 3520 1452 qui
3546 1384 3619 1437 de

2027 1467 2481 1537 contemplatione
2531 1479 2857 1526 aeternorum
2887 1472 3178 1539 bonorum,
3242 1481 3298 1528 et
3337 1473 3617 1529 desiderio

2029 1554 2221 1612 futura:
2247 1557 2387 1613 illius
2410 1558 2696 1616 cbaritatis
2722 1561 2984 1616 exoritur.
3016 1560 3128 1617 Pro'
3153 1578 3258 1633 qua
3291 1562 3455 1618 etiam
3479 1564 3617 1618 ube-

2027 1647 2204 1704 riores
2230 1649 2596 1721 lacrymarum
2638 1650 2814 1707 fontes
2840 1653 2906 1707 de
2946 1652 3292 1708 intolerantia
3337 1655 3520 1724 gaudii
3557 1668 3619 1710 et

2025 1739 2322 1796 alacritatis
2348 1741 2714 1799 immensitate
2743 1754 3118 1817 prorumpunt,
3142 1746 3269 1802 dum
3291 1747 3404 1802 sitit
3427 1748 3612 1802 anima

410 1836 650 1894 Sameclt.
687 1857 706 1890 ι
746 1838 1179 1893 Eradicationem
1212 1847 1268 1894 et
1314 1835 1666 1906 abjectionem
1694 1837 1920 1906 posuisti
1951 1825 1998 1886 Β
2028 1840 2210 1886 nostra
2231 1832 2297 1886 ad
2319 1835 2486 1889 Deum
2501 1834 2703 1890 fontem
2725 1837 3128 1903 vivum,dicens
3150 1854 3276 1894 eum
3295 1841 3564 1910 Propheta
3593 1859 3610 1897 :

341 1951 360 1984 ι
408 1949 493 1988 me
523 1933 575 1988 in
608 1942 897 2003 conSpectu
934 1932 1269 2004 populorum.
1319 1927 1606 2004 (Marinus)
1663 1928 1922 1985 Eradica-

338 2033 446 2078 tam
479 2039 539 2078 se
568 2033 771 2080 asserit
806 2032 859 2080 et
909 2023 1173 2095 abjectam
1206 2023 1358 2095 plebs
1405 2022 1627 2079 Judaica
1655 2062 1670 2089 ,
1707 2022 1834 2092 quia
1866 2023 1920 2077 in

335 2113 624 2169 Clialdaica
657 2114 967 2184 captivitate
999 2129 1142 2184 smpe
1177 2129 1277 2183 pro
1308 2114 1605 2170 sceleribus
1644 2113 1756 2168 suis
1794 2127 1922 2168 con-

335 2203 461 2258 trita
489 2212 592 2260 est.
621 2204 865 2260 Primum
886 2203 1272 2271 sub-Joachim,
1294 2204 1487 2260 deinde
1516 2204 1616 2260 sub
1635 2203 1919 2270 Jcclionia,

333 2295 496 2352 tertio
517 2295 618 2352 sub
644 2294 906 2353 Sedechia
930 2337 945 2363 ,
977 2297 1193 2368 quando
1217 2297 1350 2352 urbs
1375 2305 1584 2352 vastata
1633 2294 1918 2366 templum-

333 2401 440 2456 que
473 2387 754 2442 incensum
784 2396 888 2454 est,
918 2396 972 2443 et
1000 2387 1140 2442 muri
1167 2388 1422 2443 destructi
1443 2428 1457 2453 ,
1487 2395 1762 2458 postremo
1789 2385 1917 2442 reli-

333 2477 495 2548 quize,
548 2493 671 2550 qua:
721 2479 822 2535 sub
866 2478 1088 2535 Godolia
1142 2480 1209 2534 ad
1257 2478 1600 2534 habitandam
1638 2487 1838 2533 terram
1884 2493 1915 2534 a

335 2569 694 2627 Nabuzardan
723 2571 967 2643 principe
1017 2571 1224 2628 militia:
1269 2571 1469 2628 relicta:
1521 2580 1685 2638 sunt,
1726 2581 1916 2627 contra

331 2671 661 2733 praceptum
708 2664 941 2730 Domini,
973 2663 1117 2735 quod
1145 2665 1227 2720 eis
1265 2678 1364 2736 per
1401 2664 1718 2735 prophetam
1761 2680 1916 2720 man-

335 2757 581 2821 daverat,
603 2755 658 2810 in
689 2753 981 2827 Egyptum
1008 2771 1106 2828 per
1135 2765 1323 2830 gentes
1352 2757 1422 2814 ibi
1451 2758 1829 2829 dispericrunt.
1854 2757 1912 2814 In

331 2844 577 2901 Romana
607 2860 738 2902 vero
765 2846 1080 2916 captivitate
1106 2847 1179 2902 ita
1210 2848 1341 2904 urbs
1376 2855 1488 2903 tota
1533 2856 1588 2903 et
1639 2855 1784 2902 terra
1815 2847 1912 2904 de-

331 2944 542 2991 vastata
571 2946 676 3004 est,
704 2945 759 2992 et
791 2937 944 3007 plebs
971 2939 1249 3011 dissipata,
1270 2947 1330 2994 ut
1359 2939 1560 2994 nullam
1589 2938 1728 2994 ultra
1760 2953 1910 3010 spem

331 3031 744 3088 restaurationis
782 3031 1063 3095 haberent,
1097 3032 1192 3088 sed
1238 3045 1410 3104 usque
1457 3031 1511 3086 in
1542 3029 1912 3102 finem'perse-

2030 1940 2050 1975 ‹
2092 1922 2316 1992 Quando
2363 1927 2575 1982 veniam
2615 1935 2669 1983 et
2699 1923 3062 1999 parebo-ante
3104 1931 3454 2003 conspectum
3478 1933 3613 1989 Dei?

2025 2012 2196 2084 (Psal.
2214 2015 2386 2087 cxtx.)
2399 2036 2417 2068 ι
2448 2016 2690 2074 Fuerunt
2704 2021 2833 2075 mihi
2850 2020 3246 2092 lacrymaameze
3261 2038 3430 2093 panes
3442 2026 3532 2080 die
3544 2041 3614 2081 ac

2021 2117 2201 2174 nocte,
2228 2123 2350 2164 cum
2390 2109 2591 2180 ejulatu
2622 2112 2862 2182 quotidie
2888 2122 2943 2169 et
2973 2113 3357 2170 lamentatione
3393 2117 3614 2187 procla-

2021 2215 2175 2256 mans
2203 2218 2216 2254 :
2248 2219 2266 2253 ‹
2290 2201 2405 2258 Heu
2427 2204 2589 2260 mihi!
2619 2205 2761 2275 quod
2786 2205 3051 2262 incolatus
3078 2222 3231 2263 meus
3252 2208 3612 2279 prolongatus

2019 2297 2126 2354 est,
2155 2299 2207 2345 et
2233 2291 2458 2346 multum
2487 2293 2661 2349 incola
2689 2294 2792 2350 fuit
2819 2295 2996 2351 anima
3039 2295 3181 2351 mea.
3216 2317 3235 2350 ι
3277 2297 3447 2353 Aliter
3472 2314 3608 2368 pro-

2019 2378 2191 2436 fluunt
2236 2381 2487 2455 lacrymte
2529 2385 2734 2455 absque
2777 2384 2883 2440 ulla
2927 2385 3141 2457 quidem
3179 2382 3367 2443 talium
3411 2391 3611 2445 crimi-

2018 2485 2146 2524 num
2192 2472 2544 2539 conscientia,
2595 2474 2690 2529 sed
2737 2484 2915 2532 tamen
2960 2477 3028 2532 de
3077 2487 3223 2534 metu
3255 2481 3517 2550 gehennae
3552 2492 3611 2537 et

2018 2559 2275 2616 terribilis
2303 2561 2443 2618 illius
2469 2562 2656 2633 judicii
2687 2566 3059 2624 recordatione
3084 2567 3404 2639 procedunt;
3441 2571 3608 2642 cujus

2019 2657 2228 2706 terrore
2266 2649 2534 2723 Propheta
2585 2655 2866 2725 perculsus
2901 2665 3023 2712 orat
3071 2659 3140 2713 ad
3187 2659 3355 2714 Deum
3383 2677 3400 2718 :
3429 2681 3447 2713 ι
3479 2661 3603 2718 Non

2016 2739 2186 2795 intres
2225 2741 2276 2796 in
2310 2741 2571 2812 judicium
2610 2755 2732 2798 cum
2765 2759 2923 2801 servo
2963 2755 3072 2810 tuo,
3105 2748 3230 2818 quia
3261 2764 3366 2804 non
3389 2748 3596 2819 justiﬁ-

2015 2829 2228 2884 cabitur
2255 2830 2306 2885 in
2333 2843 2621 2903 conspectu
2649 2843 2740 2890 tuo
2765 2835 2941 2891 omnis
2965 2837 3148 2895 vivens
3172 2833 3343 2912 (Psal.
3367 2841 3562 2912 chn).
3578 2863 3594 2894 ι

2014 2918 2111 2974 Est
2133 2920 2296 2975 etiam
2338 2921 2482 2978 aliud
2517 2933 2688 2994 genus
2732 2925 3110 2998 lacrymarum,
3159 2931 3312 2998 quod
3345 2946 3452 2986 on
3499 2949 3602 3003 pro

2014 3023 2110 3065 sua
2156 3011 2506 3080 conscientia,
2538 3015 2632 3072 sed
2659 3031 2761 3088 pro
2797 3017 2970 3074 aliena
3019 3019 3216 3077 duritia
3244 3021 3600 3095 peccatisque

333 3120 545 3175 verabit
565 3119 692 3190 ejus
711 3122 992 3178 desolatio.
1021 3122 1250 3195 Mystice
1279 3132 1456 3179 autem
1485 3123 1908 3179 eradicationem
1936 3173 1980 3195 η
2017 3113 2309 3176 εθηθτειυτ
2331 3139 2359 3173 ν·
2398 3109 2542 3178 (μιοά
2592 3107 2810 3166 Samuel
2865 3111 3009 3166 illam
3056 3127 3269 3184 quoque
3315 3115 3597 3171 είνίῑειιεῐη

331 3219 390 3262 et
415 3208 774 3280 abjectionem
809 3228 839 3267 a
869 3173 1097 3268 Domino
1124 3213 1328 3284 patitur
1351 3215 1528 3268 anima
1554 3213 1827 3284 peccatrix
1855 3214 1906 3268 in

2017 3173 2376 3266 llierusalem,
2404 3173 2490 3255 vel
2521 3201 2779 3259 Dominus
2814 3203 2866 3259 in
2895 3173 3206 3275 Evangelia,
3242 3206 3328 3260 vel
3372 3206 3426 3260 in
3457 3221 3602 3278 pra:-

331 3299 514 3354 uiedio
561 3300 881 3372 populorum
916 3302 1208 3358 constituta
1236 3341 1253 3369 ,
1301 3303 1516 3372 quando
1571 3317 1599 3357 a
1657 3301 1909 3374 malignis

330 3391 613 3462 Spil‘ilibtls
646 3391 718 3446 ita
747 3391 1038 3447 virtutibus
1067 3391 1348 3462 spoliatur,
1376 3399 1430 3448 et
1469 3391 1652 3447 radice
1682 3391 1805 3447 fidei
1830 3400 1908 3448 te-

331 3486 570 3544 nuatur,
620 3488 678 3532 ut
710 3479 822 3550 jam
870 3494 976 3534 non
1017 3479 1248 3545 honori,
1299 3478 1392 3534 sed
1440 3480 1680 3536 omnium
1724 3489 1908 3552 pateat

327 3568 586 3636 irrisioni,
619 3569 831 3640 ipsique
855 3569 1059 3626 inimici
1089 3570 1436 3626 dominentur
1480 3571 1623 3628 illius
1647 3613 1661 3637 ,
1707 3580 1763 3628 et
1807 3573 1903 3630 de-

326 3669 497 3730 cepta:
518 3659 799 3727 insultent,
835 3661 962 3731 quia
987 3659 1142 3730 juxta
1177 3661 1369 3716 merita
1411 3676 1507 3716 sua
1535 3676 1745 3732 pmnas,
1771 3679 1906 3733 quas

323 3754 560 3810 ci-sacra
601 3753 883 3826 Scriptura
917 3755 1198 3824 prmdixit,
1221 3763 1277 3810 et
1302 3754 1552 3826 laqueum
1585 3756 1904 3828 perditionis

324 3846 597 3901 sustinere
625 3855 871 3917 cogatur.
904 3846 1055 3903 Unde
1075 3854 1130 3903 et
1151 3847 1398 3916 sequitur
1431 3865 1445 3902 τ

396 3935 527 3992 Phe.
557 3955 577 3990 ι
607 3937 953 4009 Aperueruut
983 3951 1146 4009 super
1168 3953 1269 3995 uos
1296 3954 1359 3996 os
1393 3953 1551 3995 suum
1585 3953 1776 3996 omnes
1798 3938 1901 3995 ini-

328 4047 347 4080 c
392 4028 518 4084 mici
549 4028 744 4084 nostri.
784 4047 803 4082 ι

393 4115 524 4172 Phe.
556 4135 575 4171 ι
607 4117 864 4174 Formido
890 4128 944 4175 et
977 4119 1216 4191 laqueus"
1246 4107 1424 4177 facias
1453 4127 1539 4177 est
1571 4119 1727 4176 nobis
1763 4119 1900 4176 vati-

325 4227 344 4260 ι
388 4209 592 4265 cinatio
614 4217 669 4264 et
696 4209 973 4266 contritio.
1013 4211 1326 4283 vAperiunt
1351 4211 1498 4266 enim
1527 4219 1656 4266 tunc
1694 4211 1898 4267 inimici

319 4319 388 4356 os
409 4315 563 4357 suum
600 4316 764 4372 super
789 4311 1138 4373 peccatores,
1183 4303 1402 4374 quando
1436 4315 1531 4357 eos
1565 4301 1792 4358 diversis
1821 4301 1899 4356 la-

316 4394 551 4450 niatibus
577 4401 634 4450 et
663 4394 992 4451 cruciatibus
1021 4396 1281 4451 devorare
1322 4395 1581 4452 festinant
1601 4394 1893 4460 debitores,

318 4501 416 4542 nec
443 4486 522 4542 eis
550 4486 605 4540 in
635 4485 816 4557 aliquo
852 4487 1174 4543 miserantes
1200 4496 1423 4558 parcent
1451 4527 1466 4554 ,
1497 4487 1590 4544 sed
1617 4487 1669 4541 in
1705 4485 1892 4542 formi-

315 4574 495 4630 dinem
538 4590 822 4646 pmnarum
845 4615 860 4639 ,
894 4585 950 4630 et
973 4576 1224 4648 laqueum
1269 4577 1606 4650 perditionis,
1645 4577 1798 4648 juxta
1839 4577 1892 4633 id

313 4667 458 4736 quod
507 4667 852 4738 propheticus
881 4682 1060 4724 sermo
1087 4670 1437 4739 peccantibus
1458 4669 1729 4740 przedixit,
1754 4685 1893 4740 prm-

312 4757 542 4828 eipitare
596 4757 814 4814 student
861 4775 874 4811 :
925 4758 1068 4814 unde
1131 4768 1260 4814 tunc
1303 4761 1564 4830 propheta
1612 4761 1890 4816 interitum

309 4847 492 4920 populi
521 4847 605 4905 sui
631 4847 1001 4919 multipliciter
1041 4849 1293 4919 ploravit,
1325 4857 1378 4904 et
1407 4865 1552 4904 nunc
1571 4856 1757 4905 sancta
1786 4836 1890 4906 Ec-

306 4939 474 4997 clesia
511 4939 815 4996 animarum
856 4938 1195 5012 peccantium
1242 4939 1451 4994 ruinam
1494 4939 1890 4996 incessabiliter

306 5031 535 5104 plangit,
569 5030 711 5087 sicut
736 5031 790 5086 in
819 5029 1064 5101 sequenti
1091 5029 1359 5086 sententia
1390 5029 1813 5086 demonstratur.

378 5120 512 5177 Phc.
549 5139 569 5173 ε
609 5121 910 5178 Divisiones
935 5135 1198 5192 aquarum
1225 5121 1444 5176 deduxit
1479 5121 1666 5178 oculus
1692 5138 1844 5179 meus
1868 5165 1883 5190 ,

313 5229 334 5263 ι
375 5211 430 5266 in
466 5212 797 5269 contritione
829 5212 952 5268 tilia:
986 5212 1167 5283 populi
1209 5211 1333 5267 mei.
1372 5231 1390 5264 ι
1427 5211 1728 5268 Divisiones
1755 5229 1885 5286 ergo

306 5316 571 5373 aquarum
597 5306 862 5362 deducam
885 5321 944 5361 se
967 5306 1034 5360 ab
1055 5305 1226 5361 oculis
1249 5306 1509 5376 propheta
1544 5306 1796 5375 perbibet
1825 5307 1877 5361 in

305 5395 635 5452 contritione
659 5397 784 5452 filia;
811 5397 992 5468 populi
1033 5399 1152 5462 sui,
1205 5400 1328 5469 quia
1373 5407 1430 5454 et
1471 5399 1882 5470 perversitatem

304 5487 488 5544 cordis
515 5489 657 5545 illius
689 5490 922 5555 deflevit,
967 5498 1023 5547 et
1063 5493 1271 5546 ruinam
1319 5493 1371 5547 in
1397 5495 1650 5563 peccatis,
1683 5502 1734 5548 et
1757 5508 1884 5548 con-

307 5577 582 5634 tritionem
631 5581 684 5636 in
726 5581 1128 5645 devastatione,
1179 5583 1258 5637 sic
1300 5592 1355 5638 et
1397 5598 1542 5637 nunc
1587 5584 1883 5639 electorum

309 5669 466 5723 turba
513 5685 612 5738 pro
660 5673 836 5726 anima
889 5675 942 5727 in
995 5675 1234 5742 peccatis
1282 5676 1522 5744 perdita,
1562 5677 1886 5745 multiplices

317 5759 548 5829 gemitus
573 5758 767 5825 fundit,
792 5763 916 5830 quia
946 5763 998 5815 in
1027 5764 1250 5819 diversis
1295 5765 1622 5822 facinoribus
1653 5782 1773 5822 eam
1798 5783 1885 5823 cr-

2014 3287 2191 3344 teritis
2253 3287 2515 3345 Jeremias
2580 3290 2792 3348 ﬂevisse
2856 3292 3179 3348 describitur
3236 3294 3310 3349 ita
3368 3295 3596 3350 dicens:

2017 3397 2037 3432 ι
2073 3378 2206 3447 Quis
2243 3376 2404 3437 dabit
2426 3375 2589 3453 capiti
2621 3395 2744 3440 meo
2767 3399 2961 3456 aquam
2981 3427 2996 3453 ,
3027 3387 3275 3443 et'oculis
3300 3389 3436 3444 meis
3467 3387 3592 3445 fon-

2011 3479 2121 3527 tem
2166 3472 2547 3546 lacrymarum,
2578 3484 2634 3532 et
2670 3477 2893 3549 plorabo
2929 3479 2982 3533 in
3019 3479 3108 3535 die
3141 3489 3197 3536 et
3226 3481 3277 3535 in
3306 3493 3467 3537 nocte
3510 3483 3596 3538 in-

2010 3562 2266 3621 terfectos
2312 3565 2436 3622 filiae
2483 3567 2664 3638 populi
2721 3569 2827 3624 mei
2853 3569 2876 3623 ?
2907 3588 2926 3621 ι
2977 3569 3110 3641 (Jer.
3166 3571 3262 3643 Ix.)
3297 3571 3409 3627 νει·
3441 3583 3595 3629 certe

2007 3655 2197 3726 quales
2225 3656 2329 3712 illae
2353 3667 2480 3713 sunt
2523 3658 2791 3731 lacrymac,
2819 3660 2886 3716 de
2921 3661 3119 3731 quibus
3146 3662 3198 3717 in
3225 3655 3438 3718 Psalmo
3466 3679 3594 3718 ceu-

2008 3747 2202 3802 tesimo
2225 3748 2402 3818 primo
2429 3758 2714 3805 cantatur:
2750 3770 2769 3802 c
2797 3751 2932 3818 Quia
2961 3753 3198 3809 cinerem
3231 3745 3369 3809 sicut
3393 3771 3591 3825 panem

2005 3836 2421 3904 manducabam,
2447 3847 2501 3894 et
2523 3838 2772 3908 poculum
2791 3855 2967 3896 meum
2993 3855 3114 3896 cum
3140 3841 3263 3896 ﬂetu
3287 3843 3588 3900 miscebant

2005 3927 2176 4001 (Psal.
2205 3929 2280 4001 Cl)
2307 3947 2320 3983 :
2356 3949 2375 3982 ι
2405 3945 2540 4000 quas
2567 3939 2774 3987 eertum
2802 3943 2886 3988 est
2919 3948 3026 3988 non
3059 3933 3149 3988 illo
3179 3932 3370 3989 alieetu
3398 3937 3589 4006 primi,

2003 4021 2095 4092 qui
2138 4021 2191 4076 in
2231 4031 2383 4078 sexto
2412 4021 2627 4079 Psalmo
2669 4038 2735 4078 ex
2775 4038 3004 4095 persona
3050 4026 3362 4095 paenitentis
3406 4042 3587 4082 emer-

2002 4124 2153 4184 gunt,
2193 4115 2285 4169 sed
2325 4130 2424 4185 pro
2463 4115 2734 4169 anxietate
2763 4115 2887 4169 vita:
2918 4114 3078 4184 hujus
3117 4125 3280 4186 atque
3319 4119 3587 4188 angustiis

2001 4213 2058 4260 et
2089 4205 2366 4271 aerumnis,
2407 4206 2604 4276 quibus
2639 4205 2774 4277 justi
2821 4207 2876 4260 in
2914 4207 3018 4262 hoc
3056 4207 3256 4263 mundo
3292 4209 3450 4278 positi
3483 4209 3582 4264 de-

1999 4298 2352 4368 primuntur,-
2384 4299 2526 4368 quod
2579 4299 2741 4354 etiam
2790 4298 2983 4369 psalmi
3036 4299 3204 4369 ipsius
3252 4317 3357 4356 non
3403 4301 3579 4356 solum

2000 4396 2198 4454 textus,
2231 4389 2324 4444 sed
2350 4389 2513 4444 etiam
2546 4390 2734 4445 titulus
2763 4390 3043 4446 evidenter
3076 4391 3330 4458 ostendit,
3377 4394 3468 4463 qni
3506 4409 3574 4448 ex

1997 4494 2228 4550 persona
2255 4482 2504 4552 pauperis
2530 4481 2695 4548 illius,
2723 4483 2788 4537 de
2817 4497 2924 4552 quo
2953 4483 3006 4537 in
3032 4482 3320 4554 Evangelio
3346 4485 3574 4540 dicitur:

2004 4593 2022 4625 ‹
2061 4575 2211 4630 Beati
2249 4590 2516 4646 pauperes
2549 4575 2764 4646 spiritu,
2796 4575 3050 4646 quoniam
3094 4577 3332 4646 ipsorum
3370 4585 3455 4632 est
3486 4592 3574 4632 ιτε-

1996 4682 2160 4737 gnum
2198 4667 2454 4722 calorum
2485 4665 2700 4739 (Matth.
2730 4665 2807 4739 v),
2860 4684 2880 4718 ι
2915 4668 2986 4722 ita
3023 4667 3352 4723 describitur
3381 4686 3395 4721 :
3446 4667 3577 4725 Ora-

1995 4758 2069 4812 tio
2093 4759 2344 4828 pauperis
2369 4773 2491 4814 cum
2521 4758 2774 4813 anxiatus
2805 4757 2984 4822 fuerit,
3015 4769 3069 4813 et
3097 4775 3281 4814 coram
3314 4761 3423 4815 Deo
3449 4761 3583 4815 eli‘u-

1993 4849 2133 4905 derit
2166 4865 2379 4920 precem
2420 4863 2593 4903 suam.
2641 4848 2724 4903 Ab
2759 4848 2844 4904 his
2884 4863 3013 4920 ergo
3044 4849 3300 4920 lacrymis
3344 4846 3572 4904 mulium

1991 4940 2196 4996 distant
2240 4941 2364 5006 illae,
2407 4954 2526 5011 qua:
2571 4938 2834 4994 obdurato
2882 4939 3044 4993 corde
3089 4939 3157 4994 de
3203 4939 3365 4994 siccis
3403 4939 3574 4995 oculis

1997 5033 2391 5103 exprimuntur,
2437 5045 2573 5102 quas
2627 5030 2753 5086 licet
2796 5045 2902 5084 non
2948 5030 3162 5100 penitus
3210 5029 3590 5086 infructuosas

1993 5137 2114 5177 esse
2139 5122 2458 5176 credamus:
2493 5120 2634 5176 bono
2661 5120 2805 5174 enim
2854 5121 3130 5190 proposito
3166 5134 3356 5175 carum
3388 5128 3566 5176 atten-

1993 5219 2139 5265 tatur
2182 5209 2422 5265 emissio.
2478 5208 2560 5264 Ab
2597 5210 2682 5265 his
2733 5211 3032 5278 prmsertim
3069 5210 3160 5280 qui
3203 5211 3452 5275 necdum,
3485 5212 3569 5268 vel

1993 5303 2059 5357 ad
2090 5302 2371 5358 scientiam
2403 5302 2687 5372 pervenire
2720 5301 3038 5372 perfectam,
3071 5301 3157 5358 vel
3193 5302 3564 5374 pristinorum,

1993 5409 2086 5451 seu
2117 5393 2462 5464 praesentium
2493 5393 2746 5448 vitiorum
2785 5400 3081 5463 potuerunt
3120 5394 3186 5448 ad
3215 5386 3412 5463 purum
3449 5394 3569 5448 labe

1994 5486 2262 5552 mtmdari,
2295 5485 2364 5541 ab
2401 5487 2485 5541 bis
2517 5493 2715 5549 tamen,
2749 5485 2839 5555 qui
2875 5484 2930 5539 in
2959 5481 3210 5540 allectum
3239 5485 3355 5556 jam
3385 5493 3565 5540 trans-

1993 5582 2106 5635 iere
2162 5579 2423 5634 virtutum
2473 5593 2813 5646 nequaquam
2852 5576 3013 5632 debet
3056 5577 3156 5631 hoc
3197 5577 3357 5632 modo
3385 5585 3566 5632 extor-

1991 5671 2145 5744 queri
2185 5671 2425 5740 profusio
2464 5669 2843 5738 lacrymarum,
2878 5683 2976 5722 nec
3013 5667 3302 5722 exterioris
3332 5666 3561 5722 hominis

1994 5778 2316 5835 magnopere
2345 5759 2628 5818 aﬂ'cctandi
2669 5772 2791 5818 sunt
2828 5759 3003 5828 (lotus,
3039 5759 3131 5833 qui
3162 5759 3324 5814 etiam
3360 5760 3406 5814 si
3448 5758 3560 5812 iue-
