3998 6202
355 313 495 369 1257

1242 290 1609 369 mresmo
1647 308 1873 369 SUPER
1910 282 2276 398 JEREMIAliI.
2318 339 2384 349 —
2424 307 2549 364 Lm.
2588 305 2729 365 xm.

3491 314 3629 372 19.58

353 427 498 494 rint,
553 434 829 496 utcunque
859 424 1124 498 'producit
1180 438 1456 496 nunquam
1507 423 1815 496 pertingere
1875 422 1942 478 ad
1973 428 2022 485 Α
2047 421 2197 476 dicat
2217 439 2279 503 at
2311 420 2452 491 Quid
2482 420 2576 477 tibi
2615 423 2698 479 vis
2725 421 2956 479 iaciam?
2987 442 3006 476 ι
3047 423 3298 497 Nunquid
3327 428 3419 501 qui
3452 427 3633 485 lumen

353 512 500 576 illam
551 527 973 591 spontanearum
1029 517 1392 590 lacrymarum
1440 517 1679 589 potuerit
1724 516 1941 572 uberta-

355 606 487 678 t'em,
508 612 683 682 magis
706 611 852 666 enim
880 610 1235 682 supplicantis
1262 612 1503 665 animum
1529 609 1642 665 suis
1663 608 1944 664 conatibus

352 686 722 761 distrahentes
770 701 1164 771 humiliabunt,
1220 711 1386 775 atque
1435 703 1673 758 humana
1730 699 1944 758 demer-

350 788 502 868 gent,
533 786 684 851 etab
714 793 804 848 illa
831 792 1040 850 cmlesti
1067 793 1400 850 sublimitate
1430 791 1722 864 deponent,
1755 792 1808 847 in
1836 807 1941 864 qua

351 885 590 953 attonita
640 898 798 940 mens
842 876 1061 939 orantis
1096 881 1554 939 indeclinabiliter
1593 879 1781 936 debuit
1822 893 1944 935 esse

349 974 550 1041 deﬁxa,
580 973 805 1045 jamque
841 973 1202 1049 compellente
1237 970 1467 1045 precum
1506 974 1729 1028 suarum
1768 971 1945 1027 inten-

351 1056 501 1124 tione
534 1066 716 1122 laxata
751 1080 884 1137 erga
920 1064 1138 1122 steriles
1172 1072 1229 1122 et
1267 1064 1551 1122 coactitias
1578 1062 1943 1136 lacrymarum

349 1154 599 1233 guttulas
618 1165 906 1230 :egrotare.
1164 1218 1167 1223 ν

425 1239 546 1304 Ain.
593 1268 612 1302 ι
649 1247 851 1306 Oculus
897 1250 1051 1305 meus
1089 1242 1321 1305 amictus
1356 1254 1463 1315 est,
1500 1261 1602 1304 nec
1650 1245 1842 1314 tacuit,
1878 1261 1946 1304 eo

356 1360 379 1394 σ
423 1340 568 1412 quod
600 1355 707 1395 non
736 1337 882 1396 esset
911 1339 1146 1410 requies.
1186 1357 1206 1391 ι

425 1430 548 1509 Ain.
599 1430 621 1483 ι
664 1428 848 1487 Donec
889 1430 1187 1501 respiceret
1229 1436 1284 1485 et
1328 1420 1537 1485 videret
1580 1420 1842 1484 Deminus
1877 1426 1945 1485 de

356 1512 389 1575 «⁸
425 1520 596 1579 cmlis.
633 1540 652 1574 ι
708 1516 1030 1577 [instantiam
1072 1521 1338 1578 orationis
1384 1529 1439 1577 et
1481 1519 1944 1593 perseverantiam

353 1629 456 1669 nos
479 1610 680 1683 habere
715 1613 979 1693 propheta
1009 1612 1194 1681 docet,
1235 1612 1362 1684 quia
1387 1608 1480 1684 qui
1511 1610 1585 1668 ad
1609 1604 1792 1683 cupita
1822 1626 1946 1682 per-

355 1698 542 1762 venire
563 1698 815 1770 voluerit,
844 1698 1121 1762 reﬂectere
1147 1714 1384 1761 mentem
1411 1720 1443 1760 a
1473 1694 1653 1761 studio
1677 1692 1943 1761 orationis

2046 509 2272 566 reddere
2286 519 2519 581 poterat,
2536 512 2664 582 quid
2679 513 2841 570 vellet
2859 529 3033 572 cmcus
3055 515 3376 587 ignorabat?
3395 518 3501 575 Sed
3522 520 3634 592 peti

2044 594 2159 685 vult
2180 602 2234 659 id
2262 592 2407 690 quod
2427 611 2484 659 et
2508 618 2607 660 nos
2630 606 2817 675 petere
2839 615 2893 662 et
2924 621 2981 663 se
3004 607 3303 664 concedere
3322 612 3633 679 praenoscit.

2042 694 2354 775 [inportune
2389 709 2625 765 namque
2660 698 2728 754 ad
2769 700 3071 757 orationem
3108 715 3208 763 nos
3246 700 3520 770 admonet,
3551 703 3636 760 di-

2043 799 2212 841 cens:
2241 802 2262 836 ι
2291 782 2408 851 Scit
2434 785 2582 841 enim
2613 785 2777 843 Pater
2804 798 2987 845 vester
3015 790 3250 847 cmlestis
3275 776 3472 862 quibus
3504 793 3639 850 indi-

2043 872 2204 947 getis,
2236 864 2261 928 ι’
2309 878 2845 950 antequam'petatis.
2880 879 2962 936 Ad
3002 881 3105 938 hoc
3137 868 3267 956 ergo
3298 866 3546 956 requirit,
3575 892 3638 940 ut

2042 972 2280 1038 petatur,
2321 965 2390 1022 ad
2419 967 2523 1023 hoc
2563 982 2694 1037 ergo
2723 969 2972 1039 requirit,
3006 958 3066 1027 ut
3107 954 3217 1027 corr
3232 973 3301 1028 ad
3331 954 3635 1049 orationem

2044 1054 2267 1113 excitet.
2300 1056 2456 1115 Unde
2481 1055 2536 1114 et
2560 1073 2736 1115 caecus
2757 1061 3003 1131 protinus
3028 1060 3308 1137 adiungit":
3333 1056 3632 1133 (Domine,

2044 1148 2348 1205 utvideam.
2372 1169 2390 1203 ι
2409 1149 2548 1206 Ecce
2570 1165 2748 1217 aecus
2771 1152 3043 1209 aDomino
3066 1146 3174 1211 non
3197 1160 3410 1227 aurum,
3433 1159 3528 1216 sed
3550 1159 3636 1215 lu-

2045 1230 2164 1296 eem
2179 1242 2393 1312 quaerit.
2410 1234 2759 1315 Parvipcndit
2776 1252 2929 1300 extra
2952 1245 3127 1302 lucem
3152 1232 3356 1320 aliquid
3368 1254 3636 1323 quaerere,

2048 1326 2173 1399 quia
2199 1339 2255 1386 et
2279 1332 2325 1388 si
2353 1332 2555 1389 habere
2595 1348 2769 1390 caecus
2806 1335 3087 1405 quodlibet
3121 1344 3319 1408 potest,
3361 1340 3478 1396 sine
3519 1342 3641 1399 luce

2047 1416 2157 1477 non
2184 1430 2365 1493 potest
2392 1424 2580 1480 videre
2602 1423 2747 1509 quod
2782 1422 2967 1507 habet.
3008 1422 3453 1509 [mitemurerge
3487 1447 3637 1497 eum,

2046 1526 2207 1582 quem
2243 1521 2301 1570 et
2323 1526 2552 1597 corpore
2594 1514 2902 1573 audivimus
2929 1525 2982 1574 et
3006 1520 3186 1575 mente
3212 1519 3501 1601 salvatum,
3529 1516 3638 1576 non

2046 1604 2214 1661 falsas
2238 1600 2480 1679 divitias,
2522 1615 2629 1661 non
2672 1615 2887 1664 terrena
2918 1609 3080 1676 dona,
3114 1622 3220 1667 non
3264 1609 3514 1684 fugitivos
3541 1612 3640 1668 bo-

2048 1702 2211 1752 nores
2244 1709 2277 1751 a
2308 1689 2557 1779 Domino,
2610 1694 2706 1754 sed
2730 1697 2918 1779 lucem
2949 1688 3276 1781 qumratnus,
3333 1720 3432 1761 uec
3464 1704 3639 1761 lucem

354 1792 463 1851 non
489 1790 668 1863 debet,
700 1792 798 1852 sed
831 1790 1008 1868 magis
1029 1784 1383 1867 perseverare
1423 1795 1478 1850 in
1506 1794 1807 1852 intentione
1833 1809 1943 1850 cm-
1972 1781 2018 1841 Β
2044 1803 2166 1859 quae
2197 1782 2318 1845 loco
2357 1772 2650 1856 clauditur,
2695 1776 2815 1861 quae
2860 1799 3100 1863 tempore
3144 1776 3352 1862 linitur,
3388 1808 3507 1867 qua:
3544 1813 3637 1853 no»

354 1880 457 1957 pia‘
483 1878 632 1941 iuom‘
662 1876 896 1957 oportet.
928 1882 1069 1943 Hinc
1092 1878 1346 1957 estquod
1390 1886 1445 1942 in
1476 1874 1616 1943 utro
1642 1878 1849 1959 Regum
1876 1886 1956 1942 de

354 1975 509 2032 Anna
533 1977 797 2048 scriptum
822 1974 919 2034 est
941 1996 961 2030 ι
989 1977 1133 2048 quod
1155 1976 1455 2049 poStquam'
1470 1976 1730 2042 oraverit,
1761 1976 1943 2033 vultus

352 2062 474 2138 ejus
499 2082 610 2123 non
638 2075 765 2123 sunt
798 2067 1029 2139 amplius
1053 2068 1108 2123 in
1134 2064 1347 2125 diversa
1370 2064 1565 2139 mutati
1593 2060 1651 2141 (Ι
1670 2054 1798 2140 Reg.
1824 2076 1888 2139 ι).
1919 2087 1939 2121 ο

357 2145 496 2214 lliuc
522 2165 580 2214 et
630 2158 683 2213 in
712 2154 999 2232 EVangelio
1029 2157 1183 2231 (Luc.
1212 2148 1367 2233 m‘n)
1395 2156 1573 2216 caecus
1602 2156 1714 2225 ine,
1741 2156 1947 2229 qui‘Je-

354 2236 523 2303 ri'cho'
545 2240 894 2303 transientem
920 2244 1105 2303 Jesum
1141 2247 1409 2316 audierat,
1446 2246 1694 2303 misereri
1734 2240 1837 2303 sibi
1876 2245 1948 2302 ab

354 2329 668 2413 eopeteliat
710 2357 724 2395 :
767 2340 865 2397 sed
911 2346 1053 2397 cum'
1082 2356 1112 2397 a
1148 2324 1518 2411 praeeuntibus
1563 2340 1640 2396 illi
1662 2339 1947 2411 iuberetur

358 2419 423 2485 ut
466 2439 703 2499 taceret,
760 2427 875 2504 ipse
922 2414 1097 2488 multo
1140 2432 1313 2507 magis
1356 2431 1658 2499 clamabat,
1718 2418 1959 2487 dicens!

365 2526 391 2574 ό
422 2508 676 2576 Miserere
725 2522 851 2588 mei,
879 2520 1128 2589 Domine,
1153 2521 1226 2597 (ili
1256 2521 1445 2578 David.
1484 2541 1503 2575 ο
1558 2519 1762 2596 (6ης.)
1794 2519 1949 2578 Unde

356 2606 418 2669 et
447 2610 650 2679 lumen,
679 2614 823 2685 (ιιιοά
848 2610 1431 2686 μιίγίι,·ιι’8ιιινειιοι·θ
1455 2613 1704 2685 accipere
1733 2628 1950 2684 prome—

359 2705 492 2762 ruit.
522 2705 663 2774 Quid
683 2715 865 2762 autem
888 2703 1174 2782 designant
1196 2708 1288 2765 isti
1311 2708 1404 2785 qui
1429 2704 1614 2766 Jesum
1644 2707 1951 2765 venientem

358 2795 691 2865 praecedunt,
719 2795 825 2852 nisi
853 2788 1245 2875 desideriorum
1281 2796 1585 2854 carnalium
1620 2786 1829 2863 turbas”,
1859 2805 1951 2853 tu-

363 2879 673 2958 multusque
717 2878 971 2945 viti’onim
988 2889 1021 2945 ?'
1059 2890 1168 2962 qui'
1196 2886 1511 2963 priusquam
1555 2888 1714 2947 Jesus
1752 2889 1822 2947 ad
1857 2904 1953 2946 cor

363 2968 610 3034 nostrum
640 2978 840 3049 veniat,
873 2972 1403 3039 tentationihus'suis
1428 2981 1811 3055 cogitationem
1856 2996 1954 3035 no-

361 3062 535 3124 stram
565 3069 847 3142 dis‘sipant,
878 3060 939 3128 et
960 3072 1120 3129 voces
1161 3062 1341 3129 cordis
1370 3073 1424 3128 in
1455 3072 1703 3129 oratione
1732 3060 1951 3143 pertur-

362 3159 538 3216 bant?
567 3159 723 3234 Szepe
768 3162 1004 3235 namque
1054 3164 1199 3222 dum
1229 3158 1476 3221 converti
1522 3163 1590 3220 ad
1628 3163 1799 3221 Deum
1828 3164 1954 3237 post

363 3248 675 3324 perpetrata
716 3254 853 3311 vitia'
885 3252 1163 3325 velumus,
1208 3246 1561 3315 dumcontra
1606 3257 1723 3314 hate
1761 3242 1955 3313 eadem

363 3336 595 3401 exarare
635 3345 785 3414 vitia,
820 3344 939 3418 qua:
979 3338 1407 3420 perpetrav'imus
1451 3348 1736 3416 conamur,
1762 3342 1959 3407 occur?

366 3427 498 3491 runt
527 3437 676 3494 enrdi
714 3429 1094 3510 phantasmata
1128 3438 1498 3511 peccatorum,
1539 3459 1661 3515 qua:
1701 3442 1949 3511 fecimus,

367 3518 566 3607 utentis
603 3536 803 3585 nostra:
840 3529 1014 3586 aciem
1055 3518 1423 3600 reverberaut,
1462 3526 1800 3591 confundunt
1830 3534 1951 3589 ani-

368 3606 517 3673 mum
545 3660 561 3687 ,
604 3626 660 3676 et
692 3614 881 3679 vocem
919 3608 1317 3695 depreCationis
1355 3616 1627 3698 premunt.
1669 3626 1772 3695 Qui
1813 3642 1955 3698 prte-

366 3700 523 3799 ibau't
557 3714 690 3786 ergo
718 3706 1077 3786 increpabant
1109 3731 1234 3773 eum
1258 3727 1320 3773 ut
1355 3710 1583 3789 taceret,
1616 3719 1740 3792 quia
1777 3720 1955 3790 prius-

367 3798 531 3871 qua'm
557 3801 714 3860 Jesus
751 3804 818 3860 ad
853 3820 950 3862 cor
977 3802 1223 3862 nostrum
1253 3798 1459 3875 veniat,
1492 3807 1628 3862 mala
1665 3822 1786 3878 qua:
1815 3808 1953 3864 feci-

368 3886 512 3960 mus,
538 3894 851 3966 cogitationi
872 3894 1070 3954 nostrae
1095 3897 1207 3954 suis
1223 3890 1546 3970 imaginibus
1573 3898 1738 3964 illisa,
1760 3897 1815 3953 in
1837 3892 1965 3968 ipsa

370 3988 471 4073 nos
509 3992 695 4040 nostra
732 3988 980 4069 oratione
1025 3980 1369 4045 conturbant.
1419 3988 1560 4044 Ecce
1596 3984 1759 4058 quem
1797 3980 1965 4073 turba;

370 4072 616 4145 increpat
659 4084 720 4161 u_t
767 4081 966 4145 taceat,
1011 4078 1186 4151 magis
1228 4094 1294 4134 ac
1337 4074 1509 4156 magis
1557 4078 1778 4161 clamat,
1829 4080 1955 4161 quia

368 4171 572 4231 quanto
622 4157 887 4239 graviore
930 4168 1158 4224 tumultu
1217 4157 1618 4240 cogitationum.
1657 4158 1957 4224 carnalium

367 4242 689 4337 preniimur,
711 4253 877 4338 tanto
911 4246 1144 4338 orationi
1187 4254 1439 4314 insistere
1473 4252 1759 4338 ardentius
1795 4254 1957 4314 debe-

369 4334 510 4425 mus;
539 4334 877 4427 Colitr'adicit
904 4335 1161 4405 turba'ne
1207 4336 1523 4419 clamemus,
1556 4348 1683 4420 quia
1708 4344 1957 4419 peccato-

367 4447 489 4487 rum
528 4428 839 4492 n'ostrorum
883 4433 1258 4509 phantasmata
1296 4429 1613 4513 plcrumque
1651 4450 1708 4497 et
1743 4441 1800 4496 in
1830 4454 1956 4497 ora-

369 4517 516 4580 tione
543 4516 807 4609 patiinuri
961 4529 1216 4587 nimirum
1254 4522 1476 4587 necesse
1511 4528 1595 4587 est
1618 4539 1678 4586 ut
1704 4545 1809 4587 vox
1835 4520 1957 4599 cor-

369 4612 451 4669 dis
488 4608 695 4684 uestri,
729 4630 837 4690 qu‘o
878 4608 1068 4675 durius
1098 4612 1399 4690 repellitur,
1431 4615 1797 4679 eb'valentius
1822 4612 1958 4679 insi-

367 4698 498 4776 stat,
531 4700 807 4784 quatenus
834 4710 1195 4785 cogitationis
1220 4710 1424 4772 illicita:
1467 4704 1756 4771 tumultum
1797 4730 1956 4786 supe-

367 4787 472 4883 ret,
503 4798 668 4870 atque
695 4800 763 4873 ad
789 4798 1097 4873 piaS'aures
1128 4799 1343 4889 Domini
1379 4802 1664 4861 nimietate
1696 4796 1809 4862 suae
1856 4806 1954 4862 im-

366 4890 721 4984 portunitatis
745 4890 1009 4984 erumpat.
1053 4891 1193 4952 Ecce
1219 4884 1347 4984 stat,
1379 4897 1472 4968 qui
1495 4884 1968 4984 ante'tra'nsihat,

368 4977 496 5058 quia
533 4980 659 5044 dum
696 4974 875 5047 adhuc
915 4976 1101 5047 turbas
1133 4976 1573 5063 phantas'matum
1614 4990 1668 5045 in
1707 4974 1955 5046 oratione

367 5080 622 5150 patimur,
647 5080 833 5139 Iesum
875 5081 1215 5153 aliquatenus
1262 5083 1616 5139 transientem
1656 5069 1944 5138 sentimus.

365 5160 503 5256 cum
528 5190 659 5231 vero
684 5170 916 5255 orationi
935 5177 1288 5256 vehementer
1314 5164 1636 5256 insistimus,
1660 5180 1769 5229 stat
1792 5171 1951 5229 Jesus

366 5252 631 5324 ut‘lucem
658 5252 930 5338 restituat,
959 5269 1087 5340 quia
1111 5252 1255 5326 Deus
1279 5266 1335 5325 in
1359 5268 1524 5325 corde
1549 5252 1756 5340 (igitur,
1783 5275 1840 5345 et
1858 5265 1951 5322 lux

366 5356 568 5414 amissa
611 5344 919 5430 reparatur.
963 5350 1178 5437 Cacum
1220 5359 1389 5437 igitur
1430 5358 1757 5414 clamantem
1792 5352 1951 5414 Jesus

369 5450 642 5527 transiens
676 5446 856 5519 audit,
899 5460 1052 5509 stans
1093 5450 1394 5531 illuminat.
1441 5451 1567 5522 quia
1615 5447 1713 5529 per
1759 5450 1953 5507 huma-

364 5540 594 5619 nitatem
630 5557 785 5598 suam
818 5538 1039 5600 vocibus
1062 5551 1265 5602 nostrae
1291 5538 1550 5599 caecitatis
1573 5538 1967 5621 compatiendoxl

364 5630 622 5721 misertus
651 5640 754 5689 est.
787 5631 898 5690 Sed
925 5632 1107 5689 lumen
1132 5634 1288 5690 nobis
1313 5629 1500 5706 gratim
1523 5646 1622 5704 per
1649 5618 1950 5687 divinitatis

365 5722 661 5798 potentiam
692 5725 908 5786 infudit.
961 5727 1029 5785 Et
1053 5721 1348 5786 notandum
1375 5726 1504 5800 quid
1538 5742 1685 5784 οωεο
1707 5720 1946 5783 venienti

2044 1876 2213 1961 etiam
2255 1876 2654 1961 interruptione
2696 1880 2959 1948 variatur,
2987 1898 3107 1954 qua:
3137 1899 3168 1939 a
3195 1886 3351 1941 nobis
3397 1900 3640 1942 commu-

2045 1958 2191 2024 uiter
2234 1958 2357 2024 eum
2398 1968 2697 2040 pecoribus
2742 1972 3016 2040 cernitur,
3064 1976 3158 2031 sed
3205 1976 3376 2032 lucem
3421 1993 3635 2049 quaera-

2046 2072 2188 2124 mus,
2214 2073 2378 2137 quam
2406 2058 2590 2141 videre
2612 2074 2735 2116 cum
2764 2061 2895 2119 solis
2932 2064 3136 2135 angelis
3159 2069 3451 2138 possimus,
3474 2084 3647 2141 quam

2045 2142 2149 2206 nec
2189 2149 2405 2225 initium
2435 2142 2688 2219 inchoat,
2728 2169 2834 2226 nec
2872 2154 2994 2213 ﬁnis
3033 2144 3315 2230 angustat,
3361 2161 3431 2218 ad
3474 2176 3643 2234 (piam

2047 2240 2222 2297 lucem
2252 2234 2338 2298 via
2377 2240 2513 2300 ﬁdes
2534 2252 2641 2301 est.
2673 2238 2963 2320 (Mutuus)
2997 2240 3153 2319 Unde
3187 2238 3333 2308 recte
3358 2242 3417 2309 et
3441 2251 3643 2310 illumi-

2048 2328 2176 2390 nato
2188 2335 2603 2407 ca:co.protinus
2615 2326 3001 2408 respondetur:
3021 2360 3037 2391 ι
3050 2320 3296 2412 Respice,
3322 2330 3457 2401 fides
3481 2352 3569 2400 tua
3587 2357 3647 2400 te

2048 2427 2259 2483 salvum
2286 2426 2435 2484 fecit.
2460 2447 2480 2481 ι
2507 2426 2829 2500 Quicunque
2857 2431 3004 2488 enim
3041 2431 3144 2497 [ide
3176 2420 3333 2506 plena
3372 2422 3508 2508 petit
3534 2437 3642 2495 hoc

2048 2519 2193 2590 quod
2238 2519 2480 2592 expedit,
2509 2520 2656 2578 nullo
2684 2522 2845 2579 modo
2887 2522 3006 2593 ejus
3051 2516 3487 2585 fructu'carcbit.
3533 2525 3645 2584 lte-

2049 2606 2210 2681 spicit
2236 2608 2381 2666 enim
2423 2612 2683 2669 Dominus
2698 2602 2773 2669 de
2801 2600 3062 2681 cmlis,'et
3090 2606 3261 2675 ﬁdelis
3285 2617 3366 2674 sui
3405 2602 3651 2678 oratoris

2048 2690 2240 2791 preces
2267 2702 2590 2774 suscipiens,
2623 2704 2829 2762 salvum
2860 2694 3189 2791 iaciet’eum,
3221 2711 3474 2783 quoniam
3513 2729 3642 2785 spe-

2051 2784 2193 2865 ravit
2237 2792 2292 2849 in
2339 2793 2537 2867 ipsum.
2585 2795 2727 2851 Dicit
2771 2784 2929 2871 enim:
2970 2797 3088 2869 ipsa
3127 2800 3384 2859 Veritas:
3419 2820 3439 2854 ι
3464 2805 3639 2861 Amen

2051 2876 2173 2969 dico
2215 2884 2399 2969 vobis,
2428 2885 2705 2970 quidquid
2736 2876 2972 2970 orantes.
3007 2891 3221 2961 p‘etitis‘,
3272 2892 3478 2970 credite
3509 2897 3649 2968 quia

2052 2964 2331 3063 accipietis
2384 2984 2441 3034 et
2467 2966 2564 3034 fiet
2601 2977 2775 3063 vobis
2811 2964 3007 3054 (Marc.
3051 2974 3217 3063 έιμ
3271 2964 3338 3040 Et
3382 2986 3510 3058 quia
3529 2964 3642 3060 ’ρετ

2053 3058 2331 3124 Oculorum
2368 3058 2646 3141 aspectum
2692 3058 2835 3140 saepe
2881 3071 3042 3127 noxia
3090 3058 3650 3144 concupiscentiam

1978 3138 2024 3202 Ο
2054 3165 2307 3216 mentem
2323 3138 2513 3228 intrat,
2537 3138 2820 3231 sequitur:

2126 3248 2243 3303 Ain.
2273 3267 2292 3299 ι
2320 3246 2520 3329 Oculus
2543 3263 2697 3306 meus
2716 3250 3055 3333 depraedatus
3077 3259 3161 3319 est
3181 3232 3415 3333 animam
3436 3237 3645 3321 meam,

2059 3357 2080 3392 ι
2125 3340 2179 3395 in
2204 3334 2414 3398 cunctis
2438 3334 2652 3398 ﬁliabus
2679 3330 2832 3411 urbis
2853 3332 3008 3415 mete.
3046 3364 3068 3398 ι
3126 3343 3282 3402 Nunc
3309 3330 3490 3403 reddit
3513 3360 3645 3403 cau-

2052 3420 2167 3488 sam
2195 3422 2363 3503 quire
2389 3422 2947 3504 prmdixerit'oculum
2989 3442 3146 3490 suum
3190 3428 3451 3493 alllictuni
3497 3451 3643 3505 esse,

2051 3527 2120 3584 eo
2154 3516 2300 3598 quod
2332 3516 2440 3582 non
2476 3534 2621 3582 esset
2657 3526 2893 3597 requies,
2922 3524 3177 3598 quoniam
3219 3542 3342 3585 cum
3372 3540 3471 3600 per
3495 3529 3644 3586 incu-

2052 3608 2204 3676 ria‘m'
2235 3608 2491 3691 aspectus
2526 3612 2833 3691 patefactus
2881 3610 3043 3674 fuerit
3102 3606 3387 3676 tentatioui
3439 3620 3641 3689 aditus,

2050 3712 2141 3776 vix
2180 3693 2631 3782 tranquillitatem
2671 3708 2912 3765 inveniet
2952 3704 3167 3767 animus
3201 3711 3482 3777 turbatus,
3532 3698 3654 3768 nisi.

2053 3800 2130 3857 illi
2182 3790 2496 3857 subvenerit
2543 3798 2740 3853 divina:
2782 3798 3001 3867 pictatis
3062 3798 3319 3856 intuitus."
3374 3799 3514 3856 Hinc
3555 3810 3641 3858 est

2053 3882 2197 3959 quod
2222 3883 2416 3967 beatus
2441 3880 2542 3943 Job
2571 3887 2645 3942 ait
2672 3884 2815 3958 (Job.
2844 3879 2964 3967 χιιι)
2989 3882 3002 3941 ἐ
3040 3906 3058 3937 ι
3089 3887 3277 3958 Pepiigi
3305 3887 3480 3945 rtedus
3512 3904 3637 3945 cum

2053 3966 2227 4038 oculis
2261 3970 2422 4048 meis,
2459 3990 2518 4034 ut
2560 3993 2661 4036 nec
2688 3966 2907 4049 quidem
2942 3968 3238 4059 cogitarem
3266 3974 3335 4036 de
3355 3981 3582 4053 virgine.
3617 4004 3636 4036 ι

2055 4068 2262 4143 (6ης.)
2290 4070 2362 4149 Ut
2397 4070 2554 4149 enim
2580 4069 2937 4149 cogitationes
2988 4056 3169 4149 cordis
3212 4072 3371 4126 cast’e'
3415 4066 3638 4127 servare

2055 4148 2338 4236 potuisset,
2361 4147 2687 4218 fmduszcum
2715 4154 2885 4216 oculis
2909 4147 3130 4233 pepigit,
3157 4168 3224 4215 ne
3250 4161 3400 4232 prius
3427 4162 3643 4219 incaute

2056 4255 2325 4327 aspiceret
2378 4253 2524 4325 quod
2589 4238 2933 4323 postmodum
2991 4251 3145 4307 intus
3189 4236 3414 4307 amaret.
3473 4246 3643 4309 Valde

2057 4350 2292 4416 namque
2332 4352 2417 4402 est
2457 4344 2599 4415 quod
2646 4356 2775 4398 caro
2820 4344 3071 4399 decrsum
3118 4338 3325 4410 trahit,
3376 4349 3431 4398 et
3474 4342 3642 4399 semel

2032 4434 2266 4508 species
2306 4434 2495 4493 formae
2527 4420 2689 4490 cordi
2718 4428 2816 4504 per
2845 4433 3030 4490 oculos
3070 4426 3298 4508 illigata,
3338 4433 3429 4491 vix
3460 4432 3649 4507 magni

2057 4531 2367 4588 luctaminis
2404 4545 2568 4585 manu
2606 4527 2855 4585 solvitur.
2904 4526 2982 4584 Ne
3009 4522 3137 4601 ergo
3161 4522 3409 4600 quaedam
3435 4528 3641 4584 lubrica

2056 4623 2111 4679 in
2157 4616 2483 4693 cogitatione
2525 4618 2827 4687 versemus,
2872 4614 3262 4693 providendum
3308 4616 3479 4678 uobis'
3513 4614 3636 4688 est;

2055 4709 2193 4787 quia
2223 4706 2423 4769 intueri
2463 4727 2574 4768 non
2607 4708 2763 4768 decet
2803 4710 2947 4782 quod
2995 4712 3101 4767 non
3141 4710 3267 4768 licet
3304 4708 3634 4783 concupisci.

2057 4802 2129 4860 Ut
2156 4802 2535 4881 enim'munda
2573 4794 2726 4857 mens
2758 4800 2813 4856 in
2839 4790 3166 4875 cogitatione
3197 4800 3460 4881 servetur,
3497 4815 3528 4855 a
3564 4798 3642 4855 la-

2055 4878 2559 4964 scivia‘v'o'lupt’atis'
2584 4894 2695 4949 suae
2733 4892 3070 4964 deprimentli
3118 4878 3253 4948 sum"
3281 4890 3446 4957 oeuli,
3477 4889 3635 4961 quasi

2054 4978 2272 5073 quidam
2295 4976 2541 5071 raptores
2566 4985 2634 5042 ad
2658 4986 2889 5073 culpam.
2920 4978 3106 5073 Neque
3131 4976 3275 5073 enim
3298 4981 3408 5036 Eva
3424 4966 3639 5073 lignum

2053 5062 2281 5135 vetitum
2318 5066 2654 5149 contigisset,
2687 5074 2799 5133 nisi
2818 5068 2922 5132 hoc
2959 5067 3111 5146 prius
3152 5062 3369 5128 incaute
3399 5066 3638 5140 respice-
3697 5090 3707 5100 ·

2053 5150 2156 5223 ret.
2201 5152 2473 5235 Scriptum
2509 5164 2708 5236 quippe
2746 5158 2875 5219 est:
2903 5181 2921 5214 ι
2951 5152 3097 5218 Vidit
3137 5156 3331 5215 mulier
3357 5154 3501 5229 quod
3542 5156 3643 5213 bo-

2052 5273 2181 5315 num
2217 5267 2364 5313 esset
2397 5257 2600 5329 lignum
2641 5250 2709 5311 ad
2741 5240 3092 5321 vescendum,
3125 5261 3181 5308 et
3200 5246 3487 5324 pulchrum
3513 5264 3641 5306 ocu-

2054 5340 2144 5414 lis,
2172 5342 2502 5418 aspectuque
2538 5336 2891 5413 delectabile,
2925 5351 2982 5400 et
3008 5341 3131 5399 tulit
3163 5342 3230 5399 de
3257 5341 3437 5397 fructu
3469 5339 3636 5406 illius,

2051 5448 2108 5495 et
2137 5434 2373 5496 comedit
2398 5428 2551 5512 (Gen.
2588 5436 2696 5509 in).
2728 5430 2769 5490 »Γ
2802 5418 2942 5490 Hine
2980 5449 3110 5506 ergo
3145 5426 3485 5505 pensandum
3529 5440 3637 5497 est,

2052 5516 2257 5602 quanto
2306 5518 2568 5586 debemus
2613 5527 2984 5585 moderamine
3042 5542 3173 5599 erga
3231 5525 3420 5583 illicita
3458 5525 3679 5601 visum_

2051 5612 2402 5697 restringere,
2432 5638 2532 5679 nos
2559 5610 2655 5692 qui
2679 5612 2982 5676 mortaliter
3008 5617 3261 5686 vivimus,
3292 5604 3338 5673 si
3371 5612 3437 5673 et
3459 5624 3638 5672 mater

2055 5708 2345 5775 viventium
2374 5708 2685 5788 pcr‘oculos
2714 5712 2782 5772 ad
2812 5720 3041 5771 mortem
3065 5712 3232 5771 venit.
3284 5704 3424 5769 llinc
3467 5708 3646 5767 etiam
