3998 6202
397 251 530 306 1239

1075 251 1136 306 Β.
1177 251 1429 306 ΒΔΒᾹΝΙ
1472 251 1688 308 MAURI
1727 252 2048 308 ARClllEP.
2091 253 2396 310 MOGUNT.
2438 255 2720 313 OPERUM
2758 257 2939 312 PARS
2976 256 3061 311 Ill.

3533 256 3673 312 till)

391 367 550 422 modo
585 368 684 421 sub
709 367 903 420 ludam
932 379 1084 430 voce,
1122 381 1241 436 quae
1269 366 1542 420 exteriora
1579 365 1810 420 videndo
1841 381 1968 422 con-
1997 368 2042 425 Λ
2074 381 2192 429 nos,
2219 366 2309 436 qui
2342 368 2480 438 apud
2521 383 2578 422 se
2611 377 2728 423 erat
2759 369 3103 433 immortalis,
3132 365 3358 422 invenit.
3383 368 3494 423 Sed
3513 370 3678 439 hujus

391 459 694 528 cupiscens,
729 457 868 513 bona
915 457 1171 512 interiora
1198 458 1527 528 perdiderat.
1578 457 1846 527 Propheta
1895 457 1975 511 di-

394 551 467 604 cit
491 569 501 603 :
533 569 549 600 ι
579 547 778 604 Oculus
805 564 957 603 meus
983 549 1319 618 depraedatus
1341 557 1424 603 est
1449 547 1684 601 animam
1716 563 1922 612 meam;
1948 567 1966 600 ι

392 641 820 711 concupiscendo
868 640 1013 694 enim
1061 640 1325 700 visibilia.
1394 639 1690 694 invisibiles
1744 640 1974 694 virtutes

391 730 589 786 amisit.
617 730 746 799 Qua:
773 747 901 800 ergo
929 731 1239 785 interiorem
1269 731 1498 784 fructum
1525 746 1624 800 per
1643 731 1970 786 exteriorem

390 821 564 876 visum
587 821 838 892 perdidit,
862 837 958 892 per
985 821 1197 876 oculum
1228 821 1469 890 cOrporis
1493 821 1710 891 pertulit
1735 822 1971 891 prredam

391 913 589 967 cordis.
628 909 782 966 Unde
822 912 978 966 nobis
1006 911 1069 965 ad
1096 911 1502 966 custodiendam
1531 911 1712 966 cordis
1754 912 1973 966 mundi-

395 1004 558 1068 tiam,
599 1011 949 1057 externorum
981 1017 1195 1072 quoque
1239 1017 1493 1055 sensuum
1528 1001 1807 1072 disciplina
1853 1017 1969 1056 scr-

394 1095 566 1149 vanda
609 1103 710 1150 est.
769 1093 904 1149 Nam
940 1093 1276 1165 quantalibet
1313 1094 1512 1148 virtute
1558 1110 1712 1149 mens
1751 1094 1970 1166 polleat,

392 1185 725 1256 quantalibet
751 1187 1015 1257 gravitate
1048 1186 1244 1255 vigeat,
1285 1185 1530 1241 carnales
1554 1195 1732 1242 tamen
1783 1202 1976 1242 sensus

391 1277 594 1347 puerile
609 1278 859 1348 quiddam
873 1287 1212 1349 perstrepunt
1231 1281 1489 1342 exterius,
1505 1289 1557 1334 et
1579 1280 1677 1335 nisi
1704 1281 1975 1336 interioris

393 1369 674 1438 gravitatis
702 1369 956 1439 pondere,
1002 1377 1058 1425 et
1083 1371 1238 1441 quasi
1267 1370 1491 1438 juvenili
1528 1371 1760 1443 quodam
1791 1389 1975 1443 vrgore

395 1458 756 1525 refrenentur,
786 1459 853 1514 ad
877 1457 1016 1514 ﬂuxa
1041 1476 1265 1531 quaeque
1297 1471 1353 1516 et
1381 1462 1516 1517 levia
1547 1471 1782 1517 mentem
1813 1479 1971 1518 ener-

394 1567 511 1606 vem
541 1551 777 1606 trahunt.
804 1550 1075 1607 Hactenus
1097 1553 1196 1607 sub
1218 1568 1347 1608 voce
1371 1552 1717 1609 lamentantis
1742 1554 1976 1624 prophe-

395 1652 444 1696 ta
476 1651 800 1712 conquestus
820 1653 903 1700 est
927 1645 1136 1700 ruinam
1165 1647 1345 1716 populi
1383 1647 1488 1713 sui,
1515 1647 1597 1701 vel
1623 1648 1814 1703 anima:
1849 1663 1974 1715 pec-

2078 455 2307 512 vulturis
2335 457 2523 512 oculus
2553 458 2652 512 fuit
2682 459 2794 528 ipsa
2826 458 3051 513 intentio
3078 467 3276 512 nostra:
3309 460 3678 514 resurrectio—

2079 547 2181 612 nis,
2225 549 2350 618 quia
2386 549 2499 620 ipse
2543 550 2609 604 ad
2655 548 2890 604 triduum
2939 558 3187 604 mortuus
3226 550 3293 604 ab
3317 559 3522 604 :etcrna
3577 566 3680 605 nos

2077 649 2250 693 morte
2277 639 2544 696 liberavit.
2576 641 2668 695 Ille
2693 656 2794 712 ego
2823 641 3062 712 perﬁdus
3102 639 3408 695 Iudaeorum
3441 641 3680 710 populus

2077 729 2356 784 mortalem
2382 730 2534 794 vidit,
2559 731 2651 786 sed
2679 731 2820 800 quod
2847 740 3021 785 morte
3043 746 3140 785 sua
3165 740 3408 784 nostram
3440 741 3682 785 mortem

2076 820 2383 876 destrueret
2424 823 2645 878 minimc
2669 825 2922 878 attendit.
2973 823 3267 893 Conspexit
3295 823 3512 893 quidem
3551 823 3678 877 vul-

2076 919 2272 975 turcm,
2329 913 2423 968 sed
2461 913 2646 968 oculos
2684 913 2913 968 vulturis
2962 930 3066 968 non
3109 915 3342 984 aspexit,
3392 914 3485 982 qui
3543 914 3679 968 dum

2075 999 2396 1056 humilitatis
2435 1001 2549 1070 ejus
2573 1004 2710 1068 vias,
2739 1004 2935 1074 quibus
2969 1019 3029 1058 se
3057 1019 3157 1058 nos
3184 1003 3250 1058 ad
3281 1003 3391 1057 alta
3428 1002 3682 1058 subleva-

2077 1089 2172 1152 vit,
2205 1089 2551 1147 conside'rare
2583 1093 2775 1158 noluit,
2809 1095 3058 1148 semitam
3095 1093 3210 1148 avis
3238 1093 3550 1164 ignoravit:
3583 1108 3682 1147 ne-

2074 1197 2180 1252 que
2219 1183 2362 1237 enim
2404 1200 2633 1254 pensare
2680 1184 2905 1250 studuit,
2935 1185 3080 1255 quod
3118 1184 3232 1253 ejus
3270 1201 3368 1240 nos
3389 1183 3683 1238 humilitas

2075 1275 2382 1330 sublevaret
2410 1277 2476 1330 ad
2508 1276 2768 1340 coelestia,
2795 1285 2849 1332 et
2878 1277 3069 1332 mortis
3093 1274 3207 1344 ejus
3232 1276 3462 1330 intentio
3497 1275 3682 1329 refor-

2078 1375 2249 1420 maret
2275 1365 2341 1419 ad
2366 1364 2552 1419 vitam.
2584 1364 2844 1420 Semitam
2877 1365 3044 1437 igitur
3087 1367 3357 1436 ignoravit
3397 1366 3542 1430 avis,
3576 1380 3686 1420 nec

2076 1453 2302 1508 intuitus
2318 1462 2401 1509 est
2424 1455 2609 1510 oculos
2631 1455 2878 1518 vulturis,
2907 1455 3032 1524 quia
3056 1456 3157 1510 etsi
3180 1455 3312 1509 vidit
3333 1471 3486 1519 eum,
3503 1470 3680 1525 quem

2077 1541 2130 1596 in
2173 1554 2346 1597 morte
2392 1545 2594 1611 tenuit,
2632 1545 2818 1600 videre
2857 1545 3027 1600 noluit
3062 1555 3262 1615 quanta
3302 1547 3428 1600 vita:
3469 1555 3685 1600 nostra:

2076 1633 2248 1702 gloria
2270 1633 2334 1688 de
2356 1631 2470 1702 ejus
2499 1641 2672 1688 morte
2709 1643 3049 1706 sequeretur.
3099 1635 3250 1691 Unde
3273 1635 3338 1690 ad
3367 1635 3682 1690 crudelita-

392 1737 640 1802 catrieis;
661 1751 803 1792 nunc
818 1750 945 1792 vero
960 1735 1119 1792 aliam
1141 1737 1544 1794 introducturus
1556 1746 1638 1794 est
1663 1755 1965 1810 personam,

2078 1733 2183 1780 tem
2207 1741 2421 1795 quoque
2449 1726 2842 1796 persecutionis
2890 1727 3118 1792 exarsit,
3146 1727 3309 1782 verba
3337 1727 3464 1781 vita:
3487 1728 3680 1796 perci-

391 1843 510 1896 quae
533 1836 709 1882 tamen
731 1827 982 1884 similiter
999 1844 1153 1884 suam
1177 1830 1582 1900 oppressionem
1604 1833 1971 1901 conqueritur,

2077 1831 2204 1886 pere
2261 1816 2473 1881 renuit,
2528 1815 2913 1886 praedicatores
2961 1818 3112 1890 regni
3151 1817 3414 1873 cmlorum
3476 1818 3680 1888 probi-

344 1902 349 1907 ’
392 1919 486 1973 sed
515 1919 565 1973 in
591 1934 655 1974 eo
679 1919 855 1974 dilfert
876 1921 1018 1990 quod
1039 1936 1158 1975 eam
1186 1921 1318 1976 dicit
1338 1936 1460 1977 esse
1485 1922 1653 1994 gratis
1674 1921 1896 1988 facLam,
1921 1932 1965 1978 el

2077 1911 2271 1975 bendo,
2299 1911 2592 1976 szevicndo,
2630 1909 2877 1966 feriendo
2908 1911 3124 1982 repulit.

392 2011 508 2066 sine
521 2026 704 2076 causa,
724 2012 867 2081 quod
879 2012 1024 2066 nullo
1041 2013 1199 2067 modo
1211 2011 1277 2066 ad
1305 2024 1640 2083 peccatorem
1668 2015 1759 2085 qui
1786 2030 1976 2086 poenas

393 2105 616 2160 meritas
639 2103 870 2159 sustinet
891 2119 986 2174 per
1002 2103 1444 2176 signiﬁcationem
1465 2106 1749 2161 transferri
1771 2116 1970 2176 potest.

394 2193 547 2250 Unde
579 2202 792 2265 oportet
822 2205 880 2248 ut
916 2195 1014 2250 sub
1038 2210 1269 2266 persona
1299 2195 1466 2266 ipsius
1491 2197 1767 2266 prophetae
1797 2197 1973 2252 susei-

394 2285 605 2353 piamus
649 2284 750 2339 viri
799 2283 1082 2353 cujuslibet
1127 2284 1261 2354 justi
1299 2300 1618 2356 personam,
1670 2287 1756 2342 vel
1796 2287 1974 2358 potius

395 2374 506 2429 veri
535 2373 697 2430 Josia:
727 2375 918 2440 nostri,
949 2375 1115 2446 ipsius
1140 2376 1389 2432 videlicet
1415 2377 1625 2432 Domini
1655 2379 1970 2444 Salvatoris,

395 2463 484 2533 qni
523 2464 713 2520 merito
776 2464 920 2520 salus
944 2465 1178 2530 Domini,
1208 2465 1293 2521 vel
1341 2465 1603 2521 fortitudo
1629 2468 1844 2522 Domini
1891 2468 1973 2523 di-

395 2557 555 2621 citur,
583 2557 709 2628 quia
742 2557 808 2611 de
840 2572 905 2612 eo
934 2557 1195 2626 scriptum
1223 2566 1342 2612 est:
1379 2577 1396 2609 ι
1430 2558 1545 2628 Ipse
1579 2559 1723 2614 enim
1763 2559 1970 2614 salvum

395 2646 554 2702 faciet
577 2646 830 2718 pepulum
862 2663 1016 2701 suum
1056 2662 1087 2701 a
1113 2647 1348 2718 peccatis
1376 2663 1564 2703 eorum
1596 2647 1811 2721 (Matth.
1846 2649 1906 2720 ι).
1945 2669 1964 2703 ι

399 2739 464 2794 Et
492 2739 557 2794 de
581 2754 686 2809 quo
708 2737 977 2810 Propheta
1006 2739 1118 2794 ait:
1152 2757 1170 2791 ι
1199 2738 1481 2796 Fortitudo
1507 2757 1625 2797 mea
1655 2750 1710 2796 et
1733 2742 1972 2797 laudatio

400 2845 519 2884 mea
574 2829 851 2893 Dominus,
897 2839 952 2885 et
979 2827 1152 2886 factus
1185 2841 1266 2885 est
1291 2829 1422 2886 mihi
1453 2831 1507 2886 in
1535 2831 1761 2888 salutem
1791 2830 1966 2905 (Paul.

396 2917 585 2989 cxvn).
648 2938 666 2970 ι
726 2918 904 2990 Ipsum
947 2931 1076 2992 ergo
1121 2918 1324 2976 inimici
1373 2920 1454 2975 sui
1499 2920 1666 2992 gratis
1697 2921 1966 2991 persecuti

399 3018 546 3073 sunt,
582 3009 833 3079 quoniam
860 3026 982 3065 cum
1026 3009 1225 3066 nullam
1254 3009 1307 3066 in
1335 3026 1400 3066 eo
1446 3011 1748 3067 invenirent
1778 3014 1969 3069 mortis

2146 1997 2304 2054 Sede.
2331 2017 2349 2050 ‹
2380 1999 2552 2070 Lapsa
2577 2009 2660 2054 est
2690 2001 2744 2055 in
2769 2000 2944 2056 lacum
2970 2001 3076 2055 vita
3111 2016 3250 2067 mea,
3280 2008 3331 2056 et
3366 2012 3683 2071 posuerunt

2081 2109 2100 2142 ς
2130 2090 2363 2160 lapidem
2395 2106 2558 2160 super
2586 2107 2690 2146 me.
2728 2110 2745 2142 ι
2798 2089 3088 2164 (alienus)
3125 2091 3260 2147 Cum
3305 2093 3558 2164 superius
3592 2094 3680 2147 di-

2075 2183 2242 2238 xisset
2264 2183 2551 2238 venatione
2587 2199 2643 2238 se
2671 2184 2825 2254 quasi
2880 2199 3033 2238 avem
3067 2193 3304 2254 captam,
3337 2201 3483 2240 nunc
3516 2185 3682 2240 addit

2077 2277 2242 2331 vitam
2280 2293 2430 2332 suam
2471 2277 2674 2348 lapsam
2707 2277 2759 2331 in
2791 2277 2990 2341 lacum,
3029 2285 3082 2333 et
3123 2277 3353 2346 lapidem
3395 2292 3678 2348 superpo-

2073 2369 2256 2424 sitmn.
2285 2369 2423 2436 Quid
2445 2378 2528 2424 est
2554 2385 2684 2440 ergo
2709 2370 2873 2424 vitam
2897 2369 3002 2424 labi
3029 2370 3081 2424 in
3105 2369 3302 2435 lacum,
3332 2371 3432 2424 nisi
3466 2387 3677 2440 corpo-

2075 2459 2240 2514 ralem
2273 2461 2439 2514 vitam
2472 2461 2656 2516 venire
2698 2477 2868 2531 usque
2908 2463 2974 2516 ad
3005 2463 3307 2518 defectum?
3358 2462 3538 2534 Lapsa
3584 2476 3680 2520 est

2072 2565 2204 2621 ergo
2233 2551 2342 2605 vita
2369 2551 2573 2606 Christi
2615 2551 2668 2606 in
2705 2551 2904 2618 lacum,
2934 2553 3148 2622 quando
3174 2552 3288 2622 ejus
3314 2570 3443 2609 caro
3474 2571 3678 2624 perve-

2073 2641 2152 2694 nit
2176 2657 2346 2711 usque
2367 2643 2434 2696 ad
2463 2643 2654 2698 mortis
2689 2643 2996 2698 occnbitum
3024 2663 3035 2697 :
3071 2645 3156 2700 cui
3199 2655 3678 2716 superposuerunt

2071 2732 2339 2804 lapidem,
2385 2736 2602 2805 quando
2644 2749 2709 2790 eo
2755 2735 2964 2806 sepulto
3011 2737 3282 2808 petierunt
3321 2753 3352 2791 a
3395 2737 3577 2793 Pilato
3609 2747 3678 2795 ut

2063 2822 2279 2892 juberet
2321 2826 2580 2881 custodiri
2628 2827 2954 2896 sepulcrum,
3008 2843 3075 2882 ne
3119 2828 3259 2884 forte
3289 2829 3540 2886 venirent
3579 2830 3672 2884 di-

2071 2914 2261 2986 scipuli
2303 2915 2420 2985 ejus
2461 2915 2774 2973 furarentur
2815 2933 2959 2973 eum.
2993 2918 3198 2986 Quibus
3242 2936 3366 2975 cum
3421 2921 3541 2992 ipse
3583 2937 3674 2976 re-

2071 3007 2379 3077 sponderet.
2397 3007 2617 3064 Habetis
2637 3009 2959 3076 custodiam,
2979 3009 3070 3074 ite,
3091 3011 3358 3066 custodite
3387 3012 3533 3066 sicut
3561 3013 3672 3066 sci-

397 3118 640 3166 causam,
681 3104 956 3174 ρριίει-υηι
1000 3119 1030 3158 a
1054 3103 1230 3161 pilam
1265 3113 1326 3161 ιη
1355 3105 1767 3162 interﬁceretur.
1819 3108 1972 3165 unde
1998 3083 2042 3146 C
2076 3097 2179 3152 tis:
2213 3097 2289 3151 illi
2322 3099 2579 3154 abeuntes
2639 3101 2953 3156 munierunt
2998 3102 3307 3171 sepulcrum
3328 3143 3341 3166 ,
3381 3103 3674 3172 signantes

395 3193 735 3265 subjungitur
765 3212 780 3248 :

467 3283 625 3339 Sade.
657 3302 675 3335 ι
709 3285 998 3341 Venatione
1019 3295 1278 3357 ceperunt
1296 3301 1383 3342 me
1406 3287 1561 3358 quasi
1584 3303 1738 3342 avem
1768 3288 1972 3344 inimici

402 3395 418 3425 ι
454 3376 559 3430 mei
590 3377 775 3446 gratis.
801 3398 818 3429 ι
845 3377 1134 3449 (ΜΑυιιυε.)
1157 3377 1288 3435 Avis
1308 3379 1453 3435 enim
1484 3380 1700 3434 nomine
1728 3381 1842 3450 ipse
1868 3381 1972 3438 Do-

401 3469 576 3523 minus
598 3468 950 3539 signiﬁcatur,
980 3470 1069 3541 qui
1109 3471 1236 3528 licet
1273 3476 1324 3528 in
1353 3482 1497 3527 terra
1525 3469 1592 3526 de
1616 3472 1822 3542 virgine
1851 3488 1964 3526 ma-

396 3568 478 3612 tre
508 3559 577 3613 sit
619 3559 814 3624 editus,
845 3568 1022 3614 tamen
1045 3561 1288 3617 caalestia
1315 3562 1556 3616 doctrina
1587 3577 1682 3618 sua
1707 3571 1762 3618 et
1787 3577 1970 3618 exem-

393 3650 478 3720 plo
509 3665 724 3721 semper
756 3651 913 3721 petit,
938 3651 1283 3723 membraque
1316 3668 1411 3708 sua
1441 3653 1542 3707 ﬁde
1578 3663 1632 3708 et
1659 3669 1774 3724 spe,
1811 3655 1966 3724 quasi

391 3741 600 3796 duabus
639 3741 758 3806 alis,
791 3742 857 3796 ad
898 3757 1128 3812 superna
1160 3759 1373 3812 semper
1411 3743 1678 3810 sublevat,
1699 3744 1884 3800 dicens
1912 3745 1966 3800 in

391 3831 718 3902 Evangelio:
751 3849 769 3883 ι
801 3831 1045 3902 Regnum
1076 3848 1256 3888 meum
1289 3849 1395 3888 non
1425 3843 1510 3889 est
1538 3834 1605 3888 de
1636 3836 1738 3891 hoc
1767 3837 1968 3892 mundo

391 3920 573 3989 (Joan.
599 3921 776 3994 xvm).
818 3940 837 3974 ι
873 3921 941 3976 Ει
974 3921 1138 3977 item:
1171 3941 1189 3974 ‹
1217 3923 1395 3989 Exivi,
1431 3925 1623 3994 inquit,
1662 3941 1692 3980 a
1721 3925 1883 3982 Patre
1911 3937 1967 3982 et

387 4011 507 4066 veni
546 4012 597 4066 in
621 4011 912 4077 mundum;
952 4011 1146 4067 iterum
1171 4007 1414 4084 relinquo
1437 4016 1720 4082 mundum,
1748 4025 1800 4071 et
1825 4016 1964 4072 vado

388 4102 454 4155 ad
480 4101 693 4156 Patrem
721 4100 903 4174 (loan.
929 4100 1062 4171 xvr).
1094 4121 1112 4155 ι
1145 4101 1450 4158 Etrursum
1477 4122 1491 4156 :
1522 4121 1541 4154 ι
1571 4104 1673 4170 Qui
1703 4105 1835 4170 vult,
1865 4105 1960 4173 ait,

385 4199 512 4262 post
533 4206 618 4246 me
640 4191 847 4256 venire,
865 4192 1094 4262 abneget
1111 4193 1481 4264 semetipsum,
1497 4201 1550 4249 et
1571 4195 1722 4249 tollat
1745 4211 1962 4252 crucem

383 4296 534 4335 suam
561 4290 617 4336 et
645 4290 906 4352 sequatur
946 4295 1033 4336 me
1069 4282 1284 4353 (Matth.
1310 4285 1444 4354 xvi).
1475 4304 1494 4338 )
1546 4284 1622 4339 De
1652 4286 1753 4341 hac
1777 4303 1875 4342 ave
1905 4288 1958 4343 in

381 4368 482 4425 Job
515 4370 776 4440 scriptum
814 4380 897 4426 est
924 4371 1067 4443 (Job.
1103 4372 1295 4442 xvm):
1337 4392 1354 4424 ‹
1386 4373 1645 4428 Semitam
1694 4375 1960 4446 ignoravit

381 4462 517 4525 avis,
551 4477 652 4516 nec
697 4462 923 4517 intuitus
945 4471 1028 4518 est
1051 4462 1234 4518 oculos
1257 4462 1503 4519 vulturis.
1540 4485 1558 4517 ι
1599 4463 1799 4536 (Greg.)
1828 4467 1959 4532 Quis

379 4551 483 4606 hoc
512 4552 564 4605 in
589 4551 707 4607 loco
731 4553 846 4607 avis
873 4553 1090 4608 nomine
1115 4553 1218 4608 nisi
1241 4552 1328 4608 ille
1352 4554 1619 4625 signatur,
1646 4556 1737 4626 qui
1765 4571 1960 4625 corpus

377 4656 633 4695 carncum
663 4642 805 4712 quod
845 4641 1137 4714 assumpsit
1176 4645 1514 4698 ascendendo
1551 4645 1618 4698 ad
1666 4645 1868 4700 aethera
1895 4646 1960 4701 li-

376 4732 586 4788 bravit?
627 4732 716 4802 qui
745 4741 866 4801 apte
890 4746 1105 4802 quoque
1136 4732 1298 4786 etiam
1329 4733 1556 4788 vulturis
1601 4734 1958 4804 appellatione

373 4823 716 4894 exprimitur.
765 4821 954 4876 Vultur
982 4822 1180 4892 quippe
1210 4823 1337 4876 dum
1368 4822 1533 4888 volat,
1571 4824 1614 4878 si
1645 4824 1835 4894 jacens
1870 4840 1959 4880 ca-

374 4916 539 4970 daver
567 4913 850 4984 conspicit,
903 4927 961 4967 se
994 4912 1060 4967 ad
1106 4926 1257 4965 esum
1300 4911 1582 4966 cadaveris
1618 4912 1854 4982 deponit,
1899 4923 1954 4968 et

373 5007 689 5075 plerumque
737 5018 795 5059 se
843 5003 895 5058 in
941 5008 1112 5055 morte
1159 5000 1389 5070 capitur,
1439 4999 1565 5054 dum
1613 5001 1679 5053 ad
1725 5011 1952 5054 mortem

375 5095 577 5150 animal
603 5093 668 5150 de
699 5093 925 5148 summis
953 5091 1117 5147 venit.
1157 5091 1323 5145 Recte
1349 5106 1478 5160 ergo
1504 5090 1765 5145 mediator
1790 5091 1960 5146 homi-

376 5203 501 5241 num
542 5187 850 5257 rcdcmptor
883 5195 1069 5240 noster
1105 5184 1332 5238 vulturis
1372 5183 1729 5254 appellatione
1776 5183 1955 5254 signa-

377 5286 488 5343 tur,
517 5279 609 5349 qui
639 5294 860 5332 manens
890 5278 943 5331 in
974 5277 1255 5331 altitudine
1306 5275 1602 5330 divinitatis
1639 5291 1768 5339 sum,
1799 5276 1952 5345 quasi

375 5380 404 5418 a
426 5369 659 5437 quodam
684 5368 860 5424 volatu
888 5368 1114 5423 sublime
1141 5367 1370 5422 cadaver
1394 5368 1734 5422 mortalitatis
1760 5377 1954 5422 nostra:

377 5460 658 5525 conspexit
697 5461 748 5513 in
793 5459 1013 5526 inﬁmis,
1049 5469 1105 5514 et
1143 5475 1262 5516 sese
1293 5460 1360 5514 de
1397 5460 1706 5515 coelestibus
1743 5459 1810 5513 ad
1849 5459 1952 5512 ima

380 5546 646 5602 submisit.
696 5549 837 5604 Fieri
876 5552 1071 5622 quippe
1111 5559 1331 5621 propter
1369 5567 1466 5605 nos
1504 5552 1666 5605 homo
1708 5551 1956 5619 dignatus

380 5644 482 5703 est,
513 5647 566 5691 et
602 5639 726 5692 dum
761 5651 1031 5694 mortuum
1080 5643 1275 5696 animal
1327 5644 1498 5714 petiit,
1543 5650 1771 5696 mortem
1816 5642 1954 5710 apud

1985 4427 2038 4485 D

2073 3183 2306 3255 lapidem
2334 3203 2456 3242 cum
2484 3189 2798 3244 custodibus
2829 3189 3042 3260 (Matth.
3069 3193 3261 3263 xxvn).
3303 3191 3484 3246 Potest
3513 3202 3570 3246 et
3611 3194 3668 3246 in

2072 3277 2173 3332 laci
2214 3279 2448 3346 nomine,
2481 3281 2565 3335 vel
2602 3281 2846 3338 infernus
2872 3283 3186 3354 designatus
3225 3285 3420 3355 accipi,
3453 3285 3544 3340 vel
3579 3301 3669 3340 ca-

2070 3370 2283 3427 lamitas
2312 3372 2574 3444 profunda
2614 3374 2769 3430 istius
2796 3376 3002 3429 mundi.
3039 3375 3214 3431 Lacus
3242 3376 3461 3442 dicitur,
3495 3377 3664 3448 cujus

2071 3459 2268 3516 fundus
2296 3461 2445 3527 latet,
2470 3463 2595 3518 dum
2635 3464 2687 3518 in
2717 3481 2877 3519 unam
2917 3465 3127 3521 foveam
3173 3466 3546 3523 circumdatus
3573 3470 3663 3523 in-

2068 3550 2325 3606 cluditur.
2395 3550 2493 3607 Hie
2531 3554 2695 3623 plano
2733 3563 2883 3627 tergo
2929 3556 3244 3613 intuendum
3291 3558 3461 3614 oculis
3523 3559 3664 3615 falsa

2067 3641 2455 3711 tranquillitate
2476 3642 2770 3710 blanditur,
2815 3646 2906 3700 sed
2931 3657 3193 3715 quantum
3244 3648 3316 3703 sit
3352 3647 3666 3719 profundus

2067 3733 2435 3789 absconditur.
2477 3733 2614 3790 ilinc
2641 3745 2697 3790 et
2726 3737 2778 3790 in
2805 3736 3020 3793 Psalmo
3049 3740 3308 3809 scriptum
3345 3750 3429 3796 est
3453 3758 3466 3794 :
3506 3762 3526 3792 ι
3555 3741 3664 3795 Po-

2065 3833 2292 3879 suerunt
2326 3840 2410 3880 me
2443 3825 2494 3880 in
2525 3826 2643 3882 lacu
2673 3827 2941 3895 inferiori,
2979 3831 3031 3886 in
3074 3833 3327 3888 tenebras
3359 3842 3414 3888 et
3449 3834 3504 3888 in
3536 3852 3656 3890 um-

2064 3916 2159 3971 bra
2187 3917 2375 3973 mortis
2398 3916 2566 3989 (Psal.
2595 3920 2862 3991 Lxxxvn).
2903 3941 2923 3974 ›
2969 3920 3261 3996 {Cassiod.]
3288 3922 3462 3978 Lacus
3496 3941 3654 3998 ergo,

2064 4013 2122 4060 ut
2144 4007 2400 4074 diximus,
2424 4023 2524 4078 pro
2551 4010 2764 4066 inferno
2790 4013 3034 4082 ponitur,
3058 4021 3114 4069 et
3141 4030 3239 4085 pro
3260 4015 3544 4086 sepultura
3575 4018 3657 4072 l’o—

2062 4098 2217 4161 veali,
2247 4108 2301 4153 et
2326 4114 2424 4168 pro
2461 4101 2644 4155 mundi
2683 4102 2842 4158 istius
2876 4104 3294 4173 profundissima
3336 4105 3655 4162 calamitate

2063 4189 2316 4254 sentitur,
2335 4191 2477 4259 quod
2502 4191 2590 4245 hic
2618 4191 2786 4274 voluit
2815 4193 3064 4265 intelligi,
3087 4195 3212 4264 quia
3240 4211 3361 4250 eum
3386 4211 3645 4265 persecu.

2063 4289 2206 4334 tores
2240 4280 2323 4335 sui
2369 4282 2421 4335 in
2463 4279 2670 4350 aleecta
2719 4283 2910 4337 mortis
2951 4284 3258 4340 conditione
3309 4297 3646 4356 posuerunt,

2064 4379 2120 4424 ut
2153 4371 2400 4441 quamvis
2431 4371 2630 4442 injuste
2665 4375 2962 4442 probarent
2999 4384 3293 4439 mortuum,
3321 4391 3429 4430 non
3466 4379 3649 4432 crede-

2066 4470 2187 4515 rent
2206 4462 2608 4526 vindicandum,
2643 4464 2696 4517 in
2722 4464 2982 4529 tenebris,
3014 4464 3065 4519 id
3087 4474 3192 4530 cst,
3226 4465 3328 4520 sub
3357 4467 3645 4523 oblivionis

2061 4554 2302 4608 emt-itate
2343 4553 2657 4608 derelictum
2689 4563 2849 4624 atque
2883 4556 3234 4623 prmteritum,
3285 4571 3446 4625 quem
3483 4573 3644 4612 nemo

2061 4646 2379 4716 requireret,
2403 4661 2561 4701 nemo
2595 4646 2846 4701 salvaret.
2877 4647 2933 4700 ln
2963 4648 3152 4701 umbra
3177 4649 3367 4702 mortis
3390 4659 3643 4719 peccato-

2061 4752 2200 4800 rum,
2234 4735 2436 4790 indicat
2463 4735 2660 4802 locum,
2692 4737 2816 4805 quia
2854 4737 3044 4791 mortis
3066 4737 3493 4806 delinquentium
3522 4755 3642 4794 um-

2059 4824 2248 4879 brosos
2282 4839 2346 4880 ac
2387 4825 2698 4878 tenebrosos
2737 4826 2941 4894 patitur
2977 4841 3185 4889 manes,
3230 4827 3356 4881 dum
3395 4828 3474 4882 eis
3511 4844 3639 4898 gau-

2059 4914 2202 4969 dium
2250 4929 2354 4968 non
2388 4913 2607 4978 relucet,
2637 4914 2727 4983 qui
2757 4924 3014 4986 perpetua
3055 4915 3287 4970 tristitia:
3313 4932 3425 4971 sua:
3444 4916 3640 4972 obscu-

2058 5006 2218 5059 ritate
2245 5005 2464 5059 dimersi
2497 5014 2640 5058 sunt.

2130 5094 2293 5149 Sade.
2336 5112 2355 5145 ι
2391 5094 2793 5149 lmmdaverunt
2836 5111 2987 5165 aquae
3025 5111 3188 5166 super
3222 5107 3383 5167 caput
3420 5113 3634 5152 meum:

2065 5201 2082 5234 ι
2127 5185 2258 5248 dixi,
2293 5183 2486 5237 Perii.»
2517 5183 2717 5254 (Greg.)
2742 5185 2906 5254 Aqua:
2931 5185 2982 5238 in
3009 5184 3286 5256 Scriptura
3336 5201 3493 5240 sacra
3531 5188 3634 5242 ali-

2059 5276 2273 5345 quando
2302 5275 2562 5344 Spiritum
2607 5285 2853 5331 sanctnm
2874 5317 2888 5338 .
2921 5275 3209 5346 aliquando
3238 5277 3522 5332 scientiam
3549 5294 3631 5332 sa-

2056 5383 2225 5430 cram,
2256 5367 2544 5436 aliquando
2591 5367 2873 5423 scientiam
2911 5383 3156 5437 pravam,
3206 5368 3498 5439 aliquando
3539 5369 3635 5422 tri-

2056 5459 2403 5523 bulationem,
2444 5458 2731 5528 aliquando
2757 5457 3050 5514 defluentes
3074 5457 3317 5529 populos,
3342 5459 3633 5527 aliquando

2057 5559 2265 5606 mentes
2304 5552 2462 5606 ﬁdem
2499 5551 2836 5621 sequentium
2878 5551 3248 5606 demonstrare
3289 5551 3484 5606 solent.
3529 5550 3633 5604 Per

2059 5655 2251 5710 aquam
2295 5642 2489 5711 quippe
2530 5641 2701 5696 sancti
2747 5639 2979 5710 Spiritus
3041 5641 3238 5695 inlusio
3293 5641 3629 5711 designatur,
