3998 6202
169 331 301 389 ιειι

1046 328 1409 388 EXPOSITIO
1446 330 1675 387 SUPER
1710 329 2075 388 JEREMIAM.
2113 364 2183 374 —
2222 332 2349 389 LIB.
2391 333 2532 390 XIX.

3306 341 3327 394 i
3339 340 3402 396 '24
3413 339 3447 393 Ξ

163 445 309 499 sicut
340 443 396 496 in
419 439 710 512 Evangelia
742 440 985 499 dicitur:
1013 461 1032 494 ι
1061 441 1165 510 Qui
1188 442 1364 498 credit
1392 442 1447 498 in
1476 458 1588 508 me,
1615 442 1757 498 sicut
1784 438 1831 503 A
1860 444 2000 501 alius
2023 446 2289 516 propheta
2323 447 2390 502 ad
2423 447 2598 516 ipsum
2626 445 3042 518 Rcdemptorem
3085 448 3323 520 loquitur
3360 453 3446 509 di-

164 537 300 590 dicit
347 534 646 605 Scriptura,
694 532 918 589 ﬂumina
961 535 1028 590 de
1054 545 1242 591 ventre
1268 534 1384 605 ejus
1406 535 1574 591 ﬂuent
1605 551 1759 606 aqua:

166 628 306 682 viva:
326 625 511 698 (Joan.
540 624 661 695 vn).
695 644 715 677 ι
745 625 847 681 Ubi
878 624 1208 697 evangelista
1239 634 1458 682 secutus
1480 627 1754 698 adjunxit:

169 736 192 772 ι
233 718 348 773 Hoc
367 726 550 771 autem
574 715 715 772 dixit
739 716 807 772 de
847 716 1063 787 spiritu,
1091 732 1252 787 quem
1286 719 1559 789 accepturi
1600 728 1760 775 erant

162 808 452 865 credentes
511 807 567 862 in
617 822 765 862 eum.
814 827 835 860 ι
899 806 1136 864 Rursum
1183 824 1284 880 per
1322 825 1543 891 [aquam
1601 825 1758 866 sacra

162 893 395 953 scientia
421 896 755 968 designatur,
798 896 941 952 sicut
967 897 1203 953 dicitur:
1234 919 1254 951 ι
1283 900 1438 969 Aqua
1481 900 1759 970 sapientiae

162 987 422 1043 salutaris
441 987 652 1058 potavit
675 1001 771 1042 eos
802 985 973 1058 (Eccl.
998 986 1112 1059 xv).
1142 1008 1160 1040 ι
1195 988 1300 1044 Per
1321 1004 1517 1060 aquam
1544 1004 1761 1060 quoque

163 1095 334 1151 prava
382 1078 612 1134 scientia
660 1077 920 1149 appellari
962 1079 1124 1146 solet,
1164 1080 1305 1136 sicut
1341 1081 1483 1151 apud
1507 1080 1758 1138 Salomo-

165 1184 294 1225 uem
338 1168 535 1225 mulier
584 1183 705 1238 qua:
759 1176 946 1240 typum
987 1170 1260 1227 htereseos
1321 1178 1503 1237 tenet,
1549 1172 1761 1228 callidis

163 1260 518 1316 suasionibus
545 1259 845 1320 blanditur.
875 1259 1061 1316 dicens
1085 1277 1098 1311 :
1133 1276 1155 1304 ι
1184 1259 1355 1331 Aquae
1382 1260 1601 1318 furtivae
1641 1260 1759 1316 dul-

160 1351 344 1407 ciores
367 1361 496 1406 sunt
514 1347 698 1421 (Prov.
723 1347 824 1419 Ix).
857 1368 876 1401 ι
908 1348 1186 1419 Aquarum
1221 1364 1351 1421 ergo
1376 1350 1596 1405 nomine
1621 1364 1758 1406 non-

162 1459 445 1514 nunquam
490 1442 669 1499 solent
714 1440 1091 1497 tribulationes
1154 1441 1418 1514 intelligi,
1473 1441 1616 1498 sicut
1660 1458 1759 1513 per

161 1535 507 1591 Psalmistam
550 1533 751 1590 dicitur
785 1549 843 1588 ει
886 1530 1105 1588 Salvum
1150 1548 1240 1589 me
1267 1532 1375 1598 fac,
1418 1532 1582 1599 Deus,
1622 1548 1759 1604 quo-

163 1624 317 1679 niam
372 1623 714 1679 intraverunt
761 1636 917 1692 aqua:
966 1636 1135 1691 usque
1181 1623 1250 1677 ad
1298 1623 1534 1678 animam
1579 1638 1756 1677 meam

162 1715 344 1788 (Ρωι.
379 1713 594 1786 vant).
629 1734 648 1766 ι
675 1713 780 1769 Per
807 1729 1006 1784 aquam
1032 1714 1215 1787 populi
1244 1714 1616 1785 designantur,
1646 1714 1757 1770 sic-

1861 549 2023 589 cens:
2054 554 2072 587 ‹
2098 535 2178 590 Tu
2205 544 2385 590 autem
2408 535 2463 590 in
2483 537 2745 608 sanguine
2774 538 3081 593 testamenti
3110 539 3185 593 tui
3214 541 3446 601 eduxisti

1860 623 2070 679 vinctos
2099 632 2221 679 tuos
2246 625 2313 680 de
2339 623 2480 689 lacu,
2508 625 2691 695 inquo
2713 640 2818 681 non
2845 635 2931 682 est
2954 642 3095 697 aqua
3121 624 3307 699 (Zach.
3337 630 3400 699 ι).
3422 649 3443 684 ι

1859 713 2131 768 lnvocavit
2162 728 2291 785 ergo
2325 713 2654 785 Redemptor
2693 725 2882 772 noster
2908 733 3105 773 nomen
3136 717 3350 775 Domini
3382 721 3448 778 de

1859 804 1980 860 lacu
2017 804 2337 869 novissimo,
2368 819 2492 859 cum
2524 804 2579 859 in
2607 806 2810 861 virtute
2843 807 3143 864 divinitatis
3170 809 3444 866 descendit

1860 897 1928 951 ad
1954 894 2180 961 inferos,
2212 904 2269 950 et
2300 895 2590 952 destructis
2620 896 2872 953 claustris
2902 899 3118 965 tartari,
3152 915 3280 957 suos
3309 916 3445 969 quos

1859 986 1933 1044 ibi
1965 988 2164 1058 reperit
2189 1000 2387 1042 eruens
2417 988 2588 1042 victor
2613 988 2678 1043 ad
2705 1004 2932 1059 superos
2974 992 3239 1047 ascendit.
3292 989 3444 1065 (Cas-

1856 1080 2019 1151 siod.)
2040 1078 2316 1135 lnfernum
2336 1096 2465 1136 vero
2494 1095 2600 1136 non
2626 1081 3069 1139 irrationabiliter
3102 1082 3339 1141 forsitan
3359 1100 3445 1140 ar-

1857 1171 2128 1226 bitramur
2151 1185 2274 1227 esse
2300 1172 2402 1228 sub
2442 1173 2622 1238 terris,
2658 1187 2783 1228 cum
2811 1171 2866 1227 in
2891 1172 3072 1228 Veteri
3099 1174 3445 1232 Testamento

1859 1258 1927 1315 de
1955 1259 2166 1316 Dathan
2197 1268 2252 1316 et
2273 1260 2480 1317 Ahiron
2508 1261 2706 1333 legitur
2753 1260 2944 1333 (Num.
2979 1269 3127 1336 xvi):
3166 1282 3185 1315 ι
3220 1265 3445 1336 Aperuit

1857 1367 1916 1408 se
1958 1361 2125 1418 terra,
2152 1362 2208 1409 et
2237 1353 2521 1425 deglutivit
2556 1369 2669 1421 eos,
2698 1363 2754 1410 et
2790 1354 2899 1410 vivi
2935 1354 3334 1411 descenderunt
3377 1358 3447 1413 ad

1857 1441 2080 1498 inferos.
2116 1462 2135 1495 ι
2184 1442 2293 1499 Sed
2326 1459 2433 1513 quo
2464 1444 2659 1499 itinere
2702 1442 2829 1499 illuc
2869 1443 3065 1499 animae
3096 1444 3439 1507 transferan-

1859 1541 1966 1599 tur,
1995 1532 2252 1602 quoniam
2293 1532 2347 1587 in
2380 1532 2705 1587 auctoritate
2745 1531 2929 1587 divina
2959 1547 3065 1588 non
3097 1533 3309 1603 legitur,
3343 1534 3446 1588 ha-

1856 1621 2049 1677 bemus
2074 1620 2361 1676 incertum.
2392 1620 2666 1676 Infernum
2695 1630 2877 1676 autem
2904 1620 3104 1678 habere
3134 1621 3446 1679 inferiorem

1858 1720 2090 1784 partem,
2122 1712 2397 1784 Evangelii
2442 1712 2594 1768 locus
2626 1712 2716 1768 ille
2746 1721 2974 1769 testatur
3001 1713 3093 1783 qui
3133 1714 3286 1782 dicit,
3320 1729 3446 1771 cum

161 1815 226 1861 ut
281 1821 378 1877 per
406 1804 671 1862 Joannem
701 1805 900 1861 dicitur
930 1822 944 1860 :
975 1824 995 1858 ι
1035 1805 1207 1876 Aquas
1241 1821 1373 1862 vero
1404 1813 1532 1862 sunt
1569 1805 1751 1876 populi
1785 1795 1828 1853 Β
1856 1803 2078 1874 impium
2124 1802 2347 1859 divitem
2395 1802 2561 1858 ultrix
2616 1801 2832 1857 ﬂamma
2882 1809 3190 1872 torqueret,
3239 1802 3446 1859 levasse

162 1899 354 1971 (Apoc.
381 1897 537 1970 xvu).
573 1917 593 1951 ι
627 1897 735 1954 Per
762 1912 960 1968 aquam
985 1914 1201 1969 quoque
1228 1910 1341 1955 non
1370 1899 1548 1955 solum
1574 1898 1753 1957 ﬂuxus

159 1990 566 2046 decurrentium
593 1988 934 2059 populorum,
968 1991 1064 2045 sed
1093 1989 1257 2045 etiam
1290 1990 1557 2046 bonorum
1594 2005 1751 2046 men-

162 2089 252 2137 tes
279 2080 401 2136 ﬂdei
428 2080 844 2150 medicamenta
868 2079 1210 2150 sequentium
1239 2079 1615 2150 designantur,
1643 2079 1751 2135 sic-

160 2179 226 2225 ut
261 2169 521 2240 propheta
550 2169 628 2223 ait
653 2186 667 2222 :
701 2187 720 2219 I
761 2167 912 2223 Beati
938 2167 1030 2238 qui
1060 2167 1343 2224 seminatis
1370 2183 1534 2239 super
1560 2183 1752 2224 omnes

162 2276 341 2331 aquas
379 2259 517 2333 (ιω.
569 2261 767 2331 xxxu).
805 2280 825 2313 ι
880 2260 948 2315 Ει
990 2276 1089 2330 per
1124 2260 1468 2315 Psalmistam
1514 2260 1749 2317 dicitur:

167 2369 186 2402 ι
227 2351 348 2407 Vox
375 2350 591 2406 Domini
634 2365 798 2420 super
846 2365 1017 2420 aquas
1052 2349 1227 2423 (Psal.
1260 2352 1475 2422 xxvnt).
1513 2372 1534 2405 ι
1582 2354 1754 2422 Aqua:

160 2456 295 2511 ergo
318 2455 482 2512 super
501 2439 1054 2511 caputRedemptoris
1078 2441 1512 2496 inundaverunt:
1539 2443 1753 2513 quando

159 2531 413 2586 seditiosi
440 2531 627 2601 populi
651 2527 964 2585 Iudaeorum
993 2531 1427 2600 persecutionem
1476 2540 1755 2588 moventes

157 2620 434 2676 divinitati
460 2621 834 2690 Redemptoris
859 2620 1229 2676 detraxerunt.
1255 2620 1429 2692 Caput
1447 2636 1577 2677 vero
1596 2620 1754 2677 Chri-

158 2712 233 2768 sti
269 2720 356 2768 est
378 2712 541 2778 Deus,
588 2720 648 2765 ut
685 2710 976 2781 Apostolus
1032 2718 1298 2767 testatur:
1323 2711 1423 2767 Cui
1452 2712 1755 2768 invidentes

156 2800 342 2859 εἱειειειιί
367 2802 622 2858 dixerunt
652 2801 721 2857 ad
748 2800 982 2856 Pilatum
1007 2818 1022 2855 :
1071 2820 1089 2853 ι
1124 2800 1236 2857 Nos
1270 2801 1442 2870 legem
1470 2801 1753 2868 habemus,

157 2903 216 2949 ct
256 2896 552 2950 secundum
590 2893 763 2966 legem
797 2894 959 2950 debet
988 2895 1152 2961 mori,
1191 2895 1317 2965 quia
1339 2894 1535 2950 Filium
1563 2894 1662 2950 Dei
1694 2910 1757 2950 se

160 2982 297 3039 fecit
335 2982 517 3056 (Joan.
548 2983 684 3055 xxx).
738 2982 1030 3056 [Cassiod.]
1076 2984 1338 3040 Deitatem
1379 3001 1509 3041 vero
1551 2986 1754 3042 Christi

160 3075 552 3146 itnpassibilem
594 3084 788 3132 cuncta
824 3077 1022 3132 mentis
1047 3077 1253 3133 sanitas
1275 3077 1584 3133 confitetur.
1637 3077 1746 3135 Sed

157 3138 458 3238 assumpsit
486 3166 855 3223 inﬁrmitatem
892 3177 1161 3234 nostram,
1183 3182 1305 3238 qua:
1338 3167 1618 3238 subiacere
1646 3185 1744 3240 ρο-
1773 3138 1818 3200 C

157 3259 358 3315 tuisset
381 3260 564 3315 exitio.
592 3259 743 3316 Unde
767 3260 856 3316 hic
885 3261 1144 3331 scriptum
1167 3270 1289 3319 est:
1320 3282 1338 3313 ι
1367 3262 1512 3330 Dixi,
1535 3263 1703 3331 Perii,
1725 3284 1743 3317 ι

156 3351 273 3407 hoc
297 3359 383 3406 est
415 3369 430 3403 :
463 3364 632 3420 usque
658 3351 726 3404 ad
766 3350 956 3405 mortis
996 3353 1202 3407 exitum
1241 3353 1482 3421 perveni.
1517 3353 1598 3408 Ex
1634 3354 1746 3424 ipsa

154 3456 295 3513 ergo
305 3439 704 3511 dispensatione
724 3438 920 3495 clamat
940 3440 994 3496 in
1008 3439 1235 3497 Psalmis
1249 3443 1461 3497 dicens:
1490 3459 1504 3494 ι
1527 3441 1601 3497 Sa
1622 3458 1748 3498 vum

157 3548 254 3588 me
278 3530 383 3598 fac,
428 3531 600 3596 Deus,
631 3530 884 3600 quoniam
926 3531 1265 3588 intraverunt
1300 3549 1454 3604 aqua:
1485 3548 1655 3603 usque
1682 3535 1752 3590 ad

157 3622 401 3677 animam
420 3634 625 3675 meam:
650 3639 669 3672 ι
692 3619 887 3689 utquia
908 3626 1137 3676 mortem
1158 3618 1403 3692 refugere
1417 3636 1522 3677 non
1544 3621 1749 3689 debuit,

157 3728 331 3786 quam
369 3710 671 3767 voluntarie
715 3710 1033 3777 sustinebat,
1088 3712 1505 3769 resurrectionis
1550 3714 1752 3770 auxilio

163 3803 483 3860 humanitas
506 3801 622 3871 eius
654 3802 884 3858 celerius
915 3802 1031 3858 ﬁeri
1067 3802 1215 3857 salva
1236 3804 1518 3874 potuisset.
1550 3804 1751 3863 Passus

158 3904 252 3952 est
282 3894 429 3950 enim
465 3891 573 3956 ille,
610 3891 737 3962 quia
770 3890 959 3947 voluit.
1012 3891 1300 3947 Patiuntur
1334 3902 1626 3965 martyres,
1656 3896 1752 3951 sed

159 3984 434 4041 nolentes.
458 3982 550 4039 Sic
569 3983 713 4038 enim
736 3982 851 4053 ipse
863 3982 1121 4039 Dominus
1134 3981 1295 4040 Petro
1315 3984 1452 4039 dixit
1475 3985 1767 4057 apostolo:

168 4096 187 4128 ι
219 4076 360 4132 Cum
390 4075 636 4131 senueris
667 4074 808 4129 alius
842 4082 894 4130 te
918 4074 1115 4145 cinget,
1142 4081 1199 4129 et
1230 4075 1390 4131 ducet
1413 4091 1520 4147 quo
1560 4083 1618 4130 tu
1640 4092 1753 4133 non

158 4168 254 4223 vis
280 4165 464 4238 (Joan.
488 4171 603 4236 xxi)
626 4182 640 4218 :
667 4184 686 4216 ι
719 4178 863 4219 nunc
892 4180 1054 4220 causa
1083 4165 1325 4221 redditur
1352 4181 1522 4237 quare
1546 4182 1605 4223 se
1638 4168 1749 4224 sal-

158 4272 298 4313 vum
334 4255 451 4311 ﬂeri
491 4254 817 4326 postulabat,
863 4254 1064 4310 scilicet
1110 4256 1366 4325 quoniam
1413 4257 1753 4314 intraverunt

159 4363 327 4419 aqua:
363 4362 533 4416 usque
553 4347 622 4401 ad
644 4346 879 4400 animam
908 4345 1041 4415 ejus.
1068 4345 1251 4415 Aquas
1272 4361 1372 4416 pro
1396 4347 1754 4403 seditionibus

159 4439 345 4511 plebis
386 4448 640 4507 motuque
680 4437 998 4507 populorum
1039 4436 1236 4493 debere
1275 4439 1509 4508 suspici,
1557 4440 1752 4509 saepius

158 4531 356 4588 divina
381 4529 657 4599 Scriptura
682 4536 930 4592 testatur,
966 4527 1106 4582 sicut
1135 4527 1263 4582 illud
1303 4536 1424 4585 est:
1456 4548 1474 4580 ‹
1504 4527 1752 4584 Forsitan

159 4618 321 4676 velut
345 4633 485 4688 aqua
513 4617 918 4675 absorbuissent
945 4631 1062 4671 nos.
1100 4635 1120 4668 ι
1147 4617 1213 4671 Et
1250 4618 1533 4688 sequitur:
1567 4638 1586 4670 ε
1620 4618 1757 4674 Tor-

160 4722 385 4769 rentem
426 4710 771 4781 pertransivit
806 4709 985 4763 anima
1013 4717 1221 4774 nostra,
1259 4707 1485 4763 forsitan
1508 4719 1757 4780 pertran-

160 4807 340 4863 sisset
392 4803 572 4858 anima
646 4810 828 4857 nostra
886 4817 1085 4871 aquam
1140 4801 1535 4857 intolerabilem
1580 4799 1753 4874 (Prol.

158 4894 366 4966 cxxnt)
390 4914 406 4949 :
437 4914 455 4947 ι
485 4894 820 4964 Quapropter
848 4892 1075 4964 populus
1098 4890 1187 4947 ille
1209 4889 1465 4947 Iudaicus
1493 4907 1662 4961 usque
1686 4892 1757 4948 ad

160 4990 413 5045 animam
465 4985 677 5043 Domini
727 4984 1024 5041 Salvatoris
1077 4983 1316 5049 intravit,
1370 4984 1586 5054 quando
1633 4998 1757 5039 eum

159 5076 494 5148 cruciﬁgere
523 5075 782 5131 scelerata
814 5083 993 5129 mente
1019 5071 1383 5143 praesumpsit.
1417 5072 1483 5126 Et
1525 5072 1655 5142 quia
1702 5072 1756 5128 in

162 5183 339 5227 cruce
365 5175 612 5224 mortuus
632 5166 702 5221 ad
725 5164 1142 5236 deprzedandum
1164 5162 1436 5218 infernum
1456 5162 1757 5231 descendit,

161 5262 426 5332 sequitur
443 5274 459 5312 :

245 5348 415 5421 ϐορὰ.
446 5369 464 5402 ι
493 5347 739 5405 lnvocavi
767 5362 961 5403 nomen
988 5354 1138 5401 tuum
1170 5346 1235 5401 de
1260 5345 1380 5400 lacu
1406 5342 1750 5401 novissimo.)

165 5439 475 5517 (MAURUS.)
502 5439 641 5507 Quid
666 5438 808 5493 enim
841 5436 1020 5491 lacum
1051 5434 1427 5500 novissimum,
1455 5433 1558 5489 nisi
1588 5433 1755 5489 infer-

162 5547 309 5590 num
359 5529 665 5585 inferiorem
711 5526 1011 5596 intelligere
1063 5524 1374 5580 debemus?
1420 5524 1498 5578 De
1542 5538 1649 5593 quo
1701 5523 1755 5578 in

164 5622 397 5681 Pssimo
438 5619 696 5690 scriptum
726 5625 840 5674 est:
869 5635 889 5667 ι
919 5615 1175 5685 Eripuisti
1219 5615 1456 5670 animam
1485 5629 1660 5670 meam
1691 5630 1757 5670 ex

163 5710 396 5770 inferno
437 5708 679 5767 inferiori
704 5705 877 5781 (Psal.
905 5707 1127 5780 Lxxxv).
1168 5726 1188 5760 ι
1228 5706 1300 5762 De
1335 5706 1437 5762 hoc
1468 5721 1595 5779 ergo
1638 5705 1756 5761 lacu

1850 1894 2037 1950 oculos
2085 1908 2233 1959 suos,
2285 1901 2341 1949 et
2384 1892 2439 1947 in
2485 1893 2608 1948 sinu
2648 1892 2882 1948 Abrahae
2924 1893 3128 1949 vidisse
3176 1892 3445 1949 Lazarum

1851 1984 2009 2057 (Luc.
2055 1983 2191 2056 xvi).
2257 1983 2411 2040 Unde
2459 1991 2683 2054 apparet
2734 1992 2992 2054 utrosque
3044 1984 3186 2056 apud
3238 1985 3443 2041 inferos

1851 2073 2039 2137 fuisse,
2077 2082 2140 2130 ut
2173 2089 2232 2130 se
2259 2074 2444 2130 videre
2470 2073 2788 2139 valuissent,
2818 2082 2871 2129 et
2910 2074 3059 2130 illum
3099 2090 3165 2130 ex
3197 2074 3441 2131 inferiori

1851 2165 1972 2221 loco
2001 2166 2069 2221 ad
2098 2166 2377 2236 superiora
2403 2165 2589 2222 oculos
2618 2166 2878 2222 elevasse.
2924 2167 3031 2223 Sed
3070 2167 3195 2223 licet
3221 2168 3438 2238 utrique

1852 2256 1995 2326 apud
2022 2255 2229 2311 inferos
2255 2270 2378 2311 esse
2406 2255 2744 2322 viderentur,
2771 2271 2871 2326 pro
2906 2256 3225 2312 meritorum
3258 2264 3437 2312 tamen

1852 2346 2178 2402 discretione
2221 2345 2557 2416 superiorem
2604 2345 2782 2400 locum
2835 2346 3038 2402 sanctis
3062 2387 3077 2410 ,
3126 2346 3437 2403 inferiorem

1851 2437 2228 2508 peccatoribus
2264 2436 2455 2493 doctor
2476 2436 2813 2507 Augustinus
2852 2438 3088 2493 :estimat
3113 2452 3233 2494 esse
3267 2439 3436 2510 depu-

1853 2527 2095 2581 tandum.
2127 2524 2261 2581 Nam
2289 2533 2344 2581 et
2364 2525 2556 2581 beatus
2576 2524 2678 2581 Job
2704 2527 2781 2581 ait
2809 2526 2950 2599 (Job.
2977 2527 3143 2600 xvn):
3172 2546 3191 2580 ι
3227 2528 3280 2583 in
3307 2543 3437 2599 pro-

1852 2619 2229 2676 fundissimum
2268 2618 2539 2675 infernum
2567 2619 2897 2676 descendent
2933 2620 3115 2676 omnia
3148 2635 3285 2685 mea,
3315 2636 3438 2677 cum

1854 2720 1961 2769 stet
1986 2712 2131 2783 quod
2158 2711 2299 2783 apud
2333 2710 2533 2767 inferos
2556 2710 2691 2781 justi
2722 2726 2827 2767 non
2860 2711 2915 2766 in
2949 2711 3084 2768 locis
3112 2712 3435 2783 pmnalibus,

1854 2804 1950 2861 sed
1988 2803 2045 2859 in
2082 2803 2347 2875 superiori
2390 2804 2589 2873 quietis
2626 2804 2750 2859 sinu
2789 2812 3123 2860 tenerentur.
3164 2825 3182 2858 ι
3232 2805 3437 2878 (Ci-eg.)

1855 2893 2045 2965 Magna
2096 2893 2255 2949 nobis
2299 2893 2543 2949 oboritur
2590 2895 2819 2965 qumstio
2855 2895 3112 2965 quidnam
3171 2896 3260 2961 sit,
3289 2898 3436 2967 quod

1853 2985 2046 3042 beatus
2071 2982 2174 3040 Job
2209 2985 2404 3040 asserit
2428 2984 2632 3050 dicens,
2660 2985 2718 3039 In
2743 2985 3224 3055 profundissimum
3270 2985 3439 3042 infcr-

1855 3091 1984 3131 num
2002 3075 2332 3131 descendent
2350 3075 2529 3130 omnia
2550 3091 2666 3131 mea
2688 3093 2701 3130 :
2725 3076 2851 3145 quia
2872 3076 2974 3131 etsi
2996 3085 3121 3131 ante
3145 3077 3434 3133 adventum

1851 3167 2166 3222 mediatoris
2189 3166 2284 3221 Dei
2311 3173 2365 3221 et
2386 3166 2664 3221 hominum
2695 3166 2749 3220 in
2779 3166 3049 3221 infernum
3074 3167 3436 3225 descensurus

1848 3267 1988 3326 erat,
2045 3259 2218 3329 liquet
2256 3266 2435 3314 tamen
2476 3259 2603 3329 quia
2636 3258 2689 3313 in
2732 3258 3212 3330 profundissimum
3263 3260 3435 3318 infer-

1849 3366 1979 3405 num
2008 3350 2368 3406 descensurus
2403 3365 2511 3407 non
2538 3357 2676 3405 erat.
2708 3350 2792 3405 An
2834 3351 2950 3422 ipsa
2988 3354 3269 3423 superiora
3316 3353 3436 3411 ioca

1850 3440 2043 3496 inferni
2069 3439 2550 3510 profundissimum
2568 3449 2779 3507 vocant,
2805 3442 2931 3513 quia
2948 3442 3215 3510 videlicet,
3234 3457 3438 3515 quanto

1851 3534 1919 3588 ad
1955 3532 2343 3588 sublimitatem
2376 3532 2500 3588 caeli
2535 3536 2648 3603 jam
2684 3531 2845 3601 hujus
2886 3533 3029 3588 aeris
3066 3535 3295 3604 spatium
3330 3552 3438 3591 non

1852 3626 2048 3682 merito
2091 3626 2197 3682 dici
2252 3625 2498 3681 infernus
2555 3632 2754 3696 potest.
2809 3623 2961 3680 Unde
3009 3641 3132 3680 cttm
3180 3635 3438 3696 apostata:

1852 3716 2029 3788 angeli
2072 3731 2104 3770 a
2136 3715 2450 3772 cmlestibus
2490 3714 2710 3770 sedibus
2751 3714 2804 3768 in
2834 3714 2937 3769 hoc
2978 3714 3273 3785 caliginoso
3311 3731 3437 3771 acre

1851 3807 1963 3861 sint
1989 3806 2242 3872 demersi,
2269 3806 2463 3861 Petrus
2491 3804 2766 3877 apostolus
2788 3803 2919 3859 dicit
2952 3822 2965 3858 :
2997 3823 3016 3855 ι
3050 3805 3270 3874 Angelis
3301 3822 3436 3877 pec-

1852 3895 2103 3951 cantibus
2133 3910 2238 3949 non
2264 3893 2524 3964 pepercit,
2555 3894 2650 3948 sed
2675 3891 2993 3948 rudentibus
3022 3893 3221 3948 inferni
3252 3894 3434 3949 detra-

1852 3997 1970 4044 ctos
2004 3987 2058 4042 in
2090 3995 2353 4041 tartarum
2396 3984 2617 4039 tradidit
2663 3985 2716 4039 in
2749 3983 2955 4053 judicio
2986 3985 3306 4041 cruciandos
3349 4003 3435 4042 re-

1851 4076 2056 4134 servari
2088 4075 2139 4145 (Ι
2145 4074 2172 4129 1
2203 4072 2318 4129 Pet.
2351 4074 2434 4147 ιι).
2474 4093 2493 4127 ›
2530 4072 2586 4128 Si
2618 4073 2798 4144 itaque
2825 4082 3087 4143 quantum
3117 4075 3183 4129 ad
3211 4074 3430 4130 celsitu-

1853 4167 2034 4225 dinem
2061 4164 2182 4221 cmli
2208 4180 2301 4220 acr
2320 4164 2420 4221 iste
2441 4163 2767 4233 caliginosus
2783 4162 3025 4220 infernus
3045 4170 3153 4229 est,
3172 4175 3429 4234 quantum

1852 4258 1919 4313 ad
1969 4255 2205 4327 ejusdem
2251 4255 2393 4311 aeris
2437 4253 2776 4310 altitudinem
2816 4262 2997 4321 terrm,
3042 4271 3162 4326 qua:
3205 4255 3428 4311 inferius

1846 4346 2021 4417 jacet,
2071 4354 2127 4401 et
2173 4344 2415 4401 infernus
2470 4345 2727 4416 intelligi,
2777 4352 2834 4401 et
2878 4345 3174 4416 profundus
3232 4354 3430 4417 potest,

1856 4448 2116 4508 quantum
2144 4451 2277 4492 vero
2306 4437 2372 4492 ad
2401 4435 2642 4505 ejusdem
2697 4445 2855 4491 teme
2900 4436 3263 4503 altitudinem,
3295 4446 3349 4493 et
3378 4438 3433 4495 in

1857 4529 1946 4585 illa
1970 4528 2085 4585 loca
2114 4526 2272 4582 inferi
2295 4568 2317 4601 ι
2333 4542 2453 4598 quae
2476 4527 2757 4598 superiora
2786 4536 2911 4584 sunt
2936 4528 3058 4584 aliis
3083 4529 3437 4599 receptaculis

1856 4618 2091 4674 inferni:
2116 4620 2220 4673 hoc
2253 4618 2374 4674 loco
2412 4634 2520 4673 non
2557 4619 2852 4690 incongrue
2891 4618 3085 4674 inferni
3120 4620 3432 4690 profundis-

1854 4710 1978 4765 simi
2022 4708 2378 4780 appellatione
2421 4708 2722 4781 signantur.
2768 4707 2899 4776 Qua:
2923 4710 3067 4779 quod
3104 4725 3197 4765 aer
3224 4710 3290 4764 ad
3322 4726 3436 4766 coe-

1855 4798 1992 4864 lum,
2026 4807 2169 4854 terra
2201 4798 2270 4853 ad
2302 4814 2506 4865 aerem,
2534 4799 2639 4854 hoc
2677 4798 2769 4854 ille
2795 4809 2879 4854 est
2904 4800 3151 4870 superior
3193 4798 3435 4855 inferno-

1856 4906 1976 4945 rum
2013 4892 2164 4945 sinus
2209 4891 2277 4946 ad
2322 4900 2542 4946 terram.
2592 4890 2699 4946 Sed
2746 4892 2943 4945 mirum
2990 4891 3142 4945 valde
3179 4898 3263 4944 est
3290 4892 3434 4960 quod

1853 4978 2025 5051 jungit
2053 4998 2065 5033 :
2095 4999 2114 5032 ι
2143 4981 2470 5037 descendent
2508 4981 2690 5037 omnia
2718 4995 2858 5035 mea.
2898 4998 2917 5031 ι
2969 4978 3103 5034 Cum
3134 4979 3277 5032 enim
3320 4978 3433 5033 sola

1859 5071 2037 5124 anima
2079 5070 2403 5125 descensura
2441 5079 2586 5127 esset
2627 5072 2693 5125 ad
2732 5068 2938 5125 inferna
2979 5068 3133 5125 loca:
3162 5069 3289 5139 quid
3328 5080 3428 5135 est,

1857 5160 2000 5230 quod
2038 5168 2257 5215 sanctus
2290 5160 2375 5214 vir
2405 5160 2529 5215 illuc
2566 5161 2808 5231 perhibet
2849 5158 3030 5214 omnia
3072 5172 3166 5213 sua
3212 5159 3435 5213 descen-

1859 5251 2025 5306 dere:
2052 5252 2156 5306 nisi
2188 5251 2330 5321 quod
2384 5251 2456 5305 ibi
2492 5265 2549 5305 se
2575 5264 2695 5304 esse
2724 5256 2893 5303 totum
2926 5247 3078 5313 vidit,
3104 5248 3194 5302 ubi
3225 5249 3435 5319 pondus

1859 5340 2315 5397 remunerationis
2345 5339 2631 5411 intelligit?
2657 5339 2781 5409 quia
2820 5339 2924 5394 hoc
2950 5336 3094 5408 quod
3125 5338 3435 5396 insensibile

1858 5447 1926 5488 ex
1957 5446 2014 5487 se
2043 5439 2165 5487 erat
2201 5432 2255 5485 in
2296 5437 2496 5485 terram
2538 5430 2765 5494 deserit,
2806 5442 3088 5499 quousque
3131 5429 3199 5484 ad
3259 5430 3433 5485 incor-

1861 5521 2162 5592 ruptionem
2198 5520 2610 5577 resurrectionis
2650 5520 2835 5575 redeat
2870 5534 2929 5575 se
2957 5533 3078 5575 esse
3117 5535 3221 5575 non
3248 5521 3429 5577 sentit.

1858 5612 2050 5669 Omnia
2096 5613 2277 5683 itaque
2302 5627 2400 5667 sua
2442 5612 2498 5666 in
2530 5610 2796 5668 infernum
2833 5612 3311 5684 profundissimum
3343 5613 3435 5670 de-

1859 5718 2117 5761 scensura
2142 5703 2413 5774 perhibet,
2437 5703 2581 5776 quod
2597 5704 2765 5761 solam
2784 5719 2937 5761 suam
2958 5703 3194 5759 animam
3211 5703 3434 5762 descen-
