3998 6202
536 322 672 377 1245

1172 321 1234 374 Β.
1275 319 1525 374 ΒΑΒΑΝΙ
1566 316 1782 374 MAURI
1823 313 2138 370 ARClilEl‘.
2177 312 2484 394 MOGUNl‘.
2529 311 2812 368 OPEBUM
2850 313 3029 370 PARS
3069 299 3151 371 Ill.

3676 315 3801 368 ii!“

531 453 712 494 suram
756 437 928 499 videt,
969 436 1093 505 quia
1131 434 1201 488 ibi
1240 445 1384 488 totus
1417 442 1522 498 est,
1559 433 1649 486 ubi
1700 432 1902 485 sentire
1938 428 2108 498 possit
2135 429 2182 487 A
2213 425 2342 478 nino
2381 425 2689 480 clamabat:
2726 445 2744 476 ι
2779 426 2941 480 Pater
2974 428 3144 498 juste,
3188 426 3425 483 mundus
3465 436 3522 481 te
3573 444 3682 480 non
3721 443 3800 481 co-

530 529 673 599 quod
729 528 1011 597 reciperet.
1061 523 1158 579 Vel
1207 533 1354 580 certe
1410 523 1462 577 in
1516 523 1726 577 inferno
1774 520 1890 588 ejus
1931 519 2112 573 omnia

534 617 898 675 (lesceudunt.
945 616 1070 685 quia
1117 616 1358 668 laborum
1401 615 1642 668 omnium
1695 613 1980 667 retributio
2020 611 2114 665 ad-

533 709 638 763 huc
669 708 720 761 iu
752 706 865 760 solo
895 715 1012 760 erat
1045 704 1256 759 inferno
1298 721 1312 758 :
1353 705 1444 773 qui
1475 714 1530 758 et
1570 703 1734 772 recipi
1765 701 2114 772 praestolaba-

535 809 641 862 tur,
677 807 732 852 et
761 797 912 866 quasi
946 796 1073 851 illuc
1101 797 1377 850 descendit
1411 810 1571 849 omne
1598 794 1738 864 quod
1763 794 1891 864 egit,
1920 793 2009 862 qui
2039 793 2111 846 ibi

531 889 764 959 quietem
795 886 1166 942 retributionis
1192 902 1302 941 sua:
1325 902 1392 940 ex
1420 886 1672 940 omnibus
1701 885 1924 939 invenit.
1961 883 2113 939 Unde

530 979 696 1033 etiam
731 977 844 1046 ipsa
875 976 1028 1046 quies
1066 975 1375 1047 prmstolata
1416 974 1774 1046 subjungitur,
1805 987 1927 1028 cum
1971 972 2113 1027 illico

533 1065 887 1122 subinfertur.
933 1065 1168 1121 Putasne
1207 1066 1399 1121 saltem
1442 1065 1512 1121 ibi
1549 1065 1655 1120 erit
1702 1065 1914 1135 requies
1945 1053 2115 1120 mihi?

532 1159 588 1212 In
612 1156 806 1226 quibus
836 1156 1094 1210 nimirum
1116 1156 1297 1211 verbis
1326 1156 1615 1211 innotescit
1643 1155 1789 1226 quod
1819 1153 2112 1220 desiderat,

530 1255 586 1302 et
615 1255 792 1300 tamen
829 1261 950 1301 esse
987 1261 1046 1301 se
1084 1246 1261 1301 adhuc
1303 1247 1369 1302 de
1400 1247 1743 1318 suscipienda
1786 1248 1975 1317 requie
2018 1250 2116 1302 du-

533 1339 680 1393 bium
713 1338 959 1408 designat
995 1356 1007 1391 :
1051 1352 1118 1392 ne
1146 1337 1300 1408 cujus
1340 1349 1527 1393 sancta
1565 1353 1752 1409 opera,
1790 1347 1877 1410 tot
1906 1337 2113 1408 ﬂagella

531 1433 717 1485 secuta
750 1437 876 1484 sunt
903 1431 1115 1486 occulto
1137 1429 1340 1498 judicio
1368 1431 1586 1500 superni
1618 1430 1834 1502 judicis,
1873 1430 2088 1500 postlla

532 1519 664 1590 gella
695 1519 1012 1591 temporalia
1041 1521 1204 1574 etiam
1233 1536 1487 1576 mansura
1524 1530 1790 1576 tormenta
1820 1537 2112 1591 sequeren-

537 1619 640 1664 tur.
675 1610 790 1678 Qua
824 1613 878 1666 in
911 1627 969 1666 re
995 1623 1116 1666 cum
1144 1627 1340 1682 magno
1370 1613 1526 1667 nobis
1559 1613 1752 1668 timore
1777 1612 2114 1683 pensandum

531 1709 634 1767 est,
660 1701 781 1770 quis
810 1710 1052 1756 nostrum
1076 1700 1191 1770 jam
1223 1701 1290 1757 de
1317 1703 1501 1772 requie
1526 1712 1727 1757 aeterna
1754 1718 1978 1758 securus
2007 1703 2107 1758 sit:

534 1790 578 1846 si
620 1790 687 1846 de
714 1806 778 1845 ea
809 1791 986 1848 adhuc
1013 1800 1070 1846 et
1105 1793 1195 1848 ille
1225 1770 1479 1864 trepidat,
1513 1793 1665 1864 cujus
1698 1795 1948 1860 virtutes,
1977 1810 2113 1864 prae-
2141 1770 2187 1828 Β

529 1881 683 1936 cenia
713 1889 767 1935 et
795 1881 908 1952 ipse
936 1890 991 1938 et
1012 1883 1177 1953 judex
1207 1883 1296 1953 qui
1323 1885 1555 1954 percutit
1581 1885 1798 1940 clamat.
1831 1902 1849 1936 ε
1881 1883 1938 1939 Si
1967 1887 2109 1938 enim

522 1970 701 2041 justus
739 1974 830 2028 vix
870 1973 1187 2042 salvabitur,
1217 1975 1412 2045 impius
1440 1985 1494 2030 et
1523 1986 1776 2046 peccator
1819 1977 1909 2031 ubi
1952 1991 2110 2046 pare-

531 2063 663 2116 bunt
685 2063 708 2116 ἲ
729 2082 747 2114 ι
767 2063 818 2132 (1
839 2063 957 2118 Pet.
983 2065 1082 2138 tv.)
1112 2065 1307 2122 Beatus
1333 2069 1532 2122 etenim
1561 2066 1660 2123 Job
1689 2069 1756 2122 ad
1785 2069 2022 2139 requiem
2050 2085 2109 2124 se

530 2159 650 2222 post
676 2150 881 2224 flagella
911 2166 1293 2224 perventurum
1327 2167 1572 2213 noverat.
1614 2157 1719 2214 Sed
1755 2170 1812 2214 ut
1840 2168 2024 2216 nostra
2057 2163 2109 2216 in

531 2243 725 2300 timore
774 2245 938 2302 corde
984 2256 1315 2312 concuteret,
1363 2249 1477 2319 ipse
1508 2250 1657 2304 visus
1692 2260 1775 2304 est
1806 2253 1871 2306 de
1909 2260 2111 2306 aeterna

532 2335 733 2405 quietis
772 2338 1129 2393 retributione
1171 2338 1420 2394 dubitare
1464 2355 1587 2394 cum
1637 2341 1805 2395 dicit:
1850 2341 2106 2406 Putasne,

531 2427 594 2480 u‘t'
617 2442 736 2495 nos,
761 2428 1030 2495 videlicet,
1058 2432 1458 2500 perpendamus
1487 2445 1688 2502 quanta
1716 2434 1974 2490 debemus
2003 2433 2110 2489 for-

531 2516 733 2573 midine
778 2526 1064 2574 Venturum
1122 2519 1386 2590 judicium
1447 2537 1664 2594 semper
1726 2538 2108 2595 expavescere,

529 2609 744 2677 quando
780 2617 836 2664 et
870 2609 957 2665 ille
991 2609 1082 2680 qui
1115 2609 1296 2678 judice
1331 2619 1469 2668 teste
1509 2613 1756 2669 laudatus
1792 2622 1894 2680 est,
1935 2617 2112 2673 adhuc

527 2702 596 2757 de
637 2701 993 2758 retributione
1027 2702 1219 2775 judicii
1261 2704 1314 2759 in
1359 2707 1471 2761 suis
1496 2707 1715 2762 vocibus
1744 2723 1964 2764 securus
2005 2725 2111 2765 non

530 2794 665 2850 esu

599 2885 765 2959 Capit.
813 2905 832 2940 ‹
866 2887 1066 2945 Vocem
1109 2880 1282 2945 meam
1325 2893 1560 2959 audisti,
1592 2909 1658 2950 ne
1686 2904 1900 2951 avertas
1925 2911 2124 2952 aurem

533 2978 729 3032 (tuam
761 2995 791 3033 a
822 2980 1058 3052 singultu
1085 2997 1206 3038 meo
1231 2991 1285 3038 et
1309 2984 1658 3041 clamoribus.
1687 3007 1703 3038 ι
1737 2987 1935 3043 Vocem
1966 2990 2110 3044 enim

528 3064 818 3124 Dominicaa
844 3071 1228 3128 incarnationis
1251 3061 1502 3131 divinitas
1525 3077 1695 3146 ipsius
1717 3079 1955 3134 audivit:
1985 3081 2110 3149 quia

527 3158 715 3215 salutis
738 3159 953 3216 humani
976 3164 1388 3244 generis,quam
1411 3169 1703 3223 secundum
1722 3171 2110 3246 humanitatem

526 3252 835 3322 postulavit,
859 3257 1153 3310 secundum
1169 3257 1503 3314 divinitatem
1526 3262 1734 3316 tribuit.
1755 3261 1980 3318 Proinde
2003 3266 2115 3334 ipse

527 3346 594 3396 a'd
627 3344 844 3400 Patrem
880 3345 1011 3400 dicit
1044 3347 1096 3400 in
1131 3347 1422 3419 Evangelio
1451 3368 1468 3405 :
1507 3370 1524 3402 ι
1559 3351 1744 3418 Pater,
1780 3355 1979 3424 gratias
2013 3371 2114 3426 ago

532 3431 624 3488 tibi
649 3474 663 3499 ,
691 3435 949 3504 quoniam
977 3437 1176 3492 audisti
1206 3452 1310 3494 me.
1341 3440 1452 3511 Ego
1477 3447 1657 3497 antem
1685 3444 1921 3499 sciebam
1941 3487 1956 3510 ,
1987 3447 2114 3515 quia

527 3543 744 3599 semper
771 3537 856 3583 me
885 3529 1039 3586 audis
1065 3549 1076 3584 :
1109 3532 1201 3586 sed
1233 3540 1454 3602 propter
1473 3535 1858 3606 populum,qui
1885 3537 2114 3593 circum-

526 3628 651 3684 stat,
669 3619 803 3686 dixi,
828 3629 888 3676 ut
908 3623 1149 3689 credant,
1165 3623 1289 3693 quia
1312 3633 1369 3679 tu
1394 3637 1479 3681 me
1501 3626 1691 3681 misisti
1713 3627 1896 3700 (Joan.
1919 3628 2106 3700 χνιι).»

533 3730 551 3762 ι
583 3711 660 3767 Ne
685 3712 901 3768 avertas
919 3755 934 3780 ,
969 3714 1172 3784 inquit,
1199 3730 1386 3771 aurem
1412 3725 1557 3771 tuam
1587 3732 1618 3771 a
1645 3717 1880 3789 singultu
1909 3733 2030 3774 meo
2056 3727 2112 3775 et

528 3803 874 3860 clamoribus.
909 3825 927 3857 ι
959 3803 1026 3861 Si
1048 3803 1163 3861 haec
1188 3808 1254 3862 ad
1283 3807 1458 3879 ipsum
1488 3807 1772 3865 Dominum
1803 3809 2110 3877 referimus,

531 3894 864 3964 impossibile
901 3903 1022 3951 erat
1059 3904 1118 3952 ut
1172 3897 1334 3953 Pater
1372 3915 1560 3954 aurem
1595 3916 1749 3956 suam
1797 3917 1827 3956 a
1873 3902 2110 3974 singultu

525 3989 647 4060 ejus
681 3997 737 4044 et
772 3989 1103 4046 clamoribus
1142 3997 1410 4048 averteret
1455 4010 1468 4047 :
1507 3993 1598 4064 qui
1632 3994 1814 4048 omnia
1858 4010 1978 4065 quae
2015 4009 2112 4065 po-

525 4083 745 4138 stulavit
780 4075 972 4140 eli'ectu
1011 4084 1352 4142 velocissimo
1384 4085 1636 4158 explevit.
1673 4089 1846 4146 Flevit
1878 4106 2007 4161 ergo
2040 4073 2124 4147 ad;

528 4183 933 4248 monumentum
982 4175 1174 4232 Lazari
1197 4219 1213 4244 ,
1248 4186 1304 4234 et
1336 4193 1469 4234 voce
1503 4176 1697 4250 magna
1735 4179 1989 4237 clamavit
2027 4183 2109 4237 di-

525 4279 700 4319 cens:
737 4283 755 4316 ε
788 4263 1024 4333 Lazare“,
1062 4268 1184 4344 veni
1232 4266 1410 4335 foras,
1451 4279 1506 4324 et
1539 4269 1724 4325 statim
1769 4270 1978 4340 prodiit
2015 4273 2107 4344 qui

526 4351 696 4412 fuerat
731 4367 976 4414 mortuus
1008 4359 1028 4430 (
1046 4357 1208 4414 Jban.
1240 4376 1296 4413 xx
1317 4359 1358 4430 ).
1393 4380 1410 4411 ι
1442 4357 1793 4416 ΑΙὶὺίἐιιιιειῐι
1821 4377 1947 4418 cum
1982 4379 2105 4418 sur-

521 4447 650 4501 dum
687 4457 743 4502 et
772 4459 982 4505 mutum
1029 4461 1280 4516 sanaret,
1315 4469 1334 4503 ‹
1367 4447 1668 4522 suspiciens
1711 4453 1910 4509 omium
1956 4454 2105 4526 inge-
2130 4476 2184 4536 ι)

530 4539 700 4606 muit,
731 4549 785 4595 et
815 4542 981 4608 dixit,
1011 4543 1180 4598 Ell'eta
1212 4561 1225 4596 :
1259 4537 1522 4600 et'statim
1551 4543 1752 4616 apertae
1785 4554 1912 4602 sunt
1949 4545 2106 4604 aures

524 4628 664 4706 ejus,
691 4639 746 4684 et
775 4631 1008 4686 solutum
1035 4641 1118 4687 est
1147 4633 1419 4689 vinculum
1449 4634 1642 4710 lingua:
1669 4631 1814 4705 ejus,
1845 4634 1900 4693 et
1923 4638 2107 4708 loque-

525 4720 688 4775 batur
725 4729 872 4776 recte
908 4719 1119 4794 (Marc.
1149 4739 1224 4778 vn
1248 4722 1288 4793 ).
1328 4743 1346 4776 ι
1379 4722 1529 4790 Quod
1565 4724 1608 4778 si
1645 4725 1776 4796 ergo
1813 4725 1971 4782 alieni
2013 4729 2108 4783 ab-

523 4813 746 4870 surdum
774 4812 983 4869 videtur
1010 4813 1122 4868 lucc
1150 4805 1526 4884 aii-personam
1550 4809 1762 4869 Domini
1791 4817 2107 4884 transferri,

523 4913 746 4977 propter
777 4905 922 4975 quod
960 4903 1013 4958 in
1042 4903 1179 4958 lsaia
1211 4906 1469 4974 scriptum
1497 4913 1620 4960 est:
1655 4923 1672 4956 ι
1705 4902 1820 4960 Non
1851 4905 2106 4963 clamabit

525 5015 698 5072 neque
749 4998 931 5054 audiet
976 4997 1171 5068 aliquis
1221 4997 1276 5052 in
1319 4990 1516 5068 plateis
1555 5012 1744 5051 vocem
1784 4996 1900 5066 ejus
1945 4997 2098 5069 (’Isa.

525 5088 703 5163 Lm);
740 5089 858 5145 δἐι
891 5076 1063 5143 itém:
1108 5107 1125 5140 ι
1163 5086 1313 5142 Sicut
1345 5085 1495 5152 ovis,
1534 5083 1742 5157 inquit,
1774 5087 1841 5141 ad
1875 5089 2103 5162 occisiq-

524 5196 650 5236 nem
685 5177 880 5236 ductus
911 5187 1026 5245 est,
1063 5185 1118 5233 et
1151 5177 1291 5232 sicut
1323 5184 1494 5248 agnus
1523 5191 1704 5231 coram
1746 5177 2000 5232 tondente
2043 5190 2103 5233 se

527 5273 646 5328 sine
673 5287 836 5338 voce,
871 5269 950 5326 sic
979 5285 1085 5325 non
1114 5269 1326 5339 aperuit
1353 5284 1416 5323 os
1444 5265 1641 5333 suum;
1681 5285 1700 5321 ι
1736 5266 1875 5322 sciat
1920 5265 2102 5322 tamen

525 5379 592 5420 ex
618 5377 846 5436 persona
870 5359 994 5430 ejus'
1011 5361 1135 5416 alibi
1161 5360 1420 5430 scriptum
1451 5377 1464 5414 :
1499 5379 1517 5412 ‹
1545 5355 1808 5414 Laboravi
1837 5358 2096 5426 clamans,

525 5472 702 5513 rauca:
731 5456 889 5534 factae
917 5451 1043 5510 sunt
1073 5449 1256 5509 fauces
1285 5467 1417 5509 meae
1446 5450 1632 5525 (Psal.
1656 5447 1823 5508 vaui
1841 5450 1915 5526 ).›
1937 5449 2102 5524 [Cas-

526 5548 687 5621 siod.)
729 5549 868 5619 Ergo
900 5556 1189 5618 utrumque
1214 5562 1399 5602 verum
1420 5585 1436 5614 ,
1464 5555 1751 5616 utrumque
1776 5540 2101 5614 completum

528 5646 630 5692 est.
659 5636 792 5691 Nam
813 5647 876 5714 et
902 5638 1068 5692 tacuit
1090 5641 1210 5694 cum
1241 5639 1568 5704 traderetur,
1598 5647 1659 5693 ut
1681 5637 1800 5709 ejus
1823 5635 2103 5706 dispositio

536 5728 602 5782 ad
627 5729 816 5782 mundi
847 5729 1134 5786 salutarem
1176 5732 1464 5787 terminum
1503 5732 1849 5803 perveniret;
1895 5739 1950 5786 et
1980 5747 2100 5787 om-

2213 517 2399 586 gnovit
2445 516 2646 586 (Joan.
2695 534 2804 572 xvn
2829 518 2869 588 ).
2903 536 2923 570 ι
2958 518 3056 574 Vel
3102 518 3231 573 illud
3261 533 3276 572 :
3312 539 3330 570 ιι
3365 518 3555 583 Pater,
3604 519 3650 572 si
3697 518 3805 574 fieri

2213 615 2415 677 potest,
2443 617 2681 664 transeat
2720 624 2750 662 a
2800 624 2887 664 me
2930 610 3070 665 calix
3115 610 3215 665 iste
3259 607 3434 681 (Luc.
3467 626 3588 663 xm
3615 609 3676 678 );
3713 629 3732 660 δ
3759 617 3809 664 et

2215 701 2456 756 iterum:
2492 722 2510 753 ‹
2542 702 2725 768 Pater,
2776 703 2991 772 ignosce
3032 703 3170 766 illis,
3213 704 3338 772 quia
3384 704 3650 757 nesciunt
3689 703 3807 771 quid

2213 791 2420 847 faciunt
2451 792 2630 863 (Ibid.
2646 792 2690 866 ).
2721 811 2739 845 ι
2771 792 2904 847 Nam
2935 803 2988 847 et
3016 793 3109 846 illo
3139 804 3384 862 tempore
3413 793 3686 847 laborans
3708 792 3808 846 cla-

2212 885 2381 938 mavit
2401 926 2416 950 ,
2447 885 2663 955 quando
2693 884 2907 940 dicebat
2935 902 2948 937 :
2979 901 2998 934 ‹
3028 883 3121 939 Vae
3144 885 3327 946 vobis,
3359 884 3560 938 scribae
3586 893 3647 938 et
3674 883 3803 938 Pha-

2215 973 2355 1027 riszei
2375 1014 2390 1038 ,
2423 989 2502 1028 va:
2533 975 2730 1028 mundo
2759 973 2826 1027 ab
2855 971 3125 1029 scandaiis
3144 1013 3159 1038 ,
3193 993 3211 1025 ι
3239 983 3294 1030 ct
3322 975 3410 1028 his
3439 975 3672 1028 similia.
3711 975 3804 1030 ιι-

2213 1063 2428 1119 boravit
2473 1080 2604 1135 ergo
2649 1065 2922 1132 clamans,
2971 1067 3188 1135 quando
3238 1082 3345 1122 non
3398 1066 3737 1122 audiebatur
3777 1084 3801 1120 a

2213 1153 2456 1224 perﬁdis.
2501 1155 2680 1209 Labor
2730 1157 2875 1210 enim
2927 1156 3224 1212 inauditum
3276 1156 3560 1228 signiﬁcat
3617 1157 3803 1211 clamo-

2216 1261 2330 1300 rem
2350 1287 2366 1312 ,
2397 1247 2520 1316 quia
2552 1245 2800 1302 laborare
2831 1247 2950 1302 illas
2978 1263 3085 1303 non
3128 1245 3359 1303 dicimus
3379 1288 3395 1313 ,
3440 1263 3593 1318 quos
3633 1257 3801 1301 votum

2197 1333 2372 1394 suum
2428 1338 2680 1408 implesse
2741 1346 3026 1394 testamur.
3085 1339 3328 1410 Denique
3389 1342 3475 1394 sic
3521 1342 3800 1408 sequitur:

2214 1426 2412 1482 Raucae
2465 1427 2620 1483 facta:
2665 1437 2793 1483 sunt
2843 1429 3025 1484 fauces
3075 1426 3226 1484 mea}.
3283 1428 3551 1482 Raucedo
3598 1433 3805 1499 quando

2216 1517 2400 1572 fauces
2449 1527 2665 1574 nostras
2711 1520 2984 1588 possidet,
3034 1521 3214 1574 verba
3253 1528 3438 1574 nostra
3489 1523 3560 1574 ad
3617 1523 3808 1576 alienas

2215 1619 2374 1662 aures
2416 1608 2637 1662 confusa
2665 1609 3010 1679 perveniunt.
3043 1609 3235 1665 Merito
3259 1614 3390 1682 ergo
3418 1611 3563 1665 dicit
3581 1651 3597 1675 ,
3633 1611 3809 1666 fauces

2216 1715 2342 1755 suas
2372 1716 2566 1756 raucas
2594 1715 2715 1756 esse
2743 1702 2915 1758 factas
2943 1721 2957 1756 :
2988 1703 3116 1772 quia
3145 1703 3286 1757 dicta
3313 1702 3432 1770 ejus
3465 1718 3809 1774 nequaquam

2217 1793 2511 1864 sacrilegus
2553 1795 2779 1865 populus
2822 1796 3092 1851 audiebat.
3137 1790 3474 1869 (MAUDUS.)
3519 1796 3582 1851 Si
3637 1807 3809 1851 autem

2217 1884 2284 1939 de
2311 1886 2570 1940 membris
2600 1886 2716 1957 ejus
2757 1887 2871 1941 hmo
2911 1888 3050 1942 dicta
3085 1889 3444 1958 accipiemus,
3480 1889 3610 1944 sine
3656 1889 3811 1943 dubio

2215 1976 2470 2030 exaudita
2502 1986 2648 2032 sunt.
2680 1977 2816 2032 Nam
2845 1987 2900 2032 et
2941 1979 3041 2049 ipsi
3081 1975 3378 2051 martyres,
3421 1981 3532 2034 etsi
3575 1981 3653 2034 ad
3684 1996 3811 2050 prte—

2217 2083 2342 2123 sens
2388 2078 2572 2124 votum
2618 2069 2670 2123 in
2719 2069 2806 2124 die
2852 2071 3120 2140 passionis
3166 2086 3354 2126 eorum
3402 2072 3663 2126 exauditi
3713 2089 3807 2125 non

2216 2167 2360 2223 sunt,
2418 2167 2596 2214 tamen
2630 2162 2695 2215 a‘d
2724 2171 2979 2215 aeternam
3025 2164 3251 2218 salutem
3292 2163 3520 2216 omnino
3561 2165 3807 2218 exauditi

2216 2255 2372 2315 sunt,
2405 2249 2528 2319 quia
2570 2251 2692 2305 inde
2723 2253 2790 2305 ad
2818 2267 3072 2306 coronam
3115 2262 3479 2324 pervenerunt
3521 2261 3805 2308 sternam.

2218 2339 2371 2395 Unde
2398 2351 2453 2394 et
2479 2343 2726 2412 sequitur
2758 2362 2771 2396 :

2287 2429 2453 2502 Copia.
2486 2453 2503 2483 ‹
2535 2433 2989 2505 Appropinquasti
3035 2435 3088 2489 in
3128 2435 3246 2501 die,
3290 2435 3512 2504 quando
3559 2437 3804 2490 invocavi

2221 2541 2247 2574 (-
2275 2531 2326 2576 te
2357 2535 2374 2576 :
2402 2522 2602 2587 dixisti,
2631 2522 2707 2578 Ne
2748 2525 2960 2579 timeas.
2996 2544 3014 2576 ι
3044 2525 3510 2596 Appropinquavit
3549 2520 3808 2580 divinitas

2216 2611 2504 2667 salvatoris
2553 2609 2874 2668 humanitati
2921 2615 3108 2685 ipsius,
3167 2616 3384 2684 quando
3446 2631 3573 2671 eam
3633 2619 3804 2672 subita

2215 2707 2615 2762 resurrectione
2656 2705 2808 2775 juxta
2853 2716 3034 2762 votum
3080 2723 3236 2763 suum
3281 2709 3349 2763 de
3389 2718 3571 2764 mone
3620 2711 3804 2764 trium-

2215 2799 2385 2870 phare
2425 2799 2571 2854 fecit”.
2613 2800 2803 2865 Aliter,
2828 2801 3279 2871 apprOpinquavit
3319 2801 3590 2858 Dominus
3638 2803 3806 2856 servis

2216 2889 2330 2944 suis
2361 2905 2482 2944 cum
2515 2889 2921 2955 tribuiarentur,
2952 2898 3008 2946 et
3049 2890 3115 2945 de
3153 2890 3574 2945 necessitatibus
3621 2904 3803 2945 eorum

2216 2976 2468 3032 liberavit
2511 2981 2652 3033 eos:
2703 2979 2960 3048 quoniatn
3011 2995 3041 3033 a
3093 2980 3286 3034 timore
3330 2980 3543 3034 inimici
3597 2981 3808 3035 animas

2218 3086 2404 3126 eorum
2456 3069 2674 3139 eripuit.
2727 3071 2819 3125 Sic
2866 3071 3011 3125 enim
3065 3070 3165 3140 ipsi
3211 3071 3444 3125 orabant
3494 3071 3550 3126 in
3601 3073 3807 3142 psalmo

2219 3179 2348 3218 Lxm
2381 3179 2395 3216 :
2431 3182 2448 3213 ι
2484 3162 2722 3228 Exaudi,
2755 3162 2901 3218 Deus
2923 3203 2938 3227 ,
2977 3159 3280 3217 orationem
3320 3176 3503 3216 meam
3541 3179 3674 3218 cum
3720 3164 3808 3217 tri-

2215 3254 2393 3317 bulor,
2451 3269 2481 3307 a
2542 3253 2735 3309 timore
2788 3254 2991 3308 inimici
3041 3254 3189 3322 eripe
3240 3254 3480 3307 animam
3542 3270 3751 3309 meam.
3783 3273 3805 3306 ι

2216 3344 2525 3417 (Λαφρία.)
2569 3345 2714 3418 Ergo
2751 3347 3179 3403 exaudiebantur
3216 3354 3271 3401 et
3308 3346 3734 3413 occidebantur,
3759 3355 3807 3403 et

2218 3446 2395 3494 tamen
2443 3439 2510 3494 ab
2558 3439 2794 3494 inimicis
2839 3440 3186 3495 cruehantur.
3231 3439 3334 3493 Alii
3383 3441 3654 3496 timentes
3684 3456 3809 3496 αισι-

2213 3530 2519 3586 sentiehant
2558 3539 2615 3585 et
2656 3530 2940 3595 vivebant,
2981 3538 3037 3584 et
3083 3533 3261 3584 tamen
3301 3529 3371 3584 ab
3416 3531 3669 3584 inimicis
3713 3531 3807 3600 ipsi

2212 3622 2661 3678 absorbebantur.
2693 3621 2822 3686 Inde
2870 3629 2953 3677 est
2981 3636 3082 3676 vox
3113 3614 3493 3692 gratulationis
3527 3640 3541 3674 :
3577 3621 3807 3676 farsitan

2210 3714 2362 3768 vivos
2389 3711 2796 3768 absorbuissent
2824 3711 2942 3768 nos.
2987 3712 3134 3766 Multi
3173 3713 3412 3782 absorpti
3456 3713 3616 3778 vivi,
3651 3714 3808 3768 militi

2212 3805 2448 3874 absorpti
2501 3803 2732 3870 mortui;
2782 3804 2874 3873 qui
2926 3811 3248 3874 putaverunt
3303 3803 3527 3857 inanem
3577 3819 3711 3860 esse
3754 3804 3810 3857 ti-

2210 3891 2330 3949 dem
2360 3891 2756 3957 Christianam,
2790 3894 2986 3950 mortui
3017 3889 3250 3963 absorpti
3281 3902 3430 3946 sunt.
3463 3879 3573 3961 Qui
3623 3905 3808 3949 autem

2208 3979 2445 4038 scientes
2483 3981 2918 4052 praedicationem
2961 3996 3080 4036 esse
3117 3996 3298 4037 veram
3331 3981 3617 4054 Evangelii
3651 3983 3810 4038 Chri-

2208 4069 2351 4128 stum
2394 4079 2513 4128 esSe
2542 4072 2735 4127 Filium
2778 4072 2896 4138 Dei,
2938 4073 3052 4127 hoc»
3079 4072 3396 4137 credentes,
3427 4081 3484 4128 et
3530 4075 3690 4130 intus
3731 4085 3808 4130 te-

2207 4170 2418 4227 nentes,
2440 4169 2720 4218 cesserunt
2740 4164 2918 4216 tamen
2947 4161 3240 4226 doloribus,
3263 4170 3318 4216 et
3339 4163 3504 4218 motis
3524 4165 3811 4219 sacriﬁca-

2207 4243 2434 4320 verunt,
2467 4253 2577 4308 vivi
2605 4252 2848 4322 absorpti
2879 4261 3022 4308 sunt.
3054 4253 3199 4325 Ergo
3228 4255 3330 4309 hoc
3353 4263 3476 4309 orat
3504 4269 3612 4310 mit
3663 4272 3808 4311 mar-

2208 4355 2384 4418 tyrum
2419 4365 2432 4400 :
2458 4347 2502 4401 A
2532 4342 2725 4401 timore
2758 4346 2961 4401 inimici
2992 4361 3122 4402 erue
3152 4347 3388 4401 animam
3423 4353 3609 4403 meam
3632 4392 3650 4411 ,
3702 4365 3805 4404 non

2209 4443 2268 4489 ut
2315 4435 2412 4492 me
2451 4433 2560 4490 non
2600 4436 2810 4491 occidat
2852 4436 3142 4491 inimicus:
3185 4439 3279 4492 sed
3319 4453 3425 4492 non
3470 4447 3536 4492 ut
3579 4441 3804 4495 timeam

2207 4525 2563 4582 occidentem;
2615 4525 2728 4582 Hoc
2774 4534 2892 4581 orat
2944 4527 2998 4581 in
3049 4526 3268 4581 Psalmo
3317 4528 3552 4597 implere
3605 4546 3805 4584 servus

2208 4615 2350 4686 quod
2384 4613 2537 4687 jubet
2577 4614 2835 4671 Dominus
2864 4615 3242 4687 in'Evangeiio
3274 4635 3288 4671 :
3324 4635 3344 4668 ‹
3379 4605 3564 4672 Nolite
3604 4619 3805 4674 timere

2208 4723 2302 4763 eos
2344 4708 2436 4777 qui
2478 4699 2732 4763 occidunt
2770 4707 2996 4777 corpus,
3030 4709 3268 4763 animam
3299 4717 3485 4764 autem
3530 4727 3648 4766 non
3683 4727 3807 4782 pos-

2210 4807 2336 4853 sunt
2367 4799 2614 4855 occidere
2646 4815 2659 4852 :
2693 4799 2788 4854 sed
2817 4799 2996 4869 potius
3024 4815 3146 4854 cum
3177 4801 3366 4855 timete
3408 4789 3506 4872 qui
3535 4805 3726 4873 p0te‘st
3754 4813 3806 4857 et

2209 4889 2442 4944 animam
2473 4897 2520 4944 et
2552 4905 2747 4969 corpus
2787 4890 3000 4945 mittere
3042 4891 3095 4946 in
3135 4892 3459 4962 gehennam.
3495 4913 3515 4946 ι
3547 4895 3804 4966 Quapro-

2207 4991 2330 5052 pter
2375 4990 2524 5036 certa
2569 4981 2635 5036 de
2675 4973 2854 5036 futura
2898 4982 3252 5039 retributione
3292 4984 3661 5058 subsequitur
3703 5003 3804 5043 vox

2208 5071 2395 5129 dicens
2428 5092 2440 5127 :

2278 5164 2401 5221 Res.
2439 5183 2458 5217 ‹
2489 5163 2796 5232 iudicasti,
2833 5166 3096 5232 Domine,
3141 5181 3364 5224 causam
3414 5170 3620 5226 anima
3671 5187 3808 5226 mea

2211 5279 2231 5318 ι
2266 5260 2516 5318 defensor
2545 5258 2895 5332 [redemptor]
2923 5260 3042 5314 vita:
3065 5275 3218 5315 mem.
3242 5279 3259 5312 ι
3293 5260 3312 5331 (
3329 5258 3621 5329 Μωιιὲε.)
3652 5261 3809 5319 Iudi-

2207 5352 2351 5408 cavit
2379 5365 2508 5422 ergo
2538 5339 2799 5404 Dominus
2826 5345 3045 5403 causam
3078 5348 3274 5403 anima:
3300 5347 3544 5415 Christi,
3579 5354 3808 5422 quando

2207 5441 2508 5500 innocentis
2546 5449 2776 5496 mortem
2810 5434 3266 5510 pervenire-fecit
3304 5440 3372 5494 ad
3415 5441 3656 5498 salutem
3707 5445 3809 5498 hu-

2208 5535 2353 5592 mani
2393 5534 2606 5606 generis
2630 5573 2645 5600 ,
2676 5538 2731 5587 et
2770 5531 3042 5601 triumpho
3070 5531 3180 5586 sum
3212 5527 3640 5588 rosmrectionis
3673 5548 3806 5587 con-

2208 5628 2345 5686 fudit
2376 5636 2624 5684 anetores
2646 5623 2761 5696 ejus
2803 5619 3252 5693 interemptionis.
3277 5620 3460 5676 Aliter
3485 5641 3498 5676 :
3527 5619 3807 5691 judicavit

2209 5722 2468 5781 Dominus
2497 5729 2715 5778 causam
2748 5717 2983 5774 ﬁdelium
3015 5712 3236 5771 suorum
3259 5754 3275 5781 ,
3307 5717 3533 5785 quando
3563 5715 3807 5771 redemit
