3998 6202
140 363 287 417 1245

1036 353 1403 413 EXPOSITIO
1443 355 1670 415 SUPER
1706 354 2076 412 JEREMIAM.
2117 387 2188 397 —
2223 355 2352 411 UB.
2390 355 2535 412 XIX.

3283 355 3421 413 1246

137 474 356 527 animas
384 483 572 525 eorum
591 508 606 533 ,
635 476 691 523 et
719 481 827 522 non
855 466 1184 538 derelinqnlt
1229 482 1421 523 omnes
1457 468 1552 538 qui
1580 467 1636 522 in
1669 481 1728 522 se
1755 468 1805 529 Α
1833 467 2242 538 dispensatione
2279 466 2609 536 patiebatur.
2656 462 2798 520 Hinc
2826 464 3024 520 iterum
3053 465 3186 520 dicit
3216 484 3228 521 :
3262 485 3282 518 ι
3317 469 3421 524 Ex-

136 569 524 634 speraverunt.
569 558 923 616 Confessores
960 574 1089 615 suos
1130 559 1199 614 ad
1240 560 1516 616 ctelestem
1556 569 1735 615 trans-

140 654 272 710 tulit
325 652 580 722 gloriam,
635 659 692 705 et
737 661 1118 721 persecutores
1169 666 1357 706 eorum
1405 652 1460 706 in
1517 666 1734 722 poenam

137 743 397 800 diruersit
445 748 788 811 perpetuam.
843 739 1106 809 lniquitas
1158 741 1305 795 enim
1364 741 1577 796 illorum
1629 743 1736 799 hoc

79 832 86 840 ’
137 832 446 906 promeruit
477 850 490 885 :
521 831 651 901 quia
676 830 869 885 timere
889 840 945 885 et
974 831 1239 886 honorare
1265 839 1540 887 auctorem
1576 847 1734 887 suum

141 924 429 981 temeritas
465 922 668 977 mentis
704 933 897 976 eorum
939 935 1033 976 eos
1074 935 1184 975 non
1230 921 1497 990 permisit.
1549 921 1734 976 Insur-

142 1021 408 1070 rexernnt
441 1013 586 1067 enim
617 1010 851 1082 primum
890 1025 1015 1066 eum
1053 1009 1255 1065 furoris
1291 1011 1380 1065 sui
1415 1010 1626 1066 insania
1676 1011 1732 1065 in

137 1105 323 1175 ipsum
365 1111 640 1174 pastorem
686 1101 930 1158 dicentes
968 1119 983 1155 :
1029 1101 1129 1156 Hic
1171 1109 1256 1157 est
1300 1102 1506 1168 haeres,
1552 1101 1735 1157 venite

135 1197 459 1252 occidamus
489 1209 648 1261 eum,
681 1202 737 1250 et
756 1193 1075 1250 habebimus
1093 1192 1211 1264 ejus
1234 1194 1603 1250 haereditatem
1631 1214 1644 1249 :
1676 1203 1731 1251 et

137 1291 545 1360 apprehensum
579 1302 704 1343 eum
739 1285 1019 1356 ejece'runt
1052 1295 1207 1344 extra
1245 1287 1456 1342 vineam
1479 1271 1500 1353 ,’
1536 1296 1592 1342 et
1640 1302 1734 1343 oc-

139 1383 429 1446 cilemnt,
478 1388 534 1436 et
581 1394 770 1435 servos
817 1393 950 1434 vero
997 1376 1114 1446 ejus
1162 1377 1326 1432 alium
1375 1377 1730 1443 ceciderunt,

138 1471 310 1527 alium
341 1470 692 1533 occiderunt,
724 1469 888 1524 alium
919 1469 1293 1539 lapidav‘ertint
1322 1466 1538 1538 (Matth.
1568 1466 1694 1536 xxi)
1713 1508 1728 1532 ,

139 1571 200 1618 et
239 1563 320 1619 sic
349 1562 624 1632 dissipatae
661 1569 787 1617 sunt
816 1576 947 1617 oves
974 1560 1182 1632 gregis,
1212 1564 1546 1630 quapropter
1586 1573 1732 1614 nunc

139 1653 282 1709 dicit
308 1667 325 1708 :

216 1745 338 1800 Res.
375 1764 394 1797 ι
427 1744 651 1808 Vidisti,
694 1743 958 1809 Demine,
995 1742 1336 1813 iniquitatem
1373 1740 1588 1797 illorum
1626 1741 1728 1798 ad-

144 1854 168 1888 ι
203 1851 422 1892 versum
458 1851 574 1898 me,
611 1833 794 1904 judica
828 1834 1100 1905 judicium
1125 1848 1340 1888 meum.
1367 1851 1392 1885 ι·

217 1927 341 1982 Res.
374 1945 394 1978 ε
430 1925 659 1991 Vidisti,
695 1926 947 1991 Domine,
988 1936 1205 1979 omnem
1243 1921 1480 1978 furorem
1516 1931 1572 1978 et
1608 1923 1729 1979 nni-

143 2035 168 2069 ι
201 2031 389 2072 versas
417 2015 771 2086 cogitationes
801 2028 988 2068 eorum
1018 2013 1307 2067 adversum
1335 2028 1443 2068 me.
1471 2032 1488 2066 ι
1515 2012 1732 2083 Cogita-

139 2108 222 2162 tio
261 2107 407 2162 enim
451 2106 664 2162 illorum
709 2106 943 2176 maligna
983 2112 1132 2168 erat,
1169 2111 1224 2160 et
1259 2119 1542 2160 sermones
1587 2104 1730 2174 pleni

137 2199 378 2261 insania,
406 2205 686 2253 auctorem
705 2196 828 2252 vita:
853 2195 1160 2251 interﬁcere
1184 2195 1509 2266 cogitantes,
1528 2202 1587 2248 ct
1615 2199 1732 2249 ser-

138 2287 399 2343 monibus
438 2286 688 2342 veritatis
721 2285 1054 2355 exprobrare
1092 2285 1349 2341 nitentes.
1390 2285 1468 2340 De
1501 2299 1610 2355 quo
1641 2298 1732 2339 se-

136 2384 330 2452 quitur
358 2399 373 2435 :

217 2473 335 2528 Sin.
368 2490 390 2523 ι
419 2471 631 2528 Audisti
677 2470 966 2544 opprobria
1001 2485 1214 2537 eorum,
1254 2471 1503 2538 Domine,
1542 2485 1734 2526 omnes

149 2584 174 2618 ι
207 2564 568 2636 cogitationes
597 2577 784 2619 eorum
815 2563 1100 2618 adversum
1133 2577 1238 2616 me.
1276 2581 1295 2614 ι

218 2656 344 2713 Sin.
379 2675 398 2708 ι
436 2655 604 2710 Labia
643 2654 1038 2726 insurgentium
1067 2652 1201 2707 mihi
1222 2693 1238 2718 ,
1271 2661 1327 2708 et
1353 2652 1748 2708 meditationes

147 2763 182 2799 σ-
207 2749 401 2803 eorum
432 2746 716 2801 adversum
749 2760 869 2811 me,
903 2743 1150 2800 lota‘dle.
1189 2763 1208 2796 ι
1238 2742 1523 2814 Principes
1551 2747 1744 2799 autem

141 2838 494 2894 sacerdotum
524 2845 580 2891 et
611 2837 857 2892 seniores
885 2835 1068 2906 populi
1093 2875 1109 2901 ,
1139 2831 1424 2890 consilium
1454 2833 1744 2902 fecerunt,

143 2942 209 2988 ut
261 2932 444 2988 Jcsum
495 2931 618 2988 dolo
667 2936 914 2986 tenerent
957 2935 1014 2982 et
1059 2927 1394 2984 occiderent.
1441 2927 1506 2981 Et
1556 2927 1728 2983 item:

149 3035 184 3076 c"
207 3023 488 3094 Principes
513 3023 862 3079 sacerdotum
901 3028 956 3076 et
996 3033 1158 3075 omne
1199 3018 1499 3074 concilium
1525 3032 1734 3088 quaere-

143 3117 284 3171 bant
331 3115 525 3172 falsum
579 3112 948 3169 testimonium
994 3118 1184 3166 contra
1230 3109 1452 3176 Jesum,
1502 3113 1562 3165 ut
1608 3124 1731 3165 eum

1835 568 2122 632 surgentes
2147 568 2317 616 testes
2360 559 2531 630 iniqui
2579 571 2700 629 qua:
2728 558 3048 630 ignorabam
3081 559 3420 629 interrogant

1834 669 1922 708 me
1941 693 1957 720 ,
1987 663 2042 709 et
2071 651 2442 708 retribuebant
2473 651 2604 706 mihi
2635 650 2774 705 mala
2805 665 2905 720 pro
2937 651 3092 706 bonis
3111 692 3126 717 ,
3163 653 3422 708 sterilita-

1838 754 1945 802 tem
1978 745 2172 800 anima:
2201 759 2356 799 meae.
2393 761 2412 794 ι
2445 741 2636 798 Testes
2664 743 2830 813 igitur
2868 743 2961 812 qui
3001 744 3179 798 subito
3216 744 3421 815 impetu

1833 837 2074 894 belluino
2102 844 2470 907 consurgunt,
2513 850 2616 891 nec
2655 837 2931 891 moderate
2971 837 3313 892 adducuntur
3352 839 3428 894 ad

1787 961 1792 967 -
1835 928 2104 992 medium,
2135 935 2261 982 sunt
2289 926 2408 980 sine
2437 925 2772 980 dubitatione
2803 925 3110 990 falsissimi,
3142 941 3278 996 quos
3311 943 3419 982 uno

1834 1017 2004 1072 verbo
2038 1017 2261 1072 denotat
2300 1025 2552 1088 potenter
2580 1016 2807 1072 dicens:
2840 1016 3015 1086 Iniqui
3056 1033 3268 1072 revera.
3309 1017 3420 1072 lni-

1835 1107 1927 1178 qui
1955 1109 2235 1178 quierant
2272 1115 2464 1163 contra
2506 1107 2816 1178 aequitatem
2851 1105 3230 1176 justitiamque
3267 1109 3419 1165 locu-

1835 1199 1962 1254 turi.
2007 1199 2192 1271 Jungit
2237 1214 2361 1269 quae
2402 1199 2717 1270 ignorabam
2743 1237 2758 1263 ,
2798 1197 2851 1252 id
2888 1205 3005 1262 est,
3051 1212 3171 1266 quae
3215 1214 3300 1253 me
3341 1199 3422 1254 di-

1833 1294 1981 1349 xiSse
2010 1293 2336 1348 omnimodis
2367 1291 2696 1347 nesciebam.
2729 1289 2822 1344 Sic
2848 1289 3000 1343 enim
3037 1289 3105 1344 de
3147 1288 3252 1344 illis
3282 1290 3420 1345 dici-

1834 1399 1992 1448 mus,
2026 1385 2123 1454 qui
2153 1400 2212 1440 se
2253 1383 2467 1438 Domini
2510 1382 2774 1438 beneﬁcio
2817 1388 2964 1436 recta
3007 1381 3428 1438 conversatione

1833 1476 2189 1532 custodiunt:
2232 1475 2417 1530 Nescit
2461 1473 2719 1535 mentiri,
2767 1472 2940 1527 nescit
2985 1486 3211 1542 rapere,
3254 1473 3430 1527 nescit

1833 1568 2160 1638 opprimere.
2194 1565 2485 1638 ignorabat
2521 1565 2668 1619 enim
2707 1563 2973 1620 Dominus
3007 1563 3385 1634 blasphemare
3405 1604 3421 1629 ,

1833 1661 1976 1728 quod
2009 1660 2057 1714 ei
2087 1659 2365 1731 principes
2395 1657 2735 1713 sacerdotum
2767 1656 2954 1710 scissis
2982 1656 3224 1711 vestibus
3253 1656 3428 1725 impn‘

1836 1741 1974 1804 tavit”
2007 1740 2235 1820 quando
2263 1748 2400 1802 dixit
2429 1766 2442 1800 :
2491 1765 2511 1798 ‹
2546 1745 2810 1802 Videbitis
2849 1744 3018 1799 ﬁlium
3061 1745 3296 1800 hominis
3337 1761 3423 1801 sc-

1758 1846 1804 1904 B
1832 1840 2049 1896 dentem
2101 1841 2169 1895 ad
2217 1841 2499 1895 dexteram
2549 1837 2750 1893 Patris.
2787 1856 2805 1888 ι
2855 1837 2923 1891 Et
2969 1838 3290 1892 subsecutus
3335 1846 3422 1892 est

1832 1933 2083 2004 princeps
2121 1931 2425 1988 Judzeorum
2471 1931 2702 1985 dicens:
2762 1928 3241 1997 cBlasphemavit,
3291 1928 3421 1997 quid

1835 2023 2010 2077 adhuc
2038 2027 2259 2093 egemus
2288 2019 2562 2076 testibus?
2590 2018 2610 2091 (
2632 2018 2762 2072 Luc.
2797 2017 2976 2090 xxu.)
3009 2017 3116 2072 Sed
3146 2017 3306 2086 quale
3347 2025 3426 2070 te-

1834 2112 2146 2169 stimonium
2193 2111 2356 2166 fuerit
2395 2110 2744 2180 subsequenti
2785 2109 2951 2164 verbo
2992 2107 3329 2163 declaravit:
3363 2114 3425 2160 ut

1833 2218 1928 2258 eos
1979 2217 2086 2256 non
2139 2201 2342 2257 diceret
2387 2199 2686 2255 convicisse
2723 2205 2780 2253 et
2819 2198 3217 2268 interrogasse,
3259 2194 3421 2265 quasi

1833 2307 1942 2347 non
1973 2294 2040 2346 de
2071 2305 2166 2346 sna
2207 2290 2520 2361 integritate
2559 2289 2794 2344 conlisos
2813 2328 2828 2352 ,
2863 2288 2958 2343 sed
2985 2287 3052 2342 de
3080 2286 3254 2341 aliena
3285 2301 3422 2341 voce

1835 2382 2114 2440 sollicitos.
2161 2382 2554 2438 Retribuebant
2598 2381 2744 2437 enim
2788 2378 2864 2434 illi
2909 2378 3049 2434 mala
3091 2381 3191 2449 pro
3232 2378 3417 2443 bonis,

1834 2471 2063 2537 scilicet,
2089 2471 2215 2543 quia
2241 2469 2367 2525 dum
2397 2470 2485 2525 ille
2509 2471 2676 2524 vitam
2704 2468 3050 2524 credentibus
3076 2467 3413 2530 contulisset,

1835 2563 1925 2618 isti
1955 2569 2187 2618 mortem
2219 2560 2446 2616 reddere
2489 2559 2796 2614 maluerunt
2825 2576 2838 2612 :
2870 2559 3012 2630 quod
3047 2557 3422 2612 retributionis

1835 2666 2006 2722 genus
2032 2649 2297 2706 malorum
2325 2651 2566 2704 omnium
2597 2649 2860 2720 probatur
2889 2656 3215 2703 extremum.
3253 2645 3425 2703 Steri-

1836 2743 1961 2798 litas
1997 2754 2211 2813 quoque
2239 2743 2432 2798 anima:
2463 2742 2592 2808 fuit,
2624 2741 2845 2812 quando
2875 2743 3135 2814 magister
3164 2742 3338 2797 bonus
3367 2743 3421 2797 in

1836 2835 1970 2907 ipsis
1996 2835 2230 2891 fructum
2258 2834 2380 2890 fidei
2409 2834 2647 2905 reperire
2673 2845 2778 2889 non
2809 2833 3019 2904 potuit,
3059 2848 3157 2889 nec
3197 2843 3418 2905 pectora

1836 2942 2023 2984 eorum
2053 2927 2386 2983 credulitatis
2414 2927 2657 2999 germina
2689 2926 3066 2992 reddiderunt,
3098 2941 3220 2996 qua:
3247 2942 3412 2982 saxeo

1837 3026 2060 3087 stupore
2095 3018 2286 3073 durata
2326 3025 2473 3074 sunt.
2517 3015 2624 3072 Sed
2664 3031 2732 3072 ne
2757 3014 2928 3072 Judaei
2958 3031 3018 3071 se
3047 3003 3237 3095 leviter
3263 3019 3414 3073 resti-

1838 3117 1989 3165 ment
2034 3109 2286 3166 addictos
2332 3109 2460 3165 huic
2501 3109 2810 3175 sterilitati,
2849 3117 2904 3164 et
2943 3109 2998 3163 in
3036 3108 3266 3164 ﬁculnea
3298 3109 3420 3174 illa,

142 3206 312 3261 morti
359 3205 672 3268 traderent,
721 3209 778 3257 et
824 3217 933 3256 non
987 3200 1306 3255 invenerunt
1342 3216 1355 3252 :
1406 3213 1531 3254 cum
1577 3197 1735 3254 multi
1763 3192 1809 3256 C
1840 3204 2131 3274 Evangelio
2159 3212 2297 3260 teste
2328 3203 2541 3276 (Marc.
2571 3203 2704 3276 xi),
2735 3204 3044 3270 maledixit,
3085 3204 3140 3259 in
3173 3221 3280 3276 qua
3309 3204 3425 3261 l'ru-

142 3297 272 3352 falsi
298 3303 459 3351 testes
500 3294 889 3357 accessissent,
923 3291 1214 3346 novissime
1251 3296 1433 3344 autem
1469 3297 1738 3344 venerunt

139 3389 258 3445 duo
297 3385 412 3441 falsi
465 3395 662 3451 testes,
711 3392 766 3440 et
808 3383 1102 3438 dixerunt:
1154 3379 1255 3434 Hic
1291 3379 1468 3434 dixit:
1505 3377 1733 3433 Possum

139 3481 429 3535 destruere
458 3477 711 3547 templum
741 3476 876 3542 hoc,
907 3482 960 3530 et
981 3481 1106 3544 post
1135 3471 1371 3527 triduum
1403 3470 1736 3527 retedilicare

139 3571 281 3626 illud
312 3569 538 3646 (Matth.
567 3567 751 3639 xxvi).
783 3565 937 3621 Unde
966 3579 1032 3619 eo
1057 3561 1318 3619 cruciﬁxo
1341 3567 1736 3631 prmtereuntes

136 3663 670 3734 blasphemaverunt
713 3674 872 3723 eum,
922 3664 1203 3712 moventes
1251 3653 1430 3723 capita
1478 3667 1612 3718 sua,
1655 3651 1737 3706 di-

134 3764 374 3811 centes:
409 3772 428 3804 c
463 3751 609 3818 Vah,
645 3750 737 3821 qui
775 3748 1015 3804 destruis
1050 3746 1337 3817 templum,
1374 3753 1431 3801 et
1468 3745 1522 3799 in
1558 3743 1736 3799 triduo

136 3845 281 3901 illud
311 3842 600 3899 remdilicas
631 3859 644 3896 :
679 3839 837 3896 Salva
869 3838 1234 3910 temetipsum,
1267 3837 1312 3892 si
1339 3835 1508 3890 Filius
1522 3835 1625 3890 Dei
1652 3851 1733 3902 es,

138 3935 423 3991 descende
458 3933 526 3990 de
561 3948 746 3989 cruce.
795 3930 1061 3987 Similiter
1093 3939 1157 3984 et
1178 3929 1452 4000 principes
1485 3927 1737 3983 sacerdo-

139 4038 264 4083 tum
307 4027 592 4082 illudentes
621 4041 746 4082 cum
779 4025 974 4080 scribis
1008 4031 1063 4078 et
1097 4022 1405 4078 senioribus
1437 4021 1689 4076 dicebant
1717 4038 1731 4074 :

139 4119 308 4176 Alios
337 4119 516 4174 salvos
549 4117 712 4184 fecit,
751 4132 812 4172 se
843 4117 1016 4188 ipsum
1057 4131 1165 4171 non
1199 4121 1382 4184 potest
1419 4113 1625 4168 salvum
1659 4111 1739 4166 fa-

134 4223 296 4266 cere.
339 4207 398 4264 Si
435 4223 533 4263 rex
563 4207 730 4264 lsrael
764 4215 886 4270 est,
928 4205 1224 4262 descendat
1262 4219 1407 4259 nunc
1447 4203 1512 4258 de
1539 4217 1734 4268 cruce,

135 4309 204 4358 ct
230 4299 503 4356 credimus
531 4299 601 4354 ei.
636 4297 873 4354 Conﬁdit
913 4297 979 4352 in‘
1010 4296 1146 4362 Deo,
1186 4296 1380 4351 liberet
1421 4309 1546 4349 eum
1590 4307 1736 4347 nunc

138 4394 194 4450 si
240 4391 376 4447 vult.
431 4391 579 4447 Dixit
623 4391 768 4447 enim
812 4389 937 4460 quia
985 4388 1159 4443 Filius
1209 4388 1302 4444 Dei
1347 4402 1467 4442 sum
1499 4385 1734 4457 (Matth.

139 4501 300 4542 xxvii
327 4483 369 4555 ).
405 4502 430 4538 ι·
455 4483 602 4540 Talis
631 4483 777 4539 enim
805 4481 907 4537 fuit
931 4481 1212 4536 meditatio
1241 4496 1428 4536 eorum
1451 4479 1624 4545 ,-talis
1654 4477 1736 4533 fu-

139 4591 243 4630 ror
293 4582 350 4629 et
401 4574 700 4645 pertinacia
742 4588 965 4639 eorum,
992 4580 1050 4626 ut
1091 4581 1283 4628 contra
1324 4573 1610 4628 veritatem
1653 4571 1734 4624 in-
1763 4544 1812 4604 Ῑ)

137 4669 443 4724 stituerent
472 4674 637 4723 testes
668 4665 920 4722 falsitatis
941 4705 955 4730 ,
985 4663 1189 4719 malum
1218 4679 1318 4734 pro
1359 4665 1501 4720 bono
1537 4663 1731 4720 redde-

139 4767 274 4815 rent
328 4758 498 4830 gratis
542 4775 556 4812 :
605 4758 762 4829 quod
801 4756 1086 4812 Psalmista
1143 4757 1343 4812 dudum
1403 4756 1736 4824 praecinebat

137 4851 339 4905 dicens
370 4867 384 4902 :
417 4866 435 4898 ι
469 4847 734 4915 Quoniam
775 4847 941 4919 gratis
973 4846 1372 4901 absconderunt
1402 4846 1534 4900 mihi
1565 4847 1732 4901 inter-

141 4943 289 4996 itum
343 4941 521 5012 laquei
591 4940 708 5004 sui,
775 4955 912 4993 vane
965 4939 1430 5007 exprobraverunt
1491 4939 1731 4992 animam

139 5045 328 5085 meam
379 5028 570 5102 (Psal.
599 5030 827 5102 xxuv).
863 5050 880 5082 ι
911 5029 1096 5086 Gratis
1138 5040 1328 5086 revera
1372 5030 1568 5100 quibus
1603 5031 1733 5086 mali

143 5122 290 5178 nihil
338 5121 561 5178 fecerat.
609 5123 755 5177 lllud‘
785 5123 1080 5192 gratuitum
1128 5122 1396 5187 diximus,
1439 5123 1582 5192 quod
1626 5138 1734 5177 non

141 5213 380 5282 alicujus
407 5214 488 5268 rei
514 5215 952 5283 compensatione
980 5213 1256 5269 tribuitur.
1283 5211 1736 5284 (Cassiodi)'Abs-

138 5309 455 5364 conderent
508 5307 640 5362 mihi
696 5316 758 5361 ut
811 5307 885 5360 illi
937 5307 1234 5377 putabant,
1291 5306 1384 5375 qui
1436 5305 1733 5361 divinitatis

139 5399 270 5469 ejus
299 5398 597 5469 potentiam
628 5413 735 5453 non
765 5397 1081 5452 credebant.
1125 5395 1261 5451 Nam
1294 5395 1422 5465 quid
1460 5393 1733 5464 potest'ab

138 5505 216 5546 eo
252 5487 552 5553 abscondi,
587 5487 676 5543 cui
720 5486 858 5541 nihil
899 5486 1172 5542 occultum
1213 5485 1342 5540 est?
1382 5485 1475 5540 Ille
1502 5485 1648 5540 enim
1677 5493 1734 5540 et

140 5581 490 5651 proditorem
517 5593 673 5633 suum
703 5579 757 5634 in
786 5593 943 5634 cmna
971 5576 1300 5648 designavit,
1331 5583 1383 5631 et
1425 5576 1734 5646 passionem

143 5681 445 5742 antequam
477 5670 790 5740 proveniret
827 5669 1076 5734 edocuit,
1120 5683 1222 5723 nec
1259 5667 1556 5738 quidquam
1599 5666 1732 5733 fuit,

144 5767 293 5839 quod
336 5767 387 5824 ei
426 5765 889 5822 absconderetur:
921 5763 1047 5834 quia
1077 5761 1256 5817 omnia
1299 5776 1410 5817 sua:
1449 5760 1739 5817 voluntatis

1791 3307 1810 3312 "
1839 3305 1959 3352 ctus
1985 3297 2207 3352 omnino
2237 3312 2342 3352 non
2373 3298 2594 3366 reperit.

1911 3385 2029 3442 Sin.
2064 3406 2081 3439 ι
2111 3386 2421 3443 SessiOnem
2450 3403 2640 3443 eorum
2667 3394 2723 3443 et
2748 3389 3207 3444 resurrectionem
3237 3405 3426 3446 eorum

1844 3495 1863 3529 ‹
1895 3478 2022 3533 vide
2054 3497 2067 3533 :
2101 3493 2202 3550 ego
2247 3494 2366 3534 sum
2411 3477 2652 3550 psalmus
2698 3494 2904 3534 eorum.
2943 3500 2962 3531 ι
2993 3480 3322 3552 (ΜΑυιιυε.)
3366 3480 3426 3536 In

1837 3570 2082 3626 sessione
2128 3571 2386 3641 exprimit
2437 3570 2680 3626 habitum
2720 3569 3035 3640 judicandi,
3085 3573 3137 3627 in
3184 3588 3426 3628 resurre-

1837 3661 2017 3716 ctione
2068 3675 2201 3716 vero
2250 3661 2486 3716 studium
2541 3661 2594 3716 id
2646 3662 2790 3730 quod
2845 3662 3209 3717 moliebantur
3252 3663 3417 3733 perli-

1836 3753 2032 3808 ciendi.
2069 3751 2176 3808 Sed
2212 3753 2349 3822 qhia‘
2380 3754 2435 3807 in
2473 3753 2734 3809 cathedra
2772 3755 3095 3822 pestilentiae
3133 3756 3420 3824 pontiﬁces

1837 3854 1891 3900 et
1920 3843 2194 3914 principes
2216 3842 2523 3899 Iudaeorum
2555 3843 2812 3900 sederunt
2840 3845 3194 3910 insidiantes,
3237 3855 3302 3901 ut
3345 3848 3425 3902 in—

1836 3935 2151 3992 terﬁcerent
2193 3936 2536 3991 innocentem
2571 3936 2590 4006 (
2616 3934 2766 3990 Psal.
2796 3937 2858 4007 ι’)
2891 3955 2904 3992 τ
2939 3938 3007 3992 ad
3040 3938 3142 3992 hoc
3170 3952 3424 3993 surrexe-

1836 4038 1994 4095 runt,
2045 4036 2116 4082 ut'
2149 4030 2294 4098 quod
2339 4030 2592 4098 nequiter
2632 4036 2966 4095 tractarent,
3007 4033 3171 4100 Opere
3211 4030 3428 4086 nefario

1836 4126 2298 4175 consummarent.
2344 4117 2640 4174 lnl‘elicitas
2686 4117 2790 4174 fuit
2838 4120 2892 4174 i'n
2943 4119 3045 4175 viis
3094 4134 3319 4184 eorum,
3370 4129 3440 4176 et‘

1835 4212 1978 4266 viam
2006 4211 2156 4282 pacis
2183 4227 2288 4267 non
2318 4215 2718 4284 cognoverunt,
2749 4212 2844 4266 sed
2873 4211 3132 4283 quidquid
3170 4213 3286 4283 ipse
3323 4228 3415 4268 co-

1837 4319 1954 4358 ram
1989 4303 2070 4358 eis
2107 4302 2393 4358 veracibus
2428 4303 2612 4358 verbis
2645 4301 2987 4373 proferebat,
3026 4303 3212 4356 totum'
3233 4302 3285 4356 in
3326 4317 3421 4357 ca-

1836 4393 2097 4449 lumniam
2127 4401 2183 4449 et
2212 4393 2266 4447 in
2296 4391 2648 4462 opprobrium
2680 4399 2893 4448 vertere
2921 4389 3231 4446 studebant.
3274 4390 3428 4446 Unde

1840 4498 1964 4538 cum
2031 4482 2238 4537 diceret
2287 4499 2301 4535 :
2351 4499 2370 4531 ι
2404 4479 2612 4536 Amodo
2661 4479 2916 4536 videbitis
2970 4479 3138 4534 lilium
3195 4481 3442 4536 hominis

1837 4573 2114 4629 sedentem
2149 4588 2184 4626 a-
2210 4570 2421 4628 dextris
2457 4572 2673 4627 virtutis
2695 4612 2710 4637 ,
2749 4576 2806 4626 et
2835 4570 3139 4626 venientem
3176 4571 3231 4626 in
3264 4572 3426 4628 nubi-

1837 4665 1940 4720 bus
1991 4662 2144 4727 coeli,
2199 4662 2450 4733 princeps
2499 4662 2840 4717 sacerdotum
2894 4662 3056 4717 scidit
3103 4662 3427 4718 vestimenta

1838 4771 1964 4819 sua,
2000 4755 2227 4810 dicens:
2265 4752 2682 4823 Blasphemavit.
2717 4751 2868 4808 Tunc
2894 4762 3230 4822 exspueruut
3255 4752 3308 4806 in
3342 4751 3423 4806 fa-

1837 4847 1976 4903 ciem
2013 4843 2160 4913 ejus,
2201 4852 2258 4899 et
2292 4844 2537 4914 colaphis
2565 4849 2689 4900 eum
2721 4843 3041 4899 ceciderunt
3071 4858 3086 4907 ;
3120 4841 3427 4896 alii'autem

1836 4937 2046 5008 palmas
2075 4937 2141 4991 in"
2160 4935 2349 4992 faciem
2375 4937 2424 4991 ei
2453 4936 2748 5000 dederunt,
2781 4934 3023 4990 dicentes
3053 4951 3064 4986 :
3098 4931 3429 5002 Prophetiza

1839 5028 2043 5094 nobis,»
2063 5025 2466 5095 Cliﬁste,-quis
2493 5035 2579 5082 est
2611 5025 2704 5097 qui
2747 5033 2797 5080 te
2830 5023 3147 5094 percussit?
3181 5020 3429 5093 (-M‘attli.

1835 5138 1928 5176 xx.
1957 5117 1976 5191 )
2015 5139 2032 5171 ι
2065 5117 2219 5184 Quod
2246 5119 2411 5174 etiam
2441 5117 2713 5188 Propheta
2744 5118 2944 5172 dudum
2976 5115 3038 5170 i'n
3057 5116 3252 5185 spiritu
3285 5130 3424 5184 pra:-

1834 5213 2026 5268 videns
2053 5211 2292 5266 ostendit
2320 5211 2508 5265 dicens
2541 5228 2554 5264 :
2593 5228 2612 5261 ι
2647 5209 2947 5264 Adversum
2977 5223 3065 5262 me
3093 5206 3426 5261 exerceban-

1834 5313 1944 5370 tur,
1983 5303 2080 5374 qui
2123 5303 2384 5358 sedebant
2421 5302 2475 5356 in
2520 5310 2712 5372 porta,
2759 5309 2814 5355 et
2856 5301 2909 5355 in
2952 5312 3040 5355 me
3083 5297 3428 5369 psallebant,

1834 5395 1924 5466 qui
1955 5394 2215 5450 bibebant
2241 5391 2424 5446 vinum
2454 5389 2640 5462 (Psal.
2670 5405 2832 5445 vam
2853 5390 2924 5461 ).›
2951 5389 3093 5444 Dicit
3121 5387 3266 5442 enim
3296 5390 3424 5458 pas-

1834 5487 2040 5543 sionem
2094 5500 2248 5542 suam
2297 5484 2444 5555 genti
2495 5483 2730 5539 Iudaica:
2777 5483 2944 5538 fuisse
2994 5481 3231 5538 fabulam
3260 5521 3275 5545 ,
3325 5480 3427 5549 qui

1835 5578 1990 5648 quasi
2035 5577 2271 5646 impleta
2295 5575 2622 5645 cogitatione
2665 5587 2763 5629 sua
2811 5572 2879 5628 de
2921 5587 3055 5627 nece
3097 5570 3310 5626 Domini
3343 5576 3423 5624 te-

1837 5667 2232 5724 mulentisslme
2286 5665 2616 5736 garriebant.
2674 5663 2784 5720 Sed
2836 5662 2965 5735 quia
3025 5659 3430 5732 incorrigibiles

1837 5768 2021 5826 erant,
2054 5768 2110 5816 et
2153 5758 2329 5831 magis
2374 5771 2724 5830 perseverare
2768 5757 2823 5813 in
2867 5754 3039 5822 male,
3089 5767 3253 5824 quam
3297 5751 3430 5808 inde
