3998 6202
571 316 703 371 ’ΞΠ

1201 317 1263 372 Β.
1308 319 1561 374 RABANI
1602 319 1818 375 MAURl
1856 317 2174 374 ARCHIEP.
2216 316 2526 372 MOCUNT.
2553 314 2834 372 OPERUM
2876 313 3055 369 PARS
3092 313 3192 369 ill.

3718 300 3862 358 i258

567 437 818 490 recedere
847 433 1145 505 eligebant,
1175 435 1407 503 superba
1435 449 1498 489 se
1525 434 1825 488 intentione
1853 433 2146 488 defenden-
2176 437 2226 493 Α
2255 440 2354 485 ret.
2412 430 2526 485 lloc
2579 441 2789 486 scutum
2846 429 3012 484 etiam
3063 427 3323 498 requisita
3385 425 3595 481 mulier
3649 425 3862 487 tenuit,

568 537 676 590 tes,
720 527 874 596 quasi
912 526 1136 593 justitize
1175 534 1522 581 exsecutores
1558 540 1654 595 per
1677 524 1966 580 Jeremiam
2009 523 2145 578 dici-

568 627 672 671 tur.
708 615 861 672 Unde
891 625 946 672 et
974 617 1217 685 sequitur
1247 635 1261 670 :

641 707 810 760 Tltau.
848 726 867 758 ι
900 706 1083 762 Redde
1125 707 1204 761 eis
1233 707 1404 761 vicem
1429 745 1444 770 ,
1493 705 1748 766 Domine,
1788 703 1943 772 juxta
1981 719 2145 774 opera

573 815 591 846 ι
629 811 881 849 manuum
931 811 1172 849 suarum.
1205 815 1223 846 ι
1258 795 1490 864 Moxque
1537 792 1783 848 eamdem
1832 793 2004 847 vicem
2054 806 2150 846 ex-

567 884 809 954 pressius
839 885 1100 950 subdidit,
1131 885 1356 938 dicens:

648 974 819 1029 Thau.
856 995 872 1026 ε
909 976 1072 1029 Dabis
1100 975 1180 1029 eis
1205 983 1418 1030 scutum
1447 972 1626 1028 cordis
1653 973 1891 1028 laborem
1921 981 2090 1027 tuum.
2126 990 2145 1022 ι

570 1064 590 1136 (
615 1063 769 1135 Greg.
802 1063 821 1136 )
853 1065 1032 1119 Labor
1055 1065 1254 1134 quippe
1286 1064 1380 1120 Dei
1410 1079 1680 1134 apparens
1708 1063 1852 1116 inter
1880 1063 2148 1127 homines,

568 1157 840 1230 passibilis
877 1159 994 1228 ejus
1023 1159 1334 1213 humanitas
1365 1158 1500 1224 fuit,
1533 1171 1695 1227 quam
1720 1157 1888 1214 Judaei
1922 1157 2152 1228 superbe

571 1248 788 1318 sapiens
834 1247 961 1301 dum
1011 1256 1298 1302 cernerent
1341 1247 1736 1317 despexerunt,
1780 1262 2012 1317 eumque
2053 1249 2155 1302 im-

572 1342 853 1396 mortalem
884 1342 1107 1396 credere
1137 1341 1406 1411 dedignati
1435 1350 1591 1405 sunt,
1621 1357 1778 1411 quem
1811 1351 2001 1396 natura
2032 1358 2155 1412 pas-

571 1432 714 1486 sibili
768 1431 1049 1485 mortalem
1102 1431 1369 1485 viderunt.
1413 1431 1656 1501 Cumque
1707 1431 1821 1500 ejus
1883 1432 2154 1487 humilita-

573 1531 680 1576 tem
712 1522 1119 1590 conspicerent,
1151 1524 1416 1593 superbiae
1456 1522 1597 1577 fastu
1640 1523 1911 1588 indurati,
1943 1540 2153 1580 summa

571 1628 700 1666 cura
732 1612 903 1668 moliti
950 1622 1113 1678 sunt,
1147 1628 1214 1668 ne
1258 1629 1446 1668 eorum
1493 1623 1702 1668 mentes
1743 1623 1930 1670 sancta
1962 1616 2157 1684 prardi-

573 1703 812 1756 cautium
858 1704 1020 1759 verba
1051 1712 1417 1772 penetrarent.
1451 1703 1584 1758 Dum
1615 1719 1745 1774 ergo
1774 1705 1854 1759 eis
1897 1705 2156 1761 Dominus

2247 1247 2565 1318 justissima:
2617 1249 2973 1319 correptionis
3028 1250 3191 1303 verba
3249 1249 3636 1317 protulerunt.

2250 522 2465 592 quando
2508 537 2682 592 neque
2722 523 2836 591 ipsa
2880 521 2947 575 ad
2992 536 3052 576 se
3094 520 3306 590 culpam
3351 518 3570 583 retulit,
3609 518 3710 571 sed
3743 533 3863 572 ser-

2249 613 2426 682 pentis
2457 613 2588 668 illud
2627 613 3069 683 persuasionibus
3114 612 3399 682 replicavit
3443 612 3647 665 dicens
3678 625 3694 662 :
3730 608 3865 664 Ser-

2252 718 2388 772 pens
2415 703 2628 773 decepit
2654 718 2740 757 me
2768 712 2823 758 et
2850 704 3092 768 comedi,
3125 713 3186 757 ut
3215 703 3330 773 ipsa
3361 717 3594 773 quoque
3644 712 3862 756 reatum

2257 807 2412 846 suum
2443 792 2662 863 oblique
2692 793 2747 847 in
2775 792 3091 848 Creatorem
3124 795 3369 857 duceret,
3404 794 3502 862 qui
3549 793 3672 846 illic
3717 793 3862 846 intra

2252 896 2312 935 se
2357 890 2662 950 serpentem
2704 897 3094 952 persuasurum
3137 881 3264 936 talia
3307 881 3690 950 permisisset.
3739 880 3864 936 Ser-

2252 988 2384 1043 pens
2413 989 2540 1028 vero
2562 973 2676 1042 jam
2709 989 2814 1028 non
2848 975 3161 1044 requiritur,
3192 975 3319 1044 quia
3363 988 3469 1027 nec
3509 971 3640 1042 ejus
3684 974 3859 1043 ιιαωί-

2255 1066 2420 1120 tentia
2473 1067 2837 1135 querebatur.
2892 1065 2957 1120 Ili
3005 1075 3187 1120 autem
3233 1081 3471 1135 quorum
3522 1065 3850 1132 paenitentia

2255 1159 2481 1228 quaesita
2520 1166 2640 1221 est,
2673 1167 2885 1212 scutum
2915 1159 3260 1228 nequissima:
3287 1157 3644 1213 defensionis
3673 1168 3856 1212 contra

3714 1249 3858 1304 Unde

2256 1359 2401 1397 nunc
2431 1357 2603 1412 usque
2634 1342 2686 1396 in
2715 1358 2872 1396 usum
2902 1341 3239 1411 peccantium
3282 1341 3550 1404 trahitur,
3603 1350 3668 1394 ut
3710 1342 3856 1411 culpa

2256 1449 2378 1488 cum
2417 1434 2664 1504 arguitur
2703 1433 3038 1498 defendatur,
3080 1441 3137 1487 et
3173 1434 3314 1487 unde
3357 1431 3510 1487 ﬁniri
3559 1441 3755 1488 reatus
3781 1435 3862 1488 ὼ-

2256 1526 2376 1581 huit
2393 1567 2406 1590 ,
2439 1527 2563 1580 inde
2592 1525 2915 1582 cumuletur.

2331 1616 2499 1670 Titan.
2536 1635 2554 1668 ‹
2589 1615 2942 1686 Persequeris
2987 1616 3040 1670 in
3093 1615 3279 1670 furore
3324 1623 3461 1681 tuo,
3507 1623 3570 1670 et
3616 1628 3864 1670 conteres

2266 1725 2285 1758 ‹
2319 1722 2414 1763 eos
2465 1708 2564 1762 sub
2619 1706 2792 1772 caelis,
2832 1706 3078 1761 Domine.
3125 1727 3142 1758 ι
3178 1707 3199 1777 (
3235 1705 3546 1777 Μλυιιυε.)
3607 1705 3710 1760 liae
3763 1717 3862 1760 tres

571 1794 745 1849 vicem
777 1795 1040 1850 malorum
1071 1811 1293 1864 operum
1325 1795 1606 1862 redderet,
1638 1797 1785 1852 dedit
1811 1798 1915 1854 illis
1940 1809 2151 1854 scutum
2184 1813 2228 1873 Β
2257 1801 2568 1865 sententiae,
2610 1815 2743 1869 quas
2785 1799 2947 1854 modo
2983 1800 3462 1860 enumeravimus,
3513 1813 3654 1866 quze
3696 1799 3799 1853 sub
3826 1809 3862 1855 τη

573 1882 754 1948 cordis
785 1882 1022 1938 laborem
1055 1899 1242 1948 suum,
1287 1884 1379 1952 qui
1428 1894 1574 1940 recto
1615 1884 1824 1954 judicio
1869 1889 1992 1943 inde
2035 1889 2155 1944 illos

571 1983 760 2028 contra
809 1989 868 2028 se
910 1975 1140 2044 superbe
1185 1975 1487 2031 obstinatos
1527 1979 1796 2033 exhibuit.
1844 1979 1996 2036 Unde
2039 1981 2154 2051 ipse

573 2080 672 2134 pro
744 2066 900 2121 nobis
963 2067 1018 2121 in
1084 2067 1399 2122 inﬁrmitate
1466 2068 1750 2126 laboravit.
1822 2071 2155 2142 Repulerunt

574 2155 773 2226 quippe
821 2172 850 2210 a
905 2171 965 2212 se
1011 2158 1174 2212 verba
1221 2159 1661 2228 prmdicantium,
1709 2161 1834 2230 quia
1881 2163 2153 2234 dedignati

575 2259 701 2304 sunt
733 2250 785 2303 in
818 2251 1045 2307 Domino
1072 2251 1287 2306 inﬁrma
1318 2254 1651 2322 passionum.
1695 2254 1962 2310 Laborem
1995 2257 2158 2327 igitur

578 2338 789 2394 Domini
821 2350 1006 2394 contra
1026 2343 1275 2397 eumdem
1304 2342 1586 2398 Dominum
1620 2353 1830 2399 scutum
1859 2345 2041 2400 cordis
2069 2347 2162 2400 ha-

574 2427 844 2494 buerunt,
877 2429 968 2499 qui
1001 2431 1231 2500 superba
1266 2431 1602 2500 sapientibus
1631 2447 1696 2486 eo
1725 2432 2030 2504 despcctius
2070 2449 2164 2503 ap-

575 2521 788 2590 paruit,
828 2537 936 2590 quo
979 2531 1198 2592 propter
1234 2536 1328 2577 eos
1373 2523 1590 2577 humilis
1619 2521 1738 2577 fuit.
1773 2522 1885 2578 lloc
1916 2532 2161 2589 scutum,

579 2610 720 2664 sicut
743 2610 854 2680 jam
885 2619 940 2665 ct
979 2612 1229 2680 superius
1270 2611 1540 2676 diximus,
1595 2615 1744 2682 prius
1784 2613 1873 2668 ille
1908 2623 2164 2684 peccator

581 2701 783 2765 tenuit,
825 2699 912 2768 qui
945 2701 1256 2770 requirente
1289 2701 1514 2756 Domino
1553 2719 1650 2756 cur
1688 2701 1889 2772 lignum
1931 2703 2159 2758 vetitum

580 2788 928 2859 contigisset,
978 2804 1085 2842 non
1135 2788 1202 2842 ad
1250 2805 1309 2845 se
1354 2790 1564 2860 culpam
1613 2791 1829 2856 retulit,
1857 2791 1949 2846 sed
1981 2807 2011 2844 a
2043 2808 2162 2846 mu-

577 2878 709 2934 liere
738 2895 899 2948 quam
932 2880 1191 2935 Dominus
1221 2881 1268 2936 ei
1301 2882 1521 2936 dederat
1550 2899 1607 2938 se
1637 2884 1908 2954 accepisse
1939 2900 2161 2954 respon-

578 2968 687 3033 dit,
718 2978 775 3022 ut
803 2971 958 3039 quasi
989 2979 1196 3025 reatum
1229 2986 1384 3026 suum
1414 2972 1630 3042 oblique
1661 2974 1712 3028 in
1739 2981 2016 3029 auctorem
2038 2975 2164 3028 reli-

2261 1890 2434 1944 littera
2475 1897 2790 1959 prtenotatae
2832 1898 2996 1954 sunt,
3040 1888 3372 1958 respondent
3401 1888 3477 1941 ad
3513 1888 3859 1958 superiores,

2261 1978 2456 2049 quibus
2486 1979 2823 2048 iniquitatem
2871 1977 3178 2032 Iudaeorum
3227 1986 3280 2031 et
3326 1977 3593 2031 dolosam
3643 1977 3864 2031 media.

2263 2071 2461 2124 tionem
2493 2077 2855 2138 expresserat,
2883 2068 3174 2122 ostendens
3204 2069 3331 2137 quid
3363 2069 3717 2131 meruerint,
3744 2085 3864 2137 que-

2262 2163 2405 2216 niam
2463 2162 2515 2216 in
2569 2161 2751 2216 furore
2805 2161 2986 2216 divino
3033 2162 3236 2231 judicio
3286 2162 3640 2231 disponente
3693 2165 3864 2216 hostes

2262 2266 2450 2306 eorum
2481 2251 2598 2305 illos
2627 2251 2895 2320 persecuti
2925 2259 3071 2314 sunt,
3099 2259 3154 2305 et
3182 2251 3235 2304 in
3266 2253 3539 2321 praesenti
3568 2251 3692 2305 vita
3729 2252 3864 2305 forti-

2266 2348 2348 2393 ter
2375 2340 2778 2404 contriverunt,
2813 2340 2887 2394 ita
2918 2348 2978 2394 ut
3016 2340 3278 2394 hactenus
3312 2356 3412 2410 per
3458 2350 3649 2396 totum
3689 2345 3860 2397 orbem

2265 2427 2530 2498 dispersi,
2587 2428 2787 2482 malum
2837 2429 3011 2484 exsilii
3064 2429 3362 2500 patiantur,
3424 2433 3707 2487 sedentes
3762 2435 3859 2487 sine

2264 2533 2392 2588 rege
2432 2535 2496 2574 ac
2535 2519 2840 2574 sacerdotio
2883 2519 3080 2591 regali,
3125 2529 3181 2576 et
3220 2522 3338 2575 sine
3382 2524 3602 2592 templo
3631 2566 3648 2586 ,
3680 2534 3737 2578 et
3763 2526 3860 2577 sine

2267 2609 2412 2664 cultu
2442 2610 2679 2679 pictatis.
2723 2609 2824 2677 Qui
2869 2619 3050 2665 autem
3090 2613 3157 2665 ad
3196 2611 3485 2666 Christum
3535 2623 3856 2667 convertes-

2267 2708 2376 2764 tur,
2407 2699 2823 2770 promissionem
2854 2701 3000 2754 illam
3028 2715 3146 2770 quae
3173 2701 3240 2754 ad
3270 2709 3467 2770 patres
3497 2717 3706 2756 eorum
3739 2702 3856 2756 facta

2265 2801 2350 2844 est
2377 2789 2693 2858 spiritaliter
2721 2790 3132 2846 hereditabnnt.
3170 2791 3413 2860 Denique
3462 2793 3656 2847 tribus
3697 2793 3856 2862 alpha-

2267 2881 2408 2935 betis
2447 2881 2856 2946 consummatis,
2897 2880 3093 2951 quibus
3131 2881 3469 2935 anteriorem
3518 2892 3738 2951 partem
3779 2883 3857 2934 La-

2269 2973 2618 3029 mentationis
2641 2973 2904 3044 prepheta
2932 2973 3247 3043 explicavit,
3275 2973 3392 3042 jam
3420 2974 3563 3041 quid
3593 2975 3652 3026 in
3683 2981 3856 3043 quarto

579 3059 762 3126 duret,
795 3061 886 3131 qui
916 3063 964 3117 ei
995 3062 1274 3118 mulierem
1305 3061 1529 3117 dederat
1555 3078 1677 3134 qua:
1715 3062 1838 3118 talia
1868 3063 2163 3134 persuade-
2193 3057 2237 3120 C
2271 3065 2508 3120 insinuet
2533 3065 2986 3121 considerandum
3016 3075 3118 3120 est.

3707 3226 3824 3240 _

1747 3345 2050 3423 LIBER
2103 3348 2697 3428 VIGESIMUS.

1187 3631 1413 3690 CAPUT
1441 3633 1530 3690 ιν.

650 3725 922 3800 (Ηὶενοη.)
941 3726 1230 3781 Extremus
1244 3726 1382 3780 liber
1402 3725 1650 3783 Ieremia:
1673 3729 2011 3785 inchoandus
2031 3738 2114 3785 est
2134 3745 2165 3785 a

577 3828 776 3891 quarto
789 3817 1097 3889 alphabeto,
1113 3818 1255 3885 quod
1280 3818 1421 3873 sicut
1439 3820 1673 3888 primum
1688 3829 1742 3874 et
1757 3821 2050 3876 secundum
2067 3820 2167 3875 Sa-

581 3911 741 3982 phico
753 3917 926 3965 metro
939 3908 1179 3964 decurrit
1195 3924 1210 3972 ;
1226 3908 1280 3962 in
1300 3924 1407 3978 quo
1422 3910 1583 3964 simili
1607 3912 1790 3978 modo,
1807 3920 1867 3965 ut
1881 3912 1932 3966 in
1951 3913 2166 3966 caeteris

577 4020 765 4060 casum
777 4003 955 4075 populi
977 4001 1165 4067 Judaei,
1181 4011 1344 4072 atque
1361 4006 1713 4061 vastationem
1736 4007 1885 4062 urbis
1905 4007 2166 4061 lamenta-

580 4096 674 4152 bili
703 4110 834 4150 voce
860 4095 1120 4164 propheta
1160 4094 1510 4149 historialiter
1561 4095 1838 4165 deplorat;
1903 4096 2162 4166 spiritali-

579 4199 664 4243 ter
686 4195 866 4242 autem
888 4185 1096 4256 lapsum
1121 4186 1315 4240 animae
1337 4184 1508 4240 ﬁdelis
1533 4192 1694 4255 atque
1719 4186 1931 4240 ruinam
1962 4187 2015 4240 in
2037 4201 2164 4256 pec-

579 4278 715 4333 catis
756 4275 1138 4333 miserabiliter
1186 4275 1408 4346 plangit,
1459 4277 1786 4332 subnectens
1838 4277 2161 4343 orationem,

578 4384 742 4437 quam
787 4367 924 4422 fudit
969 4366 1270 4437 lacrymosa
1316 4381 1449 4422 voce
1480 4377 1700 4439 propter
1735 4369 2010 4424 interitum
2032 4385 2160 4424 suo-

581 4436 698 4510 rum
722 4457 790 4511 ad
818 4456 936 4526 pias
965 4436 1127 4510 aures
1154 4455 1385 4517 Domini,
1420 4436 1688 4525 quatenus
1736 4458 1851 4526 ipse
1895 4458 2161 4528 benignus
2189 4436 2239 4494 D

581 4547 809 4601 miseros
835 4561 1052 4600 manum
1083 4546 1262 4601 solatii
1289 4547 1637 4618 porrigenda,
1667 4548 1721 4603 in
1751 4557 1951 4604 statum
1980 4549 2162 4618 pristi-

580 4651 709 4690 num
762 4635 957 4704 erigat,
1009 4644 1172 4704 atque
1223 4634 1476 4704 perfecta:
1527 4637 1745 4692 sanitati
1797 4638 2066 4694 restituat.

635 4726 822 4797 Aleplt.
846 4745 864 4776 ι
898 4725 1182 4792 Quomodo
1208 4726 1553 4782 obscuratum
1575 4737 1659 4782 est
1684 4744 1900 4793 aurum,
1925 4737 2163 4786 mutatus

588 4837 606 4871 ι
636 4817 1156 4888 estcoloroptimtts,
1182 4818 1409 4888 dispersi
1428 4827 1555 4874 sunt
1577 4819 1782 4888 lapides
1797 4821 2092 4877 sanctuarii
2109 4823 2160 4876 in

585 4930 602 4962 ‹
638 4911 813 4982 capite
837 4909 1078 4966 omnium
1100 4909 1440 4978 platearum?
1471 4929 1489 4962 ι
1525 4910 1818 4982 (Μλυιιυε.)
1854 4911 1991 4967 Nam
2037 4912 2164 4968 licet

581 5004 696 5059 haec
730 5001 1088 5058 historialiter
1125 5001 1274 5056 urbis
1319 4999 1782 5074 Jerosolymitana:
1833 5003 2163 5059 destructio-

577 5111 724 5161 nem,
777 5103 832 5150 et
874 5092 1060 5165 templi
1091 5093 1585 5150 concremationem
1629 5095 1914 5149 videantur
1945 5110 2159 5158 sonare,

580 5190 670 5246 ubi
703 5198 848 5245 totus
878 5188 965 5244 ille
1003 5196 1229 5244 ornatus
1269 5195 1512 5242 veterum
1552 5186 1846 5256 dissipatus
1873 5194 1977 5251 est,
2011 5194 2065 5240 et
2096 5186 2164 5241 ad

581 5279 810 5333 nihilum
834 5279 1110 5342 redactus,
1135 5285 1314 5333 tamen
1344 5277 1522 5331 altiori
1547 5291 1706 5331 sensu
1733 5275 1915 5346 templi
1949 5276 2163 5346 mystici

579 5366 936 5438 dejectionem
967 5369 1258 5441 signiﬁcat,
1289 5369 1380 5438 qui
1423 5367 1665 5438 quotidie
1707 5368 1762 5422 in
1810 5369 2164 5437 reproborum

581 5459 693 5514 vita
720 5467 776 5514 et
794 5461 1036 5515 moribus
1061 5459 1356 5515 offuscetur
1372 5467 1532 5528 atque
1555 5459 1873 5514 destruitur.
1913 5459 1930 5529 (
1958 5458 2113 5528 Grcg.
2144 5457 2163 5530 )

582 5550 723 5617 Quid
747 5567 979 5621 namque
1007 5567 1157 5616 auro,
1177 5553 1320 5621 quod
1340 5552 1575 5606 metallis
1591 5551 1804 5607 caeteris
1826 5551 2161 5620 praeminet,

585 5639 690 5695 nisi
714 5643 1034 5697 excellentia
1064 5643 1402 5698 sanctitatis?
1431 5641 1569 5708 Quid
1590 5641 1771 5697 colore
1799 5643 2027 5712 optimo,
2059 5641 2163 5696 nisi

585 5731 796 5784 cunctis
845 5732 1092 5788 amabilis
1135 5733 1436 5789 reverentia
1480 5733 1754 5804 religionis
1801 5733 2161 5804 exprimitur?

2268 3639 2406 3706 Quid
2434 3638 2725 3694 sanctuarii
2753 3637 2980 3708 lapides,
3006 3631 3108 3694 utsi
3143 3651 3429 3693 sacrorum
3456 3639 3722 3693 ordinum
3742 3655 3848 3710 per-

2267 3745 2414 3784 sona:
2435 3729 2751 3801 signantur?
2777 3728 2915 3795 Quid
2967 3727 3269 3798 platearum
3302 3729 3556 3792 nomine,
3590 3731 3699 3785 nisi
3727 3746 3848 3800 pra?-

2268 3825 2435 3878 sentis
2457 3824 2581 3878 vitae
2603 3823 2830 3877 latitudo
2861 3821 3152 3891 ﬁguratur?
3174 3819 3307 3886 Quia
3331 3821 3478 3874 enim
3521 3822 3723 3878 Cerco
3750 3824 3846 3878 ele—

2267 3915 2394 3985 quio
2409 3916 2595 3977 πλάτος
2610 3914 2833 3968 latitudo
2846 3912 3309 3981 dicitur,prol‘ecto
3323 3925 3350 3964 a
3368 3912 3665 3968 latitudine
3678 3917 3848 3985 piata:

2270 4015 2396 4060 sunt
2446 4013 2669 4060 vocatae.
2722 4003 2827 4058 Per
2873 4003 3219 4073 semetipsum
3271 4018 3400 4057 vero
3425 4003 3657 4062 Veritas
3688 4007 3844 4062 dicit:

2276 4115 2296 4149 ι
2344 4097 2473 4151 Lata
2510 4106 2566 4151 et
2601 4096 2834 4166 spatiosa
2868 4095 2952 4148 via
2986 4104 3088 4158 est,
3119 4109 3238 4163 qum
3279 4095 3427 4148 ducit
3473 4097 3546 4150 ad
3602 4100 3839 4166 perditio

2268 4206 2389 4245 nem
2408 4188 2618 4260 (Matth.
2639 4187 2754 4260 vtt).
2782 4207 2800 4239 ι
2819 4189 3023 4239 Aurum
3041 4185 3570 4256 igiturobscnratur,
3597 4204 3726 4242 cum
3761 4199 3846 4243 ter-

2268 4280 2414 4335 renis
2443 4279 2653 4334 actibus
2679 4276 2982 4333 sanctitatis
3006 4277 3112 4330 vita
3137 4276 3411 4346 polluitur.
3441 4275 3846 4347 Coloroptiums

2267 4377 2652 4433 commutatur,
2679 4383 2800 4423 cum
2829 4368 3208 4438 quorumdam,
3240 4366 3329 4436 qui
3359 4367 3567 4437 degere
3610 4371 3846 4441 religiose

2264 4463 2647 4525 credebantur,
2669 4460 2958 4516 aestimatio
2986 4467 3231 4513 anteacta
3255 4460 3542 4515 minuitur.
3574 4461 3716 4516 Nam
3738 4479 3842 4518 eum

2264 4552 2491 4622 quilibet
2523 4559 2645 4621 post
2673 4550 2977 4606 sanctitatis
3011 4550 3255 4605 habitum
3284 4551 3524 4606 terrenis
3559 4567 3620 4607 se
3647 4555 3844 4609 actibus

2265 4642 2473 4706 inserit,
2498 4641 2653 4710 quasi
2675 4639 2856 4694 colore
2877 4645 3183 4708 permutato
3210 4647 3334 4692 ante
3373 4639 3650 4694 humanos
3677 4644 3844 4697 oculis

2264 4731 2380 4799 ejus
2409 4730 2709 4786 reverentia
2751 4730 3003 4799 despecta
3060 4728 3324 4798 pallescit.
3375 4728 3698 4786 Sanctusrii
3731 4751 3840 4803 qun-

2263 4836 2368 4891 que
2389 4821 2594 4892 lapides
2621 4821 2673 4874 in
2699 4819 2889 4890 plateis
2909 4819 3307 4890 disperguntur,
3333 4835 3457 4875 cum
3487 4836 3662 4876 causa
3697 4839 3842 4877 saa-

2263 4911 2480 4977 larium,
2503 4909 2655 4966 foras
2681 4909 2786 4964 lata
2828 4910 3024 4964 itinera
3059 4919 3341 4980 expetunt,
3371 4911 3426 4966 hi
3467 4916 3566 4982 qui
3601 4915 3672 4968 ad
3700 4931 3840 4969 oma-

2263 5011 2506 5057 mentum
2536 5001 2790 5056 Ecclesia:
2815 5001 3042 5056 internis
3071 5002 3346 5073 mysteriis
3379 5006 3542 5072 quasi
3589 5007 3646 5060 in
3680 5023 3842 5062 secre-

2264 5091 2334 5146 tis
2364 5091 2660 5146 sanctuarii
2681 5105 2875 5145 vacare
2902 5090 3219 5146 debuerant.
3255 5091 3335 5145 Ad
3358 5093 3463 5148 hoc
3501 5097 3712 5166 quippe
3737 5114 3843 5152 san-

2264 5181 2455 5236 ctuarii
2486 5181 2690 5251 lapides
2714 5180 2914 5236 ﬁebant
2939 5190 3000 5235 ut
3026 5182 3168 5236 intra
3208 5191 3393 5237 sancta
3427 5196 3748 5241 sanctorum
3799 5190 3840 5240 in

2263 5273 2588 5328 vestimento
2609 5273 2805 5327 summi
2831 5274 3132 5328 sacerdotis
3173 5287 3520 5343 apparerent.
3555 5277 3692 5331 Cum
3733 5295 3842 5333 vero

2265 5363 2496 5418 ministri
2526 5362 2800 5432 religionis
2841 5379 2872 5417 a
2901 5363 3133 5418 subditis
3167 5365 3428 5419 honorem
3474 5367 3842 5438 Redemptoris

2264 5456 2347 5510 sui
2377 5471 2441 5510 ex
2475 5455 2670 5512 merito
2720 5458 2842 5510 vita:
2890 5470 2994 5509 non
3039 5457 3279 5526 exigunt,
3313 5461 3617 5514 sanctuarii
3650 5460 3840 5531 lapides

2264 5547 2318 5600 in
2344 5556 2664 5602 ornamento
2683 5546 2955 5618 pontiﬁcis
2979 5561 3084 5600 non
3114 5559 3260 5601 sunt.
3287 5547 3388 5614 Qui
3427 5549 3690 5605 nimirum
3728 5567 3840 5606 san-

2265 5637 2460 5692 ctuarii
2487 5637 2693 5707 lapides
2714 5636 2943 5707 dispersi
2967 5652 3064 5706 per
3092 5637 3300 5706 plateas
3321 5637 3528 5704 jacent,
3562 5656 3690 5696 cum
3732 5658 3840 5712 pcr-

2266 5743 2413 5785 some
2441 5743 2723 5783 sacrorum
2763 5728 3011 5784 ordinum
3050 5728 3382 5796 voluptatum
3407 5745 3635 5785 suarum
3667 5732 3836 5785 latitu-
