3998 6202
153 321 290 376 1219

1035 322 1406 380 EXPOSlTlO
1444 322 1672 380 SUPER
1709 321 2076 376 mamma.
2118 354 2187 362 ——
2221 321 2350 378 LIB.
2395 319 2512 374 XX.

3269 315 3408 370 litin

148 434 261 492 dini
315 431 526 497 deditae,
566 433 808 488 terrenis
838 435 1067 505 negotiis
1093 435 1374 490 inbrerent.
1428 435 1495 489 Et
1531 444 1729 490 notan-
1757 437 1801 495 Α
1833 433 1885 488 in
1913 435 2130 488 deserto
2158 435 2393 504 gentium
2442 431 2870 502 persequebatur
2913 437 3135 500 propter
3167 430 3412 502 Evange-

149 527 274 578 dum
302 525 445 594 quod
471 540 578 578 non
606 524 707 580 hos
737 525 1010 596 dispersos
1035 527 1087 580 in
1110 527 1320 596 plateis,
1347 528 1440 582 sed
1471 528 1524 581 in
1555 527 1731 595 capite

147 615 449 685 platearum
476 614 627 679 dicit,
670 615 795 684 quia
835 625 888 671 et
916 633 1035 670 cum
1074 627 1288 672 terrena
1321 626 1504 686 agunt,
1536 616 1729 671 summi

147 704 319 758 videri
343 713 623 773 appetunt,
654 714 713 758 ut
737 717 791 758 ct
815 706 924 759 lata
962 707 1155 761 itinera
1198 715 1417 763 teneant
1465 721 1530 761 ex
1584 706 1732 760 volu-

149 803 296 863 ptate
325 793 727 860 delectationis,
758 804 813 848 et
845 805 1020 849 tamen
1053 796 1105 850 in
1139 797 1442 866 platearum
1496 798 1605 850 sint
1648 811 1734 850 ca-

149 883 260 952 pite
279 898 346 940 ex
378 883 581 937 honore
606 885 938 939 sanctitatis.
987 885 1131 940 Nihil
1183 902 1398 956 quoque
1430 887 1630 951 obstat,
1685 887 1731 941 si

152 971 442 1025 sanctuarii
472 971 678 1041 lapides
705 974 921 1027 eosdem
946 975 1107 1045 ipsos,
1141 978 1335 1045 quibus
1359 987 1731 1032 constructum

151 1061 520 1114 sanctuarium
540 1061 826 1126 existebat,
861 1065 1170 1132 accipimus.
1189 1065 1288 1132 Qui
1319 1067 1543 1136 dispersi
1569 1067 1620 1119 in
1645 1082 1732 1120 ca-

151 1151 262 1220 pite
311 1151 613 1222 platearum
656 1149 862 1218 jacent,
916 1157 1130 1224 quando
1162 1172 1440 1212 sacrorum
1482 1159 1731 1213 ordinum

154 1243 252 1296 viri
310 1245 540 1298 terrenis
589 1245 802 1300 actibus
849 1262 916 1300 ex
967 1249 1238 1304 desiderio
1295 1251 1614 1316 inserviunt,
1666 1267 1732 1307 ex

153 1348 380 1402 quorum
411 1335 558 1401 prius
581 1334 758 1389 oﬂicio
789 1337 1097 1392 sanctitatis
1124 1339 1292 1409 gloria
1333 1349 1477 1396 stare
1513 1341 1731 1397 videba-

157 1435 260 1478 tur.
300 1425 591 1482 Szecularia
621 1429 806 1500 itaque
838 1434 1050 1501 negotia
1086 1434 1372 1504 aliquando
1397 1453 1461 1492 ex
1487 1453 1733 1508 compas-

154 1519 305 1572 sione
353 1518 629 1575 toleranda
669 1531 814 1588 sunt,
863 1539 1137 1594 nunquam
1167 1541 1298 1582 vero
1328 1544 1394 1582 ex
1429 1545 1612 1585 amore
1650 1547 1733 1586 re-

154 1609 437 1675 quirenda,
491 1625 558 1664 ne
609 1627 728 1666 cum
789 1624 1022 1670 mentem
1087 1617 1358 1687 diligentis
1414 1633 1730 1691 aggravant,

156 1699 296 1752 hanc
322 1715 420 1753 suo
447 1701 641 1756 victam
667 1704 904 1773 pondere
930 1706 996 1760 ad
1029 1707 1133 1761 ima
1165 1708 1231 1764 de
1252 1709 1565 1767 coelestibus
1592 1728 1733 1768 Iner-

157 1797 317 1856 gaIIt.t

1833 526 1964 579 lium
1994 524 2214 580 Christi.
2250 525 2402 592 Quod
2432 533 2484 578 et
2523 524 2638 592 ipsa
2666 524 2880 578 Veritas
2926 523 3136 577 videtur
3164 523 3243 577 eis
3269 538 3408 592 prae-

1835 615 2084 670 nuntiare
2113 631 2234 668 cum
2262 616 2336 668 ait
2365 628 2380 667 :
2421 632 2438 664 I
2477 613 2603 667 [lare
2634 613 2848 667 locutus
2873 628 2989 667 sum
3020 610 3189 677 vobis,
3213 622 3272 666 ut
3300 627 3406 666 non

1833 703 2296 757 scandalizemini.
2336 702 2553 771 Absque
2599 703 2886 772 synagogis
2925 702 3125 756 facient
3155 717 3268 756 vos.
3304 700 3412 756 Sed

1832 792 1982 846 venit
2005 793 2164 855 hora,
2193 800 2252 846 ut
2276 791 2451 845 omnis
2486 792 2576 860 qui
2627 793 2880 846 interﬁcit
2913 807 3006 848 vos
3033 791 3326 845 arbitretur
3355 806 3412 844 se

1832 883 2149 951 obsequium
2178 892 2439 952 praestare
2463 881 2592 936 Deo.
2620 883 2684 935 Et
2711 883 2825 936 hmc
2849 881 3048 937 facient
3083 883 3252 945 vobis,
3287 882 3412 950 quia

1835 987 1940 1026 non
1972 981 2239 1026 noverunt
2261 970 2476 1024 Patrem
2518 986 2692 1039 neque
2740 989 2825 1024 Ine
2854 972 3033 1041 (Joan.
3072 970 3183 1042 xv).
3222 991 3241 1024 ι
3277 971 3414 1024 Fru-

1833 1071 1946 1116 stra
2001 1075 2130 1130 ergo
2180 1060 2392 1114 laborat
2437 1059 2582 1112 nullo
2627 1060 2819 1114 timore
2865 1069 3111 1130 cogente,
3139 1060 3263 1129 quia
3291 1075 3412 1113 cum

1836 1151 2111 1207 Christum
2147 1160 2428 1220 persecuta
2458 1159 2562 1215 est,
2615 1151 2766 1218 quasi
2815 1163 3118 1204 eversorem
3159 1150 3332 1219 gentis
3362 1158 3419 1204 et

1835 1240 2226 1294 destructorem
2271 1239 2442 1310 regni,
2471 1254 2569 1292 nec
2605 1247 2803 1292 statum
2838 1239 3007 1308 regni,
3053 1253 3152 1291 nec
3187 1238 3411 1293 salutem

1834 1333 2013 1405 gentis
2037 1331 2289 1394 servavit,
2321 1331 2416 1384 sed
2456 1331 2626 1401 magis
2667 1329 2920 1400 perdidit.
2970 1329 3102 1383 Nam
3130 1331 3416 1400 pontiﬁces
3480 1388 3483 1389 ν

1834 1431 1890 1476 et
1919 1421 2198 1485 Pharismi,
2248 1421 2390 1475 sicut
2433 1419 2781 1489 Evangelium
2820 1427 3070 1481 testatur,
3126 1420 3411 1474 concilium

1836 1513 2099 1567 adversus
2130 1511 2316 1566 Jesum
2368 1510 2698 1580 colligentes,
2746 1511 3042 1564 dixerunt:
3083 1527 3101 1559 ι
3144 1509 3282 1576 Quid
3340 1508 3419 1562 fa-

1836 1604 2030 1668 cimus,
2059 1603 2184 1671 quia
2211 1602 2298 1656 hic
2322 1601 2485 1656 homo
2521 1600 2687 1653 multa
2727 1601 2877 1671 signa
2919 1599 3082 1654 facit?
3107 1600 3153 1654 si
3188 1600 3410 1654 dimitti-

1835 1709 1955 1748 mus
1980 1708 2124 1758 eum,
2157 1693 2235 1746 sic
2262 1706 2450 1745 omnes
2473 1691 2691 1746 credent
2717 1691 2772 1744 in
2802 1705 2924 1745 eum
2951 1709 2963 1744 :
2988 1701 3044 1745 et
3067 1691 3283 1746 venient
3312 1691 3419 1744 lto-

1757 1797 1804 1856 B
1834 1786 1980 1840 mani
2010 1792 2065 1839 et
2117 1783 2304 1838 tollent
2348 1789 2594 1836 nostrum
2656 1781 2835 1836 locum
2888 1790 2943 1836 et
2965 1790 3180 1852 gentem
3231 1779 3412 1851 (Joan.

224 1880 376 1934 Bella.
415 1899 432 1932 ς
466 1881 583 1937 Filii
643 1883 770 1939 Sion
806 1885 992 1957 inclyti
1041 1896 1094 1943 et
1146 1891 1328 1945 amicti
1370 1907 1502 1946 auro
1530 1893 1728 1979 primp,

1836 1875 1935 1948 xI).
1970 1894 1989 1927 ι
2015 1875 2219 1941 Quibus
2241 1873 2476 1942 Caiphas
2497 1874 2776 1943 respondit
2807 1890 2821 1926 :
2850 1891 2869 1923 ι
2902 1848 3006 1929 Vos
3033 1848 3252 1928 nescitis
3265 1873 3419 1943 quid-

160 1987 180 2021 ι
214 1973 482 2040 quomodo
528 1976 756 2044 reputati
799 1985 923 2030 sunt
967 1977 1020 2032 in
1050 1993 1178 2033 vasa
1216 1988 1410 2048 testea,
1461 1997 1596 2051 opus
1623 1973 1734 2037 ma-

161 2081 180 2113 ι
218 2078 382 2117 ιιιιιιιιι
416 2063 597 2135 ﬁguli?
629 2084 646 2116 ι
681 2067 762 2120 Ad
789 2068 1037 2123 eumdem
1069 2085 1283 2125 sensum
1320 2073 1435 2127 hzec
1464 2074 1733 2128 sententia

159 2154 412 2222 pertinet,
443 2153 507 2208 ad
535 2171 693 2225 quem
722 2159 986 2227 superior,
1021 2162 1162 2229 quod
1196 2161 1288 2216 ﬁlii
1340 2163 1594 2218 Ecclesiae
1640 2165 1734 2234 qui

157 2243 341 2314 inclyti
379 2243 594 2299 fuerunt
632 2247 928 2302 Christiana
982 2251 1259 2321 religione,
1298 2261 1353 2308 et
1405 2255 1582 2309 ornati
1641 2270 1731 2309 sa-

158 2333 370 2403 pientiae
415 2333 636 2406 fulgore,
665 2345 720 2390 et
755 2336 948 2393 decore
985 2340 1266 2406 virtutum,
1315 2358 1460 2398 nunc
1507 2343 1733 2399 emolliti

158 2429 463 2483 carnalibus
493 2431 792 2496 desideriis,
823 2440 878 2486 et
908 2435 1136 2489 terrenis
1166 2435 1549 2505 cupiditatibus
1580 2439 1730 2493 tabe-

160 2517 308 2584 facti,
338 2520 480 2574 vasis
503 2523 689 2576 testeis
715 2534 1094 2594 comparentur
1129 2542 1248 2596 quae
1279 2527 1571 2584 Dominicze
1595 2545 1732 2584 eor-

161 2611 415 2680 reptionis
441 2612 589 2684 virga
619 2614 671 2667 in
702 2613 883 2668 futuro
926 2617 1174 2672 examine
1197 2627 1485 2673 conterens
1511 2617 1732 2689 frangit,

159 2708 210 2754 et
233 2700 302 2754 ad
331 2700 557 2755 nihilum
585 2704 796 2774 redigit,
837 2706 1022 2760 taliter
1064 2713 1124 2760 ut
1151 2723 1257 2760 non
1306 2708 1533 2763 inveniri
1565 2711 1736 2778 possit

161 2790 404 2861 fragmen
459 2799 608 2847 testa:
651 2808 757 2862 quo
808 2794 1073 2863 igniculus
1129 2795 1257 2851 ferri
1304 2799 1476 2866 possit
1533 2799 1597 2854 de
1652 2799 1735 2853 in-

161 2881 418 3005 ω’ἒῖξεὲι.
453 2970 472 3002 I
507 2951 612 3006 Sed
647 2961 700 3007 et
729 2953 904 3008 lamia:
929 2956 1268 3011 nudaverant
1294 2973 1606 3024 mammam,
1652 2959 1734 3013 la-

165 3059 183 3092 I
227 3049 512 3096 ctaverunt
540 3043 746 3098 catulos
771 3059 915 3098 suos.
947 3065 965 3097 ι
997 3045 1056 3099 In
1090 3045 1247 3100 lamia
1286 3048 1484 3117 quippe
1511 3048 1734 3118 duplici-

1834 1980 1997 2036 quam
2020 1979 2122 2018 nec
2147 1962 2418 2033 cogitatis,
2444 1962 2570 2030 quia
2599 1961 2814 2031 expedit
2835 1963 2988 2016 vobis
3011 1970 3070 2015 ut
3097 1978 3233 2017 unus
3259 1963 3421 2017 homo

1833 2057 2102 2110 moriatur
2125 2069 2222 2124 pro
2242 2053 2462 2123 populo,
2492 2061 2548 2108 et
2580 2069 2686 2108 non
2715 2061 2825 2107 tota
2853 2067 2984 2123 gens
3004 2063 3209 2122 pereat.
3246 2073 3264 2105 ι
3296 2055 3420 2110 Haec

1834 2148 2210 2219 cogitaverunt
2232 2155 2288 2200 et
2307 2153 2656 2210 erraverunt;
2680 2146 2970 2200 excaacavit
2991 2147 3133 2200 enim
3162 2146 3281 2202 illos
3305 2161 3418 2201 ma-

1834 2237 1951 2292 litia
1985 2251 2197 2301 eorum,
2243 2235 2352 2291 illic
2379 2235 2786 2305 trepidaverunt
2830 2236 3026 2292 timore
3071 2237 3162 2291 ubi
3189 2252 3294 2291 non
3321 2237 3420 2292 fuit

1835 2333 2019 2386 timor.
2046 2328 2104 2384 Si
2132 2328 2364 2384 salutem
2410 2329 2754 2398 quzesissent,
2802 2326 3127 2382 salvatorem
3167 2335 3422 2398 appetere

1837 2421 2168 2478 debuissent.
2206 2441 2224 2474 ι
2258 2422 2494 2476 Scrutati
2531 2429 2658 2476 sunt
2705 2422 3064 2492 iniquitatem,
3111 2423 3423 2478 defecerunt

1836 2522 2144 2570 scrutantes
2173 2513 2456 2568 scrutinio.
2488 2512 2735 2568 Accessit
2760 2513 2922 2568 homo
2951 2515 3018 2567 ad
3033 2528 3129 2569 cor
3152 2513 3342 2577 altum,
3366 2523 3420 2567 et

1836 2606 2107 2660 exaltatus
2134 2613 2216 2659 est
2244 2604 2404 2659 Deus.
2443 2603 2665 2675 Sagittae
2705 2604 3057 2675 parvulorum
3108 2604 3265 2661 facta:
3295 2613 3419 2660 sunt

1835 2696 2006 2768 plagae
2053 2711 2266 2763 eorum,
2323 2704 2379 2751 et
2423 2713 2522 2768 pro
2572 2697 2742 2752 nihilo
2783 2698 3090 2752 habuerunt
3117 2706 3303 2752 contra
3327 2713 3424 2752 eos

1837 2787 2032 2859 lingua:
2059 2788 2318 2858 ipsorum.
2351 2786 2502 2853 Quod
2536 2788 2835 2842 timuerunt
2862 2788 3037 2857 impii,
3066 2788 3216 2842 venit
3260 2803 3424 2859 super

1837 2893 1932 2934 eos
1958 2897 1971 2931 :
2003 2878 2386 2932 exterminavit
2407 2879 2550 2933 enim
2580 2893 2674 2934 eos
2697 2893 2828 2949 aper
2858 2880 2924 2934 de
2950 2879 3119 2950 sylva,
3156 2888 3210 2932 et
3236 2879 3424 2949 singu-

1837 2967 1969 3022 laris
2002 2967 2150 3022 ferus
2172 2969 2426 3036 depastus
2455 2977 2541 3023 est
2561 2984 2685 3026 eos:
2703 2977 2942 3038 etusque
2959 2970 3024 3023 ad
3045 2968 3204 3023 finem
3230 2983 3420 3023 eorum

1839 3058 2210 3127 perseverabit
2230 3059 2676 3129 desolatio(Psal.
2705 3060 2886 3131 ικιιι).
2920 3080 2939 3112 ι
2972 3060 3142 3114 Aliter
3158 3074 3286 3128 ergo
3301 3074 3426 3113 crn-

162 3140 243 3187 tas
297 3131 602 3188 Iudaeorum
644 3144 700 3189 et
746 3135 894 3191 fictio
937 3139 1342 3207 hypocritarum
1389 3141 1730 3210 exprimitur.

1840 3149 1989 3232 deles
2018 3157 2147 3204 sunt
2181 3150 2439 3216 hreretici,
2468 3151 2534 3206 de
2561 3152 2758 3222 quibus
2788 3151 3024 3206 Joannes
3051 3151 3128 3205 ait
3163 3168 3176 3204 :
3213 3171 3230 3202 ι
3265 3151 3424 3206 Exie-

161 3221 345 3276 l.amia
395 3224 593 3279 etenim
642 3225 933 3281 humanam
962 3227 1155 3283 faciem
1191 3229 1372 3294 habet,
1405 3231 1498 3286 sed
1537 3245 1734 3301 corpus

163 3313 402 3369 bestiale.
439 3313 529 3371 Sic
558 3316 612 3370 et
635 3318 862 3387 populus
894 3317 1200 3376 Iudaeorum
1248 3324 1587 3393 specietenus
1615 3326 1734 3381 cul-

163 3411 336 3456 turam
367 3403 460 3459 Dei
487 3405 795 3474 simulabat,
848 3411 941 3465 sed
979 3409 1148 3467 feroci
1197 3415 1379 3470 animo
1413 3431 1626 3487 semper
1658 3418 1732 3474 illi

159 3495 462 3550 contrarius
483 3496 769 3552 existebat.
801 3499 953 3566 Quod
979 3502 1116 3556 bene
1144 3519 1239 3573 per
1263 3504 1458 3560 Isaiam
1503 3509 1736 3564 ostendi-

163 3591 244 3638 tur
259 3599 384 3639 cum
407 3585 602 3642 dicitur
625 3607 639 3642 :
673 3607 690 3640 ι
714 3588 944 3660 Populus
975 3591 1064 3647 hic
1085 3592 1242 3650 labiis
1261 3611 1348 3650 me
1370 3598 1616 3665 honorat,
1639 3615 1736 3655 cor

160 3684 339 3732 autem
366 3693 552 3734 eorum
580 3680 736 3752 longe
755 3692 840 3738 est
866 3699 898 3738 a
922 3700 1009 3741 me
1039 3684 1174 3758 (Isa.
1209 3689 1382 3759 χιιι).
1419 3709 1438 3742 ι
1473 3690 1735 3749 Similiter

159 3782 348 3826 omnes
404 3772 699 3844 hypocrita:
750 3776 801 3830 in
852 3778 1026 3847 prima
1063 3779 1218 3846 facie,
1242 3784 1385 3853 quod
1421 3787 1730 3854 ostendunt,

159 3861 314 3929 quasi
342 3878 409 3917 ex
434 3865 644 3919 ratione
668 3858 966 3923 sanctitatis
990 3879 1096 3936 est,
1133 3873 1226 3927 sed
1254 3872 1476 3928 bestiale
1496 3883 1581 3930 est
1607 3891 1733 3930 cor-

157 3967 282 4020 pus,
312 3955 452 4024 quod
485 3957 744 4026 sequitur,
777 3961 903 4028 quia
931 3961 1084 4016 valde
1107 3962 1290 4032 iniqua
1322 3973 1448 4018 sunt
1484 3981 1606 4035 quae
1635 3969 1736 4022 sub

157 4041 282 4096 boni
316 4044 494 4112 specie
515 4047 827 4104 moliuntur.
856 4050 1088 4108 Possunt
1117 4062 1174 4108 et
1187 4054 1250 4107 in
1293 4055 1452 4109 lamia
1498 4057 1737 4114 haretici

155 4136 328 4206 accipi
355 4137 447 4206 qui
473 4139 761 4195 humanam
789 4143 1004 4212 quidem
1028 4143 1242 4213 faciem,
1268 4147 1359 4202 sed
1384 4147 1616 4204 helluina
1642 4165 1740 4220 per

156 4224 486 4296 impietatem
502 4230 666 4286 corda
692 4240 922 4302 gestant.
954 4234 1018 4288 Hi
1047 4243 1175 4292 tunc
1201 4253 1491 4294 mammam
1513 4242 1737 4310 nudant,

157 4317 374 4383 quando
395 4333 636 4373 errorem
665 4336 821 4376 suum
846 4322 1013 4379 libere
1048 4327 1362 4395 praedicant.
1409 4329 1560 4386 Tunc
1591 4339 1742 4388 catu-

156 4404 236 4459 los
262 4405 487 4473 lactant,
531 4412 747 4478 quando
773 4413 912 4467 male
937 4429 1196 4485 sequaces
1222 4420 1570 4488 parvulorum
1617 4425 1739 4478 ani-

1841 3250 1970 3296 runt
1999 3243 2220 3308 anobis,
2253 3244 2346 3298 sed
2390 3259 2495 3297 non
2526 3252 2681 3298 erant
2724 3259 2790 3298 ex
2840 3243 3013 3298 nobis.
3055 3263 3074 3296 ι
3111 3242 3328 3314 (6ης.)
3359 3243 3425 3297 Et

1839 3335 1994 3404 quasi
2023 3334 2256 3390 struthio
2278 3334 2601 3389 indurantur
2625 3335 2691 3390 ad
2717 3335 2856 3390 filios
2881 3349 3029 3400 suos,
3059 3349 3182 3389 cum
3209 3350 3315 3389 non
3337 3349 3425 3404 pa-

1839 3431 1996 3478 terno
2029 3421 2247 3489 affectu,
2281 3422 2374 3478 sed
2404 3423 2582 3479 alieno
2605 3425 2784 3478 animo
2805 3439 2899 3479 eos
2923 3425 3178 3480 educant.
3212 3423 3424 3478 Habent

1839 3529 1968 3586 ergo
1996 3528 2218 3569 veraces
2242 3514 2485 3585 magistri
2523 3529 2685 3584 super
2730 3513 3021 3584 discipulos
3051 3529 3180 3568 suos
3213 3513 3425 3568 timoris

1834 3608 2046 3662 viscera
2077 3621 2143 3661 ex
2168 3607 2368 3660 virtute
2396 3605 2711 3660 charitatis:
2741 3604 3035 3676 hypocrita:
3061 3611 3240 3658 autem
3276 3611 3424 3656 tanto

1835 3702 2016 3757 minus
2044 3699 2350 3755 commissis
2382 3698 2483 3753 sibi
2511 3707 2776 3762 metuunt,
2801 3699 3018 3768 quando
3048 3713 3147 3752 nec
3172 3697 3415 3751 sibimet-

1843 3791 2002 3861 ipsis,
2040 3787 2183 3860 quod
2232 3789 2422 3843 timere
2460 3788 2693 3842 debeant
2739 3787 3165 3856 deprehendunt,
3217 3794 3271 3840 et
3298 3788 3424 3855 quia

1850 3881 2130 3937 obduratis
2149 3879 2404 3936 cordibus
2415 3879 2623 3943 vivunt,
2653 3880 2796 3948 ipsos
2820 3878 2984 3932 etiam
3007 3893 3145 3946 quos
3168 3889 3428 3947 generant

1840 3970 1980 4026 ﬁlios
2017 3970 2165 4024 nulla
2210 3970 2409 4038 pietate
2457 3967 2625 4022 debiti
2670 3967 2870 4021 amoris
2899 3974 3217 4036 agnoscunt.
3251 3967 3424 4033 Quem

1841 4063 1986 4119 enim
2041 4060 2326 4115 charitatis
2357 4059 2530 4128 gratia
2569 4072 2677 4110 non
2723 4055 2994 4118 informat,
3027 4064 3086 4110 ut
3116 4056 3422 4126 proximum

1842 4167 2000 4208 suum
2029 4151 2242 4216 doceat,
2265 4149 2476 4204 etiamsi
2505 4147 2618 4217 ipse
2646 4147 2787 4200 hunc.
2809 4145 2920 4200 Deo
2946 4146 3131 4216 genuit
3166 4155 3220 4200 et
3243 4154 3425 4205 extra-

1842 4261 2006 4301 neum
2059 4243 2298 4313 respicit,
2328 4250 2387 4296 ut
2436 4240 2676 4311 profecto
2721 4247 2846 4294 sunt
2872 4253 3061 4293 omnes
3104 4239 3418 4309 hypocritm,

1841 4349 2072 4404 quorum
2115 4333 2365 4387 videlicet
2404 4339 2612 4386 mentes
2639 4331 2765 4384 dum
2793 4344 3006 4398 semper
3029 4330 3298 4383 exteriora
3329 4343 3423 4398 ap-

1841 4434 2053 4496 petunt,
2080 4439 2207 4494 erga
2249 4422 2497 4477 affectum
2524 4420 2755 4491 proximi
2782 4419 2925 4474 nulla
2952 4417 3234 4474 charitatis
3274 4431 3423 4471 com-
3492 4464 3494 4467 .

156 4511 291 4560 mas,
347 4497 473 4563 dum
524 4515 778 4570 perversa
821 4504 1116 4572 insinuant,
1157 4509 1224 4563 ad
1258 4511 1588 4581 impietatem
1636 4532 1739 4569 nu-
1765 4514 1819 4575 D
1843 4517 2095 4587 passione
2125 4515 2462 4570 mollescunt.
2484 4514 2528 4568 0
2559 4526 2719 4580 quam
2767 4510 2946 4566 mollia
2996 4511 3204 4566 viscera
3236 4521 3416 4582 gesta-

159 4587 371 4642 triendo
417 4589 763 4647 conﬁrmant.
831 4613 850 4646 I
909 4594 1045 4650 Filia
1090 4598 1268 4667 populi
1318 4601 1425 4656 mei
1481 4603 1734 4670 crudelis,

160 4695 177 4726 ι
212 4681 369 4748 quasi
394 4683 628 4737 struthio
655 4685 708 4738 in
739 4685 975 4741 deserto.
1015 4705 1034 4738 ι
1065 4687 1217 4744 Sicut
1259 4690 1312 4743 in
1347 4690 1529 4757 lamia,
1563 4693 1642 4748 sic
1682 4703 1739 4749 et

156 4769 206 4822 in
227 4772 533 4828 struthione
557 4782 613 4830 et
643 4775 788 4831 fictio
815 4777 1123 4834 immanitas
1149 4780 1502 4835 historialiter
1523 4781 1736 4838 Judaeu-

155 4877 301 4928 rum,
334 4873 390 4919 et
432 4867 725 4922 secundum
779 4870 1063 4940 mysticum
1111 4886 1330 4925 sensum
1373 4872 1644 4928 simulatio
1682 4882 1738 4928 et

155 4954 528 5012 inhumanitas
573 4958 978 5028 bypocritarum
1021 4961 1352 5032 designatur,
1400 4963 1496 5033 qui
1537 4963 1738 5032 ﬁngere

155 5047 340 5102 sciunt
367 5049 626 5105 virtutum
652 5067 838 5120 opera,
885 5068 990 5108 non
1032 5055 1300 5109 veraciter
1325 5070 1506 5125 agere.
1533 5055 1611 5111 De
1636 5057 1739 5112 hoc

157 5137 462 5191 struthione
490 5139 630 5194 inter
651 5141 755 5195 alia
783 5153 835 5197 et
857 5143 909 5197 iu
937 5143 1075 5199 libro
1095 5143 1196 5200 Job
1217 5145 1440 5214 legitur:
1461 5164 1481 5198 ‹
1518 5147 1739 5202 lndura-

160 5232 250 5278 tur
275 5228 342 5281 ad
374 5227 511 5284 ﬁlios
541 5246 688 5297 suos,
719 5235 872 5301 quasi
907 5250 1013 5290 non
1055 5236 1164 5290 sint
1183 5237 1263 5290 sui
1293 5235 1437 5307 (Job.
1469 5238 1682 5310 χχχιιι.)
1713 5258 1732 5290 ι

160 5315 385 5372 Frustra
417 5321 700 5388 laboravit,
729 5327 876 5381 nullo
902 5329 1094 5382 timore
1113 5336 1356 5400 cogente.
1379 5328 1631 5383 lndurata
1655 5339 1741 5384 est

159 5418 292 5473 ergo
307 5408 542 5465 crudelis
571 5427 840 5484 synagoga
880 5415 1186 5475 Judaaorum
1227 5427 1416 5472 contra
1466 5419 1737 5486 apostolos

159 5506 215 5551 et
255 5500 634 5568 praedicatores
670 5504 802 5560 Novi
834 5505 1184 5573 Testamenti,
1216 5508 1308 5578 qui
1352 5508 1417 5562 de
1447 5507 1560 5576 ipsa
1581 5517 1738 5578 gente

161 5592 271 5644 nati
309 5590 543 5660 fuerant,
586 5598 737 5665 quasi
771 5613 876 5652 non
906 5607 1088 5654 essent
1112 5600 1195 5654 sui
1215 5599 1334 5663 ﬁlii,
1374 5599 1498 5653 odio
1524 5613 1618 5652 eos
1644 5600 1739 5653 ha-

156 5679 316 5744 bens,
355 5693 408 5735 et
435 5693 692 5740 externos
719 5691 1002 5757 deputans,
1033 5689 1328 5744 crudeliter
1378 5688 1500 5743 illos
1541 5689 1738 5758 ubique

1842 4605 2173 4671 hatPaulus,
2193 4606 2407 4674 quando
2431 4604 2576 4659 circa
2601 4603 2740 4658 ﬁlios
2753 4616 2879 4657 suos
2903 4610 3054 4656 tanto
3065 4611 3198 4657 testu
3222 4605 3424 4659 amoris

1843 4695 2110 4760 inhiabat,
2142 4695 2328 4750 dicens
2364 4713 2379 4748 :
2417 4712 2438 4746 ι
2499 4694 2652 4748 Nunc
2679 4693 2916 4749 vivimus
2953 4693 2998 4749 si
3044 4708 3141 4750 vos
3185 4696 3341 4749 statis
3369 4698 3418 4750 in

1843 4785 2093 4850 Domino,
2145 4793 2200 4839 et
2245 4783 2398 4839 testis
2423 4793 2502 4839 est
2543 4783 2672 4837 mihi
2708 4784 2870 4847 Deus,
2909 4784 3177 4853 quomodo
3207 4786 3419 4855 cupiam

1843 4890 1940 4930 vos
1992 4890 2184 4930 omnes
2233 4874 2288 4928 in
2340 4873 2644 4927 visceribus
2691 4871 2818 4927 Jesu
2866 4873 3067 4928 Christi
3099 4870 3266 4944 (Phil.
3300 4873 3358 4944 I).
3398 4894 3415 4924 ι

1844 4965 2102 5020 Romanis
2120 4979 2333 5034 quoque
2361 4964 2436 5018 ait
2463 4983 2474 5017 :
2506 4983 2524 5015 ι
2555 4962 2732 5018 Testis
2755 4964 2885 5018 mihi
2904 4971 2987 5019 est
3008 4964 3168 5027 Deus,
3199 4965 3282 5018 cui
3306 4979 3420 5017 ser-

1843 5058 1930 5112 vio
1961 5057 2014 5110 in
2053 5056 2243 5125 spiritu
2274 5070 2394 5110 meo
2426 5055 2477 5108 iu
2510 5054 2799 5125 Evangelia
2824 5055 2942 5108 Filii
2972 5053 3107 5122 ejus,
3134 5054 3276 5122 quod
3299 5055 3420 5108 sine

1841 5147 2240 5204 intermissione
2263 5137 2579 5200 memoriam
2611 5145 2772 5200 vestri
2804 5144 2946 5199 facio
2974 5159 3186 5214 semper
3217 5145 3270 5198 in
3291 5160 3418 5200 ora-

1840 5240 2077 5295 tionibus
2121 5238 2277 5301 meis,
2329 5239 2622 5292 obsecrans
2658 5238 2701 5290 si
2748 5237 3016 5306 quomodo
3064 5237 3280 5291 tandem
3319 5237 3421 5290 ali-

1841 5331 2058 5398 quando
2086 5342 2404 5396 prosperum
2435 5329 2540 5382 iter
2567 5329 2793 5382 habeam
2817 5328 2871 5381 in
2899 5327 3172 5382 voluntate
3203 5328 3297 5382 Dei
3333 5343 3419 5383 ve-

1841 5418 2021 5472 niendi
2059 5419 2127 5472 ad
2161 5433 2256 5472 vos
2287 5436 2299 5471 :
2330 5419 2576 5473 desidero
2605 5419 2749 5474 enim
2771 5419 2954 5475 videre
2969 5434 3064 5474 vos
3099 5418 3356 5491 (Reum).
3393 5440 3414 5472 ι

1843 5511 2091 5580 Ephesiis
2115 5511 2312 5581 quippe
2333 5511 2410 5564 ait
2442 5528 2454 5563 :
2497 5528 2515 5560 ι
2551 5511 2681 5566 Peto
2710 5527 2778 5566 ne
2807 5511 3074 5566 deﬁciatis
3100 5513 3153 5566 in
3193 5511 3418 5566 tribula-

1844 5601 2080 5657 tionibus
2108 5601 2242 5654 meis
2270 5615 2367 5670 pro
2395 5601 2570 5666 vobis,
2600 5617 2718 5670 qua:
2736 5601 3003 5670 estgloria
3035 5611 3212 5656 vestra
3255 5601 3417 5672 (Eph.

1845 5698 1965 5764 III).
2002 5712 2019 5742 ι
2057 5691 2192 5744 Ecce
2222 5691 2273 5744 in
2301 5691 2646 5750 tribulatione
2670 5694 2875 5762 positus
2922 5694 3056 5748 alios
3105 5695 3422 5750 exliurtatur
