3998 6202
613 272 739 328 1251
1249 269 1311 325 Β.
1349 265 1602 324 RABANI
1636 264 1859 324 MAURI
1897 262 2187 320 ARCHIEP

2292 258 2568 318 IOGUNT.
2610 257 2897 336 ΟΡΕΒῊῌ
2928 257 3114 318 PARS
3147 257 3239 316 Ill.
3777 255 3902 311 BE!

604 387 726 442 etin
752 387 856 442 hoc
883 384 1028 456 quod
1054 383 1448 456 ipsesuStiuet,
1481 381 1616 436 alios
1642 380 1881 435 roborat.
1904 375 2020 432 Non
2036 377 2187 432 enim
2214 378 2260 439 Α
2293 373 2452 430 fortia
2473 380 2529 429 et
2549 373 2762 430 occulta
2785 387 3138 444 cognossem,
3169 371 3476 429 multorum
3505 369 3906 428 veronistoria

605 476 840 531 ﬁliorum
868 490 1093 531 suorum
1123 488 1274 528 more
1323 471 1688 526 strutliionum
1737 469 1916 524 fuerat
1966 468 2188 533 oblitus,
2295 471 2478 534 aperta
2519 464 2743 527 sentire;
2772 465 2977 522 idcirco
3004 462 3201 519 ludam
3236 464 3453 520 nobiles
3494 480 3615 522 non
3655 463 3780 525 siti.
3821 466 3902 519 aed

603 569 698 624 sed
733 566 1008 622 metuebat
1035 565 1197 620 nimis
1231 579 1300 620 ne
1328 562 1444 634 ejus
1476 561 1723 632 discipuli
1754 560 1807 616 in
1839 559 2193 632 prazdicatore
2294 550 2436 608 fame
2464 553 2714 610 interisse
2742 554 2958 621 asserit,
2985 553 3112 624 quia
3141 552 3196 608 hi
3223 553 3314 624 qui
3363 568 3614 623 pneesse
3642 551 3900 609 videban-

604 672 704 713 suo
735 665 815 712 tot
839 635 1278 728 persecutionum
1308 654 1504 726 probra
1519 663 1824 720 cernentes,
1853 652 2013 707 ﬁdem
2042 653 2100 706 in
2127 667 2192 708 eo
2297 657 2404 716 tur,
2429 649 2555 704 dum
2584 655 2725 703 totos
2748 659 2807 701 se
2828 645 2882 700 in
2913 645 3175 701 exteriori
3196 645 3586 728 intelligentia
3615 647 3896 717 dederant,

603 747 964 818 despicerent,
991 753 1179 800 contra
1206 760 1367 815 quem
1396 744 1693 798 innumerae
1723 742 2033 813 passionum
2063 758 2194 798 con-

607 837 839 892 tumeliae
863 835 1243 909 prmvalerent,
1291 845 1347 891 et
1398 834 1602 890 idcirco
1652 835 1833 890 minus
1871 834 2086 890 dolebat
2135 835 2189 889 in

605 929 908 994 tormentis,
941 928 1034 982 sed
1063 927 1237 998 magis
1282 926 1408 982 ﬁliis
1437 926 1504 981 de
1535 933 1928 981 tormentorum
1965 941 2190 984 suorum

604 1021 900 1074 tentatione
953 1019 1247 1073 metuebat.
1299 1017 1732 1088 Parvipende‘bat
1784 1017 1840 1072 in
1895 1033 1956 1073 se
2003 1018 2189 1090 plagas

603 1114 866 1183 corporis,
899 1115 1026 1167 dum
1046 1112 1360 1168 formidaret
1389 1112 1442 1165 in
1473 1111 1597 1167 ﬁliis
1631 1111 1820 1182 plagas
1839 1114 2038 1168 cordis.
2071 1113 2190 1184 Ipse

602 1207 855 1276 patiendo
876 1205 1206 1274 suscipiebat
1233 1204 1455 1258 vulnera
1482 1213 1906 1270 tormentorum;
1933 1206 2026 1260 sed
2051 1205 2191 1260 ﬁlios

604 1297 940 1358 consolando
1003 1296 1232 1358 curabat
1292 1294 1517 1349 vulnera
1581 1295 1844 1349 cordium.
1891 1294 2188 1350 Pensemus

601 1403 730 1457 ergo
767 1386 921 1455 cujus
978 1386 1262 1441 charitatis
1313 1384 1475 1441 fuerit
1510 1385 1654 1440 inter
1681 1385 1896 1444 dolores
1941 1387 2190 1456 proprios

603 1479 724 1533 aliis
758 1479 1025 1544 timuisse,
1047 1491 1338 1548 pensemus
1363 1475 1516 1544 cujus
1549 1476 1833 1531 charitatis
1860 1476 1930 1530 sit
1955 1475 2188 1537 ﬁliorum

602 1568 834 1623 salutem
875 1569 1016 1629 inter
1040 1583 1136 1626 sua
1168 1567 1497 1622 detrimenta
1535 1562 1834 1636 requirere,
1882 1575 1939 1622 et
1987 1574 2190 1624 statum

602 1661 802 1715 mentis
831 1659 883 1714 in
913 1659 1176 1728 proximis
1204 1658 1372 1713 etiam
1422 1665 1479 1712 et
1527 1673 1624 1714 sua
1676 1657 1976 1727 dejectione
2008 1668 2190 1715 custo-

2291 731 2436 813 quod
2480 741 2548 797 de
2577 739 2783 795 intimis
2833 736 3118 811 [minimis]
3147 726 3494 794 discutienda
3547 740 3894 810 mandarent,

2291 849 2400 890 non
2439 832 2730 889 habebant.

2364 925 2511 979 That.
2547 942 2566 976 ι
2605 922 2719 991 'Qui
2781 920 3139 978 vescebantur
3184 919 3509 992 voluptuose
3566 918 3891 979 interierunt

2296 1035 2315 1068 ι
2349 1015 2403 1070 in
2433 1014 2558 1080 viis;
2583 1014 2675 1085 qui
2706 1012 3088 1068 nutriebantur
3109 1010 3163 1064 in
3184 1010 3420 1077 croceis,
3443 1009 3758 1080 amplexati
3785 1026 3892 1067 sunt

2290 1115 2556 1160 stercora.
2591 1123 2611 1156 ι
2649 1102 2940 1174 (Μιυιιυε.)
2980 1099 3081 1168 Qui
3109 1108 3235 1155 sunt
3275 1098 3350 1154 illi
3399 1099 3498 1171 qui
3537 1103 3889 1157 vescebantur

2289 1193 2627 1264 voluptuose,
2651 1191 2755 1247 nisi
2788 1191 2887 1262 ipsi
2909 1189 3103 1256 Judaei,
3133 1191 3225 1260 qui
3256 1203 3479 1262 semper
3509 1193 3762 1247 terrenis
3783 1207 3887 1247 ωυ-

2290 1286 2638 1356 cupisceutiis
2675 1292 2730 1342 et
2772 1282 2953 1339 sarculi
3000 1281 3365 1351 voluptatibus
3391 1283 3576 1339 dediti
3620 1295 3813 1350 erant,
3841 1296 3887 1340 et

2291 1393 2393 1450 pro
2419 1378 2540 1434 cibo
2576 1385 2632 1432 et
2671 1385 2800 1446 potu
2842 1374 3039 1445 saepius
3061 1375 3506 1438 murmurabant,
3554 1373 3806 1432 dicentes
3830 1377 3885 1431 ad

2292 1468 2474 1524 Mosen
2523 1485 2537 1522 :
2587 1487 2606 1521 ι
2654 1467 2865 1524 Revera
2915 1464 3204 1520 induxistis
3243 1479 3344 1520 nos
3391 1464 3453 1520 in
3513 1472 3735 1521 terram
3783 1483 3886 1538 qua

2291 1563 2411 1620 fluit
2441 1563 2575 1620 rivis
2597 1561 2753 1617 lactis
2780 1567 2835 1616 et
2859 1557 3056 1624 mellis,
3095 1567 3151 1613 et
3177 1557 3374 1613 dedisti
3401 1559 3576 1614 nobis
3616 1561 3889 1630 possessio

2291 1672 2390 1713 nes
2439 1670 2696 1728 agrorum
2749 1661 2806 1709 et
2834 1652 3117 1708 vinearum
3147 1647 3341 1723 (Num.
3372 1650 3520 1724 xvr).
3561 1669 3583 1702 ι
3621 1651 3692 1705 Et
3719 1652 3841 1707 item
3873 1671 3884 1703 :

603 1750 740 1808 dire.
773 1750 880 1810 Sed
907 1751 1024 1804 haec
1050 1749 1347 1820 hypocrita:
1374 1747 1658 1808 charitatis
1680 1748 1888 1810 viscera
1918 1748 2188 1814 nesciunt,
2219 1757 2264 1816 Β
2299 1764 2317 1796 ι
2351 1746 2484 1814 Quis
2501 1744 2671 1809 dabit,
2703 1760 2722 1795 ι
2757 1741 2952 1812 inquit,
2982 1759 3000 1792 ι
3029 1741 3186 1796 nobis
3212 1742 3280 1795 ad
3309 1741 3664 1796 vescendum
3679 1745 3886 1798 carnes?

601 1842 729 1910 quia
771 1855 958 1901 eorum
1011 1854 1165 1900 mens
1213 1846 1417 1908 quanto
1461 1852 1558 1906 per
1589 1837 1775 1894 mundi
1801 1837 2188 1906 concupiscen-

2287 1835 2659 1891 Recordamur
2689 1832 2920 1904 piscium
2966 1846 3105 1902 quos
3127 1831 3563 1887 comedebamus
3583 1832 3649 1886 in
3672 1832 3887 1904 Egypt.)

602 1933 735 1988 tiam
769 1931 826 1987 in
856 1931 1131 1991 exteriora
1161 1929 1472 1994 resolvi-tur,
1522 1937 1672 1990 tanto
1715 1944 1815 2000 per
1847 1928 2186 1988 affectionem
2290 1927 2474 1997 gratis,
2503 1926 2559 1981 in
2594 1931 2827 1981 mentem
2857 1923 3011 1978 nobis
3040 1923 3263 1978 veniunt
3294 1937 3642 1992 cucumeres
3661 1935 3716 1980 et
3747 1939 3887 1996 pem-

601 2040 754 2082 suam
779 2023 1014 2084 interius
1045 2021 1365 2085 obduratur,
1393 2028 1452 2082 et
1481 2035 1714 2091 corpore
1743 2019 2040 2075 insensibili
2088 2018 2187 2082 fni-
2289 2032 2413 2082 nes,
2437 2015 2670 2088 porrigas
2691 2023 2745 2072 et
2767 2029 2912 2084 cepa:
2933 2022 2988 2070 et
3007 2013 3153 2069 allia.
3175 2013 3376 2069 Anima
3395 2024 3607 2071 nostra
3629 2017 3783 2072 arida
3801 2028 3884 2072 est.

598 2116 771 2189 gescit
810 2115 1156 2178 intrinsecus,
1194 2112 1321 2183 quia
1361 2124 1548 2172 amore
1593 2110 1890 2171 damnabili
1924 2109 2192 2166 mollescit

598 2207 754 2272 foris,
778 2219 944 2274 seque
960 2208 1133 2274 ipsam
1167 2201 1516 2265 considerare
1541 2216 1650 2262 neu
1680 2200 1843 2268 valet,
1883 2201 2008 2271 quia
2038 2200 2191 2272 cogi-

601 2310 720 2354 tare
761 2313 819 2354 se
851 2297 1072 2353 minime
1099 2294 1297 2360 studet,
1326 2293 1566 2366 cogitare
1594 2307 1724 2352 vero
1752 2308 1810 2349 se
1837 2308 1946 2352 non
1987 2302 2187 2365 potest.

599 2390 726 2461 quia
763 2397 875 2448 tota
907 2388 1050 2459 apud
1077 2386 1432 2455 semetipsam
1461 2399 1569 2446 non
1597 2392 1698 2444 est.
1745 2383 1881 2444 Tota
1908 2399 2040 2440 vero
2067 2398 2191 2449 esse

599 2482 741 2552 apud
769 2480 1118 2549 semetipsam
1140 2493 1247 2542 non
1282 2476 1499 2543 sufﬁcit,
1531 2476 1657 2546 quia
1688 2490 1783 2546 per
1809 2485 1942 2546 quot
1990 2489 2193 2541 concu-

610 2572 906 2642 piscentias
935 2569 1164 2641 rapitur,
1182 2584 1280 2640 per
1304 2578 1383 2624 tot
1410 2584 1439 2624 a
1468 2568 1756 2638 semetipsa
1785 2569 1994 2638 species
2025 2567 2187 2629 dissi-

609 2671 1062 2735 patur,etsparsa
1088 2661 1142 2715 in
1158 2661 1361 2716 inﬁmis
1375 2661 1542 2731 jacet,
1569 2675 1688 2730 quae
1711 2660 1933 2730 collecta
1961 2661 2006 2716 si
2036 2661 2194 2717 vellet

612 2755 682 2810 ad
707 2769 920 2816 summa
951 2760 1322 2825 consurgeret.
1355 2752 1508 2814 Unde
1528 2751 1802 2822 iustorum
1843 2767 2018 2820 mens,
2063 2754 2191 2824 quia

604 2861 704 2915 per
743 2845 1047 2902 custodiam
1095 2845 1393 2915 disciplinae
1437 2861 1469 2900 a
1510 2852 1830 2902 cunctorum
1895 2845 2188 2904 visibilium

600 2936 746 2992 fluxu
761 2937 1002 3008 appetitu
1027 2935 1405 3008 confringitur,
1425 2934 1648 2992 collecta
1670 2935 1811 3006 apud
1840 2935 2189 3006 semetipsam

602 3029 934 3088 intrinsecus
978 3029 1300 3102 integretur,
1345 3026 1628 3098 qualisque
1677 3027 1790 3083 Deo
1832 3026 1917 3083 vel
1940 3027 2187 3097 proximo

2295 2106 2427 2166 nihil
2462 2105 2607 2162 aliud
2634 2105 2930 2177 respitiunt
2968 2104 3110 2160 oculi
3161 2105 3336 2162 nostri
3383 2105 3504 2161 nisi
3536 2122 3678 2172 man
3716 2107 3883 2177 (εἴη.

2295 2195 2400 2268 x1.)
2429 2215 2449 2249 ι
2477 2215 2495 2248 ι
2530 2196 2634 2269 lpsi
2657 2195 2984 2251 interierunt
3010 2196 3065 2250 in
3092 2195 3215 2262 viis,
3251 2215 3272 2249 ι
3300 2196 3435 2268 quia
3465 2198 3527 2254 in
3554 2197 3681 2254 lata
3703 2211 3762 2256 et
3786 2215 3884 2269 spa-

2295 2289 2432 2344 tiosa
2462 2287 2571 2354 via,
2602 2303 2723 2358 quae
2762 2287 2912 2343 ducit
2954 2287 3022 2342 ad
3048 2296 3304 2352 mortem,
3341 2290 3725 2358 exterminari
3761 2301 3882 2353 sunt.

2298 2396 2318 2429 ‹
2345 2377 2415 2433 Et
2463 2377 2557 2448 qui
2610 2377 2994 2434 nutricbantur
3021 2376 3076 2433 in
3115 2377 3346 2444 croceis,
3401 2379 3733 2450 amplexati
3780 2395 3884 2438 mi

2293 2478 2560 2537 stercora,
2597 2489 2616 2523 ι
2648 2483 2772 2526 cum
2800 2484 3000 2525 vanam
3027 2469 3184 2526 istius
3210 2470 3397 2526 mundi
3428 2486 3718 2544 pompam
3751 2489 3882 2544 appe-

2292 2570 2492 2628 tentes,
2532 2569 2588 2617 et
2637 2559 2959 2618 historicam
3005 2560 3352 2630 traditionem
3394 2559 3544 2633 legis
3586 2575 3882 2634 sequentes.

2291 2651 2594 2724 spiritalem
2647 2649 3058 2720 intelligentiam
3093 2651 3448 2721 spernebant,
3488 2652 3550 2706 in
3595 2652 3729 2724 ipso
3752 2662 3882 2710 ext;~

2297 2743 2442 2798 riore
2469 2740 2665 2797 fmtore
2692 2739 3121 2814 squalescehant.
3154 2740 3306 2810 Quod
3335 2740 3490 2796 enim
3526 2753 3703 2810 vetus
3723 2745 3884 2800 olea-

2297 2831 2486 2886 vantia
2509 2831 2960 2886 caeremoniarum
2986 2830 3126 2902 legis
3149 2831 3493 2887 stercoribus
3525 2846 3882 2906 comparatu,

2290 2925 2528 2982 Ostendit
2551 2924 2752 2981 Paulus
2775 2923 2964 2980 dicens
2996 2941 3011 2978 :
3041 2943 3060 2977 ι
3089 2922 3220 2992 Qum
3243 2936 3376 2996 ergo
3400 2924 3547 2980 mihi
3571 2924 3802 2982 fucum
3819 2926 3881 2980 ln-

2285 3030 2407 3086 .cra,
2447 3023 2670 3086 propter
2717 3014 2992 3070 Christum
3045 3014 3338 3070 arbitratus
3383 3030 3519 3070 sum
3554 3025 3624 3071 ut
3656 3025 3878 3073 stamen

596 3135 720 3176 esse
745 3120 938 3178 debeat
978 3099 1136 3188 plene
1175 3133 1234 3175 se
1269 3117 1558 3190 conspicit,
1588 3117 1717 3188 quia
1743 3117 1879 3174 nihil
1907 3132 2066 3184 suum
2089 3133 2181 3174 ex-

2292 3104 2456 3180 (Plitl.
2475 3104 2979 3177 tu).t'l'ropologice
2989 3119 3119 3161 vero
3133 3104 3444 3176 quicunque
3465 3109 3778 3165 avaritiam
3797 3119 3879 3164 trr-

597 3209 770 3266 terius
795 3208 1140 3278 derelinquit,
1171 3217 1227 3264 et
1254 3218 1458 3279 quanto
1489 3209 1559 3264 ah
1582 3209 1948 3269 exterioribus
1973 3209 2186 3268 abstra-

2292 3214 2498 3264 renam,
2523 3207 2580 3254 et
2635 3197 2868 3256 delicias
2910 3197 3247 3270 voluptatum
3283 3207 3534 3266 secutus,
3565 3201 3723 3257 viam
3745 3203 3877 3258 istius

595 3307 684 3364 cta
715 3297 1066 3366 conspicitur,
1099 3305 1251 3354 tanto
1280 3307 1437 3354 aucta
1459 3300 1516 3354 in
1541 3299 1748 3362 intimis
1789 3299 2180 3375 inﬂammatur,

597 3395 652 3442 et
679 3402 786 3456 quo
815 3388 987 3460 magis
1015 3389 1194 3456 ardet,
1225 3403 1291 3448 eo
1318 3391 1387 3446 ad
1425 3390 1876 3460 deprehendenda
1902 3391 2037 3448 vitia
2071 3407 2188 3448 am-

599 3477 740 3548 plius
767 3476 932 3533 lucet.

671 3567 881 3632 Daletlt.
903 3585 920 3619 ‹
942 3567 1183 3624 Adhaesit
1204 3569 1384 3642 lingua
1414 3570 1667 3630 laetantis
1693 3572 1762 3629 ad
1784 3572 2043 3645 palatium
2071 3574 2189 3646 ejus

603 3677 621 3710 ι
657 3658 711 3712 in
745 3661 858 3726 siti,
899 3662 1108 3729 parvuli
1140 3663 1417 3732 petierunt
1444 3665 1682 3736 'panem,
1711 3673 1768 3722 et
1792 3681 1900 3724 non
1936 3677 2058 3725 erat
2093 3670 2186 3741 qui

602 3765 621 3798 ι
665 3746 944 3820 frangeret
965 3750 1066 3806 eis.
1103 3769 1123 3802 ι
1158 3751 1273 3808 Hoc
1321 3762 1447 3810 nota
1477 3755 1636 3826 juxta
1685 3755 1993 3825 historiam,
2041 3761 2188 3830 quod

597 3838 862 3896 lactantes
890 3849 1056 3912 atque
1084 3844 1296 3912 parvuli
1335 3844 1569 3906 infantes
1593 3845 1904 3906 Iudaeorum
1940 3851 2185 3907 destituti

605 3935 841 3982 matrum
879 3938 1042 3998 atque
1064 3931 1332 3988 nutricum
1367 3932 1576 3999 solatio,
1611 3932 1755 3991 fame
1779 3943 1834 3992 et
1856 3936 1946 3994 siti
1975 3936 2189 3997 labora-

599 4019 805 4083 verint;
831 4019 988 4090 juxta
1015 4021 1330 4090 allegoriam
1358 4038 1486 4081 vero
1520 4025 1809 4097 signiﬁcat,
1837 4031 1981 4098 quod
2017 4028 2073 4084 hi
2090 4029 2187 4101 qui

603 4107 807 4164 inﬁrmi
845 4111 1020 4166 adhuc
1071 4121 1196 4168 sunt
1247 4114 1546 4182 intellectu,
1591 4125 1647 4172 et
1691 4117 1873 4174 minus
1919 4119 2080 4176 validi
2116 4121 2187 4178 ad

599 4199 1010 4269 percipiendum
1034 4200 1317 4259 iuniorem
1342 4205 1544 4272 cibum,
1572 4207 1822 4276 qualibus
1859 4209 1935 4264 ait
1957 4209 2188 4281 Aposto-

596 4286 681 4344 lus
707 4289 755 4362 (l
777 4288 900 4346 Cor.
934 4292 1095 4364 "1)::
1131 4293 1241 4349 Lac
1265 4296 1417 4352 vobis
1443 4297 1566 4353 dedi
1588 4308 1776 4369 potum
1818 4316 1928 4356 non
1979 4315 2183 4372 escam,

595 4381 838 4436 nondum
875 4383 1022 4438 enim
1065 4387 1346 4455 poteratis,
1379 4389 1474 4445 sed
1502 4404 1604 4446 nec
1627 4391 1806 4450 adhuc
1835 4393 2066 4464 quidem
2090 4410 2187 4466 po-

599 4471 779 4537 testis,
817 4491 835 4523 »
869 4472 1076 4546 (Greg.)
1106 4485 1330 4548 propter
1354 4479 1608 4536 inertiam
1634 4492 1690 4537 et
1716 4482 1978 4540 desidiam
1993 4486 2185 4543 docto-

598 4578 741 4628 rum,
771 4564 1035 4634 spiritalis
1057 4567 1422 4638 intelligentize
1455 4582 1647 4628 carent
1673 4573 1952 4632 alimento.
1998 4595 2017 4628 ι
2053 4577 2185 4632 Par-

599 4653 727 4721 vuli,
759 4674 778 4707 ι
821 4657 1015 4728 inquit,
1055 4678 1073 4711 ι
1115 4662 1389 4730 petierunt
1426 4679 1642 4735 panem,
1685 4675 1742 4722 et
1787 4683 1897 4724 non
1921 4677 2040 4724 erat
2090 4670 2184 4741 qui

599 4744 875 4818 frangeret
903 4750 1004 4815 eis,
1041 4771 1062 4804 ι
1098 4753 1154 4808 id
1179 4763 1285 4820 est,
1309 4755 1511 4812 inﬁrmi
1538 4759 1740 4828 quique
1763 4759 2060 4832 Scriptum
2091 4777 2185 4817 sa-

597 4852 707 4894 crae
737 4838 992 4897 fortiores
1035 4845 1337 4899 sententias
1395 4846 1671 4914 petierunt
1713 4849 1815 4904 sibi
1862 4853 2183 4921 exponendo

597 4933 916 5000 comminui,
945 4935 1041 4993 sed
1064 4936 1155 5006 qui
1178 4952 1453 5008 exponere
1476 4939 1692 4996 studeat
1719 4955 1825 4996 non
1865 4943 2009 4997 valet
2037 4947 2185 4997 Inve-

599 5027 726 5083 niri.
761 5026 951 5083 Potum
982 5028 1134 5096 vidit,
1175 5028 1510 5100 Scripturam
1541 5045 1749 5086 sacram
1775 5033 2036 5102 propheta
2062 5048 2183 5088 cum

601 5120 806 5176 diceret
839 5138 852 5174 :
885 5139 903 5171 ι
943 5119 1144 5176 Omnes
1191 5121 1461 5188 sitientes,
1498 5122 1680 5178 venite
1729 5125 1798 5179 ad
1848 5139 2016 5193 aquas
2048 5123 2183 5195 (lsa.

601 5212 712 5284 LV).
751 5231 771 5266 ι
805 5212 863 5267 Si
892 5221 1051 5283 potus
1102 5213 1276 5284 aperti
1328 5215 1529 5270 mundo
1580 5229 1686 5270 non
1731 5224 1934 5280 essent,
1977 5230 2075 5284 per
2103 5231 2190 5270 se-

603 5303 887 5372 metipsnm
923 5304 1132 5361 Veritas
1159 5322 1267 5361 non
1288 5305 1552 5361 clamaret
1581 5326 1593 5362 :
1627 5327 1644 5359 ι
1680 5307 1739 5362 Si
1765 5308 1886 5378 quis
1917 5308 2054 5373 sitit,
2092 5322 2184 5363 ve-

605 5393 718 5448 niat
738 5393 806 5448 ad
833 5408 917 5448 me
937 5403 992 5450 et
1023 5395 1172 5450 bibat
1189 5395 1499 5469 (Joan.vu).
1533 5418 1551 5449 ι
1583 5396 1747 5464 Quasi
1770 5398 1950 5452 cibum
1997 5405 2052 5452 et
2081 5410 2182 5468 po-

606 5490 721 5536 tum
741 5495 866 5538 esse
892 5483 1162 5540 intellexit
1189 5487 1446 5555 propheta
1473 5487 1671 5543 ludicre
1696 5487 1932 5544 defuisse
1956 5503 2079 5543 cum
2107 5488 2187 5543 di-

607 5583 755 5631 ceret
792 5594 805 5630 :
837 5595 855 5628 ι
885 5575 1101 5634 Nobiles
1119 5578 1238 5648 ejus
1267 5579 1587 5635 interierunt
1616 5580 1780 5648 fame,
1820 5590 1873 5638 et
1900 5580 2186 5636 multitudo

601 5669 720 5736 ejus
767 5669 857 5724 siti
897 5673 1106 5724 exaruit
1148 5671 1282 5729 Usa.
1337 5674 1415 5742 v).
1457 5693 1474 5725 ι
1516 5674 1815 5729 Paucorum
1863 5674 2062 5744 quippe
2102 5683 2188 5728 est

2210 4440 2264 4502 D

2285 3291 2412 3348 vita:
2456 3290 2797 3360 incorrectus
2838 3289 3160 3361 expleverit,
3208 3305 3316 3354 non
3364 3291 3434 3346 ad
3491 3301 3731 3350 eterna
3772 3298 3876 3349 vita

2285 3380 2506 3456 gaudia,
2565 3381 2668 3438 sed
2707 3379 2776 3436 ad
2818 3378 3122 3436 fmditatem
3171 3393 3461 3452 pinnarum
3525 3395 3876 3454 perventuros

2282 3472 2412 3535 erit.

2368 3561 2504 3630 γεω.
2538 3581 2561 3620 .c
2587 3563 2655 3621 Et
2674 3561 2848 3634 major
2893 3561 3087 3621 eﬁ‘ecta
3132 3573 3218 3622 est
3251 3563 3524 3636 iniquitas
3547 3569 3741 3639 populi
3787 3569 3875 3625 mei

2292 3674 2314 3709 ι
2347 3662 2572 3726 peccato
2613 3653 3002 3723 Sodomorum,
3041 3671 3166 3727 qua:
3218 3655 3482 3712 subversa
3541 3667 3634 3716 est
3686 3661 3743 3716 in
3785 3676 3872 3714 uno

2289 3764 2312 3810 β
2335 3754 2631 3812 Nomento,
2666 3754 2723 3804 et
2753 3761 2862 3812 non
2897 3755 3160 3818 ceperunt
3193 3746 3250 3802 in
3285 3761 3350 3803 ea
3394 3763 3621 3804 manus.
3656 3770 3679 3804 ι
3722 3750 3872 3820 Haon

2289 3851 2420 3908 ergo
2481 3835 2672 3892 effecta
2724 3845 2817 3895 est
2842 3836 3104 3908 iniquitas
3153 3837 3338 3908 populi
3381 3836 3711 3896 lumeomm
3759 3858 3871 3914 per.

2288 3939 2411 3984 cato
2485 3925 2882 3994 Sodomorum,
2943 3928 3071 3999 quia
3129 3927 3208 3993 illi
3265 3931 3652 3986 tantummodo
3718 3932 3868 4004 legem

2288 4018 2613 4087 naturalem,
2655 4020 2746 4078 isti
2787 4029 2973 4075 autem
3037 4027 3094 4076 et
3146 4020 3450 4076 naturalem
3510 4031 3572 4078 et
3620 4026 3868 4095 scriptam

2287 4111 2616 4183 transgressi
2661 4120 2813 4178 sunt,
2862 4111 3110 4168 videntes
3161 4113 3434 4169 mirabilia
3489 4115 3618 4182 Dei,
3657 4127 3720 4173 et
3769 4121 3871 4176 cibo

2286 4201 2495 4258 caelesti
2545 4203 2705 4272 pasti,
2761 4202 2959 4274 ingrati
3012 4217 3230 4273 semper
3281 4202 3399 4272 ejus
3439 4205 3739 4265 beneﬁciis
3793 4226 3870 4264 ex-

2285 4292 2564 4348 stiterunt.
2612 4291 2766 4349 Unde
2790 4301 2847 4349 et
2889 4294 3140 4364 doctores
3176 4308 3364 4350 eorum
3389 4309 3502 4351 non
3532 4307 3802 4368 ceperunt
3826 4303 3870 4354 in

2286 4386 2368 4441 eis
2392 4400 2585 4444 manus
2612 4403 2626 4439 :
2657 4386 2751 4457 qui
2777 4386 3073 4457 condignas
3093 4386 3299 4443 laboris
3325 4387 3408 4443 sui
3434 4389 3489 4445 in
3513 4389 3656 4461 ipsis
3679 4408 3785 4448 non
3805 4395 3868 4447 in»

2287 4485 2552 4534 venerunt
2597 4476 2824 4533 fructus.
2885 4477 3025 4533 Nam
3077 4479 3251 4550 ipsum
3309 4479 3688 4552 legislatorem
3731 4501 3866 4539 sum

2287 4565 2472 4624 Mosen
2502 4566 2750 4638 plurimis
2781 4568 3033 4624 convitiis
3071 4568 3454 4637 irritaverant,
3495 4581 3554 4626 et
3588 4577 3868 4645 prophetas

2285 4659 2383 4716 Dei
2409 4659 2476 4716 ad
2501 4674 2562 4716 se
2588 4659 2784 4715 missos
2811 4661 3084 4730 persecuti
3113 4669 3280 4716 sunt:
3309 4663 3612 4721 novissime
3643 4682 3776 4724 rem
3801 4669 3866 4738 ip-

2283 4767 2403 4809 sum
2429 4749 2721 4817 heredem,
2753 4751 2857 4806 hoc
2879 4760 2982 4815 est,
3009 4751 3343 4823 unigenitum
3374 4753 3578 4810 Filium
3607 4756 3789 4814 Patr-’5
3813 4760 3864 4813 ad

2283 4857 2344 4898 se
2371 4842 2682 4898 venientem
2721 4850 2781 4896 ut
2804 4857 2898 4898 eos
2926 4841 3164 4898 salvaret
3199 4853 3254 4897 et
3305 4845 3374 4899 ab
3422 4858 3623 4901 errore
3644 4850 3865 4920 corrige-

2286 4941 2392 5000 ret,
2423 4933 2770 5004 spernebant,
2812 4942 2870 4991 et
2909 4935 3139 4991 diversis
3181 4935 3468 4992 calumniis
3503 4937 3864 5010 insequentis.

2285 5027 2356 5082 ad
2384 5036 2690 5084 extremum
2716 5043 2815 5098 per
2833 5029 3090 5084 invidiam
3119 5029 3456 5085 occiderunt.
3497 5031 3758 5099 Qualiter
3784 5051 3864 5090 au-

2288 5127 2396 5174 tem
2429 5118 2689 5190 iniquitas
2715 5118 3025 5175 Iudaeorum
3062 5121 3237 5192 major
3261 5121 3333 5176 sit
3356 5130 3590 5192 peccato
3621 5123 3866 5181 Sodomo-

2290 5225 2432 5276 rum,
2479 5210 2718 5265 ostendit
2739 5210 3094 5281 Evangelium
3140 5212 3233 5266 ubi
3271 5212 3347 5268 ita
3387 5213 3594 5284 legitur
3625 5234 3639 5268 :
3671 5236 3692 5268 α
3731 5216 3865 5271 Tunc

2289 5303 2453 5372 cmpit
2479 5301 2638 5358 Jesus
2658 5304 2992 5373 exprobrare
3027 5305 3362 5372 civitatibus,
3387 5308 3442 5361 in
3473 5310 3678 5378 quibus
3727 5310 3865 5365 facta

2290 5404 2416 5449 sunt
2439 5395 2684 5464 plurima:
2707 5395 2934 5450 virtutes
2959 5396 3098 5466 ejus,
3130 5398 3256 5466 quia
3288 5413 3396 5452 non
3437 5401 3682 5472 egissent
3710 5403 3865 5471 preru-

2293 5485 2548 5540 tentiam:
2581 5485 2702 5542 «Vm
2729 5484 3252 5551 tibi,Corozaim,v:e
3279 5488 3395 5552 tibi,
3413 5489 3728 5552 Bethsaida.
3756 5493 3864 5561 quia

2291 5577 2338 5632 si
2364 5578 2416 5631 in
2447 5575 2589 5647 Tyro
2617 5586 2674 5632 et
2693 5575 2896 5633 Sidone
2924 5577 3080 5633 facta!
3115 5577 3346 5634 fuissent
3368 5580 3618 5651 ‘virtutes
3647 5598 3770 5651 qua:
3800 5579 3865 5634 fa-

2292 5678 2393 5723 cta:
2421 5678 2546 5722 sunt
2587 5668 2640 5724 in
2671 5670 2844 5738 vobis,
2891 5670 3019 5725 olim
3047 5671 3102 5726 in
3125 5669 3303 5726 cilicio
3326 5680 3381 5726 et
3412 5673 3599 5726 cinere
3619 5674 3866 5742 pceniteu-
