  <div class='ocr_page' id='page_1' title='image "/cluster/home/n/w/nwhite01/storage/ocr_20150623/111/hvd.32044054759766/630.png"; bbox 0 0 3998 6202; ppageno 0'>
   <div class='ocr_carea' id='block_1_1' title="bbox 278 296 3542 374">
    <p class='ocr_par' dir='ltr' id='par_1_1' title="bbox 278 296 3542 374">
     <span class='ocr_line' id='line_1_1' title="bbox 278 296 3542 374; baseline 0.001 -19"><span class='ocrx_word' id='word_1_1' title='bbox 278 299 412 356; x_wconf 72' lang='lat'><strong>1255</strong></span> <span class='ocrx_word' id='word_1_2' title='bbox 1187 296 1557 357; x_wconf 70' lang='lat' dir='ltr'><strong>uxrosmo</strong></span> <span class='ocrx_word' id='word_1_3' title='bbox 1597 299 1823 358; x_wconf 77' lang='lat' dir='ltr'><strong>suntm</strong></span> <span class='ocrx_word' id='word_1_4' title='bbox 1860 299 2228 358; x_wconf 64' lang='lat' dir='ltr'><strong>JEltEillAM.</strong></span> <span class='ocrx_word' id='word_1_5' title='bbox 2268 334 2336 344; x_wconf 91' lang='lat'><strong>—</strong></span> <span class='ocrx_word' id='word_1_6' title='bbox 2375 304 2504 364; x_wconf 80' lang='lat' dir='ltr'><strong>LIB.</strong></span> <span class='ocrx_word' id='word_1_7' title='bbox 2543 305 2659 367; x_wconf 81' lang='lat' dir='ltr'><strong>xx.</strong></span> <span class='ocrx_word' id='word_1_8' title='bbox 3403 317 3542 374; x_wconf 61' lang='grc' dir='ltr'><strong>ηεςι</strong></span> 
     </span>
    </p>
   </div>
   <div class='ocr_carea' id='block_1_2' title="bbox 272 412 3544 494">
    <p class='ocr_par' dir='ltr' id='par_1_2' title="bbox 272 412 3544 494">
     <span class='ocr_line' id='line_1_2' title="bbox 272 412 3544 494; baseline 0.005 -23"><span class='ocrx_word' id='word_1_9' title='bbox 272 417 402 471; x_wconf 86' lang='lat' dir='ltr'><strong>tiam</strong></span> <span class='ocrx_word' id='word_1_10' title='bbox 421 413 681 485; x_wconf 83' lang='lat' dir='ltr'><strong>egissent.</strong></span> <span class='ocrx_word' id='word_1_11' title='bbox 701 412 1090 470; x_wconf 64' lang='lat' dir='ltr'><strong>Verumtamen</strong></span> <span class='ocrx_word' id='word_1_12' title='bbox 1117 412 1240 468; x_wconf 85' lang='lat' dir='ltr'><strong>dico</strong></span> <span class='ocrx_word' id='word_1_13' title='bbox 1267 415 1422 469; x_wconf 84' lang='lat' dir='ltr'><strong>vobis</strong></span> <span class='ocrx_word' id='word_1_14' title='bbox 1459 432 1473 468; x_wconf 88' lang='lat'><strong>:</strong></span> <span class='ocrx_word' id='word_1_15' title='bbox 1500 414 1644 485; x_wconf 87' lang='lat' dir='ltr'><strong>Tyro</strong></span> <span class='ocrx_word' id='word_1_16' title='bbox 1681 422 1737 468; x_wconf 91' lang='lat' dir='ltr'><strong>et</strong></span> <span class='ocrx_word' id='word_1_17' title='bbox 1766 412 1848 468; x_wconf 86' lang='lat' dir='ltr'><strong>Si-</strong></span> <span class='ocrx_word' id='word_1_18' title='bbox 1878 421 1927 480; x_wconf 71' lang='grc' dir='ltr'><strong>Α</strong></span> <span class='ocrx_word' id='word_1_19' title='bbox 1955 428 2086 469; x_wconf 76' lang='lat' dir='ltr'><strong>vero</strong></span> <span class='ocrx_word' id='word_1_20' title='bbox 2114 423 2197 470; x_wconf 90' lang='lat' dir='ltr'><strong>est</strong></span> <span class='ocrx_word' id='word_1_21' title='bbox 2229 415 2479 481; x_wconf 69' lang='lat' dir='ltr'><strong>humanae</strong></span> <span class='ocrx_word' id='word_1_22' title='bbox 2506 419 2670 485; x_wconf 81' lang='lat' dir='ltr'><strong>menti</strong></span> <span class='ocrx_word' id='word_1_23' title='bbox 2720 421 3004 492; x_wconf 79' lang='lat' dir='ltr'><strong>angustius</strong></span> <span class='ocrx_word' id='word_1_24' title='bbox 3051 437 3213 494; x_wconf 85' lang='lat' dir='ltr'><strong>quam</strong></span> <span class='ocrx_word' id='word_1_25' title='bbox 3242 426 3544 490; x_wconf 85' lang='lat' dir='ltr'><strong>voluntates</strong></span> 
     </span>
    </p>
   </div>
   <div class='ocr_carea' id='block_1_3' title="bbox 269 504 3540 580">
    <p class='ocr_par' dir='ltr' id='par_1_3' title="bbox 269 504 3540 580">
     <span class='ocr_line' id='line_1_3' title="bbox 269 504 3540 580; baseline 0 -17"><span class='ocrx_word' id='word_1_26' title='bbox 269 508 395 564; x_wconf 89' lang='lat' dir='ltr'><strong>doni</strong></span> <span class='ocrx_word' id='word_1_27' title='bbox 427 506 710 562; x_wconf 84' lang='lat' dir='ltr'><strong>remissius</strong></span> <span class='ocrx_word' id='word_1_28' title='bbox 736 504 842 560; x_wconf 89' lang='lat' dir='ltr'><strong>erit</strong></span> <span class='ocrx_word' id='word_1_29' title='bbox 869 506 922 559; x_wconf 90' lang='lat' dir='ltr'><strong>in</strong></span> <span class='ocrx_word' id='word_1_30' title='bbox 955 505 1042 560; x_wconf 90' lang='lat' dir='ltr'><strong>die</strong></span> <span class='ocrx_word' id='word_1_31' title='bbox 1060 505 1250 575; x_wconf 91' lang='lat' dir='ltr'><strong>iudicii</strong></span> <span class='ocrx_word' id='word_1_32' title='bbox 1272 522 1436 576; x_wconf 81' lang='lat' dir='ltr'><strong>quam</strong></span> <span class='ocrx_word' id='word_1_33' title='bbox 1463 506 1638 561; x_wconf 85' lang='lat' dir='ltr'><strong>vobis.</strong></span> <span class='ocrx_word' id='word_1_34' title='bbox 1667 505 1734 560; x_wconf 88' lang='lat' dir='ltr'><strong>Et</strong></span> <span class='ocrx_word' id='word_1_35' title='bbox 1780 513 1857 572; x_wconf 90' lang='lat' dir='ltr'><strong>tu,</strong></span> <span class='ocrx_word' id='word_1_36' title='bbox 1959 505 2210 574; x_wconf 87' lang='lat' dir='ltr'><strong>proprias</strong></span> <span class='ocrx_word' id='word_1_37' title='bbox 2247 504 2533 577; x_wconf 74' lang='lat' dir='ltr'><strong>frangere?</strong></span> <span class='ocrx_word' id='word_1_38' title='bbox 2583 510 2659 574; x_wconf 87' lang='lat' dir='ltr'><strong>De</strong></span> <span class='ocrx_word' id='word_1_39' title='bbox 2693 526 2798 580; x_wconf 85' lang='lat' dir='ltr'><strong>qua</strong></span> <span class='ocrx_word' id='word_1_40' title='bbox 2830 511 3094 572; x_wconf 89' lang='lat' dir='ltr'><strong>fractione</strong></span> <span class='ocrx_word' id='word_1_41' title='bbox 3132 516 3344 575; x_wconf 76' lang='lat' dir='ltr'><strong>Veritas</strong></span> <span class='ocrx_word' id='word_1_42' title='bbox 3369 521 3540 578; x_wconf 50' lang='lat' dir='ltr'><strong>dicit;</strong></span> 
     </span>
    </p>
   </div>
   <div class='ocr_carea' id='block_1_4' title="bbox 268 583 3541 679">
    <p class='ocr_par' dir='ltr' id='par_1_4' title="bbox 268 583 3541 679">
     <span class='ocr_line' id='line_1_4' title="bbox 268 583 3541 679; baseline 0.003 -25"><span class='ocrx_word' id='word_1_43' title='bbox 268 596 668 669; x_wconf 85' lang='lat' dir='ltr'><strong>Capharnaum,</strong></span> <span class='ocrx_word' id='word_1_44' title='bbox 697 596 940 666; x_wconf 83' lang='lat' dir='ltr'><strong>nunquid</strong></span> <span class='ocrx_word' id='word_1_45' title='bbox 971 611 1142 666; x_wconf 90' lang='lat' dir='ltr'><strong>usque</strong></span> <span class='ocrx_word' id='word_1_46' title='bbox 1189 597 1243 651; x_wconf 90' lang='lat' dir='ltr'><strong>in</strong></span> <span class='ocrx_word' id='word_1_47' title='bbox 1274 597 1469 652; x_wconf 74' lang='lat' dir='ltr'><strong>cmlum</strong></span> <span class='ocrx_word' id='word_1_48' title='bbox 1500 596 1863 652; x_wconf 79' lang='lat' dir='ltr'><strong>exaltaberis?</strong></span> <span class='ocrx_word' id='word_1_49' title='bbox 1959 611 1985 656; x_wconf 81' lang='grc' dir='ltr'>,ι</span> <span class='ocrx_word' id='word_1_50' title='bbox 2016 593 2218 656; x_wconf 78' lang='lat' dir='ltr'><strong>Intrate</strong></span> <span class='ocrx_word' id='word_1_51' title='bbox 2252 611 2348 666; x_wconf 84' lang='lat' dir='ltr'><strong>per</strong></span> <span class='ocrx_word' id='word_1_52' title='bbox 2373 599 2676 667; x_wconf 81' lang='lat' dir='ltr'><strong>angustiam</strong></span> <span class='ocrx_word' id='word_1_53' title='bbox 2701 611 2915 670; x_wconf 86' lang='lat' dir='ltr'><strong>portam</strong></span> <span class='ocrx_word' id='word_1_54' title='bbox 2945 603 3163 676; x_wconf 80' lang='lat' dir='ltr'><strong>(Matth.</strong></span> <span class='ocrx_word' id='word_1_55' title='bbox 3200 583 3318 678; x_wconf 81' lang='lat' dir='ltr'><strong>vn).</strong></span> <span class='ocrx_word' id='word_1_56' title='bbox 3350 630 3370 663; x_wconf 74' lang='grc' dir='ltr'><strong>ι</strong></span> <span class='ocrx_word' id='word_1_57' title='bbox 3403 611 3541 679; x_wconf 79' lang='lat' dir='ltr'><strong>Quid</strong></span> 
     </span>
    </p>
   </div>
   <div class='ocr_carea' id='block_1_5' title="bbox 270 685 3543 763">
    <p class='ocr_par' dir='ltr' id='par_1_5' title="bbox 270 685 3543 763">
     <span class='ocr_line' id='line_1_5' title="bbox 270 685 3543 763; baseline 0.003 -17"><span class='ocrx_word' id='word_1_58' title='bbox 270 706 441 760; x_wconf 83' lang='lat' dir='ltr'><strong>usque</strong></span> <span class='ocrx_word' id='word_1_59' title='bbox 463 691 516 744; x_wconf 91' lang='lat' dir='ltr'><strong>in</strong></span> <span class='ocrx_word' id='word_1_60' title='bbox 540 688 808 745; x_wconf 90' lang='lat' dir='ltr'><strong>infernum</strong></span> <span class='ocrx_word' id='word_1_61' title='bbox 834 689 1129 744; x_wconf 86' lang='lat' dir='ltr'><strong>descendes</strong></span> <span class='ocrx_word' id='word_1_62' title='bbox 1154 705 1168 741; x_wconf 89' lang='lat'>:</span> <span class='ocrx_word' id='word_1_63' title='bbox 1197 689 1324 760; x_wconf 86' lang='lat' dir='ltr'><strong>quia</strong></span> <span class='ocrx_word' id='word_1_64' title='bbox 1354 690 1400 746; x_wconf 92' lang='lat' dir='ltr'><strong>si</strong></span> <span class='ocrx_word' id='word_1_65' title='bbox 1429 690 1480 744; x_wconf 91' lang='lat' dir='ltr'><strong>in</strong></span> <span class='ocrx_word' id='word_1_66' title='bbox 1502 689 1755 748; x_wconf 90' lang='lat' dir='ltr'><strong>Sodomis</strong></span> <span class='ocrx_word' id='word_1_67' title='bbox 1781 689 1863 744; x_wconf 88' lang='lat' dir='ltr'><strong>fa-</strong></span> <span class='ocrx_word' id='word_1_68' title='bbox 1961 694 2142 740; x_wconf 89' lang='lat' dir='ltr'><strong>autem</strong></span> <span class='ocrx_word' id='word_1_69' title='bbox 2170 685 2334 751; x_wconf 78' lang='lat' dir='ltr'><strong>latius</strong></span> <span class='ocrx_word' id='word_1_70' title='bbox 2362 701 2527 756; x_wconf 87' lang='lat' dir='ltr'><strong>quam</strong></span> <span class='ocrx_word' id='word_1_71' title='bbox 2561 689 2723 744; x_wconf 91' lang='lat' dir='ltr'><strong>nullis</strong></span> <span class='ocrx_word' id='word_1_72' title='bbox 2745 693 2982 763; x_wconf 81' lang='lat' dir='ltr'><strong>propriis</strong></span> <span class='ocrx_word' id='word_1_73' title='bbox 3008 693 3374 754; x_wconf 70' lang='lat' dir='ltr'><strong>voluntatibus</strong></span> <span class='ocrx_word' id='word_1_74' title='bbox 3400 701 3543 756; x_wconf 86' lang='lat' dir='ltr'><strong>relu-</strong></span> 
     </span>
    </p>
   </div>
   <div class='ocr_carea' id='block_1_6' title="bbox 266 776 3542 858">
    <p class='ocr_par' dir='ltr' id='par_1_6' title="bbox 266 776 3542 858">
     <span class='ocr_line' id='line_1_6' title="bbox 266 776 3542 858; baseline 0.002 -23"><span class='ocrx_word' id='word_1_75' title='bbox 266 791 370 838; x_wconf 58' lang='lat' dir='ltr'><strong>etas</strong></span> <span class='ocrx_word' id='word_1_76' title='bbox 413 779 650 836; x_wconf 89' lang='lat' dir='ltr'><strong>fuissent</strong></span> <span class='ocrx_word' id='word_1_77' title='bbox 689 780 918 835; x_wconf 84' lang='lat' dir='ltr'><strong>virtutes</strong></span> <span class='ocrx_word' id='word_1_78' title='bbox 960 795 1081 850; x_wconf 67' lang='lat' dir='ltr'><strong>quae</strong></span> <span class='ocrx_word' id='word_1_79' title='bbox 1123 779 1276 837; x_wconf 72' lang='lat' dir='ltr'><strong>factm</strong></span> <span class='ocrx_word' id='word_1_80' title='bbox 1325 791 1452 838; x_wconf 87' lang='lat' dir='ltr'><strong>sunt</strong></span> <span class='ocrx_word' id='word_1_81' title='bbox 1499 783 1553 837; x_wconf 93' lang='lat' dir='ltr'><strong>in</strong></span> <span class='ocrx_word' id='word_1_82' title='bbox 1605 793 1676 847; x_wconf 87' lang='lat' dir='ltr'><strong>te,</strong></span> <span class='ocrx_word' id='word_1_83' title='bbox 1718 783 1860 838; x_wconf 89' lang='lat' dir='ltr'><strong>forte</strong></span> <span class='ocrx_word' id='word_1_84' title='bbox 1955 776 2120 839; x_wconf 60' lang='lat' dir='ltr'><strong>clari.</strong></span> <span class='ocrx_word' id='word_1_85' title='bbox 2158 784 2214 831; x_wconf 65' lang='lat' dir='ltr'><strong>et</strong></span> <span class='ocrx_word' id='word_1_86' title='bbox 2241 791 2675 847; x_wconf 72' lang='lat' dir='ltr'><strong>quaquaversum</strong></span> <span class='ocrx_word' id='word_1_87' title='bbox 2702 781 2966 853; x_wconf 85' lang='lat' dir='ltr'><strong>impulsus</strong></span> <span class='ocrx_word' id='word_1_88' title='bbox 2999 785 3210 841; x_wconf 82' lang='lat' dir='ltr'><strong>arbitrii</strong></span> <span class='ocrx_word' id='word_1_89' title='bbox 3242 788 3453 858; x_wconf 74' lang='lat' dir='ltr'><strong>duxerit</strong></span> <span class='ocrx_word' id='word_1_90' title='bbox 3481 805 3542 846; x_wconf 86' lang='lat' dir='ltr'><strong>se</strong></span> 
     </span>
    </p>
   </div>
   <div class='ocr_carea' id='block_1_7' title="bbox 269 857 1847 948">
    <p class='ocr_par' dir='ltr' id='par_1_7' title="bbox 269 871 1847 942">
     <span class='ocr_line' id='line_1_7' title="bbox 269 871 1847 942; baseline 0.001 -15"><span class='ocrx_word' id='word_1_91' title='bbox 269 872 603 927; x_wconf 83' lang='lat' dir='ltr'><strong>mansissent</strong></span> <span class='ocrx_word' id='word_1_92' title='bbox 652 886 826 942; x_wconf 91' lang='lat' dir='ltr'><strong>usque</strong></span> <span class='ocrx_word' id='word_1_93' title='bbox 869 871 922 925; x_wconf 91' lang='lat' dir='ltr'><strong>in</strong></span> <span class='ocrx_word' id='word_1_94' title='bbox 953 872 1098 926; x_wconf 90' lang='lat' dir='ltr'><strong>hunc</strong></span> <span class='ocrx_word' id='word_1_95' title='bbox 1117 871 1280 927; x_wconf 87' lang='lat' dir='ltr'><strong>diem.</strong></span> <span class='ocrx_word' id='word_1_96' title='bbox 1318 874 1701 928; x_wconf 74' lang='lat' dir='ltr'><strong>Verumtamen</strong></span> <span class='ocrx_word' id='word_1_97' title='bbox 1737 873 1847 930; x_wconf 75' lang='lat' dir='ltr'><strong>dict</strong></span> 
     </span>
    </p>
   </div>
   <div class='ocr_carea' id='block_1_8' title="bbox 1950 857 3538 948">
    <p class='ocr_par' dir='ltr' id='par_1_8' title="bbox 1956 857 3538 948">
     <span class='ocr_line' id='line_1_8' title="bbox 1956 857 3538 948; baseline 0.013 -31"><span class='ocrx_word' id='word_1_98' title='bbox 1956 865 2075 930; x_wconf 75' lang='lat' dir='ltr'><strong>sine</strong></span> <span class='ocrx_word' id='word_1_99' title='bbox 2101 867 2488 924; x_wconf 81' lang='lat' dir='ltr'><strong>retractatione</strong></span> <span class='ocrx_word' id='word_1_100' title='bbox 2515 867 2850 927; x_wconf 77' lang='lat' dir='ltr'><strong>ditl‘undere?</strong></span> <span class='ocrx_word' id='word_1_101' title='bbox 2878 873 2978 942; x_wconf 90' lang='lat' dir='ltr'><strong>Qui</strong></span> <span class='ocrx_word' id='word_1_102' title='bbox 3009 890 3138 946; x_wconf 89' lang='lat' dir='ltr'><strong>ergo</strong></span> <span class='ocrx_word' id='word_1_103' title='bbox 3162 893 3261 948; x_wconf 87' lang='lat' dir='ltr'><strong>per</strong></span> <span class='ocrx_word' id='word_1_104' title='bbox 3289 857 3538 947; x_wconf 81' lang='lat' dir='ltr'><strong>fiduciam</strong></span> 
     </span>
    </p>
   </div>
   <div class='ocr_carea' id='block_1_9' title="bbox 267 961 1859 1033">
    <p class='ocr_par' dir='ltr' id='par_1_9' title="bbox 267 961 1859 1033">
     <span class='ocr_line' id='line_1_9' title="bbox 267 961 1859 1033; baseline 0.002 -16"><span class='ocrx_word' id='word_1_105' title='bbox 267 965 444 1028; x_wconf 88' lang='lat' dir='ltr'><strong>vobis,</strong></span> <span class='ocrx_word' id='word_1_106' title='bbox 476 964 603 1033; x_wconf 90' lang='lat' dir='ltr'><strong>quia</strong></span> <span class='ocrx_word' id='word_1_107' title='bbox 637 973 797 1018; x_wconf 62' lang='lat' dir='ltr'><strong>terra:</strong></span> <span class='ocrx_word' id='word_1_108' title='bbox 827 961 1188 1017; x_wconf 82' lang='lat' dir='ltr'><strong>Sodomorum</strong></span> <span class='ocrx_word' id='word_1_109' title='bbox 1237 963 1516 1028; x_wconf 75' lang='lat' dir='ltr'><strong>remissius</strong></span> <span class='ocrx_word' id='word_1_110' title='bbox 1561 963 1668 1018; x_wconf 88' lang='lat' dir='ltr'><strong>erit</strong></span> <span class='ocrx_word' id='word_1_111' title='bbox 1690 963 1746 1018; x_wconf 89' lang='lat' dir='ltr'><strong>in</strong></span> <span class='ocrx_word' id='word_1_112' title='bbox 1769 963 1859 1020; x_wconf 87' lang='lat' dir='ltr'><strong>die</strong></span> 
     </span>
    </p>
   </div>
   <div class='ocr_carea' id='block_1_10' title="bbox 267 1052 1468 1126">
    <p class='ocr_par' dir='ltr' id='par_1_10' title="bbox 267 1052 1468 1126">
     <span class='ocr_line' id='line_1_10' title="bbox 267 1052 1468 1126; baseline -0.001 -19"><span class='ocrx_word' id='word_1_113' title='bbox 267 1053 451 1122; x_wconf 81' lang='lat' dir='ltr'><strong>iudicii</strong></span> <span class='ocrx_word' id='word_1_114' title='bbox 483 1071 644 1124; x_wconf 85' lang='lat' dir='ltr'><strong>quam</strong></span> <span class='ocrx_word' id='word_1_115' title='bbox 681 1053 775 1108; x_wconf 83' lang='lat' dir='ltr'><strong>tibi</strong></span> <span class='ocrx_word' id='word_1_116' title='bbox 813 1052 1029 1124; x_wconf 77' lang='lat' dir='ltr'><strong>(Matth.</strong></span> <span class='ocrx_word' id='word_1_117' title='bbox 1063 1069 1140 1118; x_wconf 82' lang='lat' dir='ltr'><strong>xl,</strong></span> <span class='ocrx_word' id='word_1_118' title='bbox 1171 1053 1302 1108; x_wconf 86' lang='lat' dir='ltr'><strong>Luc.</strong></span> <span class='ocrx_word' id='word_1_119' title='bbox 1329 1052 1405 1126; x_wconf 71' lang='grc' dir='ltr'><strong>κ).</strong></span> <span class='ocrx_word' id='word_1_120' title='bbox 1447 1071 1468 1106; x_wconf 72' lang='grc' dir='ltr'><strong>ι</strong></span> 
     </span>
    </p>
   </div>
   <div class='ocr_carea' id='block_1_11' title="bbox 350 1142 1857 1212">
    <p class='ocr_par' dir='ltr' id='par_1_11' title="bbox 350 1142 1857 1212">
     <span class='ocr_line' id='line_1_11' title="bbox 350 1142 1857 1212; baseline 0.001 -14"><span class='ocrx_word' id='word_1_121' title='bbox 350 1144 486 1199; x_wconf 81' lang='lat' dir='ltr'><strong>Vau.</strong></span> <span class='ocrx_word' id='word_1_122' title='bbox 522 1163 541 1196; x_wconf 83' lang='grc'><strong><em>‹</em></strong></span> <span class='ocrx_word' id='word_1_123' title='bbox 579 1144 935 1204; x_wconf 81' lang='lat' dir='ltr'><strong>Candidiores</strong></span> <span class='ocrx_word' id='word_1_124' title='bbox 959 1142 1196 1198; x_wconf 68' lang='lat' dir='ltr'><strong>Nazaraai</strong></span> <span class='ocrx_word' id='word_1_125' title='bbox 1223 1143 1342 1212; x_wconf 79' lang='lat' dir='ltr'><strong>eius</strong></span> <span class='ocrx_word' id='word_1_126' title='bbox 1389 1143 1538 1208; x_wconf 83' lang='lat' dir='ltr'><strong>nive,</strong></span> <span class='ocrx_word' id='word_1_127' title='bbox 1575 1143 1857 1200; x_wconf 81' lang='lat' dir='ltr'><strong>nitidiores</strong></span> 
     </span>
    </p>
   </div>
   <div class='ocr_carea' id='block_1_12' title="bbox 272 1233 1856 1306">
    <p class='ocr_par' dir='ltr' id='par_1_12' title="bbox 272 1233 1856 1306">
     <span class='ocr_line' id='line_1_12' title="bbox 272 1233 1856 1306; baseline -0.001 -16"><span class='ocrx_word' id='word_1_128' title='bbox 272 1258 292 1290; x_wconf 75' lang='grc' dir='ltr'><strong>ι</strong></span> <span class='ocrx_word' id='word_1_129' title='bbox 332 1237 486 1300; x_wconf 88' lang='lat' dir='ltr'><strong>lacte,</strong></span> <span class='ocrx_word' id='word_1_130' title='bbox 513 1233 929 1290; x_wconf 87' lang='lat' dir='ltr'><strong>rubicundiores</strong></span> <span class='ocrx_word' id='word_1_131' title='bbox 966 1236 1132 1290; x_wconf 88' lang='lat' dir='ltr'><strong>ebore</strong></span> <span class='ocrx_word' id='word_1_132' title='bbox 1161 1236 1410 1305; x_wconf 86' lang='lat' dir='ltr'><strong>antiquo,</strong></span> <span class='ocrx_word' id='word_1_133' title='bbox 1438 1235 1693 1306; x_wconf 86' lang='lat' dir='ltr'><strong>sapphiro</strong></span> <span class='ocrx_word' id='word_1_134' title='bbox 1729 1234 1856 1305; x_wconf 85' lang='lat' dir='ltr'><strong>,pul-</strong></span> 
     </span>
    </p>
   </div>
   <div class='ocr_carea' id='block_1_13' title="bbox 273 1327 650 1380">
    <p class='ocr_par' dir='ltr' id='par_1_13' title="bbox 273 1327 650 1380">
     <span class='ocr_line' id='line_1_13' title="bbox 273 1327 650 1380; baseline -0.003 -3"><span class='ocrx_word' id='word_1_135' title='bbox 273 1350 291 1377; x_wconf 74' lang='grc' dir='ltr'><strong>ι</strong></span> <span class='ocrx_word' id='word_1_136' title='bbox 325 1327 593 1380; x_wconf 79' lang='lat' dir='ltr'><strong>cliriores.</strong></span> <span class='ocrx_word' id='word_1_137' title='bbox 632 1345 650 1376; x_wconf 73' lang='grc' dir='ltr'><strong>ι</strong></span> 
     </span>
    </p>
   </div>
   <div class='ocr_carea' id='block_1_14' title="bbox 341 1418 1853 1492">
    <p class='ocr_par' dir='ltr' id='par_1_14' title="bbox 341 1418 1853 1492">
     <span class='ocr_line' id='line_1_14' title="bbox 341 1418 1853 1492; baseline 0.001 -20"><span class='ocrx_word' id='word_1_138' title='bbox 341 1419 485 1473; x_wconf 85' lang='lat' dir='ltr'><strong>Thet.</strong></span> <span class='ocrx_word' id='word_1_139' title='bbox 522 1437 540 1470; x_wconf 71' lang='grc' dir='ltr'><strong>ι</strong></span> <span class='ocrx_word' id='word_1_140' title='bbox 578 1419 866 1490; x_wconf 86' lang='lat' dir='ltr'><strong>Denigrata</strong></span> <span class='ocrx_word' id='word_1_141' title='bbox 913 1427 998 1475; x_wconf 88' lang='lat' dir='ltr'><strong>est</strong></span> <span class='ocrx_word' id='word_1_142' title='bbox 1047 1435 1210 1490; x_wconf 83' lang='lat' dir='ltr'><strong>super</strong></span> <span class='ocrx_word' id='word_1_143' title='bbox 1262 1420 1529 1475; x_wconf 80' lang='lat' dir='ltr'><strong>carbones</strong></span> <span class='ocrx_word' id='word_1_144' title='bbox 1568 1418 1736 1492; x_wconf 79' lang='lat' dir='ltr'><strong>facies</strong></span> <span class='ocrx_word' id='word_1_145' title='bbox 1762 1433 1853 1474; x_wconf 88' lang='lat' dir='ltr'><strong>eo-</strong></span> 
     </span>
    </p>
   </div>
   <div class='ocr_carea' id='block_1_15' title="bbox 273 1511 1852 1583">
    <p class='ocr_par' dir='ltr' id='par_1_15' title="bbox 273 1511 1852 1583">
     <span class='ocr_line' id='line_1_15' title="bbox 273 1511 1852 1583; baseline 0.003 -21"><span class='ocrx_word' id='word_1_146' title='bbox 273 1530 295 1561; x_wconf 71' lang='grc'><strong>(</strong></span> <span class='ocrx_word' id='word_1_147' title='bbox 328 1527 468 1576; x_wconf 89' lang='lat' dir='ltr'><strong>rum,</strong></span> <span class='ocrx_word' id='word_1_148' title='bbox 507 1519 560 1565; x_wconf 89' lang='lat' dir='ltr'><strong>et</strong></span> <span class='ocrx_word' id='word_1_149' title='bbox 587 1528 692 1567; x_wconf 92' lang='lat' dir='ltr'><strong>non</strong></span> <span class='ocrx_word' id='word_1_150' title='bbox 714 1521 842 1567; x_wconf 90' lang='lat' dir='ltr'><strong>sunt</strong></span> <span class='ocrx_word' id='word_1_151' title='bbox 866 1513 1065 1583; x_wconf 86' lang='lat' dir='ltr'><strong>cogniti</strong></span> <span class='ocrx_word' id='word_1_152' title='bbox 1092 1513 1145 1566; x_wconf 93' lang='lat' dir='ltr'><strong>in</strong></span> <span class='ocrx_word' id='word_1_153' title='bbox 1176 1512 1388 1582; x_wconf 85' lang='lat' dir='ltr'><strong>plateis.</strong></span> <span class='ocrx_word' id='word_1_154' title='bbox 1427 1511 1667 1566; x_wconf 76' lang='lat' dir='ltr'><strong>Adhzesit</strong></span> <span class='ocrx_word' id='word_1_155' title='bbox 1711 1512 1852 1570; x_wconf 89' lang='lat' dir='ltr'><strong>cutis</strong></span> 
     </span>
    </p>
   </div>
   <div class='ocr_carea' id='block_1_16' title="bbox 272 1601 1846 1674">
    <p class='ocr_par' dir='ltr' id='par_1_16' title="bbox 272 1601 1846 1674">
     <span class='ocr_line' id='line_1_16' title="bbox 272 1601 1846 1674; baseline 0.002 -22"><span class='ocrx_word' id='word_1_156' title='bbox 272 1620 295 1652; x_wconf 70' lang='grc' dir='ltr'><em>ς</em></span> <span class='ocrx_word' id='word_1_157' title='bbox 324 1618 508 1658; x_wconf 88' lang='lat' dir='ltr'><strong>eorum</strong></span> <span class='ocrx_word' id='word_1_158' title='bbox 538 1603 771 1669; x_wconf 86' lang='lat' dir='ltr'><strong>ossibus,</strong></span> <span class='ocrx_word' id='word_1_159' title='bbox 800 1603 943 1658; x_wconf 83' lang='lat' dir='ltr'><strong>aruit</strong></span> <span class='ocrx_word' id='word_1_160' title='bbox 970 1610 1026 1657; x_wconf 89' lang='lat' dir='ltr'><strong>et</strong></span> <span class='ocrx_word' id='word_1_161' title='bbox 1051 1602 1192 1657; x_wconf 90' lang='lat' dir='ltr'><strong>facta</strong></span> <span class='ocrx_word' id='word_1_162' title='bbox 1229 1611 1309 1657; x_wconf 87' lang='lat' dir='ltr'><strong>est</strong></span> <span class='ocrx_word' id='word_1_163' title='bbox 1336 1601 1494 1672; x_wconf 90' lang='lat' dir='ltr'><strong>quasi</strong></span> <span class='ocrx_word' id='word_1_164' title='bbox 1545 1602 1772 1674; x_wconf 84' lang='lat' dir='ltr'><strong>lignum.</strong></span> <span class='ocrx_word' id='word_1_165' title='bbox 1826 1620 1846 1656; x_wconf 70' lang='grc' dir='ltr'><strong>ι</strong></span> 
     </span>
    </p>
   </div>
   <div class='ocr_carea' id='block_1_17' title="bbox 269 1691 1851 1763">
    <p class='ocr_par' dir='ltr' id='par_1_17' title="bbox 269 1691 1851 1763">
     <span class='ocr_line' id='line_1_17' title="bbox 269 1691 1851 1763; baseline 0 -17"><span class='ocrx_word' id='word_1_166' title='bbox 269 1693 364 1748; x_wconf 77' lang='lat' dir='ltr'><strong>llis</strong></span> <span class='ocrx_word' id='word_1_167' title='bbox 405 1694 612 1748; x_wconf 90' lang='lat' dir='ltr'><strong>duabus</strong></span> <span class='ocrx_word' id='word_1_168' title='bbox 654 1693 938 1748; x_wconf 71' lang='lat' dir='ltr'><strong>sententiis</strong></span> <span class='ocrx_word' id='word_1_169' title='bbox 989 1693 1297 1748; x_wconf 88' lang='lat' dir='ltr'><strong>ostenditur</strong></span> <span class='ocrx_word' id='word_1_170' title='bbox 1351 1693 1622 1763; x_wconf 89' lang='lat' dir='ltr'><strong>quomodo</strong></span> <span class='ocrx_word' id='word_1_171' title='bbox 1668 1691 1851 1754; x_wconf 86' lang='lat' dir='ltr'><strong>omnis</strong></span> 
     </span>
    </p>
   </div>
   <div class='ocr_carea' id='block_1_18' title="bbox 1951 962 3542 1041">
    <p class='ocr_par' dir='ltr' id='par_1_18' title="bbox 1951 962 3542 1041">
     <span class='ocr_line' id='line_1_18' title="bbox 1951 962 3542 1041; baseline 0.006 -24"><span class='ocrx_word' id='word_1_172' title='bbox 1951 962 2263 1021; x_wconf 78' lang='lat' dir='ltr'><strong>sanctitatis</strong></span> <span class='ocrx_word' id='word_1_173' title='bbox 2319 963 2616 1041; x_wconf 89' lang='lat' dir='ltr'><strong>postposito</strong></span> <span class='ocrx_word' id='word_1_174' title='bbox 2671 965 2953 1022; x_wconf 89' lang='lat' dir='ltr'><strong>meliorum</strong></span> <span class='ocrx_word' id='word_1_175' title='bbox 2973 967 3177 1037; x_wconf 87' lang='lat' dir='ltr'><strong>iudicio</strong></span> <span class='ocrx_word' id='word_1_176' title='bbox 3217 983 3276 1024; x_wconf 90' lang='lat' dir='ltr'><strong>se</strong></span> <span class='ocrx_word' id='word_1_177' title='bbox 3312 983 3542 1040; x_wconf 84' lang='lat' dir='ltr'><strong>sequun-</strong></span> 
     </span>
    </p>
   </div>
   <div class='ocr_carea' id='block_1_19' title="bbox 1951 1053 3542 1128">
    <p class='ocr_par' dir='ltr' id='par_1_19' title="bbox 1951 1053 3542 1128">
     <span class='ocr_line' id='line_1_19' title="bbox 1951 1053 3542 1128; baseline 0.007 -22"><span class='ocrx_word' id='word_1_178' title='bbox 1951 1061 2066 1118; x_wconf 82' lang='lat' dir='ltr'><strong>tur,</strong></span> <span class='ocrx_word' id='word_1_179' title='bbox 2105 1053 2259 1122; x_wconf 84' lang='lat' dir='ltr'><strong>quasi</strong></span> <span class='ocrx_word' id='word_1_180' title='bbox 2305 1069 2404 1124; x_wconf 92' lang='lat' dir='ltr'><strong>per</strong></span> <span class='ocrx_word' id='word_1_181' title='bbox 2443 1055 2650 1125; x_wconf 73' lang='lat' dir='ltr'><strong>plateas</strong></span> <span class='ocrx_word' id='word_1_182' title='bbox 2696 1061 3081 1128; x_wconf 84' lang='lat' dir='ltr'><strong>pergunt:sed</strong></span> <span class='ocrx_word' id='word_1_183' title='bbox 3132 1076 3235 1115; x_wconf 93' lang='lat' dir='ltr'><strong>non</strong></span> <span class='ocrx_word' id='word_1_184' title='bbox 3273 1070 3400 1116; x_wconf 87' lang='lat' dir='ltr'><strong>sunt</strong></span> <span class='ocrx_word' id='word_1_185' title='bbox 3450 1078 3542 1117; x_wconf 90' lang='lat' dir='ltr'><strong>co-</strong></span> 
     </span>
    </p>
   </div>
   <div class='ocr_carea' id='block_1_20' title="bbox 1955 1144 3536 1216">
    <p class='ocr_par' dir='ltr' id='par_1_20' title="bbox 1955 1144 3536 1216">
     <span class='ocr_line' id='line_1_20' title="bbox 1955 1144 3536 1216; baseline 0.008 -20"><span class='ocrx_word' id='word_1_186' title='bbox 1955 1144 2087 1214; x_wconf 87' lang='lat' dir='ltr'><strong>gniti</strong></span> <span class='ocrx_word' id='word_1_187' title='bbox 2115 1144 2167 1198; x_wconf 91' lang='lat' dir='ltr'><strong>in</strong></span> <span class='ocrx_word' id='word_1_188' title='bbox 2197 1144 2412 1214; x_wconf 89' lang='lat' dir='ltr'><strong>plateis,</strong></span> <span class='ocrx_word' id='word_1_189' title='bbox 2435 1145 2561 1216; x_wconf 90' lang='lat' dir='ltr'><strong>quia</strong></span> <span class='ocrx_word' id='word_1_190' title='bbox 2592 1147 2660 1202; x_wconf 90' lang='lat' dir='ltr'><strong>de</strong></span> <span class='ocrx_word' id='word_1_191' title='bbox 2691 1148 2799 1202; x_wconf 90' lang='lat' dir='ltr'><strong>vita</strong></span> <span class='ocrx_word' id='word_1_192' title='bbox 2847 1164 2943 1204; x_wconf 87' lang='lat' dir='ltr'><strong>sua</strong></span> <span class='ocrx_word' id='word_1_193' title='bbox 2981 1150 3124 1204; x_wconf 92' lang='lat' dir='ltr'><strong>aliud</strong></span> <span class='ocrx_word' id='word_1_194' title='bbox 3155 1153 3536 1208; x_wconf 85' lang='lat' dir='ltr'><strong>ostenderant:</strong></span> 
     </span>
    </p>
   </div>
   <div class='ocr_carea' id='block_1_21' title="bbox 1955 1233 3541 1312">
    <p class='ocr_par' dir='ltr' id='par_1_21' title="bbox 1955 1233 3541 1312">
     <span class='ocr_line' id='line_1_21' title="bbox 1955 1233 3541 1312; baseline 0.007 -26"><span class='ocrx_word' id='word_1_195' title='bbox 1955 1233 2171 1302; x_wconf 80' lang='lat' dir='ltr'><strong>quando</strong></span> <span class='ocrx_word' id='word_1_196' title='bbox 2197 1233 2494 1304; x_wconf 90' lang='lat' dir='ltr'><strong>frangendo</strong></span> <span class='ocrx_word' id='word_1_197' title='bbox 2530 1235 2834 1300; x_wconf 89' lang='lat' dir='ltr'><strong>voluntates</strong></span> <span class='ocrx_word' id='word_1_198' title='bbox 2854 1240 3104 1307; x_wconf 87' lang='lat' dir='ltr'><strong>proprias</strong></span> <span class='ocrx_word' id='word_1_199' title='bbox 3134 1240 3184 1294; x_wconf 89' lang='lat' dir='ltr'><strong>in</strong></span> <span class='ocrx_word' id='word_1_200' title='bbox 3218 1251 3445 1312; x_wconf 76' lang='lat' dir='ltr'><strong>angusto</strong></span> <span class='ocrx_word' id='word_1_201' title='bbox 3481 1259 3541 1297; x_wconf 90' lang='lat' dir='ltr'><strong>se</strong></span> 
     </span>
    </p>
   </div>
   <div class='ocr_carea' id='block_1_22' title="bbox 1955 1322 3540 1387">
    <p class='ocr_par' dir='ltr' id='par_1_22' title="bbox 1955 1322 3540 1387">
     <span class='ocr_line' id='line_1_22' title="bbox 1955 1322 3540 1387; baseline 0.006 -10"><span class='ocrx_word' id='word_1_202' title='bbox 1955 1322 2089 1378; x_wconf 89' lang='lat' dir='ltr'><strong>calle</strong></span> <span class='ocrx_word' id='word_1_203' title='bbox 2139 1325 2466 1380; x_wconf 84' lang='lat' dir='ltr'><strong>retinebant.</strong></span> <span class='ocrx_word' id='word_1_204' title='bbox 2501 1326 2568 1381; x_wconf 89' lang='lat' dir='ltr'><strong>Et</strong></span> <span class='ocrx_word' id='word_1_205' title='bbox 2615 1327 2753 1384; x_wconf 87' lang='lat' dir='ltr'><strong>bene</strong></span> <span class='ocrx_word' id='word_1_206' title='bbox 2791 1328 3043 1382; x_wconf 87' lang='lat' dir='ltr'><strong>additur:</strong></span> <span class='ocrx_word' id='word_1_207' title='bbox 3075 1349 3092 1380; x_wconf 80' lang='grc' dir='ltr'><strong>ι</strong></span> <span class='ocrx_word' id='word_1_208' title='bbox 3125 1330 3360 1385; x_wconf 64' lang='lat' dir='ltr'><strong>Adhaesit</strong></span> <span class='ocrx_word' id='word_1_209' title='bbox 3400 1335 3540 1387; x_wconf 88' lang='lat' dir='ltr'><strong>cutis</strong></span> 
     </span>
    </p>
   </div>
   <div class='ocr_carea' id='block_1_23' title="bbox 1954 1415 3541 1483">
    <p class='ocr_par' dir='ltr' id='par_1_23' title="bbox 1954 1415 3541 1483">
     <span class='ocr_line' id='line_1_23' title="bbox 1954 1415 3541 1483; baseline 0.008 -17"><span class='ocrx_word' id='word_1_210' title='bbox 1954 1426 2144 1466; x_wconf 90' lang='lat' dir='ltr'><strong>eorum</strong></span> <span class='ocrx_word' id='word_1_211' title='bbox 2173 1415 2410 1470; x_wconf 88' lang='lat' dir='ltr'><strong>ossibus.</strong></span> <span class='ocrx_word' id='word_1_212' title='bbox 2442 1435 2462 1468; x_wconf 85' lang='grc'><strong>›</strong></span> <span class='ocrx_word' id='word_1_213' title='bbox 2491 1416 2630 1483; x_wconf 85' lang='lat' dir='ltr'><strong>Quid</strong></span> <span class='ocrx_word' id='word_1_214' title='bbox 2671 1417 2725 1470; x_wconf 90' lang='lat' dir='ltr'><strong>in</strong></span> <span class='ocrx_word' id='word_1_215' title='bbox 2754 1433 2878 1473; x_wconf 89' lang='lat' dir='ltr'><strong>osse</strong></span> <span class='ocrx_word' id='word_1_216' title='bbox 2913 1418 3015 1474; x_wconf 90' lang='lat' dir='ltr'><strong>nisi</strong></span> <span class='ocrx_word' id='word_1_217' title='bbox 3046 1420 3244 1474; x_wconf 89' lang='lat' dir='ltr'><strong>duritia</strong></span> <span class='ocrx_word' id='word_1_218' title='bbox 3275 1421 3541 1478; x_wconf 89' lang='lat' dir='ltr'><strong>fortitudi-</strong></span> 
     </span>
    </p>
   </div>
   <div class='ocr_carea' id='block_1_24' title="bbox 1950 1505 3541 1582">
    <p class='ocr_par' dir='ltr' id='par_1_24' title="bbox 1950 1505 3541 1582">
     <span class='ocr_line' id='line_1_24' title="bbox 1950 1505 3541 1582; baseline 0.004 -20"><span class='ocrx_word' id='word_1_219' title='bbox 1950 1505 2058 1570; x_wconf 84' lang='lat' dir='ltr'><strong>nis,</strong></span> <span class='ocrx_word' id='word_1_220' title='bbox 2098 1506 2226 1576; x_wconf 91' lang='lat' dir='ltr'><strong>quid</strong></span> <span class='ocrx_word' id='word_1_221' title='bbox 2257 1508 2310 1562; x_wconf 93' lang='lat' dir='ltr'><strong>in</strong></span> <span class='ocrx_word' id='word_1_222' title='bbox 2337 1517 2461 1564; x_wconf 88' lang='lat' dir='ltr'><strong>cute</strong></span> <span class='ocrx_word' id='word_1_223' title='bbox 2490 1509 2590 1564; x_wconf 89' lang='lat' dir='ltr'><strong>nisi</strong></span> <span class='ocrx_word' id='word_1_224' title='bbox 2622 1509 2878 1566; x_wconf 88' lang='lat' dir='ltr'><strong>mollities</strong></span> <span class='ocrx_word' id='word_1_225' title='bbox 2907 1512 3230 1582; x_wconf 81' lang='lat' dir='ltr'><strong>exprimitur</strong></span> <span class='ocrx_word' id='word_1_226' title='bbox 3255 1514 3541 1568; x_wconf 84' lang='lat' dir='ltr'><strong>inﬁrmita-</strong></span> 
     </span>
    </p>
   </div>
   <div class='ocr_carea' id='block_1_25' title="bbox 1954 1595 3539 1672">
    <p class='ocr_par' dir='ltr' id='par_1_25' title="bbox 1954 1595 3539 1672">
     <span class='ocr_line' id='line_1_25' title="bbox 1954 1595 3539 1672; baseline 0.005 -23"><span class='ocrx_word' id='word_1_227' title='bbox 1954 1595 2060 1661; x_wconf 85' lang='lat' dir='ltr'><strong>tis?</strong></span> <span class='ocrx_word' id='word_1_228' title='bbox 2107 1595 2260 1652; x_wconf 84' lang='lat' dir='ltr'><strong>Cutis</strong></span> <span class='ocrx_word' id='word_1_229' title='bbox 2307 1613 2440 1669; x_wconf 90' lang='lat' dir='ltr'><strong>ergo</strong></span> <span class='ocrx_word' id='word_1_230' title='bbox 2477 1613 2666 1668; x_wconf 89' lang='lat' dir='ltr'><strong>eorum</strong></span> <span class='ocrx_word' id='word_1_231' title='bbox 2719 1599 2996 1656; x_wconf 72' lang='lat' dir='ltr'><strong>adhmrere</strong></span> <span class='ocrx_word' id='word_1_232' title='bbox 3045 1602 3258 1658; x_wconf 82' lang='lat' dir='ltr'><strong>ossibus</strong></span> <span class='ocrx_word' id='word_1_233' title='bbox 3299 1603 3539 1672; x_wconf 90' lang='lat' dir='ltr'><strong>dicitur,</strong></span> 
     </span>
    </p>
   </div>
   <div class='ocr_carea' id='block_1_26' title="bbox 1951 1686 3540 1758">
    <p class='ocr_par' dir='ltr' id='par_1_26' title="bbox 1951 1686 3540 1758">
     <span class='ocr_line' id='line_1_26' title="bbox 1951 1686 3540 1758; baseline 0.006 -19"><span class='ocrx_word' id='word_1_234' title='bbox 1951 1686 2078 1756; x_wconf 86' lang='lat' dir='ltr'><strong>quia</strong></span> <span class='ocrx_word' id='word_1_235' title='bbox 2107 1687 2175 1741; x_wconf 90' lang='lat' dir='ltr'><strong>ab</strong></span> <span class='ocrx_word' id='word_1_236' title='bbox 2206 1686 2286 1742; x_wconf 91' lang='lat' dir='ltr'><strong>eis</strong></span> <span class='ocrx_word' id='word_1_237' title='bbox 2332 1702 2500 1758; x_wconf 85' lang='lat' dir='ltr'><strong>prava</strong></span> <span class='ocrx_word' id='word_1_238' title='bbox 2533 1689 2915 1756; x_wconf 88' lang='lat' dir='ltr'><strong>sentientibus,</strong></span> <span class='ocrx_word' id='word_1_239' title='bbox 2957 1689 3245 1751; x_wconf 85' lang='lat' dir='ltr'><strong>inﬁrmitas</strong></span> <span class='ocrx_word' id='word_1_240' title='bbox 3279 1693 3393 1747; x_wconf 81' lang='lat' dir='ltr'><strong>vitii</strong></span> <span class='ocrx_word' id='word_1_241' title='bbox 3437 1693 3540 1749; x_wconf 82' lang='lat' dir='ltr'><strong>du-</strong></span> 
     </span>
    </p>
   </div>
   <div class='ocr_carea' id='block_1_27' title="bbox 266 1781 3542 1861">
    <p class='ocr_par' dir='ltr' id='par_1_27' title="bbox 266 1781 3542 1861">
     <span class='ocr_line' id='line_1_27' title="bbox 266 1781 3542 1861; baseline 0.003 -25"><span class='ocrx_word' id='word_1_242' title='bbox 266 1783 430 1838; x_wconf 89' lang='lat' dir='ltr'><strong>dccor</strong></span> <span class='ocrx_word' id='word_1_243' title='bbox 457 1783 651 1852; x_wconf 89' lang='lat' dir='ltr'><strong>prioris</strong></span> <span class='ocrx_word' id='word_1_244' title='bbox 675 1783 877 1853; x_wconf 87' lang='lat' dir='ltr'><strong>populi,</strong></span> <span class='ocrx_word' id='word_1_245' title='bbox 906 1799 1064 1853; x_wconf 86' lang='lat' dir='ltr'><strong>quem</strong></span> <span class='ocrx_word' id='word_1_246' title='bbox 1095 1785 1368 1842; x_wconf 85' lang='lat' dir='ltr'><strong>habebant</strong></span> <span class='ocrx_word' id='word_1_247' title='bbox 1390 1783 1444 1842; x_wconf 89' lang='lat' dir='ltr'><strong>in</strong></span> <span class='ocrx_word' id='word_1_248' title='bbox 1479 1790 1674 1838; x_wconf 87' lang='lat' dir='ltr'><strong>ornatu</strong></span> <span class='ocrx_word' id='word_1_249' title='bbox 1715 1793 1851 1838; x_wconf 90' lang='lat' dir='ltr'><strong>tem-</strong></span> <span class='ocrx_word' id='word_1_250' title='bbox 1879 1786 1925 1846; x_wconf 82' lang='lat' dir='ltr'><strong>B</strong></span> <span class='ocrx_word' id='word_1_251' title='bbox 1951 1781 2078 1835; x_wconf 89' lang='lat' dir='ltr'><strong>ritia</strong></span> <span class='ocrx_word' id='word_1_252' title='bbox 2116 1782 2336 1838; x_wconf 87' lang='lat' dir='ltr'><strong>virtutis</strong></span> <span class='ocrx_word' id='word_1_253' title='bbox 2383 1793 2623 1854; x_wconf 89' lang='lat' dir='ltr'><strong>putatur.</strong></span> <span class='ocrx_word' id='word_1_254' title='bbox 2676 1785 2892 1841; x_wconf 89' lang='lat' dir='ltr'><strong>lnfirma</strong></span> <span class='ocrx_word' id='word_1_255' title='bbox 2959 1789 3104 1844; x_wconf 90' lang='lat' dir='ltr'><strong>enim</strong></span> <span class='ocrx_word' id='word_1_256' title='bbox 3151 1799 3278 1844; x_wconf 77' lang='lat' dir='ltr'><strong>sunt</strong></span> <span class='ocrx_word' id='word_1_257' title='bbox 3308 1807 3426 1861; x_wconf 71' lang='lat' dir='ltr'><strong>quae</strong></span> <span class='ocrx_word' id='word_1_258' title='bbox 3461 1791 3542 1847; x_wconf 78' lang='lat' dir='ltr'><strong>fa—</strong></span> 
     </span>
    </p>
   </div>
   <div class='ocr_carea' id='block_1_28' title="bbox 267 1875 1846 1948">
    <p class='ocr_par' dir='ltr' id='par_1_28' title="bbox 267 1875 1846 1948">
     <span class='ocr_line' id='line_1_28' title="bbox 267 1875 1846 1948; baseline 0.002 -20"><span class='ocrx_word' id='word_1_259' title='bbox 267 1875 338 1946; x_wconf 80' lang='lat' dir='ltr'><strong>pli</strong></span> <span class='ocrx_word' id='word_1_260' title='bbox 362 1885 412 1930; x_wconf 89' lang='lat' dir='ltr'><strong>et</strong></span> <span class='ocrx_word' id='word_1_261' title='bbox 441 1876 586 1931; x_wconf 89' lang='lat' dir='ltr'><strong>cultu</strong></span> <span class='ocrx_word' id='word_1_262' title='bbox 617 1877 822 1944; x_wconf 85' lang='lat' dir='ltr'><strong>divino,</strong></span> <span class='ocrx_word' id='word_1_263' title='bbox 852 1887 1074 1948; x_wconf 86' lang='lat' dir='ltr'><strong>propter</strong></span> <span class='ocrx_word' id='word_1_264' title='bbox 1104 1886 1326 1948; x_wconf 83' lang='lat' dir='ltr'><strong>peccata</strong></span> <span class='ocrx_word' id='word_1_265' title='bbox 1347 1892 1537 1934; x_wconf 85' lang='lat' dir='ltr'><strong>eorum</strong></span> <span class='ocrx_word' id='word_1_266' title='bbox 1567 1890 1846 1934; x_wconf 87' lang='lat' dir='ltr'><strong>emarcue-</strong></span> 
     </span>
    </p>
   </div>
   <div class='ocr_carea' id='block_1_29' title="bbox 267 1968 1846 2033">
    <p class='ocr_par' dir='ltr' id='par_1_29' title="bbox 267 1968 1846 2033">
     <span class='ocr_line' id='line_1_29' title="bbox 267 1968 1846 2033; baseline 0.004 -13"><span class='ocrx_word' id='word_1_267' title='bbox 267 1968 360 2033; x_wconf 90' lang='lat' dir='ltr'><strong>rit,</strong></span> <span class='ocrx_word' id='word_1_268' title='bbox 386 1978 440 2023; x_wconf 90' lang='lat' dir='ltr'><strong>et</strong></span> <span class='ocrx_word' id='word_1_269' title='bbox 465 1969 869 2028; x_wconf 85' lang='lat' dir='ltr'><strong>destruentibus</strong></span> <span class='ocrx_word' id='word_1_270' title='bbox 905 1968 1154 2025; x_wconf 84' lang='lat' dir='ltr'><strong>hostibus</strong></span> <span class='ocrx_word' id='word_1_271' title='bbox 1196 1969 1265 2024; x_wconf 89' lang='lat' dir='ltr'><strong>ad</strong></span> <span class='ocrx_word' id='word_1_272' title='bbox 1315 1968 1542 2024; x_wconf 85' lang='lat' dir='ltr'><strong>nihilum</strong></span> <span class='ocrx_word' id='word_1_273' title='bbox 1592 1968 1846 2027; x_wconf 83' lang='lat' dir='ltr'><strong>redactus</strong></span> 
     </span>
    </p>
   </div>
   <div class='ocr_carea' id='block_1_30' title="bbox 264 2059 1846 2130">
    <p class='ocr_par' dir='ltr' id='par_1_30' title="bbox 264 2059 1846 2130">
     <span class='ocr_line' id='line_1_30' title="bbox 264 2059 1846 2130; baseline 0 -16"><span class='ocrx_word' id='word_1_274' title='bbox 264 2059 360 2114; x_wconf 84' lang='lat' dir='ltr'><strong>sit.</strong></span> <span class='ocrx_word' id='word_1_275' title='bbox 402 2059 626 2130; x_wconf 79' lang='lat' dir='ltr'><strong>Mystiee</strong></span> <span class='ocrx_word' id='word_1_276' title='bbox 668 2075 798 2115; x_wconf 87' lang='lat' dir='ltr'><strong>vero</strong></span> <span class='ocrx_word' id='word_1_277' title='bbox 836 2074 997 2122; x_wconf 85' lang='lat' dir='ltr'><strong>casus</strong></span> <span class='ocrx_word' id='word_1_278' title='bbox 1043 2060 1348 2114; x_wconf 85' lang='lat' dir='ltr'><strong>animarum</strong></span> <span class='ocrx_word' id='word_1_279' title='bbox 1389 2060 1749 2130; x_wconf 84' lang='lat' dir='ltr'><strong>quarumdam</strong></span> <span class='ocrx_word' id='word_1_280' title='bbox 1778 2059 1846 2114; x_wconf 82' lang='lat' dir='ltr'><strong>ll-</strong></span> 
     </span>
    </p>
   </div>
   <div class='ocr_carea' id='block_1_31' title="bbox 261 2148 1847 2224">
    <p class='ocr_par' dir='ltr' id='par_1_31' title="bbox 261 2148 1847 2224">
     <span class='ocr_line' id='line_1_31' title="bbox 261 2148 1847 2224; baseline 0.001 -19"><span class='ocrx_word' id='word_1_281' title='bbox 261 2152 463 2207; x_wconf 87' lang='lat' dir='ltr'><strong>delium</strong></span> <span class='ocrx_word' id='word_1_282' title='bbox 499 2167 530 2206; x_wconf 85' lang='lat' dir='ltr'><strong>a</strong></span> <span class='ocrx_word' id='word_1_283' title='bbox 559 2154 821 2224; x_wconf 89' lang='lat' dir='ltr'><strong>propheta</strong></span> <span class='ocrx_word' id='word_1_284' title='bbox 877 2152 1214 2223; x_wconf 87' lang='lat' dir='ltr'><strong>deploratur.</strong></span> <span class='ocrx_word' id='word_1_285' title='bbox 1273 2148 1476 2223; x_wconf 86' lang='lat' dir='ltr'><strong>(Greg.)</strong></span> <span class='ocrx_word' id='word_1_286' title='bbox 1529 2150 1668 2219; x_wconf 82' lang='lat' dir='ltr'><strong>Quid</strong></span> <span class='ocrx_word' id='word_1_287' title='bbox 1702 2151 1847 2208; x_wconf 86' lang='lat' dir='ltr'><strong>enim</strong></span> 
     </span>
    </p>
   </div>
   <div class='ocr_carea' id='block_1_32' title="bbox 264 2241 1848 2311">
    <p class='ocr_par' dir='ltr' id='par_1_32' title="bbox 264 2241 1848 2311">
     <span class='ocr_line' id='line_1_32' title="bbox 264 2241 1848 2311; baseline -0.001 -13"><span class='ocrx_word' id='word_1_288' title='bbox 264 2243 681 2301; x_wconf 68' lang='lat' dir='ltr'><strong>Nazarzenorum</strong></span> <span class='ocrx_word' id='word_1_289' title='bbox 708 2245 946 2311; x_wconf 89' lang='lat' dir='ltr'><strong>nomine,</strong></span> <span class='ocrx_word' id='word_1_290' title='bbox 972 2245 1073 2299; x_wconf 91' lang='lat' dir='ltr'><strong>nisi</strong></span> <span class='ocrx_word' id='word_1_291' title='bbox 1097 2242 1483 2298; x_wconf 70' lang='lat' dir='ltr'><strong>abstinendum</strong></span> <span class='ocrx_word' id='word_1_292' title='bbox 1496 2249 1552 2297; x_wconf 91' lang='lat' dir='ltr'><strong>et</strong></span> <span class='ocrx_word' id='word_1_293' title='bbox 1568 2241 1848 2298; x_wconf 87' lang='lat' dir='ltr'><strong>continen-</strong></span> 
     </span>
    </p>
   </div>
   <div class='ocr_carea' id='block_1_33' title="bbox 265 2333 1849 2407">
    <p class='ocr_par' dir='ltr' id='par_1_33' title="bbox 265 2333 1849 2407">
     <span class='ocr_line' id='line_1_33' title="bbox 265 2333 1849 2407; baseline 0 -17"><span class='ocrx_word' id='word_1_294' title='bbox 265 2336 398 2390; x_wconf 92' lang='lat' dir='ltr'><strong>tium</strong></span> <span class='ocrx_word' id='word_1_295' title='bbox 424 2335 534 2390; x_wconf 87' lang='lat' dir='ltr'><strong>vita</strong></span> <span class='ocrx_word' id='word_1_296' title='bbox 567 2335 829 2407; x_wconf 75' lang='lat' dir='ltr'><strong>signatur,</strong></span> <span class='ocrx_word' id='word_1_297' title='bbox 857 2351 978 2407; x_wconf 76' lang='lat' dir='ltr'><strong>qua:</strong></span> <span class='ocrx_word' id='word_1_298' title='bbox 1001 2335 1190 2391; x_wconf 90' lang='lat' dir='ltr'><strong>niveet</strong></span> <span class='ocrx_word' id='word_1_299' title='bbox 1208 2336 1350 2389; x_wconf 89' lang='lat' dir='ltr'><strong>laete</strong></span> <span class='ocrx_word' id='word_1_300' title='bbox 1367 2334 1592 2390; x_wconf 89' lang='lat' dir='ltr'><strong>nitidior</strong></span> <span class='ocrx_word' id='word_1_301' title='bbox 1613 2333 1849 2390; x_wconf 79' lang='lat' dir='ltr'><strong>dicitur?</strong></span> 
     </span>
    </p>
   </div>
   <div class='ocr_carea' id='block_1_34' title="bbox 264 2424 1849 2498">
    <p class='ocr_par' dir='ltr' id='par_1_34' title="bbox 264 2424 1849 2498">
     <span class='ocr_line' id='line_1_34' title="bbox 264 2424 1849 2498; baseline 0.003 -20"><span class='ocrx_word' id='word_1_302' title='bbox 264 2424 368 2479; x_wconf 87' lang='lat' dir='ltr'><strong>Nix</strong></span> <span class='ocrx_word' id='word_1_303' title='bbox 386 2425 527 2480; x_wconf 88' lang='lat' dir='ltr'><strong>enim</strong></span> <span class='ocrx_word' id='word_1_304' title='bbox 548 2441 617 2482; x_wconf 86' lang='lat' dir='ltr'><strong>ex</strong></span> <span class='ocrx_word' id='word_1_305' title='bbox 636 2441 774 2496; x_wconf 89' lang='lat' dir='ltr'><strong>aqua</strong></span> <span class='ocrx_word' id='word_1_306' title='bbox 799 2426 1146 2498; x_wconf 87' lang='lat' dir='ltr'><strong>congelascit,</strong></span> <span class='ocrx_word' id='word_1_307' title='bbox 1165 2442 1286 2497; x_wconf 76' lang='lat' dir='ltr'><strong>qua:</strong></span> <span class='ocrx_word' id='word_1_308' title='bbox 1306 2426 1540 2498; x_wconf 83' lang='lat' dir='ltr'><strong>desup‘er</strong></span> <span class='ocrx_word' id='word_1_309' title='bbox 1564 2425 1714 2480; x_wconf 87' lang='lat' dir='ltr'><strong>venit</strong></span> <span class='ocrx_word' id='word_1_310' title='bbox 1736 2425 1849 2482; x_wconf 90' lang='lat' dir='ltr'><strong>:lac</strong></span> 
     </span>
    </p>
   </div>
   <div class='ocr_carea' id='block_1_35' title="bbox 263 2516 1849 2589">
    <p class='ocr_par' dir='ltr' id='par_1_35' title="bbox 263 2516 1849 2589">
     <span class='ocr_line' id='line_1_35' title="bbox 263 2516 1849 2589; baseline 0.001 -19"><span class='ocrx_word' id='word_1_311' title='bbox 263 2525 444 2572; x_wconf 89' lang='lat' dir='ltr'><strong>autem</strong></span> <span class='ocrx_word' id='word_1_312' title='bbox 468 2532 535 2572; x_wconf 88' lang='lat' dir='ltr'><strong>ex</strong></span> <span class='ocrx_word' id='word_1_313' title='bbox 558 2532 723 2572; x_wconf 89' lang='lat' dir='ltr'><strong>carne</strong></span> <span class='ocrx_word' id='word_1_314' title='bbox 755 2518 1102 2588; x_wconf 81' lang='lat' dir='ltr'><strong>exprimitur,</strong></span> <span class='ocrx_word' id='word_1_315' title='bbox 1130 2533 1251 2589; x_wconf 60' lang='lat' dir='ltr'><strong>quae</strong></span> <span class='ocrx_word' id='word_1_316' title='bbox 1278 2516 1626 2580; x_wconf 84' lang='lat' dir='ltr'><strong>inferioribus</strong></span> <span class='ocrx_word' id='word_1_317' title='bbox 1671 2516 1849 2571; x_wconf 89' lang='lat' dir='ltr'><strong>nutri-</strong></span> 
     </span>
    </p>
   </div>
   <div class='ocr_carea' id='block_1_36' title="bbox 263 2606 1846 2680">
    <p class='ocr_par' dir='ltr' id='par_1_36' title="bbox 263 2606 1846 2680">
     <span class='ocr_line' id='line_1_36' title="bbox 263 2606 1846 2680; baseline 0.001 -20"><span class='ocrx_word' id='word_1_318' title='bbox 263 2617 372 2661; x_wconf 92' lang='lat' dir='ltr'><strong>tur.</strong></span> <span class='ocrx_word' id='word_1_319' title='bbox 399 2606 540 2674; x_wconf 88' lang='lat' dir='ltr'><strong>Quid</strong></span> <span class='ocrx_word' id='word_1_320' title='bbox 564 2622 694 2678; x_wconf 89' lang='lat' dir='ltr'><strong>ergo</strong></span> <span class='ocrx_word' id='word_1_321' title='bbox 727 2623 825 2679; x_wconf 89' lang='lat' dir='ltr'><strong>per</strong></span> <span class='ocrx_word' id='word_1_322' title='bbox 849 2608 1048 2673; x_wconf 88' lang='lat' dir='ltr'><strong>nivem,</strong></span> <span class='ocrx_word' id='word_1_323' title='bbox 1075 2608 1185 2663; x_wconf 83' lang='lat' dir='ltr'><strong>nisi</strong></span> <span class='ocrx_word' id='word_1_324' title='bbox 1208 2607 1413 2663; x_wconf 88' lang='lat' dir='ltr'><strong>candor</strong></span> <span class='ocrx_word' id='word_1_325' title='bbox 1435 2607 1560 2664; x_wconf 62' lang='lat' dir='ltr'><strong>vitae</strong></span> <span class='ocrx_word' id='word_1_326' title='bbox 1585 2606 1846 2680; x_wconf 62' lang='lat' dir='ltr'><strong>caelestis.</strong></span> 
     </span>
    </p>
   </div>
   <div class='ocr_carea' id='block_1_37' title="bbox 261 2697 1851 2770">
    <p class='ocr_par' dir='ltr' id='par_1_37' title="bbox 261 2697 1851 2770">
     <span class='ocr_line' id='line_1_37' title="bbox 261 2697 1851 2770; baseline 0.001 -18"><span class='ocrx_word' id='word_1_327' title='bbox 261 2697 402 2765; x_wconf 90' lang='lat' dir='ltr'><strong>Quid</strong></span> <span class='ocrx_word' id='word_1_328' title='bbox 430 2714 526 2768; x_wconf 90' lang='lat' dir='ltr'><strong>per</strong></span> <span class='ocrx_word' id='word_1_329' title='bbox 553 2699 657 2765; x_wconf 89' lang='lat' dir='ltr'><strong>lae,</strong></span> <span class='ocrx_word' id='word_1_330' title='bbox 688 2699 792 2753; x_wconf 90' lang='lat' dir='ltr'><strong>nisi</strong></span> <span class='ocrx_word' id='word_1_331' title='bbox 813 2699 1124 2770; x_wconf 89' lang='lat' dir='ltr'><strong>temporalis</strong></span> <span class='ocrx_word' id='word_1_332' title='bbox 1155 2699 1578 2770; x_wconf 84' lang='lat' dir='ltr'><strong>dispensationis</strong></span> <span class='ocrx_word' id='word_1_333' title='bbox 1618 2699 1851 2756; x_wconf 88' lang='lat' dir='ltr'><strong>admini-</strong></span> 
     </span>
    </p>
   </div>
   <div class='ocr_carea' id='block_1_38' title="bbox 264 2789 1850 2861">
    <p class='ocr_par' dir='ltr' id='par_1_38' title="bbox 264 2789 1850 2861">
     <span class='ocr_line' id='line_1_38' title="bbox 264 2789 1850 2861; baseline 0.004 -20"><span class='ocrx_word' id='word_1_334' title='bbox 264 2789 458 2843; x_wconf 87' lang='lat' dir='ltr'><strong>stratio</strong></span> <span class='ocrx_word' id='word_1_335' title='bbox 477 2789 915 2845; x_wconf 79' lang='lat' dir='ltr'><strong>demonstratur?</strong></span> <span class='ocrx_word' id='word_1_336' title='bbox 940 2790 1007 2844; x_wconf 89' lang='lat' dir='ltr'><strong>Et</strong></span> <span class='ocrx_word' id='word_1_337' title='bbox 1025 2791 1152 2860; x_wconf 85' lang='lat' dir='ltr'><strong>quia</strong></span> <span class='ocrx_word' id='word_1_338' title='bbox 1169 2789 1489 2861; x_wconf 87' lang='lat' dir='ltr'><strong>plerumque</strong></span> <span class='ocrx_word' id='word_1_339' title='bbox 1511 2791 1850 2848; x_wconf 82' lang='lat' dir='ltr'><strong>continentes</strong></span> 
     </span>
    </p>
   </div>
   <div class='ocr_carea' id='block_1_39' title="bbox 265 2877 1850 2951">
    <p class='ocr_par' dir='ltr' id='par_1_39' title="bbox 265 2877 1850 2951">
     <span class='ocr_line' id='line_1_39' title="bbox 265 2877 1850 2951; baseline 0.004 -19"><span class='ocrx_word' id='word_1_340' title='bbox 265 2877 367 2934; x_wconf 88' lang='lat' dir='ltr'><strong>viri</strong></span> <span class='ocrx_word' id='word_1_341' title='bbox 423 2879 478 2932; x_wconf 91' lang='lat' dir='ltr'><strong>in</strong></span> <span class='ocrx_word' id='word_1_342' title='bbox 528 2879 763 2934; x_wconf 77' lang='lat' dir='ltr'><strong>Ecclesia</strong></span> <span class='ocrx_word' id='word_1_343' title='bbox 793 2887 900 2934; x_wconf 88' lang='lat' dir='ltr'><strong>tam</strong></span> <span class='ocrx_word' id='word_1_344' title='bbox 932 2879 1068 2934; x_wconf 86' lang='lat' dir='ltr'><strong>mira</strong></span> <span class='ocrx_word' id='word_1_345' title='bbox 1108 2895 1271 2951; x_wconf 86' lang='lat' dir='ltr'><strong>opera</strong></span> <span class='ocrx_word' id='word_1_346' title='bbox 1297 2878 1524 2946; x_wconf 88' lang='lat' dir='ltr'><strong>faciunt,</strong></span> <span class='ocrx_word' id='word_1_347' title='bbox 1567 2889 1628 2936; x_wconf 90' lang='lat' dir='ltr'><strong>ut</strong></span> <span class='ocrx_word' id='word_1_348' title='bbox 1662 2880 1731 2935; x_wconf 89' lang='lat' dir='ltr'><strong>ab</strong></span> <span class='ocrx_word' id='word_1_349' title='bbox 1768 2882 1850 2939; x_wconf 83' lang='lat' dir='ltr'><strong>eis</strong></span> 
     </span>
    </p>
   </div>
   <div class='ocr_carea' id='block_1_40' title="bbox 267 2971 1851 3048">
    <p class='ocr_par' dir='ltr' id='par_1_40' title="bbox 267 2971 1851 3048">
     <span class='ocr_line' id='line_1_40' title="bbox 267 2971 1851 3048; baseline 0.003 -22"><span class='ocrx_word' id='word_1_350' title='bbox 267 2971 440 3035; x_wconf 89' lang='lat' dir='ltr'><strong>multi,</strong></span> <span class='ocrx_word' id='word_1_351' title='bbox 471 2973 560 3041; x_wconf 90' lang='lat' dir='ltr'><strong>qui</strong></span> <span class='ocrx_word' id='word_1_352' title='bbox 588 2972 864 3028; x_wconf 62' lang='lat' dir='ltr'><strong>caelestem</strong></span> <span class='ocrx_word' id='word_1_353' title='bbox 885 2973 1055 3028; x_wconf 83' lang='lat' dir='ltr'><strong>vitam</strong></span> <span class='ocrx_word' id='word_1_354' title='bbox 1093 2976 1405 3039; x_wconf 88' lang='lat' dir='ltr'><strong>tenuerunt,</strong></span> <span class='ocrx_word' id='word_1_355' title='bbox 1439 2974 1591 3029; x_wconf 91' lang='lat' dir='ltr'><strong>multi</strong></span> <span class='ocrx_word' id='word_1_356' title='bbox 1619 2975 1710 3048; x_wconf 88' lang='lat' dir='ltr'><strong>qui</strong></span> <span class='ocrx_word' id='word_1_357' title='bbox 1741 2984 1851 3032; x_wconf 85' lang='lat' dir='ltr'><strong>ter-</strong></span> 
     </span>
    </p>
   </div>
   <div class='ocr_carea' id='block_1_41' title="bbox 266 3066 1845 3137">
    <p class='ocr_par' dir='ltr' id='par_1_41' title="bbox 266 3066 1845 3137">
     <span class='ocr_line' id='line_1_41' title="bbox 266 3066 1845 3137; baseline 0.001 -13"><span class='ocrx_word' id='word_1_358' title='bbox 266 3084 393 3124; x_wconf 83' lang='lat' dir='ltr'><strong>rena</strong></span> <span class='ocrx_word' id='word_1_359' title='bbox 421 3067 557 3123; x_wconf 89' lang='lat' dir='ltr'><strong>bene</strong></span> <span class='ocrx_word' id='word_1_360' title='bbox 586 3066 1064 3136; x_wconf 85' lang='lat' dir='ltr'><strong>dispensaverunt,</strong></span> <span class='ocrx_word' id='word_1_361' title='bbox 1118 3068 1367 3137; x_wconf 88' lang='lat' dir='ltr'><strong>superari</strong></span> <span class='ocrx_word' id='word_1_362' title='bbox 1406 3067 1693 3124; x_wconf 84' lang='lat' dir='ltr'><strong>videantur</strong></span> <span class='ocrx_word' id='word_1_363' title='bbox 1725 3085 1740 3125; x_wconf 90' lang='lat'><strong>:</strong></span> <span class='ocrx_word' id='word_1_364' title='bbox 1789 3077 1845 3137; x_wconf 83' lang='lat' dir='ltr'><strong>et</strong></span> 
     </span>
    </p>
   </div>
   <div class='ocr_carea' id='block_1_42' title="bbox 1945 1870 3543 1948">
    <p class='ocr_par' dir='ltr' id='par_1_42' title="bbox 1945 1870 3543 1948">
     <span class='ocr_line' id='line_1_42' title="bbox 1945 1870 3543 1948; baseline 0.007 -22"><span class='ocrx_word' id='word_1_365' title='bbox 1945 1870 2134 1926; x_wconf 91' lang='lat' dir='ltr'><strong>ciunt:</strong></span> <span class='ocrx_word' id='word_1_366' title='bbox 2165 1873 2290 1938; x_wconf 90' lang='lat' dir='ltr'><strong>sed,</strong></span> <span class='ocrx_word' id='word_1_367' title='bbox 2321 1872 2573 1929; x_wconf 88' lang='lat' dir='ltr'><strong>elationis</strong></span> <span class='ocrx_word' id='word_1_368' title='bbox 2601 1875 2798 1944; x_wconf 79' lang='lat' dir='ltr'><strong>fiducia</strong></span> <span class='ocrx_word' id='word_1_369' title='bbox 2831 1877 3060 1948; x_wconf 89' lang='lat' dir='ltr'><strong>decepti,</strong></span> <span class='ocrx_word' id='word_1_370' title='bbox 3097 1878 3325 1935; x_wconf 77' lang='lat' dir='ltr'><strong>fortibus</strong></span> <span class='ocrx_word' id='word_1_371' title='bbox 3347 1897 3409 1936; x_wconf 89' lang='lat' dir='ltr'><strong>ea</strong></span> <span class='ocrx_word' id='word_1_372' title='bbox 3452 1897 3543 1937; x_wconf 89' lang='lat' dir='ltr'><strong>su-</strong></span> 
     </span>
    </p>
   </div>
   <div class='ocr_carea' id='block_1_43' title="bbox 1944 1962 3537 2042">
    <p class='ocr_par' dir='ltr' id='par_1_43' title="bbox 1944 1962 3537 2042">
     <span class='ocr_line' id='line_1_43' title="bbox 1944 1962 3537 2042; baseline 0.007 -26"><span class='ocrx_word' id='word_1_373' title='bbox 1944 1962 2281 2031; x_wconf 86' lang='lat' dir='ltr'><strong>spicionibus</strong></span> <span class='ocrx_word' id='word_1_374' title='bbox 2319 1962 2582 2034; x_wconf 76' lang='lat' dir='ltr'><strong>jungunt,</strong></span> <span class='ocrx_word' id='word_1_375' title='bbox 2625 1974 2680 2021; x_wconf 93' lang='lat' dir='ltr'><strong>et</strong></span> <span class='ocrx_word' id='word_1_376' title='bbox 2709 1981 2816 2035; x_wconf 92' lang='lat' dir='ltr'><strong>quo</strong></span> <span class='ocrx_word' id='word_1_377' title='bbox 2844 1968 2912 2022; x_wconf 92' lang='lat' dir='ltr'><strong>de</strong></span> <span class='ocrx_word' id='word_1_378' title='bbox 2951 1982 3012 2024; x_wconf 85' lang='lat' dir='ltr'><strong>se</strong></span> <span class='ocrx_word' id='word_1_379' title='bbox 3051 1985 3244 2042; x_wconf 74' lang='lat' dir='ltr'><strong>magna</strong></span> <span class='ocrx_word' id='word_1_380' title='bbox 3277 1973 3537 2040; x_wconf 89' lang='lat' dir='ltr'><strong>sentiunt,</strong></span> 
     </span>
    </p>
   </div>
   <div class='ocr_carea' id='block_1_44' title="bbox 1945 2051 3540 2123">
    <p class='ocr_par' dir='ltr' id='par_1_44' title="bbox 1945 2051 3540 2123">
     <span class='ocr_line' id='line_1_44' title="bbox 1945 2051 3540 2123; baseline 0.01 -17"><span class='ocrx_word' id='word_1_381' title='bbox 1945 2065 2016 2107; x_wconf 89' lang='lat' dir='ltr'><strong>eo</strong></span> <span class='ocrx_word' id='word_1_382' title='bbox 2052 2051 2120 2106; x_wconf 87' lang='lat' dir='ltr'><strong>de</strong></span> <span class='ocrx_word' id='word_1_383' title='bbox 2179 2067 2276 2107; x_wconf 90' lang='lat' dir='ltr'><strong>sua</strong></span> <span class='ocrx_word' id='word_1_384' title='bbox 2334 2054 2574 2123; x_wconf 88' lang='lat' dir='ltr'><strong>nequitia</strong></span> <span class='ocrx_word' id='word_1_385' title='bbox 2621 2056 2900 2112; x_wconf 86' lang='lat' dir='ltr'><strong>emendari</strong></span> <span class='ocrx_word' id='word_1_386' title='bbox 2951 2067 3324 2116; x_wconf 88' lang='lat' dir='ltr'><strong>contemnunt.</strong></span> <span class='ocrx_word' id='word_1_387' title='bbox 3386 2061 3540 2122; x_wconf 76' lang='lat' dir='ltr'><strong>Unde</strong></span> 
     </span>
    </p>
   </div>
   <div class='ocr_carea' id='block_1_45' title="bbox 1946 2144 3538 2224">
    <p class='ocr_par' dir='ltr' id='par_1_45' title="bbox 1946 2144 3538 2224">
     <span class='ocr_line' id='line_1_45' title="bbox 1946 2144 3538 2224; baseline 0.007 -25"><span class='ocrx_word' id='word_1_388' title='bbox 1946 2152 2004 2200; x_wconf 86' lang='lat' dir='ltr'><strong>et</strong></span> <span class='ocrx_word' id='word_1_389' title='bbox 2050 2152 2198 2200; x_wconf 86' lang='lat' dir='ltr'><strong>recte</strong></span> <span class='ocrx_word' id='word_1_390' title='bbox 2247 2144 2596 2215; x_wconf 73' lang='lat' dir='ltr'><strong>subiungitur</strong></span> <span class='ocrx_word' id='word_1_391' title='bbox 2633 2165 2647 2202; x_wconf 90' lang='lat'>:</span> <span class='ocrx_word' id='word_1_392' title='bbox 2693 2165 2712 2198; x_wconf 72' lang='grc' dir='ltr'><strong>ι</strong></span> <span class='ocrx_word' id='word_1_393' title='bbox 2754 2147 2914 2202; x_wconf 90' lang='lat' dir='ltr'><strong>Aruit</strong></span> <span class='ocrx_word' id='word_1_394' title='bbox 2960 2157 3017 2205; x_wconf 88' lang='lat' dir='ltr'><strong>et</strong></span> <span class='ocrx_word' id='word_1_395' title='bbox 3061 2149 3203 2218; x_wconf 86' lang='lat' dir='ltr'><strong>facta</strong></span> <span class='ocrx_word' id='word_1_396' title='bbox 3249 2160 3334 2207; x_wconf 89' lang='lat' dir='ltr'><strong>est</strong></span> <span class='ocrx_word' id='word_1_397' title='bbox 3382 2155 3538 2224; x_wconf 88' lang='lat' dir='ltr'><strong>quasi</strong></span> 
     </span>
    </p>
   </div>
   <div class='ocr_carea' id='block_1_46' title="bbox 1946 2234 3538 2308">
    <p class='ocr_par' dir='ltr' id='par_1_46' title="bbox 1946 2234 3538 2308">
     <span class='ocr_line' id='line_1_46' title="bbox 1946 2234 3538 2308; baseline 0.007 -19"><span class='ocrx_word' id='word_1_398' title='bbox 1946 2234 2174 2305; x_wconf 80' lang='lat' dir='ltr'><strong>lignum.</strong></span> <span class='ocrx_word' id='word_1_399' title='bbox 2210 2257 2228 2288; x_wconf 74' lang='grc' dir='ltr'><strong>ι</strong></span> <span class='ocrx_word' id='word_1_400' title='bbox 2279 2237 2448 2307; x_wconf 88' lang='lat' dir='ltr'><strong>Culpa</strong></span> <span class='ocrx_word' id='word_1_401' title='bbox 2498 2238 2696 2308; x_wconf 90' lang='lat' dir='ltr'><strong>quippe</strong></span> <span class='ocrx_word' id='word_1_402' title='bbox 2747 2253 2934 2296; x_wconf 85' lang='lat' dir='ltr'><strong>eorum</strong></span> <span class='ocrx_word' id='word_1_403' title='bbox 2974 2248 3126 2296; x_wconf 88' lang='lat' dir='ltr'><strong>tanto</strong></span> <span class='ocrx_word' id='word_1_404' title='bbox 3174 2242 3538 2300; x_wconf 88' lang='lat' dir='ltr'><strong>insensibilior</strong></span> 
     </span>
    </p>
   </div>
   <div class='ocr_carea' id='block_1_47' title="bbox 1947 2326 3532 2400">
    <p class='ocr_par' dir='ltr' id='par_1_47' title="bbox 1947 2326 3532 2400">
     <span class='ocr_line' id='line_1_47' title="bbox 1947 2326 3532 2400; baseline 0.005 -19"><span class='ocrx_word' id='word_1_405' title='bbox 1947 2326 2195 2383; x_wconf 88' lang='lat' dir='ltr'><strong>redditur</strong></span> <span class='ocrx_word' id='word_1_406' title='bbox 2219 2344 2232 2380; x_wconf 89' lang='lat'><strong>:</strong></span> <span class='ocrx_word' id='word_1_407' title='bbox 2254 2336 2456 2397; x_wconf 88' lang='lat' dir='ltr'><strong>quanto</strong></span> <span class='ocrx_word' id='word_1_408' title='bbox 2478 2330 2619 2400; x_wconf 90' lang='lat' dir='ltr'><strong>apud</strong></span> <span class='ocrx_word' id='word_1_409' title='bbox 2645 2343 2739 2384; x_wconf 91' lang='lat' dir='ltr'><strong>eos</strong></span> <span class='ocrx_word' id='word_1_410' title='bbox 2770 2331 2938 2386; x_wconf 89' lang='lat' dir='ltr'><strong>etiam</strong></span> <span class='ocrx_word' id='word_1_411' title='bbox 2967 2331 3252 2389; x_wconf 85' lang='lat' dir='ltr'><strong>laudabilis</strong></span> <span class='ocrx_word' id='word_1_412' title='bbox 3280 2333 3532 2391; x_wconf 81' lang='lat' dir='ltr'><strong>habetur.</strong></span> 
     </span>
    </p>
   </div>
   <div class='ocr_carea' id='block_1_48' title="bbox 1948 2417 3535 2499">
    <p class='ocr_par' dir='ltr' id='par_1_48' title="bbox 1948 2417 3535 2499">
     <span class='ocr_line' id='line_1_48' title="bbox 1948 2417 3535 2499; baseline 0.006 -27"><span class='ocrx_word' id='word_1_413' title='bbox 1948 2417 2123 2486; x_wconf 90' lang='lat' dir='ltr'><strong>Quam</strong></span> <span class='ocrx_word' id='word_1_414' title='bbox 2165 2427 2314 2475; x_wconf 89' lang='lat' dir='ltr'><strong>recte</strong></span> <span class='ocrx_word' id='word_1_415' title='bbox 2351 2419 2560 2475; x_wconf 90' lang='lat' dir='ltr'><strong>aridam</strong></span> <span class='ocrx_word' id='word_1_416' title='bbox 2611 2421 2837 2488; x_wconf 89' lang='lat' dir='ltr'><strong>asserit,</strong></span> <span class='ocrx_word' id='word_1_417' title='bbox 2881 2423 3005 2493; x_wconf 88' lang='lat' dir='ltr'><strong>quia</strong></span> <span class='ocrx_word' id='word_1_418' title='bbox 3030 2423 3177 2494; x_wconf 83' lang='lat' dir='ltr'><strong>nulla</strong></span> <span class='ocrx_word' id='word_1_419' title='bbox 3209 2425 3292 2486; x_wconf 84' lang='lat' dir='ltr'><strong>sui</strong></span> <span class='ocrx_word' id='word_1_420' title='bbox 3327 2428 3535 2499; x_wconf 84' lang='lat' dir='ltr'><strong>cogita-</strong></span> 
     </span>
    </p>
   </div>
   <div class='ocr_carea' id='block_1_49' title="bbox 1950 2512 2424 2568">
    <p class='ocr_par' dir='ltr' id='par_1_49' title="bbox 1950 2512 2424 2568">
     <span class='ocr_line' id='line_1_49' title="bbox 1950 2512 2424 2568; baseline 0.002 -2"><span class='ocrx_word' id='word_1_421' title='bbox 1950 2513 2097 2568; x_wconf 89' lang='lat' dir='ltr'><strong>tione</strong></span> <span class='ocrx_word' id='word_1_422' title='bbox 2127 2512 2424 2568; x_wconf 74' lang='lat' dir='ltr'><strong>viridescit.</strong></span> 
     </span>
    </p>
   </div>
   <div class='ocr_carea' id='block_1_50' title="bbox 2022 2603 3536 2679">
    <p class='ocr_par' dir='ltr' id='par_1_50' title="bbox 2022 2603 3536 2679">
     <span class='ocr_line' id='line_1_50' title="bbox 2022 2603 3536 2679; baseline 0.005 -21"><span class='ocrx_word' id='word_1_423' title='bbox 2022 2603 2206 2659; x_wconf 73' lang='lat' dir='ltr'><strong>Tlteth.</strong></span> <span class='ocrx_word' id='word_1_424' title='bbox 2254 2623 2272 2656; x_wconf 76' lang='grc' dir='ltr'><strong>ι</strong></span> <span class='ocrx_word' id='word_1_425' title='bbox 2299 2604 2491 2661; x_wconf 77' lang='lat' dir='ltr'><strong>Melius</strong></span> <span class='ocrx_word' id='word_1_426' title='bbox 2530 2605 2630 2661; x_wconf 84' lang='lat' dir='ltr'><strong>fuit</strong></span> <span class='ocrx_word' id='word_1_427' title='bbox 2658 2606 2854 2670; x_wconf 90' lang='lat' dir='ltr'><strong>occisis</strong></span> <span class='ocrx_word' id='word_1_428' title='bbox 2877 2607 3076 2678; x_wconf 87' lang='lat' dir='ltr'><strong>gladio,</strong></span> <span class='ocrx_word' id='word_1_429' title='bbox 3113 2624 3274 2679; x_wconf 81' lang='lat' dir='ltr'><strong>quam</strong></span> <span class='ocrx_word' id='word_1_430' title='bbox 3315 2607 3536 2665; x_wconf 84' lang='lat' dir='ltr'><strong>interfe-</strong></span> 
     </span>
    </p>
   </div>
   <div class='ocr_carea' id='block_1_51' title="bbox 1955 2694 3535 2772">
    <p class='ocr_par' dir='ltr' id='par_1_51' title="bbox 1955 2694 3535 2772">
     <span class='ocr_line' id='line_1_51' title="bbox 1955 2694 3535 2772; baseline 0.007 -25"><span class='ocrx_word' id='word_1_431' title='bbox 1955 2713 1974 2747; x_wconf 76' lang='grc' dir='ltr'><strong>ι</strong></span> <span class='ocrx_word' id='word_1_432' title='bbox 2011 2695 2114 2750; x_wconf 89' lang='lat' dir='ltr'><strong>etis</strong></span> <span class='ocrx_word' id='word_1_433' title='bbox 2147 2694 2309 2762; x_wconf 88' lang='lat' dir='ltr'><strong>fame,</strong></span> <span class='ocrx_word' id='word_1_434' title='bbox 2344 2696 2603 2766; x_wconf 85' lang='lat' dir='ltr'><strong>quoniam</strong></span> <span class='ocrx_word' id='word_1_435' title='bbox 2640 2697 2730 2752; x_wconf 92' lang='lat' dir='ltr'><strong>isti</strong></span> <span class='ocrx_word' id='word_1_436' title='bbox 2773 2699 3136 2756; x_wconf 83' lang='lat' dir='ltr'><strong>extabuerunt</strong></span> <span class='ocrx_word' id='word_1_437' title='bbox 3165 2702 3474 2772; x_wconf 78' lang='lat' dir='ltr'><strong>consumpti</strong></span> <span class='ocrx_word' id='word_1_438' title='bbox 3503 2718 3535 2758; x_wconf 86' lang='lat' dir='ltr'><strong>a</strong></span> 
     </span>
    </p>
   </div>
   <div class='ocr_carea' id='block_1_52' title="bbox 1953 2788 3538 2862">
    <p class='ocr_par' dir='ltr' id='par_1_52' title="bbox 1953 2788 3538 2862">
     <span class='ocr_line' id='line_1_52' title="bbox 1953 2788 3538 2862; baseline 0.005 -20"><span class='ocrx_word' id='word_1_439' title='bbox 1953 2808 1973 2861; x_wconf 62' lang='grc' dir='ltr'><strong>ς</strong></span> <span class='ocrx_word' id='word_1_440' title='bbox 2008 2788 2294 2846; x_wconf 82' lang='lat' dir='ltr'><strong>sterilitate</strong></span> <span class='ocrx_word' id='word_1_441' title='bbox 2317 2797 2495 2846; x_wconf 64' lang='lat' dir='ltr'><strong>terrae.</strong></span> <span class='ocrx_word' id='word_1_442' title='bbox 2525 2809 2544 2840; x_wconf 78' lang='grc' dir='ltr'><strong>ι</strong></span> <span class='ocrx_word' id='word_1_443' title='bbox 2581 2790 2873 2862; x_wconf 72' lang='grc' dir='ltr'><strong>(ΜΑυιιυε.)</strong></span> <span class='ocrx_word' id='word_1_444' title='bbox 2895 2790 3167 2858; x_wconf 89' lang='lat' dir='ltr'><strong>Quantum</strong></span> <span class='ocrx_word' id='word_1_445' title='bbox 3193 2793 3260 2848; x_wconf 90' lang='lat' dir='ltr'><strong>ad</strong></span> <span class='ocrx_word' id='word_1_446' title='bbox 3278 2807 3538 2862; x_wconf 82' lang='lat' dir='ltr'><strong>compen-</strong></span> 
     </span>
    </p>
   </div>
   <div class='ocr_carea' id='block_1_53' title="bbox 1949 2881 3538 2956">
    <p class='ocr_par' dir='ltr' id='par_1_53' title="bbox 1949 2881 3538 2956">
     <span class='ocr_line' id='line_1_53' title="bbox 1949 2881 3538 2956; baseline 0.001 -18"><span class='ocrx_word' id='word_1_447' title='bbox 1949 2881 2098 2938; x_wconf 91' lang='lat' dir='ltr'><strong>dium</strong></span> <span class='ocrx_word' id='word_1_448' title='bbox 2128 2882 2322 2938; x_wconf 89' lang='lat' dir='ltr'><strong>mortis</strong></span> <span class='ocrx_word' id='word_1_449' title='bbox 2349 2882 2594 2952; x_wconf 90' lang='lat' dir='ltr'><strong>respicit,</strong></span> <span class='ocrx_word' id='word_1_450' title='bbox 2639 2883 2858 2939; x_wconf 87' lang='lat' dir='ltr'><strong>brevior</strong></span> <span class='ocrx_word' id='word_1_451' title='bbox 2884 2883 2989 2938; x_wconf 89' lang='lat' dir='ltr'><strong>fuit</strong></span> <span class='ocrx_word' id='word_1_452' title='bbox 3027 2899 3186 2954; x_wconf 63' lang='lat' dir='ltr'><strong>pinna</strong></span> <span class='ocrx_word' id='word_1_453' title='bbox 3227 2884 3405 2943; x_wconf 87' lang='lat' dir='ltr'><strong>subito</strong></span> <span class='ocrx_word' id='word_1_454' title='bbox 3431 2885 3538 2956; x_wconf 87' lang='lat' dir='ltr'><strong>gla-</strong></span> 
     </span>
    </p>
   </div>
   <div class='ocr_carea' id='block_1_54' title="bbox 1947 2975 3534 3046">
    <p class='ocr_par' dir='ltr' id='par_1_54' title="bbox 1947 2975 3534 3046">
     <span class='ocr_line' id='line_1_54' title="bbox 1947 2975 3534 3046; baseline 0.001 -16"><span class='ocrx_word' id='word_1_455' title='bbox 1947 2975 2038 3031; x_wconf 91' lang='lat' dir='ltr'><strong>dio</strong></span> <span class='ocrx_word' id='word_1_456' title='bbox 2067 2976 2399 3042; x_wconf 89' lang='lat' dir='ltr'><strong>occisorum,</strong></span> <span class='ocrx_word' id='word_1_457' title='bbox 2428 2993 2594 3046; x_wconf 87' lang='lat' dir='ltr'><strong>quam</strong></span> <span class='ocrx_word' id='word_1_458' title='bbox 2639 2975 2783 3032; x_wconf 86' lang='lat' dir='ltr'><strong>fame</strong></span> <span class='ocrx_word' id='word_1_459' title='bbox 2830 2985 2887 3033; x_wconf 91' lang='lat' dir='ltr'><strong>et</strong></span> <span class='ocrx_word' id='word_1_460' title='bbox 2933 2978 3025 3032; x_wconf 89' lang='lat' dir='ltr'><strong>siti</strong></span> <span class='ocrx_word' id='word_1_461' title='bbox 3076 2978 3167 3033; x_wconf 89' lang='lat' dir='ltr'><strong>diu</strong></span> <span class='ocrx_word' id='word_1_462' title='bbox 3199 2979 3534 3036; x_wconf 77' lang='lat' dir='ltr'><strong>excruciato-</strong></span> 
     </span>
    </p>
   </div>
   <div class='ocr_carea' id='block_1_55' title="bbox 1950 3066 3539 3140">
    <p class='ocr_par' dir='ltr' id='par_1_55' title="bbox 1950 3066 3539 3140">
     <span class='ocr_line' id='line_1_55' title="bbox 1950 3066 3539 3140; baseline 0.003 -20"><span class='ocrx_word' id='word_1_463' title='bbox 1950 3081 2092 3120; x_wconf 91' lang='lat' dir='ltr'><strong>rum.</strong></span> <span class='ocrx_word' id='word_1_464' title='bbox 2121 3066 2394 3133; x_wconf 89' lang='lat' dir='ltr'><strong>Quantum</strong></span> <span class='ocrx_word' id='word_1_465' title='bbox 2423 3081 2554 3123; x_wconf 89' lang='lat' dir='ltr'><strong>vero</strong></span> <span class='ocrx_word' id='word_1_466' title='bbox 2585 3069 2652 3136; x_wconf 82' lang='lat' dir='ltr'><strong>ad</strong></span> <span class='ocrx_word' id='word_1_467' title='bbox 2699 3069 3000 3140; x_wconf 81' lang='lat' dir='ltr'><strong>spiritalem</strong></span> <span class='ocrx_word' id='word_1_468' title='bbox 3026 3084 3249 3132; x_wconf 77' lang='lat' dir='ltr'><strong>sensum</strong></span> <span class='ocrx_word' id='word_1_469' title='bbox 3278 3069 3539 3138; x_wconf 85' lang='lat' dir='ltr'><strong>pertinet,</strong></span> 
     </span>
    </p>
   </div>
   <div class='ocr_carea' id='block_1_56' title="bbox 263 3135 3538 3232">
    <p class='ocr_par' dir='ltr' id='par_1_56' title="bbox 263 3135 3538 3232">
     <span class='ocr_line' id='line_1_56' title="bbox 263 3135 3538 3232; baseline 0 -17"><span class='ocrx_word' id='word_1_470' title='bbox 263 3159 605 3216; x_wconf 86' lang='lat' dir='ltr'><strong>candidiores</strong></span> <span class='ocrx_word' id='word_1_471' title='bbox 628 3135 782 3226; x_wconf 84' lang='lat' dir='ltr'><strong>nive,</strong></span> <span class='ocrx_word' id='word_1_472' title='bbox 814 3170 868 3214; x_wconf 90' lang='lat' dir='ltr'><strong>et</strong></span> <span class='ocrx_word' id='word_1_473' title='bbox 894 3135 1345 3214; x_wconf 40' lang='lat' dir='ltr'><strong>nitidiores—lacte</strong></span> <span class='ocrx_word' id='word_1_474' title='bbox 1377 3158 1709 3215; x_wconf 87' lang='lat' dir='ltr'><strong>referuntur.</strong></span> <span class='ocrx_word' id='word_1_475' title='bbox 1739 3135 1840 3227; x_wconf 88' lang='lat' dir='ltr'><strong>Qui</strong></span> <span class='ocrx_word' id='word_1_476' title='bbox 1871 3144 1915 3205; x_wconf 83' lang='lat' dir='ltr'><strong>C</strong></span> <span class='ocrx_word' id='word_1_477' title='bbox 1947 3156 2141 3213; x_wconf 86' lang='lat' dir='ltr'><strong>melius</strong></span> <span class='ocrx_word' id='word_1_478' title='bbox 2185 3158 2288 3212; x_wconf 86' lang='lat' dir='ltr'><strong>fuit</strong></span> <span class='ocrx_word' id='word_1_479' title='bbox 2346 3135 2605 3229; x_wconf 74' lang='lat' dir='ltr'><strong>apostolis</strong></span> <span class='ocrx_word' id='word_1_480' title='bbox 2650 3167 2706 3214; x_wconf 88' lang='lat' dir='ltr'><strong>et</strong></span> <span class='ocrx_word' id='word_1_481' title='bbox 2729 3135 3198 3230; x_wconf 47' lang='lat' dir='ltr'><strong>—pr.edicatoribus</strong></span> <span class='ocrx_word' id='word_1_482' title='bbox 3237 3135 3538 3232; x_wconf 72' lang='lat' dir='ltr'><strong>Evangelii,</strong></span> 
     </span>
    </p>
   </div>
   <div class='ocr_carea' id='block_1_57' title="bbox 263 3249 1846 3322">
    <p class='ocr_par' dir='ltr' id='par_1_57' title="bbox 263 3249 1846 3322">
     <span class='ocr_line' id='line_1_57' title="bbox 263 3249 1846 3322; baseline 0.001 -14"><span class='ocrx_word' id='word_1_483' title='bbox 263 3254 464 3316; x_wconf 89' lang='lat' dir='ltr'><strong>etiam,</strong></span> <span class='ocrx_word' id='word_1_484' title='bbox 498 3250 622 3320; x_wconf 83' lang='lat' dir='ltr'><strong>quia</strong></span> <span class='ocrx_word' id='word_1_485' title='bbox 663 3266 762 3322; x_wconf 89' lang='lat' dir='ltr'><strong>per</strong></span> <span class='ocrx_word' id='word_1_486' title='bbox 793 3249 1062 3308; x_wconf 82' lang='lat' dir='ltr'><strong>fervorem</strong></span> <span class='ocrx_word' id='word_1_487' title='bbox 1103 3251 1361 3320; x_wconf 80' lang='lat' dir='ltr'><strong>spiritus,</strong></span> <span class='ocrx_word' id='word_1_488' title='bbox 1401 3253 1749 3322; x_wconf 85' lang='lat' dir='ltr'><strong>antiquorum</strong></span> <span class='ocrx_word' id='word_1_489' title='bbox 1781 3269 1846 3310; x_wconf 90' lang='lat' dir='ltr'><strong>ac</strong></span> 
     </span>
    </p>
   </div>
   <div class='ocr_carea' id='block_1_58' title="bbox 265 3345 1849 3415">
    <p class='ocr_par' dir='ltr' id='par_1_58' title="bbox 265 3345 1849 3415">
     <span class='ocr_line' id='line_1_58' title="bbox 265 3345 1849 3415; baseline 0.001 -15"><span class='ocrx_word' id='word_1_490' title='bbox 265 3345 483 3401; x_wconf 87' lang='lat' dir='ltr'><strong>fortium</strong></span> <span class='ocrx_word' id='word_1_491' title='bbox 517 3353 733 3415; x_wconf 89' lang='lat' dir='ltr'><strong>patrum</strong></span> <span class='ocrx_word' id='word_1_492' title='bbox 759 3360 1144 3415; x_wconf 88' lang='lat' dir='ltr'><strong>nonnunquam</strong></span> <span class='ocrx_word' id='word_1_493' title='bbox 1176 3345 1395 3401; x_wconf 89' lang='lat' dir='ltr'><strong>vincere</strong></span> <span class='ocrx_word' id='word_1_494' title='bbox 1428 3346 1596 3400; x_wconf 85' lang='lat' dir='ltr'><strong>vitam</strong></span> <span class='ocrx_word' id='word_1_495' title='bbox 1626 3347 1849 3414; x_wconf 81' lang='lat' dir='ltr'><strong>videan-</strong></span> 
     </span>
    </p>
   </div>
   <div class='ocr_carea' id='block_1_59' title="bbox 261 3436 1840 3508">
    <p class='ocr_par' dir='ltr' id='par_1_59' title="bbox 261 3436 1840 3508">
     <span class='ocr_line' id='line_1_59' title="bbox 261 3436 1840 3508; baseline -0.001 -16"><span class='ocrx_word' id='word_1_496' title='bbox 261 3447 374 3506; x_wconf 92' lang='lat' dir='ltr'><strong>tur,</strong></span> <span class='ocrx_word' id='word_1_497' title='bbox 391 3448 538 3492; x_wconf 88' lang='lat' dir='ltr'><strong>recte</strong></span> <span class='ocrx_word' id='word_1_498' title='bbox 553 3437 889 3508; x_wconf 90' lang='lat' dir='ltr'><strong>adiungitur:</strong></span> <span class='ocrx_word' id='word_1_499' title='bbox 912 3455 929 3488; x_wconf 72' lang='grc' dir='ltr'><strong>ι</strong></span> <span class='ocrx_word' id='word_1_500' title='bbox 943 3436 1372 3492; x_wconf 85' lang='lat' dir='ltr'><strong>Rubicundiores</strong></span> <span class='ocrx_word' id='word_1_501' title='bbox 1384 3437 1548 3492; x_wconf 89' lang='lat' dir='ltr'><strong>ebore</strong></span> <span class='ocrx_word' id='word_1_502' title='bbox 1561 3437 1804 3506; x_wconf 89' lang='lat' dir='ltr'><strong>antiquo.</strong></span> <span class='ocrx_word' id='word_1_503' title='bbox 1819 3456 1840 3490; x_wconf 81' lang='grc'><strong>›</strong></span> 
     </span>
    </p>
   </div>
   <div class='ocr_carea' id='block_1_60' title="bbox 262 3527 1848 3597">
    <p class='ocr_par' dir='ltr' id='par_1_60' title="bbox 262 3527 1848 3597">
     <span class='ocr_line' id='line_1_60' title="bbox 262 3527 1848 3597; baseline -0.001 -14"><span class='ocrx_word' id='word_1_504' title='bbox 262 3528 400 3583; x_wconf 88' lang='lat' dir='ltr'><strong>Dum</strong></span> <span class='ocrx_word' id='word_1_505' title='bbox 442 3527 585 3582; x_wconf 90' lang='lat' dir='ltr'><strong>enim</strong></span> <span class='ocrx_word' id='word_1_506' title='bbox 616 3527 833 3582; x_wconf 89' lang='lat' dir='ltr'><strong>ruboris</strong></span> <span class='ocrx_word' id='word_1_507' title='bbox 866 3541 1062 3582; x_wconf 89' lang='lat' dir='ltr'><strong>nomen</strong></span> <span class='ocrx_word' id='word_1_508' title='bbox 1105 3527 1452 3597; x_wconf 88' lang='lat' dir='ltr'><strong>imprimitur,</strong></span> <span class='ocrx_word' id='word_1_509' title='bbox 1488 3528 1661 3584; x_wconf 88' lang='lat' dir='ltr'><strong>sancti</strong></span> <span class='ocrx_word' id='word_1_510' title='bbox 1707 3528 1848 3582; x_wconf 86' lang='lat' dir='ltr'><strong>desi-</strong></span> 
     </span>
    </p>
   </div>
   <div class='ocr_carea' id='block_1_61' title="bbox 261 3617 1846 3689">
    <p class='ocr_par' dir='ltr' id='par_1_61' title="bbox 261 3617 1846 3689">
     <span class='ocr_line' id='line_1_61' title="bbox 261 3617 1846 3689; baseline -0.002 -14"><span class='ocrx_word' id='word_1_511' title='bbox 261 3621 395 3675; x_wconf 88' lang='lat' dir='ltr'><strong>derii</strong></span> <span class='ocrx_word' id='word_1_512' title='bbox 424 3619 637 3672; x_wconf 81' lang='lat' dir='ltr'><strong>ﬂamma</strong></span> <span class='ocrx_word' id='word_1_513' title='bbox 670 3617 932 3689; x_wconf 88' lang='lat' dir='ltr'><strong>signatur.</strong></span> <span class='ocrx_word' id='word_1_514' title='bbox 962 3617 1108 3671; x_wconf 88' lang='lat' dir='ltr'><strong>Ebur</strong></span> <span class='ocrx_word' id='word_1_515' title='bbox 1137 3632 1267 3672; x_wconf 88' lang='lat' dir='ltr'><strong>vero</strong></span> <span class='ocrx_word' id='word_1_516' title='bbox 1299 3631 1420 3672; x_wconf 88' lang='lat' dir='ltr'><strong>esse</strong></span> <span class='ocrx_word' id='word_1_517' title='bbox 1441 3631 1502 3673; x_wconf 90' lang='lat' dir='ltr'><strong>os</strong></span> <span class='ocrx_word' id='word_1_518' title='bbox 1527 3632 1846 3688; x_wconf 82' lang='lat' dir='ltr'><strong>magnorum</strong></span> 
     </span>
    </p>
   </div>
   <div class='ocr_carea' id='block_1_62' title="bbox 263 3712 1847 3784">
    <p class='ocr_par' dir='ltr' id='par_1_62' title="bbox 263 3712 1847 3784">
     <span class='ocr_line' id='line_1_62' title="bbox 263 3712 1847 3784; baseline 0.001 -16"><span class='ocrx_word' id='word_1_519' title='bbox 263 3715 576 3769; x_wconf 86' lang='lat' dir='ltr'><strong>animalium</strong></span> <span class='ocrx_word' id='word_1_520' title='bbox 609 3729 714 3769; x_wconf 92' lang='lat' dir='ltr'><strong>non</strong></span> <span class='ocrx_word' id='word_1_521' title='bbox 744 3713 1070 3784; x_wconf 83' lang='lat' dir='ltr'><strong>ignoramus.</strong></span> <span class='ocrx_word' id='word_1_522' title='bbox 1097 3712 1272 3768; x_wconf 88' lang='lat' dir='ltr'><strong>Ebore</strong></span> <span class='ocrx_word' id='word_1_523' title='bbox 1307 3713 1490 3784; x_wconf 86' lang='lat' dir='ltr'><strong>itaque</strong></span> <span class='ocrx_word' id='word_1_524' title='bbox 1510 3713 1734 3784; x_wconf 90' lang='lat' dir='ltr'><strong>antiquo</strong></span> <span class='ocrx_word' id='word_1_525' title='bbox 1756 3731 1847 3769; x_wconf 86' lang='lat' dir='ltr'><strong>ru-</strong></span> 
     </span>
    </p>
   </div>
   <div class='ocr_carea' id='block_1_63' title="bbox 262 3806 1846 3877">
    <p class='ocr_par' dir='ltr' id='par_1_63' title="bbox 262 3806 1846 3877">
     <span class='ocr_line' id='line_1_63' title="bbox 262 3806 1846 3877; baseline 0.003 -15"><span class='ocrx_word' id='word_1_526' title='bbox 262 3807 610 3862; x_wconf 87' lang='lat' dir='ltr'><strong>bicundiores</strong></span> <span class='ocrx_word' id='word_1_527' title='bbox 652 3813 798 3869; x_wconf 88' lang='lat' dir='ltr'><strong>sunt,</strong></span> <span class='ocrx_word' id='word_1_528' title='bbox 826 3806 953 3876; x_wconf 83' lang='lat' dir='ltr'><strong>quia</strong></span> <span class='ocrx_word' id='word_1_529' title='bbox 998 3821 1140 3877; x_wconf 67' lang='lat' dir='ltr'><strong>saepe</strong></span> <span class='ocrx_word' id='word_1_530' title='bbox 1186 3816 1312 3861; x_wconf 90' lang='lat' dir='ltr'><strong>ante</strong></span> <span class='ocrx_word' id='word_1_531' title='bbox 1361 3807 1628 3863; x_wconf 87' lang='lat' dir='ltr'><strong>humanos</strong></span> <span class='ocrx_word' id='word_1_532' title='bbox 1659 3808 1846 3866; x_wconf 88' lang='lat' dir='ltr'><strong>oculos</strong></span> 
     </span>
    </p>
   </div>
   <div class='ocr_carea' id='block_1_64' title="bbox 262 3897 1846 3968">
    <p class='ocr_par' dir='ltr' id='par_1_64' title="bbox 262 3897 1846 3968">
     <span class='ocr_line' id='line_1_64' title="bbox 262 3897 1846 3968; baseline 0.001 -15"><span class='ocrx_word' id='word_1_533' title='bbox 262 3899 532 3953; x_wconf 90' lang='lat' dir='ltr'><strong>nonnullis</strong></span> <span class='ocrx_word' id='word_1_534' title='bbox 568 3897 996 3968; x_wconf 67' lang='lat' dir='ltr'><strong>praecedentibus</strong></span> <span class='ocrx_word' id='word_1_535' title='bbox 1033 3897 1280 3967; x_wconf 87' lang='lat' dir='ltr'><strong>patribus</strong></span> <span class='ocrx_word' id='word_1_536' title='bbox 1307 3898 1468 3952; x_wconf 92' lang='lat' dir='ltr'><strong>studii</strong></span> <span class='ocrx_word' id='word_1_537' title='bbox 1505 3898 1846 3955; x_wconf 81' lang='lat' dir='ltr'><strong>ferventioris</strong></span> 
     </span>
    </p>
   </div>
   <div class='ocr_carea' id='block_1_65' title="bbox 261 3988 1848 4058">
    <p class='ocr_par' dir='ltr' id='par_1_65' title="bbox 261 3988 1848 4058">
     <span class='ocr_line' id='line_1_65' title="bbox 261 3988 1848 4058; baseline 0.001 -16"><span class='ocrx_word' id='word_1_538' title='bbox 261 3990 524 4044; x_wconf 89' lang='lat' dir='ltr'><strong>existunt.</strong></span> <span class='ocrx_word' id='word_1_539' title='bbox 568 3989 640 4043; x_wconf 92' lang='lat' dir='ltr'><strong>De</strong></span> <span class='ocrx_word' id='word_1_540' title='bbox 679 3989 876 4058; x_wconf 91' lang='lat' dir='ltr'><strong>quibus</strong></span> <span class='ocrx_word' id='word_1_541' title='bbox 905 3997 966 4042; x_wconf 93' lang='lat' dir='ltr'><strong>ut</strong></span> <span class='ocrx_word' id='word_1_542' title='bbox 995 3996 1166 4042; x_wconf 91' lang='lat' dir='ltr'><strong>totum</strong></span> <span class='ocrx_word' id='word_1_543' title='bbox 1201 3988 1361 4043; x_wconf 89' lang='lat' dir='ltr'><strong>simul</strong></span> <span class='ocrx_word' id='word_1_544' title='bbox 1389 3990 1709 4044; x_wconf 88' lang='lat' dir='ltr'><strong>ostendatur</strong></span> <span class='ocrx_word' id='word_1_545' title='bbox 1750 3991 1848 4044; x_wconf 87' lang='lat' dir='ltr'><strong>ad-</strong></span> 
     </span>
    </p>
   </div>
   <div class='ocr_carea' id='block_1_66' title="bbox 253 4077 1844 4151">
    <p class='ocr_par' dir='ltr' id='par_1_66' title="bbox 253 4077 1844 4151">
     <span class='ocr_line' id='line_1_66' title="bbox 253 4077 1844 4151; baseline 0.002 -20"><span class='ocrx_word' id='word_1_546' title='bbox 253 4078 537 4149; x_wconf 83' lang='lat' dir='ltr'><strong>iungitur:</strong></span> <span class='ocrx_word' id='word_1_547' title='bbox 571 4095 590 4128; x_wconf 79' lang='lat'><strong>¢</strong></span> <span class='ocrx_word' id='word_1_548' title='bbox 629 4077 898 4147; x_wconf 87' lang='lat' dir='ltr'><strong>Sapphiro</strong></span> <span class='ocrx_word' id='word_1_549' title='bbox 935 4077 1292 4148; x_wconf 88' lang='lat' dir='ltr'><strong>pulchriores.</strong></span> <span class='ocrx_word' id='word_1_550' title='bbox 1325 4099 1344 4132; x_wconf 73' lang='grc' dir='ltr'><strong>ι</strong></span> <span class='ocrx_word' id='word_1_551' title='bbox 1372 4078 1620 4134; x_wconf 69' lang='grc' dir='ltr'>Ᾱέιιιετεί</span> <span class='ocrx_word' id='word_1_552' title='bbox 1647 4080 1844 4151; x_wconf 90' lang='lat' dir='ltr'><strong>quippe</strong></span> 
     </span>
    </p>
   </div>
   <div class='ocr_carea' id='block_1_67' title="bbox 258 4169 1846 4240">
    <p class='ocr_par' dir='ltr' id='par_1_67' title="bbox 258 4169 1846 4240">
     <span class='ocr_line' id='line_1_67' title="bbox 258 4169 1846 4240; baseline -0.001 -14"><span class='ocrx_word' id='word_1_553' title='bbox 258 4171 457 4226; x_wconf 87' lang='lat' dir='ltr'><strong>coloris</strong></span> <span class='ocrx_word' id='word_1_554' title='bbox 491 4180 576 4225; x_wconf 90' lang='lat' dir='ltr'><strong>est</strong></span> <span class='ocrx_word' id='word_1_555' title='bbox 616 4170 926 4240; x_wconf 86' lang='lat' dir='ltr'><strong>sapphirus,</strong></span> <span class='ocrx_word' id='word_1_556' title='bbox 971 4178 1027 4224; x_wconf 92' lang='lat' dir='ltr'><strong>et</strong></span> <span class='ocrx_word' id='word_1_557' title='bbox 1076 4169 1202 4240; x_wconf 91' lang='lat' dir='ltr'><strong>quia</strong></span> <span class='ocrx_word' id='word_1_558' title='bbox 1237 4171 1603 4239; x_wconf 74' lang='lat' dir='ltr'><strong>pra-cedentes</strong></span> <span class='ocrx_word' id='word_1_559' title='bbox 1649 4172 1846 4228; x_wconf 89' lang='lat' dir='ltr'><strong>multos</strong></span> 
     </span>
    </p>
   </div>
   <div class='ocr_carea' id='block_1_68' title="bbox 259 4260 1848 4332">
    <p class='ocr_par' dir='ltr' id='par_1_68' title="bbox 259 4260 1848 4332">
     <span class='ocr_line' id='line_1_68' title="bbox 259 4260 1848 4332; baseline 0 -15"><span class='ocrx_word' id='word_1_560' title='bbox 259 4272 423 4332; x_wconf 87' lang='lat' dir='ltr'><strong>atque</strong></span> <span class='ocrx_word' id='word_1_561' title='bbox 449 4260 516 4316; x_wconf 88' lang='lat' dir='ltr'><strong>ad</strong></span> <span class='ocrx_word' id='word_1_562' title='bbox 544 4275 772 4331; x_wconf 87' lang='lat' dir='ltr'><strong>superna</strong></span> <span class='ocrx_word' id='word_1_563' title='bbox 804 4260 1108 4326; x_wconf 84' lang='lat' dir='ltr'><strong>tendentes,</strong></span> <span class='ocrx_word' id='word_1_564' title='bbox 1133 4275 1230 4331; x_wconf 90' lang='lat' dir='ltr'><strong>per</strong></span> <span class='ocrx_word' id='word_1_565' title='bbox 1255 4260 1532 4318; x_wconf 65' lang='lat' dir='ltr'><strong>caelestem</strong></span> <span class='ocrx_word' id='word_1_566' title='bbox 1562 4276 1848 4317; x_wconf 85' lang='lat' dir='ltr'><strong>conversa-</strong></span> 
     </span>
    </p>
   </div>
   <div class='ocr_carea' id='block_1_69' title="bbox 261 4352 1846 4424">
    <p class='ocr_par' dir='ltr' id='par_1_69' title="bbox 261 4352 1846 4424">
     <span class='ocr_line' id='line_1_69' title="bbox 261 4352 1846 4424; baseline -0.001 -14"><span class='ocrx_word' id='word_1_567' title='bbox 261 4356 463 4411; x_wconf 90' lang='lat' dir='ltr'><strong>tionem</strong></span> <span class='ocrx_word' id='word_1_568' title='bbox 505 4353 754 4408; x_wconf 90' lang='lat' dir='ltr'><strong>videntur</strong></span> <span class='ocrx_word' id='word_1_569' title='bbox 798 4352 1038 4418; x_wconf 88' lang='lat' dir='ltr'><strong>vincere,</strong></span> <span class='ocrx_word' id='word_1_570' title='bbox 1082 4360 1375 4408; x_wconf 84' lang='lat' dir='ltr'><strong>narrantur</strong></span> <span class='ocrx_word' id='word_1_571' title='bbox 1425 4353 1682 4424; x_wconf 85' lang='lat' dir='ltr'><strong>sapphiro</strong></span> <span class='ocrx_word' id='word_1_572' title='bbox 1727 4353 1846 4424; x_wconf 89' lang='lat' dir='ltr'><strong>pul-</strong></span> 
     </span>
    </p>
   </div>
   <div class='ocr_carea' id='block_1_70' title="bbox 259 4447 1840 4517">
    <p class='ocr_par' dir='ltr' id='par_1_70' title="bbox 259 4447 1840 4517">
     <span class='ocr_line' id='line_1_70' title="bbox 259 4447 1840 4517; baseline 0.001 -12"><span class='ocrx_word' id='word_1_573' title='bbox 259 4451 506 4506; x_wconf 87' lang='lat' dir='ltr'><strong>chriores</strong></span> <span class='ocrx_word' id='word_1_574' title='bbox 559 4449 852 4504; x_wconf 79' lang='lat' dir='ltr'><strong>exstitisse.</strong></span> <span class='ocrx_word' id='word_1_575' title='bbox 899 4447 1009 4503; x_wconf 91' lang='lat' dir='ltr'><strong>Sed</strong></span> <span class='ocrx_word' id='word_1_576' title='bbox 1054 4447 1373 4517; x_wconf 89' lang='lat' dir='ltr'><strong>plerumque</strong></span> <span class='ocrx_word' id='word_1_577' title='bbox 1406 4447 1534 4501; x_wconf 90' lang='lat' dir='ltr'><strong>dum</strong></span> <span class='ocrx_word' id='word_1_578' title='bbox 1582 4447 1840 4506; x_wconf 87' lang='lat' dir='ltr'><strong>virtutum</strong></span> 
     </span>
    </p>
   </div>
   <div class='ocr_carea' id='block_1_71' title="bbox 1946 3247 3539 3322">
    <p class='ocr_par' dir='ltr' id='par_1_71' title="bbox 1946 3247 3539 3322">
     <span class='ocr_line' id='line_1_71' title="bbox 1946 3247 3539 3322; baseline 0.006 -20"><span class='ocrx_word' id='word_1_579' title='bbox 1946 3247 2098 3303; x_wconf 79' lang='lat' dir='ltr'><strong>brevi</strong></span> <span class='ocrx_word' id='word_1_580' title='bbox 2143 3262 2304 3318; x_wconf 64' lang='lat' dir='ltr'><strong>paena</strong></span> <span class='ocrx_word' id='word_1_581' title='bbox 2333 3249 2577 3319; x_wconf 89' lang='lat' dir='ltr'><strong>corporis</strong></span> <span class='ocrx_word' id='word_1_582' title='bbox 2604 3265 2703 3320; x_wconf 92' lang='lat' dir='ltr'><strong>pro</strong></span> <span class='ocrx_word' id='word_1_583' title='bbox 2737 3250 2937 3306; x_wconf 87' lang='lat' dir='ltr'><strong>Christi</strong></span> <span class='ocrx_word' id='word_1_584' title='bbox 2971 3251 3189 3307; x_wconf 89' lang='lat' dir='ltr'><strong>nomine</strong></span> <span class='ocrx_word' id='word_1_585' title='bbox 3217 3252 3284 3308; x_wconf 84' lang='lat' dir='ltr'><strong>ad</strong></span> <span class='ocrx_word' id='word_1_586' title='bbox 3325 3261 3539 3322; x_wconf 75' lang='lat' dir='ltr'><strong>tenipus</strong></span> 
     </span>
    </p>
   </div>
   <div class='ocr_carea' id='block_1_72' title="bbox 1943 3338 3536 3414">
    <p class='ocr_par' dir='ltr' id='par_1_72' title="bbox 1943 3338 3536 3414">
     <span class='ocr_line' id='line_1_72' title="bbox 1943 3338 3536 3414; baseline 0.006 -24"><span class='ocrx_word' id='word_1_587' title='bbox 1943 3338 2130 3408; x_wconf 84' lang='lat' dir='ltr'><strong>plecti,</strong></span> <span class='ocrx_word' id='word_1_588' title='bbox 2171 3346 2226 3394; x_wconf 90' lang='lat' dir='ltr'><strong>et</strong></span> <span class='ocrx_word' id='word_1_589' title='bbox 2268 3349 2456 3409; x_wconf 87' lang='lat' dir='ltr'><strong>postea</strong></span> <span class='ocrx_word' id='word_1_590' title='bbox 2504 3341 2559 3395; x_wconf 93' lang='lat' dir='ltr'><strong>in</strong></span> <span class='ocrx_word' id='word_1_591' title='bbox 2608 3349 2812 3402; x_wconf 83' lang='lat' dir='ltr'><strong>acterna</strong></span> <span class='ocrx_word' id='word_1_592' title='bbox 2858 3343 3042 3399; x_wconf 72' lang='lat' dir='ltr'><strong>laetitia</strong></span> <span class='ocrx_word' id='word_1_593' title='bbox 3073 3344 3343 3410; x_wconf 89' lang='lat' dir='ltr'><strong>coronari,</strong></span> <span class='ocrx_word' id='word_1_594' title='bbox 3373 3360 3536 3414; x_wconf 87' lang='lat' dir='ltr'><strong>quam</strong></span> 
     </span>
    </p>
   </div>
   <div class='ocr_carea' id='block_1_73' title="bbox 1947 3431 3534 3505">
    <p class='ocr_par' dir='ltr' id='par_1_73' title="bbox 1947 3431 3534 3505">
     <span class='ocr_line' id='line_1_73' title="bbox 1947 3431 3534 3505; baseline 0.003 -21"><span class='ocrx_word' id='word_1_595' title='bbox 1947 3431 2390 3499; x_wconf 83' lang='lat' dir='ltr'><strong>persecutoribus</strong></span> <span class='ocrx_word' id='word_1_596' title='bbox 2434 3447 2624 3488; x_wconf 90' lang='lat' dir='ltr'><strong>eorum</strong></span> <span class='ocrx_word' id='word_1_597' title='bbox 2665 3432 2822 3505; x_wconf 87' lang='lat' dir='ltr'><strong>longa</strong></span> <span class='ocrx_word' id='word_1_598' title='bbox 2861 3433 3039 3490; x_wconf 87' lang='lat' dir='ltr'><strong>inedia</strong></span> <span class='ocrx_word' id='word_1_599' title='bbox 3083 3435 3235 3492; x_wconf 85' lang='lat' dir='ltr'><strong>verbi</strong></span> <span class='ocrx_word' id='word_1_600' title='bbox 3264 3435 3361 3491; x_wconf 86' lang='lat' dir='ltr'><strong>Dei</strong></span> <span class='ocrx_word' id='word_1_601' title='bbox 3390 3436 3534 3494; x_wconf 80' lang='lat' dir='ltr'><strong>tabe-</strong></span> 
     </span>
    </p>
   </div>
   <div class='ocr_carea' id='block_1_74' title="bbox 1947 3521 3539 3595">
    <p class='ocr_par' dir='ltr' id='par_1_74' title="bbox 1947 3521 3539 3595">
     <span class='ocr_line' id='line_1_74' title="bbox 1947 3521 3539 3595; baseline 0.004 -19"><span class='ocrx_word' id='word_1_602' title='bbox 1947 3521 2087 3589; x_wconf 84' lang='lat' dir='ltr'><strong>fieri,</strong></span> <span class='ocrx_word' id='word_1_603' title='bbox 2114 3532 2170 3578; x_wconf 87' lang='lat' dir='ltr'><strong>et</strong></span> <span class='ocrx_word' id='word_1_604' title='bbox 2210 3533 2434 3595; x_wconf 88' lang='lat' dir='ltr'><strong>propter</strong></span> <span class='ocrx_word' id='word_1_605' title='bbox 2459 3524 2802 3580; x_wconf 86' lang='lat' dir='ltr'><strong>sterilitatem</strong></span> <span class='ocrx_word' id='word_1_606' title='bbox 2831 3535 2888 3581; x_wconf 92' lang='lat' dir='ltr'><strong>et</strong></span> <span class='ocrx_word' id='word_1_607' title='bbox 2929 3525 3403 3582; x_wconf 72' lang='lat' dir='ltr'><strong>infmcunditatem</strong></span> <span class='ocrx_word' id='word_1_608' title='bbox 3442 3528 3539 3584; x_wconf 84' lang='lat' dir='ltr'><strong>bo-</strong></span> 
     </span>
    </p>
   </div>
   <div class='ocr_carea' id='block_1_75' title="bbox 1945 3615 3535 3685">
    <p class='ocr_par' dir='ltr' id='par_1_75' title="bbox 1945 3615 3535 3685">
     <span class='ocr_line' id='line_1_75' title="bbox 1945 3615 3535 3685; baseline 0.002 -17"><span class='ocrx_word' id='word_1_609' title='bbox 1945 3629 2140 3670; x_wconf 88' lang='lat' dir='ltr'><strong>norum</strong></span> <span class='ocrx_word' id='word_1_610' title='bbox 2189 3628 2416 3685; x_wconf 89' lang='lat' dir='ltr'><strong>operum</strong></span> <span class='ocrx_word' id='word_1_611' title='bbox 2463 3615 2533 3670; x_wconf 89' lang='lat' dir='ltr'><strong>ad</strong></span> <span class='ocrx_word' id='word_1_612' title='bbox 2565 3625 2867 3672; x_wconf 86' lang='lat' dir='ltr'><strong>extremum</strong></span> <span class='ocrx_word' id='word_1_613' title='bbox 2895 3623 3100 3678; x_wconf 80' lang='lat' dir='ltr'><strong>aeterno</strong></span> <span class='ocrx_word' id='word_1_614' title='bbox 3128 3616 3378 3674; x_wconf 88' lang='lat' dir='ltr'><strong>inccndio</strong></span> <span class='ocrx_word' id='word_1_615' title='bbox 3403 3632 3535 3674; x_wconf 84' lang='lat' dir='ltr'><strong>cou-</strong></span> 
     </span>
    </p>
   </div>
   <div class='ocr_carea' id='block_1_76' title="bbox 1945 3718 2200 3760">
    <p class='ocr_par' dir='ltr' id='par_1_76' title="bbox 1945 3718 2200 3760">
     <span class='ocr_line' id='line_1_76' title="bbox 1945 3718 2200 3760; baseline -0.012 0"><span class='ocrx_word' id='word_1_616' title='bbox 1945 3718 2200 3760; x_wconf 78' lang='lat' dir='ltr'><strong>cremari.</strong></span> 
     </span>
    </p>
   </div>
   <div class='ocr_carea' id='block_1_77' title="bbox 2014 3795 3531 3854">
    <p class='ocr_par' dir='ltr' id='par_1_77' title="bbox 2014 3795 3531 3854">
     <span class='ocr_line' id='line_1_77' title="bbox 2014 3795 3531 3854; baseline -0.001 -4"><span class='ocrx_word' id='word_1_617' title='bbox 2014 3795 2143 3850; x_wconf 81' lang='lat' dir='ltr'><strong>Jod.</strong></span> <span class='ocrx_word' id='word_1_618' title='bbox 2192 3814 2210 3847; x_wconf 76' lang='grc' dir='ltr'><strong>ι</strong></span> <span class='ocrx_word' id='word_1_619' title='bbox 2241 3796 2430 3852; x_wconf 77' lang='lat' dir='ltr'><strong>Manus</strong></span> <span class='ocrx_word' id='word_1_620' title='bbox 2475 3795 2764 3854; x_wconf 88' lang='lat' dir='ltr'><strong>mulierum</strong></span> <span class='ocrx_word' id='word_1_621' title='bbox 2802 3795 3235 3853; x_wconf 85' lang='lat' dir='ltr'><strong>misericordium</strong></span> <span class='ocrx_word' id='word_1_622' title='bbox 3270 3804 3531 3854; x_wconf 80' lang='lat' dir='ltr'><strong>coxerttnt</strong></span> 
     </span>
    </p>
   </div>
   <div class='ocr_carea' id='block_1_78' title="bbox 1951 3884 3534 3952">
    <p class='ocr_par' dir='ltr' id='par_1_78' title="bbox 1951 3884 3534 3952">
     <span class='ocr_line' id='line_1_78' title="bbox 1951 3884 3534 3952; baseline 0.003 -14"><span class='ocrx_word' id='word_1_623' title='bbox 1951 3905 1970 3939; x_wconf 87' lang='grc'><strong><em>‹</em></strong></span> <span class='ocrx_word' id='word_1_624' title='bbox 2006 3885 2146 3942; x_wconf 84' lang='lat' dir='ltr'><strong>ﬁlios</strong></span> <span class='ocrx_word' id='word_1_625' title='bbox 2173 3901 2321 3952; x_wconf 89' lang='lat' dir='ltr'><strong>suos,</strong></span> <span class='ocrx_word' id='word_1_626' title='bbox 2365 3884 2493 3941; x_wconf 88' lang='lat' dir='ltr'><strong>facti</strong></span> <span class='ocrx_word' id='word_1_627' title='bbox 2539 3893 2664 3940; x_wconf 91' lang='lat' dir='ltr'><strong>sunt</strong></span> <span class='ocrx_word' id='word_1_628' title='bbox 2705 3885 2857 3952; x_wconf 87' lang='lat' dir='ltr'><strong>cibus</strong></span> <span class='ocrx_word' id='word_1_629' title='bbox 2879 3900 3069 3941; x_wconf 89' lang='lat' dir='ltr'><strong>eorum</strong></span> <span class='ocrx_word' id='word_1_630' title='bbox 3111 3886 3166 3940; x_wconf 92' lang='lat' dir='ltr'><strong>in</strong></span> <span class='ocrx_word' id='word_1_631' title='bbox 3205 3885 3534 3942; x_wconf 88' lang='lat' dir='ltr'><strong>contritione</strong></span> 
     </span>
    </p>
   </div>
   <div class='ocr_carea' id='block_1_79' title="bbox 1951 3975 3532 4047">
    <p class='ocr_par' dir='ltr' id='par_1_79' title="bbox 1951 3975 3532 4047">
     <span class='ocr_line' id='line_1_79' title="bbox 1951 3975 3532 4047; baseline 0.001 -18"><span class='ocrx_word' id='word_1_632' title='bbox 1951 3997 1970 4029; x_wconf 75' lang='grc' dir='ltr'><strong>ι</strong></span> <span class='ocrx_word' id='word_1_633' title='bbox 2010 3979 2132 4033; x_wconf 70' lang='lat' dir='ltr'><strong>tiliae</strong></span> <span class='ocrx_word' id='word_1_634' title='bbox 2174 3977 2357 4047; x_wconf 91' lang='lat' dir='ltr'><strong>populi</strong></span> <span class='ocrx_word' id='word_1_635' title='bbox 2405 3977 2532 4032; x_wconf 88' lang='lat' dir='ltr'><strong>mei.</strong></span> <span class='ocrx_word' id='word_1_636' title='bbox 2562 3995 2582 4031; x_wconf 77' lang='grc' dir='ltr'><strong>ι</strong></span> <span class='ocrx_word' id='word_1_637' title='bbox 2627 3977 2742 4032; x_wconf 83' lang='lat' dir='ltr'><strong>Hoc</strong></span> <span class='ocrx_word' id='word_1_638' title='bbox 2791 3976 3147 4032; x_wconf 89' lang='lat' dir='ltr'><strong>bistorialiter</strong></span> <span class='ocrx_word' id='word_1_639' title='bbox 3190 3975 3532 4046; x_wconf 86' lang='lat' dir='ltr'><strong>recapitulat,</strong></span> 
     </span>
    </p>
   </div>
   <div class='ocr_carea' id='block_1_80' title="bbox 1945 4069 3528 4141">
    <p class='ocr_par' dir='ltr' id='par_1_80' title="bbox 1945 4069 3528 4141">
     <span class='ocr_line' id='line_1_80' title="bbox 1945 4069 3528 4141; baseline -0.001 -15"><span class='ocrx_word' id='word_1_640' title='bbox 1945 4072 2088 4141; x_wconf 89' lang='lat' dir='ltr'><strong>quod</strong></span> <span class='ocrx_word' id='word_1_641' title='bbox 2112 4071 2359 4141; x_wconf 88' lang='lat' dir='ltr'><strong>superius</strong></span> <span class='ocrx_word' id='word_1_642' title='bbox 2392 4069 2504 4140; x_wconf 89' lang='lat' dir='ltr'><strong>iam</strong></span> <span class='ocrx_word' id='word_1_643' title='bbox 2529 4069 2774 4126; x_wconf 80' lang='lat' dir='ltr'><strong>dixerat:</strong></span> <span class='ocrx_word' id='word_1_644' title='bbox 2803 4069 2930 4140; x_wconf 86' lang='lat' dir='ltr'><strong>quia</strong></span> <span class='ocrx_word' id='word_1_645' title='bbox 2953 4070 3005 4124; x_wconf 92' lang='lat' dir='ltr'><strong>in</strong></span> <span class='ocrx_word' id='word_1_646' title='bbox 3039 4069 3352 4140; x_wconf 87' lang='lat' dir='ltr'><strong>captivitate</strong></span> <span class='ocrx_word' id='word_1_647' title='bbox 3373 4069 3528 4126; x_wconf 81' lang='lat' dir='ltr'><strong>Chal-</strong></span> 
     </span>
    </p>
   </div>
   <div class='ocr_carea' id='block_1_81' title="bbox 1945 4159 3530 4234">
    <p class='ocr_par' dir='ltr' id='par_1_81' title="bbox 1945 4159 3530 4234">
     <span class='ocr_line' id='line_1_81' title="bbox 1945 4159 3530 4234; baseline -0.003 -15"><span class='ocrx_word' id='word_1_648' title='bbox 1945 4163 2121 4228; x_wconf 86' lang='lat' dir='ltr'><strong>daica,</strong></span> <span class='ocrx_word' id='word_1_649' title='bbox 2167 4177 2268 4218; x_wconf 89' lang='lat' dir='ltr'><strong>nec</strong></span> <span class='ocrx_word' id='word_1_650' title='bbox 2313 4176 2419 4217; x_wconf 84' lang='lat' dir='ltr'><strong>non</strong></span> <span class='ocrx_word' id='word_1_651' title='bbox 2443 4168 2498 4217; x_wconf 92' lang='lat' dir='ltr'><strong>et</strong></span> <span class='ocrx_word' id='word_1_652' title='bbox 2522 4161 2765 4216; x_wconf 81' lang='lat' dir='ltr'><strong>Romana</strong></span> <span class='ocrx_word' id='word_1_653' title='bbox 2790 4175 2806 4215; x_wconf 91' lang='lat'><strong>:</strong></span> <span class='ocrx_word' id='word_1_654' title='bbox 2828 4161 2895 4234; x_wconf 84' lang='lat' dir='ltr'><strong>ad</strong></span> <span class='ocrx_word' id='word_1_655' title='bbox 2941 4159 3102 4216; x_wconf 85' lang='lat' dir='ltr'><strong>talem</strong></span> <span class='ocrx_word' id='word_1_656' title='bbox 3130 4159 3530 4227; x_wconf 84' lang='lat' dir='ltr'><strong>necessitatem,</strong></span> 
     </span>
    </p>
   </div>
   <div class='ocr_carea' id='block_1_82' title="bbox 1944 4245 3532 4326">
    <p class='ocr_par' dir='ltr' id='par_1_82' title="bbox 1944 4245 3532 4326">
     <span class='ocr_line' id='line_1_82' title="bbox 1944 4245 3532 4326; baseline 0 -18"><span class='ocrx_word' id='word_1_657' title='bbox 1944 4263 2166 4326; x_wconf 90' lang='lat' dir='ltr'><strong>propter</strong></span> <span class='ocrx_word' id='word_1_658' title='bbox 2192 4245 2432 4323; x_wconf 82' lang='lat' dir='ltr'><strong>inopiam</strong></span> <span class='ocrx_word' id='word_1_659' title='bbox 2471 4250 2600 4322; x_wconf 84' lang='lat' dir='ltr'><strong>cibi,</strong></span> <span class='ocrx_word' id='word_1_660' title='bbox 2627 4249 2779 4321; x_wconf 86' lang='lat' dir='ltr'><strong>plebs</strong></span> <span class='ocrx_word' id='word_1_661' title='bbox 2812 4249 3122 4308; x_wconf 69' lang='lat' dir='ltr'><strong>Judazorum</strong></span> <span class='ocrx_word' id='word_1_662' title='bbox 3162 4250 3429 4321; x_wconf 87' lang='lat' dir='ltr'><strong>pervenit,</strong></span> <span class='ocrx_word' id='word_1_663' title='bbox 3474 4259 3532 4308; x_wconf 87' lang='lat' dir='ltr'><strong>ut</strong></span> 
     </span>
    </p>
   </div>
   <div class='ocr_carea' id='block_1_83' title="bbox 1945 4341 3531 4416">
    <p class='ocr_par' dir='ltr' id='par_1_83' title="bbox 1945 4341 3531 4416">
     <span class='ocr_line' id='line_1_83' title="bbox 1945 4341 3531 4416; baseline 0 -16"><span class='ocrx_word' id='word_1_664' title='bbox 1945 4346 2138 4416; x_wconf 68' lang='lat' dir='ltr'><strong>aliqua:</strong></span> <span class='ocrx_word' id='word_1_665' title='bbox 2167 4359 2236 4398; x_wconf 91' lang='lat' dir='ltr'><strong>ex</strong></span> <span class='ocrx_word' id='word_1_666' title='bbox 2270 4342 2592 4399; x_wconf 89' lang='lat' dir='ltr'><strong>mulieribus</strong></span> <span class='ocrx_word' id='word_1_667' title='bbox 2635 4355 2823 4398; x_wconf 85' lang='lat' dir='ltr'><strong>eorum</strong></span> <span class='ocrx_word' id='word_1_668' title='bbox 2851 4341 2992 4397; x_wconf 81' lang='lat' dir='ltr'><strong>ﬁlios</strong></span> <span class='ocrx_word' id='word_1_669' title='bbox 3023 4356 3152 4398; x_wconf 88' lang='lat' dir='ltr'><strong>suos</strong></span> <span class='ocrx_word' id='word_1_670' title='bbox 3178 4341 3531 4410; x_wconf 86' lang='lat' dir='ltr'><strong>trucidarent,</strong></span> 
     </span>
    </p>
   </div>
   <div class='ocr_carea' id='block_1_84' title="bbox 1944 4429 3527 4501">
    <p class='ocr_par' dir='ltr' id='par_1_84' title="bbox 1944 4429 3527 4501">
     <span class='ocr_line' id='line_1_84' title="bbox 1944 4429 3527 4501; baseline -0.004 -9"><span class='ocrx_word' id='word_1_671' title='bbox 1944 4445 2001 4492; x_wconf 90' lang='lat' dir='ltr'><strong>et</strong></span> <span class='ocrx_word' id='word_1_672' title='bbox 2028 4449 2223 4491; x_wconf 87' lang='lat' dir='ltr'><strong>carnes</strong></span> <span class='ocrx_word' id='word_1_673' title='bbox 2249 4447 2438 4490; x_wconf 88' lang='lat' dir='ltr'><strong>eorum</strong></span> <span class='ocrx_word' id='word_1_674' title='bbox 2480 4440 2666 4488; x_wconf 88' lang='lat' dir='ltr'><strong>coctas</strong></span> <span class='ocrx_word' id='word_1_675' title='bbox 2697 4431 3065 4488; x_wconf 88' lang='lat' dir='ltr'><strong>comederent.</strong></span> <span class='ocrx_word' id='word_1_676' title='bbox 3105 4429 3269 4490; x_wconf 83' lang='lat' dir='ltr'><strong>Juxta</strong></span> <span class='ocrx_word' id='word_1_677' title='bbox 3315 4431 3527 4501; x_wconf 86' lang='lat' dir='ltr'><strong>spirita-</strong></span> 
     </span>
    </p>
   </div>
   <div class='ocr_carea' id='block_1_85' title="bbox 258 4499 3532 4610">
    <p class='ocr_par' dir='ltr' id='par_1_85' title="bbox 258 4499 3532 4610">
     <span class='ocr_line' id='line_1_85' title="bbox 258 4499 3532 4610; baseline -0.002 -17"><span class='ocrx_word' id='word_1_678' title='bbox 258 4499 1548 4610; x_wconf 33' lang='lat' dir='ltr'><strong>co-pia-eiiamplusquamverpeditprosperatum</strong></span> <span class='ocrx_word' id='word_1_679' title='bbox 1867 4499 1921 4560; x_wconf 70' lang='grc' dir='ltr'><strong>Β</strong></span> <span class='ocrx_word' id='word_1_680' title='bbox 1947 4527 2050 4582; x_wconf 90' lang='lat' dir='ltr'><strong>lem</strong></span> <span class='ocrx_word' id='word_1_681' title='bbox 2080 4542 2212 4582; x_wconf 76' lang='lat' dir='ltr'><strong>vero</strong></span> <span class='ocrx_word' id='word_1_682' title='bbox 2239 4525 2572 4582; x_wconf 89' lang='lat' dir='ltr'><strong>intellectum</strong></span> <span class='ocrx_word' id='word_1_683' title='bbox 2599 4539 2707 4580; x_wconf 91' lang='lat' dir='ltr'><strong>non</strong></span> <span class='ocrx_word' id='word_1_684' title='bbox 2733 4524 2888 4598; x_wconf 83' lang='lat' dir='ltr'><strong>parvi</strong></span> <span class='ocrx_word' id='word_1_685' title='bbox 2916 4532 3002 4580; x_wconf 86' lang='lat' dir='ltr'><strong>est</strong></span> <span class='ocrx_word' id='word_1_686' title='bbox 3025 4523 3229 4592; x_wconf 87' lang='lat' dir='ltr'><strong>delicti,</strong></span> <span class='ocrx_word' id='word_1_687' title='bbox 3256 4499 3400 4596; x_wconf 77' lang='lat' dir='ltr'><strong>quod</strong></span> <span class='ocrx_word' id='word_1_688' title='bbox 3435 4525 3532 4586; x_wconf 84' lang='lat' dir='ltr'><strong>do-</strong></span> 
     </span>
    </p>
   </div>
   <div class='ocr_carea' id='block_1_86' title="bbox 259 4631 1842 4704">
    <p class='ocr_par' dir='ltr' id='par_1_86' title="bbox 259 4631 1842 4704">
     <span class='ocr_line' id='line_1_86' title="bbox 259 4631 1842 4704; baseline -0.001 -15"><span class='ocrx_word' id='word_1_689' title='bbox 259 4635 384 4689; x_wconf 87' lang='lat' dir='ltr'><strong>dam</strong></span> <span class='ocrx_word' id='word_1_690' title='bbox 416 4635 499 4689; x_wconf 91' lang='lat' dir='ltr'><strong>sui</strong></span> <span class='ocrx_word' id='word_1_691' title='bbox 535 4632 789 4689; x_wconf 78' lang='lat' dir='ltr'><strong>ﬁduciam</strong></span> <span class='ocrx_word' id='word_1_692' title='bbox 836 4647 993 4688; x_wconf 90' lang='lat' dir='ltr'><strong>mens</strong></span> <span class='ocrx_word' id='word_1_693' title='bbox 1022 4631 1330 4696; x_wconf 90' lang='lat' dir='ltr'><strong>adducitur,</strong></span> <span class='ocrx_word' id='word_1_694' title='bbox 1366 4638 1422 4685; x_wconf 94' lang='lat' dir='ltr'><strong>et</strong></span> <span class='ocrx_word' id='word_1_695' title='bbox 1449 4631 1675 4702; x_wconf 89' lang='lat' dir='ltr'><strong>decepta</strong></span> <span class='ocrx_word' id='word_1_696' title='bbox 1702 4647 1842 4704; x_wconf 72' lang='lat' dir='ltr'><strong>prae-</strong></span> 
     </span>
    </p>
   </div>
   <div class='ocr_carea' id='block_1_87' title="bbox 257 4722 1844 4796">
    <p class='ocr_par' dir='ltr' id='par_1_87' title="bbox 257 4722 1844 4796">
     <span class='ocr_line' id='line_1_87' title="bbox 257 4722 1844 4796; baseline -0.002 -13"><span class='ocrx_word' id='word_1_697' title='bbox 257 4726 564 4796; x_wconf 88' lang='lat' dir='ltr'><strong>sumptione</strong></span> <span class='ocrx_word' id='word_1_698' title='bbox 594 4724 835 4796; x_wconf 87' lang='lat' dir='ltr'><strong>propria,</strong></span> <span class='ocrx_word' id='word_1_699' title='bbox 880 4734 1104 4794; x_wconf 88' lang='lat' dir='ltr'><strong>repente</strong></span> <span class='ocrx_word' id='word_1_700' title='bbox 1144 4729 1369 4793; x_wconf 87' lang='lat' dir='ltr'><strong>peccato</strong></span> <span class='ocrx_word' id='word_1_701' title='bbox 1403 4722 1731 4792; x_wconf 89' lang='lat' dir='ltr'><strong>subripicnte</strong></span> <span class='ocrx_word' id='word_1_702' title='bbox 1761 4722 1844 4780; x_wconf 86' lang='lat' dir='ltr'><strong>fu-</strong></span> 
     </span>
    </p>
   </div>
   <div class='ocr_carea' id='block_1_88' title="bbox 258 4814 1843 4894">
    <p class='ocr_par' dir='ltr' id='par_1_88' title="bbox 258 4814 1843 4894">
     <span class='ocr_line' id='line_1_88' title="bbox 258 4814 1843 4894; baseline -0.003 -19"><span class='ocrx_word' id='word_1_703' title='bbox 258 4830 461 4875; x_wconf 89' lang='lat' dir='ltr'><strong>scatur.</strong></span> <span class='ocrx_word' id='word_1_704' title='bbox 493 4817 646 4874; x_wconf 89' lang='lat' dir='ltr'><strong>Unde</strong></span> <span class='ocrx_word' id='word_1_705' title='bbox 677 4825 822 4872; x_wconf 89' lang='lat' dir='ltr'><strong>recte</strong></span> <span class='ocrx_word' id='word_1_706' title='bbox 846 4814 1188 4894; x_wconf 84' lang='lat' dir='ltr'><strong>subiungitur</strong></span> <span class='ocrx_word' id='word_1_707' title='bbox 1217 4834 1230 4870; x_wconf 91' lang='lat'><strong>:</strong></span> <span class='ocrx_word' id='word_1_708' title='bbox 1259 4833 1278 4866; x_wconf 86' lang='grc'><strong>‹</strong></span> <span class='ocrx_word' id='word_1_709' title='bbox 1313 4815 1601 4886; x_wconf 87' lang='lat' dir='ltr'><strong>Denigrata</strong></span> <span class='ocrx_word' id='word_1_710' title='bbox 1640 4824 1726 4872; x_wconf 89' lang='lat' dir='ltr'><strong>est</strong></span> <span class='ocrx_word' id='word_1_711' title='bbox 1752 4831 1843 4871; x_wconf 88' lang='lat' dir='ltr'><strong>su-</strong></span> 
     </span>
    </p>
   </div>
   <div class='ocr_carea' id='block_1_89' title="bbox 258 4905 1844 4984">
    <p class='ocr_par' dir='ltr' id='par_1_89' title="bbox 258 4905 1844 4984">
     <span class='ocr_line' id='line_1_89' title="bbox 258 4905 1844 4984; baseline -0.003 -18"><span class='ocrx_word' id='word_1_712' title='bbox 258 4927 358 4984; x_wconf 90' lang='lat' dir='ltr'><strong>per</strong></span> <span class='ocrx_word' id='word_1_713' title='bbox 396 4912 660 4966; x_wconf 89' lang='lat' dir='ltr'><strong>carbones</strong></span> <span class='ocrx_word' id='word_1_714' title='bbox 701 4907 868 4964; x_wconf 89' lang='lat' dir='ltr'><strong>faeies</strong></span> <span class='ocrx_word' id='word_1_715' title='bbox 896 4921 1108 4963; x_wconf 87' lang='lat' dir='ltr'><strong>eorum.</strong></span> <span class='ocrx_word' id='word_1_716' title='bbox 1137 4927 1156 4960; x_wconf 72' lang='grc' dir='ltr'><strong>ι</strong></span> <span class='ocrx_word' id='word_1_717' title='bbox 1188 4905 1339 4978; x_wconf 85' lang='lat' dir='ltr'><strong>Nigri</strong></span> <span class='ocrx_word' id='word_1_718' title='bbox 1368 4907 1514 4962; x_wconf 89' lang='lat' dir='ltr'><strong>enim</strong></span> <span class='ocrx_word' id='word_1_719' title='bbox 1560 4915 1685 4978; x_wconf 90' lang='lat' dir='ltr'><strong>post</strong></span> <span class='ocrx_word' id='word_1_720' title='bbox 1713 4919 1844 4962; x_wconf 87' lang='lat' dir='ltr'><strong>can-</strong></span> 
     </span>
    </p>
   </div>
   <div class='ocr_carea' id='block_1_90' title="bbox 258 4997 1845 5072">
    <p class='ocr_par' dir='ltr' id='par_1_90' title="bbox 258 4997 1845 5072">
     <span class='ocr_line' id='line_1_90' title="bbox 258 4997 1845 5072; baseline -0.004 -11"><span class='ocrx_word' id='word_1_721' title='bbox 258 5006 445 5062; x_wconf 91' lang='lat' dir='ltr'><strong>dorem</strong></span> <span class='ocrx_word' id='word_1_722' title='bbox 494 5004 667 5058; x_wconf 86' lang='lat' dir='ltr'><strong>ﬁunt:</strong></span> <span class='ocrx_word' id='word_1_723' title='bbox 698 5002 847 5072; x_wconf 89' lang='lat' dir='ltr'><strong>quia,</strong></span> <span class='ocrx_word' id='word_1_724' title='bbox 889 5001 1092 5056; x_wconf 88' lang='lat' dir='ltr'><strong>amissa</strong></span> <span class='ocrx_word' id='word_1_725' title='bbox 1137 4999 1233 5054; x_wconf 90' lang='lat' dir='ltr'><strong>Dei</strong></span> <span class='ocrx_word' id='word_1_726' title='bbox 1266 4997 1496 5068; x_wconf 90' lang='lat' dir='ltr'><strong>iustitia,</strong></span> <span class='ocrx_word' id='word_1_727' title='bbox 1536 5013 1668 5054; x_wconf 87' lang='lat' dir='ltr'><strong>cum</strong></span> <span class='ocrx_word' id='word_1_728' title='bbox 1689 4999 1758 5055; x_wconf 90' lang='lat' dir='ltr'><strong>de</strong></span> <span class='ocrx_word' id='word_1_729' title='bbox 1785 5013 1845 5054; x_wconf 89' lang='lat' dir='ltr'><strong>se</strong></span> 
     </span>
    </p>
   </div>
   <div class='ocr_carea' id='block_1_91' title="bbox 261 5090 1844 5170">
    <p class='ocr_par' dir='ltr' id='par_1_91' title="bbox 261 5090 1844 5170">
     <span class='ocr_line' id='line_1_91' title="bbox 261 5090 1844 5170; baseline -0.006 -17"><span class='ocrx_word' id='word_1_730' title='bbox 261 5105 610 5170; x_wconf 73' lang='lat' dir='ltr'><strong>prmsumunt,</strong></span> <span class='ocrx_word' id='word_1_731' title='bbox 641 5096 697 5150; x_wconf 90' lang='lat' dir='ltr'><strong>in</strong></span> <span class='ocrx_word' id='word_1_732' title='bbox 727 5110 790 5150; x_wconf 91' lang='lat' dir='ltr'><strong>ea</strong></span> <span class='ocrx_word' id='word_1_733' title='bbox 812 5094 976 5150; x_wconf 91' lang='lat' dir='ltr'><strong>etiam</strong></span> <span class='ocrx_word' id='word_1_734' title='bbox 1004 5109 1123 5164; x_wconf 75' lang='lat' dir='ltr'><strong>qua:</strong></span> <span class='ocrx_word' id='word_1_735' title='bbox 1158 5106 1262 5147; x_wconf 93' lang='lat' dir='ltr'><strong>non</strong></span> <span class='ocrx_word' id='word_1_736' title='bbox 1294 5090 1600 5161; x_wconf 88' lang='lat' dir='ltr'><strong>intelligunt</strong></span> <span class='ocrx_word' id='word_1_737' title='bbox 1619 5099 1844 5162; x_wconf 88' lang='lat' dir='ltr'><strong>peccata</strong></span> 
     </span>
    </p>
   </div>
   <div class='ocr_carea' id='block_1_92' title="bbox 259 5180 1846 5256">
    <p class='ocr_par' dir='ltr' id='par_1_92' title="bbox 259 5180 1846 5256">
     <span class='ocr_line' id='line_1_92' title="bbox 259 5180 1846 5256; baseline -0.006 -11"><span class='ocrx_word' id='word_1_738' title='bbox 259 5190 573 5245; x_wconf 88' lang='lat' dir='ltr'><strong>dilabuntur</strong></span> <span class='ocrx_word' id='word_1_739' title='bbox 609 5205 624 5242; x_wconf 89' lang='lat'><strong>:</strong></span> <span class='ocrx_word' id='word_1_740' title='bbox 663 5195 718 5240; x_wconf 91' lang='lat' dir='ltr'><strong>et</strong></span> <span class='ocrx_word' id='word_1_741' title='bbox 741 5185 866 5256; x_wconf 90' lang='lat' dir='ltr'><strong>quia</strong></span> <span class='ocrx_word' id='word_1_742' title='bbox 919 5191 1042 5254; x_wconf 91' lang='lat' dir='ltr'><strong>post</strong></span> <span class='ocrx_word' id='word_1_743' title='bbox 1084 5182 1286 5238; x_wconf 90' lang='lat' dir='ltr'><strong>amoris</strong></span> <span class='ocrx_word' id='word_1_744' title='bbox 1324 5180 1504 5251; x_wconf 84' lang='lat' dir='ltr'><strong>ignem</strong></span> <span class='ocrx_word' id='word_1_745' title='bbox 1554 5180 1622 5235; x_wconf 88' lang='lat' dir='ltr'><strong>ad</strong></span> <span class='ocrx_word' id='word_1_746' title='bbox 1674 5180 1846 5250; x_wconf 79' lang='lat' dir='ltr'><strong>frigus</strong></span> 
     </span>
    </p>
   </div>
   <div class='ocr_carea' id='block_1_93' title="bbox 263 5272 1845 5350">
    <p class='ocr_par' dir='ltr' id='par_1_93' title="bbox 263 5272 1845 5350">
     <span class='ocr_line' id='line_1_93' title="bbox 263 5272 1845 5350; baseline -0.004 -16"><span class='ocrx_word' id='word_1_747' title='bbox 263 5280 493 5350; x_wconf 90' lang='lat' dir='ltr'><strong>torporis</strong></span> <span class='ocrx_word' id='word_1_748' title='bbox 517 5278 754 5344; x_wconf 87' lang='lat' dir='ltr'><strong>veniunt,</strong></span> <span class='ocrx_word' id='word_1_749' title='bbox 787 5275 1074 5334; x_wconf 87' lang='lat' dir='ltr'><strong>exstinctis</strong></span> <span class='ocrx_word' id='word_1_750' title='bbox 1101 5272 1425 5330; x_wconf 89' lang='lat' dir='ltr'><strong>carbonibus</strong></span> <span class='ocrx_word' id='word_1_751' title='bbox 1463 5286 1845 5343; x_wconf 67' lang='lat' dir='ltr'><strong>exeompara-</strong></span> 
     </span>
    </p>
   </div>
   <div class='ocr_carea' id='block_1_94' title="bbox 262 5360 1842 5442">
    <p class='ocr_par' dir='ltr' id='par_1_94' title="bbox 262 5360 1842 5442">
     <span class='ocr_line' id='line_1_94' title="bbox 262 5360 1842 5442; baseline -0.006 -17"><span class='ocrx_word' id='word_1_752' title='bbox 262 5373 408 5428; x_wconf 87' lang='lat' dir='ltr'><strong>tione</strong></span> <span class='ocrx_word' id='word_1_753' title='bbox 452 5370 829 5442; x_wconf 71' lang='lat' dir='ltr'><strong>prmferuntur.</strong></span> <span class='ocrx_word' id='word_1_754' title='bbox 880 5367 1272 5434; x_wconf 78' lang='lat' dir='ltr'><strong>Nonnunquam</strong></span> <span class='ocrx_word' id='word_1_755' title='bbox 1302 5361 1446 5417; x_wconf 91' lang='lat' dir='ltr'><strong>enim</strong></span> <span class='ocrx_word' id='word_1_756' title='bbox 1494 5360 1619 5416; x_wconf 90' lang='lat' dir='ltr'><strong>dum</strong></span> <span class='ocrx_word' id='word_1_757' title='bbox 1679 5361 1842 5416; x_wconf 81' lang='lat' dir='ltr'><strong>timo-</strong></span> 
     </span>
    </p>
   </div>
   <div class='ocr_carea' id='block_1_95' title="bbox 264 5453 1845 5535">
    <p class='ocr_par' dir='ltr' id='par_1_95' title="bbox 264 5453 1845 5535">
     <span class='ocr_line' id='line_1_95' title="bbox 264 5453 1845 5535; baseline -0.008 -13"><span class='ocrx_word' id='word_1_758' title='bbox 264 5483 379 5523; x_wconf 91' lang='lat' dir='ltr'><strong>rem</strong></span> <span class='ocrx_word' id='word_1_759' title='bbox 421 5467 513 5521; x_wconf 85' lang='lat' dir='ltr'><strong>Dei</strong></span> <span class='ocrx_word' id='word_1_760' title='bbox 548 5481 646 5535; x_wconf 90' lang='lat' dir='ltr'><strong>per</strong></span> <span class='ocrx_word' id='word_1_761' title='bbox 672 5464 758 5518; x_wconf 73' lang='lat' dir='ltr'><strong>sui</strong></span> <span class='ocrx_word' id='word_1_762' title='bbox 802 5462 1055 5516; x_wconf 82' lang='lat' dir='ltr'><strong>fiduciam</strong></span> <span class='ocrx_word' id='word_1_763' title='bbox 1106 5459 1382 5521; x_wconf 89' lang='lat' dir='ltr'><strong>deserunt,</strong></span> <span class='ocrx_word' id='word_1_764' title='bbox 1429 5455 1594 5511; x_wconf 89' lang='lat' dir='ltr'><strong>etiam</strong></span> <span class='ocrx_word' id='word_1_765' title='bbox 1634 5453 1845 5524; x_wconf 87' lang='lat' dir='ltr'><strong>frigidis</strong></span> 
     </span>
    </p>
   </div>
   <div class='ocr_carea' id='block_1_96' title="bbox 262 5543 1847 5626">
    <p class='ocr_par' dir='ltr' id='par_1_96' title="bbox 262 5543 1847 5626">
     <span class='ocr_line' id='line_1_96' title="bbox 262 5543 1847 5626; baseline -0.011 -12"><span class='ocrx_word' id='word_1_766' title='bbox 262 5559 534 5614; x_wconf 84' lang='lat' dir='ltr'><strong>ruentibus</strong></span> <span class='ocrx_word' id='word_1_767' title='bbox 562 5555 868 5626; x_wconf 85' lang='lat' dir='ltr'><strong>frigidiores</strong></span> <span class='ocrx_word' id='word_1_768' title='bbox 902 5553 1053 5606; x_wconf 80' lang='lat' dir='ltr'><strong>ﬁunt.</strong></span> <span class='ocrx_word' id='word_1_769' title='bbox 1099 5551 1177 5604; x_wconf 90' lang='lat' dir='ltr'><strong>De</strong></span> <span class='ocrx_word' id='word_1_770' title='bbox 1200 5548 1398 5619; x_wconf 85' lang='lat' dir='ltr'><strong>quibus</strong></span> <span class='ocrx_word' id='word_1_771' title='bbox 1433 5553 1582 5601; x_wconf 89' lang='lat' dir='ltr'><strong>recte</strong></span> <span class='ocrx_word' id='word_1_772' title='bbox 1626 5543 1847 5614; x_wconf 89' lang='lat' dir='ltr'><strong>subiun-</strong></span> 
     </span>
    </p>
   </div>
   <div class='ocr_carea' id='block_1_97' title="bbox 261 5636 1846 5724">
    <p class='ocr_par' dir='ltr' id='par_1_97' title="bbox 261 5636 1846 5724">
     <span class='ocr_line' id='line_1_97' title="bbox 261 5636 1846 5724; baseline -0.01 -16"><span class='ocrx_word' id='word_1_773' title='bbox 261 5655 444 5724; x_wconf 88' lang='lat' dir='ltr'><strong>gitur:</strong></span> <span class='ocrx_word' id='word_1_774' title='bbox 477 5671 495 5704; x_wconf 74' lang='grc' dir='ltr'><strong>ι</strong></span> <span class='ocrx_word' id='word_1_775' title='bbox 529 5650 645 5706; x_wconf 86' lang='lat' dir='ltr'><strong>Non</strong></span> <span class='ocrx_word' id='word_1_776' title='bbox 675 5654 804 5704; x_wconf 89' lang='lat' dir='ltr'><strong>sunt</strong></span> <span class='ocrx_word' id='word_1_777' title='bbox 829 5645 1026 5716; x_wconf 88' lang='lat' dir='ltr'><strong>cogniti</strong></span> <span class='ocrx_word' id='word_1_778' title='bbox 1061 5645 1114 5698; x_wconf 90' lang='lat' dir='ltr'><strong>in</strong></span> <span class='ocrx_word' id='word_1_779' title='bbox 1140 5639 1351 5711; x_wconf 91' lang='lat' dir='ltr'><strong>plateis.</strong></span> <span class='ocrx_word' id='word_1_780' title='bbox 1382 5657 1402 5690; x_wconf 74' lang='grc' dir='ltr'><strong>ι</strong></span> <span class='ocrx_word' id='word_1_781' title='bbox 1438 5636 1622 5692; x_wconf 86' lang='lat' dir='ltr'><strong>Platea</strong></span> <span class='ocrx_word' id='word_1_782' title='bbox 1647 5637 1846 5707; x_wconf 88' lang='lat' dir='ltr'><strong>quippe</strong></span> 
     </span>
    </p>
   </div>
   <div class='ocr_carea' id='block_1_98' title="bbox 250 5727 1846 5815">
    <p class='ocr_par' dir='ltr' id='par_1_98' title="bbox 250 5727 1846 5815">
     <span class='ocr_line' id='line_1_98' title="bbox 250 5727 1846 5815; baseline -0.008 -19"><span class='ocrx_word' id='word_1_783' title='bbox 250 5745 530 5804; x_wconf 68' lang='lat' dir='ltr'><strong>sermonis</strong></span> <span class='ocrx_word' id='word_1_784' title='bbox 561 5741 723 5815; x_wconf 70' lang='grc' dir='ltr'><strong>ει·ωεί</strong></span> <span class='ocrx_word' id='word_1_785' title='bbox 767 5739 974 5796; x_wconf 80' lang='lat' dir='ltr'><strong>ratione</strong></span> <span class='ocrx_word' id='word_1_786' title='bbox 1017 5749 1114 5807; x_wconf 81' lang='lat' dir='ltr'><strong>pro</strong></span> <span class='ocrx_word' id='word_1_787' title='bbox 1151 5729 1432 5788; x_wconf 84' lang='lat' dir='ltr'><strong>latitudine</strong></span> <span class='ocrx_word' id='word_1_788' title='bbox 1459 5728 1675 5786; x_wconf 88' lang='lat' dir='ltr'><strong>dicitur.</strong></span> <span class='ocrx_word' id='word_1_789' title='bbox 1706 5727 1846 5797; x_wconf 86' lang='lat' dir='ltr'><strong>Quid</strong></span> 
     </span>
    </p>
   </div>
   <div class='ocr_carea' id='block_1_99' title="bbox 1943 4617 3531 4679">
    <p class='ocr_par' dir='ltr' id='par_1_99' title="bbox 1943 4617 3531 4679">
     <span class='ocr_line' id='line_1_99' title="bbox 1943 4617 3531 4679; baseline 0.001 -3"><span class='ocrx_word' id='word_1_790' title='bbox 1943 4630 2126 4676; x_wconf 90' lang='lat' dir='ltr'><strong>ctores</strong></span> <span class='ocrx_word' id='word_1_791' title='bbox 2166 4619 2292 4674; x_wconf 89' lang='lat' dir='ltr'><strong>mali</strong></span> <span class='ocrx_word' id='word_1_792' title='bbox 2346 4618 2624 4674; x_wconf 88' lang='lat' dir='ltr'><strong>auditores</strong></span> <span class='ocrx_word' id='word_1_793' title='bbox 2669 4633 2799 4675; x_wconf 85' lang='lat' dir='ltr'><strong>suos</strong></span> <span class='ocrx_word' id='word_1_794' title='bbox 2842 4617 3004 4675; x_wconf 89' lang='lat' dir='ltr'><strong>rebus</strong></span> <span class='ocrx_word' id='word_1_795' title='bbox 3049 4619 3282 4677; x_wconf 85' lang='lat' dir='ltr'><strong>terrenis</strong></span> <span class='ocrx_word' id='word_1_796' title='bbox 3315 4628 3372 4676; x_wconf 90' lang='lat' dir='ltr'><strong>et</strong></span> <span class='ocrx_word' id='word_1_797' title='bbox 3409 4622 3531 4679; x_wconf 84' lang='lat' dir='ltr'><strong>sub-</strong></span> 
     </span>
    </p>
   </div>
   <div class='ocr_carea' id='block_1_100' title="bbox 1943 4710 3531 4782">
    <p class='ocr_par' dir='ltr' id='par_1_100' title="bbox 1943 4710 3531 4782">
     <span class='ocr_line' id='line_1_100' title="bbox 1943 4710 3531 4782; baseline 0.001 -14"><span class='ocrx_word' id='word_1_798' title='bbox 1943 4712 2160 4768; x_wconf 88' lang='lat' dir='ltr'><strong>stantiis</strong></span> <span class='ocrx_word' id='word_1_799' title='bbox 2186 4711 2302 4766; x_wconf 88' lang='lat' dir='ltr'><strong>suis</strong></span> <span class='ocrx_word' id='word_1_800' title='bbox 2327 4719 2546 4781; x_wconf 90' lang='lat' dir='ltr'><strong>propter</strong></span> <span class='ocrx_word' id='word_1_801' title='bbox 2572 4710 2926 4766; x_wconf 86' lang='lat' dir='ltr'><strong>voracitatem</strong></span> <span class='ocrx_word' id='word_1_802' title='bbox 2953 4725 3108 4768; x_wconf 86' lang='lat' dir='ltr'><strong>suam</strong></span> <span class='ocrx_word' id='word_1_803' title='bbox 3149 4711 3404 4782; x_wconf 86' lang='lat' dir='ltr'><strong>spoliant,</strong></span> <span class='ocrx_word' id='word_1_804' title='bbox 3430 4727 3531 4769; x_wconf 89' lang='lat' dir='ltr'><strong>nec</strong></span> 
     </span>
    </p>
   </div>
   <div class='ocr_carea' id='block_1_101' title="bbox 1942 4801 3530 4874">
    <p class='ocr_par' dir='ltr' id='par_1_101' title="bbox 1942 4801 3530 4874">
     <span class='ocr_line' id='line_1_101' title="bbox 1942 4801 3530 4874; baseline -0.001 -14"><span class='ocrx_word' id='word_1_805' title='bbox 1942 4804 2025 4862; x_wconf 88' lang='lat' dir='ltr'><strong>eis</strong></span> <span class='ocrx_word' id='word_1_806' title='bbox 2063 4803 2318 4874; x_wconf 86' lang='lat' dir='ltr'><strong>pabulum</strong></span> <span class='ocrx_word' id='word_1_807' title='bbox 2342 4801 2492 4857; x_wconf 86' lang='lat' dir='ltr'><strong>verbi</strong></span> <span class='ocrx_word' id='word_1_808' title='bbox 2531 4801 2794 4868; x_wconf 89' lang='lat' dir='ltr'><strong>tribuunt,</strong></span> <span class='ocrx_word' id='word_1_809' title='bbox 2825 4817 2934 4872; x_wconf 87' lang='lat' dir='ltr'><strong>quo</strong></span> <span class='ocrx_word' id='word_1_810' title='bbox 2965 4802 3039 4858; x_wconf 89' lang='lat' dir='ltr'><strong>illi</strong></span> <span class='ocrx_word' id='word_1_811' title='bbox 3077 4803 3145 4859; x_wconf 91' lang='lat' dir='ltr'><strong>ad</strong></span> <span class='ocrx_word' id='word_1_812' title='bbox 3174 4803 3341 4859; x_wconf 82' lang='lat' dir='ltr'><strong>vitam</strong></span> <span class='ocrx_word' id='word_1_813' title='bbox 3375 4812 3530 4860; x_wconf 66' lang='lat' dir='ltr'><strong>aeter-</strong></span> 
     </span>
    </p>
   </div>
   <div class='ocr_carea' id='block_1_102' title="bbox 1944 4896 3526 4968">
    <p class='ocr_par' dir='ltr' id='par_1_102' title="bbox 1944 4896 3526 4968">
     <span class='ocr_line' id='line_1_102' title="bbox 1944 4896 3526 4968; baseline -0.004 -10"><span class='ocrx_word' id='word_1_814' title='bbox 1944 4916 2070 4958; x_wconf 91' lang='lat' dir='ltr'><strong>nam</strong></span> <span class='ocrx_word' id='word_1_815' title='bbox 2099 4900 2431 4966; x_wconf 89' lang='lat' dir='ltr'><strong>nutriantur,</strong></span> <span class='ocrx_word' id='word_1_816' title='bbox 2469 4913 2592 4954; x_wconf 90' lang='lat' dir='ltr'><strong>cum</strong></span> <span class='ocrx_word' id='word_1_817' title='bbox 2617 4896 2878 4953; x_wconf 89' lang='lat' dir='ltr'><strong>Dominus</strong></span> <span class='ocrx_word' id='word_1_818' title='bbox 2905 4913 3002 4968; x_wconf 90' lang='lat' dir='ltr'><strong>per</strong></span> <span class='ocrx_word' id='word_1_819' title='bbox 3029 4897 3368 4954; x_wconf 84' lang='lat' dir='ltr'><strong>Ezechielem</strong></span> <span class='ocrx_word' id='word_1_820' title='bbox 3397 4912 3526 4966; x_wconf 83' lang='lat' dir='ltr'><strong>pro-</strong></span> 
     </span>
    </p>
   </div>
   <div class='ocr_carea' id='block_1_103' title="bbox 1944 4989 3523 5065">
    <p class='ocr_par' dir='ltr' id='par_1_103' title="bbox 1944 4989 3523 5065">
     <span class='ocr_line' id='line_1_103' title="bbox 1944 4989 3523 5065; baseline -0.003 -17"><span class='ocrx_word' id='word_1_821' title='bbox 1944 4994 2163 5065; x_wconf 87' lang='lat' dir='ltr'><strong>phetam</strong></span> <span class='ocrx_word' id='word_1_822' title='bbox 2204 4993 2388 5047; x_wconf 89' lang='lat' dir='ltr'><strong>dicat:</strong></span> <span class='ocrx_word' id='word_1_823' title='bbox 2418 5008 2438 5044; x_wconf 74' lang='grc' dir='ltr'><strong>ι</strong></span> <span class='ocrx_word' id='word_1_824' title='bbox 2467 4991 2560 5046; x_wconf 77' lang='lat' dir='ltr'><strong>Vze</strong></span> <span class='ocrx_word' id='word_1_825' title='bbox 2597 4990 2906 5061; x_wconf 83' lang='lat' dir='ltr'><strong>pastoribus</strong></span> <span class='ocrx_word' id='word_1_826' title='bbox 2951 4990 3139 5056; x_wconf 84' lang='lat' dir='ltr'><strong>lsrael,</strong></span> <span class='ocrx_word' id='word_1_827' title='bbox 3187 4989 3280 5060; x_wconf 87' lang='lat' dir='ltr'><strong>qui</strong></span> <span class='ocrx_word' id='word_1_828' title='bbox 3331 5003 3523 5060; x_wconf 86' lang='lat' dir='ltr'><strong>pasce-</strong></span> 
     </span>
    </p>
   </div>
   <div class='ocr_carea' id='block_1_104' title="bbox 1944 5080 3523 5154">
    <p class='ocr_par' dir='ltr' id='par_1_104' title="bbox 1944 5080 3523 5154">
     <span class='ocr_line' id='line_1_104' title="bbox 1944 5080 3523 5154; baseline -0.007 -12"><span class='ocrx_word' id='word_1_829' title='bbox 1944 5086 2076 5142; x_wconf 90' lang='lat' dir='ltr'><strong>bant</strong></span> <span class='ocrx_word' id='word_1_830' title='bbox 2119 5085 2456 5154; x_wconf 79' lang='lat' dir='ltr'><strong>semetipsos.</strong></span> <span class='ocrx_word' id='word_1_831' title='bbox 2504 5080 2692 5136; x_wconf 82' lang='lat' dir='ltr'><strong>Nonne</strong></span> <span class='ocrx_word' id='word_1_832' title='bbox 2739 5096 2929 5152; x_wconf 83' lang='lat' dir='ltr'><strong>greges</strong></span> <span class='ocrx_word' id='word_1_833' title='bbox 2990 5088 3285 5149; x_wconf 86' lang='lat' dir='ltr'><strong>pascuntur</strong></span> <span class='ocrx_word' id='word_1_834' title='bbox 3332 5093 3364 5132; x_wconf 90' lang='lat' dir='ltr'><strong>a</strong></span> <span class='ocrx_word' id='word_1_835' title='bbox 3423 5092 3523 5147; x_wconf 87' lang='lat' dir='ltr'><strong>pa-</strong></span> 
     </span>
    </p>
   </div>
   <div class='ocr_carea' id='block_1_105' title="bbox 1944 5167 3522 5238">
    <p class='ocr_par' dir='ltr' id='par_1_105' title="bbox 1944 5167 3522 5238">
     <span class='ocr_line' id='line_1_105' title="bbox 1944 5167 3522 5238; baseline -0.006 -6"><span class='ocrx_word' id='word_1_836' title='bbox 1944 5175 2211 5232; x_wconf 86' lang='lat' dir='ltr'><strong>storibus?</strong></span> <span class='ocrx_word' id='word_1_837' title='bbox 2249 5173 2358 5228; x_wconf 88' lang='lat' dir='ltr'><strong>Lac</strong></span> <span class='ocrx_word' id='word_1_838' title='bbox 2384 5171 2772 5238; x_wconf 87' lang='lat' dir='ltr'><strong>comedebatis,</strong></span> <span class='ocrx_word' id='word_1_839' title='bbox 2836 5179 2890 5225; x_wconf 90' lang='lat' dir='ltr'><strong>et</strong></span> <span class='ocrx_word' id='word_1_840' title='bbox 2926 5169 3066 5224; x_wconf 87' lang='lat' dir='ltr'><strong>lanis</strong></span> <span class='ocrx_word' id='word_1_841' title='bbox 3095 5167 3522 5238; x_wconf 85' lang='lat' dir='ltr'><strong>operiebamini,</strong></span> 
     </span>
    </p>
   </div>
   <div class='ocr_carea' id='block_1_106' title="bbox 1944 5259 3523 5337">
    <p class='ocr_par' dir='ltr' id='par_1_106' title="bbox 1944 5259 3523 5337">
     <span class='ocr_line' id='line_1_106' title="bbox 1944 5259 3523 5337; baseline -0.008 -13"><span class='ocrx_word' id='word_1_842' title='bbox 1944 5277 2000 5324; x_wconf 92' lang='lat' dir='ltr'><strong>et</strong></span> <span class='ocrx_word' id='word_1_843' title='bbox 2044 5265 2186 5337; x_wconf 91' lang='lat' dir='ltr'><strong>quod</strong></span> <span class='ocrx_word' id='word_1_844' title='bbox 2228 5277 2471 5319; x_wconf 87' lang='lat' dir='ltr'><strong>crassum</strong></span> <span class='ocrx_word' id='word_1_845' title='bbox 2517 5270 2636 5317; x_wconf 90' lang='lat' dir='ltr'><strong>erat</strong></span> <span class='ocrx_word' id='word_1_846' title='bbox 2669 5259 3036 5324; x_wconf 85' lang='lat' dir='ltr'><strong>occidebatis,</strong></span> <span class='ocrx_word' id='word_1_847' title='bbox 3079 5272 3294 5329; x_wconf 85' lang='lat' dir='ltr'><strong>gregem</strong></span> <span class='ocrx_word' id='word_1_848' title='bbox 3342 5265 3523 5313; x_wconf 87' lang='lat' dir='ltr'><strong>autem</strong></span> 
     </span>
    </p>
   </div>
   <div class='ocr_carea' id='block_1_107' title="bbox 1946 5349 3523 5423">
    <p class='ocr_par' dir='ltr' id='par_1_107' title="bbox 1946 5349 3523 5423">
     <span class='ocr_line' id='line_1_107' title="bbox 1946 5349 3523 5423; baseline -0.006 -8"><span class='ocrx_word' id='word_1_849' title='bbox 1946 5373 2128 5420; x_wconf 89' lang='lat' dir='ltr'><strong>meum</strong></span> <span class='ocrx_word' id='word_1_850' title='bbox 2193 5369 2299 5409; x_wconf 91' lang='lat' dir='ltr'><strong>non</strong></span> <span class='ocrx_word' id='word_1_851' title='bbox 2358 5351 2684 5423; x_wconf 87' lang='lat' dir='ltr'><strong>paseebatis.</strong></span> <span class='ocrx_word' id='word_1_852' title='bbox 2740 5349 2892 5418; x_wconf 88' lang='lat' dir='ltr'><strong>Quod</strong></span> <span class='ocrx_word' id='word_1_853' title='bbox 2939 5349 3210 5404; x_wconf 79' lang='lat' dir='ltr'><strong>infirmum</strong></span> <span class='ocrx_word' id='word_1_854' title='bbox 3260 5349 3362 5404; x_wconf 88' lang='lat' dir='ltr'><strong>luit</strong></span> <span class='ocrx_word' id='word_1_855' title='bbox 3415 5363 3523 5405; x_wconf 88' lang='lat' dir='ltr'><strong>non</strong></span> 
     </span>
    </p>
   </div>
   <div class='ocr_carea' id='block_1_108' title="bbox 1947 5437 3522 5512">
    <p class='ocr_par' dir='ltr' id='par_1_108' title="bbox 1947 5437 3522 5512">
     <span class='ocr_line' id='line_1_108' title="bbox 1947 5437 3522 5512; baseline -0.005 -9"><span class='ocrx_word' id='word_1_856' title='bbox 1947 5443 2338 5509; x_wconf 86' lang='lat' dir='ltr'><strong>consolidastis,</strong></span> <span class='ocrx_word' id='word_1_857' title='bbox 2388 5443 2612 5511; x_wconf 88' lang='lat' dir='ltr'><strong>etquod</strong></span> <span class='ocrx_word' id='word_1_858' title='bbox 2641 5449 2903 5512; x_wconf 81' lang='lat' dir='ltr'><strong>:cgrotum</strong></span> <span class='ocrx_word' id='word_1_859' title='bbox 2945 5455 3052 5495; x_wconf 88' lang='lat' dir='ltr'><strong>non</strong></span> <span class='ocrx_word' id='word_1_860' title='bbox 3079 5439 3332 5507; x_wconf 84' lang='lat' dir='ltr'><strong>sanastis;</strong></span> <span class='ocrx_word' id='word_1_861' title='bbox 3375 5437 3522 5508; x_wconf 86' lang='lat' dir='ltr'><strong>quod</strong></span> 
     </span>
    </p>
   </div>
   <div class='ocr_carea' id='block_1_109' title="bbox 1945 5529 3522 5604">
    <p class='ocr_par' dir='ltr' id='par_1_109' title="bbox 1945 5529 3522 5604">
     <span class='ocr_line' id='line_1_109' title="bbox 1945 5529 3522 5604; baseline -0.008 -8"><span class='ocrx_word' id='word_1_862' title='bbox 1945 5541 2178 5596; x_wconf 90' lang='lat' dir='ltr'><strong>fraetum</strong></span> <span class='ocrx_word' id='word_1_863' title='bbox 2229 5543 2315 5591; x_wconf 87' lang='lat' dir='ltr'><strong>est</strong></span> <span class='ocrx_word' id='word_1_864' title='bbox 2339 5549 2446 5590; x_wconf 89' lang='lat' dir='ltr'><strong>non</strong></span> <span class='ocrx_word' id='word_1_865' title='bbox 2494 5533 2774 5604; x_wconf 87' lang='lat' dir='ltr'><strong>alligastis,</strong></span> <span class='ocrx_word' id='word_1_866' title='bbox 2814 5541 2870 5588; x_wconf 92' lang='lat' dir='ltr'><strong>et</strong></span> <span class='ocrx_word' id='word_1_867' title='bbox 2903 5531 3046 5604; x_wconf 90' lang='lat' dir='ltr'><strong>quod</strong></span> <span class='ocrx_word' id='word_1_868' title='bbox 3091 5529 3358 5600; x_wconf 86' lang='lat' dir='ltr'><strong>abiectum</strong></span> <span class='ocrx_word' id='word_1_869' title='bbox 3413 5544 3522 5584; x_wconf 90' lang='lat' dir='ltr'><strong>non</strong></span> 
     </span>
    </p>
   </div>
   <div class='ocr_carea' id='block_1_110' title="bbox 1949 5624 3524 5696">
    <p class='ocr_par' dir='ltr' id='par_1_110' title="bbox 1949 5624 3524 5696">
     <span class='ocr_line' id='line_1_110' title="bbox 1949 5624 3524 5696; baseline -0.006 -7"><span class='ocrx_word' id='word_1_870' title='bbox 1949 5628 2260 5695; x_wconf 82' lang='lat' dir='ltr'><strong>reduxistis;</strong></span> <span class='ocrx_word' id='word_1_871' title='bbox 2313 5625 2456 5696; x_wconf 90' lang='lat' dir='ltr'><strong>quod</strong></span> <span class='ocrx_word' id='word_1_872' title='bbox 2493 5625 2730 5695; x_wconf 89' lang='lat' dir='ltr'><strong>perierat</strong></span> <span class='ocrx_word' id='word_1_873' title='bbox 2771 5640 2879 5680; x_wconf 86' lang='lat' dir='ltr'><strong>non</strong></span> <span class='ocrx_word' id='word_1_874' title='bbox 2911 5624 3204 5695; x_wconf 69' lang='lat' dir='ltr'><strong>quzesistis,</strong></span> <span class='ocrx_word' id='word_1_875' title='bbox 3250 5624 3346 5680; x_wconf 89' lang='lat' dir='ltr'><strong>sed</strong></span> <span class='ocrx_word' id='word_1_876' title='bbox 3397 5636 3524 5680; x_wconf 84' lang='lat' dir='ltr'><strong>cum</strong></span> 
     </span>
    </p>
   </div>
   <div class='ocr_carea' id='block_1_111' title="bbox 1950 5716 3522 5790">
    <p class='ocr_par' dir='ltr' id='par_1_111' title="bbox 1950 5716 3522 5790">
     <span class='ocr_line' id='line_1_111' title="bbox 1950 5716 3522 5790; baseline -0.006 -9"><span class='ocrx_word' id='word_1_877' title='bbox 1950 5721 2268 5781; x_wconf 90' lang='lat' dir='ltr'><strong>austeritate</strong></span> <span class='ocrx_word' id='word_1_878' title='bbox 2322 5717 2660 5790; x_wconf 85' lang='lat' dir='ltr'><strong>imperabitis</strong></span> <span class='ocrx_word' id='word_1_879' title='bbox 2709 5717 2790 5772; x_wconf 88' lang='lat' dir='ltr'><strong>eis</strong></span> <span class='ocrx_word' id='word_1_880' title='bbox 2864 5729 2917 5774; x_wconf 89' lang='lat' dir='ltr'><strong>et</strong></span> <span class='ocrx_word' id='word_1_881' title='bbox 2969 5733 3091 5774; x_wconf 91' lang='lat' dir='ltr'><strong>eum</strong></span> <span class='ocrx_word' id='word_1_882' title='bbox 3131 5716 3373 5789; x_wconf 80' lang='lat' dir='ltr'><strong>potentia</strong></span> <span class='ocrx_word' id='word_1_883' title='bbox 3421 5724 3522 5771; x_wconf 84' lang='lat' dir='ltr'><strong>:et</strong></span> 
     </span>
    </p>
   </div>
  </div>
