3998 6202
547 264 651 319 9.55

516 267 536 319 l

505 381 767 450 dispersae
807 389 934 434 sunt
971 392 1101 434 oves
1143 394 1299 441 mem,
1353 390 1418 431 eo
1467 372 1610 444 quod
1658 385 1767 425 non
1828 377 1974 425 esset
2005 384 2094 438 pa-
2122 366 2169 426 Α

507 482 655 537 stor,
695 481 752 527 et
796 471 953 526 facta:
1007 479 1132 526 sunt
1168 471 1219 524 in
1265 466 1671 522 devorationem
1720 460 1962 516 omnium
2002 459 2092 515 be-

506 565 732 621 stiarum
782 564 914 634 agri,
966 572 1019 617 et
1058 562 1316 630 dispersa:
1355 567 1522 624 sunt,
1556 576 1574 609 ι
1630 566 1735 612 etc.
1786 555 1890 611 Sed
1950 554 2093 624 quod

508 655 632 710 talis
658 655 799 710 actio
830 655 963 708 iram
993 652 1207 707 Domini
1241 660 1483 705 meretur
1507 648 1752 718 sequitur
1790 661 1806 699 :

581 745 744 816 Coph.
794 765 811 796 ι
845 744 1146 813 Complevit
1177 742 1435 797 Dominus
1466 739 1703 795 furorem
1746 751 1927 800 suum,
1958 733 2092 790 effu-

513 859 532 891 ‹
566 839 643 893 dit
667 839 803 892 iram
834 835 1220 906 indignationis
1268 849 1399 898 suae,
1430 840 1485 886 et
1514 830 1795 885 succendit
1831 829 2010 899 ignem
2037 827 2091 880 in

515 948 531 980 ι
565 928 717 990 Sion,
748 936 802 980 et
844 925 1125 980 devoravit
1171 923 1522 977 fundamenta
1566 921 1704 991 ejus.
1738 939 1756 971 ι
1789 917 2095 988 Complevit

506 1020 648 1072 enim
683 1017 940 1072 Dominus
983 1015 1220 1069 furorem
1271 1028 1447 1077 suum,
1481 1021 1535 1066 et
1573 1009 1761 1066 effudit
1790 1010 1924 1064 iram
1954 1008 2093 1063 indi-

507 1108 774 1178 gnationis
803 1123 911 1162 suae
959 1107 1010 1160 in
1049 1113 1260 1177 gentem
1310 1104 1690 1174 peccatricem,
1731 1102 1947 1172 quando
1985 1116 2090 1155 non

506 1200 675 1254 solum
709 1199 961 1268 pepulum
1005 1197 1406 1260 exterminavit,
1440 1193 1532 1249 sed
1571 1195 1737 1248 etiam
1783 1192 2090 1248 habitacula

508 1304 603 1357 per
633 1289 818 1342 hostes
843 1303 1030 1342 eorum
1058 1303 1228 1356 usque
1249 1287 1315 1341 ad
1346 1285 1696 1341 fundamenta
1724 1284 2010 1349 destruxit,
2039 1295 2094 1338 et

509 1383 764 1451 templum
789 1391 948 1450 atque
977 1382 1161 1435 urbem
1187 1382 1436 1435 incendio
1465 1379 1819 1450 consumpsit.
1846 1378 2092 1448 Complet

507 1475 669 1529 etiam
701 1481 755 1527 et
785 1474 836 1526 in
870 1473 1026 1527 malis
1051 1472 1362 1528 doctoribus
1394 1471 1630 1529 furorem
1667 1486 1850 1534 suum,
1877 1470 2091 1538 quando

505 1581 604 1636 pro
638 1563 959 1634 negligentia
1005 1571 1061 1617 et
1105 1561 1307 1616 desidia
1355 1578 1451 1616 sua
1484 1561 1733 1615 incendio
1783 1575 1878 1614 eos
1915 1560 2093 1614 tradet

506 1664 764 1726 perpetuo
798 1673 810 1707 :
838 1663 893 1707 et
919 1669 1023 1709 non
1052 1653 1223 1708 solum
1253 1669 1348 1724 pro
1377 1653 1628 1722 operibus
1673 1651 1831 1707 malis
1862 1667 1956 1707 eos
1988 1667 2088 1722 pu-

509 1724 618 1811 ilit,
649 1747 741 1800 sed
773 1761 944 1815 usque
974 1747 1040 1801 ad
1087 1746 1434 1800 fundamenta
1473 1760 1852 1817 perversarum
1884 1745 2092 1814 cogita-
2120 1724 2166 1784 Β

510 1839 711 1892 tionum
751 1837 866 1906 ejus
888 1839 1124 1892 vindicta
1153 1838 1418 1908 pervenit.

578 1927 795 1980 Lamed.
833 1945 878 1977 νε
909 1925 1024 1979 Non
1062 1926 1411 1981 crediderunt
1453 1942 1606 1998 rcges
1641 1935 1820 1992 terrae,
1870 1933 1926 1981 et
1972 1926 2093 1980 uni-

512 2036 530 2068 ‹
566 2016 706 2070 versi
741 2015 1073 2070 habitatores
1092 2015 1262 2080 orbis,
1308 2016 1562 2085 quoniam
1597 2017 1969 2086 ingrederetur
1995 2015 2093 2070 ho-

506 2107 605 2162 stis
632 2117 686 2160 ct
721 2106 972 2161 inimicus
1019 2121 1118 2175 per
1143 2115 1330 2176 portas
1376 2106 1734 2162 Hierusalem.
1769 2127 1788 2161 ι
1818 2107 2089 2179 (Ηὶει-οη.)

506 2198 732 2266 Quando
760 2213 889 2269 ergo
915 2206 1086 2253 status
1117 2200 1266 2270 regni
1299 2198 1509 2254 Judaici
1559 2202 1758 2254 mansit
1785 2200 2089 2266 incolumis,

506 2293 753 2348 etcultus
781 2295 872 2347 Dei
903 2294 975 2349 ibi
1001 2301 1118 2348 erat
1166 2293 1572 2358 celeberrimus,
1599 2284 1813 2348 diﬁicile
1843 2292 1946 2346 fuit
1996 2306 2093 2345 na-

507 2383 741 2438 tionibus
765 2384 1003 2454 gentium
1053 2383 1473 2454 circumquaque
1517 2383 1817 2453 positarum
1869 2384 2093 2439 credere

507 2476 650 2545 quod
699 2485 954 2530 externus
986 2475 1158 2530 hostis
1186 2474 1562 2530 dominaturus
1609 2483 1753 2530 esset
1793 2475 2094 2547 insignissi-

505 2578 630 2627 mae,
656 2571 712 2618 et
739 2563 935 2632 templo
981 2561 1366 2626 famosissima,
1411 2564 1647 2618 maxime
1689 2579 1812 2618 cum
1846 2565 2094 2619 viderent

503 2659 563 2709 et
589 2654 840 2707 audirent
884 2656 951 2709 ab
994 2654 1148 2708 initio
1175 2664 1386 2724 gentem
1424 2655 1569 2708 illam
1600 2655 1766 2725 signis
1797 2655 2094 2710 clarescen-

505 2741 672 2807 tibus,
699 2742 881 2798 divina
919 2759 1020 2813 cpe
1053 2752 1411 2798 sustentatam
1441 2753 1606 2814 atque
1630 2753 1948 2814 protectam.
1980 2745 2092 2816 My-

503 2832 639 2886 stice
682 2841 862 2887 autem
910 2849 1032 2888 cum
1079 2834 1316 2887 animam
1369 2834 1657 2905 cujuslibet
1690 2834 1863 2891 ﬁdelis
1892 2836 2092 2892 videri-

504 2936 626 2976 mus
665 2923 895 2993 spiritali
941 2923 1165 2978 scientia
1211 2932 1375 2995 atque
1419 2926 1662 2980 omnium
1699 2926 1960 2982 virtutum
1999 2927 2092 2982 de-

503 3024 631 3066 core
658 3013 1000 3079 adornatam,
1024 3013 1113 3066 vix
1145 3013 1368 3068 credere
1413 3029 1702 3085 possumus
1731 3024 1842 3070 tam
1885 3016 2089 3071 subita-

502 3116 605 3156 neo
634 3117 764 3158 casu
793 3119 912 3158 eam
956 3119 1235 3170 corruere,
1285 3114 1343 3159 ut
1371 3120 1491 3175 quae
1518 3107 1748 3176 quodam
1787 3107 2088 3176 imperabat
2114 3107 2158 3168 C

500 3194 833 3262 spiritalibus
863 3195 1118 3260 inimicis,
1169 3202 1225 3249 et
1261 3210 1355 3251 eos
1396 3196 1463 3249 ab
1489 3196 1726 3252 obsessis
1765 3199 2084 3267 corporibus

503 3286 672 3341 verbo
697 3286 962 3340 orationis
1003 3284 1274 3354 ejicicbat,
1322 3302 1465 3341 nunc
1489 3287 1802 3342 earumdem
1846 3288 2082 3343 hostium

499 3377 683 3446 praeda
723 3375 837 3441 ﬁat,
868 3383 923 3430 et
962 3383 1074 3431 tota
1104 3375 1317 3430 illorum
1365 3377 1710 3446 nequissima:
1757 3379 1969 3434 subdita
1992 3395 2086 3435 vo-

506 3466 721 3521 luntati.
755 3465 863 3521 Sed
892 3467 1032 3522 unde
1067 3467 1183 3522 haec
1221 3467 1378 3521 ruina
1409 3467 1644 3522 maxima
1675 3470 1972 3537 proveniat,
2003 3485 2088 3526 se-

501 3573 674 3626 quens
713 3571 894 3612 sermo
921 3559 1203 3628 prophetae
1248 3559 1604 3614 demonstrat.
1640 3559 1930 3634 (Maenas)
1957 3561 2086 3618 Pro-

500 3657 622 3718 pter
645 3659 870 3720 peccata
899 3649 1045 3704 enim
1088 3649 1387 3705 scribarum
1437 3660 1491 3704 et
1519 3649 1936 3717 Pharisazorum,
1962 3668 2087 3709 nec-

503 3755 611 3794 non
636 3748 691 3794 et
717 3740 1030 3811 pontiﬁcum
1049 3737 1378 3806 ludam-um,
1400 3740 1492 3811 qui
1525 3741 1841 3813 sanguinem
1874 3744 2088 3799 redem-

500 3829 675 3900 ptoris
715 3838 770 3884 et
806 3831 1190 3901 prophetarum
1221 3838 1384 3900 atque
1433 3831 1798 3900 apostolorum
1848 3832 1964 3902 ejus
2001 3834 2084 3890 ef-

502 3919 792 3985 fuderunt,
844 3921 1132 3990 captivitas
1186 3920 1523 3977 Hierusalem
1578 3931 1741 3992 atque
1787 3923 2086 3981 devastatio

502 4011 739 4065 maxime
761 4011 959 4069 evenit.

574 4108 738 4163 Mem.
804 4109 1078 4179 «Propter
1125 4118 1350 4178 peccata
1407 4112 1795 4182 prophetarum
1851 4112 1986 4182 ejus,
2031 4123 2086 4168 et

507 4217 525 4248 ι
560 4199 876 4269 iniquitates
903 4199 1244 4253 sacerdotum
1272 4199 1411 4268 ejus,
1439 4201 1529 4271 qui
1558 4191 1863 4258 eﬂ‘udcru'nt
1891 4203 1945 4258 in
1973 4219 2088 4259 me-

509 4309 529 4340 ‹
568 4291 654 4344 dio
680 4288 796 4356 ejus
842 4291 1160 4361 sanguinem
1191 4291 1481 4362 justorum.
1512 4311 1531 4343 ι
1571 4292 1832 4350 Similiter
1859 4304 1913 4350 et
1941 4311 2085 4352 nunc

500 4379 555 4434 in
587 4381 852 4446 Ecclesia,
879 4390 1099 4452 propter
1125 4392 1343 4452 peccata
1370 4383 1755 4455 prophetarum
1785 4395 1842 4441 et
1881 4386 2080 4457 iniqui-

502 4479 642 4526 tates
671 4446 1012 4526 sacerdotum
1042 4446 1180 4541 ejus,
1221 4446 1498 4544 portarum
1531 4475 1790 4545 spiritalis
1826 4446 2084 4532 Hiertisa-
2109 4446 2163 4507 D

503 4561 609 4616 lem
631 4571 778 4630 patet
820 4563 1089 4617 introitus.
1135 4562 1362 4631 Quando
1390 4576 1610 4637 prepter
1653 4569 1920 4638 ignaviam
1949 4585 2086 4640 pra:-

503 4653 826 4720 dicatorum,
852 4663 906 4708 et
935 4655 1315 4726 negligentiam
1346 4659 1684 4713 sacerdotum
1709 4660 1827 4727 Dei,
1857 4661 1949 4731 qui
1979 4677 2083 4717 non

503 4753 700 4800 curant
724 4744 920 4815 papula
951 4746 1274 4802 annuntiare
1307 4748 1450 4803 viam
1497 4750 1730 4816 Domini,
1777 4765 1832 4807 et
1865 4767 2085 4824 compe-

502 4853 658 4892 scere
695 4853 816 4891 eum
861 4851 892 4890 a
936 4839 1194 4907 peccatis,
1243 4839 1415 4894 hostis
1446 4841 1713 4913 malignus
1756 4858 1855 4912 per
1894 4859 2086 4901 sensus

500 4929 802 4985 exteriores
824 4929 1027 4984 aditum
1059 4930 1291 4986 intrandi
1315 4931 1369 4986 in
1395 4935 1629 4988 animam
1657 4935 1881 5002 invenit,
1909 4945 1964 4992 et
1986 4953 2080 4992 oc-

502 5022 775 5076 casionem
806 5021 966 5076 habet
991 5036 1088 5091 per
1112 5021 1354 5077 diversas
1377 5023 1594 5080 fraudes
1621 5041 1740 5080 eam
1768 5028 2079 5084 seducendi.

506 5112 657 5167 Unde
689 5113 944 5182 scriptum
977 5122 1098 5167 est:
1131 5131 1149 5163 ‹
1179 5112 1351 5170 Causa
1381 5117 1549 5170 ruinae
1573 5117 1755 5186 populi
1777 5119 2082 5176 sacerdotes

504 5204 630 5257 mali
676 5203 894 5274 (Τήν-επ.
935 5204 1016 5276 ιι).
1054 5224 1072 5257 ι
1108 5203 1209 5271 Qui
1256 5207 1450 5262 merito
1506 5207 1759 5263 dicuntur
1806 5209 2081 5268 eﬁ'undere

505 5295 820 5364 sanguinem
869 5293 1160 5363 justorum,
1208 5297 1333 5366 quia
1395 5299 1521 5353 dum
1577 5301 1933 5370 simplicibus,
1983 5304 2075 5374 qui

505 5383 645 5440 forte
673 5400 770 5455 per
798 5388 1162 5442 innocentiam
1179 5388 1311 5457 justi
1351 5403 1474 5444 esse
1521 5400 1741 5460 possent
1779 5392 1822 5446 si
1856 5394 2079 5448 rectitu-

505 5474 686 5528 dinem
721 5476 931 5530 viarum
974 5478 1182 5533 Domini
1231 5481 1451 5545 scirent,
1497 5482 1823 5539 subtrahunt
1861 5487 2083 5541 verbum

507 5563 705 5627 solatii,
759 5567 835 5618 rei
893 5567 1140 5623 dicuntur
1191 5585 1313 5625 esse
1365 5574 1648 5644 sanguinis
1697 5575 1872 5632 eﬂ‘usi.
1930 5579 2083 5644 Quod

512 5662 690 5701 sermo
715 5654 926 5706 divinus
951 5658 1015 5709 ad
1053 5658 1386 5714 Ezechielem
1413 5665 1730 5732 prephetam
1765 5668 1964 5737 liquide
1986 5673 2079 5726 tle-

1153 259 1214 314 B.
1258 255 1512 313 RABANI
1551 254 1772 312 MAURI
1809 251 2124 308 ARClllEP.
2164 251 2474 309 MOGUNT.
2513 251 2798 310 OPERUM
2829 250 3007 306 PARS
3044 250 3127 305 Ill.

3658 250 3806 304 {£56

2200 375 2468 421 monstrat
2501 367 2723 422 dicens:
2754 386 2772 416 ι
2801 365 2902 420 Fili
2934 363 3192 428 hominis,
3235 365 3643 434 speculatorem
3678 365 3809 421 deti

2194 469 2249 515 te
2277 459 2457 514 domui
2487 459 2673 525 lsrael,
2703 468 2759 514 et
2785 458 2973 512 audies
3000 459 3067 512 de
3111 471 3207 511 ore
3237 471 3363 511 meo
3385 457 3584 520 verba,
3624 465 3682 511 et
3708 471 3815 510 an-

2193 549 2468 605 nuntiabis
2493 551 2574 605 eis
2593 565 2662 605 ex
2687 564 2792 604 me.
2828 548 2883 603 Si
2909 548 3124 603 dicente
3143 561 3230 602 me
3253 545 3323 600 ad
3346 546 3608 617 impium,
3631 544 3812 601 Morte

2194 641 2470 705 morieris,
2493 657 2600 695 non
2630 639 3040 695 annuutiaveris
3069 637 3144 704 ei,
3163 654 3342 708 neque
3356 637 3584 693 locutus
3615 637 3810 703 fueris,

2192 740 2252 786 ut
2274 741 2552 786 avertatur
2580 748 2610 786 a
2639 731 2722 786 via
2753 747 2852 786 sua
2879 730 3044 800 impia
3072 738 3129 784 et
3153 729 3323 795 vivat,
3365 730 3488 800 ipse
3517 729 3728 799 impius
3753 729 3807 784 in

2191 823 2478 893 iniquitate
2519 839 2614 879 sua
2649 823 2935 888 morietur,
2981 821 3304 891 sanguinem
3346 828 3537 876 autem
3594 820 3810 889 ejusde

2191 932 2352 970 manu
2381 925 2471 971 tua
2502 917 2800 986 requiram.
2835 914 2892 970 Si
2931 923 3117 970 autem
3149 923 3206 968 tu
3235 912 3669 968 annuutiaveris
3709 912 3808 966 im-

2190 1007 2301 1077 pio,
2332 1015 2384 1062 et
2408 1005 2497 1061 ille
2527 1022 2632 1061 non
2656 1006 2822 1061 fuerit
2851 1021 3154 1062 conversus
3181 1005 3250 1059 ab
3280 1005 3578 1075 impietate
3625 1020 3725 1058 sua
3750 1015 3805 1060 et

2190 1100 2279 1153 via
2308 1114 2404 1154 sua
2436 1099 2618 1168 impia,
2649 1099 2763 1168 ipse
2789 1098 3008 1168 quidem
3034 1097 3089 1151 in
3131 1097 3426 1167 iniquitate
3457 1111 3563 1151 sua
3609 1096 3805 1151 “morie—

2191 1199 2318 1256 tur,
2373 1198 2430 1244 tu
2484 1199 2664 1245 autem
2711 1193 2950 1244 animam
3008 1197 3153 1244 tuam
3214 1189 3484 1243 liberasti.
3542 1187 3660 1242 Sed
3707 1190 3803 1243 etsi

2193 1301 2488 1340 conversus
2505 1284 2855 1354 fueritjustus
2877 1301 2906 1338 a
2923 1283 3136 1353 justitia
3152 1300 3270 1348 sua,
3286 1293 3343 1338 ct
3362 1283 3576 1337 fecerit
3607 1282 3802 1352 iniqui-

2192 1384 2381 1438 tatem,
2411 1393 2609 1446 ponam
2643 1375 3027 1432 oﬁ‘endiculum
3081 1391 3262 1431 coram
3289 1389 3357 1430 eo
3394 1392 3408 1427 :
3449 1375 3576 1445 ipse
3609 1374 3801 1428 morie-

2194 1476 2302 1534 tur,
2330 1467 2456 1537 quia
2488 1482 2596 1522 non
2640 1466 2970 1521 annuntiasti
3001 1466 3087 1531 ei;
3117 1466 3170 1519 in
3201 1473 3432 1535 peccato
3464 1481 3573 1519 suo
3607 1466 3801 1520 morie-

2193 1571 2301 1628 tur,
2329 1571 2384 1618 et
2424 1577 2531 1618 non
2576 1570 2736 1617 erunt
2774 1563 2827 1616 in
2872 1561 3189 1616 memoriam
3225 1558 3462 1626 justitia:
3489 1559 3639 1628 ejus,
3671 1575 3800 1628 quas

2195 1653 2326 1708 fecit
2357 1672 2369 1707 :
2407 1654 2727 1724 sanguinem
2758 1668 2888 1707 vero
2913 1653 3032 1722 ejus
3062 1651 3128 1706 de
3163 1666 3324 1704 manu
3354 1660 3448 1705 tua
3492 1651 3796 1720 requiram.

2196 1745 2252 1802 Si
2280 1755 2461 1802 autem
2493 1757 2550 1802 tu
2597 1747 3010 1802 annuutiaveris
3048 1745 3218 1816 justo,
3245 1754 3305 1800 ut
3346 1761 3461 1800 non
3491 1753 3711 1814 peccet,
3750 1753 3802 1800 et

2194 1836 2284 1892 ille
2325 1851 2432 1890 non
2463 1837 2794 1906 peccaverit,
2843 1837 3031 1892 vivens
3073 1837 3241 1900 vivet,
3273 1836 3403 1906 quia
3454 1836 3796 1890 anmmtiasti

2192 1925 2266 1991 ei,
2289 1934 2345 1979 et
2374 1935 2429 1980 tu
2457 1926 2698 1980 animam
2733 1936 2881 1981 tuam
2910 1926 3151 1981 liberasti
3182 1925 3402 1996 (Ezech.
3431 1925 3546 1996 ut).
3578 1945 3599 1976 ι

2265 2015 2414 2070 Nun.
2463 2034 2481 2067 ε
2511 2017 2848 2072 Erraverunt
2887 2017 3016 2072 caeci
3053 2016 3110 2071 in
3157 2015 3374 2086 plateis,
3431 2015 3639 2086 polluti
3679 2025 3800 2070 sunt

2199 2127 2218 2159 σ
2253 2108 2534 2178 sanguine.
2570 2106 2813 2178 Cumque
2834 2123 2942 2162 non
2969 2114 3212 2177 possent,
3237 2115 3541 2162 tenuerunt
3574 2107 3801 2162 lacinias

2200 2217 2220 2252 ε
2255 2214 2400 2254 suas.
2433 2219 2451 2250 ι
2489 2197 2758 2270 (nierum)
2803 2197 2907 2252 Per
2937 2198 3190 2253 inertiam
3228 2211 3361 2267 ergo
3387 2197 3692 2252 doctorum
3720 2206 3798 2250 te-

2193 2290 2378 2346 nebris
2421 2289 2740 2362 ignorantiae
2785 2288 3042 2344 excmcati
3093 2295 3422 2342 erraverunt
3480 2287 3539 2341 in
3605 2288 3799 2358 plateis

2194 2393 2385 2439 turma:
2421 2383 2613 2453 plebis,
2641 2383 2766 2452 quia
2795 2383 2920 2437 dum
2950 2397 3008 2436 se
3033 2382 3100 2435 ad
3135 2380 3420 2435 illecebras
3441 2379 3679 2435 tradunt
3704 2394 3795 2434 vo-

2193 2475 2480 2546 luptatum,
2511 2482 2717 2528 rectam
2737 2473 2932 2528 callem
2961 2487 3068 2526 non
3100 2479 3283 2525 tenent
3307 2471 3638 2525 divinorum
3667 2486 3800 2539 pnn-

2191 2573 2490 2635 ceptorum.
2519 2563 2588 2619 Et
2610 2565 2748 2620 bene
2770 2563 2967 2618 dicitur
2991 2581 3004 2615 :
3038 2581 3056 2613 ι
3081 2561 3271 2632 polluti
3292 2569 3426 2615 sunt
3456 2561 3755 2630 sanguine,
3773 2579 3790 2609 ι

2192 2657 2320 2728 quia
2380 2653 2918 2727 sanguinolentorum
2966 2668 3188 2723 operum
3243 2651 3618 2707 contaminati
3675 2661 3798 2706 sunt

2191 2746 2599 2803 commixtione.
2635 2765 2654 2797 ι
2689 2745 2932 2816 Cumque
2955 2760 3064 2799 non
3092 2751 3338 2814 possent,
3370 2765 3388 2796 ι
3424 2745 3637 2814 inquit,
3678 2746 3798 2801 sub.

2192 2837 2432 2904 auditur,
2479 2845 2628 2892 recto
2670 2836 2890 2892 tramite
2949 2836 3222 2899 incedere,
3269 2843 3574 2891 tenuerunt
3612 2835 3792 2906 lacry-

2191 2947 2310 2986 mas
2340 2928 2606 3002 [lacinias]
2653 2945 2800 2994 suas,
2833 2929 2938 2984 hoc
2970 2938 3074 2995 est,
3112 2928 3341 2984 aliorum
3389 2929 3663 2984 ducatum
3706 2945 3793 2984 ex-

2191 3025 2465 3094 petebant,
2499 3030 2559 3078 ut
2583 3036 2771 3078 eorum
2802 3030 3021 3077 actuum
3059 3021 3340 3090 exemplis,
3375 3021 3540 3090 quasi
3569 3021 3796 3090 quibus-

2191 3112 2314 3168 dam
2354 3112 2568 3167 laeiuiis
2622 3111 2802 3176 tracti,
2851 3125 3095 3180 gressum
3137 3109 3420 3164 imitentur
3465 3110 3794 3178 praeceden-

2189 3204 2342 3259 tium.
2373 3202 2479 3259 Sed
2507 3204 2632 3273 quia
2678 3203 2989 3272 frequenter
3025 3200 3100 3256 illi
3135 3201 3224 3270 qui
3266 3210 3542 3270 praeeunt,
3583 3211 3644 3255 et
3692 3201 3792 3255 fre-

2188 3305 2420 3367 quentes
2477 3312 2534 3352 se
2589 3295 2756 3352 verbo
2813 3295 3074 3350 doctrina)
3099 3333 3114 3359 ,
3181 3302 3237 3348 et
3291 3293 3452 3348 bonis
3522 3293 3792 3365 exemplis

2189 3391 2387 3444 ducere
2415 3387 2734 3452 debuerant,
2784 3386 2930 3456 ipsos
2957 3393 3235 3441 secutores
3275 3399 3405 3439 suos
3434 3400 3541 3454 per
3585 3383 3786 3439 fastum

2189 3480 2453 3551 superbiae
2477 3485 2795 3548 spernentes
2838 3477 2893 3531 in
2923 3477 3357 3546 desperationem
3397 3476 3653 3530 mittunt.
3693 3475 3786 3532 Se-

2189 3572 2373 3640 quitur
2397 3591 2410 3623 :

2263 3659 2504 3716 Samech.
2550 3657 2869 3729 thecedite,
2899 3656 3109 3728 polluti,
3133 3655 3509 3712 clamaverunt
3539 3655 3622 3710 eis
3645 3669 3667 3708 :
3696 3667 3785 3708 re-

2195 3772 2213 3804 c
2247 3753 2444 3818 cedite,
2483 3751 2652 3817 abite,
2696 3750 2863 3806 nolite
2891 3758 3131 3820 tangere.
3167 3748 3375 3819 Jurgati
3407 3747 3611 3818 quippe
3629 3757 3782 3814 sunt,

2193 3859 2212 3892 ι
2248 3849 2304 3896 et
2331 3841 2585 3897 commoti
2614 3840 2865 3896 dixerunt
2892 3840 3032 3894 inter
3058 3848 3266 3909 gentes,
3297 3836 3414 3893 Non
3445 3838 3615 3895 addet
3639 3839 3781 3895 ultra

2197 3953 2216 3985 ι
2251 3933 2589 3988 utinbabitet
2622 3931 2674 3986 in
2697 3931 2794 3986 eis.
2823 3949 2842 3983 ι

2260 4022 2394 4079 Phe.
2440 4042 2458 4075 ι
2487 4022 2677 4079 Facies
2717 4021 2928 4077 Domini
2969 4019 3152 4077 divisit
3193 4034 3306 4086 eos,
3362 4036 3473 4076 non
3519 4021 3689 4078 addet
3729 4034 3784 4077 ut

2193 4140 2212 4173 ‹
2246 4119 2444 4190 eripiat
2494 4115 2795 4190 [respiciat]
2842 4131 2957 4171 eos.
3018 4115 3208 4172 Facies
3262 4115 3612 4170 sacerdotum
3675 4131 3780 4170 mn

2193 4230 2213 4262 ι
2253 4211 2604 4275 erubuerunt,
2645 4223 2821 4279 neque
2870 4222 3061 4263 senum
3106 4207 3316 4262 miserti
3369 4214 3520 4261 sunt.
3555 4225 3577 4258 ι
3605 4204 3780 4276 (Ηλε-

2187 4301 2331 4374 nus.)
2375 4300 2522 4356 Talis
2564 4308 2646 4355 est
2692 4316 2797 4355 vox
2837 4301 3194 4371 superborum
3238 4299 3653 4368 magistrorum,
3690 4297 3778 4367 qui

2186 4406 2353 4461 pecus
2382 4390 2523 4460 quod
2554 4404 2796 4445 crassum
2823 4396 2907 4443 est
2934 4387 3001 4442 de
3029 4402 3190 4458 grege
3217 4395 3520 4452 assumunt,
3549 4396 3606 4442 et
3635 4388 3778 4456 quod

2189 4480 2364 4537 debile
2392 4478 2704 4552 projiciunt,
2740 4479 2884 4550 quod
2939 4478 3212 4533 inﬁrmum
3254 4492 3362 4531 non
3405 4477 3778 4539 consolidant,

2188 4582 2244 4628 et
2295 4573 2437 4642 quod
2479 4581 2739 4643 aegrotum
2799 4583 2903 4624 non
2949 4577 3162 4623 sanant.
3224 4586 3242 4618 ι
3272 4568 3554 4634 Receditc,
3604 4569 3776 4629 aiunt,

2188 4664 2400 4734 polluti,
2445 4663 2700 4728 recedite,
2746 4662 2910 4728 abite,
2941 4660 3108 4716 nolite
3143 4675 3242 4715 nos
3285 4669 3528 4730 tangere,
3562 4682 3581 4714 ι
3614 4662 3778 4716 nolite

2190 4756 2244 4811 in
2275 4755 2455 4826 aliquo
2481 4755 2636 4810 nobis
2674 4752 3118 4809 communicare:
3145 4752 3463 4807 insanabilia
3505 4765 3640 4808 sunt
3667 4754 3778 4808 ται-

2190 4862 2322 4903 nera
2369 4857 2569 4911 vestra,
2598 4855 2654 4900 et
2694 4844 3018 4900 incurabiles
3053 4843 3262 4914 plagte:
3299 4859 3402 4898 non
3452 4845 3592 4900 estis
3632 4846 3774 4917 digni

2189 4939 2566 4995 communione
2603 4937 2930 5004 Christiana,
2979 4946 3039 4990 ut
3067 4937 3210 4990 ultra
3243 4935 3294 4990 in
3326 4937 3480 4991 vobis
3507 4937 3777 4993 inhabitet

2191 5031 2425 5101 Spiritus
2464 5038 2713 5086 sanctus:
2759 5028 2924 5083 facies
2947 5027 3159 5082 Domini
3198 5027 3387 5081 dividit
3435 5043 3533 5082 vos
3575 5044 3641 5084 ac
3687 5046 3772 5084 rc-

2189 5127 2352 5196 spuit,
2383 5141 2483 5181 nec
2507 5124 2668 5180 addet
2701 5123 2841 5179 ultra
2878 5130 2937 5176 ut
2968 5122 3215 5191 recipiat,
3240 5121 3365 5190 quia
3395 5119 3567 5177 facies
3598 5138 3776 5178 sacer-

2188 5220 2373 5274 dotum
2425 5226 2727 5271 vestrorum
2770 5231 2876 5269 non
2915 5214 3225 5277 erubuistis,
3277 5227 3453 5284 neque
3495 5215 3774 5270 seniorum

2190 5318 2494 5366 vestrorum
2526 5305 2942 5361 admonitionem
2971 5313 3250 5358 mansuete
3294 5306 3632 5374 suscepistis.
3666 5305 3773 5360 Ta-

2191 5400 2257 5455 lis
2295 5399 2439 5454 enim
2482 5395 2693 5466 quurla
2745 5411 2849 5450 non
2900 5395 3167 5450 illuminat
3198 5411 3420 5459 uncum,
3458 5413 3566 5451 non
3617 5407 3772 5450 sanat

2188 5499 2472 5560 aegrotum,
2514 5503 2619 5542 non
2651 5497 2809 5542 curat
2854 5485 3148 5549 infirmum,
3203 5485 3297 5540 sed
3337 5486 3513 5556 magis
3550 5486 3766 5547 occidit,

2187 5593 2350 5652 atque
2390 5584 2443 5636 in
2496 5582 2928 5651 desperationem
2973 5580 3367 5650 periclitantem
3415 5582 3598 5635 mittit.
3639 5581 3768 5634 Boni

2189 5673 2331 5726 enim
2352 5671 2600 5727 doctores
2622 5688 2685 5726 ex
2712 5689 2806 5726 sua
2836 5673 3146 5726 inﬁrmitate
3174 5673 3400 5727 aliorum
3426 5672 3763 5727 inﬁrmitates
