3998 6202
506 358 643 416 ωδε)

1134 355 1195 409 Β.
1238 355 1486 411 BABANI
1524 354 1741 410 MAURI
1777 351 2091 405 ARClliEi‘.
2135 348 2440 405 MOCUNT.
2479 346 2761 403 OPERUM
2797 344 2978 400 PARS
3014 342 3101 398 lli.

3628 344 3651 397 ι
3665 344 3775 397 2ὖο

503 467 703 539 aquila,
732 466 851 537 quis
883 465 1021 520 alius
1044 480 1206 534 quam
1235 464 1730 520 Nabuchodonosor
1775 475 1870 514 rex
1901 459 2076 530 Baby-
2105 467 2155 523 Α
2180 458 2470 512 multorum
2499 457 2640 520 tulit,
2667 465 2722 509 et
2746 470 2843 524 pro
2871 450 3368 524 transgressoribus
3398 451 3613 521 rogavit
3633 452 3778 524 (Ιεε.

502 560 660 614 lonia:
687 558 1022 625 designatur,
1047 556 1139 625 qui
1166 570 1266 625 pro
1288 555 1652 609 immensitate
1679 550 1952 607 exercitus
1971 564 2078 602 ma-

504 666 731 723 gnarqu
774 649 1001 712 alarum,
1042 661 1140 717 pro
1188 645 1539 699 diuturnitate
1579 652 1881 712 temporum
1922 639 2079 708 longo

508 741 874 796 membrorum
910 738 1090 799 ductu,
1131 750 1231 805 pro
1276 734 1459 788 multis
1504 747 1633 787 vero
1683 729 1884 785 divitiis
1923 727 2080 799 plena

509 830 724 902 plumis,
749 842 846 896 pro
876 826 1154 878 innumera
1184 832 1364 876 autem
1398 829 1627 876 terrena:
1654 818 1837 890 gloria:
1862 830 2081 885 compo-

519 920 713 975 sitione
736 916 893 988 plena
920 915 1180 969 varietate
1207 911 1564 968 describitur?
1580 910 1710 977 Quae
1730 909 1878 965 venit
1903 908 1970 962 ad
1996 906 2083 960 Li-

510 1014 705 1068 banum
728 1008 921 1065 ettulit
951 1006 1237 1061 medullam
1268 1006 1438 1070 cedri,
1466 1014 1521 1059 et
1550 1002 1912 1059 summitatem
1938 998 2084 1053 fron-

509 1105 655 1159 dium
690 1100 806 1169 ejus
846 1099 1060 1164 evulsit,
1088 1100 1211 1168 quia
1234 1096 1433 1152 Judieze
1462 1095 1837 1151 celsitudinem
1872 1101 2083 1162 petens,

512 1194 844 1250 nobilitatem
875 1191 1023 1260 regni
1051 1191 1184 1261 ejus,
1212 1189 1364 1259 quasi
1399 1186 1685 1243 medullam
1720 1181 1866 1238 cedri
1906 1179 2087 1234 abstu-

512 1286 595 1351 lit,
626 1294 680 1341 et
720 1285 849 1340 dum
886 1283 1231 1339 tenerrimam
1284 1295 1472 1351 regum
1518 1276 1723 1347 prolem
1754 1289 1786 1327 a
1815 1272 1963 1342 regni
2005 1269 2087 1325 sui

514 1376 749 1432 culmine
772 1372 1095 1444 captivando
1119 1369 1353 1434 sustulit,
1379 1366 1533 1437 quasi
1556 1362 1919 1420 summitatem
1936 1363 2091 1412 tron-

513 1469 661 1522 diuin
686 1466 802 1537 ejus
837 1464 1047 1519 evulsit.
1079 1461 1246 1516 Aliter
1267 1458 1458 1530 aquila:
1486 1453 1767 1519 vocabulo,
1801 1450 1887 1505 vel
1919 1449 2089 1503 subti—

516 1560 582 1614 lis
627 1566 938 1614 sanctorum
992 1552 1363 1623 intelligentia,
1426 1548 1507 1602 vel
1544 1546 1752 1600 volatus
1802 1540 2091 1596 Dominicm

521 1648 853 1704 ascensionis
890 1644 1229 1715 exprimitur.
1264 1640 1417 1699 Unde
1472 1639 1611 1693 idem
1664 1634 1925 1705 propheta
1965 1632 2090 1686 dum

519 1743 618 1797 sub
659 1738 966 1795 animalium
1004 1734 1217 1806 specie,
1248 1729 1603 1801 evangelistas
1643 1735 1876 1795 quatuor
1917 1737 1977 1777 se
2014 1720 2094 1774 vi-

2180 546 2318 619 un).
2342 566 2361 598 ι
2400 544 2671 618 [Ηὶει·οη.]
2712 544 2815 598 Alii
2861 554 3040 598 autem
3085 544 3187 598 hoc
3216 544 3362 613 quod
3397 543 3454 596 in
3489 544 3785 601 Ezechide

2178 635 2373 707 legitur
2416 635 2705 690 Dominum
2734 635 2803 689 ad
2829 634 3146 704 pr0phetam
3193 634 3399 689 dixisse
3429 652 3442 686 :
3473 654 3491 685 ι
3527 634 3630 689 Fili
3679 638 3789 692 bo-

2180 724 2363 789 minis,
2393 724 2634 792 nunquid
2682 738 2788 777 non
2835 723 3089 777 dixerunt
3132 724 3200 777 ad
3251 734 3307 779 te
3347 726 3547 779 domus
3593 725 3788 793 Israel,

2180 814 2372 870 domus
2407 828 2736 883 exasperans
2770 813 2897 882 quid
2930 824 2983 866 tu
3027 813 3198 867 facis?
3226 813 3323 868 Dic
3367 814 3438 868 ad
3489 830 3591 869 eos
3617 831 3634 868 :
3660 814 3793 870 Haec

2182 905 2313 960 dicit
2332 904 2589 958 Dominus
2614 903 2755 958 Deus
2779 921 2791 956 :
2815 901 2989 973 Super
3011 903 3312 973 principem
3337 906 3447 959 erit
3469 920 3613 960 onus
3640 907 3791 961 istud

2182 996 2272 1066 qui
2299 1003 2384 1050 est
2412 996 2466 1049 in
2497 992 2820 1063 Jerusalem,
2842 1002 2898 1048 et
2927 1009 3093 1064 super
3123 1009 3339 1051 omnem
3365 996 3593 1051 domum
3620 997 3791 1051 Israel

2183 1086 2272 1157 qui
2289 1086 2439 1142 estin
2466 1084 2645 1139 medio
2665 1100 2874 1139 eorum.
2900 1084 2998 1139 Dic
3021 1103 3033 1138 :
3058 1086 3170 1155 Ego
3193 1084 3514 1139 Portentum
3540 1096 3790 1141 vestrum

2184 1178 2454 1249 quomodo
2484 1176 2623 1241 feci,
2663 1175 2742 1230 sic
2782 1174 2876 1229 fiet
2902 1174 3030 1241 illis,
3058 1175 3114 1229 in
3146 1176 3695 1246 transmigrationem
3736 1185 3792 1229 et

2186 1269 2551 1339 captivitatem
2583 1268 2737 1322 ibunt
2764 1285 2777 1320 :
2802 1267 3055 1337 princeps
3077 1275 3256 1323 autem
3281 1268 3376 1338 qui
3402 1277 3489 1322 est
3519 1269 3578 1322 in
3610 1269 3793 1323 medio

2185 1375 2372 1416 eorum
2404 1360 2457 1414 in
2479 1358 2736 1425 humeris,
2754 1358 3080 1428 portabitur.
3110 1357 3167 1412 1n
3194 1358 3430 1429 caligine
3450 1360 3791 1430 egredietur,

2187 1451 2448 1520 parietem
2474 1447 2778 1520 perfodient
2801 1455 2860 1501 ut
2880 1447 3112 1503 educant
3132 1463 3258 1503 eum
3282 1466 3297 1502 :
3324 1447 3496 1504 facies
3516 1450 3645 1519 ejus
3662 1465 3795 1520 ope-

2189 1543 2378 1606 rietnr,
2406 1550 2464 1595 ut
2495 1556 2602 1595 non
2633 1540 2814 1595 videat
2840 1540 3011 1595 oculis
3055 1548 3291 1606 terram;
3323 1543 3627 1596 extendam
3679 1552 3793 1598 rete

2189 1648 2369 1689 meum
2401 1644 2562 1703 super
2587 1630 2761 1696 illum,
2784 1639 2840 1685 et
2864 1631 3105 1701 capietur
3133 1632 3186 1685 in
3211 1646 3410 1702 sagena
3438 1647 3593 1697 mea,
3616 1642 3675 1688 et
3694 1634 3793 1687 ad-

2192 1726 2387 1780 ducam
2427 1739 2551 1779 eum
2582 1724 2635 1778 in
2666 1724 3018 1795 Babylonem,
3053 1724 3105 1778 in
3149 1732 3349 1778 terram
3383 1723 3794 1790 Cbaldmomm,

518 1836 662 1890 disse
686 1830 1037 1892 describeret,
1062 1826 1114 1880 in
1142 1826 1222 1880 eis
1266 1823 1367 1878 sibi
1406 1819 1660 1883 hominis,
1693 1816 1883 1880 leonis,
1919 1812 2090 1875 bovis,
2121 1821 2168 1881 Β
2195 1824 2250 1870 et
2300 1814 2471 1885 ipsam
2522 1829 2631 1869 non
2678 1813 2900 1879 videbit,
2933 1813 3007 1867 ibi
3054 1813 3335 1877 morietur,
3363 1822 3421 1869 et
3460 1830 3659 1871 omnes
3701 1817 3793 1886 qui

519 1936 573 1979 et
610 1921 803 1993 aquilae
833 1920 1021 1974 faciem
1063 1915 1374 1987 apparuisse
1405 1919 1656 1975 testatur,
1687 1914 1938 1977 quartum
1968 1917 2093 1974 pro-

521 1992 774 2070 culdubio
809 2007 1009 2064 animal
1046 2006 1309 2062 Joannem
1342 2018 1439 2075 per
1464 1999 1698 2070 aquilam
1730 1997 1973 2068 signans,
2003 1992 2096 2063 qui

523 2103 753 2160 volando
800 2110 998 2156 terram
1039 2096 1310 2161 deseruit,
1353 2093 1480 2163 quia
1516 2105 1612 2162 per
1650 2087 1900 2143 subtilem
1943 2083 2099 2139 intel-

524 2194 799 2266 ligentiam
848 2192 1056 2246 interna
1096 2188 1352 2258 mysteria
1386 2183 1620 2239 Verbum
1660 2177 1889 2234 videndo
1932 2189 2096 2247 pene.-

529 2285 714 2342 travit.

600 2375 719 2430 Res.
764 2393 782 2425 ι
821 2372 1058 2445 Spiritus
1092 2370 1202 2425 oris
1240 2367 1412 2424 nostri
1459 2364 1709 2422 Christus
1732 2362 1990 2417 Dominus
2012 2374 2101 2414 ca-

532 2485 551 2518 I
589 2475 710 2537 plus
731 2472 815 2519 est
841 2464 894 2518 in
920 2460 1157 2532 peccatis
1181 2456 1401 2521 nostris,
1428 2454 1513 2510 cui
1540 2453 1794 2516 diximus,
1823 2450 1881 2505 ln
1912 2449 2101 2503 umbra

533 2575 552 2606 ι
591 2565 677 2610 tua
701 2555 943 2609 vivemus
966 2553 1017 2606 in
1045 2549 1312 2621 gentibus.
1346 2567 1364 2599 ι
1395 2541 1684 2617 (Mannum)
1711 2542 1861 2597 lianc
1885 2547 2100 2595 senten-

526 2647 659 2703 tiam
705 2644 903 2700 diversi
951 2651 1197 2696 auctores
1236 2638 1464 2693 diversis
1506 2635 1680 2691 modis
1718 2638 2100 2703 exposuerunt.

529 2734 663 2794 Nam
698 2734 787 2789 alii
833 2747 993 2803 super
1035 2745 1189 2802 reges
1231 2727 1569 2790 Judzeorum,
1609 2724 1701 2793 qui
1750 2721 1959 2785 chi-isti,
2003 2720 2105 2773 hoc

530 2839 613 2886 est
639 2828 810 2892 uncti,
837 2825 972 2881 dice?
995 2832 1177 2886 antur,
1216 2821 1315 2876 sub
1352 2832 1581 2890 quorum
1608 2813 1943 2886 protectionc
1974 2825 2105 2882 gens

532 2921 834 2977 Judzeorum
863 2915 1146 2972 videbatur
1174 2912 1389 2982 degere,
1420 2904 1755 2977 interpretati
1778 2909 1925 2968 sunt,
1952 2900 2106 2971 quasi

531 3020 749 3084 propter
803 3016 1022 3080 peccata
1081 3003 1262 3074 populi
1326 3001 1428 3071 ipsi
1488 2997 1831 3060 interierint,
1901 3000 1961 3047 nt
2014 2989 2107 3046 Jo-

529 3082 643 3158 sias
698 3100 791 3170 qui
844 3096 1021 3166 justus
1089 3110 1211 3150 esse
1264 3092 1500 3163 legitur,
1561 3097 1616 3143 et
1665 3086 1846 3141 caeteri
1914 3082 2104 3152 hujus-

2195 1906 2339 1960 circa
2367 1920 2489 1961 eum
2538 1913 2700 1970 sunt,
2739 1904 3046 1974 praesidium
3097 1905 3215 1975 ejus
3260 1914 3316 1959 et
3361 1907 3589 1977 agmina
3629 1908 3797 1974 illius,

2196 1998 2500 2068 dispergam
2534 1995 2588 2050 in
2616 2011 2833 2050 omnem
2859 2003 3108 2059 ventum,
3139 2004 3192 2049 et
3219 1995 3460 2066 gladium
3487 1998 3799 2068 evaginaho

2195 2101 2317 2163 post
2341 2108 2455 2158 eos,
2477 2102 2534 2147 et
2561 2092 2733 2147 scient
2761 2092 2888 2162 quia
2908 2106 3009 2162 ego
3034 2093 3313 2157 Dominus,
3337 2095 3563 2164 quando
3586 2095 3801 2165 disper-

2197 2200 2321 2241 sero
2344 2184 2462 2239 illos
2490 2184 2541 2239 in
2566 2183 2837 2256 gentibus,
2861 2192 2915 2239 et
2945 2185 3367 2240 disseminavero
3386 2202 3487 2241 eos
3510 2187 3567 2239 in
3603 2195 3800 2253 terras,

2199 2284 2255 2331 et
2281 2276 2577 2345 relinquam
2621 2290 2690 2330 ex
2720 2274 2802 2330 eis
2828 2274 2976 2331 viros
3020 2289 3223 2344 paucos
3247 2291 3277 2329 a
3303 2276 3507 2346 gladio,
3537 2286 3603 2332 et
3633 2276 3801 2343 fame,

2199 2376 2257 2423 ct
2303 2367 2629 2438 pestilentia,
2655 2373 2719 2421 ut
2769 2374 2993 2421 narrent
3033 2366 3213 2421 omnia
3262 2367 3473 2422 scelera
3502 2383 3705 2422 eorum
3750 2369 3805 2424 in

2200 2460 2450 2530 gentibus
2499 2458 2566 2513 ad
2616 2472 2752 2527 quas
2795 2457 3173 2528 egredientur,
3203 2466 3259 2512 ct
3301 2458 3479 2512 scient
3517 2459 3658 2529 quia
3708 2475 3807 2531 ego

2203 2550 2461 2606 Dominus
2487 2549 2705 2620 (Ezech.
2731 2548 2855 2619 xu).
2887 2567 2906 2601 ι
2934 2547 3093 2602 Juxta
3126 2548 3481 2619 tropologiam
3504 2551 3608 2619 qui
3643 2566 3807 2619 super

2204 2637 2538 2693 Salvatorem
2585 2646 2853 2693 conantur
2897 2652 3199 2707 exponere,
3243 2638 3438 2692 ducem
3484 2639 3583 2708 qui
3627 2651 3717 2696 est
3755 2641 3805 2694 in

2204 2729 2379 2784 medio
2408 2727 2704 2783 Jerusalem
2756 2729 2929 2797 ipsum
2976 2727 3425 2797 interpretantur,
3459 2729 3556 2796 qui
3594 2730 3653 2783 in
3684 2747 3807 2800 por-

2205 2830 2409 2878 tentum
2441 2821 2761 2891 signumque
2792 2818 3149 2890 pnrcesserit,
3172 2818 3317 2887 quod
3345 2827 3400 2872 et
3429 2819 3551 2889 ipse
3582 2830 3644 2874 et
3674 2822 3806 2874 socii

2204 2914 2322 2983 ejus
2357 2912 2554 2981 captivi
2603 2910 2788 2965 mundi
2838 2909 2996 2963 istius
3040 2908 3168 2972 sint,
3199 2909 3346 2963 etab
3392 2907 3596 2965 inferis
3632 2911 3807 2963 vietor

2206 3001 2523 3066 ascendens,
2554 3000 2606 3054 in
2627 2999 2868 3054 humeris
2890 3006 3135 3068 portatus
3161 2998 3234 3052 sit
3258 2997 3584 3066 angelorum
3610 3017 3629 3053 :
3654 3000 3710 3053 in
3727 3015 3809 3051 ra-

2205 3092 2369 3163 ligine
2399 3105 2671 3161 egressus,
2703 3089 2918 3159 ignotus
2958 3087 3279 3148 incredulis,
3305 3087 3600 3142 destructo
3632 3090 3810 3142 medio

534 3192 699 3248 modi.
740 3189 845 3243 Alii
881 3193 1060 3241 autem
1103 3199 1265 3254 super
1301 3181 1428 3237 Jesu
1467 3180 1683 3234 Christo
1727 3191 1857 3230 vero
1898 3174 2109 3228 univer—
2135 3169 2179 3230 C
2210 3181 2447 3253 pariete,
2472 3180 2662 3235 fecerit
2683 3187 2971 3248 utrumque
3000 3193 3195 3244 unum;
3224 3177 3389 3234 facies
3416 3178 3569 3233 illius
3595 3188 3808 3249 operta,

535 3294 720 3336 sorum
760 3276 1007 3340 Domino,
1038 3282 1093 3329 et
1138 3273 1246 3326 vita
1291 3270 1593 3324 animarum
1638 3264 1869 3320 fidelium
1910 3262 2113 3315 dictum

535 3370 862 3439 intelligunt,
903 3365 1002 3422 sub
1049 3362 1202 3432 cujus
1249 3360 1413 3415 tutela
1459 3360 1513 3412 in
1555 3354 1821 3410 universis
1868 3350 2116 3421 gentibus

532 3471 781 3521 versatur
824 3458 1092 3516 Ecclesia.
1130 3455 1250 3526 Ipse
1281 3461 1460 3509 autem
1487 3451 1707 3521 Spiritus
1751 3457 1835 3503 est
1872 3447 1984 3502 oris
2020 3460 2117 3500 no-

532 3553 654 3618 stri,
666 3572 682 3603 ‹
700 3552 753 3606 in
765 3564 872 3620 quo
884 3547 1133 3611 vivimus,
1150 3550 1507 3606 movemur,et
1521 3555 1707 3596 sumus
1722 3535 2022 3610 (Act.xvn).
2036 3543 2119 3590 iet

533 3658 598 3700 ex
621 3640 775 3711 cujus
802 3652 992 3710 sapore
1018 3635 1280 3708 quidquid
1302 3644 1446 3688 recte
1466 3630 1730 3687 sentimus
1744 3628 2003 3697 sapimus,
2026 3624 2117 3696 qui

538 3735 772 3792 traditus
797 3740 882 3788 est
905 3738 1126 3802 propter
1154 3727 1345 3783 delicta
1370 3734 1576 3788 nostra,
1596 3731 1652 3779 et
1674 3720 1968 3778 resurrexit
1993 3735 2119 3789 pro-

536 3839 654 3900 pter
692 3825 1134 3900 justifteationem
1176 3827 1435 3877 nostram.
1468 3815 1699 3885 Scripsit
1735 3814 1879 3869 enim
1920 3811 2119 3882 plenis-

537 3923 673 3977 sime
707 3918 969 3989 propheta
994 3913 1183 3976 lsaias,
1212 3910 1400 3966 dicens
1427 3926 1439 3962 :
1472 3925 1490 3959 ι
1520 3907 1660 3963 Vere
1699 3905 1984 3975 languores
2021 3916 2112 3957 no-

538 4021 682 4067 stros
712 4009 826 4080 ipse
858 4006 997 4071 tulit,
1026 4012 1081 4060 et
1126 4002 1341 4059 dolores
1386 4007 1603 4054 nostros
1637 3997 1752 4066 ipse
1779 3994 2034 4064 portavit,
2065 4000 2121 4046 et

541 4118 640 4159 nos
666 4100 974 4173 putavimus
996 4112 1119 4152 eum
1150 4093 1305 4165 quasi
1337 4092 1628 4161 leprosum,
1664 4095 1719 4142 et
1745 4098 2118 4157 percussum-ti

541 4194 653 4250 Deo
676 4200 733 4248 et
755 4188 1116 4250 humiliatum,
1134 4185 1248 4254 ipse
1269 4190 1448 4236 autem
1472 4179 1780 4233 vulneratus
1799 4183 1883 4229 est
1903 4180 2122 4244 propter

544 4284 856 4355 iniquitates
893 4286 1138 4340 nostras,
1171 4274 1390 4329 attritus
1419 4278 1504 4326 est
1530 4274 1748 4340 propter
1780 4263 1984 4321 scelera
2020 4277 2120 4316 no-

543 4385 675 4432 stra.
712 4371 1000 4441 Disciplina
1046 4367 1198 4438 pacis
1226 4372 1421 4419 nostra:
1469 4375 1629 4431 super
1669 4373 1815 4423 eum,
1848 4363 1905 4411 et
1949 4355 2120 4409 livore

543 4464 663 4535 ejus
686 4463 860 4520 sanati
880 4475 1085 4517 sumus.
1113 4456 1313 4513 Omnes
1335 4468 1432 4508 nos
1463 4450 1619 4522 quasi
1641 4463 1769 4505 oves
1796 4445 2120 4505 erravimus,

2212 3280 2275 3327 ut
2300 3262 2539 3341 'terram,
2563 3285 2671 3326 non
2718 3270 2970 3339 respiciat
3017 3267 3344 3324 Judaeorum.
3383 3268 3501 3323 Nec
3528 3270 3740 3325 mirum
3769 3272 3810 3325 si

2213 3363 2471 3417 Dominus
2516 3360 2773 3417 celaverit
2815 3359 3010 3414 faciem
3059 3374 3236 3423 suam,
3263 3373 3386 3412 cum
3431 3374 3624 3428 usque
3654 3360 3813 3414 hodie

2213 3460 2340 3508 ante
2383 3451 2589 3505 vultum
2633 3447 2765 3503 Mosi
2810 3448 3054 3503 velamen
3084 3446 3316 3517 positum
3343 3446 3416 3501 sit
3460 3448 3680 3518 papnlo
3710 3463 3815 3503 non

2213 3540 2451 3597 credenti
2498 3557 2512 3594 :
2555 3539 2901 3608 extenditque
2950 3538 3211 3592 Dominus
3261 3547 3377 3591 rete
3424 3553 3593 3592 situm
3652 3554 3815 3608 super

2217 3630 2557 3699 illum,juxta
2586 3631 2636 3685 id
2668 3629 2810 3699 quod
2834 3628 2899 3682 de
2926 3643 2992 3682 eo
3017 3641 3211 3697 Sponsa
3238 3627 3480 3696 loquitur
3504 3627 3561 3680 in
3584 3629 3815 3683 Cantiae

2214 3720 2592 3775 canticorum:
2624 3736 2643 3769 ς
2677 3717 2742 3770 Et
2766 3730 2892 3769 ecce
2936 3715 3039 3768 iste
3076 3722 3197 3783 post
3238 3715 3508 3783 parietem
3561 3726 3815 3770 nostrum

2215 3809 2549 3879 prospiciens
2574 3822 2671 3878 per
2699 3806 2989 3869 fenestras,
3015 3819 3279 3874 apparens
3320 3819 3417 3874 per
3454 3806 3600 3859 retia
3633 3806 3813 3875 (Cant.

2218 3901 2301 3968 ιι).
2332 3919 2351 3952 ι
2373 3901 2448 3955 De
2474 3915 2582 3969 quo
2608 3897 2869 3953 Jeremias
2893 3913 2909 3949 :
2937 3914 2955 3946 ι
2990 3893 3225 3965 Spiritus
3248 3895 3427 3950 vultus
3446 3898 3634 3951 nostri
3662 3898 3817 3952 Chri-

2218 3999 2334 4045 stus
2363 3988 2620 4043 Dominus
2642 4028 2656 4051 ,
2702 3993 2888 4056 captus
2918 3993 3001 4039 est
3028 3984 3079 4038 in
3107 3984 3345 4053 peccatis
3385 3986 3622 4051 nostris,
3656 4008 3678 4039 ι
3707 3995 3764 4041 et
3799 4002 3812 4016 ·

2227 4097 2244 4129 ι
2278 4092 2399 4133 cum
2440 4090 2544 4130 non
2588 4073 2805 4128 fecisset
2830 4082 3132 4142 peccatum,
3185 4087 3282 4142 pro
3329 4073 3491 4128 nobis
3525 4084 3815 4142 peccatum

2218 4167 2394 4223 factus
2431 4174 2533 4222 est.
2570 4184 2588 4217 ι
2624 4184 2643 4216 ι
2683 4163 2747 4219 Ει
2778 4163 3107 4226 adducetur,
3138 4163 3246 4228 ait,
3290 4163 3343 4216 in
3386 4162 3766 4234 Babylonem,
3792 4185 3810 4215 ι

2220 4256 2590 4315 confusionem
2618 4254 2774 4311 istius
2815 4254 3024 4318 mundi,
3070 4253 3125 4307 in
3161 4261 3360 4308 terram
3404 4253 3544 4307 Chal
3570 4256 3811 4317 imorum,

2221 4347 2314 4419 qui
2365 4346 2791 4416 interpretantur
2838 4343 2993 4413 quasi
3036 4340 3322 4407 dcemonia,
3353 4352 3412 4396 ut
3449 4356 3549 4396 eos
3580 4344 3679 4412 qui
3712 4346 3814 4397 dai-

2222 4437 2473 4492 monibus
2496 4434 2709 4489 fuerant
2736 4431 3045 4501 mancipati,
3062 4430 3362 4485 retraheret
3384 4430 3450 4484 ad
3475 4431 3739 4493 salutem,
3764 4441 3815 4487 et

546 4515 913 4622 u'nusquisque
949 4549 1001 4602 in
1046 4546 1189 4600 viam
1236 4558 1388 4598 suam
1437 4515 1752 4603 declinavit,
1780 4545 1833 4591 et
1864 4533 2123 4589 Dominus
2150 4515 2201 4574 Ῐ)
2226 4528 2492 4599 captivam
2520 4527 2737 4581 duceret
2761 4523 3041 4594 pristinam
3072 4523 3462 4592 captivitatem.
3500 4522 3812 4593 lpsamqne,

544 4643 726 4717 posuit
753 4642 806 4695 in
831 4654 896 4695 eo
921 4636 1260 4706 iniquitatem
1286 4631 1524 4706 omnium
1551 4638 1813 4683 nostrum.
1840 4645 1857 4676 ι
1874 4626 1940 4679 Et
1963 4625 2121 4678 item:

553 4753 572 4787 ι
599 4734 827 4803 Propter
853 4728 1044 4789 scelus,
1075 4724 1270 4794 inquit,
1297 4720 1478 4792 populi
1503 4720 1610 4774 mei
1639 4716 1879 4788 percussi
1908 4731 2055 4779 eum,
2073 4722 2127 4768 et

549 4826 699 4884 dabit
741 4821 934 4894 impios
981 4835 1079 4889 pro
1125 4815 1420 4886 sepultura,
1453 4820 1507 4866 et
1550 4810 1771 4866 divitem
1813 4823 1913 4877 pro
1954 4820 2126 4861 morte

549 4936 669 4984 sua,
698 4932 763 4972 eo
787 4913 928 4985 quod
953 4908 1294 4979 iniquitatem
1326 4920 1433 4959 non
1462 4901 1673 4967 fecerit,
1701 4914 1803 4955 nec
1829 4898 1982 4954 dolus
2013 4897 2125 4951 fuc-

548 5013 618 5068 rit
652 5010 707 5065 in
734 5023 829 5062 ore
854 5018 973 5069 suo,
1000 5008 1057 5056 et
1083 4998 1341 5055 Dominus
1381 4993 1549 5048 voluit
1588 4998 1870 5048 conterere
1913 5003 2033 5042 eum
2069 4987 2122 5040 in

550 5097 879 5155 infirmitate.
923 5091 979 5146 Si
1014 5087 1251 5161 posuerit
1281 5101 1379 5156 pro
1420 5091 1643 5155 peccato
1682 5081 1915 5136 animam
1948 5093 2121 5138 suam,

548 5189 749 5245 videbit
769 5200 951 5241 semen
975 5182 1364 5253 longrevum,et
1385 5175 1627 5231 voluntas
1652 5170 1858 5227 Domini
1887 5169 1939 5222 in
1967 5183 2126 5222 manu

549 5277 665 5348 ejus
691 5274 954 5344 dirigetur
977 5287 991 5325 :
1018 5286 1118 5340 pro
1143 5286 1206 5325 eo
1236 5266 1379 5338 quod
1405 5263 1671 5320 laboravit
1695 5261 1877 5315 anima
1905 5258 2019 5327 ejus
2047 5258 2129 5311 vi-

552 5367 718 5433 debit,
745 5375 800 5421 et
825 5363 1155 5420 saturabitur
1182 5361 1235 5414 in
1266 5357 1494 5415 scientia
1525 5371 1645 5420 sua,
1668 5350 1985 5423 justifieavit
2015 5349 2129 5419 ipse

548 5460 727 5529 justus
750 5472 935 5513 servos
957 5470 1106 5510 meos
1130 5451 1349 5516 multos,
1375 5458 1431 5504 et
1458 5448 1772 5519 iniquitates
1799 5458 1987 5499 eorum
2018 5441 2131 5511 ipse

556 5546 812 5615 portabit,
837 5546 957 5600 ideo
985 5545 1297 5612 dispertiam
1326 5543 1374 5595 ci
1405 5540 1685 5610 plurimos,
1715 5546 1770 5592 et
1799 5535 2018 5591 fortium
2051 5533 2131 5587 di-

561 5632 705 5684 videt
716 5633 902 5699 spolia,
918 5648 1015 5699 pro
1037 5647 1100 5686 eo
1114 5633 1253 5700 quod
1278 5631 1496 5685 tradidit
1515 5629 1671 5683 morti
1695 5627 1931 5683 animam
1954 5640 2129 5689 suam,

566 5729 620 5771 et
647 5734 768 5770 cum
813 5720 1086 5774 sceleratis
1132 5731 1407 5787 reputatus
1456 5730 1564 5783 cst,
1597 5729 1648 5775 et
1691 5720 1801 5787 ipse
1853 5727 2130 5789 peccatum

2223 4620 2414 4689 inquit,
2445 4627 2646 4674 terram
2683 4616 3055 4671 Chaldaeorum
3097 4629 3203 4667 non
3245 4613 3463 4676 videbit,
3496 4622 3557 4667 et
3586 4615 3665 4668 ibi
3705 4631 3814 4669 mo-

2223 4711 2394 4765 rietur
2439 4718 2500 4763 ut
2548 4721 2735 4763 omnes
2777 4721 2876 4761 nos
2922 4721 3020 4760 sua
3069 4715 3246 4760 morte
3288 4703 3550 4770 vivificct,
3581 4714 3812 4760 cunctos

2224 4809 2403 4854 autem
2431 4799 2704 4870 adjutores
2732 4795 2878 4865 ejus,
2911 4804 2965 4850 et
3007 4795 3182 4850 socios
3213 4794 3483 4864 apostolos
3507 4803 3567 4848 et
3593 4804 3813 4863 aposto-

2220 4894 2356 4948 licos
2396 4892 2542 4945 viros
2573 4889 2830 4959 dispersit
2866 4887 2919 4942 in
2952 4887 3263 4942 universum
3293 4887 3502 4949 orltem,
3541 4894 3600 4940 et
3634 4887 3816 4956 evagi-

2223 4984 2371 5038 navit
2415 4982 2649 5055 gladium
2680 4996 2837 5035 suum
2873 4986 2995 5050 post
3039 4992 3152 5040 cos,
3180 4987 3240 5030 ut
3286 4975 3453 5030 variis
3479 4990 3816 5031 coronaren-

2224 5080 2312 5127 tur
2351 5071 2647 5141 martyriis,
2673 5077 2729 5124 et
2764 5077 2894 5122 tunc
2934 5065 3317 5136 intelligerent,
3349 5063 3433 5118 vel
3475 5064 3613 5132 ipsi,
3648 5067 3734 5118 vel
3764 5066 3812 5117 bi

2223 5165 2315 5235 qui
2341 5178 2438 5233 per
2456 5178 2549 5217 eos
2568 5160 2927 5224 crediderant,
2952 5157 3093 5226 quod
3119 5157 3231 5226 ipse
3252 5156 3321 5209 sit
3339 5154 3623 5219 Dominus,
3655 5166 3715 5208 et
3735 5155 3814 5207 ὶεέο

2225 5255 2372 5310 circo
2405 5268 2499 5308 eos
2532 5250 2848 5320 disperserit
2885 5249 2936 5302 in
2977 5248 3251 5319 gentibus,
3285 5253 3340 5300 et
3379 5245 3817 5300 disseminaverit

2230 5346 2299 5400 in'
2321 5344 2510 5409 terris,
2544 5340 2874 5396 utmultum
2913 5338 3145 5392 fructum
3192 5336 3456 5399 facerent,
3501 5345 3556 5389 et
3600 5335 3818 5405 reliquit

2231 5455 2295 5495 ex
2339 5438 2421 5493 eis
2462 5450 2665 5506 paucos
2709 5433 2877 5497 viros,
2908 5430 3046 5485 sicut
3092 5428 3354 5484 Joannem
3404 5426 3739 5496 apostolum,
3766 5436 3818 5480 et

2235 5539 2461 5587 caeteros
2477 5569 2492 5592 ,
2518 5543 2548 5580 a
2572 5506 2776 5597 gladio,
2796 5530 2852 5578 et
2877 5520 3042 5584 fame,
3064 5531 3118 5574 et
3132 5518 3438 5589 pestilentia
3466 5519 3749 5575 liberatos.
3766 5525 3818 5568 et

2232 5620 2668 5695 persecutionum
2691 5617 2948 5686 impetum
2981 5610 3331 5676 declinantes,
3360 5617 3419 5664 ut
3451 5615 3675 5662 narrent
3702 5622 3822 5661 sce-

2235 5717 2344 5769 lera
2377 5711 2681 5767 Judzrorum
2711 5718 2762 5761 et
2787 5704 3096 5774 iniquitates
3122 5709 3443 5757 cunctarum
3469 5700 3709 5769 gentium
3750 5695 3821 5751 ad
