3998 6202
511 331 649 386 ΞΞῦὅ

1142 326 1202 392 Β.
1245 324 1496 379 ΒΑΒᾹΜ
1538 324 1753 381 MAURI
1796 321 2112 379 ARCliIEP.
2154 320 2461 378 MOGUNT.
2504 320 2786 378 OPERUM
2827 320 3004 376 PARS
3043 320 3126 376 Ill.

3627 317 3762 372 1234

583 463 602 494 ‹
645 441 942 498 Hmreditas
991 448 1174 496 nostra
1221 456 1376 496 versa
1413 449 1497 494 est
1539 441 1606 494 ad
1633 440 1856 506 alienos,
1884 440 2074 494 donius
2105 439 2150 497 Α
2177 444 2348 492 totum
2393 437 2631 492 laborem
2678 431 3162 507 erpcnduntﬂuos
3206 434 3426 506 quidem
3473 435 3672 490 scriba:
3708 448 3766 491 et

503 551 531 584 ί
562 543 761 590 nostra:
783 531 850 586 ad
864 540 1173 586 extraneos.
1202 551 1218 582 ι
1241 529 1374 586 Cum
1401 531 1624 586 diversa:
1643 539 1829 601 gentes
1845 531 2079 599 undique

503 631 872 695 congregatm,
897 621 1172 691 possident
1217 630 1414 675 terram
1447 621 1719 692 inclytam,
1754 637 1912 690 quam
1949 635 2075 690 pro-

505 713 698 768 misisti
749 713 991 782 patribus
1038 712 1259 775 nostris,
1297 713 1426 766 dare
1475 711 1627 765 nobis
1677 711 1730 766 in
1779 711 2074 780 possessio-

507 819 652 859 nem.
2060 863 2064 867 .

579 910 598 943 ‹
628 889 818 962 Pupilli
843 891 967 946 facti
1006 907 1191 946 smnus
1215 892 1415 962 absque
1440 901 1616 962 patre,
1649 902 1850 949 matres
1877 905 2074 950 nostra:

507 1001 528 1033 ε
557 982 710 1051 quasi
734 982 923 1036 “dum.
947 1000 964 1032 ›
986 979 1119 1048 Quia
1142 979 1424 1036 defensore
1447 983 1687 1038 destituti
1713 998 1898 1038 sumus
1921 985 2076 1055 quasi

503 1071 711 1142 pupilli,
738 1088 834 1126 nec
861 1085 1120 1141 personas
1149 1071 1428 1134 habemus,
1445 1086 1564 1140 quae
1585 1072 1740 1127 nobis
1768 1073 2075 1128 nutriminis

505 1158 692 1214 solatia
724 1159 968 1214 solebant
991 1155 1258 1224 conferre,
1284 1159 1377 1213 sed
1396 1159 1552 1228 quasi
1576 1159 1746 1214 vidua:
1769 1160 1914 1214 omni
1945 1176 2072 1230 pro-

505 1249 706 1304 visione
731 1264 794 1303 ac
817 1247 1184 1302 consolatione
1204 1247 1400 1318 privati
1423 1263 1629 1302 sumus.

580 1357 600 1389 ι
635 1338 845 1407 Aquam
890 1347 1127 1393 nostram
1166 1339 1392 1410 pecunia
1427 1339 1684 1406 bibimus,
1715 1339 1860 1412 ligna
1889 1350 2072 1395 nostra

507 1447 524 1479 ι
559 1429 734 1498 pretio
785 1429 1236 1498 comparavimus.
1267 1449 1284 1481 ι
1315 1430 1430 1484 Duo
1471 1429 1735 1486 elementa
1787 1431 1840 1484 in
1881 1432 2075 1500 quibus

503 1517 737 1572 maxime
766 1518 1002 1572 nutritur
1029 1519 1138 1573 vita
1179 1520 1433 1584 humana,
1463 1527 1518 1576 et
1543 1535 1770 1589 quorum
1799 1537 1928 1577 usus
1951 1537 2070 1576 om-

503 1609 657 1664 nibus
687 1609 988 1665 communis
1032 1618 1144 1675 est,
1175 1610 1278 1664 sibi
1308 1611 1437 1664 dicit
1482 1620 1703 1680 propter
1743 1612 2073 1682 captivitatis

499 1699 780 1768 penuriam
811 1698 1077 1755 difﬁcilem
1105 1715 1225 1756 esse
1253 1699 1534 1770 adempta,
1567 1701 1638 1755 ita
1669 1710 1727 1756 ut
1752 1717 1853 1758 nec
1877 1719 2070 1774 aquam

2178 527 2433 584 Pharisaei
2471 543 2678 594 eorum,
2721 544 2817 598 per
2848 527 3025 582 varias
3051 534 3228 581 sectas
3249 534 3306 581 et
3331 525 3658 581 traditiones
3683 526 3764 580 in-

2177 619 2357 686 utiles,
2383 636 2478 674 eeu
2505 619 2806 674 cervicibus
2833 619 3024 674 vinctis
3049 619 3325 672 minabant
3344 657 3359 683 ,
3385 632 3490 672 nec
3517 616 3681 671 lassis
3707 617 3764 670 in

2177 724 2242 763 eo
2268 709 2427 763 ullam
2454 710 2654 764 dabant
2694 710 2954 778 requiem.
2987 708 3056 762 Et
3081 707 3336 778 quoniam
3380 705 3626 778 Egypto
3653 707 3766 777 spi-

2179 799 2318 853 ritali
2345 807 2398 854 et
2433 799 2668 870 Assyriis
2695 806 2910 868 propter
2937 797 3118 868 gulam
3159 796 3364 852 servire
3393 797 3570 866 magis
3596 812 3766 866 quam

2177 889 2286 944 Deo
2309 889 2534 960 eligunt,
2565 899 2767 944 acterna
2793 895 3028 959 egestate
3056 888 3327 958 peribunt.
3363 886 3456 942 Sic
3482 888 3636 942 enim
3662 903 3764 956 pa-

2177 989 2288 1036 tres
2307 997 2490 1036 eorum
2521 981 2747 1036 terrenis
2769 980 2996 1052 negotiis
3017 989 3178 1050 atque
3202 979 3572 1050 voluptatibus
3593 979 3764 1033 dediti

2177 1069 2436 1136 fecerunt,
2463 1079 2518 1125 et
2548 1071 2640 1125 ﬁlii
2681 1086 2868 1126 eorum
2895 1070 3070 1126 adhuc
3105 1067 3283 1124 facere
3325 1083 3432 1124 non
3481 1068 3762 1124 desinunt.

2175 1161 2298 1216 ideo
2327 1161 2568 1231 sequitur
2605 1179 2617 1216 :

2250 1271 2267 1302 ι
2302 1252 2490 1307 Patres
2537 1251 2703 1306 nostri
2748 1258 3126 1320 peccaverunt,
3151 1258 3206 1304 et
3241 1265 3348 1304 non
3392 1256 3542 1311 sunt,
3573 1254 3630 1301 et
3663 1262 3764 1302 nos

2179 1361 2198 1394 ι
2237 1342 2546 1412 iniquitates
2596 1357 2782 1396 eorum
2823 1340 3174 1411 portavimus.
3207 1357 3228 1391 ι
3259 1339 3382 1393 ideo
3433 1337 3763 1407 iniquitates

2173 1447 2360 1488 eorum
2381 1444 2530 1503 porta
2539 1439 2748 1498 verunt,
2765 1432 2888 1502 quia
2910 1431 3210 1486 imitatores
3228 1443 3414 1494 eorum
3440 1429 3496 1482 in
3515 1426 3764 1496 nequitia

2173 1525 2516 1591 exstiterunt,
2535 1522 2691 1594 juxta
2735 1523 2862 1577 illud
2891 1522 3032 1593 quod
3063 1522 3322 1592 scriptum
3361 1527 3446 1575 est
3471 1535 3486 1572 :
3519 1538 3536 1569 ς
3563 1517 3762 1572 Patres

2175 1616 2344 1671 nostri
2369 1617 2717 1671 comederunt
2738 1630 2894 1669 uvam
2919 1615 3192 1677 acerbam,
3220 1619 3272 1666 et
3299 1611 3491 1666 dentes
3521 1609 3760 1664 ﬁliorum

2175 1707 2564 1776 obstupuerunt
2590 1703 2722 1778 (Jer.
2749 1704 2920 1776 χχχι).
2947 1725 2963 1757 ο
2995 1704 3062 1758 Et
3079 1703 3132 1757 in
3159 1701 3342 1756 Exodo
3369 1720 3384 1756 :
3413 1719 3432 1752 ι
3467 1701 3584 1771 Ego
3611 1716 3758 1762 sum,

502 1791 567 1845 ad
594 1789 904 1857 bibendum,
933 1805 1036 1846 nec
1061 1790 1205 1862 ligna
1231 1792 1299 1846 ad
1329 1791 1507 1847 focum
1534 1791 1650 1848 sine
1679 1794 1836 1863 pretii
1864 1795 2074 1850 rcdem-
2102 1789 2146 1848 Β
2175 1796 2272 1861 ait,
2304 1795 2560 1849 Dominus
2598 1795 2738 1848 Deus
2771 1802 2922 1859 tuus,
2953 1793 3095 1847 Deus
3131 1791 3430 1854 :emula'or,
3460 1790 3556 1859 qui
3589 1789 3761 1844 reddo

497 1881 681 1952 ptione
703 1882 901 1936 habere
920 1891 1157 1952 possent.

575 1994 593 2025 ι
625 1972 936 2027 Cervicibus
978 1971 1528 2038 minabamur,lassis
1567 1989 1672 2028 non
1712 1974 1942 2030 dabatur
1983 1993 2070 2032 re-

505 2085 522 2115 ι
559 2063 730 2134 quies.
755 2081 772 2114 ›
801 2061 948 2117 More
969 2062 1338 2132 jumentorum
1364 2063 1663 2119 cervicibus
1683 2063 1860 2134 ligatis
1887 2081 1946 2122 se
1973 2069 2074 2121 mi-

499 2152 618 2208 nari
642 2152 800 2217 dicit,
833 2151 957 2222 quia
987 2152 1158 2208 hostis
1196 2165 1382 2207 eorum
1411 2153 1612 2208 nullam
1641 2157 1722 2210 sui
1748 2155 2070 2212 dominatio-

496 2258 620 2297 nem
673 2242 872 2297 habere
920 2241 1219 2312 permittit,
1271 2243 1366 2297 sed
1419 2243 1710 2298 trahuntur
1750 2259 2070 2316 quocunque

496 2333 728 2405 impetus
761 2333 1045 2404 dirigentis
1073 2331 1320 2398 voluerit,
1349 2348 1450 2388 nec
1475 2333 1632 2388 lassis
1659 2333 1725 2388 ad
1753 2334 2072 2406 refrigeren-

496 2427 624 2480 dum
653 2425 758 2480 ulla
789 2425 948 2480 datur
975 2424 1222 2492 facultas,
1247 2436 1301 2482 et
1329 2426 1469 2482 unde
1489 2427 1740 2482 solatium
1760 2429 2070 2499 qumsieriut

500 2531 625 2572 mox
652 2516 906 2584 subdidit,
935 2517 1118 2574 dicens
1145 2535 1159 2572 :

575 2623 594 2657 ι
630 2607 866 2678 Egypto
894 2607 1138 2663 dedimus
1167 2624 1383 2664 manum
1411 2619 1467 2665 et
1486 2610 1744 2682 Assyriis,
1771 2619 1830 2666 ut
1857 2620 2068 2668 satura-

499 2715 518 2748 c
560 2710 738 2751 remur
780 2696 1028 2766 panibus.
1061 2715 1080 2748 ι
1129 2695 1354 2767 Semper
1404 2698 1550 2754 enim
1595 2699 1850 2756 lsraelita:
1893 2703 2067 2758 aversi

491 2791 618 2840 sunt
657 2785 908 2840 cordibus
951 2785 1003 2839 iu
1041 2783 1359 2857 Egyptum,
1385 2795 1441 2842 et
1487 2789 1553 2843 ab
1595 2787 1832 2860 Assyriis
1875 2791 2070 2861 saepius

490 2875 689 2931 auxilia
716 2875 988 2947 petebant.
1037 2875 1186 2933 Unde
1227 2877 1418 2933 merito
1447 2878 1514 2934 ab
1543 2878 1622 2935 eis
1649 2887 1772 2934 sunt
1799 2877 2064 2950 ﬂagellati,

491 2967 688 3038 quibus
732 2967 944 3024 deserto
995 2967 1106 3022 Deo
1151 2977 1369 3040 propter
1411 2969 1754 3040 cupiditatem
1801 2977 2066 3024 terrenam

490 3057 768 3129 elegerunt
807 3074 927 3114 esse
957 3057 1206 3128 subjecti.
1256 3057 1416 3114 Juxta
1457 3060 1767 3132 allegoriam
1795 3077 1922 3116 vero
1951 3061 2066 3116 lucc

2173 1893 2394 1956 peccata
2415 1891 2628 1955 patrum
2655 1884 2707 1938 in
2731 1883 2866 1938 tilios
2887 1898 3055 1952 usque
3082 1882 3147 1935 ad
3172 1879 3386 1936 teftiam
3415 1887 3472 1933 et
3501 1887 3761 1948 quartam

2173 1974 2598 2043 generationem,
2633 1973 2718 2028 his
2739 1972 2830 2043 qui
2865 1973 3094 2027 oderunt
3134 1986 3217 2025 me
3241 1985 3256 2024 :
3281 1978 3336 2024 et
3359 1968 3506 2024 facio
3535 1969 3761 2022 miseri-

2173 2062 2408 2118 cordiam
2443 2063 2495 2116 in
2526 2061 2691 2115 millia
2721 2061 2805 2116 his
2834 2061 2922 2130 qui
2955 2061 3184 2132 diligunt
3223 2075 3326 2124 me,
3357 2066 3413 2113 et
3435 2059 3762 2112 custodiunt

2172 2161 2438 2222 praecepta
2471 2165 2588 2205 mea
2620 2150 2814 2224 (Exod.
2843 2149 2956 2222 xx).
2981 2171 2999 2203 ι
3033 2149 3142 2205 Nee
3181 2149 3494 2205 contrarius
3535 2157 3626 2203 est
3673 2148 3764 2202 hic

2173 2241 2322 2298 locus
2351 2243 2424 2297 illi
2454 2243 2764 2298 testimonio
2794 2241 3088 2298 Ezechielis
3130 2241 3220 2297 ubi
3249 2241 3446 2296 dicitur
3474 2258 3490 2295 :
3524 2258 3544 2290 ι
3581 2238 3763 2294 Filius

2173 2350 2277 2389 non
2321 2335 2557 2405 portabit
2585 2334 2918 2405 iniquitatem
2948 2333 3146 2404 patris,
3174 2347 3276 2389 nec
3301 2341 3459 2402 pater
3488 2332 3764 2403 iniquita-

2175 2435 2280 2480 tem
2312 2427 2428 2492 lilii,
2452 2450 2470 2478 ο
2504 2426 2630 2495 quia
2675 2441 2799 2480 mox
2825 2426 3103 2496 sequitur:
3135 2443 3154 2476 ι
3181 2423 3396 2480 Justitia
3417 2423 3558 2492 justi
3592 2439 3764 2496 super

2169 2530 2293 2570 cum
2319 2515 2440 2580 erit,
2459 2523 2512 2570 et
2527 2515 2772 2586 impietas
2795 2515 2942 2586 impii
2960 2514 3278 2584 superillum
3297 2513 3518 2585 (Ezech.
3538 2517 3727 2584 mu).
3740 2535 3757 2564 ι

2171 2607 2342 2662 Solvit
2387 2621 2515 2678 ergo
2557 2607 2906 2676 qumstiouem
2951 2621 3110 2676 quam
3157 2604 3491 2660 econtrario
3541 2614 3764 2674 poterat

2171 2699 2383 2753 auditor
2423 2713 2712 2769 opponere.
2751 2697 2969 2763 Soletis,
3007 2697 3104 2758 ait,
3151 2696 3360 2760 dicere,
3393 2695 3582 2762 Quare
3614 2695 3762 2750 ﬁlius

2162 2789 2340 2857 justus
2371 2806 2475 2846 non
2521 2791 2756 2862 portabit
2801 2789 3135 2860 iniquitatem
3185 2788 3388 2859 patris?
3412 2788 3600 2858 Atque
3646 2789 3762 2858 ipse

2169 2882 2456 2952 reSpoudet
2479 2896 2495 2935 :
2521 2861 2781 2936 Videlicet
2807 2881 2932 2952 quia
2962 2879 3104 2936 [ilius
3127 2879 3261 2935 bene
3284 2887 3548 2949 operatus
3571 2887 3684 2945 est,
3705 2891 3759 2934 et

2169 2974 2336 3044 patris
2362 2973 2554 3029 delicta
2591 2989 2699 3029 non
2743 2973 2891 3038 fecit,
2913 2971 3225 3042 iustumque
3253 2980 3356 3035 est,
3386 2979 3446 3025 ut
3475 2973 3758 3042 quomodo

2169 3074 2420 3134 peccator
2461 3063 2514 3118 in
2560 3081 2657 3120 suo
2709 3063 2913 3120 scelere
2948 3063 3196 3128 moritur,
3231 3063 3311 3117 sic
3331 3061 3521 3132 justus
3553 3063 3610 3116 in
3643 3062 3756 3117 Suis

491 3148 842 3216 quaerimonia
889 3149 1144 3204 convenit
1187 3150 1270 3204 bis
1313 3151 1405 3220 qui
1447 3159 1668 3221 propter
1701 3161 1920 3222 peccata
1967 3168 2062 3207 sua
2091 3157 2134 3218 C
2165 3159 2310 3214 vivat
2335 3157 2642 3222 virtutibus,
2670 3165 2725 3212 et
2759 3156 3021 3212 moriatur
3058 3156 3235 3210 anima
3263 3169 3386 3224 qua:
3411 3155 3754 3225 peccaverit,

487 3242 775 3297 virtutibus
821 3243 1056 3311 spoliati,
1098 3242 1282 3296 traditi
1330 3251 1456 3298 sunt
1496 3245 1550 3300 in
1592 3259 1783 3299 manus
1825 3245 2060 3299 hostium

487 3331 832 3401 spiritalium,
861 3343 917 3387 et
946 3332 1178 3387 maxime
1213 3331 1432 3397 Judaeis,
1462 3334 1553 3403 qui
1597 3342 1717 3404 post
1741 3333 1939 3390 Christi
1968 3335 2062 3388 ad-

489 3429 706 3476 ventum
756 3422 1050 3478 iunitentes
1094 3423 1260 3477 veteri
1311 3422 1625 3490 traditioni,
1675 3424 1844 3496 ipsam
1887 3424 2060 3498 legem

485 3513 641 3580 Mosi,
669 3523 721 3569 et
749 3513 1177 3569 benedictionem
1206 3521 1506 3585 paternam,
1535 3529 1696 3584 quam
1723 3516 2062 3572 hmreditario

476 3603 603 3672 jure
645 3603 967 3660 videbantur
1012 3604 1304 3674 possidere,
1331 3604 1705 3676 perdiderunt,
1731 3614 1787 3662 et
1827 3606 1952 3662 data
1979 3617 2062 3664 cst

473 3695 758 3767 gentibus,
785 3710 904 3766 qua:
923 3695 976 3750 in
1004 3693 1220 3751 Christo
1247 3695 1606 3761 crediderunt,
1636 3697 1760 3767 quia
1783 3697 1834 3752 in
1859 3701 2061 3754 semine

471 3785 715 3840 Abrahae
735 3785 1121 3841 benedicentur
1139 3801 1328 3841 omnes
1347 3787 1691 3858 cognationes
1706 3796 1884 3842 terrae.
1913 3787 2061 3844 Unde

484 3886 540 3930 et
552 3875 969 3947 repugnantibus
983 3875 1106 3942 illis,
1118 3884 1172 3930 et
1183 3877 1676 3934 contradicentibus
1695 3879 2060 3950 prmdicationi

476 3967 635 4024 lPauli
664 3977 718 4024 et
745 3967 1004 4024 Barnabas
1038 3985 1352 4040 responsum
1391 3978 1476 4026 est
1499 3989 1512 4024 :
1535 3989 1554 4022 ι
1588 3971 1751 4026 Vobis
1776 3973 2062 4041 oportebat

485 4059 716 4129 primum
729 4061 1248 4130 pra-,dicarcverbum
1264 4061 1475 4126 Dei,sed
1488 4061 1613 4131 quia
1629 4061 1898 4132 repulistis
1911 4061 2057 4127 illud,

485 4159 541 4204 et
569 4150 814 4223 indignos
841 4166 936 4208 vos
952 4150 1238 4221 judicastis
1272 4162 1487 4208 internae
1515 4153 1658 4219 vitm,
1689 4168 1813 4208 ecce
1837 4170 2060 4210 conver-

483 4242 652 4297 timur
679 4243 748 4298 ad
772 4251 982 4314 gentes.
1015 4242 1107 4298 Sic
1141 4244 1282 4298 enim
1307 4245 1562 4315 praecepit
1587 4245 1741 4301 nobis
1767 4246 2054 4301 Dominus:

485 4331 650 4388 Posui
679 4341 730 4388 te
765 4333 822 4387 in
849 4331 1020 4389 lucem
1046 4331 1318 4406 gentium,
1347 4343 1406 4388 ut
1439 4334 1514 4390 sis
1545 4334 1600 4389 in
1635 4335 1862 4391 salutem
1889 4351 2060 4408 usque

485 4421 553 4476 ad
578 4429 882 4478 extremum
913 4431 1070 4480 terra;
1099 4424 1234 4496 (Act.
1267 4424 1407 4500 xm).
1433 4446 1452 4480 ι
1487 4425 1579 4482 lsti
1621 4441 1748 4498 ergo
1773 4429 1926 4500 quasi
1955 4445 2056 4499 pu-

2165 3258 2223 3305 et
2251 3251 2396 3304 vivat
2421 3265 2540 3320 quae
2564 3257 2831 3319 prmeepta
2857 3247 2953 3303 Dei
2983 3245 3319 3302 custodierit.

2241 3357 2260 3392 ι
2299 3339 2453 3395 Servi
2496 3339 2755 3395 dominati
2803 3347 2929 3394 sunt
2972 3337 3174 3403 nostri,
3207 3351 3312 3391 non
3341 3334 3446 3390 fuit
3469 3337 3569 3404 qui
3599 3335 3752 3392 redi-

2168 3451 2186 3483 σ
2227 3439 2394 3488 meret
2419 3431 2484 3486 de
2510 3445 2671 3484 manu
2713 3443 2921 3484 eorum.
2951 3446 2971 3480 ι
3001 3427 3198 3482 Servos
3225 3425 3460 3496 appellat
3489 3426 3750 3496 gentiles,

2161 3521 2254 3591 qui
2295 3519 2452 3576 idolis
2492 3519 2830 3582 serviebant,
2855 3526 2910 3573 et
2949 3517 3230 3573 daemoniis
3277 3515 3660 3581 immolabant,
3695 3518 3750 3570 in

2162 3628 2390 3682 quorum
2434 3611 2726 3668 dominium
2754 3615 2975 3681 propter
3001 3618 3218 3678 peccata
3259 3611 3354 3663 sua
3402 3609 3594 3662 traditi
3621 3617 3750 3663 sunt

2161 3702 2434 3768 lsraelitae,
2469 3701 2560 3772 qui
2592 3701 2862 3770 quondam
2883 3691 3110 3755 fuerunt
3145 3699 3199 3753 in
3236 3697 3353 3752 loco
3379 3697 3620 3752 ﬁliorum
3649 3699 3747 3753 de-

2161 3794 2351 3864 putati.
2374 3793 2522 3849 Unde
2543 3793 2803 3862 scriptum
2821 3799 2936 3846 est:
2958 3809 2976 3842 ι
3004 3789 3080 3844 Ex
3104 3789 3333 3861 Egypto
3356 3789 3549 3844 vocavi
3575 3789 3748 3843 tilium

2162 3899 2340 3940 meum
2381 3881 2798 3954 primogenitum
2835 3879 3002 3935 Israel
3031 3879 3165 3951 (ha.
3210 3878 3348 3948 31);»
3389 3893 3492 3932 nec
3519 3877 3622 3930 fuit
3652 3877 3748 3948 qui

2161 3975 2450 4029 redimeret
2481 3972 2598 4028 illos
2625 3972 2692 4027 de
2735 3970 2984 4026 manibus
3017 3984 3226 4034 eorum,
3255 3967 3514 4037 quoniam
3556 3967 3750 4022 defen-

2159 4078 2338 4120 sorem
2385 4071 2439 4119 et
2498 4062 2841 4118 liberatorem
2899 4059 3067 4116 Deum
3123 4059 3322 4114 habere
3368 4073 3478 4114 non
3532 4073 3750 4116 merue-

2162 4171 2223 4209 ιἰι
2229 4171 2262 4209 ιι
2271 4165 2310 4208 ι.

2235 4262 2253 4294 ι
2292 4242 2348 4298 tn
2375 4242 2659 4299 animabus
2701 4241 2900 4297 nostris
2938 4240 3296 4298 all'erehamus
3325 4255 3523 4312 panem
3559 4241 3742 4306 nobis.

2164 4354 2182 4388 ι
2217 4350 2248 4389 a
2276 4333 2411 4390 facie
2439 4334 2599 4406 gladii
2627 4334 2680 4388 in
2706 4332 2938 4388 deserto.
2969 4353 2989 4385 ι
3029 4332 3144 4388 Hoc
3168 4341 3251 4387 est
3270 4348 3396 4386 cum
3425 4332 3742 4387 animarum

2159 4434 2464 4482 nostrarum
2485 4425 2723 4496 periculo
2747 4426 3092 4494 quaesivimus
3115 4426 3270 4482 nobis
3297 4426 3526 4491 victum,
3557 4427 3614 4480 in
3641 4427 3742 4481 de-

468 4511 596 4581 .pilli
622 4511 750 4568 facti
779 4522 926 4580 sunt,
954 4489 1158 4585 absque
1185 4489 1647 4588 patre,'quoniam
1673 4489 1842 4574 Deum
1867 4489 2054 4576 ver-um
2081 4489 2134 4550 D
2158 4527 2305 4574 serto
2330 4517 2567 4589 gentium
2591 4518 2888 4574 constituti.
2925 4517 3116 4572 Merito
3155 4533 3284 4590 ergo
3312 4519 3489 4573 servis
3515 4520 3740 4590 subjici-

484 4609 690 4671 patrem
717 4602 916 4658 habere
938 4615 1250 4672 renuerunt,
1267 4615 1323 4662 et
1340 4607 1502 4664 alium
1523 4619 1731 4680 patrem
1753 4610 2050 4682 elegerunt,

483 4693 550 4748 de
589 4708 697 4762 quo
737 4695 806 4748 ad
831 4693 950 4750 illos
977 4695 1177 4751 dictum
1217 4705 1340 4752 est:
1369 4717 1388 4749 ι
1422 4699 1530 4756 Vos
1567 4715 1633 4754 ex
1659 4709 1815 4770 patre
1842 4702 2054 4760 diabolo

479 4786 634 4853 estis,
661 4794 719 4842 et
743 4785 1008 4842 desideria
1055 4787 1223 4858 patris
1253 4789 1416 4844 vestri
1457 4789 1620 4847 vultis
1661 4789 1842 4848 facere
1868 4792 2048 4864 (Joan.

481 4875 623 4948 vui).
642 4896 662 4928 ι
691 4875 893 4932 llorum
923 4885 1122 4932 matres
1149 4879 1402 4934 nimirum
1424 4896 1708 4954 synagogas
1731 4881 1884 4938 facta:
1927 4892 2051 4938 sunt

480 4967 635 5041 quasi
648 4967 842 5034 vidua),
868 4968 994 5039 quia
1018 4969 1252 5040 priorem
1278 4970 1474 5037 virum,
1501 4972 1604 5027 hoc
1629 4981 1710 5028 est
1736 4973 1902 5028 Deum
1929 4990 2054 5044 pro-

469 5067 600 5128 pter
643 5058 1056 5114 fornicationem
1093 5058 1408 5115 idololatria:
1444 5061 1643 5116 habere
1685 5077 1791 5116 non
1839 5078 2054 5118 merue-

483 5159 626 5205 runt.
653 5149 718 5205 [Ii
742 5165 937 5220 aquam
961 5151 1200 5208 scientia:
1225 5161 1348 5207 voto
1366 5153 1626 5218 discendi,
1653 5155 1804 5223 quasi
1827 5155 2054 5224 pecunia

481 5243 720 5300 adhibita
775 5244 1075 5310 redimunt,
1130 5244 1222 5302 sed
1249 5246 1374 5316 quia
1424 5245 1693 5302 Christum
1737 5247 1790 5301 in
1835 5262 1898 5302 ea
1949 5261 2055 5301 non
2100 5320 2110 5327 _

479 5334 776 5407 inveniunt,
826 5343 1029 5390 mterna
1073 5335 1161 5391 siti
1213 5329 1542 5406 depereunt,
1574 5353 1786 5408 semper
1839 5339 2052 5407 quidem

478 5422 751 5478 discentes
775 5431 832 5476 et
869 5439 1142 5494 nunquam
1185 5424 1251 5479 ad
1278 5425 1557 5480 scientiam
1601 5427 1841 5482 veritatis
1868 5441 2055 5496 perve-

476 5509 712 5566 nientes.
743 5511 1003 5568 Similiter
1027 5515 1189 5568 etiam
1217 5513 1357 5585 ligna
1380 5517 1552 5585 pretio
1571 5525 1907 5586 comparant,
1930 5534 2052 5572 cum

474 5599 794 5654 exercendis
836 5601 1126 5656 virtutibus
1169 5617 1388 5671 operam
1428 5603 1588 5671 dant;
1627 5606 1720 5660 sed
1747 5605 1873 5676 quia
1899 5607 2055 5660 ardo-

479 5701 599 5741 tem
625 5692 904 5748 charitatis
943 5695 996 5748 iu
1037 5709 1101 5749 eo
1145 5696 1342 5748 habere
1400 5693 1712 5762 io.‘8picittnt,
1745 5695 1796 5748 in
1827 5711 2053 5752 vacuum

2161 4615 2268 4674 tur,
2293 4608 2385 4678 qui
2428 4607 2733 4662 libertatem
2778 4615 2969 4677 sponte
2993 4607 3190 4676 perdit.
3225 4607 3280 4661 Si
3309 4607 3458 4662 enim
3499 4608 3556 4662 in
3583 4607 3740 4663 ωλι-ἰ..

2157 4709 2299 4755 stum
2343 4696 2512 4754 Judaei
2566 4697 2868 4762 crederent,
2895 4713 3020 4753 vere
3071 4697 3228 4754 liberi
3266 4707 3471 4761 essent,
3497 4707 3557 4753 et
3597 4715 3739 4768 pane

2156 4791 2278 4846 vitae
2323 4791 2459 4861 pasti
2501 4789 2799 4859 periculum
2841 4790 3142 4844 animarum
3192 4803 3414 4845 suarum
3466 4793 3738 4846 veraciter

2154 4881 2470 4936 devitarent.
2486 4880 2638 4936 Nunc
2658 4890 2837 4936 autem
2859 4881 2949 4950 qui
2965 4905 2981 4935 ι
3006 4896 3192 4936 verum
3215 4881 3564 4938 liberatorem
3588 4899 3734 4952 spre

2161 4979 2374 5038 verunt,
2419 4971 2528 5026 imo
2552 4971 2962 5038 cruciﬁxerunt,
2989 4971 3054 5026 de
3095 4977 3238 5026 terra
3272 4987 3371 5026 sua
3403 4973 3587 5042 ejecti,
3615 4975 3734 5044 vagi

2159 5069 2214 5116 et
2240 5060 2447 5132 profugi
2475 5062 2528 5115 in
2559 5069 2672 5116 toto
2701 5071 2981 5116 versantur
3004 5062 3155 5127 orbe,
3185 5071 3240 5117 et
3265 5061 3486 5118 sedibus
3514 5064 3736 5119 incertis

2161 5153 2541 5215 discurrentes,
2568 5153 2770 5208 vietum
2810 5168 2930 5206 cum
2971 5152 3212 5222 periculo
3255 5153 3379 5206 vitae
3421 5155 3731 5222 acquirunt.

2161 5240 2310 5308 Quod
2337 5241 2474 5297 bene
2494 5241 2625 5298 Cain
2651 5243 2914 5313 parricida
2936 5241 3333 5312 prmﬁgurabat,
3357 5249 3444 5298 cui
3468 5247 3732 5300 sententia

2162 5332 2285 5386 data
2317 5340 2399 5388 est
2433 5330 2584 5404 (Cen.
2627 5332 2722 5406 tv),
2754 5342 2813 5387 ut
2852 5349 3016 5402 vagus
3043 5341 3098 5387 et
3141 5332 3420 5403 profugus,
3449 5348 3650 5404 pavens
3677 5345 3732 5388 et

2160 5429 2394 5476 tremens
2422 5436 2518 5490 per
2547 5422 2663 5477 loca
2694 5423 2839 5477 varia
2868 5423 3226 5488 discurreret,
3256 5438 3358 5479 nec
3373 5434 3614 5495 usquam
3647 5440 3733 5478 tu-

2159 5521 2242 5566 IUS
2265 5521 2322 5567 Cl.
2348 5527 2569 5568 SCCIH‘US
2593 5522 2852 5568 maneret.

2231 5623 2251 5656 ι
2287 5603 2449 5658 Pellis
2494 5615 2677 5660 nostra
2707 5606 2858 5674 quasi
2899 5603 3140 5661 clibanus
3181 5616 3373 5662 exusta
3401 5615 3506 5671 est,
3533 5621 3565 5660 a
3594 5605 3730 5659 facie

2163 5714 2182 5746 ι
2221 5703 2594 5766 tempestatum
2643 5695 2814 5752 famis.
2848 5717 2866 5750 ι
2894 5697 2948 5751 In
2977 5681 3114 5766 pelle
3157 5708 3348 5753 exusta
3371 5739 3384 5762 ,
3419 5696 3728 5754 detonuita-
