3998 6202
251 353 391 413 1965

1123 355 1483 413 EXPOSITIO
1523 354 1745 411 SUPER
1783 350 2145 409 JEREMIAM.
2184 383 2252 390 ——
2293 351 2419 405 UB.
2468 349 2583 405 XX.

3346 322 3484 406 tecs

243 483 357 528 tem
379 469 666 524 obscenam
695 466 951 531 ostendit,
975 481 1137 535 quam
1168 466 1329 529 fame,
1354 468 1442 521 siti
1474 475 1526 520 et
1562 466 1808 520 nti-litate
1844 467 1883 523 Α
1914 477 2171 533 organum
2195 477 2372 517 meum
2396 463 2449 516 in
2476 478 2660 518 vocem
2691 464 2950 518 ﬂentium.
2990 482 3008 514 ι
3041 463 3308 533 (litarem)
3333 464 3486 531 Quod

239 564 392 618 inter
424 559 604 613 hostes
630 556 791 626 positi
807 556 951 625 passi
976 563 1119 609 sunt.
1144 555 1396 609 Clibanus
1422 565 1502 609 est
1523 556 1818 625 coquendis

248 647 496 718 panibus,
527 646 660 700 aenei
710 646 910 700 vasculi
957 646 1180 699 deducta
1226 646 1546 709 rotunditas,
1574 660 1692 713 quae
1719 645 1820 697 sub

249 737 529 792 urentibus
576 736 805 790 flammis
842 736 994 789 ardet
1040 735 1375 789 intrinsecus.
1409 735 1465 788 In
1495 751 1596 803 qua
1631 734 1814 788 simili-

248 828 435 883 tudine
458 828 651 881 merito
674 834 982 896 peccatores
1008 824 1175 879 Judaei
1218 833 1510 894 ponuntur,
1535 824 1625 892 qui
1654 826 1706 877 in
1739 824 1821 876 fu-

248 926 376 972 turo
395 917 619 987 judicio,
643 924 697 969 et
722 929 955 969 maerore
979 915 1164 975 animi,
1188 923 1243 967 et
1268 914 1467 983 poenali
1488 914 1819 967 cruciatione

248 1006 534 1075 torquendi
580 1013 723 1070 sunt,
752 1004 878 1073 quia
922 1012 1111 1059 contra
1157 990 1604 1069 regulas'Domini
1646 1003 1819 1057 obsti-

250 1106 378 1152 nata
407 1104 588 1150 mente
614 1093 883 1149 vixerunt:
913 1091 1064 1149 Unde
1091 1094 1142 1147 in
1170 1093 1392 1162 psalmis
1418 1094 1677 1162 scriptum
1705 1101 1818 1146 est:

258 1205 279 1239 ι
312 1187 488 1243 Penes
529 1200 624 1240 eos
665 1192 726 1239 ut
767 1185 1037 1240 elibanum
1084 1184 1240 1252 ignis,
1270 1184 1323 1237 in
1372 1191 1615 1253 tempore
1647 1183 1825 1238 vultus

251 1279 331 1333 tui
357 1275 529 1348 (Psal.
553 1273 665 1345 xx).
692 1294 712 1325 ι
749 1272 982 1342 Tempus
1011 1287 1138 1326 vero
1163 1273 1342 1327 vultus
1367 1271 1577 1325 Domini
1607 1271 1721 1325 dies
1743 1278 1826 1325 est

247 1367 458 1437 indicii,
486 1364 698 1436 quando
742 1363 883 1418 filius
923 1363 1155 1417 hominis
1202 1361 1471 1416 videbitur
1500 1362 1565 1415 ab
1594 1361 1825 1414 homini-

248 1464 378 1525 bus,
405 1457 499 1514 sed
524 1455 625 1513 soli
651 1470 773 1509 eum
791 1454 919 1522 justi
947 1454 1107 1507 etiam
1134 1452 1430 1507 divinitatis
1458 1465 1567 1504 suae
1586 1458 1825 1505 contem-

251 1551 488 1620 platione
521 1547 837 1617 respiciunt.
865 1543 1139 1598 Veraciter
1163 1543 1305 1597 enim
1338 1541 1479 1595 fame
1519 1541 1820 1602 conficitur,

253 1637 502 1711 quisquis
525 1636 730 1693 etulein
760 1649 895 1703 pane
920 1633 1105 1688 satiari
1136 1647 1240 1686 non
1266 1639 1523 1686 meretur.
1842 1622 1876 1662 δὲ

334 1747 356 1783 ι
391 1730 639 1784 Mulieres
662 1730 715 1782 in
743 1727 871 1781 Sion
900 1725 1315 1780 lmmiliaverunt
1340 1723 1577 1793 virgines
1607 1722 1661 1777 in
1693 1722 1825 1777 civi-

1917 567 2175 622 organum
2207 567 2302 620 per
2324 552 2552 617 fistulas,
2584 561 2639 607 et
2680 554 2886 608 cithara
2916 568 3013 623 per
3042 554 3270 607 chordas
3305 565 3486 617 sonat,

1918 653 2094 715 potest
2122 658 2216 713 per
2258 644 2522 698 citharam
2571 652 2714 700 recta
2759 645 3026 715 operatio,
3075 661 3171 715 per
3224 660 3485 714 organum

1919 749 2045 789 vero
2075 742 2261 789 sancta
2284 734 2595 804 prmdicatio
2614 737 2901 807 designari.
2932 737 3035 791 Per
3061 737 3267 792 fistulas
3287 737 3487 807 qtippe

1920 825 2107 897 organi
2135 841 2228 879 ora
2257 825 2685 895 prmdicantium,
2715 842 2812 895 per
2840 827 3069 882 chordas
3099 843 3227 882 vero
3265 827 3487 883 cithara!

1920 917 2271 971 intentionem
2327 924 2472 969 recte
2531 917 2825 971 viventium
2887 933 2992 972 non
3043 919 3487 973 inconvenienter

1921 1005 2213 1075 accipimus
2241 1019 2255 1058 :
2296 1020 2414 1075 qua:
2448 1004 2571 1058 dum
2618 1005 2685 1058 ad
2713 1005 2876 1059 vitam
2906 1007 3063 1060 aliam
3093 1021 3192 1076 per
3242 1006 3489 1062 afﬂictio-

1921 1110 2044 1149 ncm
2071 1097 2250 1149 carnis
2283 1094 2537 1158 tenditur,
2572 1094 2725 1163 quasi
2769 1104 3055 1150 extenuata
3093 1097 3292 1151 chorda
3323 1098 3374 1150 in
3408 1098 3490 1151 ci-

1924 1185 2077 1239 thara
2117 1200 2216 1254 per
2252 1184 2576 1239 intuentium
2628 1186 2970 1239 mirationem
3010 1194 3187 1240 sonat.
3240 1186 3493 1240 Sieealur

1922 1275 2121 1327 etenim
2143 1273 2367 1338 chorda,
2392 1280 2449 1327 ut
2478 1288 2774 1345 congruum
2810 1273 2861 1326 in
2886 1274 3093 1327 cithara
3124 1281 3341 1327 cantum
3372 1275 3493 1327 red-

1924 1362 2044 1426 dat,
2085 1362 2211 1430 quia
2251 1372 2305 1417 et
2347 1364 2519 1417 sancti
2569 1364 2671 1441 viri
2710 1362 3036 1433 castigantes
3077 1377 3274 1431 corpus
3314 1378 3492 1427 suum,

1924 1453 2171 1507 servituti
2221 1454 2531 1523 subjiciunt,
2567 1461 2727 1523 atque
2767 1453 2833 1507 ab
2857 1451 3056 1506 infimis
3103 1451 3171 1506 ad
3215 1450 3492 1521 superiora

1928 1541 2233 1595 tenduntur.
2280 1539 2405 1596 Sive
2455 1549 2632 1597 autem
2671 1542 2843 1596 sancti
2891 1541 3272 1610 praedicatores
3320 1539 3375 1594 in
3403 1554 3494 1594 cc-

1925 1634 2108 1700 clesia,
2145 1649 2237 1689 seu
2275 1635 2499 1704 quilibet
2547 1636 2817 1704 simplices
2860 1643 2912 1691 et
2938 1635 3271 1690 abstinentes
3309 1648 3407 1704 pro
3440 1642 3500 1687 ut

1927 1724 2073 1777 vires
2105 1724 2379 1792 accipiunt
2410 1724 2463 1778 in
2495 1739 2556 1778 ea
2608 1724 2867 1793 proximis
2912 1726 3023 1779 suis
3063 1724 3334 1778 canticum
3362 1722 3500 1778 bene
3532 1776 3553 1792 ί

263 1842 284 1872 ι
325 1820 528 1876 tatibus
549 1816 705 1880 Juda,
730 1816 1000 1886 principes
1027 1829 1187 1868 manu
1213 1812 1459 1881 suspensi
1489 1820 1633 1875 sunt,
1662 1810 1827 1864 facies
1856 1805 1900 1863 Β
1929 1813 2322 1868 exhortationis
2376 1813 2623 1867 reddunt.
2679 1811 2813 1866 Nam
2862 1821 2917 1867 et
2961 1814 3253 1883 prudentes
3301 1813 3500 1883 quique

266 1934 286 1965 ι
330 1927 516 1969 senum
560 1925 666 1965 non
712 1909 1073 1970 erubuerunt,
1105 1904 1538 1959 adolescentibus
1565 1902 1834 1971 impudice

267 2026 287 2057 ι
336 2004 488 2060 abusi
516 2009 662 2066 sunt,
686 2009 742 2055 et
774 2000 923 2069 pueri
956 1998 1008 2052 in
1034 1998 1180 2067 ligno
1215 2003 1557 2050 corruerunt.
1595 2014 1613 2046 ι
1645 1994 1835 2048 Diver-

261 2109 356 2150 sas
381 2091 588 2162 species
615 2088 934 2144 calamitatis
957 2093 1263 2148 enumerat,
1280 2098 1414 2152 quas
1442 2099 1584 2154 gens,
1604 2082 1834 2162 nefanda

256 2188 323 2243 in
352 2180 718 2238 devastatione
736 2175 1128 2239 Chaldaeorum,
1156 2175 1270 2228 sive
1284 2174 1647 2228 Romanorum
1667 2212 1681 2237 ,
1696 2156 1836 2241 ’ρει-ς-

261 2289 420 2344 pessa
463 2279 576 2336 est,
619 2270 695 2326 ibi
731 2269 874 2323 enim
921 2266 1177 2322 mulieres
1230 2280 1415 2320 eorum
1480 2272 1838 2334 constupratte

263 2372 416 2427 sunt,
441 2362 674 2431 virgines
697 2360 750 2413 in
777 2358 1083 2414 civitatibus
1109 2372 1399 2425 oppressze,
1427 2356 1697 2426 principes
1727 2370 1841 2409 ma-

264 2451 428 2505 nibus
453 2448 636 2513 vincti,
662 2462 820 2503 senes
842 2447 957 2501 sine
978 2446 1202 2510 honore,
1222 2445 1591 2499 adolescentes
1611 2452 1666 2498 et
1687 2443 1837 2514 pueri

265 2542 326 2595 in
352 2538 525 2609 turpis
546 2535 703 2592 oflicii
728 2535 1004 2590 abusione.
1032 2534 1146 2595 Hoc
1173 2535 1315 2588 enim
1344 2534 1465 2589 ideo
1484 2534 1563 2589 eis
1591 2535 1837 2603 contigit,

266 2630 396 2700 quia
429 2635 729 2684 creatorem
758 2641 913 2682 suum
946 2626 1212 2681 honorare
1239 2624 1545 2689 noluerunt,
1573 2624 1666 2678 sed
1690 2622 1843 2678 falsis

267 2721 379 2777 diis
406 2729 570 2789 atque
593 2717 894 2774 simulacris
912 2716 1143 2770 humana
1172 2723 1289 2769 arte
1313 2713 1579 2778 confictis,
1604 2713 1841 2768 divinum

267 2813 532 2867 honorem
551 2808 943 2878 impertierunt,
960 2813 1015 2862 et
1031 2807 1123 2875 qui
1144 2814 1366 2874 pr0pter
1392 2804 1664 2858 libidinem
1689 2818 1844 2858 suam

268 2905 332 2958 in
361 2901 569 2958 cultura
616 2899 869 2955 falsorum
899 2898 1123 2953 deorum
1154 2896 1421 2965 impudice
1447 2894 1716 2958 vixerunt,
1748 2894 1846 2947 bo-

271 2994 438 3049 stium
462 2991 709 3047 manibus
733 2990 937 3054 traditi,
952 2988 1098 3043 omni
1120 2988 1434 3057 turpitudini
1459 2995 1513 3041 et
1532 2986 1848 3041 confusione

271 3085 635 3143 afﬁcerentur.
681 3080 841 3136 Juxta
889 3079 1196 3151 allegoriam
1248 3092 1378 3133 vero
1407 3077 1652 3147 quisquis
1694 3076 1849 3130 saevi-

1933 1907 2000 1960 ad
2040 1906 2441 1975 praedicationis
2472 1903 2706 1959 fructum
2752 1905 2979 1959 solerter
3001 1905 3301 1975 invigilant,
3344 1914 3505 1975 atque

1933 2006 1993 2050 ιιι
2022 1996 2156 2050 alios
2181 1997 2245 2053 ad
2274 1997 2436 2049 vitam
2477 1996 2815 2064 pertrahant,
2854 2009 2987 2049 sono
3043 2009 3251 2064 magna:
3296 2003 3505 2063 pertur-

1934 2088 2172 2142 bationis
2220 2087 2520 2151 elaborant,
2572 2094 2626 2141 et
2654 2088 2744 2156 qui
2794 2087 2846 2140 iit
2880 2101 2945 2141 ea
2995 2086 3251 2141 tardioris
3304 2087 3505 2158 ingenii

1937 2179 2205 2244 videntur,
2235 2194 2301 2232 ex
2327 2177 2443 2247 ipso
2478 2178 2600 2232 vita:
2644 2194 2753 2234 sua:
2777 2178 2971 2233 merito
3021 2178 3075 2233 in
3100 2178 3418 2248 quantulum
3445 2195 3509 2233 se

1938 2285 2095 2339 posse
2127 2271 2478 2341 conspiciunt,
2501 2270 2893 2326 exhortationis
2919 2285 3044 2341 erga
3096 2270 3232 2324 alios
3268 2272 3507 2325 auctori-

1940 2368 2104 2414 tatem
2154 2366 2390 2424 sumunt,
2449 2370 2609 2429 atque
2658 2359 2725 2413 ad
2768 2359 3047 2414 ctelestem
3098 2360 3331 2428 patriam
3363 2374 3509 2427 quos

1941 2449 2119 2503 valent
2153 2451 2367 2504 trahere
2417 2463 2521 2503 non
2569 2448 2849 2503 desistunt.
2901 2445 3010 2502 Sed
3038 2455 3227 2502 sancta
3270 2445 3517 2502 Ecclesia

1942 2542 2201 2596 extremis
2248 2541 2713 2612 persecutionibus
2761 2556 2966 2611 pressa,
3000 2555 3119 2596 cum
3160 2539 3321 2595 verba
3350 2554 3446 2593 sua
3479 2555 3511 2594 a

1944 2630 2191 2701 reprobis
2231 2632 2500 2687 contemni
2552 2631 2880 2695 considerat,
2931 2629 3134 2685 amoris
3169 2629 3249 2684 sui
3282 2628 3515 2699 gratiam

1946 2722 2012 2775 ad
2061 2720 2231 2776 solum
2267 2720 2558 2775 lamentum
2606 2720 2839 2784 format,
2888 2721 3014 2792 quia
3057 2720 3309 2774 nimirum
3347 2718 3509 2774 deflet

1946 2828 2081 2884 quos
2115 2814 2448 2869 exhortando
2501 2814 2719 2868 trahere
2777 2828 2885 2868 non
2941 2811 3103 2866 valet.
3141 2810 3295 2865 Dicat
3343 2823 3515 2880 ergo:

1953 2924 1972 2958 ι
2006 2906 2175 2961 Versa
2221 2912 2304 2959 est
2355 2905 2409 2959 in
2464 2905 2664 2960 luctum
2705 2905 2913 2962 cithara
2961 2918 3105 2967 mea,
3150 2908 3206 2957 et
3252 2915 3516 2970 organum
3598 2910 3613 2919 ‘

1949 3013 2130 3052 meum
2170 2996 2224 3050 in
2269 3011 2456 3051 vocem
2490 2995 2751 3051 flentium.
2792 3016 2809 3047 ι
2840 2995 2917 3049 Ac
2965 2993 3009 3048 si
3051 2998 3237 3064 aperte
3288 2990 3521 3045 fateatur

1952 3089 2137 3144 dicens
2167 3107 2179 3141 :
2212 3088 2369 3143 Pacis
2396 3087 2609 3157 quidem
2638 3101 2768 3141 meae
2792 3095 3031 3155 tempore
3066 3097 3165 3154 per
3192 3081 3327 3136 alios
3349 3095 3517 3152 parva

271 3178 408 3232 tiam
433 3174 749 3245 spiritalium
798 3172 1029 3227 hostium
1065 3169 1335 3240 intelligit,
1362 3167 1630 3222 veraciter
1658 3166 1845 3235 ingen-
1872 3156 1917 3218 C
1952 3194 2099 3233 more
2122 3179 2364 3244 citharae,
2395 3156 2495 3248 βαι.
2526 3178 2662 3239 ἓ,ιῖοε
2698 3190 2829 3231 γεω
2872 3188 3021 3229 more
3064 3171 3253 3244 organi
3277 3212 3292 3237 ν
3327 3184 3523 3240 magna

275 3276 387 3322 tem
415 3263 783 3319 confusionem
816 3274 975 3331 quam
1017 3259 1070 3313 in
1096 3256 1376 3313 animabus
1398 3270 1495 3310 sua
1521 3254 1710 3309 fraude
1756 3253 1849 3308 de-

271 3356 449 3426 ceptis
472 3359 665 3424 gerunt
691 3350 951 3421 agnoscit,
984 3347 1075 3403 ubi
1102 3346 1278 3402 omnis
1313 3343 1664 3415 impudicitia,
1688 3350 1850 3409 atque

274 3444 642 3509 immunditia,
670 3440 921 3496 violentia
948 3448 1004 3494 et
1048 3438 1362 3493 inhonestas
1412 3443 1619 3505 regnat,
1651 3433 1743 3489 ubi
1774 3441 1853 3488 tot

275 3539 544 3604 apparent
574 3530 915 3587 confusiones
939 3535 1070 3596 quot
1092 3534 1217 3581 sunt
1240 3525 1492 3580 vitiorum
1520 3524 1747 3593 Species.

355 3643 375 3678 ι
410 3624 578 3680 Senes
610 3623 675 3678 de
702 3621 871 3691 portis
919 3618 1249 3681 defecerunt,
1298 3614 1526 3685 juvenes
1575 3615 1644 3669 de
1684 3614 1852 3668 choro

283 3735 304 3767 ι
344 3714 706 3784 psallentium.
741 3731 760 3763 ι
785 3709 896 3766 Nec
929 3710 1073 3764 enim
1104 3708 1176 3763 ibi
1208 3714 1386 3778 potest
1415 3706 1703 3760 maturitas
1729 3718 1853 3760 esse

277 3803 515 3867 consilii,
548 3802 638 3857 ubi
661 3800 837 3855 nullus
857 3808 942 3855 est
972 3799 1105 3854 ordo
1123 3796 1332 3866 judicii,
1384 3812 1483 3852 nec
1507 3796 1853 3866 psallentium

281 3895 486 3948 chorus
503 3890 575 3946 ibi
603 3891 900 3946 consistere
927 3889 1030 3943 rite
1044 3896 1239 3959 potest,
1267 3885 1359 3940 ubi
1375 3886 1527 3941 dolor
1555 3893 1609 3938 et
1627 3885 1858 3954 gemitus

281 3994 526 4050 praesens
543 3986 643 4033 est.
672 3995 691 4029 ι
726 3976 925 4031 Musica
947 3976 1089 4029 enim
1113 3976 1165 4029 in
1191 3975 1360 4037 luctu,
1396 3992 1414 4024 ι
1444 3981 1501 4026 ut
1520 3972 1736 4041 quidam
1760 3972 1855 4033 ait,

289 4068 647 4138 «importuna
696 4074 781 4122 est
830 4064 1069 4119 narratio
1113 4062 1302 4135 (Eccli.
1338 4060 1495 4132 xm).
1533 4080 1552 4113 ι
1606 4060 1758 4117 Unde
1803 4068 1859 4114 et

286 4158 538 4228 sequitur
568 4176 583 4213 :

365 4290 384 4321 ε
414 4269 621 4324 Defecit
653 4268 903 4339 gaudium
927 4266 1106 4323 cordis
1131 4266 1322 4329 nostri,
1346 4280 1535 4321 versus
1564 4269 1647 4320 est
1684 4264 1737 4318 in
1776 4262 1861 4317 lu—

291 4381 314 4413 (
352 4370 498 4416 ctum
527 4360 726 4414 chorus
756 4364 958 4413 noster.
989 4358 1195 4412 Cecidit
1227 4371 1427 4411 corona
1449 4355 1642 4426 capitis
1671 4353 1861 4416 nostri,

294 4472 314 4505 ‹
357 4467 437 4507 vae
487 4451 640 4506 nobis
688 4451 812 4520 quia
869 4449 1231 4519 peccavimus.
1294 4466 1313 4499 ι
1356 4447 1503 4502 Bene
1546 4447 1619 4500 ibi
1664 4446 1862 4501 dicitur

286 4546 516 4600 chorum
540 4542 593 4596 in
618 4541 821 4596 luctum
847 4555 1164 4595 conversum
1190 4554 1332 4603 esse,
1362 4538 1452 4592 ubi
1496 4545 1707 4592 constat
1731 4551 1860 4605 gau-

288 4634 441 4687 dium
466 4631 643 4686 cordis
670 4630 949 4695 defecisse,
1000 4638 1053 4683 et
1082 4630 1340 4683 honorem
1391 4639 1536 4679 vera:
1587 4624 1861 4693 religionis

290 4721 510 4790 penitus
534 4719 784 4789 periisse,
812 4719 937 4789 quia
988 4717 1078 4772 ubi
1128 4733 1237 4772 non
1288 4724 1372 4770 est
1409 4715 1590 4769 laetitia
1643 4714 1859 4776 mentis,

291 4814 498 4867 frustra
522 4821 679 4867 sonat
721 4811 949 4866 melodia
978 4810 1255 4863 carminis.
1292 4807 1442 4861 Unde
1490 4804 1752 4874 Propheta
1795 4817 1861 4857 ex

295 4923 527 4981 persona
579 4908 913 4977 captivorum
951 4904 1007 4959 in
1039 4904 1267 4959 Psalmis
1292 4902 1367 4955 ait
1395 4898 1565 4972 (Psal.
1600 4895 1817 4967 cxxxw)
1846 4909 1861 4949 :

303 5021 322 5053 ι
359 4999 534 5067 Super
563 4996 781 5051 flumina
808 4995 1095 5066 Babylonis
1126 4994 1232 5047 illic
1257 4993 1493 5046 sedimus
1520 4998 1573 5043 et
1600 4987 1862 5048 flevimus,

298 5091 428 5143 dum
472 5088 878 5142 recordaremur
908 5085 1008 5149 tui,
1043 5082 1192 5137 Sion.
1221 5082 1276 5133 ln
1326 5079 1582 5134 salicibus
1612 5078 1663 5129 in
1690 5074 1867 5129 medio

297 5177 420 5245 ejus
476 5176 850 5244 suspendimus
886 5187 1088 5244 organa
1146 5178 1409 5230 nostra.»
1443 5164 1730 5237 (Cassiod.)
1777 5162 1872 5216 llis

300 5265 502 5319 doloris
530 5273 886 5334 exaggeratur
919 5264 1205 5326 acerbitas,
1224 5259 1436 5329 quando
1462 5254 1869 5310 delectationem

300 5372 479 5420 suam,
510 5371 613 5426 qua
642 5371 700 5410 se
744 5355 970 5426 populus
1012 5361 1220 5423 poterat
1246 5349 1536 5410 consolari,
1580 5346 1731 5399 velut
1763 5360 1870 5397 non

298 5448 659 5502 necessariam
724 5444 1082 5515 suspendebat
1142 5442 1439 5495 arboribus.
1516 5437 1651 5503 Quid
1728 5435 1872 5488 enim

297 5537 418 5593 illic
451 5546 674 5607 agerent
692 5551 893 5606 organa
928 5536 1124 5599 dulcia,
1155 5534 1243 5587 ubi
1291 5540 1530 5600 tempora
1562 5529 1686 5582 vita:
1719 5541 1872 5579 ama-

301 5627 384 5683 ris
426 5635 581 5680 erant
618 5626 1092 5680 lamentationibus
1149 5622 1448 5692 occupata?
1480 5621 1614 5674 Hinc
1675 5619 1869 5672 beatus

302 5717 409 5781 -ιρΙι
450 5717 526 5771 ait
559 5735 572 5770 :
602 5736 621 5767 ι
657 5718 823 5772 Versa
857 5728 937 5773 εει
991 5717 1043 5770 in
1102 5714 1301 5769 luctum
1346 5712 1572 5783 cythara
1628 5724 1766 5771 mea,
1816 5716 1870 5761 ct

1949 3281 2002 3326 et
2023 3286 2217 3327 sonora
2237 3270 2615 3341 prmdicabam.
2645 3268 2751 3324 Sed
2774 3283 2916 3322 nunc
2938 3268 2990 3322 in
3012 3265 3212 3321 luctum
3238 3264 3447 3319 cithara
3470 3271 3524 3317 et

1950 3376 2209 3432 organum
2237 3375 2449 3415 versum
2471 3367 2577 3423 est,
2605 3359 2730 3429 quia
2759 3359 2881 3413 dum
2906 3373 2992 3412 me
3018 3355 3284 3412 contemni
3312 3355 3526 3424 conspi-

1951 3449 2055 3514 cio,
2088 3463 2181 3503 eos
2204 3449 2295 3518 qui
2324 3448 2722 3518 praedicationis
2756 3455 2971 3501 cantum
3018 3460 3124 3498 non
3161 3443 3385 3497 audiunt
3428 3441 3521 3496 de-

1953 3540 2127 3610 ploro.
2161 3539 2452 3611 (ΜΑυῐιυε.)
2484 3540 2550 3593 Et
2600 3538 2724 3608 quia
2751 3538 3013 3608 pr0phcta
3048 3535 3251 3589 luctum
3281 3532 3380 3588 sibi
3406 3567 3410 3571 -
3432 3531 3522 3588 in-

1956 3629 2149 3693 ditum,
2197 3638 2251 3683 et
2282 3629 2505 3700 gloriam
2559 3628 2856 3696 depositam
2893 3632 3216 3695 conquestus
3261 3630 3365 3687 est,
3398 3637 3527 3676 catt-

1954 3737 2069 3775 sam
2121 3719 2269 3774 addit
2294 3718 2596 3773 alllictionis
2639 3732 2748 3771 suae
2797 3723 2850 3769 et
2893 3714 3136 3769 doloris:
3173 3732 3191 3764 ι
3224 3713 3317 3766 Vm
3347 3710 3527 3774 nobis,

1958 3810 2149 3881 inquit,
2179 3808 2303 3878 quia
2328 3809 2693 3877 peccavimus.
2734 3826 2753 3857 ι
2782 3805 2998 3860 Peccati
3036 3805 3181 3859 enim
3216 3801 3524 3862 commissi,

1958 3908 2012 3953 et
2040 3915 2146 3953 non
2174 3914 2271 3967 per
2291 3899 2609 3967 condignam
2638 3895 3010 3965 paenitentiam
3047 3901 3101 3948 et
3129 3891 3524 3946 correctionem

1959 3988 2083 4041 vitae
2106 3986 2397 4047 emendati.
2431 3985 2622 4039 merita
2648 3984 2882 4038 vindicta
2916 3982 3194 4046 successit,
3229 3980 3353 4050 quia
3387 3978 3530 4048 quod

1959 4079 2120 4134 homo
2136 4076 2446 4147 ptenitendo
2473 4090 2575 4130 non
2599 4074 2839 4145 corrigit,
2864 4073 3055 4128 divina:
3076 4072 3293 4126 ultionis
3316 4078 3527 4125 senten-

1962 4170 2090 4225 tiam
2110 4168 2465 4238 exspectabit,
2488 4173 2781 4221 attestante
2809 4164 2975 4219 Paulo
2997 4164 3085 4234 qui
3110 4163 3185 4216 ait
3215 4180 3227 4216 :
3263 4180 3282 4212 ‹
3320 4161 3525 4216 Existi-

1964 4275 2080 4314 mas
2103 4261 2225 4325 hoc,
2266 4274 2299 4314 ο
2327 4259 2486 4312 homo
2533 4256 2622 4325 qui
2667 4255 2877 4324 judicas
2911 4267 3003 4308 eos
3042 4252 3133 4322 qui
3188 4252 3313 4306 talia
3342 4259 3529 4322 agunt,

1963 4360 2018 4408 et
2047 4349 2176 4406 facis
2197 4366 2282 4417 ea,
2304 4350 2427 4418 quia
2458 4358 2513 4402 tu
2541 4346 2762 4417 effugies
2780 4345 3038 4416 judicium
3057 4344 3186 4399 Del?
3211 4342 3291 4397 An
3319 4342 3534 4397 divitias

1968 4440 2220 4497 bonitatis
2268 4439 2383 4509 ejus
2426 4446 2480 4493 et
2528 4436 2819 4507 patientitc,
2873 4443 2927 4490 et
2961 4432 3383 4504 longanimitatis
3408 4446 3535 4487 con-

1966 4531 2178 4596 temnis,
2215 4529 2466 4599 ignorans
2500 4525 2749 4595 quoniam
2781 4523 3081 4599 benignitas
3128 4522 3217 4576 Dei
3247 4521 3311 4575 ad
3353 4520 3533 4591 paeni-

1966 4623 2184 4677 tentiam
2215 4598 2266 4675 te
2306 4616 2555 4673 adducit?
2584 4598 2885 4670 Secundum
2908 4611 3156 4667 duritiam
3180 4619 3358 4665 autem
3384 4619 3535 4664 tuam

1964 4722 2019 4766 et
2048 4709 2386 4779 itnptnnitens
2415 4722 2511 4762 cor
2543 4704 2875 4760 thesaurizas
2904 4702 2999 4756 tibi
3035 4703 3170 4755 iram
3202 4703 3256 4755 in
3304 4699 3396 4755 die
3441 4701 3535 4755 ira:

1966 4808 2019 4853 et
2042 4797 2384 4853 revelationis
2404 4796 2590 4867 judicii
2614 4793 2743 4862 justi
2775 4794 2891 4856 Dei,
2922 4794 3010 4861 qui
3045 4793 3220 4848 reddit
3246 4792 3536 4859 unicuique

1968 4889 2261 4943 secundum
2291 4902 2449 4956 opera
2478 4886 2596 4955 ejus
2623 4883 2802 4954 (Rom.
2836 4882 2919 4953 ιι).
2953 4900 2972 4933 ι

2044 4999 2062 5031 ‹
2102 4980 2386 5048 Pmpterea
2436 4985 2687 5031 moestum
2736 4974 2935 5028 factunt
2990 4982 3073 5027 est
3117 4973 3168 5025 in
3218 4970 3401 5023 dolore
3440 4982 3538 5022 cor

1974 5089 1993 5121 ς
2037 5077 2299 5132 nostrum,
2337 5068 2454 5120 ideo
2508 5063 2873 5119 contenebrati
2914 5068 3040 5115 sunt
3083 5059 3222 5114 oeuli
3275 5056 3463 5111 nostri.
3509 5074 3533 5106 ι

1968 5162 2135 5216 Recte
2162 5175 2292 5229 ergo
2340 5165 2556 5227 propter
2599 5162 2874 5224 peccatum
2914 5159 3165 5205 mtestum
3202 5163 3302 5204 cor
3329 5147 3530 5201 factum

1969 5269 2089 5310 esse
2131 5254 2343 5313 dicitur,
2396 5252 2519 5319 quia
2555 5250 2644 5302 ubi
2692 5246 2948 5315 iniquitas
2989 5242 3286 5313 premendo
3340 5240 3541 5295 insidet

1973 5343 2140 5407 cordi,
2173 5358 2277 5396 non
2304 5350 2387 5395 est
2411 5340 2479 5393 ibi
2526 5338 2785 5393 habitatio
2816 5337 3048 5405 Spiritus
3075 5333 3268 5397 sancti,
3301 5333 3397 5388 sed
3423 5331 3537 5385 ani—

1976 5450 2094 5489 mus
2135 5441 2281 5485 totus
2322 5430 2549 5499 caligine
2593 5429 2914 5481 obscuratur
2941 5424 3169 5494 peccati,
3217 5437 3339 5477 cum
3386 5421 3439 5473 in
3474 5433 3541 5473 eo

1973 5525 2288 5594 dedignatur
2311 5520 2646 5590 splendorem
2671 5533 2824 5572 suum
2847 5514 3129 5568 infundere
3150 5511 3321 5582 gratia
3342 5508 3547 5565 summi

1970 5614 2237 5685 paracliti.
2274 5630 2291 5662 ι
2323 5610 2557 5680 Spiritus
2591 5608 2733 5662 enim
2763 5613 2980 5660 sanctus
3005 5602 3302 5671 disciplina
3322 5599 3542 5669 effugiet

1973 5707 2175 5770 fictum,
2208 5712 2262 5757 et
2301 5701 2352 5755 in
2393 5698 2702 5754 malevolam
2735 5697 2965 5769 animam
3007 5708 3113 5748 non
3167 5690 3406 5747 introibit
3452 5705 3548 5743 sa-
