3998 6202
484 297 626 354 ηδτ

1114 295 1174 348 Β.
1214 294 1462 348 RABANI
1503 294 1719 351 MAURI
1757 292 2073 349 ARClllEP.
2117 292 2420 349 MOGUNT.
2462 293 2741 348 OPERUM
2774 293 2956 353 PARS
2994 294 3081 350 lll.

3588 297 3721 353 1:263

477 412 699 483 pientia.
732 429 750 463 ι
779 408 912 464 Nam
937 408 1098 465 aliam
1119 410 1292 465 adhuc
1319 407 1688 479 subiungendo
1705 408 1892 479 pandit
1913 422 2045 463 mm—
2074 409 2123 469 Α
2152 407 2319 461 Ellam
2377 410 2693 478 prophetam
2719 449 2736 473 ,
2782 417 3072 479 antequam
3118 412 3298 467 veniat
3336 411 3459 467 dies
3511 412 3725 467 Domini

482 501 622 555 roris
649 514 869 554 causam
895 516 908 552 :

553 611 572 642 ι
614 591 837 660 PrOpter
888 598 1122 644 montem
1175 586 1327 653 Sion,
1382 589 1507 659 quia
1536 587 1806 657 disperiit,
1860 586 2048 656 vulpes

484 697 503 728 ί
538 677 946 732 ambulaverunt
969 677 1021 731 in
1060 691 1145 730 eo.
1187 696 1203 727 ›
1234 675 1395 730 Juxta
1427 675 1710 730 historiam
1736 690 1864 747 ergo
1889 676 2047 746 digna

478 767 589 822 fuit
614 768 810 823 doloris
857 767 1133 832 mwstitia,
1164 766 1304 836 quod
1331 767 1385 821 in
1415 765 1531 820 loco
1561 765 1651 819 ubi
1684 766 2046 819 sanctuarium

478 860 827 915 constitutum
864 865 1000 921 erat,
1033 864 1086 911 et
1130 857 1339 911 cultura
1387 856 1481 910 Dei
1529 855 1906 920 celeberrima,
1957 856 2048 910 be-

479 949 705 1004 stiarum
732 947 803 1002 ibi
856 946 1079 1008 fuerunt
1108 946 1347 1001 latibula.
1398 946 1702 1000 Secundum
1734 945 2046 1017 allegoriam

478 1049 655 1093 autem
702 1054 805 1092 non
852 1038 1048 1103 minus,
1087 1038 1198 1093 imo
1233 1039 1405 1110 magis
1447 1038 1735 1115 dolendum
1761 1047 1864 1104 est,
1905 1039 2048 1108 quod

480 1130 534 1183 in
571 1129 750 1183 anima
781 1128 1107 1192 Christiana,
1148 1129 1237 1181 ubi
1283 1129 1661 1198 contemplatio
1702 1128 1804 1183 fuit
1848 1129 2046 1195 divina,

478 1220 680 1274 erroris
732 1228 919 1291 regnet
962 1219 1286 1288 insipientia.
1329 1218 1527 1288 Vulpes
1576 1220 1719 1276 enim
1761 1236 1867 1275 non
1915 1221 2051 1276 alios

479 1327 642 1382 quam
689 1311 969 1365 haereticos
1009 1319 1230 1381 prepter
1276 1311 1454 1366 dolum
1494 1320 1547 1367 et
1578 1312 1923 1367 calliditatem
1967 1314 2050 1367 in-

479 1401 716 1472 telligere
745 1401 1019 1465 debemus,
1049 1400 1139 1470 qui
1168 1395 1473 1471 ubicunque
1520 1417 1643 1457 cum
1673 1403 1922 1473 dogmate
1950 1419 2049 1460 suo

481 1492 839 1557 intraverunt,
881 1499 1049 1547 totum
1075 1493 1312 1547 animum
1345 1493 1580 1556 turbant,
1618 1500 1671 1547 et
1698 1494 1937 1551 tenebris
1964 1510 2050 1550 er-

477 1580 617 1635 roris
645 1580 940 1635 obcaecant.

553 1690 571 1718 ι
606 1669 683 1724 Tn
714 1678 914 1736 autem,
948 1669 1195 1736 Domine,
1228 1671 1281 1724 in
1306 1679 1564 1726 mternum
1590 1673 1947 1741 permanebis.
1996 1682 2053 1728 et

2045 516 2057 526 -
2148 511 2375 567 magnus
2412 507 2467 552 et
2504 497 2797 562 horribilis,
2847 508 2902 554 et
2947 508 3226 554 convertet
3274 515 3376 554 eor
3414 511 3634 570 patrum
3659 503 3726 555 ad

2149 588 2308 654 ﬁlios,
2369 598 2425 644 et
2468 605 2566 643 cor
2607 589 2840 644 ﬁliorum
2872 590 2939 643 ad
2969 600 3152 659 patres
3202 601 3416 655 eormn,
3468 607 3537 644 ne
3588 590 3733 647 forte

2148 680 2359 734 veniam
2389 688 2444 734 et
2493 682 2790 750 percutiam
2829 688 3029 736 terram
3073 684 3419 738 anathemate
3464 682 3728 754 (Malam.

2147 767 2243 835 tv).
2277 788 2295 819 ›
2326 767 2495 838 igitur
2517 778 2803 838 antequam
2830 772 3010 824 veniat
3046 772 3164 826 dies
3208 771 3420 840 iudicii,
3461 784 3517 826 et
3541 789 3730 841 percu-

2147 858 2243 911 tiat
2268 867 2462 912 terram
2503 859 2863 925 anathemate,
2906 859 3020 914 sive
3046 861 3267 915 omnino
3307 860 3390 915 vel
3430 862 3638 923 subito,
3667 873 3726 915 ut

2149 944 2498 1015 Septuaginta
2521 947 2932 1011 transtulerunt,
2962 947 3063 1003 hoc
3085 948 3226 1002 enim
3251 947 3523 1018 signiﬁcat
3537 948 3722 1023 ἄρδω.

2149 1035 2324 1090 mittet
2376 1037 2635 1092 Dominus
2701 1038 2869 1095 Eliam
2895 1078 2914 1104 ,
2977 1039 3068 1109 qui
3130 1039 3521 1108 interpretatur
3588 1040 3731 1095 Deus

2148 1142 2318 1191 meus,
2343 1137 2398 1181 et
2417 1137 2501 1182 est
2531 1129 2595 1183 de
2625 1130 2817 1199 oppido
2845 1130 3067 1194 Thesbi,
3116 1131 3260 1199 quod
3311 1132 3728 1186 conversionem

2145 1225 2202 1271 et
2226 1218 2596 1288 paenitentiam
2623 1227 2799 1283 sonat,
2816 1234 3032 1274 omnem
3059 1223 3444 1289 prophetarum
3470 1221 3723 1281 chorum,

2147 1307 2240 1377 qui
2279 1317 2561 1364 convertat
2585 1323 2683 1365 cor
2706 1318 2917 1379 patrum
2942 1309 3008 1365 ad
3050 1310 3208 1376 ﬁlios,
3248 1310 3526 1365 Abraham
3578 1312 3728 1367 vide-

2146 1397 2294 1465 licet,
2316 1398 2489 1467 lsaac,
2534 1410 2591 1455 et
2628 1399 2799 1456 Jacob
2823 1410 2879 1456 et
2901 1401 3143 1456 omnium
3180 1402 3642 1472 patriarcharum,
3670 1415 3729 1458 ut

2147 1490 2369 1544 credant
2395 1490 2595 1560 posteri
2620 1505 2806 1546 eorum
2858 1491 2911 1546 in
2934 1492 3218 1546 Dominum
3265 1491 3623 1557 salvatorem,
3666 1496 3720 1546 in

2147 1591 2305 1647 quem
2332 1587 2383 1631 et
2409 1577 2484 1631 illi
2514 1577 2878 1634 crediderunt.
2908 1579 3176 1635 Abraham
3210 1580 3359 1634 enim
3413 1580 3555 1634 vidit
3580 1580 3722 1634 diem

2148 1671 2358 1724 Domini
2385 1680 2439 1725 et
2468 1670 2678 1724 lzntatus
2710 1680 2794 1724 est
2821 1670 3038 1741 (Joann.
3068 1670 3208 1741 vin).
3242 1671 3373 1725 Sive
3421 1685 3520 1725 eor
3548 1671 3717 1740 patris

484 1779 502 1810 ι
539 1758 726 1813 solium
758 1768 905 1814 tuum
932 1760 987 1815 in
1011 1761 1357 1831 generatione
1378 1770 1429 1816 et
1459 1764 1830 1832 generatione.
1860 1764 2040 1831 Quare
2075 1747 2116 1803 Β
2145 1757 2389 1812 atlﬁlium
2410 1799 2425 1824 ,
2455 1759 2507 1814 id
2534 1767 2647 1824 est,
2673 1774 2767 1814 cor
2798 1759 2889 1813 Dei
2905 1759 2970 1812 ad
2985 1774 3199 1815 omnem
3225 1759 3319 1829 qui
3346 1759 3605 1828 spiritum
3631 1760 3723 1812 ad-

484 1868 505 1902 c
548 1865 676 1919 ergo
704 1849 757 1903 in
798 1858 1115 1920 perpetuum
1141 1850 1475 1906 Oblivisceris
1501 1853 1691 1918 nostri,
1736 1861 1791 1906 et
1811 1852 2047 1908 derelin-

485 1960 504 1993 ι
544 1957 678 2011 ques
724 1957 822 1996 nos
862 1941 914 1995 in
973 1940 1304 2011 longitudine
1356 1942 1606 1996 dierum?
1642 1962 1661 1993 ι
1720 1943 2046 1999 Enumerata

481 2030 820 2090 multitudine
866 2029 1269 2085 tribulationum
1292 2071 1306 2096 ,
1335 2046 1472 2101 quas
1515 2046 1674 2102 supra
1712 2032 1894 2088 retulit
1918 2049 2047 2104 pro-

478 2122 661 2196 pheta,
717 2128 974 2175 mtcrnam
1021 2120 1235 2175 Domini
1277 2123 1572 2191 potentiam
1619 2132 1674 2179 et
1711 2125 2047 2197 maiestatem

481 2207 596 2265 solii
635 2208 751 2279 ejus
798 2210 978 2264 verbis
1028 2209 1355 2280 supplicibus
1403 2215 1875 2270 commemorando
1911 2232 2049 2286 pran-

479 2298 642 2366 dieat,
682 2308 944 2370 quatenus
985 2313 1110 2353 eum
1156 2300 1344 2356 humili
1390 2303 1649 2372 petitione
1682 2301 1757 2359 'ad
1789 2306 2049 2361 miseran-

481 2389 605 2445 dum
632 2399 908 2461 provocet,
938 2398 995 2446 ct
1022 2391 1089 2447 ad
1115 2390 1492 2449 celeraticnem
1528 2397 1812 2466 opportuni
1840 2397 2046 2461 auxilii,

480 2497 547 2539 ne
577 2479 666 2534 diu
702 2480 804 2534 sub
836 2479 1070 2552 hostium
1101 2480 1464 2539 dominatione
1502 2484 1799 2551 constituti,
1835 2487 2049 2555 penitus

478 2568 853 2640 desperatione
900 2567 1176 2623 deﬁciant.
1211 2567 1364 2636 Quod
1386 2579 1565 2626 autem
1605 2573 1735 2628 dicit
1765 2592 1778 2627 :
1818 2594 1836 2626 ο
1871 2574 2050 2641 Quare

484 2664 537 2721 in
593 2669 911 2733 perpetuum
957 2660 1295 2719 Oblivisceris
1339 2664 1533 2728 nostri,
1574 2685 1595 2718 ι
1624 2681 1773 2721 more
1812 2667 2051 2721 humano

482 2756 742 2825 loquitur,
768 2750 910 2822 quod
939 2750 1091 2820 quasi
1120 2750 1317 2806 oblitos
1346 2756 1566 2812 omnino
1596 2770 1852 2826 spernere
1872 2756 2048 2810 videa-

483 2856 586 2915 tur,
624 2851 717 2921 qui
744 2852 823 2909 eis
857 2853 967 2909 cito
995 2868 1102 2908 non
1147 2852 1515 2917 auxiliabitur,
1566 2863 1688 2903 cum
1732 2847 1859 2902 alibi
1888 2846 1955 2901 de
1981 2861 2050 2901 co

480 2941 738 3012 scriptum
773 2952 859 3000 est
891 2962 903 2999 :
944 2964 962 2997 α
997 2943 1112 2998 Non
1140 2944 1194 2998 in
1226 2943 1387 2999 ﬁnem
1436 2941 1725 3003 irascetur,
1762 2951 1939 3006 neque
1992 2937 2047 2992 in

477 3042 738 3091 mtcrnum
764 3036 1184 3091 comminuhitur
1211 3032 1385 3107 (Psal.
1407 3031 1523 3103 cn).
1556 3050 1574 3082 ›
1604 3029 1813 3083 Etitcm
1839 3045 1852 3082 τ
1883 3046 1902 3079 t
1930 3026 2047 3082 Non

478 3125 700 3195 repellet
752 3126 1014 3181 Dominus
1073 3096 1281 3194 plebem
1340 3096 1516 3187 suam,
1566 3128 1621 3175 et
1675 3117 2042 3174 [nereditatem
2075 3096 2117 3158 (ἶ

478 3230 634 3270 suam
663 3230 767 3269 non
796 3215 1132 3284 derclinquet
1159 3213 1326 3285 (Paul.
1353 3213 1515 3278 χειν).
1558 3231 1575 3263 ι
1603 3210 1719 3265 Non
1767 3209 1909 3263 cuitu
1954 3206 2044 3261 Ju-

483 3302 692 3356 daicam
738 3301 949 3372 plebem
978 3302 1237 3357 Dominus
1290 3303 1365 3356 ita
1427 3299 1638 3369 repulit,
1683 3306 1740 3353 ut
1767 3297 1902 3351 ultra
1928 3294 2047 3363 ejus

481 3389 729 3444 misereri
776 3388 968 3456 nollet,
1012 3388 1106 3444 sed
1144 3409 1161 3439 ι
1202 3389 1417 3446 caecitas
1454 3404 1521 3442 ex
1550 3395 1705 3457 parte
1739 3385 1962 3454 contigit
1991 3387 2046 3440 in

476 3476 645 3533 Israel
663 3477 831 3532 donec
853 3475 1124 3545 plenitudo
1145 3477 1380 3547 gentium
1406 3475 1754 3539 subintrarct,
1771 3482 1825 3529 et
1839 3474 1917 3530 sic
1936 3489 2047 3530 om-

483 3567 567 3620 nis
591 3566 753 3620 lsrael
776 3566 953 3621 salvus
975 3565 1148 3621 ﬁeret.
1181 3586 1199 3618 ι
1221 3564 1371 3622 Nunc
1404 3580 1614 3635 quoque
1641 3564 1879 3634 quotidie
1909 3564 2047 3619 sicut

479 3656 680 3713 dudum
715 3655 940 3722 fectn'at,
988 3656 1200 3726 aliquos
1240 3657 1307 3711 ad
1353 3656 1512 3710 [idem
1549 3654 1748 3710 Christi
1789 3662 1844 3707 et
1870 3653 2045 3708 cccle-

479 3749 746 3806 siasticam
786 3748 1045 3804 unitatem
1085 3748 1375 3812 convertit,
1417 3755 1477 3800 tit
1501 3745 1695 3801 electio
1741 3745 1885 3802 salva
1931 3744 2042 3798 ﬁat.

480 3840 612 3897 Nam
637 3856 702 3896 ex
730 3841 842 3912 ipsa
874 3842 1026 3913 plebe
1074 3856 1233 3915 quam
1271 3841 1373 3897 sibi
1416 3841 1673 3897 Dominus
1702 3842 1754 3896 in
1802 3840 2045 3912 patribus

479 3931 824 4002 cognoscitur
879 3931 1105 4002 elegisse
1130 3973 1146 3997 ,
1185 3933 1508 3987 exstiterunt
1557 3931 1831 4003 prophetze
1859 3972 1875 3997 ,
1922 3931 2046 3986 inde

480 4032 682 4079 suntet
715 4023 939 4094 apostoli
965 4032 1021 4078 et
1046 4023 1196 4077 multi
1225 4023 1431 4089 ﬁdeles,
1456 4023 1549 4094 qui
1583 4022 1811 4077 Domino
1836 4023 2045 4077 sincera

480 4121 660 4169 tuente
690 4113 1057 4177 crediderunt,
1107 4112 1244 4167 sicut
1276 4113 1463 4168 doctor
1507 4112 1743 4182 gentium
1791 4118 2044 4174 testatur,

479 4205 711 4261 dicens:
748 4223 767 4255 ι
803 4202 941 4270 Quid
983 4204 1229 4265 dicimus,
1272 4202 1499 4259 fratres?
1552 4201 1801 4272 Nunquid
1852 4199 2043 4270 repulit

480 4295 739 4355 Dominus
781 4296 988 4366 plebem
1040 4311 1191 4351 suam
1222 4336 1236 4362 ,
1282 4312 1441 4367 quam
1490 4294 1794 4366 praascivit?
1842 4294 2040 4349 Absit:

480 4401 605 4441 nam
653 4394 708 4443 et
755 4401 854 4457 ego
906 4385 1146 4441 Israelita
1191 4402 1309 4441 sum
1365 4401 1429 4441 ex
1480 4386 1683 4441 semine
1734 4383 2038 4447 Abraham,

481 4476 547 4529 de
589 4475 728 4530 tribu
760 4474 1059 4544 Beniamin,
1094 4484 1197 4531 etc.
1237 4494 1255 4527 ι
1293 4473 1465 4546 (Rom.
1497 4472 1595 4545 χι.)
1633 4472 1740 4527 Sed
1769 4473 1908 4527 unde
1929 4473 2045 4543 eius

481 4576 611 4620 vera
636 4564 787 4620 salus
808 4565 1092 4634 provenire
1112 4563 1300 4634 possit,
1328 4562 1694 4635 subiungendo
1714 4560 2039 4616 manifestat.

556 4693 576 4725 ι
618 4672 885 4729 Converte
907 4688 1026 4737 nos,
1056 4672 1300 4737 Domine,
1341 4673 1410 4727 ad
1451 4681 1522 4737 te,
1561 4680 1616 4725 et
1645 4679 2041 4734 convertentur,

487 4782 509 4813 ι
545 4763 736 4818 innova
789 4761 904 4817 dies
951 4772 1166 4816 nostros
1212 4761 1350 4816 sicut
1396 4776 1426 4814 a
1466 4759 1750 4829 principio.
1802 4777 1821 4809 ι
1871 4758 2041 4825 Quem

480 4852 627 4907 enim
652 4848 910 4906 Dominus
936 4849 1278 4915 converterit,
1302 4848 1389 4903 ille
1418 4848 1682 4903 veraciter
1706 4847 1884 4901 salvus
1915 4848 2040 4911 erit,

483 4957 644 5013 quem
670 4947 849 4997 autem
873 4938 962 4995 ille
996 4937 1320 5007 despexerit,
1347 4952 1507 4999 nemo
1527 4937 1797 5011 corrigere
1823 4936 2040 5004 poterit.

485 5034 637 5101 Quod
661 5042 841 5093 autem
868 5033 1037 5089 dicit:
1070 5031 1262 5086 innova
1306 5030 1421 5087 dies
1450 5037 1663 5086 nostros
1683 5029 1823 5084 sicut
1842 5045 1872 5083 a
1893 5029 2043 5099 priu-

484 5122 645 5191 cipio,
684 5123 788 5179 hoc
822 5122 1094 5193 postulare
1146 5121 1358 5177 videtur
1388 5160 1402 5184 ,
1441 5126 1497 5173 ut
1553 5118 1691 5174 sicut
1717 5134 1747 5171 a
1784 5118 2046 5188 principio

486 5212 690 5280 primos
716 5213 1054 5284 patriarchas
1074 5226 1282 5275 eorum,
1298 5208 1569 5264 Abraham
1588 5208 1852 5273 videlicet,
1876 5207 2043 5270 lsaac,

488 5311 544 5355 et
567 5298 755 5366 Jacob,
786 5303 945 5372 plena
979 5302 1083 5358 ﬁde
1121 5314 1175 5358 et
1194 5304 1481 5360 dilectione
1507 5303 1607 5359 sibi
1663 5302 1790 5358 fecit
1812 5316 1932 5357 esse
1951 5302 2045 5354 de-

484 5398 660 5455 votos,
713 5392 786 5445 ita
825 5400 880 5447 et
923 5393 1067 5461 ipsos
1098 5393 1287 5448 eodem
1333 5409 1557 5449 munere
1613 5393 1713 5447 sibi
1753 5391 1937 5446 ﬁdeles
1981 5406 2045 5446 ac

486 5478 708 5532 devotos
734 5478 913 5536 facere
938 5481 1200 5549 dignetur.
1234 5481 1384 5548 Quod
1426 5484 1477 5537 in
1521 5484 1749 5537 adventu
1784 5480 1910 5536 Elite
1951 5496 2047 5549 per

495 5563 808 5621 Malachiam
860 5571 1173 5637 prophetam
1196 5572 1302 5626 illis
1322 5573 1641 5640 promissum
1663 5587 1783 5627 esse
1808 5570 2048 5638 plerique

496 5655 847 5723 arbitrantur,
890 5660 983 5720 ubi
1017 5661 1251 5725 dicitur;
1284 5685 1301 5716 ι
1339 5665 1475 5721 Ecce
1515 5681 1613 5739 ego
1639 5667 1845 5727 mittam
1896 5663 2049 5717 vobis

2145 1849 2378 1918 optionis
2402 1850 2689 1919 acceperit,
2711 1859 2764 1903 et
2787 1865 2883 1904 cor
2902 1849 3133 1904 ﬁliorum
3143 1849 3210 1903 ad
3227 1857 3413 1919 patres
3430 1864 3650 1913 eorum,
3664 1860 3727 1903 ut

2146 1940 2381 1996 etJudmi
2410 1950 2466 1996 ct
2485 1941 2800 2005 Christiani,
2823 1942 2915 2011 qui
2948 1956 3090 1995 nunc
3116 1942 3256 1995 inter
3288 1956 3348 1997 se
3372 1941 3707 2010 discrepant.

2145 2031 2261 2101 pari
2287 2030 2339 2085 in
2359 2030 2633 2086 Christum
2663 2032 2919 2103 religione
2939 2031 3304 2087 consentiant.
3339 2030 3495 2086 Unde
3514 2032 3716 2086 dicitur

2146 2126 2213 2179 ad
2256 2125 2549 2194 apostolos,
2577 2126 2669 2194 qui
2719 2125 3067 2181 seminarium
3097 2125 3152 2179 in
3205 2131 3323 2178 toto
3370 2124 3507 2178 orbe
3545 2125 3725 2179 Evan-

2146 2214 2267 2285 gelii
2292 2214 2645 2283 prodiderunt
2673 2232 2685 2267 :
2712 2234 2731 2265 ε
2768 2214 2873 2268 Pro
2910 2214 3155 2284 patribus
3190 2213 3299 2267 tuis
3326 2214 3444 2269 uati
3472 2222 3604 2269 sunt
3626 2214 3723 2268 tibi

2147 2305 2240 2359 ﬁlii
2271 2304 2442 2376 (Psai.
2468 2306 2636 2375 xuv).
2670 2325 2687 2357 ι
2724 2305 2779 2360 Si
2816 2306 2959 2360 enim
2984 2304 3131 2359 Elias
3152 2319 3259 2358 nou
3289 2318 3387 2358 cor
3410 2316 3632 2373 patrum
3656 2306 3723 2359 ad

2147 2396 2282 2450 ﬁlios
2305 2406 2429 2451 ante
2442 2396 2831 2452 converteritet
2856 2411 2950 2451 cor
2967 2395 3196 2450 ﬁliorum
3210 2395 3275 2450 ad
3295 2404 3486 2465 patres
3508 2412 3721 2461 eorum,

2145 2501 2264 2539 cum
2305 2486 2511 2541 venerit
2538 2486 2655 2541 dies
2686 2486 2895 2557 Domini
2925 2499 3150 2555 magnus
3172 2494 3229 2540 et
3272 2485 3581 2549 horribilis,
3608 2502 3723 2540 ma-

2140 2588 2278 2641 gnus
2293 2576 2810 2643 sanetis,borribilis
2832 2577 3226 2647 peccatoribus,
3262 2578 3535 2646 percutiet
3561 2592 3727 2631 verus

2146 2679 2200 2724 et
2213 2670 2393 2740 iustus
2412 2669 2600 2738 iudex,
2642 2686 2750 2725 non
2779 2670 2997 2735 coelum,
3026 2684 3132 2724 non
3160 2684 3273 2734 eos,
3312 2670 3409 2739 qui
3435 2679 3729 2725 versantur

2151 2762 2204 2816 in
2227 2761 2386 2827 etelo,
2422 2762 2514 2818 sed
2547 2771 2749 2817 terram
2799 2763 3164 2826 anathemate,
3187 2761 3278 2831 qui
3310 2761 3530 2816 faciunt
3552 2778 3722 2832 opera

2150 2862 2381 2907 terrena.
2397 2851 2569 2907 Judaei
2582 2863 2637 2907 et
2652 2853 2995 2924 iudaizantes
3016 2853 3255 2909 heretici
3276 2862 3403 2909 ante
3423 2855 3725 2927 ἢλιιμμὶηι

2148 2959 2303 2998 suum
2344 2944 2514 2998 Ellam
2544 2953 2739 3013 putant
2765 2959 2888 3000 esse
2917 2954 3223 3009 venturum,
3249 2954 3305 2999 et
3333 2947 3725 3000 restituturum

2148 3034 2348 3088 omnia.
2394 3033 2546 3090 Unde
2597 3043 2651 3089 et
2703 3034 2918 3091 Christo
2954 3036 3009 3091 in
3056 3035 3348 3106 Evangelio
3398 3039 3730 3106 proponitur

2147 3126 2374 3195 quazstio
2405 3143 2417 3179 :
2456 3145 2475 3176 ι
2523 3125 2660 3193 Quid
2692 3134 2797 3191 est,
2839 3127 3105 3196 inquiunt,
3143 3126 3287 3195 quod
3336 3125 3605 3182 Phari
3646 3129 3731 3182 ὀί.

2147 3227 2274 3273 cunt
2299 3218 2438 3288 quod
2467 3217 2611 3272 Elias
2635 3226 2889 3273 venturus
2929 3218 3049 3274 est?
3084 3238 3102 3271 ι
3137 3217 3342 3285 Quibus
3371 3218 3466 3274 ille
3490 3234 3728 3290 respon-

2147 3310 2263 3365 dit:
2296 3326 2315 3360 σ
2350 3309 2494 3363 Elias
2529 3309 2746 3377 quidem
2797 3324 2957 3379 quem
2996 3319 3283 3365 venturum
3329 3310 3579 3376 creditis,
3611 3313 3731 3384 iatn

2145 3399 2313 3462 venit,
2352 3417 2371 3452 ι
2398 3398 2454 3452 in
2480 3398 2595 3452 Elia
2621 3397 2879 3455 Joannem
2905 3399 3225 3471 intelligens.

2222 3508 2239 3539 ι
2270 3487 2376 3543 Sed
2421 3488 2710 3557 proiiciens
2759 3489 3003 3559 repulisti
3053 3505 3170 3555 nos,
3199 3491 3374 3546 iratus
3420 3506 3487 3548 es
3525 3502 3728 3549 contra

2152 3597 2173 3632 ι
2200 3595 2298 3635 nos
2325 3581 2691 3635 vehementer.
2722 3600 2740 3630 ι
2772 3580 2887 3636 Non
2907 3582 3049 3636 enim
3075 3581 3187 3637 haec
3198 3583 3356 3652 quasi
3378 3584 3729 3653 desperando

2146 3671 2213 3726 de
2255 3669 2426 3726 salute
2471 3670 2649 3740 populi
2703 3670 2788 3724 sui
2836 3669 3044 3726 locutus
3080 3680 3184 3735 est,
3223 3671 3317 3726 sed
3364 3680 3425 3727 ut
3476 3674 3728 3728 dolorem

2147 3776 2301 3820 suum
2337 3760 2562 3817 nimium
2604 3762 2672 3818 de
2700 3762 3042 3818 contritione
3067 3771 3121 3817 et
3161 3763 3467 3832 abiectione
3509 3764 3724 3819 diutina

2145 3853 2322 3925 gentis
2373 3868 2485 3908 suae
2549 3852 2938 3907 manifestaret.
2999 3853 3142 3908 Vidit
3197 3854 3341 3909 enim
3398 3857 3729 3926 prophetico

2143 3944 2359 4013 spiritu,
2386 3944 2529 4013 quod
2555 3943 2656 4014 ipsi
2683 3942 2851 3998 Judaei
2896 3944 2948 3997 in
2977 3943 3205 3999 adventu
3245 3944 3447 4000 Christi
3484 3961 3593 3999 non
3634 3962 3728 4000 es-

2144 4045 2263 4091 sent
2286 4036 2561 4100 credituri,
2596 4037 2689 4092 sed
2739 4036 3025 4108 Evangelio
3067 4036 3181 4105 eius
3208 4038 3627 4104 contradictori,
3671 4052 3725 4095 et

2145 4126 2317 4195 ipsum
2360 4126 2626 4181 lueredem
2662 4126 2822 4181 morti
2858 4126 3125 4191 tradituri,
3171 4127 3310 4181 sicut
3344 4128 3398 4180 in
3433 4127 3725 4198 plerisque

2142 4219 2274 4274 locis
2314 4218 2471 4274 istius
2506 4217 2631 4272 libri
2672 4227 2795 4273 ante
2834 4217 3145 4273 declaravit.
3175 4217 3441 4273 Caeterum
3491 4220 3559 4272 de
3587 4235 3725 4274 eon-

2143 4308 2388 4362 versione
2426 4307 2543 4377 eius
2566 4307 2749 4362 ultima
2784 4307 2931 4364 nullo
2962 4309 3121 4364 modo
3148 4308 3430 4370 dubitavit,
3463 4312 3562 4366 sed
3600 4312 3722 4381 ple-

2146 4398 2369 4454 nissime
2398 4398 2645 4464 credidit,
2693 4400 2835 4468 quod
2884 4399 2937 4453 in
2967 4399 3173 4454 semine
3212 4400 3447 4455 Abrahae
3495 4402 3725 4462 benedi-

2147 4496 2399 4543 cerentur
2441 4502 2630 4542 omnes
2675 4488 3021 4558 cognationes
3046 4497 3226 4551 terra),
3260 4488 3313 4543 iu
3359 4505 3466 4556 qua
3498 4491 3723 4544 univer-

2147 4578 2305 4634 sitate
2332 4578 2584 4633 nimirum
2612 4586 2669 4632 et
2708 4577 2994 4647 ipsiJudzni
3022 4579 3571 4648 comprehendunmr.
3610 4580 3722 4633 Sed

2146 4668 2398 4738 quoniam
2425 4662 2547 4722 ﬁnis
2580 4668 2700 4725 libri
2728 4669 2847 4738 eius
2867 4669 2919 4722 in
2945 4667 3446 4725 Lamentationilms
3478 4670 3721 4738 promte-

2147 4759 2267 4814 ticis
2315 4767 2748 4822 consummatur,
2799 4758 2969 4812 nostri
3026 4772 3241 4827 quoque
3292 4757 3539 4825 opusculi
3588 4757 3723 4811 libet

2146 4848 2305 4904 ﬁnem
2328 4847 2676 4918 querimoniis
2704 4855 2756 4901 et
2806 4846 3019 4905 ﬂetibus
3054 4846 3369 4910 terminare,
3396 4862 3561 4914 quem
3591 4862 3724 4915 pro-

2145 4938 2263 5007 pria
2302 4937 2559 5001 miseria,
2612 4944 2667 4991 et
2718 4936 2823 4990 mei
2875 4936 3128 4991 similium
3182 4943 3386 4989 terrent
3431 4933 3720 4999 facinora,

2148 5029 2445 5099 futurazque
2491 5042 2668 5099 patum
2734 5028 3013 5082 horrorem
3093 5027 3359 5081 incutiunt
3415 5026 3719 5095 supplicia,

2148 5119 2235 5175 eui
2285 5119 2396 5189 iam
2450 5116 2917 5188 mundiidefectus
2950 5115 3341 5186 gravitudinem
3394 5115 3613 5185 ingerit,
3664 5127 3720 5170 et

2149 5217 2326 5264 metus
2370 5206 2534 5262 futuri
2592 5207 2858 5262 examinis
2918 5205 3277 5276 lacrymarum
3337 5204 3562 5260 ﬁumina
3620 5220 3720 5274 per

2148 5299 2418 5354 maxillam
2444 5298 2711 5368 producit,
2736 5305 2794 5351 ut
2816 5296 3123 5365 deprecatio
3153 5305 3350 5351 nostras
3381 5296 3715 5351 huilitatis

2148 5390 2216 5445 ad
2293 5388 2675 5457 indulgentiam
2751 5395 3005 5457 provocet
3069 5386 3413 5441 clementiam
3490 5384 3711 5453 summi

2140 5478 2356 5547 iudicis.
2412 5477 2590 5532 Metuo
2636 5477 2781 5532 enim
2809 5477 2949 5531 diem
2988 5476 3199 5547 iudicii,
3251 5485 3432 5531 metuo
3462 5476 3713 5530 tenella-aq

2152 5586 2268 5625 rum
2298 5570 2457 5631 diem.
2492 5569 2632 5624 diem
2661 5570 2828 5637 tubae,
2852 5568 2993 5622 diem
3026 5582 3270 5622 amarum
3291 5608 3305 5631 ,
3339 5568 3480 5621 diem
3517 5566 3710 5620 (lunam

2152 5670 2204 5717 et
2254 5662 2482 5723 tristem.
2529 5659 2807 5737 Perpendo
2844 5659 3060 5737 quidem
3110 5659 3306 5715 malum
3338 5658 3476 5729 quod
3515 5656 3709 5728 tolero.
