3998 6202
292 312 433 371 {269

1172 299 1535 360 EXPOSITIO
1574 291 1800 356 SUPER
1837 294 2202 353 JEREMIAM.
2243 325 2313 337 -η
2346 294 2472 350 LIB.
2515 291 2635 348 XX.

3409 283 3545 338 H70

292 415 391 484 sed
437 422 667 493 amplius
710 420 854 490 quod
912 423 1080 473 restat
1102 415 1351 474 formido.
1383 414 1513 482 Qua:
1542 413 1596 467 in
1627 412 1729 467 hac
1754 408 1864 463 vita
1893 408 1944 470 Λ
1971 406 2071 461 mit
2114 420 2326 470 manus,
2363 406 2429 460 de
2474 420 2578 473 qna
2622 400 2881 458 evadendi
2932 399 3112 455 nullus
3158 404 3308 466 patet
3348 397 3547 451 exitus.

291 518 406 589 jam
454 515 633 586 patior
682 510 858 581 lugeo.
921 508 1027 563 Sed
1086 515 1209 577 post
1257 508 1400 561 hanc
1450 502 1776 559 sententiam
1806 513 1876 553 ne

295 610 545 683 graviora
593 604 772 674 patiar
816 601 1159 671 pertimesco.
1194 597 1344 653 Licet
1386 597 1500 666 jam
1549 595 1774 650 tolerent
1820 591 1877 645 in

296 715 457 772 pruna
497 703 791 759 tormenta,
832 700 1012 746 tamen
1037 691 1296 761 gehennae
1351 688 1583 744 formido
1610 684 1767 739 valde
1791 698 1878 738 me

296 791 509 848 cruciat
553 803 621 841 ex
671 784 846 853 culpa.
878 781 994 836 Jnm
1034 795 1274 851 praesens
1321 792 1479 851 poena
1532 777 1735 841 laniat,
1784 774 1879 830 sed

299 883 480 937 futura
509 878 681 948 magis
700 873 1007 930 conturbat.
1037 873 1236 927 Gravia
1282 877 1408 926 sunt
1449 885 1571 939 qua:
1613 867 1876 932 sustineo,

300 970 548 1043 graviora
583 967 637 1021 in
682 972 996 1036 perpetuum
1028 963 1212 1017 timeo.
1260 959 1465 1016 Civitas
1511 974 1643 1030 ergo
1696 965 1880 1029 ngstra

300 1064 532 1121 interna,
559 1072 720 1127 quam
748 1053 987 1125 angelica
1026 1052 1299 1121 quondam
1345 1050 1585 1105 vallabat
1605 1047 1877 1113 custodia,

302 1153 445 1207 intra
473 1149 595 1204 fidei
626 1155 775 1217 septa
790 1146 1052 1199 virtutum
1076 1144 1383 1199 abundabat
1403 1142 1579 1211 copia,
1601 1150 1653 1196 et
1680 1139 1881 1194 dudum

303 1223 488 1297 carnis
519 1236 807 1293 desideriis
833 1235 1132 1299 dominata,
1158 1233 1314 1289 modo
1353 1248 1449 1302 per
1476 1232 1590 1301 ipsa
1616 1229 1882 1285 desideria

294 1330 447 1401 jacet
504 1328 758 1384 destituta
787 1367 801 1391 ,
856 1325 1245 1394 variorumque
1291 1323 1554 1378 scelerum
1609 1318 1883 1391 peccando

303 1422 557 1477 hostibus
576 1419 736 1474 solvit
759 1418 979 1472 tributa.
1008 1414 1162 1471 [inde
1201 1415 1563 1485 lacrymarum
1606 1411 1662 1465 in
1695 1408 1886 1464 maxil—

299 1510 375 1567 lis
403 1511 520 1581 ejus
544 1506 764 1579 profluit
794 1503 972 1569 fletus,
997 1510 1053 1560 et
1081 1503 1326 1574 ploratus
1352 1501 1438 1556 die
1463 1515 1529 1555 ac
1565 1506 1723 1555 nocte
1756 1512 1887 1568 pro-

306 1602 557 1659 funditur
577 1615 813 1663 amarus,
852 1597 1138 1666 nullusque
1176 1604 1261 1651 est
1299 1594 1390 1663 qui
1437 1590 1744 1647 consoletur
1765 1604 1884 1644 eam

1978 496 2244 567 Magnifiei
2283 496 2477 559 nostri,
2507 495 2597 564 qui
2637 509 2735 548 nos
2773 492 3101 554 nutriebant,
3118 489 3283 543 ablati
3318 496 3467 552 sunt,
3492 494 3550 543 et

1979 589 2227 644 doctores
2255 587 2426 641 nostri
2450 593 2671 655 preptcr
2692 592 2915 653 peccata
2946 590 3129 635 nostra
3158 579 3376 635 contriti
3399 584 3548 633 sunt.

1981 680 2106 735 Sola
2132 694 2229 733 nos
2253 678 2451 748 premit
2474 676 2709 740 miseria,
2738 690 2875 744 quos
2907 673 3107 727 nullius
3123 670 3237 740 jam
3258 671 3551 724 consolan-

1981 780 2068 825 tur
2095 769 2304 824 solatia.
2343 766 2637 823 Vindicans
2664 767 2923 821 Dominus
2959 772 3179 834 peccata
3228 769 3409 817 nostra
3444 760 3554 815 cal-

1980 858 2123 914 cavit
2164 857 2419 922 torcular,
2451 855 2653 911 ideirco
2682 853 2902 909 ﬂetuum
2949 861 3258 909 nostrorum
3293 849 3557 905 redundat

1981 950 2223 1004 lacunar.
2279 947 2413 1001 Tota
2445 946 2532 1001 die
2574 946 2643 1001 ad
2682 945 3058 1001 auxiliatorem
3089 952 3330 1000 nostrum
3363 956 3556 996 manus

1987 1039 2254 1094 tendimus
2283 1037 2655 1108 expandendo,
2686 1043 2743 1091 et
2766 1050 2925 1090 nemo
2951 1035 3108 1091 nobis
3131 1034 3401 1090 succurrit
3426 1047 3555 1087 con-

1982 1131 2299 1187 solationem
2345 1129 2653 1199 praebendo.
2700 1127 2846 1183 inter
2900 1128 3085 1182 hostes
3133 1141 3353 1189 sumus,
3403 1124 3558 1195 quasi

1981 1220 2182 1291 polluta
2204 1219 2517 1282 menstruis,
2543 1226 2597 1274 et
2614 1232 2773 1273 nemo
2802 1232 2904 1273 nos
2932 1218 3158 1271 mundat
3179 1232 3315 1286 aqua
3341 1215 3558 1284 superni

1983 1310 2237 1365 fluminis.
2263 1307 2449 1364 Justus
2468 1324 2544 1375 es,
2562 1308 2804 1371 Domine,
2832 1308 2887 1363 in
2908 1307 3158 1364 omnibus
3181 1306 3394 1376 iudieiis
3433 1305 3560 1367 tuis,

1985 1404 2110 1473 quia
2137 1412 2190 1457 te
2227 1402 2296 1457 ad
2316 1401 2652 1457 iracundiam
2684 1399 3100 1471 provocat/imus
3125 1397 3302 1451 noxiis
3324 1395 3563 1465 peccatis

1986 1493 2205 1548 nostris.
2240 1492 2512 1547 Attendite
2537 1491 2776 1547 dolorem
2798 1499 3064 1553 nostrum,
3088 1488 3327 1544 universi
3358 1486 3561 1557 pepuli,

1987 1592 2039 1639 et
2069 1583 2299 1639 miserim
2318 1590 2518 1638 nostra:
2544 1598 2740 1654 magno
2753 1582 2934 1636 animo
2962 1579 3386 1651 compatiamini.
3414 1577 3565 1631 Ami-

303 1708 374 1748 ex
399 1690 650 1746 omnibus
680 1688 860 1743 charis
884 1688 1022 1758 ejus,
1058 1686 1183 1757 quia
1218 1684 1307 1754 qui
1339 1682 1609 1753 quondam
1638 1681 1692 1735 in
1738 1680 1886 1736 dele-
1918 1751 1959 1758 __
1988 1690 2083 1730 eos
2111 1689 2246 1744 quos
2272 1675 2596 1745 putabamus
2642 1689 2761 1729 esse
2797 1673 2954 1729 nobis
2998 1671 3364 1733 fidelissimos,
3412 1670 3565 1724 inve-

306 1783 642 1839 ctationibns
666 1780 834 1834 variis
867 1779 1187 1834 videbantur
1204 1790 1325 1831 esse
1357 1773 1536 1838 amici,
1558 1773 1719 1828 modo
1741 1786 1890 1841 sper-
1917 1751 1965 1811 Β
1994 1765 2170 1820 nimus
2193 1764 2441 1820 inimicos
2480 1780 2602 1821 esse
2625 1765 3010 1830 atrocissimas,
3046 1764 3138 1834 qui
3180 1763 3335 1819 nobis
3361 1760 3569 1831 promi-

306 1880 501 1928 nentes
514 1872 772 1942 dcjectam
786 1870 899 1924 veri
912 1869 1273 1924 ostenduntur
1284 1881 1404 1921 esse
1424 1864 1650 1919 inimici.
1666 1862 1889 1933 Captiva

308 1964 469 2017 ducta
496 1970 578 2017 est
624 1960 849 2016 intentio
899 1968 1083 2014 nostra
1112 1960 1163 2013 in
1213 1967 1357 2013 terra
1384 1958 1641 2012 vitiorum
1694 1955 1887 2022 aliena,

310 2051 402 2106 ubi
429 2066 534 2104 non
560 2050 766 2104 invenit
789 2049 1046 2118 requiem,
1074 2048 1326 2104 omnibus
1369 2047 1577 2102 solatiis
1600 2046 1886 2112 destituta,

306 2143 438 2213 quia
480 2156 670 2195 omnes
696 2141 814 2211 ejus
838 2148 1231 2211 persecutores,
1264 2138 1354 2208 qui
1388 2138 1524 2193 falso
1571 2138 1894 2193 videbantur

316 2249 447 2290 esse
472 2233 641 2303 ipsius
670 2240 956 2297 amatores,
980 2232 1097 2287 veri
1122 2247 1221 2302 per
1245 2231 1427 2286 omnia
1449 2232 1503 2285 in
1533 2231 1639 2284 fine
1661 2229 1895 2300 proban-

313 2334 409 2380 tur
430 2325 548 2395 ejus
590 2322 706 2378 fleri
737 2336 1016 2379 exosores.
1063 2322 1214 2379 Unde
1241 2336 1386 2377 nunc
1437 2320 1677 2391 lugubris
1706 2319 1757 2373 in
1780 2318 1896 2374 exi-

314 2413 411 2469 tiis
430 2413 543 2468 suis
566 2419 768 2478 exstat,
791 2427 892 2467 nec
917 2411 1024 2466 ulla
1064 2410 1375 2467 festivitatis
1416 2409 1601 2465 laetitia
1624 2408 1896 2464 exhilarat

310 2518 506 2560 sensus
539 2503 862 2566 exteriores,
910 2517 1008 2572 per
1046 2516 1186 2572 quos
1240 2501 1418 2557 aditus
1462 2500 1607 2555 intro
1649 2498 1895 2554 hostibus

311 2592 553 2665 patebat.
583 2592 747 2647 Latro
781 2591 1088 2657 seditiosus,
1124 2591 1282 2647 suavis
1326 2591 1536 2646 catenis
1567 2589 1892 2658 captivabat.

317 2685 473 2742 Unde
492 2686 659 2743 variis
679 2686 828 2741 vitiis
869 2692 994 2740 sunt
1023 2684 1398 2749 contaminati,
1430 2683 1556 2753 quia
1584 2682 1898 2739 doctoribus

316 2781 436 2837 suis
482 2794 587 2835 non
635 2779 967 2835 exhibebant
1019 2777 1381 2833 obedientiam
1412 2775 1708 2847 praecepti.
1760 2774 1899 2830 Hinc

315 2866 657 2927 continentia
690 2869 816 2942 'ejus
841 2877 1065 2940 apparet
1091 2868 1358 2940 squalida,
1401 2876 1456 2924 et
1484 2869 1597 2939 ipsa
1639 2867 1901 2923 amaritu-

318 2969 448 3024 dine
471 2974 815 3039 peccatorum
840 2973 925 3022 est
965 2980 1241 3036 oppressa.
1277 2964 1469 3019 Hostes
1496 2963 1642 3018 illius
1692 2968 1821 3016 sunt
1843 2961 1897 3015 in

319 3057 518 3129 capite,
547 3065 604 3112 et
632 3056 835 3111 inimici
860 3055 1046 3126 iniqua
1079 3062 1306 3109 utuntur
1335 3054 1387 3108 in
1417 3068 1482 3108 ca
1511 3051 1894 3114 dominatione,

318 3114 544 3220 propter
576 3114 974 3202 multitudinem
1025 3146 1171 3200 enim
1216 3143 1556 3214 iniquitatum
1606 3141 1741 3211 ejus,
1774 3149 1901 3196 ante
1926 3114 1971 3177 δ

319 3236 513 3292 faciem
536 3235 844 3291 tribulantis
871 3234 1136 3290 ducentur
1168 3232 1367 3304 captivi
1400 3230 1608 3302 parvuli
1632 3229 1903 3301 cogitatus

318 3326 461 3395 ejus.
490 3324 729 3396 Spoliata
745 3330 829 3380 est
851 3338 982 3395 ergo
1008 3323 1117 3378 filia
1146 3322 1296 3389 Sion,
1325 3337 1446 3392 quae
1472 3321 1744 3392 quondam
1766 3334 1904 3390 pura

323 3423 507 3471 mente
538 3414 1007 3484 contemplabatur
1047 3412 1217 3468 Deum
1241 3413 1389 3468 omni
1417 3412 1613 3467 decore
1642 3425 1761 3466 suo.
1795 3408 1905 3465 Nec

314 3506 432 3575 jam
472 3506 695 3575 spiritus
717 3506 889 3560 utitur
922 3504 1227 3575 principatu
1254 3485 1384 3570 suo,
1410 3503 1505 3559 sed
1530 3517 1713 3559 coram
1751 3502 1906 3557 hoste

320 3606 682 3667 persequente
713 3597 954 3666 quotidie
1006 3595 1215 3652 corruit
1260 3597 1500 3666 antiquo.
1562 3595 1905 3651 Recordatur

324 3685 665 3742 Hierusalem
717 3693 925 3750 nostra,
956 3694 1010 3740 et
1041 3685 1311 3755 quondam
1354 3685 1494 3741 visio
1527 3685 1700 3756 pacis,
1729 3685 1787 3739 in
1814 3685 1903 3739 die

327 3779 555 3833 internae
606 3778 912 3833 afllietionis
959 3793 1067 3834 sua:
1116 3786 1173 3833 et
1221 3791 1353 3833 casu
1397 3792 1605 3855 magnae
1648 3776 1904 3842 miseriae,

324 3871 567 3941 pristina;
591 3870 815 3935 laetitize,
841 3880 897 3925 et
938 3869 1064 3925 inde
1097 3884 1217 3926 eam
1244 3878 1495 3940 prement
1509 3884 1720 3939 magnae
1741 3884 1911 3940 angu-

325 3960 465 4025 stia,
499 3974 620 4014 cum
650 3959 834 4015 hostes
864 3959 1114 4015 derident
1152 3957 1271 4027 ejus
1291 3958 1424 4022 otia,
1456 3965 1510 4012 et
1550 3958 1728 4013 nullus
1752 3957 1911 4013 affert

327 4060 630 4120 opportuna
656 4051 869 4106 solatia.
901 4048 1187 4105 Peccatum
1218 4051 1484 4120 peccavit,
1510 4059 1565 4105 et
1592 4050 1714 4107 ideo
1741 4051 1911 4107 insta-

326 4141 453 4197 bilis
497 4140 640 4197 facta
682 4143 898 4198 cecidit.
944 4141 1146 4198 Omnes
1175 4143 1414 4212 quieam
1468 4150 1597 4199 ante
1645 4143 1911 4200 adulando

326 4232 704 4305 glorificabant
747 4243 933 4305 postea
982 4235 1229 4290 videntes
1257 4235 1607 4305 ignominiam
1641 4235 1761 4306 ejus
1785 4251 1915 4291 con-

334 4325 629 4379 temnendo
651 4324 1003 4394 spernebant.
1044 4323 1274 4382 Gressus
1298 4327 1415 4398 ejus
1460 4326 1770 4396 squalentes
1796 4342 1914 4382 sor-

1992 1865 2174 1914 serant
2205 1865 2521 1928 perpetuam
2551 1873 2762 1927 pacem,
2792 1857 2893 1927 ipsi
2942 1855 3242 1911 insidiando
3295 1868 3568 1924 praepara-

1992 1955 2185 2002 verant
2233 1955 2492 2001 aeternam
2557 1946 2946 2016 captivitatem.
3007 1944 3302 2015 Pr0pterea
3365 1942 3568 1997 amari—

1994 2040 2181 2095 tudine
2201 2039 2346 2092 intus
2368 2037 2511 2108 pleni
2532 2052 2738 2102 sumus,
2761 2044 2817 2093 et
2839 2036 2971 2092 foris
2991 2037 3056 2091 ad
3079 2035 3436 2091 occidendum
3460 2031 3574 2103 gla-

1994 2134 2082 2188 dio
2113 2132 2349 2188 hostium
2391 2131 2573 2187 traditi
2616 2146 2823 2185 sumus.
2855 2129 3101 2185 Gemitus
3138 2128 3314 2183 nostri
3345 2123 3571 2200 [nullus]

1994 2227 2320 2292 consolator,
2336 2226 2462 2297 quia
2484 2222 2887 2282 vociferationis
2907 2231 3105 2279 nostrae
3126 2221 3304 2277 nullus
3320 2227 3406 2275 est
3423 2218 3575 2273 audi-

1994 2333 2100 2380 tor.
2127 2323 2328 2380 Omnes
2353 2322 2557 2378 inimici
2585 2320 2755 2377 nostri
2778 2319 2977 2374 malum
2997 2326 3245 2373 nostrum
3268 2314 3574 2376 audierunt,

1995 2426 2050 2470 et
2069 2415 2193 2485 quia
2218 2412 2477 2469 Dominus
2496 2427 2597 2468 nos
2617 2408 2905 2479 dereliquit
2934 2406 3127 2479 gaudio
3145 2402 3355 2461 exsulta
3364 2408 3574 2458 verunt.

1996 2506 2355 2578 lngrcdiatur,
2384 2504 2631 2568 Domine,
2654 2500 2913 2572 iniquitas
2940 2512 3130 2555 eorum
3176 2509 3361 2551 coram
3417 2500 3487 2556 te,
3523 2497 3580 2545 et
3673 2550 3675 2553 1

1997 2597 2164 2653 redde
2192 2596 2273 2652 eis
2311 2596 2486 2651 vicem
2537 2593 2686 2659 mali,
2719 2590 2863 2662 quod
2917 2593 3206 2661 gesserunt
3234 2592 3425 2640 contra
3455 2594 3577 2646 nos,

1998 2691 2052 2746 in
2078 2698 2269 2745 morte.
2312 2687 2479 2743 Israel
2508 2701 2663 2742 suum
2709 2685 2775 2741 de
2812 2684 2950 2740 ccelo
2976 2680 3234 2738 Dominus
3260 2675 3483 2748 projecit
3526 2674 3582 2728 in

2002 2789 2223 2845 terram,
2280 2793 2382 2833 nec
2426 2786 2510 2833 est
2548 2775 2870 2832 recordatus
2922 2769 3140 2829 scabelli
3191 2768 3298 2834 sui,
3355 2773 3580 2837 prepter

2002 2870 2488 2941 transgressionem
2529 2868 2752 2924 nimiam
2798 2861 3373 2937 prtecipitavitlacob.
3402 2858 3583 2913 Muni—

2003 2955 2179 3020 tiones
2211 2964 2329 3036 ejus
2356 2963 2683 3034 sephisticas
2706 2960 2759 3016 in
2783 2959 2965 3017 furore
3005 2957 3295 3023 destruxit,
3326 2968 3582 3026 regnum-

2004 3069 2108 3124 que
2131 3054 2301 3124 ipsius
2327 3062 2382 3109 et
2405 3053 2680 3124 principes
2710 3051 2764 3106 in
2794 3059 2995 3107 terram
3031 3046 3336 3120 dejiciendo
3365 3043 3580 3117 polluit.

2002 3145 2049 3200 Α
2079 3143 2215 3201 facie
2242 3142 2447 3200 inimici
2491 3143 2769 3198 dexteram
2811 3156 2967 3198 suam
3021 3140 3243 3206 avertit,
3271 3146 3326 3195 et
3370 3136 3582 3209 plebem

2004 3249 2158 3291 suam
2207 3233 2364 3304 quasi
2413 3231 2633 3288 flamma
2679 3232 2946 3288 devorans
3004 3229 3358 3300 consumpsit.
3386 3228 3583 3282 Arcum

2004 3340 2160 3382 suum
2190 3324 2348 3396 quasi
2398 3324 2653 3381 inimicus
2709 3324 2958 3390 tetendit,
2989 3331 3045 3379 et
3090 3337 3251 3378 omne
3284 3319 3429 3392 quod
3466 3318 3589 3389 pul-

2005 3419 2196 3474 chrum
2253 3425 2373 3473 erat
2404 3416 2525 3472 visu
2571 3415 2789 3472 occidit.
2838 3414 3002 3484 Quasi
3057 3415 3280 3470 hortum
3332 3411 3587 3468 taberna-

2005 3509 2186 3565 culum
2213 3523 2372 3565 suum
2405 3507 2707 3579 dissipavit,
2735 3516 2792 3562 et
2820 3520 3036 3562 omnem
3069 3504 3422 3560 festivitatem
3456 3499 3591 3557 Sion

2005 3602 2264 3661 oblivioni
2294 3600 2537 3656 tradidit.
2566 3599 2786 3669 Repulit
2806 3599 3066 3654 Dominus
3097 3592 3587 3652 sanctificationem

2007 3710 2182 3763 suam,
2211 3701 2265 3751 et
2294 3707 2509 3748 murum
2533 3690 2663 3748 Sion
2694 3690 2995 3761 dissipavit.
3028 3689 3132 3744 Per
3153 3688 3449 3744 vindictam
3472 3685 3588 3741 for-

2009 3787 2277 3842 tissimam
2318 3782 2553 3855 perdidit
2588 3781 2898 3838 sacerdotes
2938 3779 3053 3849 ejus
3078 3789 3133 3834 et
3161 3779 3454 3850 principes,
3488 3790 3591 3832 nec

2006 3875 2285 3946 prophetis
2315 3872 2431 3943 ejus
2464 3873 2716 3928 revelata:
2761 3878 2888 3927 sunt
2913 3870 3105 3926 divina:
3127 3868 3383 3923 visiones.
3416 3865 3589 3921 Senes

2011 3967 2132 4023 filiae
2153 3966 2283 4022 Sion
2309 3966 2706 4030 contieucrunl,
2735 3971 2790 4019 et
2811 3964 3045 4032 virgines
3067 3959 3185 4031 ejus
3216 3959 3474 4015 accincta:
3506 3958 3588 4014 ci-

2012 4058 2150 4113 liciis
2183 4057 2578 4130 ingemuerunt.
2625 4054 2764 4110 Hinc
2793 4066 3007 4125 quoque
3059 4051 3200 4108 oculi
3233 4050 3405 4106 nostri
3437 4048 3588 4104 defe-

2011 4157 2204 4203 cerunt
2232 4162 2343 4218 pne
2369 4144 2645 4215 lacrymis,
2701 4160 2826 4200 cum
2854 4144 3099 4200 viderent
3128 4140 3382 4213 parvulos
3428 4148 3484 4195 et
3513 4141 3591 4196 la-

2013 4246 2224 4294 ctantes
2240 4238 2377 4292 fame
2402 4236 2633 4292 deficere
2654 4237 2708 4291 in
2729 4235 2943 4306 plateis.
2965 4233 3010 4291 Ο
3036 4234 3361 4305 speculatrix
3382 4242 3591 4299 nostra,

2015 4338 2068 4384 et
2107 4345 2204 4383 arx
2259 4327 2388 4383 Sion
2437 4327 2710 4396 quondam
2756 4325 3157 4396 pulcherrima,
3202 4324 3480 4397 propheta:
3515 4326 3588 4379 tui

329 4412 483 4512 dent,
602 4412 657 4512 in
706 4413 907 4512 nullius
953 4415 1329 4484 purificatione
1360 4415 1779 4472 consolationem
1816 4416 1914 4471 ba-
1941 4454 1991 4512 Β
2019 4420 2266 4473 viderunt
2316 4418 2411 4472 tibi
2468 4417 2621 4482 falsa,
2664 4432 2765 4472 nec
2821 4416 3164 4486 corripiendo
3218 4415 3592 4486 patefecerunt

328 4501 479 4557 bent.
530 4504 688 4568 Vide,
719 4503 964 4569 Domine,
996 4514 1239 4560 nostram
1272 4504 1636 4570 aillictionem,
1673 4507 1798 4576 quia
1825 4507 1910 4561 vi-

336 4592 435 4647 des
481 4592 636 4647 nobis
674 4592 951 4649 inimicum
995 4608 1115 4649 esse
1158 4594 1437 4649 fortiorem
1473 4596 1788 4666 :depraedat
1816 4598 1911 4652 ho-

329 4683 434 4737 stis
460 4682 857 4747 desiderabilia,
881 4691 937 4737 et
960 4684 1145 4754 diripit
1177 4694 1296 4740 astu
1318 4687 1499 4740 omnia
1535 4686 1795 4741 virtutum
1821 4704 1913 4741 or-

332 4781 606 4828 namenta.
647 4773 1025 4846 Ingrediuntur
1056 4776 1312 4831 contrarii
1337 4784 1422 4831 tua
1446 4779 1774 4844 sanctuaria,
1800 4781 1917 4850 qui-

331 4864 434 4917 bus
456 4862 754 4935 prazcepisti
777 4873 964 4920 sancta
985 4873 1073 4919 tua
1091 4867 1203 4920 fieri
1223 4867 1416 4921 aliena.
1435 4868 1716 4924 Multitudo
1731 4879 1911 4926 nostra

332 4955 501 5021 gemit
515 4965 746 5027 propter
767 4957 922 5012 verbi
944 4957 1164 5022 famem,
1193 4975 1293 5013 nec
1308 4958 1421 5028 jam
1444 4962 1608 5016 habet
1630 4963 1771 5018 unde
1790 4962 1913 5018 refi-

335 5042 643 5099 ciatanimae
663 5047 918 5101 esuriem.
944 5046 1093 5113 Vide,
1110 5047 1358 5114 Domine,
1378 5058 1434 5104 et
1453 5051 1731 5106 considera
1750 5068 1912 5147 qupm

337 5134 463 5188 vilia
519 5134 662 5191 facta
714 5146 841 5192 sunt
895 5148 1095 5195 nostrae
1153 5140 1347 5195 anima:
1412 5141 1644 5197 interna.
1716 5134 1916 5198 Omnes

335 5224 429 5293 qui
460 5226 701 5282 transitis
728 5244 826 5297 per
846 5232 1095 5286 semitam
1129 5232 1330 5285 doloris
1351 5233 1544 5298 nostri,
1577 5233 1915 5289 considerate

335 5315 652 5382 potentiam,
699 5318 785 5371 cui
811 5320 948 5373 alter
976 5337 1080 5376 non
1124 5322 1398 5376 invenitur
1441 5323 1652 5390 similis,
1684 5324 1773 5378 ubi
1818 5340 1912 5380 ex-

336 5403 613 5460 candescit
637 5407 770 5462 ultio
782 5410 946 5465 divini
970 5411 1187 5467 furoris.
1208 5411 1343 5468 Ossa
1366 5421 1550 5467 nostra
1579 5412 1916 5471 inflammans

336 5495 654 5561 combussit,
712 5508 767 5553 et
815 5501 976 5567 pedes
1022 5510 1238 5557 nostros
1278 5510 1573 5557 retrorsum
1628 5506 1916 5569 convertit,

340 5588 518 5643 nullus
560 5588 738 5659 eﬂ‘ngii
776 5600 921 5659 patet
958 5592 1107 5647 locus
1136 5634 1150 5658 ,
1202 5595 1326 5664 quia
1383 5595 1548 5649 animi
1600 5597 1769 5651 nostri
1826 5614 1920 5667 per

339 5681 520 5733 ontnia
553 5680 748 5737 defecit
782 5684 971 5738 virtus.
1004 5685 1230 5741 Domino
1257 5689 1502 5744 tradente
1527 5688 1614 5743 illa
1667 5706 1765 5745 nos
1794 5706 1916 5759 prc-

2020 4508 2113 4563 tibi
2140 4517 2230 4563 tua
2253 4506 2479 4562 scelera.
2517 4506 2622 4560 Pro
2652 4506 2863 4561 delictis
2913 4507 3019 4561 tuis
3065 4505 3469 4577 speponderunt
3492 4507 3588 4562 tibi

2017 4599 2257 4670 praemia,
2308 4612 2408 4653 nec
2435 4597 2861 4666 praedicaverant
2904 4598 3018 4662 tibi,
3049 4614 3170 4668 qua:
3216 4598 3452 4653 metuisti
3498 4612 3591 4668 ge-

2019 4691 2209 4745 hennze
2232 4681 2518 4744 tormenta.
2549 4687 2703 4745 Unde
2740 4688 2924 4745 hostes
2977 4690 3051 4744 tui
3078 4705 3200 4745 cum
3233 4690 3309 4743 tui
3333 4688 3591 4744 dominati

2019 4789 2165 4845 sunt,
2194 4780 2384 4850 plausu
2408 4794 2601 4849 magno
2637 4780 2936 4836 alludentcs
2972 4796 3135 4850 super
3160 4789 3212 4835 te
3248 4779 3413 4834 laetati
3440 4786 3586 4832 sunt.

2021 4870 2201 4925 Deduc
2229 4870 2468 4939 quotidie
2502 4870 2654 4939 quasi
2704 4878 3000 4925 torrentem
3038 4869 3326 4941 lacrymas,
3391 4876 3446 4921 et
3484 4882 3589 4920 non

2018 4976 2199 5017 cesses
2242 4962 2497 5032 lugubres
2520 4961 2760 5032 proferre
2794 4962 3177 5030 querimonias.
3226 4960 3366 5013 Leva
3400 4973 3593 5013 manus

2020 5063 2140 5109 tuas
2173 5054 2240 5108 ad
2266 5055 2433 5107 Deum
2466 5069 2587 5108 cum
2613 5054 2883 5121 precibus,
2918 5052 2985 5106 ad
3011 5053 3219 5106 animas
3245 5050 3589 5120 parvulorum

2022 5154 2255 5200 tuorum.
2294 5144 2452 5200 Plora
2510 5160 2633 5199 cum
2668 5146 2975 5215 gemitibus,
3028 5144 3325 5199 interfectis
3368 5144 3473 5197 tuis
3504 5159 3593 5198 so-

2025 5235 2231 5290 lemnes
2249 5235 2446 5288 exhibe
2470 5235 2787 5305 exsequias,
2817 5243 2874 5289 et
2900 5235 3187 5290 charornm
3220 5243 3432 5288 tuorum
3467 5250 3590 5291 cum

2023 5325 2276 5395 lacrymis
2308 5324 2470 5393 sepeli
2500 5323 2774 5392 reliquias.
2814 5326 2947 5380 Vide
2970 5334 3023 5379 ct
3071 5326 3351 5380 considera
3392 5336 3589 5393 quanta

2022 5414 2264 5468 dolorum
2313 5415 2645 5484 perpetimur
2683 5415 2841 5479 mala,
2900 5415 3052 5470 multi
3094 5417 3160 5470 de
3213 5424 3356 5471 cuitu
3408 5425 3595 5472 nostro

2024 5508 2363 5563 inimicorum
2396 5508 2707 5562 ceciderunt
2735 5507 2935 5577 gladio;
2963 5507 3116 5578 pueri
3148 5516 3201 5563 et
3234 5523 3417 5573 senes,
3434 5506 3593 5577 juve-

2024 5616 2117 5656 nes
2142 5609 2197 5655 et
2219 5601 2454 5669 virgines
2504 5600 2824 5654 interierunt
2872 5599 3145 5655 seandalo.
3189 5598 3342 5655 Juste
3390 5599 3596 5653 enim-a

2023 5700 2074 5744 te
2104 5690 2313 5760 prolata
2337 5688 2590 5756 vindicta,
2621 5691 2802 5746 omnia
2830 5706 2859 5745 a
2893 5692 3047 5748 nobis
3074 5689 3357 5747 auferebat
3377 5690 3593 5746 solatia.
