3998 6202
585 263 708 317 ιὲτί

1210 265 1269 320 Β.
1313 265 1566 321 RABANI
1601 265 1817 322 MAURI
1854 265 2170 322 ARCHIEP.
2215 265 2522 325 MOGUNT.
2559 265 2841 322 OPERUM
2878 264 3055 320 PARS
3089 265 3174 320 Ill.

3621 270 3725 326 1272

575 379 925 444 Agnoscimus
969 376 1186 446 quidem
1257 378 1504 431 meritam
1563 376 1896 447 paupertatis
1945 387 2146 431 nostra:
2176 385 2221 440 Α
2251 377 2373 432 audi
2404 377 2690 448 opprobria
2719 385 2774 429 et
2799 375 3151 446 cogitationes
3170 387 3354 428 eorum
3378 374 3620 430 adversum
3641 396 3726 434 nos.

575 465 948 534 indigentiam,
975 481 1094 521 cum
1120 469 1549 521 necessariarum
1576 482 1757 521 rerum
1789 480 2036 536 magnam
2067 475 2146 519 to-

576 557 812 612 lerumus
857 557 1156 628 penuriam.
1191 557 1338 612 Felle
1360 567 1418 611 et
1461 557 1648 613 labore
1696 557 1884 626 repleti
1937 573 2140 620 sumus,

571 660 626 705 et
651 649 701 705 in
730 650 970 705 tenebris
982 650 1248 714 collocati,
1279 651 1431 722 quasi
1458 650 1655 704 mortui
1679 651 2140 720 deputatisumus.

577 740 948 795 Vociferamus
977 741 1042 794 ad
1066 739 1305 808 iudicem
1342 749 1588 796 nostrum
1631 756 1721 809 per
1756 741 1896 795 diem
1941 749 1995 794 et
2048 755 2144 794 no-

573 839 733 895 ctem,
765 844 860 884 nec
881 831 1122 896 exaudit,
1146 831 1240 885 sed
1258 831 1578 886 concludens
1594 832 1708 885 vias
1735 840 1969 896 nostras,
1985 840 2039 884 et
2059 845 2140 884 se-

573 922 736 976 mitas
765 921 1049 976 subvertit.
1073 920 1272 976 Areum
1303 929 1358 976 et
1386 931 1594 976 scutum
1622 930 1811 978 contra
1836 935 1932 975 nos
1959 927 2144 974 exten-

575 1013 677 1078 dit,
703 1021 757 1068 et
795 1026 894 1068 nos
923 1013 1076 1081 quasi
1107 1013 1320 1082 signum
1353 1014 1419 1068 ad
1462 1013 1713 1082 sagittam
1763 1013 1962 1084 posuit.
1989 1012 2141 1066 Facti

575 1119 762 1158 sumus
793 1103 847 1158 in
877 1104 1114 1158 derisum
1141 1105 1285 1159 omni
1308 1105 1503 1174 populo
1531 1114 1736 1170 nostro,
1768 1105 1894 1174 quia
1933 1105 2144 1174 replens

575 1206 673 1248 nos
711 1192 1072 1247 amaritudine
1109 1192 1397 1248 inebriavit
1439 1192 1728 1257 absinthio,
1763 1193 1829 1246 ad
1861 1208 2141 1248 numerum

573 1283 757 1338 dentes
770 1291 985 1337 nostros
1007 1281 1026 1336 ς
1030 1283 1179 1354 regit,
1199 1283 1322 1352 quia
1339 1281 1551 1351 replens
1566 1283 1775 1337 animas
1787 1282 1938 1352 quasi
1963 1282 2146 1338 cinere

571 1373 792 1428 cibavit.
841 1371 1071 1443 Propter
1122 1381 1496 1442 paupertatem
1554 1381 1608 1428 et
1658 1373 2143 1442 transgressionem

576 1463 682 1517 vita
735 1471 918 1519 nostra
965 1463 1216 1528 tabescit,
1271 1463 1363 1518 sed
1403 1477 1526 1532 spes
1571 1478 1733 1532 quam
1783 1463 2044 1518 habemus
2091 1464 2144 1518 in

574 1553 798 1608 Domino
824 1568 1164 1622 nequaquam
1196 1553 1395 1609 deﬁcit.
1427 1553 1541 1607 Non
1569 1553 1712 1608 enim
1737 1553 1906 1608 nostri
1937 1554 2140 1617 meriti,

574 1644 668 1698 sed
695 1659 900 1715 magna:
924 1644 1285 1700 miserationis
1311 1652 1391 1698 est
1413 1644 1647 1708 Domini,
1678 1645 1820 1713 quod
1849 1644 2070 1698 omnino
2091 1651 2147 1698 et

2250 465 2434 521 Redde
2455 467 2535 520 eis
2562 465 2755 530 vicem,
2788 463 3036 526 Domine,
3060 461 3214 530 juxta
3233 478 3390 530 opera
3412 479 3729 522 manuumsua—

2252 574 2394 623 rum,
2437 565 2493 611 et
2519 557 2587 611 da
2615 557 2696 611 eis
2737 554 3032 610 secundum
3064 553 3318 608 duritiam
3351 555 3514 610 cordis
3546 557 3615 611 sui
3636 573 3732 613 con.

2247 651 2407 722 digna
2437 659 2722 705 tormenta.
2754 647 3032 716 Quomodo
3059 648 3378 702 obseuratus
3404 656 3480 702 est
3501 649 3622 703 color
3635 655 3733 720 opti-

2247 757 2366 795 mus
2387 741 2503 796 auri
2529 759 2544 794 :
2569 741 2622 794 in
2645 739 2838 810 plateis
2863 738 3094 809 dispersi
3113 746 3242 792 sunt
3265 723 3456 806 lapides
3474 743 3735 795 sanctuarii:

2245 833 2338 889 ﬁlii
2380 831 2510 888 Sion
2563 831 2748 901 inclyti
2809 829 3080 900 quomodo
3121 830 3355 898 reputati
3395 839 3508 884 sunt
3551 832 3596 884 in
3639 847 3730 887 vasa

2247 932 2417 994 testea
2459 920 2639 990 ﬁguli?
2665 919 2772 974 Sed
2804 929 2860 973 et
2885 918 3060 973 lamin:
3090 918 3357 973 nudantes
3389 934 3636 974 mammam
3654 921 3732 976 lac-

2245 1017 2492 1064 taverunt
2517 1007 2723 1064 catulos
2747 1022 2895 1072 suos,
2919 1023 3042 1062 cum
3065 1007 3303 1062 haeretici
3323 1007 3540 1063 belluina
3563 1009 3731 1072 savitia,

2244 1117 2432 1157 errore
2461 1101 2642 1167 noxio,
2666 1100 2995 1168 deccperunt
3016 1099 3139 1153 andi
3149 1108 3295 1153 tores
3320 1114 3456 1153 suos.
3483 1097 3618 1165 Quasi
3636 1108 3732 1154 strn-

2247 1196 2360 1251 thio
2379 1205 2568 1251 contra
2591 1193 2729 1248 ﬁlios
2758 1209 2906 1259 suos,
2935 1193 3015 1247 sic
3033 1203 3211 1248 mater
3237 1207 3492 1262 synagoga
3520 1193 3731 1262 indignata

2247 1295 2333 1341 est
2373 1293 2559 1340 contra
2599 1285 2848 1338 alumnos
2884 1297 3030 1337 suos.
3075 1281 3320 1336 Adhaesit
3357 1281 3520 1352 lingua
3549 1280 3735 1336 lactatuis

2246 1377 2312 1432 ad
2342 1375 2576 1446 palatum
2616 1373 2669 1428 in
2699 1373 2814 1437 siti,
2842 1381 2897 1426 et
2933 1370 3132 1427 frustra
3163 1371 3433 1442 petierunt
3457 1385 3621 1440 panem
3643 1385 3731 1439 par-

2246 1469 2354 1523 vuli
2379 1467 2628 1538 frangere
2655 1465 2780 1521 sibi.
2805 1464 3050 1519 Nazaraei
3079 1463 3256 1518 nostri
3287 1463 3405 1517 nive
3443 1461 3730 1524 candidiores,

2247 1559 2411 1613 ebore
2432 1555 2860 1616 rubicundiores,
2883 1553 3140 1624 sapphiro
3162 1551 3503 1623 pulchriores,
3535 1551 3730 1622 denigrati

2249 1661 2377 1705 sunt
2396 1665 2560 1718 super
2579 1649 2880 1705 exstinctos
2903 1646 3195 1711 carbones,
3219 1653 3276 1698 et
3299 1658 3453 1712 super
3471 1642 3636 1711 lignum
3657 1642 3732 1694 ari-

575 1735 785 1804 penitus
814 1750 917 1788 non
942 1750 1126 1790 sumus
1151 1736 1470 1804 consumpti,
1513 1735 1636 1804 quia
1667 1735 1838 1790 bonus
1863 1743 1944 1790 est
1969 1733 2148 1788 Domi-
2180 1731 2223 1790 Β
2251 1742 2376 1795 dum
2399 1748 2550 1794 artus
2578 1737 2746 1792 nostri
2771 1735 2898 1790 facti
2925 1741 3051 1790 sunt
3083 1733 3361 1790 sicciores.
3389 1730 3730 1801 ComplevitDo-

576 1841 676 1879 nus
705 1826 1049 1895 sperantibus
1076 1827 1127 1879 in
1171 1840 1320 1889 cum,
1357 1837 1410 1880 et
1450 1824 1604 1879 valde
1649 1824 1912 1895 benignus
1954 1824 2148 1878 animae

575 1917 838 1986 qurercnti
867 1917 1032 1970 illum.
1076 1917 1280 1972 Bonum
1317 1926 1397 1973 est
1442 1933 1564 1972 cum
1600 1916 1814 1972 silentio
1848 1916 2146 1988 praestolari

575 2007 810 2062 salutare
843 2007 1071 2073 Domini,
1101 2008 1226 2076 quia
1275 2023 1465 2078 magna
1497 2016 1578 2063 est
1618 2007 1987 2064 misericordia
2009 2007 2150 2078 judi-

575 2098 653 2152 cis
681 2097 928 2168 piissimi.
971 2097 1178 2151 Bonum
1218 2107 1303 2151 est
1331 2112 1460 2166 ergo
1501 2097 1548 2151 ei
1600 2096 1691 2166 qui
1738 2105 1918 2166 portat
1963 2094 2148 2166 iugum

577 2187 950 2242 adolescentia:
977 2196 1038 2240 ut
1070 2185 1266 2241 sedens
1307 2185 1582 2240 solitarius
1609 2194 1763 2241 vacet
1789 2185 1983 2240 divinae
2025 2199 2150 2239 con-

577 2277 930 2347 templationi,
969 2277 1273 2348 despiciens
1314 2276 1496 2332 mundi
1545 2291 1817 2347 pompam,
1846 2290 2052 2346 ponens
2093 2275 2146 2328 in

577 2370 796 2440 pulvere
829 2386 892 2426 os
929 2385 1107 2434 suum,
1137 2378 1192 2424 et
1230 2376 1418 2423 contra
1464 2366 1865 2438 persecutiones
1914 2365 2148 2420 hostium

576 2461 871 2534 patientem
897 2475 956 2516 se
976 2459 1215 2530 prtebeat
1237 2467 1293 2514 et
1331 2459 1701 2523 mitissimum,
1728 2456 1852 2526 quia
1884 2455 2012 2510 licet
2041 2454 2151 2511 Do-

579 2552 760 2608 minus
789 2549 1158 2620 temporalitcr
1194 2564 1317 2604 eum
1352 2548 1602 2620 ﬂagellet,
1629 2564 1736 2604 non
1769 2557 1947 2603 tamen
1981 2561 2151 2616 usque

578 2643 632 2700 in
664 2642 824 2696 ﬁnem
853 2641 1000 2694 illum
1039 2639 1300 2709 abjicicns
1329 2639 1572 2714 repellet.
1601 2638 1789 2693 Veniet
1822 2637 1962 2691 enim
2015 2646 2151 2691 tem-

577 2748 678 2803 pus
702 2731 859 2803 iustae
889 2731 1282 2797 retributionis,
1331 2731 1546 2802 quando
1579 2729 1742 2800 judex
1777 2729 1956 2802 justus
1997 2727 2149 2796 juxta

578 2824 771 2884 merita
799 2838 898 2903 sua
922 2821 1111 2878 reddet
1134 2821 1377 2894 singulis.
1405 2820 1536 2888 Quis
1565 2831 1650 2876 est
1673 2821 1765 2891 qui
1790 2818 1993 2888 aliquid
2021 2819 2152 2874 dicit

579 2915 696 2977 ﬁeri
720 2913 946 2970 Domino
971 2911 1267 2981 nesciente,
1292 2928 1412 2969 cum
1437 2912 1568 2968 nihil
1595 2911 1666 2968 sit
1685 2911 1740 2966 in
1766 2910 1986 2974 mundo,
2010 2909 2154 2982 quod

581 3022 688 3063 non
716 3005 810 3062 ﬁat
851 3006 1076 3062 Domino
1097 3005 1339 3076 iubente,
1386 3013 1479 3060 aut
1512 3003 1898 3076 permittente?
1927 3001 2150 3056 Scruta-

2249 1831 2426 1885 minus
2452 1829 2505 1883 in
2545 1827 2700 1883 nobis
2742 1826 2980 1881 furorem
3013 1839 3198 1888 suum,
3232 1832 3288 1878 et
3319 1821 3571 1878 succendit
3606 1821 3730 1890 ignem

2248 1923 2628 1994 indignationis
2651 1935 2782 1976 suae.
2812 1919 2872 1975 ιιι
2914 1919 3146 1992 mystica
3191 1917 3318 1972 Sion
3355 1923 3554 1986 propter
3573 1923 3731 1984 peccata

2246 2016 2628 2086 prophetarum
2653 2011 2794 2081 ejus,
2832 2021 2888 2068 et
2927 2011 3248 2081 iniquitates
3281 2007 3592 2064 sacerdotum
3613 2006 3731 2069 illius,

2247 2119 2565 2168 erraverunt
2585 2108 2712 2164 caeci
2751 2107 2807 2161 in
2836 2105 3030 2176 plateis
3069 2103 3263 2174 ipsius,
3301 2101 3457 2156 facies
3487 2098 3655 2154 Domini
3677 2097 3732 2150 di-

2247 2199 2372 2255 visit
2407 2214 2523 2262 eos,
2569 2207 2624 2252 et
2668 2196 2808 2252 sicut
2858 2195 3138 2266 pulverem
3169 2191 3314 2248 venti
3359 2188 3602 2259 dissipavit
3634 2187 3730 2240 illos.

2247 2287 2670 2343 Lubricaverunt
2703 2284 2925 2356 vestigia
2970 2291 3160 2338 nostra
3192 2282 3247 2336 in
3286 2281 3484 2340 itinere.
3515 2274 3732 2347 appropin-

2248 2377 2430 2449 quavit
2457 2376 2578 2431 linis
2607 2383 2791 2432 noster
2818 2375 2870 2428 in
2900 2373 3255 2428 desolatione.
3283 2370 3580 2437 Redemptor
3603 2374 3736 2420 noster

2247 2483 2438 2540 passus
2477 2476 2561 2523 est
2589 2481 2688 2535 pro
2723 2465 2960 2536 peccatis
3011 2462 3238 2526 nostris,
3285 2470 3340 2515 et
3373 2474 3468 2516 nos
3499 2453 3734 2513 eranuario

2249 2560 2430 2614 vivere
2451 2557 2712 2624 elegimus
2736 2555 2789 2609 in
2817 2552 3198 2623 iniquitatibus
3225 2550 3439 2615 nostris,
3463 2547 3566 2603 ideo
3585 2543 3732 2600 reddita

2249 2659 2332 2704 est
2371 2647 2608 2704 vindicta
2651 2647 2811 2702 malis
2855 2646 3110 2716 operibus
3162 2643 3388 2706 nostris,
3429 2647 3480 2694 et
3516 2641 3734 2708 paweruut

2250 2741 2476 2798 erimina
2515 2749 2700 2796 nostra
2725 2737 3038 2794 saevissimis
3077 2735 3336 2790 inimicis.
3361 2730 3642 2792 Recordare,
3663 2727 3734 2780 Do~

2251 2833 2416 2896 mine,
2441 2831 2570 2900 quid
2619 2830 2775 2885 nobis
2813 2827 3090 2891 acciderit,
3141 2833 3201 2880 et
3251 2825 3432 2895 ingens
3469 2815 3731 2890 opprobrium

2252 2922 2482 2987 intuere,
2518 2919 2662 2990 quod
2691 2919 2844 2975 nobis
2873 2917 3069 2973 evenit.
3106 2916 3402 2971 I'lzereditas
3435 2919 3596 2966 nostra
3623 2919 3732 2960 versa

2256 3023 2342 3070 est
2375 3013 2441 3068 ad
2489 3012 2712 3075 alienos,
2752 3020 2808 3066 et
2852 3011 3005 3065 labor
3042 3019 3238 3064 noster
3284 3005 3492 3076 respicit
3527 3001 3583 3056 ad
3612 3003 3734 3054 extra-

585 3113 707 3162 mur
729 3113 858 3168 ergo
883 3098 998 3152 vias
1029 3106 1264 3163 nostras,
1293 3107 1348 3154 et
1386 3103 1724 3154 revertamur
1748 3094 1815 3150 ad
1843 3092 2152 3157 Dominum,
2183 3089 2227 3150 C
2260 3119 2410 3160 “eos,
2433 3101 2624 3173 Pupilli
2656 3100 2781 3154 facii
2801 3113 2986 3154 sumus
3023 3097 3232 3168 absque
3267 3104 3445 3167 patre,
3471 3099 3636 3147 matres
3667 3099 3733 3138 no-

583 3187 959 3265 clevemusque
989 3187 1149 3242 corda
1185 3197 1370 3243 nostra
1409 3203 1534 3242 cum
1572 3184 1822 3250 manibus
1857 3185 1912 3239 in
1957 3181 2150 3239 coelum

583 3279 650 3340 ad
675 3279 866 3334 Deum.
919 3276 1028 3338 Nos
1054 3279 1236 3348 inique
1259 3279 1468 3350 egimus
1496 3285 1550 3332 et
1571 3277 1637 3332 ad
1665 3275 1998 3335 iracundiam
2031 3290 2156 3350 pro-

583 3368 917 3434 vocavimus,
941 3369 1061 3426 ideo
1086 3367 1233 3422 illum
1267 3370 1463 3433 iratum
1496 3375 1552 3427 et
1584 3365 1968 3428 inexorabilem
2002 3365 2156 3421 nobis

584 3476 704 3517 esse
731 3459 1011 3516 sentimus.
1051 3457 1312 3530 Opposuit
1362 3459 1515 3514 nobis
1551 3459 1747 3515 nubem
1779 3458 2044 3530 caliginis,
2086 3475 2154 3514 ne

589 3552 846 3614 transiret
879 3551 1054 3606 oratio
1099 3559 1151 3606 et
1193 3549 1580 3606 demonstravit
1617 3549 1758 3621 quod
1788 3548 1936 3618 justa
1971 3558 2154 3604 nostra

586 3651 734 3699 esset
755 3641 1010 3712 obiectio,
1039 3641 1158 3698 ideo
1179 3641 1401 3696 deduxit
1430 3640 1620 3696 oculus
1649 3648 1834 3695 noster
1863 3639 2155 3699 divisiones

588 3747 882 3804 aquarum,
935 3741 992 3790 et
1039 3730 1354 3800 multiplicia
1395 3729 1682 3800 profundet
1717 3727 1940 3786 ﬁumina
1975 3725 2154 3799 lacry-

590 3839 818 3889 marum,
849 3837 946 3877 nec
984 3822 1088 3876 ulla
1111 3822 1222 3892 jam
1251 3821 1406 3880 nobis
1433 3821 1592 3879 datur
1613 3820 1845 3889 requies,
1873 3819 2041 3874 donec
2071 3833 2157 3874 sa-

589 3917 752 3968 lutem
783 3913 1042 3984 percipiet
1071 3928 1193 3982 spes
1227 3911 1381 3969 ﬁrma
1421 3926 1484 3966 ac
1525 3910 1674 3965 ﬁdes.
1713 3910 2028 3966 lnvocamus
2060 3925 2156 3963 no-

589 4019 710 4062 men
737 4011 910 4066 tuum,
942 4002 1180 4065 Domine,
1211 4002 1275 4056 de
1303 4001 1421 4056 lacu
1453 4001 1766 4066 novissimo,
1812 4015 1909 4054 nec
1939 4009 2156 4055 avertas

586 4110 771 4150 aurem
799 4103 947 4148 tuam
977 4093 1399 4165 rogoasingultu
1430 4102 1633 4155 nostro.
1667 4091 1692 4147 ,1
1703 4093 1879 4156 ndica,
1905 4092 2152 4155 Domine,

587 4202 801 4240 causam
838 4187 1030 4240 animm
1070 4196 1290 4252 nostrie,
1335 4193 1548 4240 creator
1594 4185 1714 4254 pius
1749 4192 1804 4238 et
1850 4184 2156 4254 redemptor

588 4278 706 4340 vita:
741 4287 955 4334 nostra).
987 4279 1177 4334 Vidisti
1200 4276 1435 4334 furorem
1459 4276 1798 4332 inimicorum
1824 4284 2008 4330 contra
2035 4290 2152 4340 nos,

2256 3201 2380 3248 stra:
2407 3192 2560 3262 quasi
2595 3191 2788 3249 viduae.
2832 3187 3040 3244 Defecit
3073 3187 3332 3256 gaudium
3372 3181 3535 3240 cordis
3557 3175 3736 3233 nostr-iet

2253 3283 2450 3339 cecidit
2476 3296 2672 3338 corona
2709 3278 2906 3350 capitis
2939 3277 3128 3332 nostri.
3165 3275 3260 3332 Va:
3293 3275 3443 3330 nobis
3471 3271 3578 3340 quia
3600 3278 3732 3336 pecca-

2257 3377 2454 3439 vimus,
2479 3375 2598 3429 ideo
2623 3372 2765 3428 enim
2797 3370 3032 3426 inimicis
3070 3369 3278 3424 nostris
3309 3364 3482 3424 mrein
3513 3357 3656 3415 traditi
3675 3368 3735 3408 su-

2257 3481 2398 3523 mus.
2430 3463 2508 3521 'l‘u
2537 3471 2737 3529 autem,
2753 3449 3002 3524 Domine,
3027 3459 3083 3514 in
3110 3468 3374 3514 aeterrmm
3399 3446 3736 3540 purumne-llis?l

2258 3553 2394 3609 solio
2419 3561 2512 3607 tuo
2538 3553 2684 3610 omni
2709 3549 3046 3621 generationi
3072 3563 3310 3618 semper,
3342 3554 3394 3601 et
3427 3543 3596 3610 ubique
3617 3537 3735 3591 donti-

2257 3645 2426 3712 naris,
2475 3659 2644 3713 quare
2689 3643 2743 3700 in
2792 3650 3110 3712 perpetuum
3152 3635 3481 3696 obliviscaris
3516 3627 3676 3688 nostri.
3701 3631 3736 3674 ει

2260 3736 2600 3804 derelinques
2623 3750 2724 3790 nos
2751 3735 2805 3790 in
2837 3733 3175 3804 longitudine
3216 3731 3420 3786 dierum
3443 3716 3736 3782 smculi‘it‘an-

2261 3834 2408 3882 verte
2428 3840 2550 3890 nos,
2572 3824 2814 3888 Domine,
2840 3824 2907 3878 ad
2925 3833 2999 3889 te,
3019 3830 3074 3878 et
3089 3830 3475 3882 convertemur,
3491 3815 3648 3870 innova
3659 3807 3738 3861 die

2261 3926 2476 3974 nostros
2496 3915 2634 3970 sicut
2656 3930 2686 3970 a
2708 3913 2998 3984 principio,
3019 3920 3074 3966 et
3096 3911 3231 3967 salvi
3255 3911 3468 3965 erimus.
3492 3904 3576 3959 Tui
3591 3909 3736 3955 sumus,

2260 4007 2506 4070 Domine,
2547 4007 2616 4060 ad
2657 4012 2711 4058 te
2745 4004 3096 4073 pertinemus,
3141 4010 3201 4056 et
3245 4009 3302 4056 tu
3328 3999 3476 4054 nobis
3506 3985 3736 4049 miserando

2259 4096 2516 4162 consulis,
2563 4097 2616 4150 in
2657 4103 2914 4150 aeternum
2941 4110 3126 4149 coram
3174 4103 3227 4150 te
3257 4093 3502 4146 vivemus.
3535 4084 3644 4144 Fiat.
3667 4077 3736 4132 ω’

2261 4189 2426 4250 mine,
2454 4201 2735 4256 supernos
2759 4199 2971 4256 seraper
3000 4194 3090 4241 tua
3122 4179 3500 4246 misericordia,
3519 4167 3738 4231 υιιιαάει

2261 4287 2404 4331 tuam
2435 4278 2832 4332 annuntiemus.
