3998 6202
267 375 3523 426 M

554 404 843 414 ——

852 531 1429 643 BEATI
1501 534 2229 647 RABANI
2301 537 2907 651 MAURI

990 761 1370 820 FULDENSIS
1406 765 1696 821 ABBATIS
1734 766 1823 822 ET
1860 765 2243 823 MOGUNTINI
2276 767 2795 827 ARCHIEPISCOPI

1337 961 2459 1081 ENARBATIONUM

270 1222 495 1357 IN
640 1214 1885 1358 EPISTOLAS
2026 1223 2705 1360 BEATI
2848 1230 3513 1367 PAULI

995 1492 1270 1569 LIBRI
1325 1492 1829 1571 TRIGINTA
1868 1481 2309 1572 (VIGINTI
2363 1493 2785 1584 NOVEM).

1689 1672 2083 1684 ———————

1614 1794 2185 1869 PREFATIO

1415 1969 1507 2023 AD
1547 1968 1627 2023 SA
1638 1968 1682 2022 Μ
1692 1968 1923 2023 UELEM
1961 1969 2366 2025 EPISCOPUM.

341 2219 564 2273 Domino
592 2224 778 2271 saneto
801 2222 855 2269 et
890 2213 1083 2268 merito
1107 2212 1404 2267 venerabili
1442 2213 1681 2271 Summ
1722 2212 1836 2280 epi-
1863 2216 1909 2272 Α
1940 2219 2027 2278 ptu
2059 2209 2333 2272 habeatis;
2384 2217 2439 2262 et
2486 2208 2669 2274 nobis,
2718 2210 2862 2278 quod
2912 2221 3156 2270 nostrum
3204 2220 3308 2278 est,
3359 2216 3517 2270 orius

268 2324 452 2378 scopo,
487 2308 754 2369 animus,
792 2305 1048 2359 minimus
1072 2318 1348 2359 servorum
1387 2305 1504 2372 Dei,
1542 2304 1594 2359 in
1624 2303 1841 2359 Christo

269 2401 519 2455 salutem.

344 2491 420 2543 Ex
460 2503 566 2557 quo
601 2502 694 2542 vos
730 2488 962 2558 primum
993 2487 1123 2551 vidi,
1161 2495 1217 2541 et
1245 2487 1471 2557 cognovi
1520 2486 1731 2557 ingenii
1751 2501 1842 2542 ve-

268 2582 370 2634 stri
415 2578 782 2634 excellentiam
806 2617 820 2644 ,
851 2592 1168 2646 morumque
1199 2578 1608 2647 temperantiam
1658 2577 1839 2639 sensi,

268 2684 485 2739 semper
520 2683 615 2723 vos
643 2668 822 2722 cordis
862 2668 1157 2721 intentione
1181 2680 1365 2720 amare
1409 2666 1613 2729 studui,
1645 2673 1702 2720 et
1723 2664 1840 2719 dul-

269 2762 517 2816 cissimos
544 2760 745 2815 amicos
771 2760 970 2814 habere
994 2759 1163 2829 elegi;
1190 2758 1311 2813 ideo
1334 2758 1618 2827 aliquoties
1640 2759 1838 2823 verbis,

270 2853 556 2921 aliquoties
580 2852 742 2906 etiam
773 2850 991 2919 scriptis
1019 2850 1085 2904 de
1110 2848 1418 2903 divinarum
1437 2848 1840 2917 Scripturarum

272 2945 485 3007 studiis,
507 2958 734 3013 quarum
764 2941 922 2995 lectio
952 2954 1166 3009 semper
1201 2939 1332 2993 mihi
1365 2938 1536 2993 dulcis
1562 2946 1699 3005 erat,
1732 2938 1844 2992 col-

270 3032 525 3087 lationem
564 3031 843 3086 vobiscum
881 3028 1063 3084 habui.
1105 3026 1258 3082 Nunc
1290 3038 1469 3082 autem
1500 3027 1623 3097 quia
1660 3027 1839 3082 audivi

271 3122 560 3191 quamdam
605 3129 812 3190 partem
852 3117 1054 3173 laboris
1085 3117 1207 3179 mei,
1253 3131 1413 3186 quem
1454 3116 1508 3169 in
1551 3117 1842 3185 expositio-

272 3227 396 3266 nem
423 3224 699 3266 sacrarum
725 3207 1143 3277 Seripturarum,
1172 3214 1331 3275 prout
1357 3204 1839 3276 potui,elaboravi,

272 3316 370 3354 vos
392 3301 588 3354 habere
612 3298 767 3361 velle,
797 3308 850 3352 et
873 3297 1107 3351 maxime
1135 3297 1187 3350 in
1213 3295 1482 3366 Epistolas
1508 3296 1652 3351 beati
1680 3294 1833 3349 Pauli

271 3388 500 3460 apostoli
530 3402 543 3441 :
578 3386 851 3441 transmisi
880 3385 1151 3440 sanctitati
1186 3394 1377 3439 vestra:
1417 3385 1703 3453 quemdam
1733 3384 1843 3438 col-

272 3482 554 3537 lectarium
579 3479 645 3534 de
667 3488 973 3533 sanctorum
1001 3475 1217 3529 Patrum
1247 3476 1519 3544 opusculis
1546 3475 1599 3529 in
1627 3478 1841 3530 easdem

1941 2300 2240 2355 restituatis
2265 2317 2277 2353 :
2305 2315 2374 2355 ne
2402 2300 2522 2355 aliis
2545 2307 2787 2369 optatum
2819 2300 3000 2356 cibum
3030 2286 3315 2357 edentibus
3340 2306 3508 2359 nostri

1941 2392 2359 2463 apostolicorum
2406 2393 2619 2462 dapium
2658 2392 2833 2447 inedia
2883 2391 3084 2446 diutius
3119 2392 3287 2464 jejuni
3341 2409 3516 2448 rema-

1941 2492 2122 2538 neant.
2165 2483 2361 2537 Parata
2405 2485 2549 2539 enim
2593 2492 2718 2539 sunt
2769 2483 2920 2539 vobis
2977 2492 3159 2539 nostra
3206 2487 3407 2553 omnia,
3459 2495 3518 2542 ut

1942 2594 2275 2647 qnmcunque
2336 2578 2461 2632 inde
2507 2577 2671 2632 vultis
2720 2578 3003 2647 accipere,
3065 2577 3151 2631 vel
3197 2594 3518 2649 quocunque

1944 2683 2184 2742 tempore
2204 2687 2267 2725 ea
2287 2671 2604 2726 desideretis
2630 2672 2849 2736 habere,
2879 2672 3083 2741 absque
3104 2673 3512 2735 retractatione,

1898 2778 1901 2783 '
1939 2760 2443 2832 prontpossibilitas
2471 2761 2620 2826 sinit,
2652 2769 2848 2815 vestra:
2876 2774 2974 2830 per
3012 2761 3197 2815 omnia
3233 2762 3515 2829 obtempe-

1942 2859 2065 2907 rent
2090 2851 2376 2906 voluntati.
2407 2850 2642 2905 Tantum
2674 2851 2816 2905 adsit
2859 2851 3017 2905 nobis
3042 2861 3224 2905 vestra
3252 2850 3514 2920 provisio,

1940 2954 2094 3001 utea
2134 2958 2173 2998 a
2225 2942 2383 2997 nobis
2428 2943 2787 3011 exquirantur
2812 2982 2827 3005 ,
2873 2957 2995 3011 quae
3034 2941 3366 3012 possibilitas
3416 2955 3517 2995 nos

1941 3041 2199 3103 praestare
2227 3047 2387 3102 posse
2415 3038 2654 3096 censeat,
2680 3038 2734 3086 et
2762 3030 3167 3100 impossibilitas
3188 3030 3369 3101 aliqua
3390 3045 3518 3085 eon-

1942 3126 2082 3180 ferre
2110 3139 2216 3178 non
2254 3123 2612 3178 contradicat.
2664 3123 2741 3176 De
2788 3131 2985 3176 extero
3031 3129 3210 3175 autem
3258 3120 3384 3175 nolo
3424 3134 3521 3173 vos

1944 3214 2195 3284 ignorare
2241 3213 2383 3281 quod
2419 3212 2473 3266 in
2511 3212 2763 3281 przesenti
2802 3225 2945 3265 anno
2988 3211 3165 3265 valida
3203 3209 3523 3278 mgritndine

1942 3301 2272 3366 laborabam,
2304 3316 2371 3354 ex
2407 3315 2512 3369 qua
2551 3308 2606 3354 et
2630 3300 2743 3370 jam
2782 3301 2955 3355 adhuc
2995 3301 3208 3371 penitus
3247 3297 3523 3353 absolutus

1944 3410 2051 3449 non
2095 3409 2235 3448 sum.
2294 3391 2447 3447 Unde
2494 3392 2723 3447 obsecro
2772 3391 3117 3446 dilectionem
3168 3397 3405 3444 vestram
3462 3394 3523 3441 nt

1944 3485 2208 3554 atljuvetis
2249 3499 2334 3538 me
2360 3484 2529 3538 sacris
2560 3484 2897 3538 orationibus
2924 3483 3063 3553 apud
3094 3482 3516 3551 omnipotentem

272 3572 560 3644 Epistolas,
596 3583 755 3641 quem
788 3582 987 3637 nuper,
1030 3576 1250 3636 rogante
1287 3565 1436 3633 Lupo
1468 3564 1732 3619 monacho
1758 3572 1840 3617 at-

1944 3575 2232 3639 medicum,
2268 3575 2360 3645 qui
2383 3574 2628 3628 vulnerat
2661 3583 2715 3629 et
2744 3582 2919 3639 sanat,
2960 3573 3252 3628 mortiﬁcat
3286 3581 3341 3626 et
3378 3569 3515 3623 vivi-

271 3681 380 3735 que
404 3675 527 3718 tunc
556 3662 803 3726 diacono,
835 3658 1063 3723 confeci,
1102 3666 1161 3711 ut
1187 3666 1365 3713 vestro
1392 3656 1656 3712 desiderio
1684 3656 1843 3710 satis-

274 3755 530 3819 facerem,
555 3762 610 3808 et
655 3752 882 3806 aliorum
922 3749 1263 3813 utilitatibus,
1304 3748 1395 3817 qui
1440 3746 1626 3802 volunt
1668 3747 1839 3802 nostri

273 3843 474 3900 laboris
493 3843 779 3914 participes
798 3856 936 3907 esse,
954 3841 1310 3896 consulerem.
1333 3839 1439 3893 Nec
1457 3840 1608 3894 vobis
1625 3838 1842 3893 trcdium

275 3932 553 4003 prolixitas
605 3932 788 4002 operis
833 3930 1012 3986 facere
1062 3929 1259 3993 debet,
1316 3929 1459 3996 quod
1508 3928 1562 3981 in
1619 3929 1841 3997 triginta

276 4025 430 4080 libris
462 4034 890 4079 consummatum
919 4030 1020 4087 est,
1052 4021 1177 4091 quia
1209 4034 1313 4074 non
1362 4019 1519 4073 aliter
1557 4020 1845 4089 [medieta-

277 4132 396 4171 rum
430 4115 648 4170 Patrum
675 4130 864 4170 sensus
909 4115 975 4169 ad
1010 4128 1204 4183 purum
1233 4112 1505 4181 explicare
1544 4110 1709 4177 volui,
1736 4110 1841 4165 nisi

277 4224 467 4264 eorum
502 4208 667 4272 dicta,
696 4214 856 4277 prout
877 4208 944 4261 ab
988 4205 1118 4274 ipsis
1146 4204 1286 4259 edita
1325 4212 1471 4265 sunt,
1515 4203 1722 4274 integra
1751 4218 1844 4273 po-

280 4316 497 4366 nerem,
540 4315 607 4355 ne
643 4295 800 4362 forte,
848 4299 894 4353 si
949 4298 1077 4368 quid
1124 4298 1413 4351 intiserctc
1451 4295 1842 4360 abstraherem,

279 4407 470 4446 sensus
507 4405 693 4446 eorum
724 4389 1127 4459 intelligentiam
1156 4387 1563 4443 confunderem.
1600 4387 1847 4456 Accipite

280 4496 409 4552 ergo
435 4482 588 4535 fenus
621 4479 773 4536 vobis
798 4478 1163 4541 commissum,
1190 4486 1242 4531 et
1274 4492 1371 4547 per
1395 4476 1689 4544 scriptores
1714 4485 1852 4528 stre-

282 4586 417 4625 nuos
456 4569 642 4638 jubete
680 4569 809 4624 illud
850 4567 1010 4622 citius
1064 4568 1117 4621 in
1161 4566 1477 4621 membrana
1526 4565 1736 4635 excipi,
1773 4574 1849 4629 ut,

280 4659 325 4713 si
353 4660 481 4729 quid
508 4660 659 4716 vobis
688 4659 935 4716 utilitatis
956 4657 1126 4728 possit
1156 4657 1280 4712 inde
1303 4655 1559 4719 conferri,
1585 4656 1637 4709 in
1669 4670 1852 4723 prom-

287 4830 890 4855 ——-—~—u————

1947 3668 2091 3732 ﬁeat,
2116 3677 2177 3721 ut
2203 3682 2308 3720 non
2336 3681 2419 3721 me
2444 3666 2737 3721 secundum
2761 3681 2878 3723 mea
2912 3666 3102 3719 merita
3126 3664 3303 3733 pmnis
3327 3660 3520 3716 alliciat

1945 3759 2167 3822 debitis;
2204 3758 2297 3812 sed
2330 3759 2623 3812 secundum
2650 3771 2895 3825 magnam
2921 3753 3343 3808 misericordiam
3368 3765 3520 3805 suam

1947 3864 2053 3913 me,
2083 3846 2324 3902 remissis
2354 3848 2604 3901 omnibus
2647 3845 2886 3908 delictis,
2939 3842 3103 3896 faciat
3151 3842 3290 3895 dono
3338 3839 3525 3910 gratiae

1947 3953 2057 3991 sua:
2082 3937 2136 3990 in
2164 3936 2276 3991 suis
2304 3935 2537 4006 gaudere
2564 3933 2859 3997 henelieiis,
2894 3940 2948 3985 et
2974 3932 3073 3986 sub
3098 3929 3214 3998 ejus
3242 3929 3522 3998 dispensa-

1947 4027 2093 4081 tione
2158 4026 2326 4079 vitam
2383 4031 2699 4096 prtesentem
2761 4024 2835 4077 ita
2888 4021 3228 4091 transigere,
3295 4018 3528 4088 qualiter

1942 4125 2159 4172 (eterna:
2185 4115 2329 4182 vitae,
2368 4130 2485 4187 quae
2520 4115 2572 4168 in
2595 4121 2880 4183 conspectu
2910 4111 3092 4183 gloriae
3116 4110 3232 4180 ejus
3262 4116 3365 4172 est,
3395 4121 3520 4176 par-

1948 4209 2115 4278 ticeps
2158 4206 2384 4262 existam
2422 4205 2725 4274 :Optimum
2767 4203 2912 4258 enim
2962 4201 3091 4255 mihi
3142 4201 3211 4255 sit
3258 4197 3511 4253 omnibus

1948 4296 2137 4351 diebus
2161 4296 2288 4350 vitae
2321 4310 2454 4348 mea:
2484 4294 2569 4347 hic
2599 4301 2653 4347 ct
2690 4292 2743 4346 in
2789 4290 2989 4354 futuro,
3024 4304 3169 4342 nunc
3199 4294 3253 4340 et
3285 4299 3523 4354 semper,

1950 4386 2048 4439 sui)
2072 4385 2189 4455 ejus
2217 4383 2605 4454 gubernatione
2642 4382 2843 4448 vivere,
2889 4388 2945 4435 et
2987 4379 3155 4450 ipsius
3181 4374 3444 4430 voluntati
3473 4375 3524 4428 in

1951 4474 2201 4530 omnibus
2228 4473 2519 4529 deservire.
2554 4472 2693 4543 Opto
2721 4487 2813 4525 vos
2843 4471 2977 4526 bene
3000 4468 3176 4523 valere
3209 4480 3443 4536 semper,
3473 4471 3532 4520 et

1955 4566 2007 4617 in
2039 4563 2208 4618 sacris
2240 4562 2527 4618 virtutibus
2552 4561 2791 4633 quotidie
2819 4559 3102 4630 proiicere;
3127 4565 3316 4613 sancte
3345 4559 3526 4627 pater,

1959 4671 2163 4711 memor
2188 4666 2305 4710 esto
2330 4655 2521 4710 nostri.

1888 4808 3520 4836 Μ

1396 4940 1920 5026 PREFATIO
2002 4944 2418 5023 ALTERA.

1236 5122 1328 5177 AD
1362 5119 1600 5178 LUPUM
1639 5115 2025 5174 MONACHUM
2068 5114 2155 5171 ET
2195 5115 2569 5174 DIACONUM.

354 5398 671 5455 Venerando
698 5394 850 5449 fratri
894 5400 948 5447 ct
970 5389 1321 5448 commilitoni
1345 5389 1492 5444 Loro
1530 5388 1728 5443 Christi
1755 5388 1854 5442 mi-
1882 5394 1925 5457 C
1957 5385 2127 5450 carui,
2162 5384 2216 5438 in
2236 5381 2438 5444 animo,
2467 5380 2626 5434 crede
2652 5377 2805 5442 mihi,
2836 5376 3121 5431 dilectione
3144 5381 3233 5429 tua
3260 5391 3533 5444 nunquam

285 5490 456 5545 nistro
482 5488 753 5550 Ramnes,
802 5499 989 5540 servus
1028 5498 1305 5538 servorum
1351 5480 1466 5545 Dei,
1522 5480 1574 5534 in
1621 5478 1850 5533 Domino

288 5581 538 5638 salutem.

362 5670 648 5743 Postquam
683 5666 1019 5724 desiderabili
1057 5665 1338 5737 praesentia
1375 5673 1461 5718 tua
1501 5662 1853 5733 corporaliter

1961 5491 2163 5532 vacuus
2197 5473 2291 5537 fui,
2326 5470 2418 5527 sed
2446 5470 2631 5525 sedulo
2681 5465 2961 5522 revolvens
2990 5465 3224 5521 studium
3256 5465 3396 5534 quod
3438 5465 3531 5518 ha-

1961 5570 2127 5623 bebas
2176 5567 2228 5620 in
2271 5562 2615 5619 meditatione
2652 5558 2846 5615 divinae
2892 5556 3046 5625 legis,
3105 5563 3159 5609 et
3212 5552 3531 5609 modestiam

1963 5674 2171 5714 morum
2214 5654 2430 5725 quibus.
2481 5653 2621 5707 inter
2669 5666 2765 5705 nos
2800 5663 3147 5712 conversans,
3196 5661 3300 5700 non
3344 5661 3534 5716 parum
