3998 6202
563 290 698 345 i273

1193 285 1253 340 Β.
1296 283 1543 340 ΒΑΒΑΝΙ
1582 282 1796 338 MAURI
1828 282 2142 338 ARClliEP.
2185 281 2489 337 .‘llOGUNT.
2527 278 2807 336 OPERUM
2846 278 3024 334 PARS
3062 278 3141 333 Ill.

3610 282 3707 337 1976

563 403 745 462 multis
787 398 1033 455 amabilis
1071 413 1225 465 eras,
1270 397 1546 469 petitionis
1586 405 1710 461 hue,
1749 410 1863 465 _nec
1910 411 2016 451 non
2070 403 2126 449 et
2154 398 2203 458 Α
2227 393 2349 448 aliis
2376 394 2465 448 illa
2494 392 2867 464 pronuntiare,
2901 407 2968 447 ne
3001 390 3137 447 forte
3169 391 3459 448 auditorem
3481 394 3713 451 confundat

560 493 869 566 sponsionis
905 506 1036 545 mea:
1079 505 1309 554 memor,
1354 489 1720 545 collectarium
1759 488 1815 543 in
1856 486 2126 558 Epistolas

565 583 712 638 Pauli
738 579 986 651 apostoli,
1014 587 1174 648 prout
1203 578 1370 648 potui,
1399 577 1624 635 confeci.
1651 577 1709 633 In
1732 592 1838 646 quo
1863 585 2125 645 quantum

563 673 695 728 mihi
721 672 889 735 licuit,
918 679 972 725 et
1012 668 1336 738 possibilitas
1375 668 1522 732 sivit,
1548 666 1925 736 adjuvantibus
1965 667 2125 720 etiam

563 762 903 818 consortibus
936 760 1179 814 lectionis
1211 768 1429 824 nostrae,
1466 774 1533 813 ex
1563 770 1870 814 sanctorum
1906 758 2126 813 Patrum

564 852 725 906 dictis
752 851 807 905 in
836 865 1000 904 unum
1025 848 1211 920 collegi
1234 849 1376 917 quod
1407 848 1480 903 illi
1516 850 1569 903 in
1591 848 1820 904 diversis
1855 849 2127 918 opusculis

565 942 697 1006 suis,
738 949 899 1011 prout
938 940 1309 1009 opportunitas
1360 947 1620 994 tractatus
1668 940 1991 1013 postulabat,
2026 956 2124 1011 po-

564 1045 741 1085 suere.
773 1031 1008 1096 Quorum
1040 1028 1262 1097 scripta,
1290 1028 1414 1097 quia
1452 1027 1605 1096 juxta
1636 1030 1909 1098 cepiosam
1938 1029 2126 1084 facun-

566 1118 708 1170 diam
738 1132 923 1171 eorum
967 1116 1129 1170 latam
1168 1117 1556 1186 expositionem
1586 1119 1915 1182 habuerunt,
1944 1119 2125 1173 brevi-

568 1208 663 1261 tati
692 1207 936 1271 studeas,
960 1208 1204 1275 cxcerpsi
1232 1208 1357 1263 inde
1386 1224 1503 1277 qua:
1540 1210 1846 1264 necessaria
1891 1212 2073 1280 putavi
2110 1229 2122 1263 :

567 1306 626 1352 ut
656 1299 700 1352 si
744 1297 829 1352 cui
856 1298 956 1351 hoc
1000 1314 1135 1367 opus
1172 1307 1415 1352 nostrum
1459 1297 1639 1370 legere
1673 1301 1922 1355 voluntas
1961 1310 2125 1365 esset,

565 1386 897 1440 diversorum
949 1388 1229 1440 doctorum
1269 1403 1459 1442 sensus
1514 1389 1866 1443 continuatim
1924 1391 2128 1459 positos

566 1478 859 1542 inveniret;
890 1479 973 1532 cui
999 1487 1175 1532 autem
1199 1479 1572 1547 displicuisset,
1604 1480 1720 1549 ipse
1739 1482 1804 1535 de
1827 1482 2130 1552 purissimis

567 1567 801 1623 fontibus
827 1569 1211 1622 catholicorum
1234 1570 1600 1638 expositorum
1624 1571 1676 1623 in
1701 1572 1812 1625 suis
1833 1572 1987 1637 locis,
2009 1587 2145 1641 quaa-

564 1673 669 1726 que
702 1658 889 1721 vellet,
937 1659 1195 1712 hauriret.
1247 1658 1412 1714 Nemo
1438 1659 1579 1712 enim
1614 1675 1736 1713 cum
1765 1660 1933 1714 nostri
1976 1659 2130 1715 labo-

2228 500 2349 540 cum
2377 484 2636 540 nescierit
2657 483 2779 554 quis
2805 483 2910 539 hoc
2932 483 3014 539 ve‘l
3038 482 3164 538 illud
3192 482 3435 545 ediderit,
3459 493 3508 538 et
3541 485 3716 540 alterius

2227 574 2429 645 scripta
2488 575 2780 631 arbitretur
2827 590 2991 646 quam
3038 590 3100 631 se
3151 574 3349 630 veritas
3405 576 3564 631 habet.
3611 576 3715 633 Sunt

2227 669 2369 720 enim
2406 681 2591 721 eorum
2642 681 2832 720 sensus
2874 667 2928 720 in
2965 665 3231 735 aliquibus
3272 666 3641 729 concordantes,
3673 669 3711 722 in

2222 758 2492 826 aliquibus
2525 769 2652 812 vero
2680 756 3066 825 discrepantes.
3095 755 3248 812 Unde
3275 756 3601 810 necessarium
3623 773 3714 812 reor

2225 857 2284 901 ut
2327 849 2563 902 intentus
2603 846 2815 901 auditor
2852 860 2948 915 per
2991 845 3244 900 lectorem
3282 846 3501 913 primum
3542 848 3714 899 recitata

2226 938 2555 1007 singulorum
2584 946 2862 993 auctorum
2905 937 3124 990 nomina
3151 945 3279 990 ante
3326 936 3511 1005 scripta
3548 952 3624 990 sua
3648 954 3717 990 au-

2225 1028 2356 1093 diat,
2385 1037 2651 1099 quatenus
2670 1028 2809 1083 sciat
2827 1027 2953 1097 quid
2982 1028 3036 1080 in
3058 1027 3288 1081 lectione
3314 1027 3580 1097 apostolica
3599 1044 3721 1081 unus-

2226 1118 2454 1188 quisque
2518 1118 2778 1183 senserit,
2843 1118 3029 1186 sicque
3091 1118 3145 1171 in
3190 1125 3421 1172 mentem
3468 1133 3598 1172 suam
3639 1118 3722 1188 plu-

2225 1208 2362 1263 rima
2401 1222 2748 1271 ooacervans,
2801 1215 2974 1277 potest
3020 1206 3088 1262 de
3121 1206 3344 1278 singulis
3381 1207 3598 1277 judicare
3627 1208 3720 1278 quid

2227 1297 2326 1352 sibi
2360 1297 2490 1351 utile
2509 1298 2584 1351 uit
2608 1296 2735 1351 itide
2752 1310 2969 1351 sumere
3000 1313 3015 1351 :
3042 1297 3295 1351 doctores
3312 1296 3453 1350 enim
3476 1297 3562 1365 ipsi
3580 1312 3722 1351 omnes

2226 1386 2474 1443 catholici
2500 1386 2734 1450 fuerunt,
2763 1394 2989 1455 excepto
3011 1385 3263 1455 Origene,
3290 1384 3436 1454 cujus
3457 1394 3608 1439 tamen
3628 1403 3714 1440 scn-

2227 1477 2422 1532 tentias
2452 1476 2839 1540 tantummodo,
2881 1490 3017 1546 quas
3055 1476 3323 1531 catholico
3360 1492 3505 1530 sensu
3540 1477 3717 1545 prolata»

2226 1567 2452 1631 credidi,
2482 1566 2715 1636 sumpsi;
2745 1575 2970 1621 czcteras
3002 1576 3183 1620 autem
3216 1567 3537 1637 prtetermisi.
3563 1566 3650 1621 Nec
3672 1586 3716 1618 et

2228 1671 2348 1712 meo
2374 1671 2531 1712 sensu
2560 1657 2610 1710 in
2653 1657 2753 1711 hoc
2779 1671 2943 1726 opere
2968 1657 3118 1727 plura
3159 1656 3376 1726 protuli,
3413 1657 3538 1711 sicut
3557 1657 3602 1709 in
3634 1656 3719 1708 alSLs

567 1746 641 1800 ris
682 1760 833 1799 llSlllll
873 1747 1069 1799 habere
1089 1747 1298 1817 cogitur
1327 1747 1544 1812 invitus,
1573 1748 1697 1815 quia
1728 1748 1978 1803 studiosis
2006 1756 2126 1803 tan—
2153 1741 2200 1800 B
2227 1746 2496 1817 opusculis
2524 1748 2659 1802 meis
2686 1746 2811 1812 feci,
2847 1749 3074 1802 credens
3113 1747 3297 1802 sobrio
3334 1745 3507 1801 lectori
3534 1744 3718 1801 suliicete

568 1847 677 1890 tum
729 1836 987 1895 laboravi.
1034 1851 1140 1889 non
1186 1836 1525 1892 fastidiosis:
1575 1838 1767 1893 melius
1811 1838 1957 1892 enim
1994 1837 2123 1891 mihi

567 1926 778 1979 videtur
806 1934 863 1978 ut
890 1925 1004 1977 sine
1033 1922 1232 1978 invidia
1254 1924 1487 1979 nominis
1511 1926 1614 1980 mei
1637 1933 1691 1980 et
1714 1927 1971 1997 despectu
1993 1942 2123 1995 ope-

570 2018 661 2083 ris,
698 2018 899 2087 absque
938 2031 1162 2071 raneore
1201 2017 1485 2087 tranquilla
1521 2027 1700 2073 mente
1733 2019 1876 2089 legat
1902 2034 1961 2073 ea
1983 2035 2102 2088 qua:

566 2107 664 2161 sibi
693 2107 945 2177 prodesse
973 2105 1161 2170 credit,
1192 2121 1496 2176 quamcum
1526 2107 1943 2177 reprehensione
1967 2117 2127 2179 atque

566 2197 814 2253 irrisione
839 2197 996 2251 alicui
1031 2197 1210 2266 operis
1252 2197 1458 2252 crimen
1498 2198 1846 2253 detractionis
1884 2200 2126 2255 incurrat

566 2297 724 2358 atque
751 2289 941 2342 anima:
965 2303 1075 2342 suae
1104 2288 1306 2356 peccati
1347 2298 1575 2343 mortem
1605 2289 1772 2343 Deum
1809 2287 2126 2345 olfendcndo

567 2378 692 2433 inde
720 2379 965 2449 acquirat
997 2396 1009 2431 :
1042 2377 1193 2432 illum
1238 2386 1416 2431 autem
1439 2378 1531 2447 qui
1570 2378 1800 2434 lectione
1829 2386 2014 2433 nostra
2048 2379 2123 2433 uti

566 2467 747 2535 elegit,
774 2468 1038 2521 admoneo
1063 2476 1123 2521 ut
1147 2467 1452 2535 ubicunque
1479 2468 1821 2537 conspexerit
1845 2478 2125 2523 auctorum

568 2557 804 2621 nomina,
829 2572 1054 2625 quorum
1085 2556 1225 2611 dicta
1252 2572 1316 2611 es
1342 2557 1493 2612 libris
1519 2558 1631 2612 suis
1660 2560 1927 2628 excerpsi,
1961 2559 2127 2613 forin-

567 2661 722 2702 secus
746 2646 798 2701 in
827 2647 1019 2717 pagina
1055 2647 1278 2718 singulis
1306 2647 1521 2711 litteris,
1546 2656 1639 2703 aut
1666 2649 1828 2714 binis,
1853 2665 1947 2705 seu
1965 2650 2127 2704 etiam

566 2736 735 2791 ternis
755 2744 1069 2806 praenotata,
1107 2753 1214 2792 non
1243 2737 1420 2807 pigeat
1449 2752 1573 2792 eum
1600 2738 1652 2792 in
1692 2738 1918 2809 legendo
1942 2753 2129 2795 coram

2227 1837 2367 1907 quod
2394 1838 2445 1891 in
2478 1836 2699 1892 Palmm
2737 1838 3020 1893 sententiis
3036 1836 3243 1891 editum
3266 1836 3531 1906 repererit.

2298 1926 2374 1980 De
2400 1932 2594 1981 ctctero
2623 1940 2835 1995 quoque
2873 1926 3159 1981 amabilem
3190 1926 3498 1981 charitatem
3522 1933 3637 1980 tuam
3653 1925 3716 1978 dr-

2226 2033 2417 2088 precor
2444 2026 2503 2072 ut
2526 2026 2578 2071 tu
2614 2018 2728 2087 ipse
2754 2033 2853 2088 pro
2878 2018 3115 2088 peccatis
3141 2018 3278 2073 meis
3305 2018 3563 2072 Dominum
3598 2017 3719 2070 inter-

2229 2108 2408 2171 cedas,
2456 2107 2793 2177 idipsumque
2834 2106 3077 2163 fraterno
3116 2107 3214 2163 tibi
3262 2122 3437 2162 amore
3474 2105 3717 2175 conjunctis-

2227 2198 2408 2253 facere
2452 2198 2703 2263 horteris,
2749 2207 3013 2266 quatenus
3056 2214 3155 2269 per
3188 2207 3367 2253 vestra
3404 2196 3621 2267 sull'ragia
3654 2211 3718 2247 ις-

2227 2290 2372 2343 niam
2401 2288 2716 2343 delictorum
2746 2303 2990 2343 meorum
3019 2289 3163 2358 apud
3198 2288 3429 2343 divinam
3451 2284 3716 2342 clementiam

2226 2380 2471 2450 accipere
2501 2395 2732 2445 merear,
2770 2388 2826 2434 et
2868 2380 2922 2433 in
2955 2379 3138 2433 futura
3165 2380 3276 2434 vita
3322 2395 3439 2434 cum
3464 2376 3620 2432 electis
3650 2374 3713 2427 ι)ιυὶ

2226 2471 2907 2540 requiem‘scmpitemam.
2951 2470 3349 2526 Beatitudinem
3397 2478 3548 2533 tuam,
3581 2473 3714 2521 sancte

2230 2559 2398 2615 frater
2423 2601 2439 2625 ,
2485 2571 2688 2617 aeterna
2731 2561 2931 2617 Christi
2980 2563 3241 2632 maiestas
3294 2561 3456 2617 sacris
3495 2556 3717 2614 virtutibus

2229 2653 2519 2723 pollentem
2541 2654 2594 2708 in
2628 2663 2890 2710 attentum
2914 2669 3249 2711 conservare
3281 2654 3531 2725 dignetur.

3180 2869 3715 2898 Μ

1881 2990 2466 3067 PROLOGUS.

641 3257 876 3311 Primum
904 3254 1161 3325 qumritur
1184 3268 1353 3323 quare
1377 3265 1497 3324 post
1517 3255 1824 3328 Evangelia,
1851 3270 1970 3325 qua:
2005 3270 2132 3323 sup-
2160 3260 2204 3320 C
2236 3254 2393 3310 l'estet
2436 3273 2449 3309 :
2501 3270 2626 3310 nam
2673 3254 2817 3312 hanc
2862 3270 2921 3311 se
2963 3254 3339 3326 proficiscente
3374 3252 3711 3325 Hierosolymam

568 3348 892 3416 plemeutum
923 3343 1079 3413 Legis
1125 3352 1269 3409 sunt,
1297 3357 1352 3399 et
1387 3345 1441 3398 iu
1473 3345 1667 3414 quibus
1697 3346 1852 3399 nobis
1886 3346 2130 3415 exempla

565 3445 625 3490 et
658 3444 921 3505 praecepta
950 3434 1156 3489 vivendi
1178 3434 1485 3503 plenissima
1513 3435 1715 3504 digesta
1737 3444 1882 3500 sunt,
1906 3436 2134 3491 voluerit

572 3524 853 3596 Apostolus
878 3527 976 3580 iras
1005 3524 1271 3594 Epistolas
1300 3523 1366 3577 ad
1401 3525 1639 3595 singulas
1672 3541 1910 3595 quasque
1944 3525 2129 3581 Eccle-

569 3617 681 3670 slas
711 3615 1009 3678 destinare;
1045 3615 1145 3669 hac
1183 3623 1360 3669 autem
1393 3631 1552 3669 causa
1582 3616 1633 3669 id
1659 3614 1860 3671 factum
1901 3618 2129 3684 videtur,

568 3713 630 3759 ut
675 3703 879 3759 scilicet
928 3703 1076 3758 initia
1116 3704 1383 3759 nascentis
1432 3705 1715 3773 Ecclesice,
1757 3707 1908 3762 novis
1956 3709 2132 3764 causis

569 3794 941 3859 existentibus,
992 3795 1370 3863 prmmuniret,
1423 3805 1477 3850 et
1531 3806 1591 3850 ut
1639 3797 1922 3865 pr:eseutia
1971 3806 2132 3868 atque

568 3885 795 3941 orientia
837 3894 1105 3940 resecaret
1141 3886 1266 3940 vitia
1296 3905 1307 3939 :
1346 3894 1399 3940 ct
1425 3896 1547 3957 post
1578 3886 1785 3942 futuras
1826 3888 2134 3944 excluderet

570 3974 896 4043 quaestiones
924 3974 1169 4043 exemplo
1208 3976 1613 4045 prophetarum,
1647 3976 1736 4046 qui
1785 3984 1906 4047 post
1933 3978 2132 4031 editam

574 4062 764 4133 Legem
796 4062 987 4133 Moysi.
1021 4063 1073 4116 in
1109 4079 1214 4133 qua
1253 4066 1435 4119 omnia
1472 4065 1566 4121 Dei
1608 4068 1858 4121 mandata
1886 4066 2136 4136 legeban-

575 4161 683 4217 tur,
714 4152 1063 4207 nihilominus
1098 4161 1279 4209 tamen
1322 4156 1565 4210 dcctriua
1596 4172 1690 4210 sua
1726 4157 1964 4211 rediviva
1992 4174 2136 4213 sem-

570 4255 669 4310 per
688 4240 865 4311 populi
889 4257 1255 4313 compressere
1277 4253 1494 4313 peccata
1526 4255 1581 4300 et
1598 4256 1814 4317 pr0ptcr
1832 4247 2133 4318 exemplum

573 4326 725 4385 libris
772 4330 837 4383 ad
875 4340 1113 4385 nostram
1141 4332 1303 4386 etiam
1355 4335 1666 4388 memoriam
1700 4336 2131 4391 transmiserunt.

576 4419 772 4473 Deinde
798 4420 1057 4488 quaeritur
1084 4436 1181 4475 cur
1203 4436 1307 4477 non
1332 4423 1561 4494 amplius
1594 4440 1753 4494 quam
1784 4427 1969 4481 decem
2013 4427 2135 4497 Epi-

570 4509 737 4565 stolas
752 4508 817 4561 ad
843 4508 1109 4564 Ecclesias
1130 4511 1405 4580 scripserit
1432 4532 1443 4565 ς
1469 4514 1651 4568 decem
1694 4524 1820 4569 sunt
1843 4516 1984 4570 enim
2010 4532 2132 4572 cum

2230 3344 2509 3414 scripsisse
2534 3352 2791 3409 testatur;
2814 3360 2935 3399 cum
2961 3344 3269 3401 Corinthios
3291 3354 3344 3401 et
3365 3345 3503 3409 alios,
3525 3352 3624 3396 ante
3636 3338 3711 3407 jam

2230 3442 2290 3487 ut
2318 3433 2501 3505 [etiam
2527 3434 2711 3506 quam]
2744 3434 3126 3500 ministerium,
3160 3437 3305 3507 quod
3344 3449 3509 3490 secum
3542 3437 3712 3502 portatu

2230 3540 2322 3580 rus
2366 3532 2505 3590 erat,
2550 3524 2881 3596 colligerent,
2919 3525 3113 3581 litteris
3156 3528 3462 3581 adhortatus
3495 3525 3570 3579 sit.
3608 3519 3711 3576 Unde

2232 3618 2453 3688 intelligi
2482 3618 2699 3687 quidam
2729 3618 2912 3673 volunt
2951 3619 3025 3673 ita
3066 3636 3260 3676 omnes
3285 3618 3529 3690 Epistolas
3556 3613 3712 3669 onlinac

2233 3717 2334 3774 tas,
2383 3720 2444 3763 ut
2488 3709 2660 3779 prima
2704 3718 3011 3779 poneretur,
3055 3712 3305 3781 quamvis
3332 3709 3569 3780 posterior
3601 3700 3711 3757 fueril

2233 3798 2528 3873 destinata,
2587 3808 2647 3853 ut
2701 3814 2798 3867 per
2853 3799 3090 3871 singulas
3154 3801 3412 3873 Epistolas
3470 3793 3716 3867 quibusdam

2232 3888 2384 3957 quasi
2410 3887 2664 3959 gradibus
2694 3889 2761 3943 ad
2794 3889 3184 3960 perfectionem
3212 3892 3490 3947 veniretur.
3514 3885 3710 3941 Bonnam-

2234 3996 2353 4034 rum
2383 3998 2609 4051 namque
2633 3982 2869 4052 plerique
2893 3992 3001 4038 tam
3028 3986 3188 4042 rudes
3212 3995 3383 4051 erant,
3419 3994 3470 4040 ut
3492 3998 3581 4037 non
3603 3974 3709 4033 intel-

2234 4070 2457 4140 ligerent
2478 4072 2567 4126 Dei
2602 4087 2658 4127 se
2679 4074 2871 4142 gratia,
2903 4091 3006 4129 non
3028 4075 3142 4131 suis
3168 4077 3373 4132 meritis
3392 4090 3499 4129 esse
3520 4071 3706 4127 salvatus.

2234 4167 2288 4212 et
2312 4159 2381 4213 ob
2416 4160 2515 4214 hoc
2541 4160 2643 4215 duo
2670 4162 2809 4217 inter
2845 4180 2902 4218 se
2941 4166 3123 4235 populi
3153 4166 3534 4229 conﬂictarent;
3565 4160 3709 4216 idcirco

2235 4249 2355 4305 illos
2400 4249 2636 4322 indigere
2682 4256 2876 4309 asserit
2932 4257 3261 4323 confirmari,
3308 4260 3431 4314 vitia
3468 4247 3708 4328 gentilitalis

2234 4338 2414 4408 priora
2453 4354 2915 4408 commemorans;
2965 4343 3260 4404 Corinthiis
3301 4356 3467 4402 autem
3504 4343 3595 4413 jam
3621 4333 3707 4390 dicit

2234 4428 2470 4483 scientia:
2495 4430 2719 4501 gratiam
2748 4446 2866 4488 esse
2886 4449 3216 4502 concessam,
3245 4446 3297 4493 et
3333 4453 3430 4492 non
3460 4444 3550 4489 tam
3578 4438 3707 4484 omm‘s

2235 4517 2493 4587 increpat,
2542 4536 2704 4591 quam
2742 4537 2843 4576 cur
2884 4534 3171 4594 peccantes
3219 4543 3320 4581 non
3360 4516 3705 4591 inrrepavcrint,

572 4595 660 4655 illa
685 4611 803 4665 quae
833 4596 1027 4651 dicitur
1054 4599 1121 4653 ad
1166 4598 1449 4666 Hebraeos;
1493 4618 1617 4656 nam
1662 4603 1878 4674 reliqua:
1904 4615 2135 4675 quatuor
2161 4601 2211 4659 D
2239 4611 2597 4678 reprehendit,
2622 4613 2760 4667 sicut
2780 4614 2891 4668 ait:
2927 4614 3157 4670 Auditur
3199 4619 3332 4672 inter
3377 4632 3460 4672 vos
3498 4602 3705 4678 ιὀηιὶιαιὶο

568 4684 640 4745 ad
660 4684 945 4754 discipulos
966 4687 1273 4754 specialiter
1296 4699 1421 4745 sunt
1449 4700 1707 4760 porrecta:
1748 4713 1760 4748 :
1794 4704 1850 4749 et
1879 4694 2131 4769 [scilicet]

570 4777 957 4835 utostenderet
974 4778 1179 4833 Novum
1209 4795 1316 4835 non
1330 4782 1639 4854 discrepare
1666 4800 1696 4838 a
1735 4786 1912 4840 Veteri
1943 4785 2132 4842 Testa-

572 4877 774 4933 mento,
804 4877 859 4922 et
879 4882 938 4923 se
958 4877 1144 4923 contra
1166 4870 1360 4941 Legem
1380 4887 1484 4927 non
1508 4872 1686 4931 facere
1717 4874 1902 4947 Moysi,
1934 4878 2002 4931 ad
2038 4894 2135 4932 nu-

574 4974 780 5014 merum
831 4959 1125 5029 primorum
1155 4959 1402 5031 Decalogi
1440 4963 1815 5019 mandatorum
1849 4981 1973 5021 suas
2009 4966 2134 5036 Epi-

574 5050 742 5115 stolas
773 5050 1076 5118 ordinavit;
1120 5060 1175 5107 et
1202 5061 1333 5122 quot
1360 5053 1448 5107 ille
1485 5057 1765 5124 prmeeptis
1792 5072 1822 5109 a
1860 5056 2138 5113 Pharaone

573 5142 803 5197 instituit
829 5141 1101 5208 liberatos,
1122 5144 1342 5199 totidem
1386 5145 1474 5199 hic
1501 5145 1753 5214 Epistolis
1781 5161 1811 5200 a
1852 5147 2047 5203 diaboli
2083 5156 2138 5204 et

572 5230 887 5295 idololatria:
912 5233 1169 5287 servitute
1194 5233 1381 5287 edocet
1402 5235 1694 5303 acquisitos
1724 5254 1736 5288 :
1779 5252 1900 5290 nam
1930 5246 1985 5291 et
2005 5239 2138 5292 duas

573 5320 782 5378 tabulas
839 5321 1077 5392 lapideas
1120 5324 1350 5378 duorum
1398 5325 1861 5381 Testamentorum
1913 5327 2137 5397 ﬁguram

570 5411 826 5469 habuisse
848 5413 950 5466 viri
979 5414 1326 5469 eruditissimi
1370 5416 1725 5470 tradiderunt.
1760 5417 1931 5473 Movet
1972 5419 2136 5474 etiam

573 5502 832 5568 quosdam
857 5518 1025 5570 quare
1055 5503 1418 5560 Romanorum
1458 5506 1700 5574 exempla
1745 5506 1798 5561 in
1826 5509 1999 5578 prima
2028 5510 2136 5564 sint

575 5591 767 5683 posita,
802 5609 922 5649 cum
949 5609 1069 5650 eam
1105 5613 1206 5650 non
1246 5600 1473 5668 primam
1506 5602 1761 5670 scriptam
1793 5603 1927 5658 ratio
1957 5605 2133 5658 mani-

2237 4702 2288 4774 (Ῑ
2320 4700 2442 4757 δην·
2469 4703 2558 4773 V);
2610 4713 2665 4758 et
2702 4706 2893 4760 iterum
2928 4725 2940 4760 :
2974 4704 3309 4780 Congregntis
3345 4707 3472 4761 vobis
3508 4716 3601 4756 cum
3628 4707 3703 4748 mw

2234 4795 2441 4864 spiritu,
2476 4796 2681 4851 tradere
2712 4798 3012 4866 Iutjuunodi
3053 4800 3312 4855 hominem
3336 4783 3700 4862 δαεαηω(1ιιίάο)ο

2235 4883 2292 4939 lu
2330 4885 2562 4941 secunda
2608 4902 2736 4942 vero
2775 4888 3081 4954 laudantur,
3124 4898 3181 4945 et
3217 4900 3274 4945 ut
3300 4888 3457 4957 magis
3494 4899 3548 4937 ac
3584 4873 3701 4942 magis

2234 4973 2518 5044 proﬁciant
2543 4976 2918 5031 admonentur.
2947 4977 3151 5034 Galatae
3177 4978 3285 5048 jam
3326 4977 3500 5033 nullius
3522 4963 3698 5026 criminis

2239 5074 2557 5135 arguuntur,
2583 5067 2683 5122 nisi
2711 5068 2814 5123 hoc
2846 5077 3050 5124 tantum
3081 5073 3221 5140 quod
3251 5064 3570 5126 callidissimis
3610 5070 3697 5124 apo-

2238 5156 2389 5211 stolis
2413 5158 2773 5213 crediderunt.
2793 5159 3003 5229 Ephesii
3029 5176 3159 5216 sane
3187 5162 3322 5217 nulla
3351 5149 3695 5229 reprehensione

2236 5246 2331 5300 sed
2357 5246 2521 5300 multa
2550 5247 2703 5302 laude
2736 5257 2864 5303 sunt
2900 5249 3067 5320 digni,
3096 5253 3220 5320 quia
3254 5250 3401 5305 ﬁdem
3430 5238 3695 5314 apostolic'un

2238 5348 2608 5393 servaverunt.
2637 5339 3001 5410 Philippenscs
3027 5343 3188 5396 etiam
3217 5343 3369 5397 multo
3390 5336 3535 5406 magis
3555 5327 3697 5384 collau-

2240 5429 2455 5495 dantur,
2479 5432 2569 5499 qui
2599 5448 2698 5487 nec
2730 5433 2916 5489 audire
2952 5434 3164 5504 quidem
3205 5433 3355 5488 falsos
3381 5422 3603 5501 apostolos
3632 5426 3695 5464 *θ’

2240 5520 2471 5598 luerunt.
2497 5522 2841 5579 Colosseuses
2863 5535 3037 5581 autem
3073 5526 3204 5580 tales
3238 5532 3395 5584 erant,
3424 5527 3585 5573 meum

2238 5596 2493 5666 810Ιὰνίδὶ
2523 5614 2872 5681 corporaliter
2912 5632 3013 5669 uou
3052 5616 3290 5681 ﬁnissent,
3316 5614 3406 5672 hac
3434 5604 3560 5662 laude
3590 5595 3690 5661 (ἰὶὅιίί
