3998 6202
309 295 447 351 19.77

845 292 1394 352 ENARRATIONUH
1431 294 1500 352 IN
1534 296 1685 352 EPP.
1725 297 1930 355 PAULI
1967 298 2095 354 LIB.
2135 298 2178 353 ι.
2228 330 2287 339 —-
2326 298 2393 354 IN
2432 298 2649 355 EQIST.
2689 299 2783 355 AD
2818 298 2986 361 ROM.

3402 305 3539 362 I278

298 410 630 465 haberentur
661 418 677 459 :
718 406 780 461 Et
827 409 872 463 si
899 425 1113 480 corpore
1153 409 1335 464 absens
1375 425 1512 475 sum,
1559 410 1649 465 sed
1677 410 1863 480 spiritu
1891 415 1939 474 Α
1966 426 2087 466 esse
2114 409 2387 465 dicuntur?
2415 410 2555 465 sicut
2580 410 2693 479 ipse
2720 410 2796 465 ait
2826 424 2840 464 :
2868 410 2935 464 Et
2964 426 3049 465 vos
3077 415 3266 481 ﬂatres
3296 415 3397 468 mei
3416 415 3539 469 imi-

295 501 578 563 vobiscum,
602 498 834 568 gaudens
857 511 906 554 et
929 500 1104 555 videns
1123 502 1356 556 ordinem
1376 510 1597 556 vestrum
1613 499 1748 572 (Col.
1773 502 1857 571 ιι).

296 589 804 646 Thessalonicenses
856 590 1211 647 nihilominus
1253 593 1307 646 in
1359 593 1568 648 duabus
1608 593 1862 675 Epistolis

295 680 444 735 omni
466 679 624 733 laude
656 681 1017 748 prosequitur,
1061 695 1127 735 eo
1165 682 1307 751 quod
1343 697 1453 736 non
1492 682 1662 737 solum
1700 682 1861 737 ﬁdem

244 763 256 775 ’
298 771 667 824 inconcussam
692 769 1023 824 servaverint
1047 771 1307 835 veritatis,
1343 772 1436 825 sed
1466 772 1629 826 etiam
1658 771 1709 825 in
1740 788 1861 840 per-

296 858 571 913 secutione
594 857 791 911 civium
831 855 1030 913 fuerint
1057 868 1363 915 constantes
1393 861 1612 915 inventi.
1643 860 1719 914 De
1751 860 1853 916 He-

296 948 457 1002 braeis
493 963 622 1002 vero
645 948 773 1017 quid
809 949 1092 1006 dicendum
1124 961 1225 1016 est,
1257 965 1484 1020 quorum
1514 951 1860 1006 Thessaloni-

297 1052 508 1103 oeascs,
542 1039 632 1108 qui
664 1038 953 1109 plurimum
982 1039 1181 1093 laudati
1220 1050 1366 1107 sunt,
1401 1040 1698 1096 imitatores
1735 1041 1859 1094 facti

1967 512 2159 556 latores
2185 500 2311 570 farti
2334 501 2457 555 estis
2502 500 2857 555 Ecclesiarum
2899 501 2999 556 Dei
3024 518 3140 572 quae
3175 513 3297 578 sunt
3342 506 3396 560 in
3433 506 3538 561 Ju-

1966 589 2083 643 da’a
2113 602 2132 641 .'
2162 589 2344 644 eadem
2385 590 2523 643 enim
2553 592 2695 659 passi
2730 591 2853 644 estis
2878 600 2928 645 et
2967 608 3057 646 eos
3083 610 3115 646 a
3157 594 3532 651 centribulibus

1965 680 2164 741 reatris,
2186 695 2304 748 qua!
2325 686 2372 732 et
2399 677 2478 731 illi
2522 694 2556 731 a
2578 677 2780 733 Judwis
2816 679 2868 751 (I
2906 679 3084 734 Thess.
3111 680 3193 751 ιι).
3216 681 3369 750 Apud
3390 684 3536 752 ipsos

1966 784 2178 839 quoque
2201 767 2453 823 llebrteos
2486 767 2672 823 eadem
2696 778 3102 836 commemorat,
3133 771 3316 826 dicens
3344 787 3358 825 :
3389 772 3529 827 Nam

1964 875 2010 916 et
2042 863 2197 916 vincti
2217 860 2476 930 emnpassi
2513 860 2656 925 estis,
2685 868 2733 914 et
2767 860 3005 930 rapinam
3043 861 3295 915 bonorum
3334 872 3531 916 vestro-

1965 968 2081 1006 rum
2110 968 2227 1005 cum
2264 949 2457 1021 gaudio
2498 948 2815 1019 suscepistis,
2845 962 3201 1019 cognoscentes
3231 968 3317 1006 vos
3343 953 3532 1006 habere

1967 1039 2224 1095 meliorem
2248 1050 2295 1093 et
2322 1047 2615 1092 manentem
2651 1040 2998 1093 substantiam
3028 1040 3214 1112 (Hebr.
3243 1040 3320 1109 χ).
3544 1026 3545 1029 η

1388 1294 1794 1406 LIBER
1876 1293 2446 1416 PRIMUS.

821 1581 1367 1661 EXPOSITIO
1443 1583 1556 1661 IN
1634 1580 2210 1659 EPIS-TOLAM
2283 1587 2418 1661 AD
2478 1586 2981 1667 BOMANOS.

829 1829 1335 1888 ARGUMENTUM.

363 1923 591 1998 (Arnim)
620 1924 691 1980 Ut
714 1939 894 1987 rerum
923 1920 1113 1976 notitia
1152 1921 1418 1975 habeatur
1452 1916 1682 1989 plenior,
1708 1915 1858 1985 prin-

291 2017 431 2088 cipia
464 2030 650 2071 earum
690 2013 1013 2083 requirenda
1055 2018 1180 2066 sunt
1209 2010 1398 2080 prius:
1428 2017 1558 2063 tunc
1584 2006 1727 2060 enim
1761 2020 1857 2074 po-

293 2116 390 2163 test
419 2106 629 2162 facilius
657 2121 836 2162 causai
872 2104 1011 2159 ratio
1052 2102 1338 2167 declarari,
1370 2101 1413 2154 si
1448 2100 1566 2170 ejus
1602 2099 1758 2168 origo
1783 2098 1857 2151 di-

290 2208 490 2256 scatur.
515 2199 647 2254 Cum
675 2198 817 2253 enim
845 2195 1095 2266 Epistulae
1121 2196 1256 2250 datae
1272 2192 1487 2248 modum
1513 2199 1569 2246 et
1594 2191 1854 2244 rationem

290 2287 706 2350 ostenderimus,
757 2293 934 2356 potest
978 2298 1162 2338 verum
1205 2280 1374 2336 videri
1420 2280 1561 2349 quod
1605 2278 1851 2333 dicimus.

292 2375 561 2448 (Hierom)
594 2376 841 2439 Romani,
874 2374 963 2443 qui
992 2387 1058 2426 ex
1093 2372 1290 2427 Judmis
1318 2370 1709 2439 gentilibusque
1737 2382 1856 2422 cre-

292 2468 565 2531 diderunt,
592 2468 645 2521 hi
669 2469 897 2538 superba
927 2465 1269 2522 contentione
1322 2463 1570 2518 volebant
1612 2477 1669 2517 se
1695 2462 1855 2515 alter-

290 2565 469 2611 utrum
491 2554 868 2627 superponere.
892 2556 1023 2614 Nam
1038 2556 1204 2611 Judaei
1228 2555 1477 2611 dicebant
1502 2573 1513 2606 :
1538 2553 1644 2608 Nos
1670 2569 1855 2608 sumus

293 2650 517 2722 populus
545 2650 656 2716 Dei,
688 2666 823 2719 quos
843 2651 911 2705 ab
947 2649 1099 2704 initio
1128 2648 1317 2704 dilexit
1349 2655 1404 2702 et
1427 2644 1597 2722 fovit;
1632 2661 1730 2700 nos
1751 2645 1856 2700 cir-

291 2741 514 2796 cumcisi
540 2755 609 2795 ex
646 2756 841 2811 genere
884 2740 1180 2804 Abraham,
1212 2753 1279 2793 ex
1317 2716 1486 2807 stirpe
1530 2744 1717 2791 sancta
1755 2736 1849 2808 de-

290 2833 616 2897 scendimus,
644 2840 699 2887 et
721 2841 880 2887 notus
903 2842 1048 2888 retro
1073 2832 1212 2901 apud
1232 2830 1468 2885 Judmam
1489 2837 1691 2883 tantum
1716 2830 1853 2883 Deus

291 2922 464 2993 (Psal.
492 2926 684 2996 uxr);
713 2941 811 2981 nos
835 2927 901 2980 de
925 2925 1158 2997 Egypto
1186 2924 1279 2979 Dei
1308 2924 1474 2995 signis
1496 2932 1549 2979 et
1567 2923 1854 2978 virtutibus

290 3013 501 3070 liberati
530 3032 678 3072 mare
704 3018 848 3073 sicco
881 3019 1229 3073 transivimus
1255 3018 1410 3087 pede,
1456 3033 1578 3072 cum
1607 3016 1853 3070 inimicos

288 3112 500 3159 nostros
524 3105 823 3172 gravissimi
862 3104 1052 3161 lluctus
1074 3106 1406 3161 involverent
1434 3120 1448 3159 :
1481 3105 1635 3160 nobis
1658 3118 1854 3158 manna

1837 1743 2113 1760 *ἡ

1884 1828 1929 1886 Β
1959 1840 2054 1881 vos
2089 1842 2248 1881 manu
2274 1829 2450 1885 valida
2498 1831 2768 1901 ejecerat,
2819 1833 2995 1888 redire
3044 1834 3341 1905 cupientes.
3392 1838 3529 1905 Quid

1958 1914 2150 1984 plura?
2182 1918 2254 1971 ita
2298 1918 2486 1975 Patres
2530 1923 2695 1976 vestri
2721 1926 2910 1977 crebra
2934 1926 3314 1992 provocatione
3348 1926 3529 1983 Domi-

1958 2022 2084 2059 num
2128 2007 2507 2075 irritaverant,
2553 2020 2611 2065 ιιι
2633 2027 2819 2067 omnes
2850 2014 2901 2066 in
2932 2029 3113 2068 eremo
3150 2027 3523 2083 morerentur,

1961 2110 2060 2150 nec
2089 2095 2270 2164 plures
2298 2113 2365 2152 ex
2392 2100 2697 2155 senioribus
2741 2116 2926 2155 eorum
2958 2118 3117 2171 quam
3153 2104 3259 2158 duo
3283 2104 3529 2161 homines

1957 2196 2155 2241 terram
2181 2190 2550 2257 promissionis
2594 2191 2876 2246 intrarent.
2907 2192 3010 2247 Sed
3035 2194 3161 2262 quid
3193 2195 3410 2264 antiqua
3442 2210 3529 2249 re-

1957 2279 2235 2349 plicantes,
2284 2297 2403 2335 cum
2443 2282 2631 2348 etiam,
2675 2283 2717 2336 si
2745 2283 2831 2336 illa
2874 2284 3095 2339 minime
3130 2284 3413 2348 fecissetis,
3458 2286 3525 2341 de

1957 2371 2058 2425 hoc
2084 2370 2197 2425 solo
2226 2388 2320 2427 vos
2355 2388 2510 2427 nemo
2542 2373 2730 2443 dignos
2767 2376 2933 2428 venire
2953 2374 3220 2443 judicaret
3247 2376 3388 2444 (good
3421 2377 3525 2430 Do-

1956 2460 2157 2514 minum
2185 2460 2454 2517 Christum
2485 2465 2861 2533 pr0phetarum
2888 2479 3097 2533 semper
3118 2465 3269 2518 vobis
3301 2466 3522 2522 vocibus

1954 2550 2336 2617 repromissum
2362 2592 2376 2615 ,
2426 2567 2529 2605 non
2574 2552 2742 2606 solum
2788 2553 3060 2622 suscipere
3104 2554 3372 2618 noluistis,
3428 2557 3524 2610 sed

1954 2639 2115 2693 etiam
2168 2651 2337 2696 morte
2392 2644 2622 2711 pessima
2677 2644 2981 2711 peremistis
3038 2662 3049 2698 :
3105 2659 3263 2713 quem
3312 2662 3410 2700 nos
3463 2656 3522 2700 ut

1956 2733 2329 2802 cognovimus,
2375 2736 2556 2788 statim
2601 2735 2949 2800 credidimus,
2998 2751 3120 2790 cum
3170 2737 3323 2791 nobis
3349 2737 3415 2792 de
3459 2752 3523 2791 eo

1959 2840 2062 2876 non
2101 2823 2264 2877 fuerit
2298 2834 2423 2878 ante
2450 2825 2816 2895 praedicatum.
2851 2825 3000 2881 Unde
3026 2825 3285 2895 probatur
3310 2827 3448 2895 quod
3480 2826 3523 2880 si

1955 2912 2111 2967 idolis
2139 2915 2479 2980 servivimus,
2507 2932 2610 2970 non
2640 2917 2984 2972 obstinationi
3010 2920 3224 2984 mentis,
3255 2920 3347 2973 sed
3370 2921 3525 2990 igno-

1957 3004 2143 3059 rantia:
2182 3006 2561 3074 deputandum.
2590 3008 2689 3074 Qui
2718 3009 2857 3062 enim
2887 3010 3125 3079 agnitum
3171 3010 3310 3064 illico
3341 3012 3524 3080 sequi-

1957 3108 2095 3157 mur,
2122 3093 2247 3147 olim
2290 3095 2472 3164 utique
2503 3112 2882 3167 sequeremur,
2928 3100 2973 3154 si
3024 3109 3147 3153 ante
3181 3102 3523 3171 cognovisse-

292 3194 424 3265 pluit
450 3194 710 3251 Dominus
741 3197 792 3250 in
818 3196 1051 3260 deserto,
1082 3204 1137 3251 et
1165 3197 1316 3265 quasi
1348 3196 1471 3251 ﬁliis
1494 3197 1606 3251 suis
1633 3194 1852 3249 coaleste
1879 3186 1925 3250 C
1957 3199 2094 3238 ""15.
2128 3183 2217 3239 Sic
2260 3196 2439 3241 amem
2484 3202 2579 3242 ""3
2611 3190 2675 3243 (³ο
2714 3190 2928 3259 generis
2972 3191 3249 3245 "omnia"?
3280 3191 3523 3259 Ῑῦοιῖιῑῖδν

291 3284 540 3354 pabulum
570 3286 925 3349 ministravit;
967 3303 1064 3342 nos
1092 3288 1176 3342 die
1210 3295 1478 3357 noctuque
1504 3288 1556 3340 in
1602 3286 1853 3341 columna

291 3375 450 3430 nubis
471 3376 714 3446 ignisque
735 3378 1028 3447 praecessit,
1050 3386 1110 3432 ut
1132 3378 1285 3433 nobis
1306 3378 1359 3432 in
1388 3378 1530 3432 invio
1554 3378 1655 3432 iter
1676 3386 1859 3431 osten-

290 3464 443 3519 de'ret
470 3463 664 3536 (Exod.
693 3482 791 3531 xu,
825 3483 946 3528 XIII,
976 3482 1065 3520 xiv
1090 3477 1136 3519 et
1161 3465 1324 3536 seqq.)
1356 3483 1370 3521 :
1403 3475 1561 3535 atque
1585 3474 1644 3519 ut
1664 3473 1857 3519 czetera

289 3551 405 3621 (jus
432 3554 576 3609 circa
604 3570 702 3609 nos
728 3557 988 3610 immensa
1017 3553 1275 3609 beneﬁcia
1306 3562 1602 3617 taceamus,
1633 3569 1733 3607 uos
1757 3553 1856 3608 soli

291 3643 435 3717 digni
481 3641 680 3698 fuimus
710 3644 801 3698 Dei
849 3643 1020 3713 legem
1051 3643 1318 3713 accipere,
1342 3651 1395 3697 et
1419 3658 1601 3698 vocem
1649 3642 1737 3697 Dei
1776 3641 1855 3694 lo-

289 3733 506 3801 quentis
551 3733 756 3797 audire,
800 3732 1022 3803 ejusque
1060 3748 1385 3803 cognoscere
1420 3732 1769 3795 voluntatem,
1801 3731 1855 3785 in

289 3838 393 3891 qua
414 3822 527 3893 lege
552 3823 707 3877 nobis
728 3824 1027 3898 promissus
1047 3831 1130 3878 est
1151 3823 1414 3888 Christus,
1439 3824 1506 3877 ad
1530 3839 1665 3891 quos
1693 3822 1856 3876 etiam

288 3911 402 3981 ipse
432 3927 489 3965 se
528 3914 739 3966 venisse
778 3919 1003 3965 testatus
1043 3918 1146 3975 est,
1185 3910 1370 3964 dicens
1399 3928 1412 3964 :
1442 3909 1567 3963 Non
1606 3910 1719 3962 veni
1754 3908 1855 3963 nisi

287 4001 356 4052 ad
391 4017 526 4066 oves,
564 4017 681 4071 qua:
726 4000 1006 4070 perierunt.
1060 4000 1244 4053 domus
1283 3997 1427 4052 Irae!
1470 3998 1684 4069 (Matth.
1736 3997 1853 4068 xv),

288 4105 409 4145 cum
442 4104 534 4143 vos
566 4105 727 4145 canes
771 4090 951 4160 potius
992 4104 1154 4160 quam
1192 4089 1439 4150 homines
1484 4088 1849 4157 appellaverit.

287 4179 523 4249 :Equum
554 4196 620 4237 ne
648 4196 776 4252 ergo
796 4190 880 4235 est
905 4188 963 4235 ut
993 4181 1150 4235 hodie
1186 4180 1331 4235 idola
1368 4180 1698 4247 deserentes,
1735 4180 1852 4249 qui-

288 4269 389 4323 bus
422 4269 490 4323 ab
510 4270 663 4324 initio
689 4269 1022 4336 deservistis,
1050 4269 1204 4323 nobis
1233 4270 1639 4339 comparemini,
1671 4277 1724 4324 et
1747 4284 1853 4323 non

287 4359 467 4430 potius
502 4362 554 4414 in
590 4360 986 4430 proselytorum
1035 4359 1151 4417 loco
1179 4375 1245 4414 ex
1274 4360 1408 4431 legis
1443 4361 1763 4414 auctoritate
1800 4367 1855 4413 et

287 4452 672 4505 consuetudine
709 4451 1063 4521 deputemini;
1109 4460 1164 4505 et
1195 4452 1298 4506 hoc
1335 4451 1507 4520 ipsum
1538 4466 1642 4504 non
1681 4465 1853 4504 mere-

288 4540 512 4604 bamiui,
533 4541 634 4595 nisi
662 4520 789 4610 quia
822 4542 971 4610 larga
995 4542 1087 4596 Dei
1129 4557 1339 4611 semper
1367 4540 1650 4596 clementia
1681 4539 1851 4594 voluit
1878 4520 1928 4578 D

286 4646 385 4685 vos
407 4632 473 4685 ad
502 4640 739 4687 nostram
764 4633 1114 4687 imitationem
1143 4630 1669 4687 admittereiGeutes
1688 4632 1849 4686 etiam

289 4736 320 4777 c
346 4723 619 4777 contrario
654 4722 1051 4792 respondebant
1082 4740 1095 4775 :
1131 4706 1342 4788 Quanto
1371 4720 1574 4790 majora
1599 4735 1724 4790 erga
1759 4735 1852 4775 vos

291 4813 383 4867 Dei
420 4811 680 4867 beneﬁcia
715 4813 1083 4876 narraveritis,
1115 4820 1261 4865 tanto
1293 4810 1509 4879 majoris
1552 4825 1644 4863 vos
1672 4810 1854 4863 crimi-

288 4904 374 4957 nis
408 4918 526 4958 esse
574 4918 695 4958 reos
743 4902 1134 4966 monstrabitis,
1175 4916 1389 4970 semper
1429 4900 1574 4954 enim
1618 4899 1702 4953 his
1737 4914 1854 4952 om-

290 4993 448 5047 nibus
493 4994 776 5049 exstitistis
822 4992 1037 5064 ingrati.
1101 4991 1233 5045 Nam
1283 4991 1413 5060 ipsis
1465 4991 1687 5063 pedibus
1735 4989 1852 5059 qui-

286 5086 390 5138 bus
436 5086 644 5139 aridum
694 5100 843 5140 mare
890 5083 1178 5147 transistis,
1224 5082 1488 5136 ludebatis
1540 5091 1664 5135 ante
1713 5081 1852 5135 idola

285 5190 406 5243 qua:
452 5174 690 5240 fecistis;
721 5184 777 5229 et
819 5175 935 5243 ipso
978 5187 1071 5229 ore
1107 5187 1214 5241 quo
1260 5172 1420 5242 paulo
1466 5181 1591 5225 ante
1641 5171 1710 5225 ob
1760 5187 1849 5224 nc-

285 5279 404 5318 cem
446 5265 739 5318 adversarii
777 5264 1001 5319 Domino
1029 5262 1406 5342 cantaveratis,
1443 5260 1725 5315 simulacra
1754 5276 1850 5314 vo-

286 5353 371 5408 bis
420 5353 532 5408 ﬁeri
571 5354 907 5424 poposcistis.
944 5354 1052 5408 Illis
1090 5351 1258 5406 oculis
1304 5350 1605 5405 veneranda
1658 5349 1853 5418 quibus

290 5445 499 5499 Domini
530 5446 584 5498 in
610 5446 751 5500 nube
777 5453 833 5499 et
859 5444 979 5515 igne
1006 5443 1316 5512 conspicere
1343 5439 1618 5497 solebatis.
1660 5438 1852 5492 Manna

285 5550 501 5605 quoque
544 5536 698 5590 vobis
735 5535 952 5590 fastidio
993 5534 1130 5597 fuit,
1183 5541 1237 5587 et
1281 5546 1494 5600 semper
1545 5530 1597 5583 in
1641 5529 1852 5583 deserto

286 5633 475 5685 contra
508 5626 787 5685 Dominum
834 5623 1232 5690 murmurastis,
1258 5624 1325 5677 ad
1363 5612 1675 5694 Egyptian,
1708 5620 1849 5674 unde

1957 3274 2110 3343 quasi
2145 3291 2247 3328 non
2278 3291 2485 3331 morum
2516 3277 2744 3331 imitatio
2770 3279 2940 3349 magis
2971 3294 3131 3348 quam
3160 3269 3392 3334 carnalis
3426 3297 3523 3334 na-

1958 3364 2138 3419 tivitas
2192 3382 2286 3420 vos
2334 3367 2497 3422 faciat
2544 3368 2682 3424 ﬁlios
2733 3385 2851 3425 ess:
2903 3380 3232 3425 sanctorum.
3285 3371 3523 3439 Denique

1958 3456 2094 3509 Esau
2119 3465 2174 3511 ct
2202 3458 2408 3522 Ismael,
2445 3474 2563 3513 Clllll
2604 3476 2667 3512 ex
2697 3461 2925 3514 Abrahae
2952 3461 3118 3529 stirpe
3144 3462 3273 3524 sint,
3303 3461 3520 3517 minimc

1957 3544 2009 3598 in
2035 3544 2171 3600 ﬁlios
2196 3556 2528 3616 rep-.:tantor.
2564 3548 2657 3604 liis
2683 3549 2861 3604 taliter
2890 3549 3273 3603 altercantibus
3298 3550 3524 3618 Aposto-

1955 3635 2038 3690 lus
2090 3652 2149 3691 se
2201 3638 2434 3691 medium
2485 3639 2859 3708 interponens,
2919 3640 2990 3693 ita
3039 3640 3269 3710 partium
3321 3639 3527 3693 (ιίιὶιιιὶι

1955 3729 2301 3797 qmestiones,
2344 3737 2400 3781 ut
2430 3738 2677 3782 neutrum
2709 3745 2895 3783 eorum
2922 3745 3016 3783 sua
3040 3729 3250 3799 justitia
3297 3729 3524 3783 salutem

1956 3821 2218 3874 meruisse
2252 3820 2538 3885 ostendat;
2568 3822 2753 3875 ambos
2784 3836 2912 3876 vero
2941 3821 3161 3890 pepulos
3197 3827 3251 3873 et
3289 3819 3524 3874 scienter

1955 3915 2010 3961 et
2030 3908 2263 3977 graviter
2300 3908 2585 3976 deliquisse
2610 3927 2622 3961 :
2652 3907 2885 3972 Judwos,
2912 3908 3051 3976 quod
3077 3921 3171 3977 per
3201 3908 3521 3975 prmvarica-

1958 3998 2154 4050 tionem
2202 3996 2333 4067 legis
2398 3996 2561 4049 Deum
2618 3996 3088 4060 inbonoravcrint,
3138 4004 3325 4065 gentes
3372 4010 3522 4059 vero,

1955 4087 2095 4158 quod
2122 4102 2242 4141 cum
2276 4086 2545 4157 cognitum
2573 4087 2637 4140 de
2663 4094 2906 4140 creatura
2949 4092 3248 4140 creatorem
3273 4092 3330 4138 ut
3352 4085 3521 4141 Deum

1955 4180 2238 4233 debuerint
2265 4178 2530 4243 venerari,
2557 4178 2778 4249 gloriam
2802 4177 2918 4246 ejus
2940 4179 2991 4231 in
3017 4193 3173 4230 manu
3198 4177 3338 4229 facta
3359 4177 3521 4229 simu-

1954 4269 2099 4323 lacra
2150 4269 2590 4323 immutaverint:
2625 4278 2880 4338 utrosque
2929 4268 3092 4322 etiam
3139 4265 3388 4322 similiter
3425 4280 3521 4318 ve-

1955 4360 2098 4414 niam
2152 4367 2486 4424 consecutos,
2535 4358 2770 4428 :equales
2810 4374 2930 4414 esse
2978 4358 3259 4412 verissima
3313 4357 3521 4410 ratione

1955 4450 2306 4513 demonstrat,
2324 4447 2621 4517 przesertim
2640 4462 2759 4499 cum
2785 4446 2839 4501 in
2862 4446 3047 4500 eadem
3070 4444 3185 4515 lege
3208 4445 3522 4514 praedictum

1956 4540 2026 4594 sit
2047 4550 2101 4592 et
2127 4537 2342 4592 Judaeos
2375 4544 2431 4592 et
2458 4544 2644 4606 gentes
2674 4535 2740 4590 ad
2773 4536 2973 4590 Christi
3016 4536 3173 4589 ﬁdem
3213 4535 3518 4599 vocandus;

1956 4625 2302 4697 quamobrem
2345 4624 2581 4680 vicissim
2626 4637 2720 4678 eos
2759 4623 3077 4686 humilians,
3130 4624 3193 4676 ad
3236 4638 3419 4692 pacem
3470 4632 3526 4678 et

1956 4718 2296 4773 concordiam
2350 4717 2686 4771 cohortatur.
2746 4714 3014 4787 (Ambr.)
3066 4715 3287 4770 Constat
3344 4716 3524 4782 itaque

1958 4808 2287 4876 temporibus
2307 4806 2667 4876 apostolorum
2707 4803 2919 4859 Judzeos
2943 4813 3228 4875 propterea
3253 4804 3393 4871 quod
3422 4804 3522 4855 sub

1956 4912 2119 4966 regno
2139 4896 2380 4951 Rettiano
2415 4900 2657 4965 agerent,
2686 4893 2869 4948 Romae
2899 4893 3199 4954 habitasse;
3237 4905 3301 4943 ex
3327 4890 3521 4958 quibus

1960 4987 2014 5041 bi
2053 4986 2143 5055 qui
2175 4985 2532 5049 crediderant,
2578 4984 2913 5037 tradiderunt
2950 4982 3235 5042 Romanis,
3270 4988 3327 5032 ut
3364 4978 3520 5032 Chri-

1958 5089 2097 5133 stum
2134 5077 2447 5146 proﬁtcntes
2488 5075 2659 5145 legem
2702 5082 3007 5135 servarent;
3050 5070 3274 5123 Romani
3317 5077 3516 5131 autem,

1957 5168 2137 5222 audita
2164 5166 2304 5221 tanta
2343 5166 2595 5218 virtutum
2628 5163 2848 5225 Christi,
2883 5160 3067 5214 faciles
3096 5161 3161 5214 ad
3194 5158 3519 5213 credendum

1957 5257 2191 5311 fuerunt.
2220 5263 2276 5308 ut
2300 5263 2422 5322 pote
2446 5254 2763 5322 prudentes;
2788 5266 2885 5305 nec
2911 5250 3181 5303 immerito
3203 5249 3517 5318 prodeuntes,

1916 5341 1933 5358 '
1957 5347 2046 5416 qui
2080 5345 2218 5398 male
2262 5342 2463 5397 inducti
2509 5342 2691 5395 statim
2727 5339 2953 5394 correcti
2992 5347 3148 5402 sunt,
3187 5346 3239 5391 et
3270 5351 3517 5406 perman-

1954 5443 2141 5491 serunt
2167 5435 2220 5488 in
2249 5448 2314 5488 eo
2346 5450 2359 5486 :
2392 5433 2443 5486 hi
2475 5447 2602 5503 ergo
2631 5448 2697 5487 ex
2731 5430 2929 5486 Iudaeis
2969 5430 3251 5484 credentes
3278 5427 3515 5499 Christo,

1952 5534 2009 5579 ut
2040 5525 2199 5578 datur
2224 5520 2461 5592 intelligi,
2495 5536 2596 5576 non
2632 5520 2966 5591 accipiebant
2996 5519 3277 5573 Dominum
3306 5532 3425 5572 esse
3452 5519 3518 5573 de

1952 5618 2082 5681 Deo,
2112 5623 2361 5686 putantes
2384 5613 2474 5667 uni
2501 5613 2610 5668 Deo
2634 5613 2948 5675 adversum;
2980 5611 3327 5681 quamobrem
3359 5618 3518 5679 negat
