3998 6202
484 319 621 376 12⁸9

1066 353 1070 358 -
1147 319 1210 375 Β.
1250 321 1498 378 RABANI
1533 322 1754 380 MAIIRI
1790 320 2102 380 ABCIIIEP.
2143 319 2450 377 MOGUNT.
2487 317 2769 376 OPERUM
2808 317 2988 375 PARS
3023 317 3110 375 III.

3591 319 3732 376 uso

477 439 601 493 illos
623 435 917 507 spiritalem
950 433 1044 491 Dei
1067 439 1297 507 gratiam
1335 449 1654 494 consecutos
1675 481 1688 504 ,
1727 456 1790 494 ac
1821 455 1918 510 per
1945 443 2048 494 hoc
2076 435 2122 494 A
2150 449 2278 488 vero
2317 448 2442 505 erga
2489 433 2711 488 Paulum
2755 433 3061 488 invenimus
3097 433 3205 488 tale
3240 432 3444 504 aliquid
3491 445 3730 506 gestum.

479 526 943 582 conﬁrmationem
989 527 1070 580 eis
1112 525 1318 581 deesse.
1371 527 1582 584 llisuut
1628 531 1799 599 quiet
1831 528 2048 585 Galatas

479 619 887 680 snbverterant,
932 628 991 670 ut
1043 632 1072 670 a
1133 618 1420 673 traditione
1485 620 1846 689 apostolorum
1902 635 2048 674 rece-

480 709 690 771 dercnt,
739 710 933 778 quibus
963 709 1083 763 ideo
1110 709 1363 765 irascitur
1398 710 1706 779 Apostolus,
1744 712 1866 781 quia
1904 711 2048 766 docti

479 797 654 862 bene,
710 799 865 853 facile
919 798 1214 853 transducti
1269 798 1509 864 fuerant;
1565 801 1820 855 Romanis
1871 809 2052 854 autem

481 891 641 944 irasci
667 906 770 944 non
796 891 998 956 debuit,
1022 891 1114 946 sed
1148 900 1202 948 et
1225 891 1445 948 laudare
1475 893 1632 948 ﬁdem
1662 895 1894 958 illorum,
1921 895 2047 963 quia

480 982 624 1036 nulla
655 983 882 1053 insignia
913 984 1168 1038 virtutum
1193 985 1438 1040 videntes
1460 1001 1559 1039 nec
1586 986 1816 1055 aliquem
1845 995 2052 1055 aposto.

480 1072 674 1135 lorum,
706 1082 1056 1142 susceperant
1081 1073 1237 1128 ﬁdem
1261 1073 1482 1142 Christi,
1525 1076 1629 1130 ritu
1657 1075 1782 1132 licet
1803 1075 2047 1140 Iudaico,

479 1161 534 1215 in
558 1161 736 1216 verbis
768 1163 948 1230 potius
975 1179 1134 1232 quam
1177 1167 1230 1218 in
1275 1180 1458 1219 sensu.
1503 1164 1616 1218 Non
1657 1166 1798 1219 enim
1839 1165 2050 1234 exposi—

482 1262 592 1304 tum
621 1251 725 1306 illis
753 1251 928 1305 fuerat
949 1253 1262 1322 mysterium
1290 1254 1467 1308 crucis
1491 1253 1724 1318 Christi;
1767 1261 2047 1322 propterea

479 1342 800 1410 quibusdam
839 1344 1243 1399 advenientibus
1287 1345 1377 1413 qui
1417 1351 1564 1399 reete
1593 1344 1952 1406 crediderant,
1983 1341 2050 1396 de

479 1431 680 1486 edenda
709 1445 870 1485 carne
899 1440 954 1486 et
989 1447 1094 1486 non
1122 1433 1327 1486 edenda
1365 1435 1689 1502 quaestiones
1725 1434 1953 1497 ﬁebant,
1996 1441 2050 1488 ct

480 1529 788 1574 utrumnam
815 1534 936 1589 spes
961 1534 1080 1588 qu:c
1111 1520 1164 1574 in
1194 1521 1410 1575 Christo
1450 1531 1531 1577 est
1560 1521 1846 1587 sullicerct,
1881 1532 1973 1576 aut
1998 1531 2052 1578 et

479 1607 564 1662 lex
596 1609 856 1662 servanda
885 1618 1045 1665 esset.
1078 1609 1317 1675 Quatuor
1345 1611 1508 1680 igitur
1534 1611 1704 1666 modis
1734 1611 1921 1667 scribit
1946 1612 2052 1667 Ro-

479 1700 674 1764 manis,
713 1716 946 1771 arguens
983 1702 1049 1756 ab
1100 1702 1252 1756 initio
1297 1719 1466 1773 genus
1513 1705 1786 1758 hominum
1827 1705 2045 1776 physica

477 1790 719 1854 ratione;
751 1790 806 1844 hi
833 1792 974 1844 enim
1004 1801 1163 1862 caput
1191 1801 1315 1846 sunt
1341 1807 1578 1848 omnium
1619 1795 1878 1864 gentium,
1907 1805 1966 1850 ιιι
1993 1797 2047 1850 in

477 1880 561 1936 his
587 1881 794 1936 discant
817 1883 996 1937 caueri
1027 1885 1370 1953 universique
1399 1886 1652 1956 gentiles.
1681 1886 1894 1941 Primus
1931 1904 2046 1942 mo-

477 1970 580 2023 dus
608 1978 692 2024 est
715 1986 822 2040 quo
853 1987 911 2025 se
937 1973 1172 2027 ostendit
1200 1974 1325 2043 quid
1364 1975 1471 2039 sit,
1511 1983 1565 2028 et
1608 1976 1734 2045 quid
1763 1974 1949 2038 fuerit,
1995 1986 2049 2031 et

476 2058 630 2128 cujus
655 2060 743 2124 sit,
775 2077 880 2128 quo
913 2070 967 2115 et
993 2063 1228 2118 haereses
1254 2066 1503 2133 percutit.
1539 2065 1819 2121 Secundus
1858 2067 2048 2122 modus

475 2158 559 2204 est
583 2166 688 2219 quo
718 2153 891 2222 arguit
918 2153 1059 2222 quod
1087 2162 1291 2208 natura:
1333 2157 1538 2209 ratione
1575 2171 1680 2210 non
1717 2173 1774 2210 se
1804 2157 2044 2228 subjecc-

477 2239 584 2294 rint
630 2241 719 2295 uni
755 2242 885 2307 Deo,
937 2252 989 2297 et
1025 2259 1143 2312 qua:
1189 2244 1471 2299 inhonesta
1517 2255 1570 2300 et
1621 2248 1795 2316 turpia
1840 2248 2051 2318 egerint

477 2329 726 2396 invicem,
768 2331 1003 2402 despecti
1051 2335 1120 2388 ob
1157 2335 1259 2389 hoc
1297 2335 1431 2390 adeo
1473 2345 1530 2390 ut
1564 2337 1899 2406 gratulentur
1925 2355 2044 2394 cre-

476 2419 684 2476 dentes.
712 2419 927 2476 Tertius
968 2425 1154 2478 modus
1193 2433 1295 2488 est,
1329 2425 1471 2494 quod
1501 2425 1666 2496 legem
1697 2428 1875 2481 datam
1901 2443 2049 2497 spre-

474 2508 672 2576 verint,
701 2512 842 2564 unde
863 2514 1140 2582 anteponit
1161 2513 1366 2568 Graecis
1397 2513 1628 2570 ιιιιιωοε.
1676 2515 1910 2584 Quartus
1937 2533 2047 2572 mo-

366 2603 379 2616 '
475 2599 577 2655 dus
611 2611 695 2656 est
743 2603 884 2670 quod
934 2602 1092 2658 docet
1129 2602 1342 2660 Iudzeos
1384 2607 1720 2662 exorbitasse
1761 2623 1791 2662 a
1834 2608 1949 2678 lege
1993 2617 2049 2664 et

474 2693 830 2762 promissione
860 2695 950 2750 Dei
983 2696 1034 2749 in
1063 2712 1223 2752 causa
1253 2696 1485 2763 Christi,
1538 2698 1814 2769 factosque
1845 2700 2046 2756 similes

472 2781 759 2853 gentilibus
809 2792 867 2838 ut
916 2785 1129 2856 utrique
1178 2786 1452 2858 indigeant
1500 2790 1867 2845 misericordia
1915 2791 2042 2856 Dei;

472 2888 579 2928 non
619 2888 714 2944 per
760 2874 933 2946 legem
981 2878 1211 2932 salutem
1263 2879 1558 2950 sperando,
1605 2881 1700 2936 sed
1743 2896 1839 2951 per
1888 2880 2044 2936 ﬁdem

473 2963 670 3018 Christi
698 2963 856 3032 Iesu;
890 2967 1014 3022 hinc
1051 2976 1134 3023 est
1178 2968 1318 3024 unde
1345 2971 1491 3025 omni
1532 2971 1794 3027 industria
1836 2972 1888 3026 id
1913 2973 2046 3044 agit,

471 3063 532 3162 ιιι
556 3070 586 3108 a
615 3053 731 3126 lege
760 3071 854 3111 eos
898 3057 1068 3123 tollat,
1100 3059 1226 3128 quia
1259 3058 1367 3114 Lex
1407 3071 1455 3114 et
1495 3062 1754 3132 propheta:
1792 3079 1950 3133 usque
1975 3064 2042 3116 ad
2073 3100 2116 3162 Ο

469 3143 728 3198 Joannem
758 3146 924 3216 (Luc.
987 3164 1075 3202 xvi
1119 3148 1158 3220 ),
1188 3150 1316 3204 etin
1360 3151 1474 3205 sola
1532 3151 1649 3206 illos
1697 3151 1800 3205 ﬁde
1845 3152 2044 3207 Christi

468 3237 781 3302 constituat,
812 3248 867 3292 et
899 3240 1050 3309 quasi
1085 3252 1270 3295 contra
1298 3241 1468 3312 legem
1500 3242 1844 3312 Evangelium
1876 3245 2048 3298 vindi-

467 3333 591 3390 cat;
626 3341 732 3380 non
759 3327 1039 3383 destruens
1082 3329 1253 3400 legem
1273 3370 1288 3395 ,
1337 3331 1430 3384 sed
1459 3331 1750 3400 prastercns
1783 3333 2045 3387 Christia-

468 3415 725 3469 nisnium.
764 3416 976 3472 Asserit
1016 3427 1194 3472 autem
1224 3419 1303 3474 sic
1326 3417 1598 3474 Christum
1628 3421 1950 3490 promissum
1988 3431 2046 3477 ut

467 3503 762 3572 prwdicato
781 3518 846 3558 eo
870 3516 1110 3562 cessaret
1137 3507 1244 3573 lex,
1272 3523 1378 3563 non
1411 3517 1542 3574 tota,
1568 3511 1692 3579 quia
1714 3511 2045 3567 abbreviatio

470 3592 610 3648 facta
635 3595 770 3666 legis
791 3605 895 3661 est,
925 3612 1044 3665 qua:
1066 3597 1386 3670 compendio
1413 3600 1565 3654 daret
1589 3601 1846 3666 salutem;
1877 3603 2041 3658 multa

469 3683 612 3737 enim
641 3685 912 3740 veteribus
935 3686 1131 3742 tradita
1169 3697 1294 3744 sunt
1321 3697 1541 3760 propter
1577 3690 1832 3746 duritiam
1867 3693 2044 3748 cordis

468 3773 702 3842 illorum,
754 3785 814 3832 ut
856 3779 1006 3834 oneri
1050 3787 1216 3846 esset,
1252 3797 1372 3851 qua:
1419 3783 1786 3840 misericordia
1817 3783 1911 3840 Dei
1949 3785 2039 3839 ab-

466 3866 841 3937 breviavitper
859 3867 1132 3924 Christum
1150 3871 1272 3926 data
1287 3874 1679 3942 praeteritorum
1703 3875 2040 3931 remissione.

465 3957 714 4030 Ingratus
751 3969 835 4015 est
879 3977 1008 4032 ergo
1046 3964 1428 4019 misericordiae
1480 3965 1604 4030 Dei,
1646 3967 1737 4037 qui
1779 3967 1891 4022 vult
1923 3984 2043 4024 esse

467 4050 566 4105 sub
596 4049 742 4122 lege;
773 4068 894 4106 nam
929 4054 1140 4110 dixerat
1177 4055 1426 4128 Moyses:
1458 4057 1548 4112 Sic
1586 4058 1838 4115 timentes
1879 4059 2045 4115 facie-

469 4141 560 4206 tis,
608 4143 701 4197 ﬁlii
743 4144 928 4210 Israel,
973 4155 1030 4200 ut
1073 4163 1393 4218 quacunque
1442 4163 1498 4202 se
1543 4159 1836 4214 verterent,
1871 4151 2041 4222 legem

466 4231 748 4296 haberent,
787 4244 846 4287 ut
892 4235 1007 4288 sine
1035 4235 1393 4292 sollicitudine
1437 4239 1658 4292 omnino
1697 4255 1803 4294 non
1838 4251 2038 4294 essent.

466 4322 636 4394 Igitur
659 4326 798 4380 utin
830 4325 1046 4384 Christo
1089 4330 1205 4384 sine
1249 4329 1363 4401 lege
1398 4346 1546 4400 spem
1587 4334 1706 4388 vita:
1746 4333 2041 4404 salutisque

2153 525 2227 579 De
2253 540 2358 594 qua
2383 539 2442 578 re
2470 525 2787 594 quibusdam
2818 525 2990 579 visum
3029 532 3113 578 Gil.
3143 526 3288 593 quod
3321 524 3470 579 Pauli
3499 541 3734 595 procon-

2153 618 2302 682 sulis,
2343 633 2500 687 quem
2543 617 2683 686 apud
2721 615 2954 688 Cyprum
2992 615 3192 671 Christi
3231 617 3354 671 ﬁdei
3401 616 3734 684 subiecerat,

2151 706 2468 759 vocabulum
2497 706 2598 759 sibi
2647 704 2935 774 Apostolus
2969 703 3276 774 sumpserit,
3319 713 3378 758 ut
3405 705 3548 760 sicut
3573 719 3742 776 reges

2150 799 2324 854 solent
2366 798 2612 862 devictis,
2661 797 2808 851 verbi
2853 797 3052 867 gratia,
3099 795 3318 851 Parthis
3369 794 3636 861 Parthici,
3673 808 3734 852 et

2149 888 2336 944 Gothis
2361 888 2572 944 Gothici
2602 889 2892 952 nominari,
2915 889 2990 942 ita
3021 897 3074 942 et
3100 887 3412 958 Apostolus,
3441 886 3738 959 subjugan

2148 978 2332 1044 Paulo,
2383 978 2583 1033 Paulus
2627 977 2789 1032 fuerit
2833 978 3149 1048 appellatus.
3188 979 3342 1046 Quod
3375 995 3447 1035 ne
3485 981 3738 1050 nosqui-

2149 1067 2270 1121 dem
2320 1082 2703 1138 usquequaque
2760 1069 3128 1123 evacuaudum
3189 1079 3476 1140 putamus;
3549 1080 3733 1125 tamen

2149 1157 2273 1224 quia
2311 1157 2457 1212 nulla
2495 1157 2616 1213 talis
2650 1157 2702 1210 in
2735 1156 3031 1226 Scriptnris
3056 1159 3252 1214 divinis
3271 1161 3612 1216 consuetudo
3639 1160 3735 1215 de-

2147 1247 2520 1314 prehenditur,
2567 1247 2738 1316 magis
2779 1261 2844 1301 ex
2883 1247 2969 1302 his
3000 1262 3118 1316 qua:
3166 1249 3220 1302 in
3258 1249 3507 1320 exemplo
3556 1252 3732 1304 nostri

2149 1343 2276 1390 sunt
2313 1334 2702 1392 absolutionem
2739 1352 3062 1407 quaeramus.
3111 1337 3422 1395 Invenimus
3464 1341 3634 1411 igitur
3676 1343 3732 1394 in

2152 1424 2442 1494 Scripturis
2468 1426 2771 1496 aliquantus
2817 1427 2994 1492 binis,
3033 1428 3168 1484 alios
3194 1431 3361 1485 etiam
3391 1433 3569 1487 ternis
3604 1449 3736 1488 usos

2149 1528 2270 1568 esse
2321 1515 2648 1579 nominibus,
2694 1524 2754 1569 ut
2784 1513 3126 1572 Salomonem
3157 1519 3514 1591 eumdemque
3557 1523 3732 1586 ldida,

2152 1602 2410 1660 Eliacbim
2447 1604 2799 1676 eumdemque
2837 1605 3100 1671 Ioachim,
3137 1608 3324 1664 Oziam
3368 1611 3732 1680 eumdemque

2152 1694 2500 1760 Zachariam,
2541 1696 2780 1767 aliosque
2817 1698 3075 1767 plurimos
3119 1701 3173 1756 in
3220 1717 3511 1772 regnorum
3549 1704 3636 1758 vel
3675 1706 3730 1758 in

2151 1785 2396 1842 Iudicum
2431 1787 2598 1850 libris,
2645 1789 2786 1843 binis
2825 1790 3131 1846 nominibus
3158 1791 3403 1846 invenies
3438 1794 3726 1850 vocitatus.

2149 1879 2255 1934 Sed
2307 1893 2373 1933 ne
2422 1879 2706 1950 Evangelia
2751 1881 2964 1948 quidem
3001 1881 3149 1936 hunc
3193 1884 3445 1938 eumdem
3493 1896 3732 1939 renuunt

2146 1986 2372 2025 morem.
2436 1969 2570 2024 Nam
2641 1970 2921 2025 Matthzcus
2979 1972 3326 2041 semetipsum
3375 1974 3615 2044 appellat
3668 1975 3724 2030 in

2148 2061 2433 2131 Evangelio
2470 2077 2567 2116 suo
2596 2060 2926 2125 Matthaaum,
2957 2076 3119 2131 quem
3148 2063 3320 2118 Lucas
3347 2064 3400 2118 in
3433 2065 3731 2136 Evangelia

2147 2167 2244 2206 suo
2274 2161 2546 2222 nuncupat
2579 2152 2736 2217 Levi;
2773 2153 2864 2207 sed
2898 2161 2952 2206 et
2982 2153 3121 2208 idem
3161 2153 3444 2211 Matthzeus
3483 2157 3542 2212 in
3569 2157 3734 2212 Cata-

2146 2243 2267 2312 logo
2307 2240 2667 2310 apostolorum
2698 2241 2828 2296 dicit
2860 2250 2980 2317 post
3009 2243 3205 2298 multos
3255 2262 3268 2297 :
3308 2243 3599 2301 Mattheus
3632 2263 3733 2316 pu-

2145 2335 2422 2398 blicanus,
2469 2343 2525 2388 et
2549 2332 2717 2389 Iacob
2745 2333 2949 2404 Alphuci
2999 2343 3050 2388 ct
3103 2334 3396 2399 Lebbzcus,
3433 2346 3492 2391 et
3535 2335 3728 2392 Simon

2145 2423 2441 2477 Canameus
2457 2439 2472 2489 ;
2491 2421 2699 2476 Marcus
2721 2437 2849 2478 vero
2874 2422 3072 2478 refert:
3103 2423 3382 2480 Mattheus
3396 2424 3736 2481 Publicanus

2146 2519 2200 2564 et
2226 2510 2490 2574 Thomas,
2520 2517 2576 2564 et
2601 2507 2831 2564 Iacobus
2862 2509 3064 2580 Alphari
3102 2519 3154 2564 et
3194 2509 3502 2565 Thaddaaus
3530 2529 3546 2564 :
3581 2512 3730 2566 hunc

2147 2600 2394 2654 eiimlem
2416 2614 2574 2668 quem
2597 2598 2876 2653 Matthazus
2896 2598 3204 2662 Lebba'um,
3227 2609 3284 2652 et
3309 2598 3530 2654 Marcus
3547 2601 3734 2654 Thad~

2147 2690 2318 2745 datum
2337 2689 2519 2759 posuit
2543 2707 2556 2742 :
2575 2689 2747 2744 Lucas
2763 2703 2894 2744 vero
2913 2689 2988 2744 ita
3005 2688 3186 2757 posuit
3209 2707 3225 2742 :
3251 2688 3560 2755 Matthatus,
3585 2688 3732 2744 Tho—

2147 2794 2284 2843 mas,
2323 2777 2576 2844 Iacobus,
2624 2776 2791 2833 Iudas
2816 2775 3022 2833 Jacobi.
3061 2779 3228 2848 Igitur
3265 2779 3518 2834 eumdem
3567 2794 3730 2849 quem

2147 2868 2432 2924 Mattbazus
2481 2867 2786 2934 Lebbteum,
2833 2876 2888 2922 et
2933 2867 3144 2924 Marcus
3193 2867 3528 2923 Tbaddzeum
3567 2869 3728 2934 dixit,

2148 2959 2322 3014 Lucas
2376 2957 2569 3013 Iudam
2619 2957 2804 3014 Iacobi
2853 2959 3086 3028 scripsit.
3137 2959 3356 3015 Certum
3406 2969 3498 3015 est
3545 2971 3728 3016 autem

2149 3047 2520 3119 Evangelistas
2560 3063 2664 3103 non
2688 3063 2902 3103 errasse
2921 3048 2974 3103 in
2995 3049 3300 3103 nominibus
3319 3048 3728 3118 Apostolorum,

2150 3145 2242 3198 sed
2271 3144 2395 3214 quia
2418 3145 2584 3199 moris
2609 3145 2763 3208 erat',
2808 3145 2949 3199 binis
2977 3144 3062 3200 vel
3097 3145 3266 3200 ternis
3291 3145 3610 3201 nominibus
3653 3147 3728 3202 uti

2148 3234 2424 3298 Ilelumos,
2453 3234 2612 3288 unius
2643 3235 2988 3304 ejusdemque
3021 3236 3122 3291 viri
3148 3235 3359 3290 diversa
3397 3236 3602 3307 singuli
3631 3252 3726 3292 vo-

2147 3324 2335 3378 cabula
2357 3337 2600 3393 posuere.
2626 3324 2930 3380 Secundum
2953 3325 3091 3380 hanc
3117 3341 3246 3398 ergo
3277 3328 3730 3384 consuetudinem

2148 3418 2360 3472 videtur
2381 3415 2533 3471 nobis
2557 3426 2612 3469 et
2650 3415 2845 3470 Paulus
2870 3416 3065 3487 duplici
3113 3433 3239 3472 usus
3273 3432 3397 3472 esse
3435 3419 3726 3483 vocabulo,

2146 3516 2201 3563 et
2225 3507 2396 3562 donec
2420 3505 2634 3577 quidem
2678 3507 2821 3578 genti
2853 3507 3072 3577 proprie
3112 3507 3482 3572 ministrabat,
3531 3507 3728 3565 Saulus

2147 3613 2266 3653 esse
2296 3607 2536 3660 vocatus,
2567 3598 2709 3667 quod
2735 3605 2790 3651 et
2815 3597 2983 3667 magis
3006 3598 3348 3668 appellationi
3379 3601 3576 3670 patria:
3601 3617 3727 3656 vero

2146 3688 2394 3744 naculum
2443 3688 2744 3752 videbatur,
2790 3687 2988 3742 Paulus
3013 3697 3190 3744 autem
3234 3689 3540 3760 appellatus
3581 3707 3723 3754 esse,

2145 3795 2266 3834 cum
2297 3778 2499 3834 Graecis
2529 3786 2585 3834 et
2611 3778 2855 3848 gentibus
2899 3777 3044 3848 leges
3078 3794 3142 3833 ac
3176 3789 3440 3848 praecepta
3481 3783 3728 3837 conseri.

2145 3869 2240 3924 bit.
2266 3867 2448 3924 Potest
2469 3877 2524 3924 ct
2552 3869 2652 3923 hoc
2679 3867 2834 3923 aliter
2855 3867 3096 3939 intelligi.
3131 3866 3368 3940 (Amen)
3393 3869 3556 3939 Apud
3576 3881 3726 3926 vete-

2145 3975 2234 4014 res
2260 3973 2388 4029 ergo
2412 3968 2625 4012 nostros
2666 3957 2874 4011 ratione
2903 3957 3122 4010 nomina
3152 3958 3638 4026 componebantur,
3664 3971 3721 4013 ut

2143 4051 2293 4107 Isaac
2331 4060 2552 4122 propter
2588 4049 2754 4104 risum
2801 4057 2855 4104 et
2895 4047 3062 4102 Iacob
3108 4056 3328 4118 propter
3376 4049 3717 4116 calcaneum,

2143 4143 2217 4198 ita
2239 4143 2408 4197 etiste
2434 4147 2652 4210 pr0pter
2670 4137 3092 4208 inquietudinem
3119 4136 3310 4192 Saulus
3329 4149 3413 4192 est
3431 4155 3716 4210 nuncupa-

2144 4243 2266 4300 tus;
2296 4240 2575 4304 postquam
2603 4242 2781 4286 autem
2819 4229 3070 4294 credidit,
3093 4244 3160 4283 ex
3195 4228 3356 4284 Saulo
3397 4229 3630 4285 Paulum
3663 4245 3719 4286 se

2144 4326 2292 4389 dicit,
2323 4324 2426 4378 hoc
2449 4331 2554 4388 est,
2590 4321 2949 4385 immutatum,
2971 4328 3028 4374 et
3047 4321 3168 4389 quia
3199 4319 3396 4376 Saulus
3421 4323 3716 4378 secundum

466 4416 767 4483 ponendam
797 4418 993 4485 tradat,
1032 4428 1087 4474 et
1114 4419 1398 4475 Dominum
1431 4422 1606 4493 ipsum
1647 4439 1768 4477 esse
1801 4428 2038 4479 omnium

2146 4429 2306 4483 supra
2336 4412 2536 4466 dictum
2563 4425 2804 4474 sensum,
2833 4407 3138 4478 inquietudo
3169 4423 3261 4462 seu
3287 4410 3508 4463 tentatio
3546 4412 3714 4465 inter—

467 4507 677 4574 doceat,
709 4509 790 4565 sic
815 4510 1004 4582 incipit
1031 4529 1043 4564 :
1089 4511 1293 4567 Paulus
1322 4530 1497 4569 servus
1517 4514 1643 4570 Iesu
1664 4512 1890 4580 Christi,
1932 4525 2039 4572 etc.

973 4643 1198 4702 CAPUT
1237 4646 1526 4704 PRIMUM.

469 4733 708 4789 Ostendit
753 4735 1030 4804 Apostolus
1074 4739 1380 4793 charitatcm
1420 4757 1474 4794 se
1517 4740 1704 4794 habere
1741 4742 1810 4794 ad
1848 4740 2040 4796 Roma—

532 4820 652 4928 ἔοι,
680 4814 730 4858 et
763 4805 888 4860 vitia
932 4823 1112 4861 eorum
1155 4809 1439 4879 redarguit,
1473 4809 1564 4880 qui
1590 4822 1877 4882 sequuntur
1901 4812 2041 4866 desi-

569 4891 680 4930 ena
714 4892 834 4930 sua.

535 4965 742 5024 Paulus
770 4985 948 5024 servus
975 4969 1102 5024 Iesu
1138 4968 1350 5024 Christi.
1399 4970 1574 5025 Prima
1619 4973 1772 5027 nobis
1811 4974 2038 5043 quaestio

465 5063 532 5116 de
566 5059 783 5116 nomine
826 5059 994 5130 ipsius
1037 5058 1188 5114 Pauli
1237 5059 1449 5114 videtur
1497 5074 1806 5131 exsurgere,
1861 5078 1958 5117 cur
1989 5063 2036 5118 is

463 5151 555 5220 qui
583 5149 776 5207 Saulus
798 5150 976 5206 dictus
1002 5157 1086 5205 est
1128 5150 1182 5204 in
1210 5149 1432 5205 Actibus
1465 5150 1847 5220 apostolorum,
1896 5168 2037 5207 nunc

462 5243 664 5299 Paulus
724 5243 967 5310 dicatur;
1030 5243 1332 5298 invenimus
1380 5242 1436 5297 in
1493 5241 1788 5310 Scripturis
1839 5241 2036 5298 divinis

462 5333 781 5402 quibusdam
795 5343 1035 5390 veterum
1050 5342 1375 5388 commutata
1393 5333 1736 5395 vocabula,ut
1750 5348 1814 5386 ex
1831 5332 2032 5387 Abram

463 5424 730 5480 vocitatus
765 5423 838 5479 sit
883 5424 1177 5499 Abraham,
1236 5431 1291 5478 ct
1341 5438 1408 5477 ex
1465 5422 1600 5479 Sara
1644 5422 1820 5485 Sarni,
1859 5431 1915 5478 et
1964 5437 2032 5477 ex

463 5514 629 5569 Iacob
672 5514 868 5579 Israel;
913 5514 966 5568 in
997 5514 1300 5583 Evangeliis
1327 5527 1539 5584 quoque
1585 5529 1650 5568 ex
1689 5512 1906 5568 Simone
1935 5511 2035 5566 Pe-

468 5612 605 5662 trus,
633 5610 688 5653 et
731 5603 826 5655 ﬁlii
861 5603 1100 5656 Zebcdtei
1144 5603 1264 5656 Filii
1298 5604 1516 5656 tonitrui
1556 5602 1844 5673 nuncupati
1886 5609 2030 5656 sunt.

467 5687 574 5742 Sed
611 5689 724 5742 haec
751 5704 817 5743 ex
853 5699 1116 5756 praecepto
1166 5691 1259 5744 Dei
1297 5691 1520 5761 legimus
1554 5692 1722 5758 facta;
1770 5706 2030 5759 nusquam

2143 4515 2402 4578 pretatur,
2433 4505 2520 4558 hic
2544 4518 2665 4558 cum
2705 4503 2772 4556 ad
2811 4500 2968 4556 ﬁdem
2998 4499 3194 4555 Christi
3220 4501 3452 4556 accessit
3491 4500 3712 4556 Paulum

2143 4613 2202 4653 se
2227 4595 2378 4660 dicit,
2403 4594 2455 4650 id
2483 4601 2584 4660 est,
2621 4592 2777 4662 quasi
2814 4606 2880 4644 ex
2909 4599 3176 4646 tentatore
3211 4589 3414 4645 factum
3446 4593 3710 4661 quietum,

2143 4688 2504 4756 humilemque
2542 4685 2625 4739 vel
2655 4683 2956 4754 parvulum.
2999 4682 3223 4748 Servus,
3277 4683 3485 4753 inquit,
3519 4683 3714 4739 Christi

2138 4780 2286 4835 Iesu.
2320 4777 2546 4834 Servum
2569 4785 2745 4830 autem
2768 4771 2895 4828 Iesu
2921 4771 3118 4828 Christi
3146 4772 3405 4842 proﬁtens
3434 4789 3514 4838 se,
3538 4793 3569 4829 a
3597 4775 3712 4846 lege

2139 4887 2198 4926 se
2250 4879 2466 4925 exutum
2511 4865 2776 4929 ostendit,
2821 4873 2876 4917 et
2919 4863 3040 4917 ideo
3085 4872 3370 4932 utrumque
3403 4865 3621 4933 posuit,
3660 4865 3709 4918 id

2137 4970 2218 5018 est
2246 4959 2369 5014 Iesu
2403 4956 2624 5020 Christi,
2660 4960 2798 5009 utet
2825 4951 2921 5007 Dei
2952 4960 3003 5005 et
3035 4951 3268 5006 hominis
3315 4967 3602 5021 personam
3630 4953 3708 5006 si-

2139 5058 2347 5122 gnarct,
2389 5047 2514 5117 quia
2555 5047 2606 5100 in
2652 5053 2881 5114 utroque
2917 5051 2998 5097 est
3027 5041 3302 5107 Dominus,
3334 5042 3475 5097 sicut
3503 5053 3561 5097 et
3605 5043 3704 5098 Pe.

2138 5155 2251 5199 trus
2304 5139 2574 5210 apostolus
2625 5145 2858 5192 testatur
2916 5135 3136 5199 dicens,
3169 5130 3274 5187 Hic
3335 5144 3410 5187 est
3472 5133 3704 5187 omnium

2139 5235 2433 5296 Dominus;
2470 5229 2595 5299 quia
2641 5242 2768 5298 ergo
2797 5233 2853 5280 et
2886 5224 3163 5288 Dominus,
3191 5233 3246 5278 et
3275 5223 3416 5277 Deus
3455 5233 3572 5288 est,
3607 5224 3706 5276 sic.

2137 5336 2195 5382 ut
2239 5324 2406 5380 David
2435 5321 2593 5385 dicit,
2625 5320 2752 5389 quia
2782 5317 3029 5371 Dominus
3057 5316 3164 5386 ipse
3213 5323 3286 5368 est
3336 5313 3479 5367 Deus
3527 5311 3702 5384 (Psal.

2136 5433 2257 5472 xeix
2282 5416 2324 5486 ),
2353 5413 2494 5484 quod
2520 5413 2752 5466 haereses
2781 5415 2994 5478 negant.
3045 5405 3306 5461 Marcioni
3328 5404 3472 5458 enim
3492 5404 3704 5458 videtur

2132 5509 2256 5564 odio
2293 5505 2450 5576 Legis
2479 5503 2752 5558 Christum
2779 5509 2833 5556 et
2858 5513 3056 5567 corpus
3095 5495 3212 5564 ejus
3257 5508 3474 5567 negare,
3518 5493 3700 5550 Iesum

2131 5597 2368 5668 proﬁteri
2406 5613 2420 5650 :
2456 5593 2657 5649 JUdtBiS
2701 5599 2877 5646 autem
2930 5597 2982 5644 et
3009 5587 3240 5642 Photino
3265 5594 3486 5655 prepter
3529 5585 3698 5638 zelum

2133 5687 2288 5756 la-gis
2325 5684 2504 5740 Iesum
2527 5696 2749 5754 negare,
2787 5679 2926 5748 quod
2959 5677 3099 5733 Deus
3150 5676 3239 5731 sit.
3283 5675 3416 5728 Nam
3464 5673 3698 5744 quoties-
