3998 6202
297 306 432 361 test
522 260 535 265 ’

856 306 1402 365 ENARRATIONUM
1438 308 1502 363 ΙΝ
1542 309 1687 363 EPP.
1730 307 1932 363 PAULI
1976 307 2101 361 LIB.
2145 308 2185 361 1.
2222 338 2288 347 ——
2329 308 2396 361 IN
2436 307 2652 363 EPIST.
2693 307 2782 361 AD
2819 307 2987 363 ROM.

2688 155 2709 191 \

3400 310 3422 363 Ι
3434 308 3536 365 282

293 431 511 484 cunque
553 422 645 468 aut
687 413 869 470 Jesum
918 418 1049 473 dicit
1088 427 1183 473 aut
1224 418 1533 483 Christum,
1580 418 1866 488 aliquando
1895 425 1938 481 Α
1968 432 2156 471 omnes
2210 418 2477 473 Ecclesias
2505 421 2616 482 Dei,
2648 430 2703 474 et
2726 421 2902 475 vocati
2927 418 3188 483 ministri;
3231 400 3323 476 Sed
3351 427 3533 479 nescio

294 504 487 571 Deum,
520 505 810 573 aliquando
839 507 1109 561 hominem
1135 507 1421 578 signiﬁcat,
1449 508 1584 562 sicut
1617 509 1718 562 hoc
1748 507 1864 561 loco

292 595 438 649 inter
480 604 700 657 caztera,
743 605 791 648 et
834 612 986 659 unus,
1030 597 1234 666 inquit,
1286 597 1539 652 Dominus
1585 596 1739 651 Iesus
1775 615 1865 667 per

287 702 442 755 quem
465 684 641 738 omnia
686 683 736 752 (I
765 683 884 738 Cor.
916 686 1053 756 vtu),
1096 688 1238 755 quod
1267 688 1454 757 utique
1486 688 1552 742 ad
1578 687 1669 741 Dei
1696 687 1860 741 filium

289 775 547 845 pertinet,
575 773 732 843 juxta
772 774 912 842 quod
960 776 1101 829 Deus
1134 783 1252 840 .est;
1283 786 1338 831 et
1375 776 1480 829 alio
1519 775 1674 830 loco:
1705 774 1862 831 Jesus

291 872 473 919 autem
510 863 704 932 inquit,
738 863 1037 933 proﬁciebat
1071 875 1223 918 wtate
1243 876 1290 918 et
1311 866 1568 935 sapientia
1595 863 1745 936 (Luc.
1776 864 1857 933 ιι),

286 954 433 1025 quod
458 954 642 1026 utique
674 953 876 1007 homini
900 952 1172 1022 competit.
1203 950 1404 1024 (Gr-eg.)
1428 952 1702 1020 Qumritur
1730 953 1860 1023 quid

286 1047 363 1101 sit
383 1046 522 1115 quod
547 1045 805 1115 magister
835 1046 1080 1100 Christus
1106 1046 1158 1099 in
1183 1046 1291 1100 alio
1314 1046 1430 1100 loco
1458 1046 1724 1116 apostolos
1751 1063 1856 1100 non

284 1141 487 1195 dixerit
527 1154 734 1203 servos,
772 1139 867 1193 sed
897 1140 1098 1194 amicos
1143 1138 1344 1209 (Joan.
1374 1139 1498 1211 xv);
1535 1150 1589 1194 et
1615 1140 1858 1210 ejusdem

286 1231 533 1299 magistri
553 1228 869 1297 discipulus,
901 1228 1006 1283 imo
1031 1229 1320 1297 Apostolus
1346 1269 1361 1294 ,
1393 1230 1447 1283 in
1475 1244 1580 1298 quo
1610 1228 1858 1284 Christus

279 1320 625 1388 loquebatur,
653 1318 950 1374 nominavit
974 1334 1032 1373 se
1058 1334 1271 1373 servum
1289 1359 1303 1384 ,
1334 1328 1385 1374 et
1416 1321 1540 1375 dum
1567 1329 1857 1389 utrumque

280 1426 315 1464 a
341 1410 557 1465 Christo
599 1409 801 1464 dictum
828 1417 929 1474 est,
972 1409 1238 1477 quomodo
1266 1408 1487 1479 intelligi
1530 1410 1740 1472 debeat,
1770 1424 1857 1463 so-

281 1503 449 1557 lerter
473 1501 784 1556 intuendum
809 1509 913 1564 est,
942 1501 1173 1555 maxime
1199 1515 1321 1555 cum
1348 1501 1487 1555 idem
1514 1500 1771 1555 Dominus
1793 1516 1856 1555 ac

278 1592 535 1649 Salvator
566 1602 750 1651 noster
774 1595 841 1649 ad
868 1595 1085 1650 eosdem
1127 1595 1397 1665 apostolos
1422 1595 1716 1650 secundum
1743 1596 1847 1649 Lu-

277 1702 399 1740 cam
431 1684 627 1740 dixerit
654 1704 666 1738 :
693 1685 902 1740 Dicite:
932 1686 1079 1741 Servi
1104 1685 1314 1740 inutiles
1333 1703 1533 1753 sumus,
1565 1687 1685 1758 quia
1715 1687 1854 1757 quod

1968 508 2060 577 qui
2086 508 2137 562 in
2167 508 2249 564 his
2274 509 2427 564 electi
2453 511 2693 580 magistri
2720 511 2846 575 sint,
2890 520 2943 566 et
2967 511 3125 566 electi
3166 512 3421 578 ministri,
3452 516 3532 568 sic

1964 607 2019 652 et
2041 607 2168 669 puto
2190 614 2330 664 esse,
2352 601 2613 668 quosdam
2636 610 2856 657 vocatos
2895 603 3128 671 quidem,
3168 610 3228 656 ut
3257 604 3533 673 patiantur

1963 703 2059 758 pro
2091 688 2323 752 Christo,
2357 703 2462 742 non
2486 698 2662 744 tamen
2686 690 2903 754 electos,
2932 692 2983 745 id
3012 700 3114 757 est,
3143 701 3363 747 vocatos
3390 709 3534 746 mar-

1964 786 2140 847 tyres,
2189 777 2282 832 sed
2324 792 2429 831 non
2466 776 2666 832 electos
2703 788 2997 849 martyres,
3052 788 3111 834 ut
3156 790 3281 835 sunt
3324 780 3398 835 illi
3439 781 3530 849 qui

1960 878 2081 937 post
2109 877 2498 922 tormentorum
2527 859 2747 936 agones:
2786 880 2839 925 et
2865 886 3162 936 carcerum,
3208 888 3315 927 non
3361 888 3532 942 usque

1960 961 2029 1015 ad
2060 960 2220 1013 finem
2252 960 2304 1014 in
2332 958 2685 1015 confessionis
2713 961 2994 1015 tolerantia
3020 963 3409 1031 perdurarunt;
3449 970 3531 1016 est

1960 1061 2011 1107 et
2036 1060 2222 1108 vocata
2268 1052 2434 1122 virgo,
2485 1053 2577 1107 sed
2609 1069 2715 1106 non
2751 1052 2919 1106 electa
2952 1054 3118 1124 virgo,
3165 1070 3287 1123 qum
3324 1054 3531 1109 scilicet

1958 1159 2063 1196 non
2095 1141 2254 1196 fuerit
2282 1152 2467 1196 sancta
2496 1157 2720 1211 corpore
2752 1152 2807 1196 et
2834 1144 3023 1211 spiritu
3051 1142 3113 1213 (1
3146 1144 3269 1199 Cor.
3301 1145 3441 1215 vn);
3476 1151 3531 1200 et

1956 1241 2039 1287 est
2071 1241 2291 1290 vocatus
2339 1241 2543 1302 pastor,
2570 1234 2663 1288 sed
2689 1249 2793 1287 non
2830 1234 3033 1289 electus
3062 1245 3246 1303 pastor
3289 1238 3307 1308 (
3334 1237 3526 1291 Ezech.

1957 1338 2087 1377 sun
2112 1322 2157 1393 ),
2184 1323 2274 1392 qui
2296 1332 2491 1393 prmest
2518 1325 2731 1391 quidem
2772 1324 2961 1394 gregi,
2992 1334 3047 1377 et
3088 1324 3229 1378 lacte
3266 1325 3382 1392 ejus
3419 1326 3529 1380 uti-

1957 1422 2064 1479 tur,
2114 1424 2170 1469 et
2204 1414 2342 1468 lanis
2385 1415 2500 1485 ejus
2549 1415 2811 1484 operitur,
2859 1416 2953 1470 sed
3000 1416 3271 1470 infirmum
3302 1433 3408 1470 non
3445 1432 3530 1471 re-

1955 1504 2144 1572 quirit,
2190 1513 2245 1558 et
2270 1504 2516 1559 claudum
2552 1520 2661 1559 non
2705 1505 2927 1575 colligit,
2975 1513 3029 1559 et
3056 1503 3251 1559 fortem
3295 1506 3527 1559 circum-

1956 1594 2140 1648 scribit
2176 1596 2229 1648 in
2262 1595 2476 1659 labore,
2519 1594 2593 1648 ita
2620 1602 2704 1649 est
2742 1604 2796 1649 et
2828 1605 3050 1650 vocatus
3095 1596 3391 1660 abstinens,
3435 1597 3528 1650 sed

1956 1698 2063 1737 non
2088 1682 2290 1737 electus
2312 1682 2619 1747 abstinens,
2647 1684 2852 1738 scilicet
2877 1685 2967 1752 qui
2993 1682 3200 1752 jejunat
3230 1684 3403 1738 tristis
3433 1700 3527 1737 ex-

277 1778 551 1831 glebuimus
590 1776 762 1845 facere
801 1776 1016 1846 fecimus
1066 1776 1226 1845 (Luc.
1280 1792 1387 1831 xv"
1410 1776 1471 1843 );
1510 1786 1563 1832 et,
1608 1779 1801 1833 iterum
1834 1797 1845 1831 :
1883 1767 1925 1824 Β
1958 1773 2249 1827 terminans
2272 1772 2460 1827 faciem
2483 1789 2662 1840 suam,
2687 1774 3071 1829 uthominibus
3088 1774 3524 1844 placeat(Matt/z.

276 1868 476 1923 Beatus
505 1868 594 1923 ille
635 1885 810 1923 servus
847 1885 996 1938 quem
1031 1884 1147 1922 cum
1195 1869 1391 1922 venerit
1440 1868 1690 1923 Dominus
1735 1871 1848 1939 ejus

274 1963 523 2017 invenerit
550 1963 626 2017 sic
648 1961 922 2031 facientem
945 1961 962 2027 (
985 1960 1113 2014 Luc.
1136 1959 1252 2033 xu)
1279 1977 1294 2027 ;
1328 1967 1381 2015 et
1402 1960 1599 2015 iterum
1632 1978 1645 2013 ε
1678 1961 1848 2031 Euge,

272 2070 420 2107 serve
445 2052 572 2106 bone
599 2061 646 2105 et
674 2049 843 2120 ﬁdelis
887 2048 1057 2121 (Luc.
1088 2065 1177 2103 xu
1202 2050 1243 2120 ).
1273 2047 1401 2104 Sine
1427 2049 1737 2119 pratjudicio
1773 2051 1851 2104 al-

277 2144 444 2199 terius
470 2142 750 2198 sententite
776 2140 1015 2196 melioris
1040 2140 1317 2195 sciendum
1345 2148 1450 2207 est,
1480 2141 1585 2195 duo
1614 2156 1733 2195 esse
1753 2156 1846 2211 ge-

208 2250 213 2257 '
275 2249 409 2289 nera
436 2234 589 2288 bona;
613 2230 904 2294 servitutis,
946 2246 1112 2284 unum
1152 2229 1387 2296 timoris,
1433 2229 1574 2284 aliud
1602 2229 1846 2284 dilectio-

275 2324 363 2378 nis
386 2340 401 2390 ;
428 2338 594 2377 unum
617 2322 921 2377 timentium
946 2321 1262 2376 ancillarum
1289 2328 1343 2376 et
1372 2336 1670 2387 servorum,
1704 2321 1847 2375 aliud

274 2413 608 2484 diligentium
643 2420 699 2468 et
726 2412 1048 2482 placentium
1097 2411 1324 2466 ﬁliorum
1352 2430 1365 2465 :
1393 2412 1543 2466 timet
1581 2412 1723 2466 enim
1752 2427 1847 2465 an-

274 2503 399 2560 cilla
430 2518 497 2559 ne
533 2502 855 2574 ﬂagelletur,
892 2502 1046 2556 timet
1085 2510 1331 2556 matrona
1356 2516 1423 2556 ne
1450 2499 1683 2556 offendat
1725 2501 1845 2555 ani-

273 2613 424 2653 mum
459 2597 560 2652 viri
586 2596 708 2662 sui,
754 2596 847 2650 sed
899 2594 1177 2650 servitutis
1224 2594 1502 2659 timorem,
1552 2593 1642 2662 qui
1686 2593 1847 2647 habet

274 2706 511 2763 ptenam,
538 2688 681 2744 foras
707 2689 873 2742 mittit
892 2685 1129 2757 perfecta
1157 2687 1422 2751 eharitas,
1459 2684 1728 2754 perfectus
1751 2699 1845 2738 au-

275 2791 384 2836 tem
424 2778 698 2835 servitutis
741 2779 901 2832 timor
926 2792 1033 2832 non
1067 2776 1240 2832 solum
1278 2792 1384 2830 non
1414 2775 1575 2830 habet
1605 2788 1842 2844 poenam,

273 2871 369 2927 sed
397 2871 464 2925 ad
487 2871 660 2940 ipsum
685 2868 932 2938 pervenit
969 2883 1065 2938 per
1085 2866 1349 2931 lmtitiam,
1392 2865 1675 2919 Psalmista
1722 2866 1845 2919 hor-

276 2964 437 3019 tando
468 2969 715 3024 testante,
754 2960 844 3029 qui
885 2959 960 3013 ait
985 2976 997 3012 :
1025 2957 1253 3012 Ltetetur
1276 2973 1366 3011 cor
1393 2973 1563 3010 meum
1584 2965 1638 3008 ut
1667 2957 1843 3009 timeat

274 3071 461 3108 nomen
504 3063 650 3107 tuum
682 3049 861 3124 (l’sal.
895 3066 1071 3105 Lxxxv
1095 3048 1146 3122 );
1172 3056 1226 3103 et
1261 3048 1455 3102 lterum
1487 3065 1498 3100 :
1535 3046 1713 3100 Timor
1738 3046 1845 3098 Dc-

275 3102 460 3108 --ν--ηη
684 3102 699 3124 ι
1095 3102 1145 3122 ,.
1186 3102 1189 3103 ν

275 3144 405 3197 mini
454 3154 666 3198 sanctus
700 3158 1009 3213 permanens
1052 3143 1108 3195 in
1150 3138 1399 3194 siccatum
1445 3136 1625 3192 saeculi
1668 3135 1840 3207 (Psal.
1872 3102 1917 3162 Ο

275 3236 464 3307 xvut).
504 3235 655 3290 Hunc
690 3249 921 3304 namque
953 3233 1199 3288 timorem
1228 3231 1430 3286 habent
1464 3238 1519 3285 et
1553 3230 1722 3284 sancti
1750 3244 1848 3283 an-

274 3325 381 3400 geli
406 3367 421 3392 ,
477 3339 636 3395 quem
678 3324 919 3394 profecto
964 3323 1268 3379 habuerunt
1309 3331 1364 3375 et
1410 3321 1582 3375 sancti
1625 3318 1850 3390 apostoli

277 3430 377 3486 per
432 3416 720 3470 adventum
778 3413 985 3469 scilicet
1040 3411 1273 3483 Spiritus
1330 3410 1500 3466 sancti
1547 3425 1643 3481 per
1690 3424 1850 3479 quem

275 3508 558 3564 descendit
600 3506 838 3562 eharitas
883 3506 937 3560 in
976 3504 1228 3560 cordibus
1270 3503 1503 3566 nostris,
1546 3500 1749 3556 idcirco
1797 3509 1852 3556 et

278 3618 312 3657 a
340 3601 568 3656 Domino
611 3615 716 3654 non
746 3598 877 3653 dicti
920 3604 1044 3652 sunt
1072 3595 1235 3661 servi,
1281 3595 1375 3649 sed
1414 3593 1602 3658 amici,
1648 3593 1739 3662 qui
1772 3603 1852 3646 ta-

280 3708 404 3748 men
432 3701 487 3747 et
514 3707 546 3745 a
575 3689 877 3759 semetipsis
911 3696 967 3743 et
1005 3703 1037 3743 a
1081 3686 1307 3742 Domino
1352 3684 1479 3740 dicti
1520 3690 1645 3738 sunt
1686 3681 1850 3746 servi,

280 3782 535 3837 nimirum
567 3797 672 3836 non
700 3795 766 3835 ex
794 3779 1004 3842 timore,
1037 3777 1132 3834 sed
1168 3790 1353 3831 amore
1378 3774 1488 3831 Deo
1518 3774 1781 3845 placendi.

367 3869 594 3940 Vocatus
636 3868 918 3940 apostolus.
960 3866 1181 3940 (0rig.)
1229 3865 1431 3920 Nomen
1479 3865 1602 3928 hoc,
1654 3865 1707 3917 id
1749 3870 1851 3928 est,

282 3938 518 4030 vocatui,
545 3938 759 4034 quiaad
789 3938 979 4016 omnes
1004 3959 1256 4030 pertinet,
1285 3957 1377 4027 qui
1417 3957 1472 4009 in
1498 3954 1714 4010 Christo
1739 3967 1855 4008 cre-

282 4061 439 4124 dunt,
475 4056 724 4127 generale
765 4064 941 4125 potest
979 4052 1171 4117 videri,
1220 4050 1315 4105 sed
1355 4049 1724 4119 unusquisque
1767 4061 1855 4102 se-

282 4149 518 4203 cundum
559 4146 614 4200 id
640 4144 783 4213 quod
820 4143 876 4198 in
917 4157 982 4197 eo
1006 4139 1263 4211 praevidet
1290 4146 1345 4193 et
1379 4138 1539 4208 elegit
1568 4138 1730 4201 Deus,
1764 4143 1857 4189 aut

283 4236 559 4307 apostolus
585 4243 825 4299 vocatur,
872 4240 963 4288 aut
998 4231 1284 4301 propheta,
1332 4237 1425 4284 aut
1452 4227 1727 4297 magister,
1765 4233 1857 4280 aut

284 4328 424 4383 liber
451 4327 518 4381 ab
541 4340 728 4390 uxore,
775 4332 870 4380 aut
900 4338 1090 4379 servus
1112 4323 1165 4377 in
1191 4322 1439 4392 conjuge,
1476 4328 1531 4374 et
1555 4335 1653 4389 pro
1679 4320 1857 4374 diver—

283 4420 449 4474 sitate
486 4416 669 4487 gratia:
716 4415 1015 4485 completur
1069 4413 1197 4467 illud
1234 4412 1376 4482 quod
1418 4411 1676 4479 scriptum
1718 4418 1800 4463 est
1839 4427 1851 4462 :

292 4508 452 4564 Multi
495 4518 615 4563 sunt
644 4507 829 4572 vocati,
865 4506 1018 4576 pauci
1053 4516 1226 4559 autem
1270 4504 1415 4558 electi
1447 4501 1681 4573 (Matth.
1729 4502 1855 4572 xx).

289 4601 580 4655 Sciendum
627 4610 804 4655 tamen
847 4607 949 4661 est,
1006 4596 1149 4666 quod
1204 4595 1456 4666 possibile
1499 4602 1582 4649 cst
1629 4594 1860 4663 aliquem

291 4707 411 4747 esse
452 4700 702 4747 vocatum
739 4688 1059 4760 apostolum,
1103 4695 1197 4741 aut
1230 4695 1481 4747 vocatum
1523 4685 1861 4754 prophetam,

291 4789 388 4836 aut
420 4788 668 4849 vocatum
697 4779 1033 4850 magistrum,
1076 4785 1133 4831 et
1155 4777 1201 4830 si
1241 4775 1537 4846 neglexerit
1566 4774 1865 4829 vocationis

291 4855 403 4925 suae.
428 4869 680 4939 gratiam,
734 4868 983 4923 decidere
1011 4883 1079 4922 ex
1116 4881 1201 4930 ea,
1249 4865 1392 4918 sicut
1421 4870 1479 4917 et
1512 4860 1695 4926 Judas,
1737 4861 1862 4930 quia

291 4959 567 5030 apostolus
611 4968 833 5013 vocatus
875 4965 978 5021 est,
1016 4964 1071 5010 et
1110 4955 1385 5026 negligens
1424 4952 1719 5007 vocationis
1753 4966 1865 5005 sua:

291 5050 542 5121 gratiam,
594 5066 659 5104 ex
709 5048 949 5119 apostolo
977 5046 1199 5102 effectus
1235 5053 1322 5099 est
1366 5044 1638 5114 proditor,
1674 5050 1727 5096 et
1767 5040 1869 5094 fuit

292 5141 512 5211 quidem
568 5149 788 5194 vocatus
837 5137 1109 5207 apostolus
1149 5154 1164 5191 :
1211 5135 1304 5190 sed
1359 5150 1463 5189 non
1517 5132 1617 5186 fuit
1663 5132 1868 5186 electus

293 5231 588 5302 apostolus,
623 5230 717 5283 sed
755 5237 810 5283 et
839 5228 925 5282 ille
950 5228 1230 5297 propheta,
1274 5226 1363 5294 qui
1394 5225 1446 5277 in
1472 5222 1629 5277 tertio
1660 5221 1869 5291 Regno-

297 5339 416 5378 rum
447 5322 583 5378 libro
628 5319 759 5391 (ΙΙΙ
809 5319 935 5388 Reg.
966 5317 1104 5389 xm)
1138 5315 1367 5370 refertur
1412 5315 1758 5383 prophetasse
1799 5311 1867 5364 de

297 5413 637 5477 llierohoam,
671 5421 893 5466 vocatus
933 5410 1190 5479 propheta
1235 5406 1356 5472 fuit,
1387 5407 1430 5461 si
1466 5416 1645 5459 autem
1671 5410 1726 5458 et
1754 5402 1867 5457 ele-

295 5514 418 5561 ctus
441 5506 575 5575 ipse,
603 5504 907 5566 discutitur,
933 5502 1184 5571 quoniam
1207 5499 1421 5571 quidem
1446 5497 1748 5569 prohibitus
1775 5508 1871 5564 pa-

299 5610 425 5651 nem
466 5594 811 5658 manducare,
850 5593 902 5646 in
923 5590 1086 5647 Israel
1115 5589 1476 5654 manducavit,
1520 5595 1577 5642 et
1616 5586 1873 5640 interem-

302 5697 423 5759 ptus
452 5694 536 5741 est
564 5701 592 5740 a
628 5685 799 5739 leone.
848 5682 984 5738 Sunt
1012 5689 1067 5737 et
1098 5681 1249 5736 multi
1279 5680 1455 5737 vocati
1488 5674 1733 5748 magistri
1773 5688 1871 5745 per

1954 1876 2003 1914 vr
2028 1860 2068 1932 ),
2098 1862 2192 1917 sed
2218 1869 2271 1916 et
2296 1877 2392 1930 per
2428 1864 2667 1931 singulos
2700 1865 2998 1933 gratiarum
3044 1865 3242 1935 gradus
3282 1865 3530 1919 similiter

1954 1952 2193 2007 invenies
2243 1952 2438 2006 multos
2486 1953 2703 2022 quidem
2766 1963 3026 2019 vocatos,
3088 1969 3292 2024 paucos
3347 1963 3527 2010 autem

1952 2039 2153 2093 electos
2184 2038 2201 2108 (
2226 2038 2415 2092 Matth.
2443 2056 2511 2093 xx
2534 2040 2574 2112 ).

2023 2126 2336 2198 Segregatus
2382 2129 2435 2182 in
2461 2129 2801 2201 Evangelium
2840 2130 2956 2185 Dei.
2997 2131 3205 2204 (Greg.)
3255 2132 3524 2204 Segrega-

1954 2227 2059 2284 tus,
2092 2217 2285 2288 inquit,
2320 2220 2373 2274 in
2400 2221 2747 2290 Evangelium
2789 2222 2915 2288 Dei;
2951 2231 3005 2278 et
3040 2225 3334 2279 secundum
3364 2224 3528 2280 Joan-

1953 2323 2074 2362 nem
2100 2324 2113 2361 :
2148 2307 2305 2362 Pater
2328 2319 2524 2375 sancte,
2551 2327 2795 2364 conserva
2831 2328 2919 2366 eos
2946 2311 3000 2366 in
3029 2313 3235 2366 nomine
3265 2323 3376 2378 tuo,
3399 2331 3527 2384 quos

1950 2398 2139 2452 dedisti
2185 2398 2333 2463 mihi,
2380 2408 2436 2453 ut
2472 2401 2574 2454 sint
2601 2418 2761 2455 unum
2789 2400 2971 2473 (Joan.
3022 2404 3175 2473 xvii),
3206 2411 3261 2458 et
3298 2404 3422 2459 dum
3470 2419 3528 2459 se

1952 2499 2173 2543 sanetus
2204 2488 2402 2544 Paulus
2458 2506 2622 2545 unum
2668 2490 2917 2546 ell’ectum
2963 2507 3083 2547 esse
3128 2508 3249 2547 cum
3298 2495 3529 2549 servatis

1951 2580 2199 2645 credidit,
2226 2580 2354 2649 quid
2381 2589 2484 2646 est,
2512 2582 2653 2650 quod
2679 2590 3015 2652 segregatum
3066 2598 3124 2638 se
3147 2600 3267 2639 esse
3293 2584 3530 2639 fatetur?

1951 2669 2085 2724 Nam
2137 2671 2335 2725 dicitur
2376 2680 2691 2742 segregatus
2738 2672 2895 2741 quasi
2941 2688 2970 2727 a
3018 2689 3177 2744 grege
3223 2686 3527 2744 separatus,

1952 2759 2187 2812 maxime
2229 2774 2351 2813 cum
2382 2759 2642 2815 Dominus
2664 2760 2876 2823 dixerit,
2923 2770 2979 2817 et
3005 2762 3108 2816 erit
3145 2779 3282 2818 unus
3308 2778 3437 2833 grex
3474 2774 3530 2819 et

1952 2862 2089 2902 unus
2118 2856 2303 2916 pastor
2333 2847 2514 2919 (Joan.
2548 2848 2628 2921 Χ),
2680 2859 2735 2904 et
2761 2851 2996 2921 Spiritus
3024 2861 3242 2908 sanctus
3282 2855 3336 2908 in
3373 2855 3528 2909 Acti-

1950 2941 2050 2995 bus
2086 2940 2446 3009 apostolorum
2477 2942 2789 3011 imperando
2837 2943 3044 2998 locutus
3084 2953 3207 2999 est:
3253 2944 3531 3017 Segregate

1952 3029 2081 3082 mihi
2107 3027 2334 3083 Paulum
2360 3040 2405 3083 et
2421 3028 2719 3084 Barnabam
2737 3032 2793 3085 in
2823 3048 2970 3099 opus,
2995 3032 3062 3085 ad
3082 3034 3220 3103 quod
3251 3035 3423 3088 vocari
3442 3051 3529 3089 eos

1951 3120 2089 3189 (Act.
2121 3119 2260 3191 xui).
2307 3119 2597 3175 Sciendum
2634 3120 2876 3189 profecto
2927 3121 2979 3176 in
3010 3123 3197 3192 primis
3238 3132 3339 3186 est,
3387 3124 3531 3192 quod

1952 3211 2054 3267 ista
2084 3212 2389 3267 testimonia
2418 3228 2525 3268 non
2571 3212 2743 3268 solum
2772 3228 2801 3267 a
2836 3215 3141 3283 semetipsis
3185 3231 3291 3270 non
3327 3216 3528 3271 disere-

1950 3312 2118 3373 paut;
2171 3318 2359 3359 verum
2385 3304 2549 3358 etiam
2600 3304 2952 3375 sibimetipsis
2978 3305 3031 3359 in
3060 3306 3268 3361 unitate
3310 3323 3533 3364 concor-

1953 3396 2099 3449 dant.
2130 3393 2265 3448 Nam
2286 3393 2484 3448 Paulus
2505 3403 2560 3448 et
2584 3394 2861 3450 Barnabas
2885 3410 2915 3448 a
2947 3411 2980 3465 g
3009 3411 3106 3466 ege
3138 3412 3245 3451 non
3267 3406 3422 3453 erant
3449 3412 3535 3453 se-

1952 3486 2147 3555 parati,
2200 3484 2294 3539 sed
2324 3485 2608 3555 segregati,
2645 3485 2749 3540 hoc
2773 3493 2876 3551 est,
2912 3495 2979 3540 ad
3022 3500 3157 3555 opus
3203 3489 3534 3556 apostolatus

1955 3576 2172 3634 fuerant
2195 3576 2386 3642 electi;
2411 3576 2606 3646 quibus
2632 3576 2775 3630 enim
2807 3593 2898 3630 cor
2929 3593 3087 3630 unum
3134 3586 3182 3631 et
3212 3579 3386 3632 anima
3427 3595 3532 3634 una

1955 3669 2090 3741 (Act.
2137 3667 2211 3741 tv)
2263 3683 2386 3722 cum
2438 3682 2598 3739 grege
2624 3675 2761 3739 erat,
2810 3667 2952 3720 nulla
2994 3668 3262 3736 separatio
3304 3684 3531 3737 usquam

1954 3774 2075 3814 esse
2101 3764 2343 3828 poterat;
2377 3763 2615 3810 attamen
2647 3771 2676 3809 a
2700 3769 2859 3825 grege
2888 3756 3151 3825 segregati
3182 3755 3414 3820 fuerant,
3441 3760 3532 3824 qui

1956 3848 2021 3899 ad
2048 3844 2405 3914 apostolatum
2439 3843 2599 3899 electi
2622 3851 2798 3897 erant.
2836 3842 2971 3895 Nam
2994 3851 3050 3897 et
3090 3858 3283 3896 manus
3309 3845 3375 3898 ad
3403 3860 3531 3914 ope-

1959 3938 2182 3990 randum
2206 3933 2573 4004 porriguntur,
2620 3932 2713 3986 sed
2761 3941 2937 3986 tamen
2969 3932 3038 3985 ab
3060 3932 3264 3986 unitate
3290 3934 3531 4003 corporis

1956 4042 2064 4080 non
2117 4031 2455 4094 separantur.
2514 4020 2736 4095 (Ambr.)
2796 4021 3145 4092 Segregatum
3186 4037 3244 4076 se
3299 4022 3429 4077 dicit
3476 4024 3531 4079 in

1956 4116 2304 4187 Evangelium
2348 4113 2464 4167 Dei.
2494 4112 2838 4183 Evangelium
2866 4121 2949 4166 est
2978 4110 3072 4165 Dei
3095 4112 3266 4168 bonus
3288 4116 3530 4180 nuntius,

1958 4223 2065 4278 quo
2141 4213 2453 4276 peccatores
2520 4202 2589 4257 ad
2666 4200 3049 4271 indulgentiam
3145 4213 3528 4258 convocantur.

1956 4298 2244 4370 Apostolus
2277 4305 2456 4351 autem
2483 4294 2735 4365 quoniam
2761 4294 2815 4347 in
2850 4292 3126 4348 Judaismo
3148 4293 3323 4348 locum
3352 4294 3534 4351 docto-

1960 4393 2036 4447 ris
2066 4391 2337 4455 habebat,
2380 4394 2593 4458 utpote
2639 4386 2975 4449 Pharisteus,
3023 4385 3143 4440 ideo
3193 4401 3224 4440 a
3270 4384 3534 4442 Judaismi

1961 4482 2341 4552 prmdicatione
2385 4486 2723 4550 segregatum
2785 4492 2843 4533 se
2892 4478 3022 4531 dicit
3066 4478 3122 4531 in
3188 4468 3571 4550 Evangelium.

1963 4575 2081 4639 Dei,
2105 4582 2162 4628 ut
2188 4588 2218 4626 a
2243 4572 2357 4639 lege
2381 4570 2725 4625 dissimulans
2749 4567 3022 4624 Christum
3050 4569 3387 4640 praulicaret,
3417 4571 3532 4640 qui,

1963 4637 2104 4732 quod
2135 4664 2217 4716 lex
2264 4637 2370 4716 non
2410 4667 2651 4730 poterat,
2697 4659 2869 4729 potuit
2897 4637 3183 4713 credentes
3210 4637 3287 4712 in\
3303 4675 3361 4714 se
3378 4637 3539 4727 justi-

1964 4754 2169 4815 ﬁeare;
2224 4752 2317 4805 sed
2370 4766 2474 4804 non
2508 4757 2697 4803 contra
2740 4748 2934 4818 legem,
2984 4749 3076 4802 sed
3120 4762 3219 4816 pro
3272 4747 3390 4817 lege
3434 4758 3537 4813 est,

1967 4845 2079 4915 ipsa
2122 4845 2263 4898 enim
2317 4843 2421 4897 hoc
2477 4842 2608 4897 dicit
2657 4841 2931 4905 futurum,
2984 4842 3192 4896 dicente
3233 4840 3368 4895 Isaia
3417 4856 3542 4909 pro-

1965 4938 2123 5006 pheta
2163 4952 2176 4990 :
2217 4955 2235 4987 ι
2274 4936 2466 4991 Veniet
2495 4950 2561 4991 ex
2595 4935 2745 4999 Sion,
2775 4936 2863 5004 qui
2904 4934 3095 5003 eripiat
3140 4943 3194 4986 et
3220 4940 3542 4987 avertatca-

1966 5027 2266 5096 ptivitatem
2294 5027 2363 5081 ab
2385 5024 2581 5091 Jacoh,
2611 5033 2666 5080 et
2699 5026 2802 5080 hoc
2846 5024 2949 5078 illis
2970 5038 3001 5076 a
3024 5037 3111 5077 me
3136 5029 3537 5085 testamentum,

1966 5136 2087 5176 cum
2119 5121 2391 5175 abstulero
2416 5128 2632 5190 peccata
2663 5133 2872 5173 eorum.
2912 5135 2929 5166 ι

2042 5209 2193 5275 Quod
2215 5217 2332 5262 ante
2356 5208 2660 5277 promiserat
2684 5222 2776 5275 per
2794 5205 3067 5275 prophetas
3088 5218 3207 5256 suos
3230 5202 3285 5255 in
3310 5199 3545 5270 Scriptu-

1972 5300 2045 5354 ris
2077 5298 2290 5353 sanctis.
2344 5296 2416 5352 Ut
2442 5297 2633 5367 probet
2660 5304 2829 5349 ratam
2858 5302 2913 5347 et
2953 5293 3214 5362 integram
3246 5290 3368 5345 fidei
3394 5304 3543 5358 spem

1973 5406 2093 5446 esse
2119 5390 2172 5444 in
2202 5389 2420 5444 Christo
2445 5407 2457 5442 :
2489 5388 2600 5458 jam
2628 5388 2774 5456 prius
2802 5384 3150 5455 Evangelium
3178 5382 3295 5452 ejus
3335 5380 3466 5436 dicit
3510 5394 3543 5432 a

1974 5484 2086 5538 Deo
2112 5481 2457 5551 promissum,
2496 5486 2555 5531 ut
2583 5493 2650 5532 ex
2673 5492 2737 5531 eo
2778 5477 3026 5530 idoneum
3058 5472 3203 5527 illum
3232 5484 3547 5541 sponsorem

1974 5576 2099 5629 vita:
2125 5573 2363 5634 doceret,
2398 5568 2711 5639 priusquam
2727 5565 2946 5619 veniret
2971 5561 3334 5617 testimonium
3357 5558 3407 5614 ei
3450 5558 3550 5611 da-

1979 5674 2091 5719 tum
2122 5661 2376 5726 ostendit,
2416 5665 2703 5714 attestante
2751 5657 2909 5711 Petro
2937 5654 3221 5724 apostolo:
3264 5649 3368 5706 Nec
3414 5647 3550 5702 enim
