3998 6202
630 303 766 358 »1235
1261 300 1321 355 Β.
1363 300 1617 357 MBANI
1655 301 1871 358 MAURI
1912 302 2227 358 ARCHIEP.
2268 303 2575 360 MOGUNT.
2617 304 2902 361 OPERUM
2940 303 3116 365 PARS
3150 304 3242 361 Ill.
3670 316 3770 374 tm

626 413 772 467 aliud
795 412 975 467 datum
998 422 1093 477 cst,
1124 412 1320 482 inquit,
1350 428 1537 467 nomen
1560 414 1652 465 sub
1677 412 1834 476 caelo,
1865 413 1919 466 in
1939 429 2040 482 quo
2062 427 2209 481 opor-
2237 422 2281 475 Α
2312 427 2451 466 unus
2500 413 2566 467 sit
2607 414 2701 467 Dei
2745 420 2800 468 et
2827 413 3058 468 hominis
3101 413 3249 468 tilius
3275 411 3509 473 Christus
3532 417 3669 476 leam.
3702 426 3772 491 Qui

623 514 692 557 tet
712 504 880 558 salvos
898 503 1015 571 ﬁeri
1036 501 1169 574 (Act.
1186 502 1354 573 rv).——
1368 500 1473 555 Per
1495 504 1771 571 prophetas
1786 520 1932 567 suos,
1951 513 2008 557 ut
2029 504 2203 557 mani-
2306 502 2448 556 enim
2475 515 2539 556 ex
2568 510 2772 558 aeterno
2798 503 2891 557 Dei
2919 503 3086 558 Filius
3105 512 3251 569 erat,
3274 503 3589 574 ignorabatur
3608 521 3739 569 autem
3754 534 3773 571 ι

624 593 816 647 festina
844 593 1134 649 salutarem
1166 608 1286 647 esse
1314 593 1601 647 adventum
1623 594 1824 648 Christi
1851 596 2199 666 signiﬁcaret,

619 693 678 738 et
701 685 814 755 jam
842 699 1123 755 personas,
1153 700 1253 754 per
1279 700 1413 754 quas
1448 687 1859 755 promissionem
1887 688 2197 759 signaverit,

624 774 1029 835 demonstravit,
1046 782 1285 843 utquam
1310 790 1435 829 vera
1457 785 1511 830 et
1532 776 1812 847 magniﬁca
1832 778 2201 847 sitpromissio

623 878 689 916 ex
720 864 802 917 his
840 863 1131 917 videretur.
1152 863 1317 919 Nemo
1339 867 1483 920 enim
1514 882 1627 920 rem
1653 867 1812 922 vilem
1836 870 2049 939 magnis
2069 885 2203 939 prte-

622 954 934 1008 cursoribus
957 954 1185 1009 nuntiat.
1220 954 1284 1009 In
1317 954 1602 1027 Scripturis
1627 961 1842 1014 sanctis.
1863 959 1977 1016 Hoc
2004 963 2070 1015 ad
2101 979 2200 1018 ευ·-

623 1046 824 1101 mulum
854 1062 996 1101 verte
1018 1049 1418 1116 protestationis
1444 1050 1661 1119 adjecit,
1690 1059 1750 1106 ut
1784 1053 2041 1123 majorem
2068 1052 2200 1107 [ldu-

620 1136 757 1190 eiam
791 1136 1137 1191 credentibus
1188 1136 1390 1192 faceret
1433 1147 1487 1192 et
1531 1139 1701 1210 legem
1755 1144 2195 1199 commendaret:

619 1233 820 1281 sanetm
857 1227 999 1280 enim
1030 1236 1155 1281 sunt
1179 1225 1493 1298 Scripturze,
1534 1245 1654 1299 quae
1680 1231 1806 1284 vitia
1839 1233 2115 1298 damnant,
2144 1242 2200 1288 et

618 1324 1014 1372 sacramentum
1042 1316 1152 1369 illic
1184 1318 1342 1371 unius
1376 1317 1468 1370 Dei
1516 1326 1573 1371 et
1595 1318 1988 1375 incarnationis
2027 1322 2199 1375 conti-

618 1417 776 1462 netur
800 1406 895 1462 ﬁlii
935 1407 1054 1475 Dei,
1102 1420 1201 1478 pro
1229 1408 1404 1462 salute
1430 1410 1685 1476 humana,
1739 1412 1968 1466 testibus
2017 1412 2198 1482 signo-

618 1514 736 1553 rum
762 1498 1039 1569 prodigiis.

684 1588 762 1643 De
791 1588 956 1655 Filio,
1000 1588 1197 1658 inquit,
1221 1604 1338 1643 suo.
1392 1589 1622 1661 Dignum
1656 1590 1774 1657 fuit,
1804 1599 1865 1645 ut
1899 1593 2025 1662 quia
2055 1592 2197 1649 Deus

616 1678 808 1733 Filium
836 1695 991 1734 suum
1022 1680 1300 1750 proprium
1328 1682 1527 1736 mundo
1549 1682 1917 1752 promittebat,
1942 1697 2037 1754 per
2058 1700 2196 1760 prte-

2304 602 2578 657 creatura,
2607 592 2732 646 dum
2761 591 2873 646 vult
2912 593 3250 648 manifestari
3278 610 3372 664 pro
3408 596 3608 654 humana
3640 604 3773 670 salute,

2303 679 2528 735 visibilis
2555 680 2739 735 debuit
2759 689 2817 736 et
2842 697 3134 751 corporeus
3183 683 3300 738 ﬁeri
3324 725 3340 748 ,
3386 687 3498 755 quia
3522 697 3571 742 et
3597 698 3775 760 cognosci

2303 784 2362 824 se
2382 769 2551 825 voluit
2577 786 2674 841 per
2702 772 2955 828 virtutem
2992 782 3048 828 et
3071 775 3347 829 hominem
3391 780 3598 844 peccatis
3627 782 3776 840 abluere

2303 859 2356 913 in
2388 876 2574 927 carne,
2607 872 2779 918 morte
2800 864 3031 929 devicta,
3054 874 3104 919 et
3129 865 3256 919 ideo
3281 881 3343 920 ex
3376 870 3560 924 semine
3578 866 3704 927 David
3725 876 3773 943 ιι,

2302 957 2362 1003 ιιι
2388 950 2528 1005 sicut
2547 952 2614 1006 de
2637 952 2746 1008 Deo
2772 968 2867 1008 rex
2888 963 3015 1010 ante
3042 955 3239 1010 saecula
3281 968 3433 1015 natus
3460 972 3553 1025 est,
3578 964 3634 1018 ita
3653 976 3693 1021 et
3721 985 3774 1024 se-

2301 1040 2535 1095 cundum
2558 1057 2776 1097 carnem
2791 1057 2859 1098 ex
2880 1060 3006 1116 rege
3021 1054 3205 1102 ortum
3231 1049 3433 1117 regium
3452 1063 3649 1121 asperet,
3662 1055 3774 1113 lactus

2301 1145 2465 1200 opere
2488 1131 2723 1201 Spiritus
2740 1136 2912 1189 sancti
2941 1135 3009 1190 de
3032 1137 3268 1208 virgine,
3289 1140 3388 1195 hoc
3410 1148 3484 1195 est
3507 1152 3649 1210 natus,
3668 1156 3773 1204 utre-

2301 1221 2542 1274 verentia
2569 1222 2619 1275 ei
2644 1232 2915 1277 reservata
2937 1239 3004 1280 ex
3018 1226 3119 1281 hoc
3133 1227 3280 1281 ultra
3302 1229 3552 1284 hominem
3572 1248 3774 1301 etiam

2303 1319 2472 1376 retur,
2500 1311 2643 1379 quod
2670 1312 2737 1366 ab
2759 1312 3010 1369 humana:
3029 1314 3161 1386 legis
3188 1317 3464 1372 nativitale
3485 1320 3684 1388 distaret,
3704 1327 3770 1378 sir-

2300 1407 2360 1454 ut
2408 1402 2722 1470 prmdietum
2757 1402 2936 1458 fuerat
2958 1405 3028 1460 ab
3055 1405 3190 1461 Isaia
3230 1388 3516 1479 propheta:
3553 1410 3657 1466 Ecce
3684 1416 3771 1483 τίνῳ

2299 1491 2353 1543 in
2379 1503 2524 1546 utero
2552 1495 2823 1563 concipiet,
2855 1502 2959 1550 etc.
3005 1495 3139 1568 (Isa.
3178 1500 3305 1571 vu),
3348 1509 3405 1553 ut
3428 1515 3539 1555 cum
3561 1517 3706 1557 norum
3725 1506 3769 1557 la-

2300 1589 2444 1634 ctum
2468 1582 2741 1637 videretur
2767 1594 2821 1638 et
2842 1584 2998 1641 laude
3018 1586 3263 1658 dignum,
3285 1592 3589 1659 providentia
3606 1596 3770 1663 quadam

2303 1668 2397 1723 Dei
2423 1670 2565 1725 circa
2597 1673 2959 1729 visitationem
2984 1676 3208 1731 humani
3235 1680 3445 1748 generis
3475 1679 3623 1735 futura
3645 1697 3772 1753 cogno-

612 1772 790 1826 elaros
817 1773 960 1826 viros
979 1772 1124 1825 illum
1150 1774 1509 1841 promitteret,
1537 1782 1597 1829 ut
1626 1790 1693 1828 ex
1714 1774 1800 1830 his
1822 1791 1983 1845 quam
2009 1785 2191 1847 poten-

2301 1769 2564 1814 sceretur.
2594 1761 2797 1833 (Aug.)
2829 1763 3069 1828 Frustra,
3109 1765 3422 1833 Manichme,
3445 1771 3628 1824 conaris
3646 1772 3770 1825 adver-

613 1863 855 1917 tissimus
898 1873 1075 1926 esset,
1125 1864 1215 1931 qui
1253 1863 1676 1933 praedicabatur,
1706 1872 1887 1934 posset
1925 1866 2089 1934 sciri,
2135 1876 2195 1922 ut

613 1952 907 2022 Scripturis
948 1953 1149 2005 sanctis
1177 1954 1459 2007 adventum
1490 1952 1606 2022 ejus
1640 1952 1876 2009 futurum
1909 1956 2190 2022 insereret,

611 2055 668 2100 et
694 2053 750 2097 ut
777 2042 968 2098 falsum
1000 2061 1103 2097 non
1153 2054 1334 2113 posset
1360 2045 1529 2099 videri
1553 2086 1567 2111 ,
1599 2046 1740 2115 quod
1769 2061 1799 2101 a
1826 2048 2029 2101 sanctis
2057 2063 2194 2117 prze-

610 2136 848 2191 dicatum
873 2143 961 2191 est
985 2134 1301 2205 Scripturis.
1353 2133 1552 2207 (0rig.)
1584 2120 1691 2191 Sed
1716 2144 1895 2191 utrum
1938 2138 2192 2207 simplici-

611 2233 697 2280 ter
737 2223 907 2294 accipi
939 2224 1151 2288 debeat,
1204 2222 1558 2294 Evangelium
1597 2239 1698 2295 per
1742 2225 2041 2294 scripturas
2069 2242 2196 2297 pro-

608 2314 852 2384 pheticas
881 2330 910 2367 a
963 2313 1073 2384 Deo
1119 2314 1528 2383 repromissum,
1580 2329 1649 2370 an
1697 2314 1766 2369 ad
1794 2315 2191 2371 distinctionem

609 2408 834 2463 alterius
869 2407 1165 2478 Evangelii,
1191 2408 1335 2477 quod
1363 2415 1626 2463 teternum
1655 2408 1788 2463 dicit
1808 2408 2033 2466 Joannis
2060 2410 2194 2481 Apo-

606 2497 869 2569 calypsis,
906 2496 1048 2567 quod
1105 2505 1232 2550 tunc
1285 2495 1631 2551 revelantlnm
1679 2504 1782 2563 est,
1830 2513 1954 2553 cum
2003 2500 2193 2552 umbra

609 2589 907 2655 transierit,
936 2597 991 2644 et
1016 2589 1218 2644 veritas
1239 2589 1467 2649 venerit.
1512 2596 1563 2643 et
1587 2603 1708 2643 cum
1738 2604 1886 2645 mors
1914 2589 2076 2644 fuerit
2100 2591 2170 2645 ab

606 2690 814 2752 surpta,
844 2688 899 2736 et
926 2681 1201 2735 a‘ternitas
1234 2680 1507 2745 restituta,
1536 2680 1879 2736 considerato
1896 2691 1952 2736 et
1969 2681 2082 2749 jam
2110 2689 2191 2747 tu,

608 2771 700 2840 qui
748 2770 901 2841 legis,
932 2770 1016 2824 cui
1064 2778 1270 2824 aeterno
1298 2766 1589 2839 Evangelia
1613 2770 1903 2824 convenire
1926 2770 2189 2826 videbun-

610 2870 699 2915 tur
716 2862 879 2917 etiara
904 2860 977 2915 illi
1016 2860 1206 2915 aeterni
1229 2858 1375 2925 anni,
1409 2859 1477 2913 de
1502 2860 1698 2929 quibus
1729 2856 1997 2929 Propheta
2024 2859 2188 2915 dicit:

612 2953 679 3008 Et
706 2969 873 3008 annos
901 2962 1123 3007 aeternos
1167 2952 1224 3005 in
1272 2959 1441 3005 mente
1465 2949 1626 3004 habui
1673 2947 1846 3023 (Psal.
1878 2949 2084 3023 LxxVI),
2117 2949 2194 3005 ei-

606 3059 714 3113 que
737 3043 956 3114 adjungi
1006 3051 1185 3112 potest
1213 3048 1269 3097 et
1312 3040 1399 3096 ille
1431 3040 1568 3095 liber
1591 3041 1734 3108 vitaz,
1764 3041 1818 3095 in
1844 3056 1952 3111 quo
1978 3049 2192 3097 sancto-

610 3152 729 3190 rum
760 3136 975 3190 nomiua
1010 3134 1213 3203 scripta
1239 3133 1490 3188 dicuntur
1527 3134 1708 3205 (Apoc.
1751 3133 1854 3206 ιιι).
1888 3132 1994 3187 Sed
2023 3141 2079 3189 et
2112 3133 2186 3188 illi
2217 3114 2262 3175 ο

609 3226 731 3280 Μ)ιὶ
759 3226 852 3296 qui
903 3226 1043 3294 aputl
1092 3225 1365 3280 Danielem
1394 3241 1514 3279 cum
1553 3226 1814 3296 judicium
1860 3226 2190 3281 consedisset

609 3315 782 3384 aperti
810 3322 937 3370 sunt
961 3314 1124 3384 (Dan.
1152 3314 1275 3386 vn),
1308 3314 1393 3368 vel
1423 3315 1515 3384 qui
1537 3315 1675 3385 apud
1699 3314 2035 3371 Ezechielem
2063 3331 2190 3386 pro.

608 3407 825 3476 phetam
852 3405 918 3460 de
947 3405 1093 3459 intus
1113 3413 1169 3460 et
1197 3407 1264 3460 tle
1287 3406 1418 3460 foris
1442 3404 1694 3460 dicuntur
1707 3405 1951 3478 inscripti
1968 3405 2187 3479 (Ezech.

612 3496 696 3568 ιι),
737 3511 856 3565 qua:
885 3495 1068 3549 omnia
1104 3510 1210 3548 non
1244 3502 1568 3559 atramento,
1610 3494 1703 3549 sed
1732 3495 1922 3565 spiritu
1954 3495 2048 3551 Dei
2081 3497 2188 3551 vivi

607 3589 807 3659 scripta
851 3597 1241 3643 memorantur.
1288 3587 1365 3643 De
1389 3588 1584 3658 quibus
1632 3589 1879 3652 quamvis
1923 3590 2190 3660 periculo-

607 3696 725 3735 sum
754 3679 1004 3734 videatur
1032 3679 1253 3735 cartulis
1281 3680 1622 3735 committere
1649 3695 1976 3745 sermonem,
2008 3690 2187 3737 tamen

605 3786 712 3825 non
755 3770 928 3826 otiose
973 3772 1347 3841 praetereunda
1388 3779 1516 3824 sunt
1558 3770 1699 3825 dicta
1738 3772 2082 3841 sapientium,
2135 3780 2192 3828 et

604 3861 912 3931 :enigmata,
927 3860 1022 3915 sed
1047 3860 1228 3916 subtili
1254 3862 1545 3917 admodum
1566 3864 1763 3917 mentis
1783 3862 1922 3930 acie,
1946 3863 2000 3917 i-n
2026 3880 2191 3933 quan-

608 3958 724 4004 tum
765 3965 854 4005 res
896 3949 1115 4019 patitur,
1148 3948 1292 4005 velut
1317 3964 1414 4021 per
1453 3950 1723 4020 quoddam
1754 3951 2030 4021 speculum
2056 3967 2186 4006 con-

608 4041 934 4112 templanda,
961 4057 1029 4096 ne
1057 4039 1195 4096 forte
1225 4041 1271 4096 is
1295 4042 1388 4110 qui
1416 4040 1649 4096 Verbum
1680 4058 1807 4099 caro
1832 4042 2005 4099 factus
2030 4059 2191 4114 appa-

606 4132 738 4196 ruit,
767 4130 977 4201 positus
1002 4130 1056 4184 in
1098 4143 1281 4198 carne,
1313 4131 1453 4186 sicut
1489 4132 1779 4202 Apostolus
1803 4134 1899 4200 ait,
1925 4136 2048 4205 quia
2076 4151 2189 4190 ma»

610 4220 886 4290 nifestatus
914 4229 988 4275 est
1011 4221 1064 4274 in
1100 4236 1278 4287 carne,
1316 4220 1641 4291 jnstiﬁcatus
1680 4222 1736 4277 in
1764 4224 1949 4294 spiritu
1975 4263 1989 4289 ,
2019 4241 2185 4295 appa-

608 4312 714 4366 ruit
732 4312 932 4383 angelis
958 4311 1009 4383 (1
1043 4311 1178 4367 Tim.
1212 4313 1298 4383 ιιι)
1320 4353 1336 4376 ,
1367 4312 1423 4367 in
1451 4313 1554 4369 hoc
1580 4315 1722 4384 quod
1743 4316 1992 4386 apparuit
2020 4332 2185 4390 ange-

2295 1849 2400 1902 sari
2424 1850 2728 1919 prophetis;
2755 1867 2883 1907 ecce
2905 1852 3194 1923 Apostolus
3223 1857 3374 1921 dicit,
3394 1858 3456 1911 de
3479 1856 3600 1913 Filio
3618 1877 3700 1923 suo,
3716 1864 3771 1930 qui
3862 1912 3863 1933 η

2296 1939 2466 2008 {nctus
2489 1952 2563 1994 est
2594 1943 2641 1995 ei
2661 1959 2728 1996 ea:
2751 1944 2945 1999 sentiae
2967 1944 3136 1999 David
3163 1949 3445 2002 secundum
3465 1966 3653 2004 carnem.
3674 1950 3771 2017 Qua]

2296 2033 2568 2102 prophetae
2594 2035 2982 2103 praedixerunt,
3010 2037 3111 2092 hoc
3148 2040 3376 2108 apostoli
3398 2041 3618 2095 viderunt
3634 2051 3673 2095 et
3690 2058 3772 2111 prr-

2295 2124 2631 2190 dicavernnt,
2679 2129 2773 2196 qui
2807 2138 2946 2192 erat,
2981 2129 3156 2185 lactus
3181 2141 3305 2197 est;
3334 2133 3424 2202 qui
3466 2142 3584 2197 erat,
3608 2133 3769 2201 quidb-

2294 2224 2417 2270 ctus
2445 2216 2576 2271 est?
2612 2216 2835 2272 Verbum
2879 2229 3015 2283 erat,
3052 2236 3179 2275 caro
3210 2221 3381 2278 factus
3413 2232 3523 2288 est;
3567 2223 3769 2277 Filiuslui

2295 2313 2432 2369 erat,
2465 2304 2608 2360 illius
2631 2305 2867 2362 hominis
2899 2309 3073 2364 factus
3097 2323 3226 2376 est;
3278 2313 3415 2367 Deus
3450 2324 3569 2377 erat,
3591 2313 3704 2365 Itonia
3719 2312 3769 2380 ρέ-

2295 2409 2408 2452 ctus
2432 2411 2506 2453 est
2534 2413 2553 2451 :
2585 2403 2823 2471 suscepit
2848 2404 3273 2471 humanitatem,
3328 2424 3427 2462 non
3460 2410 3615 2462 amisit
3645 2408 3770 2461 dirui-

2296 2497 2480 2543 tatem.
2510 2489 2763 2555 Quteritis
2786 2494 3056 2560 quomodo
3086 2493 3289 2551 Paulus
3331 2497 3416 2553 hic
3436 2497 3563 2552 dicat
3596 2499 3647 2552 de
3669 2497 3769 2552 Chri-

2295 2590 2403 2645 sto,
2430 2583 2519 2647 (ιιιί
2542 2582 2716 2651 [actus
2743 2594 2817 2637 est
2856 2586 2906 2638 ei
2924 2602 2990 2639 ex
3016 2589 3215 2642 nmine
3240 2588 3403 2643 Dauid
3441 2590 3674 2643 mndata
3692 2604 3769 2641 car-

2295 2689 2431 2737 nem,
2462 2682 2518 2728 et
2541 2687 2573 2728 e
2603 2676 2878 2731 contrario
2897 2680 3172 2746 quomodo
3199 2681 3326 2736 alibi
3351 2682 3483 2736 dicat
3507 2680 3578 2753 (II
3602 2680 3765 2749 Com):

2297 2760 2358 2816 Si
2383 2763 2621 2818 novimus
2640 2763 2905 2819 Christum
2925 2769 3216 2824 secundum
3244 2788 3464 2837 carnem,
3487 2773 3564 2826 sed
3577 2772 3665 2840 jam
3682 2787 3767 2823 sunt

2295 2870 2396 2906 non
2424 2854 2660 2910 novimus
2682 2872 2703 2921 ;
2728 2857 2818 2912 ubi
2834 2860 3286 2918 considerandum
3308 2873 3409 2931 est,
3435 2863 3659 2934 quomofo
3675 2870 3765 2913 uti-.2—

2294 2962 2401 3016 que
2449 2950 2715 3005 sententia
2766 2960 2911 3008 stare
2943 2955 3141 3023 possit.
3197 2958 3305 3013 Sed
3334 2960 3430 3013 hoc
3484 2959 3547 3011 ita
3576 2956 3677 3012 solvi
3708 2970 3762 3023 po

2295 3045 2418 3104 test,
2439 3040 2580 3106 quod
2609 3039 2749 3097 (ilius
2770 3042 2953 3098 Deiex
2982 3047 3195 3103 semine
3219 3048 3382 3102 David
3408 3049 3550 3102 homo
3568 3054 3762 3103 natuscsl.

2293 3144 2392 3184 nec
2423 3131 2563 3185 idem
2594 3131 2881 3201 Apostolus
2915 3152 3023 3191 uno
3068 3138 3190 3194 loco
3217 3140 3373 3206 dicit,
3401 3149 3453 3195 et
3484 3147 3648 3195 sancta
3667 3136 3761 3190 Sui-

2291 3228 2464 3288 pturte
2514 3224 2859 3291 apertissime
2896 3228 3230 3296 praedicant,
3273 3232 3412 3300 quod
3438 3246 3551 3285 vero
3571 3230 3684 3291 dicit,
3704 3228 3763 3279 etsi

2292 3326 2600 3368 noveramus
2629 3312 2893 3369 Christum
2916 3319 3204 3374 secundum
3224 3338 3447 3386 carnem,
3472 3320 3550 3375 sed
3564 3324 3655 3389 jam
3676 3332 3761 3370 nutu

2291 3417 2396 3456 non
2439 3406 2703 3471 nouimus,
2739 3421 2803 3460 ea
2835 3409 2949 3477 ipsa
2979 3411 3384 3469 circumstantia
3426 3414 3666 3483 Scriptura:
3700 3408 3761 3462 Ιοιὶ

2290 3490 2418 3559 ejus
2455 3495 2587 3549 satis
2631 3499 2867 3553 ostendit
2915 3501 3046 3569 quid
3097 3502 3338 3573 loquitur
3385 3503 3659 3575 Apostolus,
3700 3512 3760 3551 suo

2289 3584 2486 3654 Quippe
2514 3600 2663 3641 more
2686 3588 2850 3642 vitam
2880 3602 3119 3646 nostram
3148 3594 3209 3648 in
3230 3597 3471 3658 futuram,
3506 3608 3606 3663 qua:
3618 3592 3701 3658 jam
3730 3587 3760 3638 in

2290 3673 2407 3742 ipso
2455 3676 2672 3732 homine
2708 3680 3006 3736 mediatore
3048 3681 3269 3740 Christo
3307 3683 3430 3740 Jesu
3467 3685 3615 3753 capite
3639 3686 3759 3733 nostro

2290 3776 2604 3837 rcsurgente
2654 3771 2931 3840 complexa
2970 3783 3081 3841 est,
3117 3777 3196 3831 ita
3233 3793 3326 3848 spe
3364 3784 3498 3833 certa
3537 3772 3760 3828 meditatur.

2290 3866 2545 3929 tanquam
2569 3860 2681 3930 jam
2707 3864 2852 3919 adsit
2893 3881 3132 3934 praesens
3159 3886 3281 3941 qua:
3311 3879 3553 3935 teneatur,
3584 3881 3674 3938 qua
3689 3862 3757 3915 uti-

2288 3962 2393 4019 que
2418 3950 2528 4004 vita
2572 3966 2677 4006 non
2701 3954 2805 4008 erit
2826 3959 3119 4013 secundum
3149 3977 3388 4027 carnem,
3415 3959 3638 4029 sicutjatn
3654 3952 3757 4008 Chri-

2288 4038 2357 4092 sti
2383 4040 2493 4095 vita
2520 4056 2628 4096 non
2658 4052 2743 4098 est
2777 4048 3070 4102 secundum
3109 4066 3368 4119 carnem;
3418 4065 3605 4108 carnem
3627 4046 3756 4118 quiti“

2287 4132 2389 4187 hoc
2412 4132 2529 4190 loco
2549 4136 2800 4207 appellat,
2830 4138 2883 4193 id
2907 4149 2988 4195 est
3012 4182 3028 4206 ,
3058 4146 3332 4202 carnalem
3355 4142 3660 4215 corruptionis
3674 4152 3757 4209 qur

2284 4219 2513 4287 litatem,
2556 4240 2676 4294 qua:
2718 4234 2845 4282 tunc
2885 4227 2996 4297 jam
3027 4248 3132 4287 non
3167 4236 3291 4300 erit,
3338 4236 3456 4305 quia
3482 4240 3647 4288 mutata
3674 4239 3754 4281 tam

2288 4326 2395 4365 non
2423 4325 2819 4386 corrumpetur.
2874 4318 3211 4380 Noveramus
3231 4340 3355 4397 ergo
3381 4325 3617 4380 Christum
3632 4330 3755 4373 sculu-

608 4398 681 4455 lis
730 4415 837 4456 non
886 4401 967 4457 eis
1018 4402 1222 4472 absque
1274 4402 1568 4475 Evangelia
1612 4407 1890 4475 apparuit,
1941 4407 2080 4463 sicut
2118 4424 2185 4465 ne
2286 4403 2413 4459 dum
2442 4421 2680 4474 carnem,
2712 4409 2765 4464 id
2792 4419 2895 4475 est,
2933 4416 3226 4471 secundum
3256 4419 3427 4473 carnis
3446 4413 3750 4470 mortalitatem.

612 4490 770 4545 uobis
799 4490 1012 4561 quidem
1059 4491 1367 4548 hominibus
1411 4494 1478 4547 ad
1510 4508 1646 4563 quos
1680 4495 1901 4550 missum
1949 4512 2010 4553 se
2055 4498 2184 4555 dicit
2216 4477 2262 4535 D
2288 4505 2578 4567 antequam
2617 4511 2958 4570 resurgeret;
3001 4508 3096 4562 sed
3126 4525 3268 4565 nunc
3301 4510 3408 4579 jam
3446 4523 3538 4562 non
3564 4503 3750 4560 novimus.

607 4578 982 4648 evangelizare
1022 4580 1381 4649 pauperibus,
1414 4581 1683 4637 dimittere
1716 4584 1955 4651 captivos
1998 4585 2052 4638 in
2098 4601 2185 4640 re-

610 4670 944 4734 missionem,
976 4679 1031 4725 et
1056 4671 1379 4726 annuntiare
1424 4687 1624 4726 annum
1664 4672 1873 4729 Domini
1903 4685 2183 4746 acceptum

605 4758 748 4829 (Isa.
780 4756 912 4831 ur).
966 4758 1024 4813 Si
1049 4774 1177 4831 ergo
1199 4777 1321 4815 cum
1349 4763 1658 4832 apparuerit
1687 4764 1843 4819 nobis
1879 4766 2184 4822 hominibus

610 4864 717 4904 non
749 4848 865 4903 sine
891 4848 1180 4919 Evangelia
1217 4852 1485 4919 apparuit,
1537 4864 1932 4921 consequenter
1972 4857 2184 4911 videtur

609 4941 924 5004 ostendere,
982 4942 1124 5010 quod
1181 4941 1342 4996 etiam
1390 4942 1629 5012 angelico
1677 4945 1851 4999 ordini
1906 4961 2015 5003 non
2068 4949 2183 5003 sine

614 5031 905 5101 Evangelia
946 5033 1290 5102 apparuerit,
1336 5033 1426 5087 illo
1467 5032 1711 5090 fortassis
1742 5037 1884 5105 quod
1923 5047 2180 5094 aeternum

613 5117 960 5192 Evangelium
987 5123 1055 5177 ab
1066 5120 1271 5177 Joanne
1291 5134 1643 5181 memoratum
1670 5143 1826 5198 supra
1849 5130 2181 5186 edocuimus.

616 5209 692 5262 De
719 5208 861 5265 Filio
879 5227 977 5267 suo
1000 5214 1087 5283 qui
1116 5213 1284 5282 factus
1312 5226 1385 5269 est
1414 5216 1462 5269 ei
1499 5232 1563 5270 ea:
1590 5219 1785 5273 semine
1808 5220 1973 5274 David
2003 5237 2186 5277 secun-

612 5303 739 5357 dum
764 5321 991 5360 carnem.
1018 5306 1250 5376 (Ambr.)
1269 5308 1403 5362 Eum
1423 5310 1514 5378 qui
1542 5319 1659 5365 erat
1678 5311 1849 5368 Filius
1876 5314 1969 5369 Dei
1999 5329 2186 5370 sectiu-

610 5393 740 5448 dum
786 5393 1047 5465 Spiritum
1090 5405 1354 5460 sanctam.
1397 5400 1450 5453 id
1493 5409 1599 5465 est,
1656 5405 1947 5458 secundum
1993 5405 2179 5462 Deum.

612 5483 741 5551 quia
771 5484 912 5539 Deus
943 5484 1176 5555 Spiritus
1199 5496 1305 5554 est,
1327 5498 1383 5543 et
1402 5489 1518 5544 sine
1541 5490 1705 5546 dubio
1734 5504 1955 5548 sanctus
1978 5502 2079 5559 est,
2107 5494 2185 5550 fa-

617 5580 762 5623 ctum
800 5574 931 5628 dicit
954 5575 1111 5645 juxta
1135 5592 1352 5632 carnem
1384 5580 1477 5634 Dei
1510 5580 1702 5636 Filium
1724 5598 1792 5637 ex
1826 5584 2034 5639 semine
2080 5585 2186 5639 Da-

618 5654 706 5707 vid
734 5655 884 5722 juxta
929 5662 1080 5729 illud,
1113 5674 1161 5717 ct
1200 5664 1418 5720 Verbum
1448 5686 1571 5722 raro
1619 5671 1811 5739 factum
1840 5685 1931 5735 est,
1980 5685 2033 5729 ιιι
2072 5674 2183 5742 jam

2287 4588 2413 4656 quia
2443 4590 2585 4646 sicut
2608 4592 2739 4648 dicit
2768 4594 2907 4649 idem
2930 4596 3239 4666 Apostolus,
3268 4600 3487 4656 Christus
3516 4603 3750 4664 resurget”

2286 4681 2529 4745 mortuis,
2571 4680 2684 4750 jam
2733 4699 2837 4737 non
2887 4689 3132 4753 moritur,
3186 4701 3242 4745 et
3282 4692 3471 4760 reliqua
3513 4688 3655 4757 (llam.
3687 4680 3746 4747 τὴν

2285 4771 2429 4843 Ergo
2448 4781 2735 4845 utrumque
2768 4778 2819 4831 in
2853 4778 2998 4835 nullo
3025 4782 3127 4837 sibi
3155 4785 3427 4855 repugnari
3454 4768 3749 4842 videtur,qu-l

2285 4861 2574 4932 Apostolus
2612 4867 2767 4932 dixit,
2819 4871 2943 4938 quia
2990 4880 3044 4927 et
3070 4883 3351 4946 antequam
3390 4874 3603 4930 Christus
3626 4876 3745 4920 resur-

2288 4960 2457 5023 geret,
2495 4970 2713 5011 carnem
2744 4973 2866 5013 eum
2903 4974 3125 5019 noverat
3158 4967 3399 5022 habuisse
3437 4961 3681 5018 mortalem,
3716 4960 3748 5004 cl

2287 5051 2568 5113 postquam
2598 5050 2913 5117 resurrexit,
2942 5053 3085 5107 nulla
3107 5070 3229 5110 eum
3255 5055 3430 5126 attingi
3452 5050 3641 5109 credidit
3657 5059 3746 5101 mur-

2288 5131 2358 5186 tis
2394 5136 2756 5204 corruptione.

2362 5223 2466 5290 Qui
2488 5228 2888 5296 prwdestinatus
2922 5244 2995 5287 est
3027 5233 3197 5291 Filius
3222 5238 3315 5293 Dei
3345 5241 3392 5291 in
3424 5242 3598 5294 virtute,
3617 5236 3743 5281 tea"

2286 5314 2412 5369 dum
2446 5317 2685 5385 spiritum
2722 5323 3154 5393 sanctiﬁcationis
3207 5347 3269 5384 ea:
3312 5324 3629 5382 resurrectione
3658 5325 3745 5367 πων·

2288 5415 2500 5461 tuorum
2531 5410 2661 5464 Jestt
2708 5410 2906 5469 Christi
2937 5416 3148 5473 Domini
3178 5423 3353 5476 nostri.
3377 5412 3574 5490 (Amhr.)
3604 5406 3739 5463 Filium

2288 5496 2384 5553 Dei
2415 5499 2620 5567 dicens,
2650 5502 2868 5560 Patrem
2897 5509 3219 5577 signiﬁcavit
3240 5512 3418 5573 Deum;
3446 5504 3595 5560 addito
3617 5501 3740 5550 autem

2288 5589 2478 5656 spiritu
2512 5592 2977 5661 sanctiﬁcationis,
3005 5605 3242 5658 ostendit
3284 5600 3555 5674 mysterium
3578 5582 3739 5644 Trinitr

2293 5680 2376 5733 tis.
2424 5681 2518 5737 Hic.
2544 5701 2671 5755 ergo
2702 5689 2792 5755 qui
2828 5690 3135 5747 incarnatus
3163 5695 3285 5763 quid
3315 5700 3436 5749 esset
3462 5686 3630 5745 latebat,
3655 5685 3737 5726 "m9
