3998 6202
305 308 442 363 4235

866 310 1421 372 ENARRATIONUM
1460 316 1528 372 IN
1566 318 1715 373 EH’.
1758 318 1962 376 PAULI
2004 321 2129 376 UB.
2176 324 2212 378 Ι.
2257 357 2321 365 -
2360 327 2425 381 ιΝ
2465 327 2685 385 EPIST.
2723 329 2816 386 AD
2858 331 3022 389 ROM.

3436 341 3575 399 l'286

300 422 715 493 pnedestinatus
744 433 827 478 est
870 428 1163 482 secundum
1206 429 1460 499 spiritum
1508 430 1892 487 sanctiﬁcatio-
1918 441 1970 501 Α
1996 451 2158 491 carne
2183 445 2237 491 et
2286 438 2510 507 spiritus
2538 442 2987 499 sanctiﬁcationis
3026 445 3111 500 vel
3140 448 3335 504 divinae
3364 453 3583 511 virtutis

298 513 409 576 nis,
439 512 492 566 in
533 512 732 568 virtute
761 515 1099 571 manifestari
1126 517 1293 574 Filius
1314 520 1409 574 Dei
1438 536 1561 575 cum
1593 524 1827 592 resurgit
1853 540 1886 579 a

298 602 551 668 mortdis,
583 602 724 657 sicut
767 606 1027 675 scriptum
1058 617 1141 662 est
1167 609 1219 663 in
1250 610 1458 680 psalmo
1484 627 1685 666 Lxxxw
1713 630 1726 667 :
1788 613 1887 669 Ve-

297 695 426 746 ritas
456 693 521 746 tle
565 702 705 746 terra
733 704 849 747 orta
894 705 987 760 est,
1040 699 1217 753 omnis
1250 701 1394 754 enim
1438 702 1787 772 ambiguitas,
1833 715 1888 759 ct

296 781 591 837 diﬁidentia
646 786 1039 841 resurrectione
1092 789 1208 858 ejus
1252 789 1457 845 calcata
1513 798 1597 846 est
1644 801 1698 846 et
1741 808 1889 848 com-

294 887 481 942 pressa
502 912 516 937 ,
552 868 818 942 siquidem
867 877 1044 932 adhuc
1076 878 1129 931 in
1174 894 1337 933 cruce
1367 881 1545 950 posito
1572 923 1586 947 ,
1639 885 1887 940 centurio

292 960 485 1017 videns
508 962 772 1033 magnalia
786 1005 800 1029 ,
819 964 911 1019 Dei
928 965 1121 1021 Filium
1147 969 1435 1024 conﬁtetur
1456 970 1671 1039 (Matth.
1690 974 1883 1044 xxvii),

294 1066 421 1105 nam
448 1060 502 1107 et
532 1053 778 1123 discipuli
809 1054 861 1107 in
892 1064 1066 1109 morte
1095 1056 1209 1124 ejus
1244 1058 1643 1125 dubitaverunt,
1674 1063 1887 1120 dicente

294 1140 493 1213 Cleopa
523 1152 577 1198 et
608 1144 874 1199 Emmau:
920 1144 1034 1201 Nos
1058 1148 1373 1214 putabamus
1431 1150 1554 1220 quia
1615 1152 1726 1222 ipse
1774 1162 1887 1206 erat

293 1236 384 1305 qui
407 1235 680 1305 incipiebat
719 1235 944 1291 liberare
990 1237 1162 1293 Israel
1188 1239 1341 1310 (Luc.
1375 1242 1565 1312 xxiv);
1601 1242 1715 1311 ipse
1741 1244 1886 1298 enim

294 1328 557 1384 Dominus
584 1330 659 1384 ait
684 1347 697 1383 :
729 1329 860 1384 Cum
885 1330 1243 1386 exultaveritis
1280 1334 1451 1402 ﬁlium
1478 1334 1704 1388 hominis
1722 1375 1737 1399 ,
1764 1345 1886 1390 tunc

293 1422 610 1491 cognoscetis
635 1423 759 1492 quia
782 1423 889 1492 ipse
911 1438 1005 1492 ego
1034 1439 1150 1476 sum
1178 1423 1360 1495 (Joan.
1388 1423 1510 1497 vm)
1537 1441 1551 1489 ;
1579 1432 1632 1478 et
1658 1425 1883 1480 iterum:

294 1512 428 1565 Cum
459 1511 721 1567 exaltatus
767 1512 917 1581 fuero
962 1529 993 1566 a
1022 1521 1183 1577 terra,
1212 1514 1388 1566 omnia
1439 1514 1646 1567 traham
1696 1514 1766 1568 ad
1806 1531 1886 1568 me

295 1602 482 1674 (Joan.
516 1601 638 1673 xu),
666 1603 718 1656 id
739 1611 842 1668 est,
877 1609 1005 1657 tunc
1028 1617 1326 1672 coguoscar
1354 1605 1593 1658 omnium
1632 1619 1750 1659 esse
1781 1603 1885 1659 Do-

296 1697 492 1751 minus.
544 1696 668 1752 ldeo
694 1705 870 1750 autem
894 1710 1000 1751 non
1029 1696 1185 1763 dixit,
1227 1711 1294 1750 ex
1321 1698 1717 1751 resurrectione
1758 1696 1884 1752 Jesu

1988 524 2285 580 substantia
2318 528 2645 594 nominatur,
2681 533 2747 587 de
2776 548 2880 602 qua
2911 529 3034 589 alibi
3078 537 3190 608 ipse
3224 538 3471 599 Salt’ator
3497 547 3582 599 dia

1987 613 2080 678 cit,
2111 615 2237 683 quia
2281 617 2446 672 tristis
2474 629 2549 673 est
2579 622 2760 675 anima
2793 640 2908 678 mea
2954 642 3115 697 usque
3143 630 3210 682 ad
3237 643 3475 698 mortem,
3517 645 3577 690 et

1988 717 2123 756 nunc
2145 704 2323 759 anima
2351 722 2466 760 mea
2495 709 2705 764 turbata
2727 722 2803 765 est
2824 713 3037 783 (Matth.
3065 733 3190 772 xxvr
3215 735 3228 786 ;
3262 720 3420 775 Joan.
3447 724 3575 793 xu),

1988 807 2148 861 quam
2180 809 2209 847 a
2232 797 2522 866 semetipso
2550 801 2733 867 ponit,
2774 803 2882 858 into
2934 820 3052 875 qua}
3094 824 3266 879 usque
3291 812 3355 865 ad
3404 812 3571 868 infer—

1987 899 2115 937 num
2145 884 2444 951 descendit,
2476 889 2540 942 de
2565 904 2668 959 qua
2692 891 2890 947 dicitur
2916 912 2928 948 :
2964 895 3085 949 Non
3109 898 3434 971 derelinquas
3463 905 3576 958 ani-

1986 991 2126 1029 mam
2169 993 2335 1030 meam
2386 979 2439 1032 in
2480 980 2709 1049 inferno.
2751 982 2968 1039 Certum
3012 996 3095 1041 est
3123 991 3265 1045 enim
3299 995 3422 1060 quia
3457 996 3573 1050 lucc

1987 1080 2091 1120 non
2119 1066 2185 1120 de
2213 1068 2419 1122 semine
2457 1070 2623 1124 David
2658 1083 2909 1141 generata
2941 1076 3012 1130 sit
3040 1094 3053 1143 ;
3102 1078 3232 1134 dicit
3260 1083 3400 1136 enim
3445 1087 3571 1153 quia

1984 1155 2124 1225 quod
2143 1154 2340 1224 factum
2368 1167 2444 1211 est
2475 1176 2539 1211 ex
2579 1161 2775 1214 semine
2820 1163 2987 1217 David
3027 1170 3314 1223 secundant
3359 1190 3571 1227 carnem

1985 1254 2080 1311 est,
2119 1246 2243 1316 quia
2273 1261 2401 1316 ergo
2432 1264 2605 1318 neque
2654 1251 2705 1304 in
2755 1266 2819 1306 eo
2850 1255 2991 1322 quod
3029 1260 3321 1313 secundum
3351 1279 3572 1318 carnem

1984 1343 2091 1401 est,
2124 1336 2335 1391 videtur
2357 1341 2726 1405 annumerari,
2768 1358 2946 1411 neque
2981 1344 3032 1397 in
3072 1362 3136 1401 eo
3160 1348 3246 1401 ubi
3273 1348 3579 1405 destinatur

1985 1425 2154 1482 Filius
2187 1427 2282 1483 Dei
2327 1428 2381 1481 in
2406 1429 2607 1483 virtute
2645 1433 2941 1487 secundum
2990 1435 3238 1503 spiritum
3270 1440 3578 1494 sanctiﬁca-

1987 1519 2168 1584 tionis,
2199 1529 2328 1590 puto
2356 1522 2499 1590 quod
2519 1525 2908 1579 consuetudine
2927 1541 3026 1579 sua
3061 1528 3347 1598 Apostolus
3372 1541 3573 1598 utatur,

1984 1610 2149 1663 etiam
2180 1610 2232 1663 in
2263 1610 2367 1666 hoc
2412 1611 2530 1667 loco
2550 1654 2565 1679 ,
2610 1616 2786 1670 sciens
2813 1617 3044 1673 mediam
3072 1635 3285 1690 semper
3310 1638 3431 1678 esse
3461 1627 3578 1679 ani-

1984 1713 2130 1752 mam
2168 1697 2311 1754 inter
2365 1700 2615 1770 spiritum
2647 1711 2700 1757 et
2747 1718 2996 1773 carnem,
3044 1717 3104 1761 ut
3132 1717 3225 1762 aut
3264 1708 3491 1781 jungere
3521 1729 3579 1768 se

295 1784 521 1850 Christi,
553 1785 647 1840 sed
668 1802 735 1840 ex
764 1794 1098 1841 mortuorum
1119 1826 1134 1851 ,
1162 1786 1287 1856 quia
1317 1788 1642 1843 resurrectio
1681 1787 1882 1843 Christi
1914 1794 1958 1851 Β
1987 1790 2138 1843 carni
2167 1799 2222 1845 et
2242 1790 2377 1848 elIici
2412 1809 2576 1847 unum
2610 1811 2731 1849 cum
2762 1810 2947 1861 carne,
2987 1815 3082 1854 seu
3110 1800 3343 1871 spiritui,
3377 1812 3432 1857 et
3457 1820 3577 1862 esse

295 1877 598 1949 generalem
646 1878 833 1934 tribuit
875 1877 1369 1945 resurrectionem;
1401 1878 1516 1933 tunc
1541 1878 1685 1933 enim
1714 1876 1884 1946 major

294 1970 507 2025 videtur
535 1972 708 2026 virtus
733 1971 788 2025 in
815 1970 1032 2026 Christo
1062 1978 1118 2025 et
1147 1970 1371 2025 victoria
1424 1978 1482 2023 ut
1524 1985 1587 2024 ea
1615 1977 1883 2040 potestate

295 2071 612 2133 operaretur
640 2072 905 2127 mortuus,
959 2078 1064 2133 qua
1111 2069 1366 2133 operatus
1403 2060 1579 2116 fuerat
1615 2071 1669 2116 et
1704 2061 1878 2123 vivus.

294 2169 403 2226 quo
449 2152 593 2211 facto
638 2155 886 2226 apparuit
929 2154 1166 2209 induisse
1212 2162 1441 2208 mortem
1481 2160 1543 2206 ut
1595 2152 1884 2207 redimeret

297 2261 415 2301 nos.
470 2245 653 2317 (Aug)
708 2244 861 2313 Quod
902 2253 1081 2300 autem
1135 2244 1255 2310 ait,
1304 2243 1592 2298 secundant
1639 2244 1882 2315 spiritum

295 2339 727 2411 sanctificationis
756 2354 823 2392 ea:
875 2327 1248 2392 resurrectione
1283 2344 1629 2401 mortuarum,
1675 2334 1729 2389 id
1772 2342 1879 2401 est,

294 2430 421 2500 quia
451 2429 683 2501 Spiritus
712 2430 908 2485 donum
941 2435 1265 2498 acceperunt
1297 2444 1310 2480 :
1338 2434 1460 2497 post
1491 2425 1606 2495 ejus
1639 2441 1883 2480 resurre-

296 2524 533 2577 ctionem
583 2530 919 2575 mortuorum
971 2517 1420 2573 resurrectionem
1470 2522 1879 2577 commemorat,

297 2612 424 2683 quia
478 2612 530 2664 in
593 2611 709 2680 ipso
755 2625 945 2665 omnes
997 2607 1363 2679 cruciﬁgimur
1419 2614 1474 2662 et
1524 2606 1876 2676 resurgimus.

298 2701 496 2775 (Θήῃ.)
524 2700 825 2758 Notandum
852 2708 1030 2754 autem
1065 2699 1221 2770 juxta
1246 2700 1506 2769 quosdam
1534 2697 1673 2768 quod
1697 2713 1883 2766 quam-

294 2793 380 2847 vis
406 2792 458 2846 in
484 2791 693 2847 Latinis
734 2789 1134 2860 exetnplaribus
1162 2789 1563 2859 prtrdestinntns
1591 2787 1761 2842 soleat
1802 2786 1883 2840 in—

296 2882 512 2947 veniri,
567 2890 746 2935 tamen
777 2880 1072 2935 secundum
1123 2880 1266 2949 quod
1301 2877 1764 2948 interpretationis
1792 2892 1881 2931 ve-

299 2972 436 3025 ritas
464 2970 645 3035 habet,
689 2970 977 3023 destinatus
1011 2968 1270 3040 scriptum
1301 2977 1403 3034 est,
1445 2984 1553 3023 non
1596 2967 1881 3038 prmdesti—

296 3072 493 3126 natus;
533 3060 835 3116 destinatur
894 3060 1039 3115 enim
1079 3060 1169 3114 ille
1206 3061 1297 3129 qui
1337 3067 1439 3119 est.
1469 3058 1884 3130 prtedestiuatur

1989 1895 2153 1933 unum
2187 1897 2311 1935 eum
2342 1884 2559 1953 spiritu,
2602 1899 2665 1939 ex
2708 1900 2815 1955 quo
2846 1889 3112 1957 siquidem
3139 1908 3261 1946 cum
3292 1908 3455 1948 carne
3482 1896 3573 1962 sit,

1985 1976 2232 2031 carnales
2263 1977 2512 2033 homines
2546 1977 2678 2032 ﬁant
2707 1997 2721 2045 ;
2770 1981 2811 2035 si
2864 1996 2992 2036 vero
3022 1999 3145 2037 eum
3178 1985 3389 2053 spiritu,
3417 1988 3577 2058 Spiri-

1985 2064 2139 2131 tales,
2186 2075 2242 2121 et
2272 2068 2471 2124 idcirco
2498 2070 2837 2126 extrinsecus
2873 2086 2991 2126 eam
3020 2088 3125 2126 non
3156 2074 3432 2140 nominat,
3480 2079 3575 2132 sed

1984 2172 2202 2212 carnem
2228 2167 2405 2214 tamen
2437 2161 2518 2215 vel
2550 2161 2829 2231 spiritum,
2879 2163 2982 2218 scit
3019 2165 3163 2219 enim
3199 2165 3351 2219 alteri
3383 2167 3573 2223 horum

1984 2251 2289 2305 necessario
2318 2252 2553 2307 animam
2579 2254 2874 2322 coluerere,
2905 2256 3042 2311 sicut
3072 2266 3127 2312 et
3156 2257 3208 2312 in
3238 2259 3322 2313 his
3343 2261 3411 2314 ad
3437 2278 3573 2331 quos

1983 2339 2158 2394 dicit:
2209 2339 2308 2395 Vos
2335 2352 2509 2397 autent
2546 2345 2601 2398 in
2641 2361 2798 2400 carne
2839 2363 2943 2400 non
2969 2348 3111 2412 estis,
3157 2349 3248 2402 sed
3290 2349 3345 2403 in
3384 2351 3574 2420 spiritu

1985 2430 2156 2503 (Rom.
2188 2433 2307 2505 vtu)
2334 2451 2349 2498 ;
2378 2442 2433 2490 et
2461 2453 2474 2488 :
2523 2435 2628 2502 Qui
2662 2454 2717 2492 se
2738 2437 2917 2509 jungit
2962 2441 3242 2507 meretrici,
3268 2458 3430 2495 unum
3456 2459 3573 2495 ror-

1981 2539 2078 2592 pus
2108 2532 2182 2576 est
2210 2522 2261 2596 (1
2299 2521 2422 2579 Cor.
2455 2525 2553 2598 vi),
2578 2529 2920 2584 meretricem
2961 2530 3047 2585 hic
3079 2546 3298 2587 carnem
3328 2532 3411 2587 vel
3443 2549 3567 2588 cor-

1982 2628 2083 2683 pus
2133 2629 2379 2669 vocans:
2442 2614 2546 2681 Qui
2588 2627 2762 2671 autem
2806 2636 2861 2673 se
2904 2607 3084 2693 jungit
3130 2620 3382 2688 Domino,
3436 2638 3573 2676 unus

1983 2704 2201 2774 spiritus
2246 2714 2323 2758 est
2363 2721 2486 2760 cum
2541 2722 2607 2762 eo
2637 2707 2847 2782 (Ibid.).
2911 2709 2987 2764 Ita
3036 2727 3164 2782 ergo
3212 2712 3374 2767 etiam
3427 2729 3571 2769 nunc

1984 2794 2160 2848 sciens
2186 2794 2250 2848 de
2279 2795 2456 2850 anima
2486 2795 2634 2861 Jesu,
2668 2799 2793 2868 quia
2822 2800 3025 2856 sociata
3052 2801 3282 2857 Domino
3308 2812 3363 2867 et
3393 2805 3570 2859 colur-

1984 2899 2110 2938 rcns
2139 2885 2186 2938 ei
2218 2900 2356 2940 unus
2386 2900 2507 2941 cum
2542 2887 2657 2957 ipso
2688 2886 2864 2945 factus
2902 2890 2973 2944 sit
3017 2891 3240 2961 spiritus
3270 2892 3575 2947 sanctiﬁca-

1987 2977 2169 3042 tionis,
2213 2995 2322 3032 nt-n
2343 2992 2461 3032 eam
2496 2981 2798 3035 nominavit
2835 2982 3175 3037 extrinsecus
3198 3024 3212 3048 ,
3246 2998 3311 3036 ne
3336 2982 3572 3038 solveret

1983 3066 2206 3136 Jesum;
2235 3070 2375 3140 quod
2403 3070 2548 3125 enim
2574 3071 2715 3125 licus
2758 3072 3030 3143 conjunxit
3061 3074 3213 3127 homo
3242 3091 3344 3128 non
3367 3084 3569 3145 separet

297 3165 428 3205 vero
456 3149 543 3205 ille
567 3151 654 3220 qui
689 3152 921 3205 nondum
962 3156 1069 3215 est,
1112 3150 1253 3205 sicut
1280 3150 1346 3204 de
1389 3147 1471 3202 his
1518 3150 1711 3218 quibus
1749 3149 1878 3203 dicit
1908 3136 1952 3199 C
1986 3156 2180 3230 (Marc.
2230 3136 2328 3229 3i);
2364 3160 2809 3215 sanctiﬁcationis
2848 3136 2976 3217 vero
3017 3163 3236 3233 spiritus
3261 3136 3569 3219 dicito-rsc-

295 3242 604 3313 Apostolus,
651 3259 780 3313 quos
802 3253 975 3296 autem
1000 3242 1277 3313 praesciuit,
1321 3242 1440 3295 illos
1469 3251 1514 3295 et
1541 3239 1881 3311 pra'deslitta-

297 3335 367 3388 vit
396 3333 569 3404 (Rom.
593 3339 715 3402 vm)
748 3349 760 3386 :
793 3332 1032 3403 praesciri
1059 3340 1113 3386 et
1139 3331 1513 3403 prmdestinari
1555 3331 1783 3400 possunt
1804 3330 1879 3384 illi

297 3430 390 3501 qui
420 3430 655 3484 nomium
685 3436 847 3493 sunt;
882 3427 971 3482 ille
997 3435 1176 3483 autem
1207 3427 1299 3496 qui
1328 3434 1410 3482 est
1437 3434 1492 3482 et
1517 3441 1731 3495 semper
1773 3435 1877 3489 est,

298 3536 405 3577 non
420 3517 848 3589 prredestinatur,
874 3516 968 3572 sed
996 3517 1316 3571 destinatur.
1346 3514 1472 3570 Haec
1500 3531 1530 3569 a
1558 3517 1713 3570 nobis
1736 3515 1879 3570 dicta

298 3612 409 3667 sint
443 3618 665 3681 propter
698 3624 812 3674 eos,
831 3608 925 3678 qui
968 3607 1021 3662 in
1058 3608 1395 3679 unigenitum
1422 3607 1619 3661 Filium
1648 3607 1743 3661 Dei
1775 3607 1877 3661 itu—

297 3703 550 3772 pietatem
574 3700 888 3770 loquuntur,
917 3707 971 3754 et
997 3700 1308 3771 ignorantes
1328 3697 1685 3754 dill'erentiam
1717 3696 1883 3753 desti-

298 3793 409 3848 nati
438 3801 493 3848 et
516 3792 909 3863 prtedestinati,
932 3798 1122 3863 putant
1159 3805 1282 3845 eum
1310 3792 1455 3847 inter
1474 3806 1569 3847 eos
1608 3791 1722 3862 qui,
1754 3806 1877 3845 cum

298 3894 424 3942 ante
452 3903 558 3942 non
586 3872 806 3953 fuerint,
847 3885 1217 3957 prata-destinati
1256 3894 1401 3952 sunt,
1452 3894 1514 3941 ut
1541 3892 1743 3950 essent,
1780 3902 1880 3939 nu-

298 3976 635 4042 merandum,
663 3977 753 4047 qui
781 3991 1052 4047 nunquam
1075 3976 1491 4046 praedestinatus
1516 3983 1620 4042 est,
1659 3984 1718 4030 ut
1740 3974 1880 4031 ﬁlius

296 4076 461 4132 esset,
495 4068 588 4122 sed
609 4082 822 4137 semper
848 4066 950 4121 l'utt
975 4067 1115 4122 sicut
1138 4066 1335 4133 Pater;
1391 4066 1480 4138 qui
1512 4080 1641 4138 ergo
1668 4081 1881 4137 semper

296 4167 402 4223 est,
433 4157 755 4222 destinatur,
783 4164 845 4211 ut
866 4156 1121 4222 diximus,
1157 4172 1263 4211 non
1292 4157 1708 4227 przedestinatur
1739 4175 1752 4210 :
1785 4157 1878 4226 qui

295 4257 476 4302 autem
516 4246 929 4318 praedestinatur
976 4247 1211 4301 nondum
1241 4255 1534 4312 erattunc,
1579 4263 1700 4302 cum
1742 4263 1879 4317 pra:-

295 4337 682 4419 destinaretur,
713 4338 807 4393 sed
831 4336 993 4407 cwpit
1022 4353 1087 4392 ex
1129 4344 1389 4408 tempore.
1424 4337 1738 4392 Necessaria
1775 4338 1877 4409 igi-

1983 3247 2216 3302 cundum
2244 3247 2349 3303 hoc
2383 3250 2526 3318 quod
2555 3251 2758 3320 praebet
2789 3252 3040 3307 omnibus
3067 3254 3430 3320 sanctitatem,
3458 3254 3569 3310 sic-

1983 3346 2045 3391 ut
2077 3345 2132 3391 et
2167 3337 2295 3392 alibi
2322 3338 2388 3393 de
2411 3355 2476 3395 eo
2505 3342 2762 3410 scriptum
2784 3351 2869 3397 est
2895 3357 2910 3396 :
2940 3341 3044 3409 Qui
3074 3343 3247 3413 [actus
3267 3357 3340 3399 est
3369 3346 3573 3414 sapien-

1981 3431 2055 3485 tia
2093 3433 2239 3488 nobis
2266 3452 2298 3488 a
2326 3434 2453 3501 Deo,
2481 3444 2528 3490 et
2546 3434 2782 3505 justitia,
2814 3444 2860 3489 et
2888 3436 3234 3505 sanctiﬁcatio
3256 3477 3271 3504 ,
3299 3446 3345 3492 et
3372 3438 3574 3493 redem-

1977 3519 2085 3590 ptio
2118 3520 2167 3592 (I
2201 3521 2321 3576 Cor.
2362 3522 2424 3594 ι).

2051 3608 2158 3664 Per
2182 3629 2333 3683 quem
2380 3614 2672 3682 accepimus
2720 3616 2970 3683 gratiam,
3018 3626 3065 3669 et
3104 3617 3454 3685 npostolatum
3501 3620 3571 3674 ad

1980 3699 2325 3755 obedientium
2346 3702 2469 3771 ﬁdei
2492 3705 2546 3756 in
2567 3704 2804 3758 omnibus
2825 3706 3065 3774 gentibus
3084 3724 3179 3776 pro
3202 3710 3411 3763 nomine
3430 3711 3568 3780 ejus.

1981 3786 2219 3858 (Ambr.)
2244 3788 2371 3843 Post
2393 3791 2841 3845 resurrectionem
2865 3791 3242 3847 manifestatur
3276 3794 3443 3850 Filius
3472 3797 3565 3853 Dei

1980 3876 2033 3930 in
2065 3877 2283 3943 virtute,
2322 3879 2551 3948 gratiam
2580 3880 2744 3944 dedit,
2784 3879 3092 3948 justiﬁcans
3133 3894 3466 3952 peccatores,
3513 3899 3569 3943 et

1979 3967 2247 4036 apostolos
2270 3968 2567 4023 nominavit
2586 4009 2600 4031 ,
2631 3983 2861 4038 quorum
2892 3985 2952 4025 se
2982 3970 3070 4025 hic
3099 3972 3302 4026 socium
3327 3972 3476 4041 dicit,
3506 3986 3569 4029 ut

1978 4057 2308 4127 apostolatus
2348 4073 2469 4113 cum
2498 4059 2672 4130 gratia
2694 4067 2840 4115 esset
2865 4061 2989 4116 doni
3014 4063 3128 4118 Dei.
3156 4063 3354 4137 (θήρ.)
3380 4065 3566 4122 Gratia

1977 4148 2044 4203 ad
2067 4148 2308 4204 laborum
2337 4149 2653 4218 patientiam
2681 4150 2961 4206 referenda
2989 4161 3092 4219 est,
3123 4154 3456 4223 apostolatus
3498 4158 3569 4212 ad

1978 4239 2376 4309 praedicationis
2424 4241 2835 4308 auctoritatem,
2884 4243 3009 4312 quia
3050 4251 3104 4298 et
3150 4244 3265 4312 ipse
3316 4243 3571 4302 Christus

1975 4330 2264 4400 Apostolus
2314 4330 2532 4396 dicitur,
2584 4332 2637 4386 id
2684 4343 2787 4397 est,
2824 4333 3022 4388 missus
3058 4349 3089 4387 a
3126 4333 3311 4401 Patre,
3363 4336 3568 4408 quippe

297 4443 387 4489 tur
414 4433 756 4489 distinctione
778 4431 1065 4502 Apostolus
1086 4431 1273 4494 utitur,
1304 4447 1443 4493 eum,
1471 4431 1561 4500 qui
1585 4446 1649 4486 ex
1670 4430 1876 4485 semine

1982 4422 2070 4491 qui
2102 4422 2168 4477 ad
2198 4421 2672 4491 evangelizandum
2700 4423 3027 4493 pauperibus
3059 4425 3279 4480 missum
3324 4442 3383 4481 se
3408 4427 3565 4493 dicit,

294 4523 464 4579 David
493 4523 784 4578 secundum
834 4536 1051 4577 carnem
1095 4529 1202 4586 est,
1252 4520 1453 4575 factum
1492 4521 1699 4585 dicens,
1750 4536 1875 4575 eum

294 4631 446 4681 vero,
467 4630 624 4686 quem
652 4614 844 4669 Filium
875 4613 967 4667 Dei
991 4612 1042 4666 in
1071 4611 1271 4666 virtute
1306 4611 1598 4666 secundum
1626 4610 1873 4680 spiritum

295 4705 738 4763 sanctiﬁcationis
788 4703 1063 4767 nominat,
1106 4703 1426 4758 destinatum
1461 4718 1474 4752 :
1520 4700 1721 4755 etenim
1750 4716 1874 4756 eum

294 4796 519 4851 dixisset
552 4795 745 4851 Filium
774 4794 890 4859 Dei,
915 4810 1021 4849 non
1052 4791 1318 4862 superﬂuo
1346 4793 1550 4847 addidit
1578 4793 1630 4846 in
1665 4792 1872 4859 virtute,

294 4885 541 4939 indicans
584 4899 680 4954 per
705 4884 806 4938 hoc
846 4883 989 4952 quod
1015 4882 1315 4937 substantia
1349 4881 1516 4936 Filius
1560 4882 1631 4936 sit
1675 4897 1869 4937 secun-

293 4978 419 5030 dum
446 4976 692 5045 spiritum
714 4974 1177 5039 sanctiﬁcationis,
1205 4972 1452 5028 Christus
1475 4973 1616 5028 enim
1639 4973 1731 5030 Dei
1764 4975 1874 5028 vir-

294 5076 400 5129 tus,
433 5074 487 5119 et
527 5066 619 5120 Dei
652 5064 914 5133 sapientia
961 5063 1178 5129 dicitur,
1229 5078 1347 5132 quae
1377 5071 1431 5117 et
1458 5078 1624 5132 vapor
1656 5063 1873 5118 virtutis

294 5156 413 5221 Dei,
442 5163 498 5210 et
546 5156 782 5209 manatio
808 5154 992 5224 gloriae
1034 5153 1417 5222 omnipotentis
1461 5153 1771 5222 purissima,
1817 5163 1874 5209 et

290 5247 546 5318 splendor
574 5246 710 5301 lucis
736 5255 951 5301 aeternae
981 5254 1034 5299 et
1068 5244 1247 5315 imago
1292 5245 1550 5300 bonitatis
1577 5246 1670 5300 Dei
1692 5245 1872 5315 appeL

290 5335 639 5410 latur(Hebr.
671 5335 732 5407 ι).
782 5335 887 5390 Sed
909 5335 1202 5405 requiritur
1231 5335 1275 5389 si
1304 5335 1357 5390 id
1394 5336 1536 5404 quod
1561 5334 1628 5389 de
1666 5336 1871 5390 semine

292 5431 460 5487 David
493 5430 751 5495 nascitur,
787 5431 1080 5485 secundum
1101 5441 1319 5483 carnem
1348 5436 1453 5493 est,
1494 5426 1635 5496 quod
1664 5440 1794 5481 vero
1816 5425 1869 5478 in

291 5525 490 5579 virtute
513 5523 815 5578 destinatur
841 5523 1132 5577 secundum
1149 5521 1393 5590 spiritum
1425 5519 1871 5575 sanctificationis

289 5613 433 5669 ﬁlius
462 5612 580 5678 Dei,
611 5619 665 5665 et
698 5611 749 5665 in
780 5611 1082 5666 substantia
1128 5611 1221 5666 Dei
1270 5623 1374 5676 est,
1418 5612 1684 5682 quomodo
1730 5610 1872 5666 acci-

287 5704 540 5773 piendum
561 5708 644 5757 est
668 5701 732 5755 de
761 5701 936 5755 anima
960 5697 1087 5761 Josu
1134 5715 1253 5772 qum
1279 5700 1366 5755 hic
1390 5716 1723 5770 nequaquam
1747 5715 1868 5754 cum

1979 4514 2156 4566 omnia
2196 4527 2323 4582 ergo
2366 4528 2485 4583 qua:
2513 4528 2608 4567 sua
2637 4520 2762 4567 sunt
2797 4511 2890 4566 dat
2918 4514 3082 4568 etiam
3109 4514 3384 4586 discipulis
3426 4518 3568 4583 suis,

1978 4602 2153 4675 gratia
2186 4602 2382 4657 dicitur
2403 4601 2596 4657 diffusa
2622 4602 2674 4657 in
2722 4602 2880 4658 labiis
2918 4603 3037 4674 ejus
3065 4602 3237 4676 (Psal.
3271 4605 3439 4678 xuv),
3468 4607 3563 4662 dat

1978 4702 2035 4748 et
2056 4693 2309 4763 apostolis
2332 4694 2442 4748 suis
2467 4678 2697 4764 gratiam
2718 4708 2839 4747 cum
2872 4707 2978 4763 qua
3005 4692 3314 4750 laborantes
3341 4696 3563 4750 dicant:

1978 4784 2343 4839 Abundantius
2366 4802 2482 4840 vero
2513 4801 2671 4855 quam
2704 4802 2878 4839 omnes
2918 4785 3000 4839 illi
3028 4785 3280 4852 laboravi,
3324 4804 3425 4841 non
3466 4804 3565 4840 au-

1977 4884 2079 4929 tem
2108 4893 2199 4946 ego
2243 4876 2334 4930 sed
2379 4877 2551 4947 gratia
2581 4876 2681 4930 Dei
2718 4893 2920 4930 mecum
2966 4876 3016 4947 (I
3046 4876 3167 4931 Cor.
3200 4877 3314 4947 xv),
3355 4886 3410 4931 et
3432 4878 3564 4946 quia

1977 4968 2041 5022 de
2063 4984 2128 5023 eo
2155 4969 2353 5023 dictum
2379 4979 2480 5033 est,
2502 4986 2520 5019 ‹
2541 4968 2803 5023 habentes
2827 4969 2991 5039 igitur
3010 4969 3318 5037 pontiﬁcem
3345 4978 3397 5023 et
3414 4970 3558 5037 Apo-

1972 5059 2168 5114 stolum
2197 5059 2551 5114 confessionis
2574 5067 2771 5113 nostra:
2794 5057 3087 5121 Christum,
3119 5077 3137 5110 ι
3166 5061 3255 5113 dat
3281 5058 3561 5127 discipulis

1973 5152 2086 5206 suis
2134 5151 2464 5220 apostolatus
2506 5151 2893 5221 dignationem,
2943 5160 3004 5203 ut
3035 5158 3091 5204 et
3123 5149 3225 5219 ipsi
3255 5149 3560 5204 efﬁciantur

1972 5240 2196 5310 apostoli
2224 5222 2364 5307 Dei;‘
2406 5255 2579 5310 neque
2606 5240 2748 5295 enim
2794 5248 3004 5309 gentes,
3036 5254 3155 5309 quae
3182 5247 3337 5293 erant
3365 5239 3559 5295 aliena?

1971 5344 2000 5382 a
2041 5337 2359 5383 testamento
2395 5330 2489 5383 Dei
2536 5336 2591 5384 et
2646 5329 3054 5383 conversatione
3102 5329 3285 5395 Israel,
3332 5330 3559 5385 credere

1970 5427 2218 5489 poterant
2245 5419 2556 5490 Evangelia,
2605 5419 2709 5474 nisi
2744 5434 2841 5489 per
2864 5420 3091 5489 gratiam
3121 5435 3240 5490 qua:
3283 5419 3557 5490 Apostolis

1971 5508 2149 5564 fuerat
2182 5509 2324 5575 data,
2367 5524 2468 5579 per
2506 5524 2668 5579 quam
2722 5509 3139 5581 prmdicantibus
3180 5510 3453 5580 Apostolis
3495 5511 3554 5568 in

1970 5606 2130 5661 ﬁdem
2156 5604 2372 5661 obedire
2420 5605 2617 5661 dicitur
2638 5645 2654 5672 ,
2690 5614 2746 5660 et
2774 5604 2828 5659 in
2868 5619 3083 5660 omnem
3134 5612 3331 5660 terram
3363 5604 3429 5661 de
3456 5622 3553 5660 no-

1972 5696 2117 5753 mine
2169 5695 2366 5753 Christi
2412 5712 2574 5754 sonus
2622 5696 2807 5768 gratia:
2857 5710 3042 5751 eorum
3096 5704 3552 5754 commemoratur
