3998 6202
500 310 634 367 1387

1118 311 1182 368 Β.
1225 310 1478 366 RABANI
1517 311 1735 369 MAURI
1776 313 2089 368 ABClllEP.
2128 313 2432 370 MOGUNT.
2476 313 2757 370 OPERUM
2798 309 2976 367 PARS
3009 311 3096 367 lll.

3627 306 3762 361 ηδε

493 438 672 479 exisse
698 421 870 496 (Psal.
907 424 1041 496 xxv),
1069 425 1140 480 ita
1165 432 1224 480 ut
1253 426 1321 479 ad
1349 440 1443 480 eos
1461 426 1553 496 qui
1585 425 1768 480 Ruina:
1795 435 1919 481 sunt
1949 442 2068 498 per—
2096 428 2144 487 Λ
2172 425 2300 480 dere
2328 441 2387 480 se
2426 427 2556 481 dicit
2585 427 2706 496 quia
2737 426 2868 481 ﬁdes
2893 425 3104 480 illorum
3147 424 3200 477 in
3247 420 3398 476 omni
3432 420 3556 475 loco
3583 435 3764 474 curre-

494 518 723 580 veniret,
747 517 816 572 ad
835 533 970 587 quos
998 518 1072 572 ait
1107 517 1424 588 Apostolus:
1452 515 1521 572 In
1539 517 1724 588 quibus
1751 519 1872 572 estis
1895 528 1943 572 et
1982 535 2072 574 vos

493 610 660 664 vocati
699 607 827 664 Jesu
854 607 1046 663 Christi
1077 608 1292 664 Domini
1340 609 1522 663 nostri.
1566 607 1800 680 (Ambr.)
1833 609 1946 664 Hoc
1970 618 2068 672 est,

493 698 757 768 legatione
781 698 936 752 nobis
965 696 1308 768 fungentibus
1335 699 1387 752 in
1411 699 1664 754 omnibus
1691 698 1940 770 gentibus
1974 715 2074 769 pro

494 789 710 843 nomine
743 785 867 842 Jesu
899 786 1124 849 Christi,
1173 787 1314 842 inter
1351 803 1488 858 quos
1514 788 1647 843 estis
1674 797 1728 844 et
1751 803 1849 844 vos
1875 789 2069 853 vocati,

495 876 620 946 quia
660 875 856 930 donum
889 875 979 928 Dei
1011 873 1261 929 omnibus
1311 875 1532 930 missum
1580 884 1686 939 est,
1733 884 1792 930 ut
1829 891 1951 930 cum
1980 891 2073 930 au-

495 966 646 1020 diunt
674 979 732 1020 se
774 963 914 1018 inter
941 971 1168 1018 cmtcros
1207 973 1443 1027 vocatos,
1479 963 1682 1018 scirent
1728 979 1786 1018 se
1823 965 1922 1018 sub
1955 963 2071 1034 lege

493 1069 652 1124 agere
681 1069 786 1108 non
811 1053 1029 1118 debere,
1065 1052 1187 1122 quia
1225 1054 1342 1107 sine
1381 1053 1497 1124 lege
1527 1053 1692 1125 Moysi
1719 1063 2074 1124 susceperunt

493 1154 700 1200 czeterze
751 1154 936 1214 gentes
987 1143 1158 1214 legem
1211 1143 1432 1198 Christi.
1505 1142 1756 1198 Omnibus
1817 1146 1906 1213 qui
1950 1155 2072 1199 sunt

495 1233 694 1298 Ronue,
722 1234 920 1287 dilectis
950 1232 1068 1297 Dei,
1093 1233 1284 1287 vocatis
1307 1235 1522 1288 sanctis.
1573 1232 1830 1300 Quamvis
1869 1233 2070 1288 Roma-

493 1323 576 1376 nis
618 1323 841 1386 scribat,
872 1322 975 1376 illis
1003 1331 1178 1376 tamen
1213 1323 1449 1376 scribere
1493 1338 1550 1378 se
1596 1324 1863 1394 signiﬁcat
1895 1325 1982 1393 qui
2017 1325 2068 1378 in

492 1414 755 1470 cliaritate
785 1413 877 1468 Dei
900 1421 1041 1467 sunt.
1067 1413 1165 1480 Qui
1189 1422 1314 1466 sunt
1353 1413 1430 1479 hi,
1462 1414 1564 1468 nisi
1599 1415 1690 1484 qui
1718 1415 1782 1467 de
1809 1415 1944 1469 Filio
1975 1415 2067 1470 Dei

492 1517 640 1560 recte
667 1505 936 1560 sentiunt?
969 1505 1059 1558 lsti
1097 1506 1268 1560 sancti
1311 1515 1456 1570 sunt,
1495 1515 1548 1560 et
1592 1507 1768 1561 vocati
1794 1507 2065 1572 dicuntur,

491 1595 590 1648 sub
614 1593 730 1666 lege
768 1594 910 1648 enim
937 1602 1157 1664 agentes
1203 1594 1341 1648 male
1387 1594 1689 1662 intelligunt
1715 1595 1984 1650 Christum
2015 1604 2068 1651 et

492 1682 744 1754 iujuriam
805 1685 913 1740 Deo
966 1683 1116 1738 Patri
1163 1683 1392 1746 faciunt,
1443 1699 1565 1738 cum
1617 1699 1684 1737 an
1742 1685 1794 1737 in
1851 1685 2066 1739 Christo

2175 519 2298 585 hat,
2334 520 2581 589 quamvis
2635 535 2739 574 non
2787 519 3080 574 secundum
3135 515 3380 587 regulam
3428 513 3503 567 ab
3547 522 3771 568 auctore

2176 612 2385 666 tradita:
2411 611 2675 676 veritatis,
2706 619 2884 664 tamen
2909 609 3036 680 quia
3060 609 3204 677 quod
3235 607 3304 661 ab
3328 620 3442 659 uno
3492 605 3604 659 Deo
3629 611 3769 669 erat,

2174 699 2490 770 interposito
2533 699 2750 754 nomine
2774 697 2999 763 Christi,
3027 704 3310 766 coeperant
3340 694 3616 758 venerari,
3649 708 3773 765 gra-

2173 789 2389 852 tulatur,
2423 789 2602 844 sciens
2636 789 2756 845 illos
2777 805 2935 859 posse
2957 789 3244 858 proﬁcere.
3273 786 3384 842 Per
3414 785 3566 855 quod
3605 785 3772 839 etiam

2173 879 2491 934 charitatem
2512 895 2662 934 suam
2685 880 2830 934 circa
2859 879 2977 933 illos
3002 877 3257 942 ostendit,
3283 876 3508 946 quando
3535 889 3773 943 congau-

2173 968 2262 1022 det
2295 970 2435 1024 bono
2460 981 2639 1038 empto
2663 969 2876 1024 illorum
2897 1009 2912 1032 ,
2942 977 2996 1022 et
3040 969 3292 1022 hortatur
3317 965 3388 1019 ad
3414 963 3724 1035 profectum
3751 981 3766 1015 :

2173 1060 2374 1128 gratias
2403 1073 2564 1129 agere
2591 1075 2720 1130 ergo
2757 1075 2818 1114 se
2861 1059 2994 1114 dicit
3020 1059 3130 1112 Deo
3155 1072 3254 1111 suo
3278 1056 3554 1110 duntaxat
3574 1095 3592 1118 ,
3643 1054 3770 1124 quia

2173 1149 2348 1202 adhuc
2372 1149 2503 1203 ﬁdes
2529 1149 2738 1203 illorum
2767 1166 2872 1203 non
2896 1157 3014 1204 crat
3040 1149 3230 1218 plena,
3266 1147 3396 1217 quia
3423 1162 3493 1200 ex
3525 1147 3648 1216 ipso
3690 1157 3772 1200 est

2171 1236 2348 1290 omnis
2379 1237 2697 1306 paternitas,
2743 1246 2799 1292 et
2846 1237 2971 1306 quia
3016 1236 3194 1292 omnis
3243 1235 3539 1305 dispositio
3578 1234 3770 1289 salutis

2172 1333 2370 1380 nostra:
2397 1342 2426 1378 a
2454 1325 2563 1380 Deo
2591 1327 2828 1395 quidem,
2859 1325 2951 1380 sed
2975 1341 3074 1395 per
3092 1324 3368 1381 Christum
3393 1332 3500 1386 est,
3533 1339 3646 1378 non
3675 1339 3767 1392 per

2171 1414 2362 1484 legem,
2403 1429 2576 1484 neque
2605 1431 2702 1485 per
2745 1415 2973 1485 aliquem
3014 1415 3352 1485 prophetam.
3411 1412 3617 1484 (Orig.)
3654 1411 3767 1466 ’Νο-

2172 1505 2392 1558 tandum
2423 1513 2600 1560 autem
2630 1508 2898 1575 quomodo
2926 1507 2992 1560 ad
3026 1506 3288 1576 quosdam
3315 1503 3603 1573 apostolos
3639 1503 3765 1556 dicit

2169 1610 2267 1664 pro
2287 1595 2536 1650 omnibus
2574 1611 2632 1650 se
2657 1597 2858 1666 gratias
2899 1611 3061 1667 agere
3109 1595 3250 1650 sicut
3287 1603 3340 1650 et
3373 1609 3529 1649 nunc
3565 1593 3636 1647 ad
3662 1593 3764 1647 Ro-

2170 1703 2376 1742 manos.
2424 1687 2506 1742 Ad
2535 1687 2670 1742 alios
2691 1703 2820 1742 vero
2847 1689 3090 1744 scribens
3113 1689 3316 1759 gratias
3359 1685 3586 1756 quidem
3631 1687 3762 1756 agit,

489 1775 728 1846 perfecta
771 1790 895 1845 spes
922 1775 1112 1829 salutis
1141 1775 1232 1839 sit,
1269 1775 1532 1839 dubitant,
1580 1774 1700 1828 ideo
1739 1775 1911 1830 sancti
1956 1790 2061 1829 non
2095 1771 2138 1830 Β
2167 1779 2260 1832 sed
2284 1793 2387 1832 non
2408 1778 2557 1832 addit
2576 1793 2672 1846 pro
2695 1779 2963 1842 omnibus,
2997 1793 3120 1832 nam
3142 1779 3188 1832 si
3205 1777 3489 1840 observas,
3521 1775 3761 1829 invenies

489 1874 644 1931 sunt,
693 1881 868 1934 neque
897 1864 1069 1920 vocati
1101 1865 1369 1920 dicuntur.
1403 1863 1588 1918 Gratia
1626 1865 1784 1928 vobis,
1813 1875 1863 1918 et
1905 1881 2008 1932 pax
2034 1882 2066 1917 a

492 1955 598 2009 Deo
640 1951 802 2009 Patre
827 1965 1026 2019 nostro,
1053 1965 1101 2008 et
1127 1954 1351 2008 Domino
1381 1952 1509 2008 Iesu
1551 1954 1779 2010 Christo.
1824 1955 2068 2010 Gratiam

487 2053 545 2102 et
571 2033 755 2116 pa'cem
811 2061 934 2102 cum
988 2047 1072 2102 his
1106 2045 1236 2100 dicit
1280 2061 1439 2112 esse,
1479 2047 1572 2116 qui
1621 2054 1766 2102 recte
1817 2047 2065 2102 credunt.

487 2136 672 2194 Gratia
715 2145 819 2202 est,
849 2137 976 2208 quia
1005 2153 1036 2191 a
1061 2138 1298 2208 peccatis
1347 2136 1579 2192 absoluti
1625 2145 1769 2204 sunt,
1811 2155 1912 2210 pax
1939 2153 2068 2194 vero

487 2229 610 2299 quia
639 2243 707 2284 ex
744 2228 922 2300 impiis
946 2228 1280 2284 reconciliati
1324 2239 1450 2284 sunt
1485 2231 1741 2295 creatori,
1777 2231 2068 2286 sicutdicit

485 2318 746 2375 Dominus
779 2333 794 2374 :
826 2319 894 2374 In
923 2336 1284 2392 quamcunque
1323 2319 1537 2374 domum
1571 2322 1890 2376 intraveritis
1914 2331 1960 2376 et
1987 2338 2069 2377 re-

485 2409 708 2478 ceperint
731 2425 840 2474 vos,
865 2409 1022 2464 dicite
1045 2423 1062 2460 :
1088 2406 1204 2463 Pax
1223 2410 1345 2464 huic
1373 2409 1551 2464 domui
1579 2409 1794 2482 (Matth.
1826 2411 1906 2482 ι),
1928 2419 1984 2466 et
2009 2420 2071 2466 ut

485 2499 601 2553 sine
631 2497 846 2554 Christo
885 2498 1085 2554 nullam
1135 2513 1256 2554 esse
1301 2514 1487 2570 pacem
1539 2508 1594 2552 et
1635 2513 1784 2569 Spem
1825 2500 2065 2563 doceret,

377 2585 390 2600 ‘
485 2584 700 2656 adjecit,
727 2587 956 2658 gratiam
1000 2595 1056 2642 et
1084 2601 1272 2658 pacem
1319 2603 1425 2642 non
1479 2587 1648 2642 solum
1693 2604 1721 2642 a
1753 2589 1864 2644 Deo
1905 2586 2069 2644 Patre

483 2689 624 2740 esse,
645 2675 738 2730 sed
760 2682 813 2729 et
827 2691 855 2728 a
873 2674 1088 2731 Christo
1105 2675 1254 2730 Jesu.
1269 2675 1436 2731 Deum
1451 2676 1664 2732 Patrem
1681 2685 1924 2731 nostrum
1940 2677 2070 2732 dicit

486 2773 705 2836 propter
726 2765 1010 2835 originem,
1036 2765 1160 2836 quia
1182 2767 1250 2822 ab
1275 2765 1390 2836 ipso
1419 2774 1545 2822 sunt
1565 2767 1776 2820 omnia:
1793 2765 2066 2822 Christum

484 2865 663 2912 autem
699 2855 982 2912 Dominum
1020 2858 1179 2922 dicit,
1219 2859 1345 2929 quia
1372 2857 1486 2927 ejus
1512 2859 1770 2931 sanguine
1804 2861 2065 2933 redempti

486 2945 612 3002 l'acti
660 2962 844 3004 sumus
876 2947 968 3002 ﬁlii
996 2947 1108 3004 Dei.
1137 2947 1332 3021 (0rig.)
1361 2948 1671 3006 Benedictio
1708 2958 1887 3006 autem
1916 2951 2065 3021 pacis

483 3043 538 3092 et
558 3038 744 3110 gratiae
770 3055 931 3108 quam
960 3039 1052 3094 dat
1083 3038 1294 3095 dilectis
1331 3039 1426 3094 Dei
1460 3039 1528 3094 ad
1552 3055 1686 3109 quos
1708 3040 1896 3096 scribit
1929 3055 2062 3112 apo-

2169 1867 2310 1934 quod
2356 1867 2444 1921 ubi
2474 1867 2604 1921 dicit
2629 1883 2687 1922 se
2720 1883 2819 1938 pro
2849 1869 3097 1922 omnibus
3124 1868 3327 1938 gratias
3350 1881 3546 1936 agere,
3577 1864 3762 1934 culpas

2169 1955 2377 2026 aliquas
2393 1971 2606 2025 graves,
2630 1963 2724 2011 aut
2747 1959 2944 2026 probra
2968 1957 3021 2011 in
3052 1972 3146 2012 eos
3165 1971 3271 2010 non
3300 1964 3641 2024 exaggerat;
3673 1953 3762 2008 ubi

2169 2051 2351 2098 autem
2377 2052 2528 2098 notat
2549 2045 2758 2114 aliquos
2785 2044 2871 2100 vel
2900 2046 3094 2117 arguit,
3125 2061 3231 2100 non
3263 2045 3418 2098 addit
3458 2044 3762 2114 gratiarum

2171 2137 2438 2192 actionem
2464 2177 2478 2199 ,
2533 2139 2675 2208 quod
2703 2154 2800 2208 pro
2826 2139 3076 2194 omnibus
3101 2139 3302 2210 gratias
3336 2147 3483 2208 aga',
3515 2137 3662 2192 sicut
3711 2146 3764 2190 et

2168 2228 2237 2283 ad
2263 2225 2595 2293 Corinthios,
2630 2229 2716 2284 vel
2762 2231 2830 2283 ad
2862 2229 3237 2295 Colossenses;
3267 2229 3334 2284 ad
3360 2226 3597 2285 Galatas
3635 2243 3763 2280 vero

2169 2319 2390 2374 omnino
2420 2335 2520 2375 nec
2548 2321 2698 2389 ponit
2724 2320 2991 2376 actionem
3019 2321 3340 2391 gratiarum,
3369 2321 3520 2391 quod
3543 2335 3642 2375 eos
3665 2317 3763 2372 mi-

2170 2418 2323 2464 ratur
2348 2419 2455 2464 tam
2495 2411 2603 2465 cito
2641 2411 2926 2466 transferri
2955 2412 3024 2466 ab
3068 2427 3156 2480 eo,
3195 2414 3289 2483 qui
3313 2415 3530 2469 vocavit
3565 2430 3685 2478 eos,
3711 2415 3764 2469 in

2169 2495 2314 2552 aliud
2357 2497 2725 2568 Evangelium.
2761 2499 2942 2555 Prima
2971 2516 3102 2572 ergo
3141 2517 3244 2557 vox
3277 2502 3468 2572 incipit
3492 2518 3526 2556 a
3559 2504 3764 2574 gratia-

2170 2603 2288 2642 rum
2312 2588 2553 2655 actione;
2594 2605 2756 2660 agere
2801 2598 2980 2646 autem
3008 2593 3231 2664 gratias,
3273 2594 3378 2647 hoc
3415 2603 3522 2658 est,
3554 2596 3764 2650 sacriﬁ-

2168 2676 2310 2733 cium
2340 2678 2514 2734 laudis
2559 2679 2776 2746 oil'erre,
2803 2689 2858 2736 et
2907 2681 3028 2738 ideo
3071 2683 3223 2737 addit
3260 2697 3357 2753 per
3384 2685 3578 2740 Iesum
3613 2687 3764 2741 Chri-

2167 2775 2305 2821 stum
2329 2767 2478 2823 velut
2515 2783 2613 2840 per
2653 2770 2964 2840 pontiﬁcem
3012 2787 3299 2842 magnum,
3347 2785 3573 2843 oportet
3618 2780 3763 2833 enim

2167 2857 2310 2912 scire
2339 2871 2460 2912 eum
2491 2859 2582 2927 qui
2608 2859 2720 2912 vult
2747 2858 2943 2916 offerre
2971 2863 3298 2918 sacriﬁcium
3329 2865 3462 2930 Deo,
3487 2868 3638 2936 quod
3665 2883 3764 2936 per

2167 2962 2358 3002 manus
2387 2947 2658 3018 pontiﬁcis
2679 2949 2836 3005 debet
2855 2949 3072 3017 oll'erre,
3104 2953 3199 3006 sed
3227 2954 3405 3008 ethoc
3431 2957 3584 3024 quod
3603 2957 3760 3020 dixit.

2167 3039 2276 3094 Deo
2305 3056 2438 3104 meo,
2473 3055 2577 3094 non
2607 3048 2692 3096 est
2719 3041 2890 3096 otiose
2918 3043 3320 3112 accipiendum;
3345 3061 3454 3100 non
3481 3048 3636 3103 enim
3659 3067 3758 3105 vox

483 3129 652 3184 stolus
679 3127 896 3194 Paulus,
949 3137 1080 3198 puto
1107 3129 1251 3200 quod
1279 3144 1384 3184 non
1435 3129 1508 3184 sit
1539 3129 1738 3196 minor,
1771 3146 1931 3200 quam
1964 3130 2064 3186 fuit
2089 3112 2133 3174 (ἶ
2163 3129 2268 3184 ista
2295 3138 2474 3199 potest
2519 3147 2673 3196 esse,
2723 3132 2824 3188 nisi
2870 3144 3179 3190 sanctorum
3201 3177 3216 3202 ,
3265 3153 3499 3207 quorum
3531 3142 3757 3206 dicitur,

483 3220 782 3274 benedictio
804 3217 916 3274 Noe
942 3220 994 3274 in
1037 3218 1184 3285 Sem,
1216 3227 1271 3273 et
1295 3219 1349 3272 in
1388 3217 1583 3288 Japbet
1623 3219 1776 3290 (Cen.
1811 3220 1912 3291 ιλ),
1942 3235 2062 3290 quae

482 3323 578 3379 per
599 3307 845 3377 Spiritum
877 3305 1094 3377 impleta
1123 3315 1208 3361 est
1231 3321 1358 3377 erga
1388 3321 1502 3370 eos,
1531 3306 1624 3375 qui
1659 3305 1872 3360 fuerant
1895 3305 2061 3361 bene-

480 3398 634 3462 dicti,
658 3395 906 3451 similiter
933 3405 1086 3460 etea,
1118 3396 1170 3449 in
1201 3411 1305 3464 qua
1336 3395 1650 3449 benedictus
1675 3402 1758 3450 est
1785 3394 2058 3449 Abraham

483 3501 513 3542 a
539 3484 952 3550 Melchisedech,
994 3492 1050 3540 et
1091 3483 1258 3540 Jacob
1306 3499 1336 3538 a
1364 3492 1518 3554 patre
1562 3500 1658 3539 suo
1699 3484 1851 3540 Isaac
1901 3483 2053 3556 (Gen.

451 3637 456 3640 _
485 3579 618 3642 xw),
645 3582 700 3630 et
730 3573 1008 3629 duodecim
1038 3573 1374 3644 patriarcha),
1430 3589 1535 3644 qua
1589 3575 1975 3631 benedicuntur
2024 3591 2055 3630 a

483 3674 635 3734 patre
681 3679 780 3720 suo
818 3661 980 3718 Israel
1011 3662 1163 3736 (Gen.
1197 3663 1368 3735 κως),
1409 3663 1490 3718 vel
1525 3664 1824 3718 benedictio
1865 3663 2053 3736 Moysi,

481 3773 586 3829 qua
625 3755 898 3812 benedixit
937 3756 1214 3812 duodecim
1249 3756 1421 3810 tribus
1457 3755 1619 3811 Israel
1649 3755 1800 3828 (Gen.
1837 3759 2051 3830 χχχιιι),

483 3865 589 3906 non
622 3862 752 3919 ergo
799 3846 884 3904 his
913 3848 1164 3902 omnibus
1214 3845 1523 3904 inferiorem
1555 3848 1692 3902 duro
1738 3847 1877 3902 hanc
1907 3849 2054 3917 Apo-

481 3939 602 3996 stoli
629 3937 1074 4002 benedictionem,
1121 3953 1226 4008 qua
1252 3938 1528 3993 benedixit
1553 3937 1805 3993 Ecclesiis
1832 3938 2050 4005 Christi,

479 4029 555 4083 ait
581 4029 724 4084 enim
753 4038 808 4084 et
833 4030 946 4100 ipse
994 4029 1058 4084 de
1085 4045 1182 4084 se:
1217 4027 1353 4082 Puto
1385 4031 1522 4083 enim
1549 4031 1670 4100 quia
1695 4041 1741 4084 et
1772 4047 1864 4099 ego
1901 4031 2055 4100 spiri-

479 4128 589 4172 tum
641 4116 736 4172 Dei
782 4117 943 4172 habeo
995 4117 1045 4191 (1
1078 4115 1199 4176 Cor.
1224 4117 1340 4192 vn).
1383 4119 1441 4172 lu
1488 4119 1678 4189 spiritu
1709 4134 1838 4190 ergo
1865 4119 2053 4174 scribit

477 4207 784 4278 Apostolus,
836 4213 890 4262 et
929 4207 981 4262 in
1031 4207 1220 4277 spiritu
1259 4207 1559 4273 benedicit,
1589 4223 1688 4277 per
1715 4208 1886 4277 ipsum
1923 4225 2051 4279 ergo

479 4298 728 4370 spiritum
777 4295 1180 4352 benedictiones
1207 4296 1420 4366 capient
1461 4296 1513 4350 hi
1542 4297 1632 4366 qui
1661 4297 2049 4352 benedicuntur

476 4390 545 4442 ab
572 4385 851 4456 Apostolo,
882 4385 926 4440 si
961 4393 1135 4438 tamen
1163 4384 1306 4456 digni
1340 4385 1698 4449 inveniantur,
1726 4401 1886 4455 super
1913 4401 2048 4454 quos

477 4455 661 4531 veniat
682 4475 983 4530 benedictio
1008 4474 1142 4545 ejus.
1195 4455 1428 4544 alioquin
1463 4474 1554 4529 ﬁet
1588 4475 1716 4530 illud
1745 4477 1888 4546 quod
1913 4476 2047 4531 scri-
2077 4455 2124 4512 Ῑ)

476 4574 624 4634 ptum
653 4573 759 4630 est,
787 4587 804 4617 ‹
843 4566 886 4620 si
915 4565 1076 4620 fuerit
1097 4565 1166 4619 ibi
1193 4565 1332 4620 ﬁlius
1353 4565 1521 4634 pacis,
1542 4582 1645 4636 pax
1669 4577 1846 4622 vestra
1869 4569 2046 4624 veniet

475 4649 639 4726 super
657 4669 800 4716 eum,
831 4655 911 4708 sin
934 4663 1111 4708 autem
1137 4669 1239 4724 pax
1262 4665 1438 4709 vestra
1463 4657 1530 4710 ad
1556 4673 1648 4711 vos
1673 4668 1993 4714 revertetur.
2021 4681 2039 4712 ι

547 4743 786 4799 Primum
825 4744 1029 4816 quidem
1073 4746 1271 4814 gratias
1315 4759 1412 4814 ago
1446 4745 1550 4800 Deo
1581 4765 1716 4812 meo,
1743 4766 1836 4818 per
1862 4749 2044 4804 Iesum

475 4837 761 4900 Christum,
775 4851 868 4906 pro
883 4833 1117 4887 omnibus
1135 4833 1292 4898 vobis,
1307 4835 1428 4904 quia
1439 4834 1569 4902 ﬁdes
1583 4845 1748 4891 vestra
1763 4841 2047 4892 annuntia-

472 4939 559 4986 tur
579 4929 633 4983 in
651 4925 890 4982 universo
915 4925 1129 4978 mundo.
1151 4923 1364 4996 (Δηὼ.)
1395 4925 1568 4981 Finita
1589 4930 1901 4998 praefatione
1925 4941 2048 4985 ante

472 5019 653 5075 omnia
683 5017 932 5090 gaudium
969 5030 1124 5070 suum
1150 5029 1270 5071 esse
1300 5024 1529 5070 testatur
1557 5026 1615 5070 ut
1652 5027 1776 5086 pote
1808 5021 2047 5090 gentium

473 5109 759 5180 Apostolus
784 5107 925 5177 quod
950 5121 1070 5160 cum
1099 5105 1326 5162 Romani
1351 5114 1572 5177 regnent
1597 5107 1648 5162 in
1673 5110 1890 5176 mundo,
1922 5112 2048 5165 sub-

467 5203 700 5272 jeeerint
725 5217 784 5256 se
811 5199 933 5254 ﬁdei
959 5198 1277 5254 Christianae
1297 5239 1312 5260 ,
1345 5213 1462 5267 quae
1487 5199 1837 5268 prudentibus
1867 5201 2046 5256 szeculi

477 5293 692 5348 humilis
713 5300 767 5346 et
788 5290 948 5346 stulta
981 5290 1209 5354 videtur,
1240 5305 1361 5344 cum
1389 5303 1518 5360 ergo
1547 5290 1713 5345 multa
1742 5303 1945 5360 essent,
1975 5309 2044 5350 ex

473 5383 668 5451 quibus
695 5378 953 5451 gauderet
1000 5379 1052 5432 in
1085 5377 1339 5433 Romanis
1368 5395 1382 5443 ;
1424 5386 1580 5433 erant
1613 5381 1755 5434 enim
1787 5383 2043 5438 doctrinae

477 5469 872 5534 memorabiles,
900 5475 954 5522 et
979 5468 1104 5522 boni
1132 5470 1312 5538 operis
1342 5470 1520 5538 cupidi
1569 5472 1900 5544 studiosiquc
1928 5491 2042 5529 ma-

478 5559 558 5624 gis
589 5557 777 5626 agendi
825 5557 980 5614 bene,
1025 5573 1185 5626 quam
1217 5560 1509 5628 sermonis,
1548 5564 1688 5631 quod
1733 5579 1836 5617 non
1889 5565 2044 5635 longe

479 5660 564 5706 est
589 5665 618 5704 a
652 5651 907 5721 religione
960 5651 1172 5719 divina;
1213 5653 1266 5708 in
1297 5655 1400 5711 hoc
1429 5664 1606 5712 tamen
1652 5659 1882 5728 primum
1915 5679 2044 5734 gau-

2161 3224 2302 3280 sicut
2327 3225 2468 3280 Deus
2501 3225 2796 3288 Abraham,
2840 3229 2925 3282 vel
2954 3229 3120 3292 Isaac,
3151 3231 3236 3284 vel
3273 3231 3478 3299 Jaeob;
3516 3253 3633 3292 non
3665 3253 3759 3306 po-

2160 3326 2264 3373 test
2283 3317 2571 3372 Dominum
2607 3319 2772 3374 Deum
2821 3335 2977 3374 suum
3005 3323 3187 3378 dicere
3215 3323 3280 3386 is,
3333 3327 3418 3379 cui
3453 3327 3604 3382 Deus
3629 3344 3757 3384 ven-

2160 3414 2242 3461 ter
2263 3414 2366 3470 est,
2399 3415 2492 3459 aut
2520 3407 2602 3461 cui
2634 3408 2860 3461 avaritia
2901 3409 3042 3465 Deus
3063 3421 3166 3475 est,
3213 3423 3309 3466 aut
3331 3416 3416 3468 cui
3442 3415 3620 3484 gloria
3656 3435 3754 3472 sa:-

2157 3497 2284 3562 culi,
2323 3507 2379 3553 et
2411 3515 2606 3569 pompa
2644 3501 2860 3566 mundi,
2892 3513 2986 3556 aut
3031 3505 3272 3573 potentia
3300 3522 3484 3561 rerum
3510 3509 3754 3564 caduca-

2157 3602 2276 3643 rum
2310 3589 2450 3644 Deus
2487 3598 2607 3645 est:
2665 3591 2923 3660 quidquid
2971 3595 3114 3647 enim
3158 3597 3532 3668 unusquisque
3586 3615 3750 3670 supra

2156 3690 2350 3735 cetera
2394 3680 2542 3744 colit,
2587 3683 2688 3736 hoc
2728 3682 2801 3736 illi
2848 3683 2990 3737 Deus
3017 3699 3118 3738 εει.
3151 3685 3256 3741 Sed
3299 3689 3588 3746 videamus
3620 3694 3748 3762 quid

2154 3778 2268 3834 est,
2297 3786 2394 3839 pro
2422 3787 2530 3840 quo
2571 3771 2857 3842 Apostolus
2890 3777 3117 3844 gratiam
3162 3779 3272 3848 agit
3299 3781 3410 3835 Deo
3439 3797 3562 3846 suo,
3613 3802 3744 3854 quo-

2156 3859 2328 3922 niam,
2367 3861 2568 3941 inquit,
2615 3862 2746 3930 ﬁdes
2795 3875 2958 3918 uestra
3008 3869 3357 3923 annuntiatur
3393 3871 3450 3924 in
3503 3875 3747 3930 uniuerso

2153 3948 2369 4003 mundo.
2417 3949 2472 4003 In
2524 3952 2776 4006 universo
2821 3955 3020 4010 mundo
3059 3957 3103 4010 si
3147 3958 3468 4028 simpliciter
3507 3967 3744 4037 accipia-

2155 4055 2294 4104 mus,
2351 4039 2452 4094 hoc
2499 4041 2716 4096 videtur
2760 4045 3047 4114 designare
3094 4050 3236 4118 quod
3273 4051 3324 4104 in
3372 4054 3561 4111 multis
3613 4059 3745 4115 locis

2152 4131 2358 4197 mundi,
2387 4132 2488 4186 hoc
2509 4141 2609 4194 est,
2645 4142 2800 4188 terrm
2826 4134 3001 4206 hujus,
3030 4153 3236 4206 eorum,
3262 4143 3354 4212 qui
3379 4144 3567 4201 Roma:
3591 4160 3740 4215 sunt,

2153 4219 2286 4276 ﬁdes
2313 4231 2368 4276 et
2397 4223 2582 4292 religio
2613 4225 2969 4294 priedicctur;
3009 4230 3053 4283 si
3087 4245 3214 4288 vero
3255 4243 3315 4288 ut
3345 4235 3400 4288 in
3444 4242 3737 4307 nonnullis,

2149 4310 2313 4364 etiam
2341 4311 2392 4365 in
2426 4313 2528 4367 hoc
2577 4313 2716 4378 loco,
2749 4317 2980 4371 mundus
3011 4319 3342 4391 designatur,
3379 4327 3473 4395 qui
3505 4344 3570 4383 ex
3602 4333 3738 4388 caelo

2151 4408 2362 4494 constat
2384 4411 2440 4456 et
2467 4413 2642 4494 terra,
2661 4413 2819 4474 atque
2840 4408 3092 4464 omnibus
3117 4427 3238 4480 qua:
3266 4413 3317 4467 in
3350 4415 3438 4472 his
3469 4433 3620 4488 sunt,
3647 4439 3736 4494 po-

2152 4497 2254 4582 test
2287 4491 2449 4544 etiam
2501 4492 2719 4564 intelligi
2753 4495 2904 4562 illud,
2939 4500 3081 4566 quod
3125 4504 3380 4572 virtutes,
3428 4508 3498 4562 de
3541 4491 3735 4582 quibus

2149 4579 2367 4645 dicitur,
2403 4584 2526 4650 quia
2555 4585 2805 4652 gaudium
2853 4587 3078 4643 habeant
3123 4607 3280 4662 super
3317 4613 3422 4651 uno
3463 4579 3732 4668 peccatore

2147 4671 2496 4739 pwnitenliam
2529 4685 2709 4743 agente
2735 4674 2884 4747 (Luc.
2938 4681 3049 4752 xv),
3100 4685 3269 4740 multo
3297 4691 3474 4759 magis
3499 4694 3567 4748 de
3602 4712 3730 4750 eon-

2147 4761 2396 4816 versione
2421 4778 2634 4832 quoque
2669 4776 2723 4819 et
2766 4766 2872 4824 ﬁde
2901 4770 3266 4830 Romanorum
3293 4777 3570 4850 laetentur,
3598 4803 3732 4842 nunc

2149 4851 2407 4907 tiantibus
2435 4854 2536 4908 sibi
2561 4856 2766 4926 angelis
2790 4858 2914 4926 illis,
2943 4864 3036 4932 qui
3065 4870 3362 4924 ascendunt
3410 4884 3466 4928 et
3509 4878 3731 4934 descen-

2150 4941 2282 4995 dunt
2311 4943 2379 4997 ad
2409 4943 2576 4999 ﬁlium
2611 4947 2884 5018 hominis;
2935 4962 2990 5008 et
3016 4955 3116 5024 ipsi
3157 4960 3300 5014 enim
3349 4965 3628 5024 mirantur
3666 4973 3729 5025 de

2147 5035 2498 5092 conversione
2521 5040 2790 5107 gentium,
2822 5051 2877 5097 et
2897 5046 3021 5114 quia
3047 5049 3099 5102 in
3129 5066 3343 5109 omnem
3369 5065 3576 5118 terram
3599 5065 3730 5118 ex‘it

2147 5142 2312 5224 sonus
2339 5131 2706 5200 apostolorum
2742 5135 2941 5192 Christi
2981 5137 3128 5196 Jesu.
3177 5142 3421 5216 Denique
3447 5159 3506 5203 et
3529 5167 3728 5224 agones

2148 5218 2384 5288 ipsorum
2439 5235 2743 5294 spectantes
2787 5229 2840 5283 in
2879 5230 2983 5286 hoc
3016 5235 3215 5290 mundo
3259 5237 3532 5303 hetantur.
3567 5218 3725 5302 'sieut

2148 5307 2435 5379 Apostolus
2464 5313 2616 5380 dicit,
2647 5319 2772 5386 quia
2801 5322 3164 5388 spectaculum
3203 5341 3390 5384 sumus
3439 5331 3570 5387 facti
3600 5335 3724 5388 huic

2151 5402 2372 5467 mundo,
2399 5411 2452 5457 et
2482 5407 2688 5476 angelis
2715 5419 2770 5464 et
2805 5411 3129 5470 hominibus.
3161 5417 3343 5474 Potest
3365 5429 3546 5478 tamen
3574 5436 3626 5480 et
3647 5427 3719 5479 ita

2151 5486 2397 5586 intelligi,
2455 5497 2595 5562 quod
2624 5497 2755 5554 ﬁdes
2787 5501 2887 5556 ista
2919 5518 3080 5572 quam
3111 5505 3340 5564 Romani
3372 5513 3574 5568 habent
3607 5516 3720 5586 ipsa

2149 5581 2441 5651 eademque
2476 5587 2548 5640 sit
2595 5599 2650 5644 et
2703 5609 2806 5646 non
2834 5594 2956 5659 alia,
3001 5613 3121 5666 qua:
3154 5599 3206 5653 in
3231 5602 3482 5660 universo
3521 5581 3718 5664 mundo

2151 5673 2520 5742 anmintiutur,
2545 5687 2597 5732 et
2645 5683 2901 5751 creditur,
2933 5701 3052 5756 quin
3093 5705 3197 5744 non
3247 5692 3417 5748 solum
3445 5696 3497 5750 in
3549 5708 3708 5767 terra,
