  <div class='ocr_page' id='page_1' title='image "/cluster/home/n/w/nwhite01/storage/ocr_20150623/111/hvd.32044054759766/648.png"; bbox 0 0 3998 6202; ppageno 0'>
   <div class='ocr_carea' id='block_1_1' title="bbox 288 288 423 344">
    <p class='ocr_par' dir='ltr' id='par_1_1' title="bbox 288 288 423 344">
     <span class='ocr_line' id='line_1_1' title="bbox 288 288 423 344; baseline 0.022 -3"><span class='ocrx_word' id='word_1_1' title='bbox 288 289 309 341; x_wconf 77' lang='lat' dir='ltr'><strong>l</strong></span> <span class='ocrx_word' id='word_1_2' title='bbox 319 288 423 344; x_wconf 77' lang='lat'><strong>9.89</strong></span> 
     </span>
    </p>
   </div>
   <div class='ocr_carea' id='block_1_2' title="bbox 860 275 2989 345">
    <p class='ocr_par' dir='ltr' id='par_1_2' title="bbox 860 275 2989 345">
     <span class='ocr_line' id='line_1_2' title="bbox 860 275 2989 345; baseline 0 -4"><span class='ocrx_word' id='word_1_3' title='bbox 860 284 1407 342; x_wconf 68' lang='lat' dir='ltr'><strong>ENARRATIONUM</strong></span> <span class='ocrx_word' id='word_1_4' title='bbox 1444 284 1511 341; x_wconf 82' lang='lat' dir='ltr'><strong>IN</strong></span> <span class='ocrx_word' id='word_1_5' title='bbox 1551 285 1699 340; x_wconf 83' lang='lat' dir='ltr'><strong>EPP.</strong></span> <span class='ocrx_word' id='word_1_6' title='bbox 1742 275 1942 342; x_wconf 69' lang='lat' dir='ltr'>PAULI</span> <span class='ocrx_word' id='word_1_7' title='bbox 1985 286 2108 341; x_wconf 76' lang='lat' dir='ltr'><strong>LIB.</strong></span> <span class='ocrx_word' id='word_1_8' title='bbox 2153 287 2189 340; x_wconf 94' lang='grc' dir='ltr'><strong>Ι.</strong></span> <span class='ocrx_word' id='word_1_9' title='bbox 2222 319 2285 326; x_wconf 82' lang='grc'><strong>-</strong></span> <span class='ocrx_word' id='word_1_10' title='bbox 2328 288 2392 341; x_wconf 72' lang='grc' dir='ltr'><strong>ΙΝ</strong></span> <span class='ocrx_word' id='word_1_11' title='bbox 2433 290 2649 343; x_wconf 83' lang='lat' dir='ltr'><strong>El’IST.</strong></span> <span class='ocrx_word' id='word_1_12' title='bbox 2696 288 2785 343; x_wconf 80' lang='lat' dir='ltr'><strong>AD</strong></span> <span class='ocrx_word' id='word_1_13' title='bbox 2823 289 2989 345; x_wconf 78' lang='lat' dir='ltr'><strong>ROM.</strong></span> 
     </span>
    </p>
   </div>
   <div class='ocr_carea' id='block_1_3' title="bbox 3392 289 3531 346">
    <p class='ocr_par' dir='ltr' id='par_1_3' title="bbox 3392 289 3531 346">
     <span class='ocr_line' id='line_1_3' title="bbox 3392 289 3531 346; baseline -0.014 0"><span class='ocrx_word' id='word_1_14' title='bbox 3392 289 3531 346; x_wconf 69' lang='lat' dir='ltr'><strong>i290</strong></span> 
     </span>
    </p>
   </div>
   <div class='ocr_carea' id='block_1_4' title="bbox 283 396 3531 477">
    <p class='ocr_par' dir='ltr' id='par_1_4' title="bbox 283 396 3531 477">
     <span class='ocr_line' id='line_1_4' title="bbox 283 396 3531 477; baseline 0.002 -20"><span class='ocrx_word' id='word_1_15' title='bbox 283 403 375 458; x_wconf 82' lang='lat' dir='ltr'><strong>sed</strong></span> <span class='ocrx_word' id='word_1_16' title='bbox 402 411 457 455; x_wconf 90' lang='lat' dir='ltr'><strong>et</strong></span> <span class='ocrx_word' id='word_1_17' title='bbox 478 401 529 453; x_wconf 91' lang='lat' dir='ltr'><strong>in</strong></span> <span class='ocrx_word' id='word_1_18' title='bbox 553 398 706 454; x_wconf 86' lang='lat' dir='ltr'><strong>coelis</strong></span> <span class='ocrx_word' id='word_1_19' title='bbox 728 398 1070 468; x_wconf 71' lang='lat' dir='ltr'><strong>prmdieatur,</strong></span> <span class='ocrx_word' id='word_1_20' title='bbox 1097 398 1222 468; x_wconf 87' lang='lat' dir='ltr'><strong>quia</strong></span> <span class='ocrx_word' id='word_1_21' title='bbox 1257 396 1415 452; x_wconf 75' lang='lat' dir='ltr'><strong>Iesus</strong></span> <span class='ocrx_word' id='word_1_22' title='bbox 1442 399 1684 467; x_wconf 82' lang='lat' dir='ltr'><strong>paciﬁcat</strong></span> <span class='ocrx_word' id='word_1_23' title='bbox 1697 399 1735 451; x_wconf 86' lang='lat' dir='ltr'><strong>it</strong></span> <span class='ocrx_word' id='word_1_24' title='bbox 1762 414 1853 468; x_wconf 90' lang='lat' dir='ltr'><strong>per</strong></span> <span class='ocrx_word' id='word_1_25' title='bbox 1878 400 1927 459; x_wconf 81' lang='grc' dir='ltr'><strong>Α</strong></span> <span class='ocrx_word' id='word_1_26' title='bbox 1954 397 2319 469; x_wconf 83' lang='lat' dir='ltr'><strong>Evangelium.</strong></span> <span class='ocrx_word' id='word_1_27' title='bbox 2346 402 2453 457; x_wconf 89' lang='lat' dir='ltr'><strong>Deo</strong></span> <span class='ocrx_word' id='word_1_28' title='bbox 2476 404 2653 472; x_wconf 89' lang='lat' dir='ltr'><strong>itaque</strong></span> <span class='ocrx_word' id='word_1_29' title='bbox 2678 404 2838 458; x_wconf 88' lang='lat' dir='ltr'><strong>servit</strong></span> <span class='ocrx_word' id='word_1_30' title='bbox 2869 405 2922 457; x_wconf 86' lang='lat' dir='ltr'><strong>in</strong></span> <span class='ocrx_word' id='word_1_31' title='bbox 2946 403 3233 475; x_wconf 85' lang='lat' dir='ltr'><strong>Evangelio</strong></span> <span class='ocrx_word' id='word_1_32' title='bbox 3255 404 3370 461; x_wconf 87' lang='lat' dir='ltr'><strong>Filii</strong></span> <span class='ocrx_word' id='word_1_33' title='bbox 3393 406 3531 477; x_wconf 83' lang='lat' dir='ltr'><strong>ejus,</strong></span> 
     </span>
    </p>
   </div>
   <div class='ocr_carea' id='block_1_5' title="bbox 285 486 1861 561">
    <p class='ocr_par' dir='ltr' id='par_1_5' title="bbox 285 486 1861 561">
     <span class='ocr_line' id='line_1_5' title="bbox 285 486 1861 561; baseline -0.004 -15"><span class='ocrx_word' id='word_1_34' title='bbox 285 490 588 561; x_wconf 82' lang='lat' dir='ltr'><strong>sanguinem</strong></span> <span class='ocrx_word' id='word_1_35' title='bbox 614 504 767 542; x_wconf 90' lang='lat' dir='ltr'><strong>suum</strong></span> <span class='ocrx_word' id='word_1_36' title='bbox 799 504 901 541; x_wconf 84' lang='lat' dir='ltr'><strong>non</strong></span> <span class='ocrx_word' id='word_1_37' title='bbox 938 486 1107 541; x_wconf 87' lang='lat' dir='ltr'><strong>solum</strong></span> <span class='ocrx_word' id='word_1_38' title='bbox 1135 504 1250 558; x_wconf 75' lang='lat' dir='ltr'><strong>qutc</strong></span> <span class='ocrx_word' id='word_1_39' title='bbox 1277 489 1332 542; x_wconf 90' lang='lat' dir='ltr'><strong>in</strong></span> <span class='ocrx_word' id='word_1_40' title='bbox 1362 497 1502 542; x_wconf 88' lang='lat' dir='ltr'><strong>terra</strong></span> <span class='ocrx_word' id='word_1_41' title='bbox 1529 497 1669 551; x_wconf 88' lang='lat' dir='ltr'><strong>sunt,</strong></span> <span class='ocrx_word' id='word_1_42' title='bbox 1691 488 1782 542; x_wconf 85' lang='lat' dir='ltr'><strong>sed</strong></span> <span class='ocrx_word' id='word_1_43' title='bbox 1812 498 1861 542; x_wconf 88' lang='lat' dir='ltr'><strong>ct</strong></span> 
     </span>
    </p>
   </div>
   <div class='ocr_carea' id='block_1_6' title="bbox 283 577 1862 653">
    <p class='ocr_par' dir='ltr' id='par_1_6' title="bbox 283 577 1862 653">
     <span class='ocr_line' id='line_1_6' title="bbox 283 577 1862 653; baseline -0.001 -18"><span class='ocrx_word' id='word_1_44' title='bbox 283 600 398 653; x_wconf 77' lang='lat' dir='ltr'><strong>qua:</strong></span> <span class='ocrx_word' id='word_1_45' title='bbox 429 582 482 634; x_wconf 91' lang='lat' dir='ltr'><strong>in</strong></span> <span class='ocrx_word' id='word_1_46' title='bbox 508 579 647 634; x_wconf 76' lang='lat' dir='ltr'><strong>etelis</strong></span> <span class='ocrx_word' id='word_1_47' title='bbox 682 578 906 651; x_wconf 84' lang='lat' dir='ltr'><strong>(Coloss.</strong></span> <span class='ocrx_word' id='word_1_48' title='bbox 949 578 1011 649; x_wconf 82' lang='grc' dir='ltr'><strong>ι),</strong></span> <span class='ocrx_word' id='word_1_49' title='bbox 1045 586 1098 632; x_wconf 89' lang='lat' dir='ltr'><strong>et</strong></span> <span class='ocrx_word' id='word_1_50' title='bbox 1119 578 1174 632; x_wconf 91' lang='lat' dir='ltr'><strong>in</strong></span> <span class='ocrx_word' id='word_1_51' title='bbox 1206 579 1422 635; x_wconf 85' lang='lat' dir='ltr'><strong>nomine</strong></span> <span class='ocrx_word' id='word_1_52' title='bbox 1464 578 1580 648; x_wconf 80' lang='lat' dir='ltr'><strong>ejus</strong></span> <span class='ocrx_word' id='word_1_53' title='bbox 1606 594 1743 650; x_wconf 84' lang='lat' dir='ltr'><strong>genu</strong></span> <span class='ocrx_word' id='word_1_54' title='bbox 1769 577 1862 633; x_wconf 84' lang='lat' dir='ltr'><strong>ﬁe-</strong></span> 
     </span>
    </p>
   </div>
   <div class='ocr_carea' id='block_1_7' title="bbox 286 669 1860 734">
    <p class='ocr_par' dir='ltr' id='par_1_7' title="bbox 286 669 1860 734">
     <span class='ocr_line' id='line_1_7' title="bbox 286 669 1860 734; baseline -0.002 -5"><span class='ocrx_word' id='word_1_55' title='bbox 286 682 437 729; x_wconf 90' lang='lat' dir='ltr'><strong>ctunt</strong></span> <span class='ocrx_word' id='word_1_56' title='bbox 458 687 562 726; x_wconf 89' lang='lat' dir='ltr'><strong>non</strong></span> <span class='ocrx_word' id='word_1_57' title='bbox 592 670 765 725; x_wconf 89' lang='lat' dir='ltr'><strong>solum</strong></span> <span class='ocrx_word' id='word_1_58' title='bbox 788 669 1085 734; x_wconf 73' lang='lat' dir='ltr'><strong>terrestria,</strong></span> <span class='ocrx_word' id='word_1_59' title='bbox 1109 669 1201 725; x_wconf 80' lang='lat' dir='ltr'><strong>sed</strong></span> <span class='ocrx_word' id='word_1_60' title='bbox 1224 679 1278 725; x_wconf 91' lang='lat' dir='ltr'><strong>et</strong></span> <span class='ocrx_word' id='word_1_61' title='bbox 1305 669 1547 727; x_wconf 78' lang='lat' dir='ltr'><strong>ctelestia</strong></span> <span class='ocrx_word' id='word_1_62' title='bbox 1569 680 1622 724; x_wconf 92' lang='lat' dir='ltr'><strong>et</strong></span> <span class='ocrx_word' id='word_1_63' title='bbox 1653 669 1860 726; x_wconf 81' lang='lat' dir='ltr'><strong>inferna</strong></span> 
     </span>
    </p>
   </div>
   <div class='ocr_carea' id='block_1_8' title="bbox 287 758 1862 832">
    <p class='ocr_par' dir='ltr' id='par_1_8' title="bbox 287 758 1862 832">
     <span class='ocr_line' id='line_1_8' title="bbox 287 758 1862 832; baseline 0.001 -18"><span class='ocrx_word' id='word_1_64' title='bbox 287 760 453 832; x_wconf 84' lang='lat' dir='ltr'><strong>(Phil.</strong></span> <span class='ocrx_word' id='word_1_65' title='bbox 496 758 579 830; x_wconf 85' lang='grc' dir='ltr'><strong>ιι),</strong></span> <span class='ocrx_word' id='word_1_66' title='bbox 609 767 662 814; x_wconf 90' lang='lat' dir='ltr'><strong>et</strong></span> <span class='ocrx_word' id='word_1_67' title='bbox 693 759 794 815; x_wconf 91' lang='lat' dir='ltr'><strong>hoc</strong></span> <span class='ocrx_word' id='word_1_68' title='bbox 818 767 901 813; x_wconf 90' lang='lat' dir='ltr'><strong>est</strong></span> <span class='ocrx_word' id='word_1_69' title='bbox 945 759 998 812; x_wconf 93' lang='lat' dir='ltr'><strong>in</strong></span> <span class='ocrx_word' id='word_1_70' title='bbox 1026 759 1279 814; x_wconf 88' lang='lat' dir='ltr'><strong>universo</strong></span> <span class='ocrx_word' id='word_1_71' title='bbox 1310 759 1508 813; x_wconf 87' lang='lat' dir='ltr'><strong>mundo</strong></span> <span class='ocrx_word' id='word_1_72' title='bbox 1533 760 1689 814; x_wconf 76' lang='lat' dir='ltr'><strong>ﬁdem</strong></span> <span class='ocrx_word' id='word_1_73' title='bbox 1724 776 1862 831; x_wconf 82' lang='lat' dir='ltr'><strong>prae-</strong></span> 
     </span>
    </p>
   </div>
   <div class='ocr_carea' id='block_1_9' title="bbox 288 838 1749 921">
    <p class='ocr_par' dir='ltr' id='par_1_9' title="bbox 288 838 1749 921">
     <span class='ocr_line' id='line_1_9' title="bbox 288 838 1749 921; baseline -0.002 -15"><span class='ocrx_word' id='word_1_74' title='bbox 288 838 473 913; x_wconf 80' lang='lat' dir='ltr'><strong>dicari,</strong></span> <span class='ocrx_word' id='word_1_75' title='bbox 506 865 604 921; x_wconf 92' lang='lat' dir='ltr'><strong>per</strong></span> <span class='ocrx_word' id='word_1_76' title='bbox 627 864 790 920; x_wconf 88' lang='lat' dir='ltr'><strong>quam</strong></span> <span class='ocrx_word' id='word_1_77' title='bbox 815 849 991 903; x_wconf 91' lang='lat' dir='ltr'><strong>omnis</strong></span> <span class='ocrx_word' id='word_1_78' title='bbox 1010 849 1239 903; x_wconf 78' lang='lat' dir='ltr'><strong>muiidus</strong></span> <span class='ocrx_word' id='word_1_79' title='bbox 1264 849 1323 902; x_wconf 82' lang='lat' dir='ltr'><strong>ﬁt</strong></span> <span class='ocrx_word' id='word_1_80' title='bbox 1353 850 1597 905; x_wconf 92' lang='lat' dir='ltr'><strong>subditus</strong></span> <span class='ocrx_word' id='word_1_81' title='bbox 1621 851 1749 905; x_wconf 89' lang='lat' dir='ltr'><strong>Deo.</strong></span> 
     </span>
    </p>
   </div>
   <div class='ocr_carea' id='block_1_10' title="bbox 357 938 1858 1011">
    <p class='ocr_par' dir='ltr' id='par_1_10' title="bbox 357 938 1858 1011">
     <span class='ocr_line' id='line_1_10' title="bbox 357 938 1858 1011; baseline 0.001 -19"><span class='ocrx_word' id='word_1_82' title='bbox 357 940 523 994; x_wconf 86' lang='lat' dir='ltr'><strong>Testis</strong></span> <span class='ocrx_word' id='word_1_83' title='bbox 550 941 687 993; x_wconf 89' lang='lat' dir='ltr'><strong>enim</strong></span> <span class='ocrx_word' id='word_1_84' title='bbox 713 939 840 992; x_wconf 88' lang='lat' dir='ltr'><strong>mihi</strong></span> <span class='ocrx_word' id='word_1_85' title='bbox 865 948 939 992; x_wconf 90' lang='lat' dir='ltr'><strong>est</strong></span> <span class='ocrx_word' id='word_1_86' title='bbox 961 938 1127 1004; x_wconf 85' lang='lat' dir='ltr'><strong>Deus,</strong></span> <span class='ocrx_word' id='word_1_87' title='bbox 1149 939 1233 991; x_wconf 88' lang='lat' dir='ltr'><strong>cui</strong></span> <span class='ocrx_word' id='word_1_88' title='bbox 1257 939 1422 992; x_wconf 85' lang='lat' dir='ltr'><strong>servio</strong></span> <span class='ocrx_word' id='word_1_89' title='bbox 1437 940 1491 992; x_wconf 90' lang='lat' dir='ltr'><strong>in</strong></span> <span class='ocrx_word' id='word_1_90' title='bbox 1514 940 1697 1011; x_wconf 78' lang='lat' dir='ltr'><strong>spiritu</strong></span> <span class='ocrx_word' id='word_1_91' title='bbox 1723 957 1858 1005; x_wconf 86' lang='lat' dir='ltr'><strong>meo,</strong></span> 
     </span>
    </p>
   </div>
   <div class='ocr_carea' id='block_1_11' title="bbox 285 1027 1859 1101">
    <p class='ocr_par' dir='ltr' id='par_1_11' title="bbox 285 1027 1859 1101">
     <span class='ocr_line' id='line_1_11' title="bbox 285 1027 1859 1101; baseline -0.001 -17"><span class='ocrx_word' id='word_1_92' title='bbox 285 1033 337 1085; x_wconf 89' lang='lat' dir='ltr'><strong>in</strong></span> <span class='ocrx_word' id='word_1_93' title='bbox 361 1029 645 1101; x_wconf 82' lang='lat' dir='ltr'><strong>Evangelia</strong></span> <span class='ocrx_word' id='word_1_94' title='bbox 684 1027 815 1082; x_wconf 80' lang='lat' dir='ltr'><strong>Filii</strong></span> <span class='ocrx_word' id='word_1_95' title='bbox 837 1030 974 1099; x_wconf 84' lang='lat' dir='ltr'><strong>ejus,</strong></span> <span class='ocrx_word' id='word_1_96' title='bbox 1011 1030 1149 1099; x_wconf 86' lang='lat' dir='ltr'><strong>quod</strong></span> <span class='ocrx_word' id='word_1_97' title='bbox 1190 1030 1301 1082; x_wconf 89' lang='lat' dir='ltr'><strong>sine</strong></span> <span class='ocrx_word' id='word_1_98' title='bbox 1340 1030 1721 1083; x_wconf 81' lang='lat' dir='ltr'><strong>intermissione</strong></span> <span class='ocrx_word' id='word_1_99' title='bbox 1747 1047 1859 1083; x_wconf 89' lang='lat' dir='ltr'><strong>me-</strong></span> 
     </span>
    </p>
   </div>
   <div class='ocr_carea' id='block_1_12' title="bbox 283 1118 1855 1188">
    <p class='ocr_par' dir='ltr' id='par_1_12' title="bbox 283 1118 1855 1188">
     <span class='ocr_line' id='line_1_12' title="bbox 283 1118 1855 1188; baseline -0.001 -13"><span class='ocrx_word' id='word_1_100' title='bbox 283 1122 503 1175; x_wconf 87' lang='lat' dir='ltr'><strong>moriam</strong></span> <span class='ocrx_word' id='word_1_101' title='bbox 557 1121 713 1173; x_wconf 84' lang='lat' dir='ltr'><strong>vestri</strong></span> <span class='ocrx_word' id='word_1_102' title='bbox 759 1119 898 1188; x_wconf 83' lang='lat' dir='ltr'><strong>facio</strong></span> <span class='ocrx_word' id='word_1_103' title='bbox 965 1134 1165 1187; x_wconf 80' lang='lat' dir='ltr'><strong>semper</strong></span> <span class='ocrx_word' id='word_1_104' title='bbox 1211 1119 1265 1173; x_wconf 90' lang='lat' dir='ltr'><strong>in</strong></span> <span class='ocrx_word' id='word_1_105' title='bbox 1332 1118 1651 1173; x_wconf 82' lang='lat' dir='ltr'><strong>orationibus</strong></span> <span class='ocrx_word' id='word_1_106' title='bbox 1707 1120 1855 1173; x_wconf 84' lang='lat' dir='ltr'><strong>meis.</strong></span> 
     </span>
    </p>
   </div>
   <div class='ocr_carea' id='block_1_13' title="bbox 285 1208 1859 1280">
    <p class='ocr_par' dir='ltr' id='par_1_13' title="bbox 285 1208 1859 1280">
     <span class='ocr_line' id='line_1_13' title="bbox 285 1208 1859 1280; baseline 0 -16"><span class='ocrx_word' id='word_1_107' title='bbox 285 1210 478 1279; x_wconf 75' lang='lat' dir='ltr'><strong>(Oi-ig.)</strong></span> <span class='ocrx_word' id='word_1_108' title='bbox 510 1211 650 1263; x_wconf 87' lang='lat' dir='ltr'><strong>Deus</strong></span> <span class='ocrx_word' id='word_1_109' title='bbox 675 1209 825 1263; x_wconf 89' lang='lat' dir='ltr'><strong>testis</strong></span> <span class='ocrx_word' id='word_1_110' title='bbox 847 1218 931 1263; x_wconf 92' lang='lat' dir='ltr'><strong>est</strong></span> <span class='ocrx_word' id='word_1_111' title='bbox 952 1208 1154 1264; x_wconf 87' lang='lat' dir='ltr'><strong>sanctis</strong></span> <span class='ocrx_word' id='word_1_112' title='bbox 1189 1210 1320 1273; x_wconf 90' lang='lat' dir='ltr'><strong>suis,</strong></span> <span class='ocrx_word' id='word_1_113' title='bbox 1350 1210 1442 1279; x_wconf 89' lang='lat' dir='ltr'><strong>qui</strong></span> <span class='ocrx_word' id='word_1_114' title='bbox 1486 1217 1539 1264; x_wconf 89' lang='lat' dir='ltr'><strong>et</strong></span> <span class='ocrx_word' id='word_1_115' title='bbox 1566 1210 1664 1280; x_wconf 90' lang='lat' dir='ltr'><strong>ipsi</strong></span> <span class='ocrx_word' id='word_1_116' title='bbox 1697 1218 1859 1265; x_wconf 87' lang='lat' dir='ltr'><strong>testes</strong></span> 
     </span>
    </p>
   </div>
   <div class='ocr_carea' id='block_1_14' title="bbox 285 1299 1861 1370">
    <p class='ocr_par' dir='ltr' id='par_1_14' title="bbox 285 1299 1861 1370">
     <span class='ocr_line' id='line_1_14' title="bbox 285 1299 1861 1370; baseline -0.002 -15"><span class='ocrx_word' id='word_1_117' title='bbox 285 1310 407 1355; x_wconf 89' lang='lat' dir='ltr'><strong>sunt</strong></span> <span class='ocrx_word' id='word_1_118' title='bbox 437 1301 552 1363; x_wconf 90' lang='lat' dir='ltr'><strong>Dei,</strong></span> <span class='ocrx_word' id='word_1_119' title='bbox 598 1299 889 1354; x_wconf 89' lang='lat' dir='ltr'><strong>secundum</strong></span> <span class='ocrx_word' id='word_1_120' title='bbox 912 1300 1055 1368; x_wconf 88' lang='lat' dir='ltr'><strong>quod</strong></span> <span class='ocrx_word' id='word_1_121' title='bbox 1083 1300 1211 1354; x_wconf 87' lang='lat' dir='ltr'><strong>dicit</strong></span> <span class='ocrx_word' id='word_1_122' title='bbox 1235 1301 1497 1370; x_wconf 82' lang='lat' dir='ltr'><strong>propheta</strong></span> <span class='ocrx_word' id='word_1_123' title='bbox 1525 1315 1538 1354; x_wconf 90' lang='lat'>:</span> <span class='ocrx_word' id='word_1_124' title='bbox 1572 1299 1734 1354; x_wconf 84' lang='lat' dir='ltr'><strong>Erilis</strong></span> <span class='ocrx_word' id='word_1_125' title='bbox 1763 1300 1861 1353; x_wconf 90' lang='lat' dir='ltr'><strong>mi-</strong></span> 
     </span>
    </p>
   </div>
   <div class='ocr_carea' id='block_1_15' title="bbox 283 1389 1857 1461">
    <p class='ocr_par' dir='ltr' id='par_1_15' title="bbox 283 1389 1857 1461">
     <span class='ocr_line' id='line_1_15' title="bbox 283 1389 1857 1461; baseline -0.003 -14"><span class='ocrx_word' id='word_1_126' title='bbox 283 1394 336 1447; x_wconf 87' lang='lat' dir='ltr'><strong>hi</strong></span> <span class='ocrx_word' id='word_1_127' title='bbox 374 1400 560 1456; x_wconf 81' lang='lat' dir='ltr'><strong>testes,</strong></span> <span class='ocrx_word' id='word_1_128' title='bbox 612 1401 660 1445; x_wconf 92' lang='lat' dir='ltr'><strong>et</strong></span> <span class='ocrx_word' id='word_1_129' title='bbox 702 1406 794 1459; x_wconf 87' lang='lat' dir='ltr'><strong>ego</strong></span> <span class='ocrx_word' id='word_1_130' title='bbox 842 1392 1007 1454; x_wconf 87' lang='lat' dir='ltr'><strong>testis,</strong></span> <span class='ocrx_word' id='word_1_131' title='bbox 1051 1389 1177 1443; x_wconf 82' lang='lat' dir='ltr'><strong>dicit</strong></span> <span class='ocrx_word' id='word_1_132' title='bbox 1222 1390 1475 1444; x_wconf 85' lang='lat' dir='ltr'><strong>Dominus</strong></span> <span class='ocrx_word' id='word_1_133' title='bbox 1514 1389 1658 1461; x_wconf 87' lang='lat' dir='ltr'><strong>(Isa.</strong></span> <span class='ocrx_word' id='word_1_134' title='bbox 1705 1406 1857 1454; x_wconf 75' lang='lat' dir='ltr'><strong>mn,</strong></span> 
     </span>
    </p>
   </div>
   <div class='ocr_carea' id='block_1_16' title="bbox 246 1477 1857 1553">
    <p class='ocr_par' dir='ltr' id='par_1_16' title="bbox 246 1477 1857 1553">
     <span class='ocr_line' id='line_1_16' title="bbox 246 1477 1857 1553; baseline -0.005 -10"><span class='ocrx_word' id='word_1_135' title='bbox 246 1480 996 1553; x_wconf 74' lang='lat' dir='ltr'><strong>Jer.xxtx).SedctSalvator</strong></span> <span class='ocrx_word' id='word_1_136' title='bbox 1042 1482 1107 1536; x_wconf 91' lang='lat' dir='ltr'><strong>ad</strong></span> <span class='ocrx_word' id='word_1_137' title='bbox 1155 1481 1448 1551; x_wconf 91' lang='lat' dir='ltr'><strong>discipulos</strong></span> <span class='ocrx_word' id='word_1_138' title='bbox 1481 1481 1644 1536; x_wconf 87' lang='lat' dir='ltr'><strong>dicit:</strong></span> <span class='ocrx_word' id='word_1_139' title='bbox 1691 1477 1857 1535; x_wconf 79' lang='lat' dir='ltr'><strong>Erilis</strong></span> 
     </span>
    </p>
   </div>
   <div class='ocr_carea' id='block_1_17' title="bbox 283 1570 1857 1637">
    <p class='ocr_par' dir='ltr' id='par_1_17' title="bbox 283 1570 1857 1637">
     <span class='ocr_line' id='line_1_17' title="bbox 283 1570 1857 1637; baseline -0.003 -9"><span class='ocrx_word' id='word_1_140' title='bbox 283 1575 407 1628; x_wconf 86' lang='lat' dir='ltr'><strong>mihi</strong></span> <span class='ocrx_word' id='word_1_141' title='bbox 435 1583 588 1628; x_wconf 76' lang='lat' dir='ltr'><strong>testes</strong></span> <span class='ocrx_word' id='word_1_142' title='bbox 616 1573 670 1626; x_wconf 87' lang='lat' dir='ltr'><strong>in</strong></span> <span class='ocrx_word' id='word_1_143' title='bbox 699 1571 1047 1636; x_wconf 85' lang='lat' dir='ltr'><strong>Hierusalem,</strong></span> <span class='ocrx_word' id='word_1_144' title='bbox 1073 1580 1119 1625; x_wconf 85' lang='lat' dir='ltr'><strong>et</strong></span> <span class='ocrx_word' id='word_1_145' title='bbox 1145 1573 1199 1625; x_wconf 89' lang='lat' dir='ltr'><strong>in</strong></span> <span class='ocrx_word' id='word_1_146' title='bbox 1225 1570 1493 1637; x_wconf 86' lang='lat' dir='ltr'><strong>Samaria,</strong></span> <span class='ocrx_word' id='word_1_147' title='bbox 1513 1581 1560 1625; x_wconf 90' lang='lat' dir='ltr'><strong>et</strong></span> <span class='ocrx_word' id='word_1_148' title='bbox 1603 1572 1656 1625; x_wconf 88' lang='lat' dir='ltr'><strong>in</strong></span> <span class='ocrx_word' id='word_1_149' title='bbox 1686 1571 1857 1625; x_wconf 84' lang='lat' dir='ltr'><strong>omni-</strong></span> 
     </span>
    </p>
   </div>
   <div class='ocr_carea' id='block_1_18' title="bbox 283 1660 1855 1734">
    <p class='ocr_par' dir='ltr' id='par_1_18' title="bbox 283 1660 1855 1734">
     <span class='ocr_line' id='line_1_18' title="bbox 283 1660 1855 1734; baseline -0.003 -15"><span class='ocrx_word' id='word_1_150' title='bbox 283 1664 374 1719; x_wconf 89' lang='lat' dir='ltr'><strong>bus</strong></span> <span class='ocrx_word' id='word_1_151' title='bbox 399 1664 589 1733; x_wconf 79' lang='lat' dir='ltr'><strong>ﬁnibus</strong></span> <span class='ocrx_word' id='word_1_152' title='bbox 617 1673 770 1717; x_wconf 79' lang='lat' dir='ltr'><strong>terra:</strong></span> <span class='ocrx_word' id='word_1_153' title='bbox 791 1663 929 1734; x_wconf 82' lang='lat' dir='ltr'><strong>(Act.</strong></span> <span class='ocrx_word' id='word_1_154' title='bbox 956 1667 1017 1732; x_wconf 84' lang='grc' dir='ltr'><strong>ι),</strong></span> <span class='ocrx_word' id='word_1_155' title='bbox 1046 1661 1340 1716; x_wconf 88' lang='lat' dir='ltr'><strong>secundum</strong></span> <span class='ocrx_word' id='word_1_156' title='bbox 1381 1661 1510 1715; x_wconf 92' lang='lat' dir='ltr'><strong>illud</strong></span> <span class='ocrx_word' id='word_1_157' title='bbox 1535 1661 1677 1731; x_wconf 91' lang='lat' dir='ltr'><strong>quod</strong></span> <span class='ocrx_word' id='word_1_158' title='bbox 1719 1660 1855 1715; x_wconf 82' lang='lat' dir='ltr'><strong>scri—</strong></span> 
     </span>
    </p>
   </div>
   <div class='ocr_carea' id='block_1_19' title="bbox 1963 491 3534 552">
    <p class='ocr_par' dir='ltr' id='par_1_19' title="bbox 1963 491 3534 552">
     <span class='ocr_line' id='line_1_19' title="bbox 1963 491 3534 552; baseline 0.006 -10"><span class='ocrx_word' id='word_1_159' title='bbox 1963 496 2021 543; x_wconf 90' lang='lat' dir='ltr'><strong>ut</strong></span> <span class='ocrx_word' id='word_1_160' title='bbox 2047 491 2292 546; x_wconf 79' lang='lat' dir='ltr'><strong>ostendat</strong></span> <span class='ocrx_word' id='word_1_161' title='bbox 2320 492 2413 547; x_wconf 85' lang='lat' dir='ltr'><strong>Dei</strong></span> <span class='ocrx_word' id='word_1_162' title='bbox 2440 508 2559 547; x_wconf 85' lang='lat' dir='ltr'><strong>esse</strong></span> <span class='ocrx_word' id='word_1_163' title='bbox 2582 494 2907 549; x_wconf 89' lang='lat' dir='ltr'><strong>voluntatem</strong></span> <span class='ocrx_word' id='word_1_164' title='bbox 2936 502 2994 547; x_wconf 92' lang='lat' dir='ltr'><strong>ut</strong></span> <span class='ocrx_word' id='word_1_165' title='bbox 3023 494 3272 549; x_wconf 85' lang='lat' dir='ltr'><strong>credatur</strong></span> <span class='ocrx_word' id='word_1_166' title='bbox 3299 496 3351 550; x_wconf 91' lang='lat' dir='ltr'><strong>in</strong></span> <span class='ocrx_word' id='word_1_167' title='bbox 3379 497 3477 552; x_wconf 81' lang='lat' dir='ltr'><strong>Chl</strong></span> <span class='ocrx_word' id='word_1_168' title='bbox 3492 498 3534 552; x_wconf 79' lang='lat' dir='ltr'><strong>i-</strong></span> 
     </span>
    </p>
   </div>
   <div class='ocr_carea' id='block_1_20' title="bbox 1963 579 3530 656">
    <p class='ocr_par' dir='ltr' id='par_1_20' title="bbox 1963 579 3530 656">
     <span class='ocr_line' id='line_1_20' title="bbox 1963 579 3530 656; baseline 0.006 -23"><span class='ocrx_word' id='word_1_169' title='bbox 1963 586 2122 633; x_wconf 88' lang='lat' dir='ltr'><strong>stum.</strong></span> <span class='ocrx_word' id='word_1_170' title='bbox 2150 579 2248 634; x_wconf 87' lang='lat' dir='ltr'><strong>Cui</strong></span> <span class='ocrx_word' id='word_1_171' title='bbox 2273 591 2319 636; x_wconf 91' lang='lat' dir='ltr'><strong>et</strong></span> <span class='ocrx_word' id='word_1_172' title='bbox 2346 583 2533 647; x_wconf 84' lang='lat' dir='ltr'><strong>servio,</strong></span> <span class='ocrx_word' id='word_1_173' title='bbox 2562 584 2868 652; x_wconf 85' lang='lat' dir='ltr'><strong>quomodo?</strong></span> <span class='ocrx_word' id='word_1_174' title='bbox 2896 585 2948 637; x_wconf 85' lang='lat' dir='ltr'><strong>in</strong></span> <span class='ocrx_word' id='word_1_175' title='bbox 2972 585 3159 655; x_wconf 84' lang='lat' dir='ltr'><strong>spiritu</strong></span> <span class='ocrx_word' id='word_1_176' title='bbox 3185 602 3316 648; x_wconf 88' lang='lat' dir='ltr'><strong>meo,</strong></span> <span class='ocrx_word' id='word_1_177' title='bbox 3336 586 3530 656; x_wconf 84' lang='lat' dir='ltr'><strong>inquit,</strong></span> 
     </span>
    </p>
   </div>
   <div class='ocr_carea' id='block_1_21' title="bbox 1963 671 3529 747">
    <p class='ocr_par' dir='ltr' id='par_1_21' title="bbox 1963 671 3529 747">
     <span class='ocr_line' id='line_1_21' title="bbox 1963 671 3529 747; baseline 0.008 -25"><span class='ocrx_word' id='word_1_178' title='bbox 1963 685 2068 724; x_wconf 91' lang='lat' dir='ltr'><strong>non</strong></span> <span class='ocrx_word' id='word_1_179' title='bbox 2093 671 2145 727; x_wconf 93' lang='lat' dir='ltr'><strong>in</strong></span> <span class='ocrx_word' id='word_1_180' title='bbox 2168 673 2578 730; x_wconf 87' lang='lat' dir='ltr'><strong>circumcisione</strong></span> <span class='ocrx_word' id='word_1_181' title='bbox 2597 676 2923 743; x_wconf 85' lang='lat' dir='ltr'><strong>manul&#39;aeta,</strong></span> <span class='ocrx_word' id='word_1_182' title='bbox 2945 692 3117 747; x_wconf 87' lang='lat' dir='ltr'><strong>neque</strong></span> <span class='ocrx_word' id='word_1_183' title='bbox 3139 678 3190 732; x_wconf 89' lang='lat' dir='ltr'><strong>in</strong></span> <span class='ocrx_word' id='word_1_184' title='bbox 3214 681 3529 745; x_wconf 86' lang='lat' dir='ltr'><strong>neomeniis,</strong></span> 
     </span>
    </p>
   </div>
   <div class='ocr_carea' id='block_1_22' title="bbox 1961 762 3532 839">
    <p class='ocr_par' dir='ltr' id='par_1_22' title="bbox 1961 762 3532 839">
     <span class='ocr_line' id='line_1_22' title="bbox 1961 762 3532 839; baseline 0.004 -23"><span class='ocrx_word' id='word_1_185' title='bbox 1961 772 2018 817; x_wconf 89' lang='lat' dir='ltr'><strong>et</strong></span> <span class='ocrx_word' id='word_1_186' title='bbox 2043 762 2287 827; x_wconf 86' lang='lat' dir='ltr'><strong>sabbato,</strong></span> <span class='ocrx_word' id='word_1_187' title='bbox 2306 771 2363 818; x_wconf 90' lang='lat' dir='ltr'><strong>et</strong></span> <span class='ocrx_word' id='word_1_188' title='bbox 2386 764 2709 820; x_wconf 85' lang='lat' dir='ltr'><strong>discretione</strong></span> <span class='ocrx_word' id='word_1_189' title='bbox 2737 781 3007 831; x_wconf 79' lang='lat' dir='ltr'><strong>escarum,</strong></span> <span class='ocrx_word' id='word_1_190' title='bbox 3038 767 3130 822; x_wconf 88' lang='lat' dir='ltr'><strong>sed</strong></span> <span class='ocrx_word' id='word_1_191' title='bbox 3164 769 3218 821; x_wconf 90' lang='lat' dir='ltr'><strong>in</strong></span> <span class='ocrx_word' id='word_1_192' title='bbox 3244 768 3532 839; x_wconf 83' lang='lat' dir='ltr'><strong>spiritu,‘id</strong></span> 
     </span>
    </p>
   </div>
   <div class='ocr_carea' id='block_1_23' title="bbox 1961 854 3531 928">
    <p class='ocr_par' dir='ltr' id='par_1_23' title="bbox 1961 854 3531 928">
     <span class='ocr_line' id='line_1_23' title="bbox 1961 854 3531 928; baseline 0.003 -21"><span class='ocrx_word' id='word_1_193' title='bbox 1961 861 2044 907; x_wconf 90' lang='lat' dir='ltr'><strong>est</strong></span> <span class='ocrx_word' id='word_1_194' title='bbox 2066 854 2118 906; x_wconf 92' lang='lat' dir='ltr'><strong>in</strong></span> <span class='ocrx_word' id='word_1_195' title='bbox 2144 862 2342 919; x_wconf 88' lang='lat' dir='ltr'><strong>mente,</strong></span> <span class='ocrx_word' id='word_1_196' title='bbox 2366 855 2489 923; x_wconf 87' lang='lat' dir='ltr'><strong>quia</strong></span> <span class='ocrx_word' id='word_1_197' title='bbox 2521 855 2661 911; x_wconf 82' lang='lat' dir='ltr'><strong>Deus</strong></span> <span class='ocrx_word' id='word_1_198' title='bbox 2704 857 2923 926; x_wconf 85' lang='lat' dir='ltr'><strong>spiritus</strong></span> <span class='ocrx_word' id='word_1_199' title='bbox 2964 866 3065 921; x_wconf 88' lang='lat' dir='ltr'><strong>est,</strong></span> <span class='ocrx_word' id='word_1_200' title='bbox 3097 855 3285 928; x_wconf 83' lang='lat' dir='ltr'><strong>spiritu</strong></span> <span class='ocrx_word' id='word_1_201' title='bbox 3310 858 3392 912; x_wconf 85' lang='lat' dir='ltr'><strong>vel</strong></span> <span class='ocrx_word' id='word_1_202' title='bbox 3413 858 3531 913; x_wconf 84' lang='lat' dir='ltr'><strong>ani-</strong></span> 
     </span>
    </p>
   </div>
   <div class='ocr_carea' id='block_1_24' title="bbox 1963 943 3534 1011">
    <p class='ocr_par' dir='ltr' id='par_1_24' title="bbox 1963 943 3534 1011">
     <span class='ocr_line' id='line_1_24' title="bbox 1963 943 3534 1011; baseline 0.004 -15"><span class='ocrx_word' id='word_1_203' title='bbox 1963 956 2051 996; x_wconf 92' lang='lat' dir='ltr'><strong>mo</strong></span> <span class='ocrx_word' id='word_1_204' title='bbox 2077 943 2255 1011; x_wconf 83' lang='lat' dir='ltr'><strong>potius</strong></span> <span class='ocrx_word' id='word_1_205' title='bbox 2293 944 2449 998; x_wconf 86' lang='lat' dir='ltr'><strong>debet</strong></span> <span class='ocrx_word' id='word_1_206' title='bbox 2488 944 2559 998; x_wconf 91' lang='lat' dir='ltr'><strong>illi</strong></span> <span class='ocrx_word' id='word_1_207' title='bbox 2594 946 2826 1011; x_wconf 85' lang='lat' dir='ltr'><strong>serviri;</strong></span> <span class='ocrx_word' id='word_1_208' title='bbox 2876 946 2960 1001; x_wconf 90' lang='lat' dir='ltr'><strong>cui</strong></span> <span class='ocrx_word' id='word_1_209' title='bbox 2989 947 3134 1003; x_wconf 89' lang='lat' dir='ltr'><strong>enim</strong></span> <span class='ocrx_word' id='word_1_210' title='bbox 3189 949 3368 1003; x_wconf 89' lang='lat' dir='ltr'><strong>animo</strong></span> <span class='ocrx_word' id='word_1_211' title='bbox 3417 964 3534 1005; x_wconf 89' lang='lat' dir='ltr'><strong>ser-</strong></span> 
     </span>
    </p>
   </div>
   <div class='ocr_carea' id='block_1_25' title="bbox 1960 1033 3535 1101">
    <p class='ocr_par' dir='ltr' id='par_1_25' title="bbox 1960 1033 3535 1101">
     <span class='ocr_line' id='line_1_25' title="bbox 1960 1033 3535 1101; baseline 0.006 -15"><span class='ocrx_word' id='word_1_212' title='bbox 1960 1033 2125 1101; x_wconf 84' lang='lat' dir='ltr'><strong>vitur,</strong></span> <span class='ocrx_word' id='word_1_213' title='bbox 2150 1049 2217 1088; x_wconf 83' lang='lat' dir='ltr'><strong>ex</strong></span> <span class='ocrx_word' id='word_1_214' title='bbox 2249 1034 2352 1089; x_wconf 91' lang='lat' dir='ltr'><strong>ﬁde</strong></span> <span class='ocrx_word' id='word_1_215' title='bbox 2397 1034 2470 1089; x_wconf 86' lang='lat' dir='ltr'><strong>illi</strong></span> <span class='ocrx_word' id='word_1_216' title='bbox 2501 1035 2750 1089; x_wconf 83' lang='lat' dir='ltr'><strong>servitur.</strong></span> <span class='ocrx_word' id='word_1_217' title='bbox 2803 1035 2925 1092; x_wconf 77' lang='lat' dir='ltr'><strong>Hzec</strong></span> <span class='ocrx_word' id='word_1_218' title='bbox 2971 1045 3026 1091; x_wconf 90' lang='lat' dir='ltr'><strong>et</strong></span> <span class='ocrx_word' id='word_1_219' title='bbox 3066 1037 3323 1093; x_wconf 88' lang='lat' dir='ltr'><strong>Dominus</strong></span> <span class='ocrx_word' id='word_1_220' title='bbox 3358 1037 3535 1096; x_wconf 80' lang='lat' dir='ltr'><strong>factus</strong></span> 
     </span>
    </p>
   </div>
   <div class='ocr_carea' id='block_1_26' title="bbox 1962 1119 3535 1197">
    <p class='ocr_par' dir='ltr' id='par_1_26' title="bbox 1962 1119 3535 1197">
     <span class='ocr_line' id='line_1_26' title="bbox 1962 1119 3535 1197; baseline 0.006 -22"><span class='ocrx_word' id='word_1_221' title='bbox 1962 1119 2152 1195; x_wconf 85' lang='lat' dir='ltr'><strong>[latus]</strong></span> <span class='ocrx_word' id='word_1_222' title='bbox 2185 1124 2356 1179; x_wconf 85' lang='lat' dir='ltr'><strong>estad</strong></span> <span class='ocrx_word' id='word_1_223' title='bbox 2387 1124 2767 1180; x_wconf 90' lang='lat' dir='ltr'><strong>Samaritidem</strong></span> <span class='ocrx_word' id='word_1_224' title='bbox 2789 1133 3064 1195; x_wconf 80' lang='lat' dir='ltr'><strong>putantem</strong></span> <span class='ocrx_word' id='word_1_225' title='bbox 3091 1130 3232 1197; x_wconf 85' lang='lat' dir='ltr'><strong>quod</strong></span> <span class='ocrx_word' id='word_1_226' title='bbox 3268 1129 3321 1183; x_wconf 91' lang='lat' dir='ltr'><strong>in</strong></span> <span class='ocrx_word' id='word_1_227' title='bbox 3352 1139 3535 1186; x_wconf 85' lang='lat' dir='ltr'><strong>monte</strong></span> 
     </span>
    </p>
   </div>
   <div class='ocr_carea' id='block_1_27' title="bbox 1957 1210 3536 1279">
    <p class='ocr_par' dir='ltr' id='par_1_27' title="bbox 1957 1210 3536 1279">
     <span class='ocr_line' id='line_1_27' title="bbox 1957 1210 3536 1279; baseline -0.005 -4"><span class='ocrx_word' id='word_1_228' title='bbox 1957 1234 2017 1276; x_wconf 84' lang='lat' dir='ltr'><strong>se</strong></span> <span class='ocrx_word' id='word_1_229' title='bbox 2045 1218 2257 1273; x_wconf 84' lang='lat' dir='ltr'><strong>adorari</strong></span> <span class='ocrx_word' id='word_1_230' title='bbox 2287 1218 2443 1271; x_wconf 76' lang='lat' dir='ltr'><strong>vellet</strong></span> <span class='ocrx_word' id='word_1_231' title='bbox 2468 1217 2628 1279; x_wconf 88' lang='lat' dir='ltr'><strong>Deus,</strong></span> <span class='ocrx_word' id='word_1_232' title='bbox 2654 1217 2848 1270; x_wconf 79' lang='lat' dir='ltr'><strong>dicens</strong></span> <span class='ocrx_word' id='word_1_233' title='bbox 2876 1233 2890 1268; x_wconf 89' lang='lat'><strong>:</strong></span> <span class='ocrx_word' id='word_1_234' title='bbox 2933 1210 3082 1269; x_wconf 83' lang='lat' dir='ltr'><strong>Venit</strong></span> <span class='ocrx_word' id='word_1_235' title='bbox 3112 1220 3262 1272; x_wconf 86' lang='lat' dir='ltr'><strong>hora,</strong></span> <span class='ocrx_word' id='word_1_236' title='bbox 3299 1223 3345 1265; x_wconf 80' lang='lat' dir='ltr'><strong>et</strong></span> <span class='ocrx_word' id='word_1_237' title='bbox 3398 1227 3536 1267; x_wconf 82' lang='lat' dir='ltr'><strong>nunc</strong></span> 
     </span>
    </p>
   </div>
   <div class='ocr_carea' id='block_1_28' title="bbox 1956 1304 3539 1382">
    <p class='ocr_par' dir='ltr' id='par_1_28' title="bbox 1956 1304 3539 1382">
     <span class='ocr_line' id='line_1_28' title="bbox 1956 1304 3539 1382; baseline -0.007 -13"><span class='ocrx_word' id='word_1_238' title='bbox 1956 1313 2265 1382; x_wconf 78' lang='lat' dir='ltr'><strong>est,quando</strong></span> <span class='ocrx_word' id='word_1_239' title='bbox 2277 1312 2383 1365; x_wconf 91' lang='lat' dir='ltr'><strong>veri</strong></span> <span class='ocrx_word' id='word_1_240' title='bbox 2402 1311 2711 1363; x_wconf 83' lang='lat' dir='ltr'><strong>adoratores</strong></span> <span class='ocrx_word' id='word_1_241' title='bbox 2728 1304 3252 1361; x_wconf 84' lang='lat' dir='ltr'><strong>adorabuntPatrem</strong></span> <span class='ocrx_word' id='word_1_242' title='bbox 3271 1306 3328 1357; x_wconf 85' lang='lat' dir='ltr'><strong>in</strong></span> <span class='ocrx_word' id='word_1_243' title='bbox 3347 1306 3539 1373; x_wconf 76' lang='lat' dir='ltr'><strong>spiritu</strong></span> 
     </span>
    </p>
   </div>
   <div class='ocr_carea' id='block_1_29' title="bbox 1958 1386 3531 1465">
    <p class='ocr_par' dir='ltr' id='par_1_29' title="bbox 1958 1386 3531 1465">
     <span class='ocr_line' id='line_1_29' title="bbox 1958 1386 3531 1465; baseline 0.002 -20"><span class='ocrx_word' id='word_1_244' title='bbox 1958 1401 2006 1445; x_wconf 88' lang='lat' dir='ltr'><strong>et</strong></span> <span class='ocrx_word' id='word_1_245' title='bbox 2034 1393 2263 1446; x_wconf 85' lang='lat' dir='ltr'><strong>veritate.</strong></span> <span class='ocrx_word' id='word_1_246' title='bbox 2325 1391 2527 1445; x_wconf 84' lang='lat' dir='ltr'><strong>Etenim</strong></span> <span class='ocrx_word' id='word_1_247' title='bbox 2576 1390 2739 1447; x_wconf 86' lang='lat' dir='ltr'><strong>Pater</strong></span> <span class='ocrx_word' id='word_1_248' title='bbox 2778 1393 2906 1448; x_wconf 84' lang='lat' dir='ltr'><strong>tales</strong></span> <span class='ocrx_word' id='word_1_249' title='bbox 2932 1394 3119 1464; x_wconf 67' lang='lat' dir='ltr'><strong>quaerit</strong></span> <span class='ocrx_word' id='word_1_250' title='bbox 3172 1396 3261 1465; x_wconf 86' lang='lat' dir='ltr'><strong>qui</strong></span> <span class='ocrx_word' id='word_1_251' title='bbox 3317 1386 3531 1451; x_wconf 59' lang='lat' dir='ltr'><strong>adorent</strong></span> 
     </span>
    </p>
   </div>
   <div class='ocr_carea' id='block_1_30' title="bbox 1959 1478 3530 1559">
    <p class='ocr_par' dir='ltr' id='par_1_30' title="bbox 1959 1478 3530 1559">
     <span class='ocr_line' id='line_1_30' title="bbox 1959 1478 3530 1559; baseline 0.002 -24"><span class='ocrx_word' id='word_1_252' title='bbox 1959 1497 2097 1535; x_wconf 89' lang='lat' dir='ltr'><strong>eum.</strong></span> <span class='ocrx_word' id='word_1_253' title='bbox 2142 1478 2369 1550; x_wconf 84' lang='lat' dir='ltr'><strong>Spiritus</strong></span> <span class='ocrx_word' id='word_1_254' title='bbox 2412 1489 2487 1535; x_wconf 82' lang='lat' dir='ltr'><strong>est</strong></span> <span class='ocrx_word' id='word_1_255' title='bbox 2513 1480 2652 1535; x_wconf 87' lang='lat' dir='ltr'><strong>Deus</strong></span> <span class='ocrx_word' id='word_1_256' title='bbox 2677 1498 2695 1535; x_wconf 89' lang='lat'><em>:</em></span> <span class='ocrx_word' id='word_1_257' title='bbox 2726 1481 3005 1537; x_wconf 84' lang='lat' dir='ltr'><strong>adorantes</strong></span> <span class='ocrx_word' id='word_1_258' title='bbox 3030 1484 3151 1559; x_wconf 66' lang='lat' dir='ltr'><strong>erjo</strong></span> <span class='ocrx_word' id='word_1_259' title='bbox 3190 1485 3245 1538; x_wconf 89' lang='lat' dir='ltr'><strong>in</strong></span> <span class='ocrx_word' id='word_1_260' title='bbox 3271 1485 3460 1555; x_wconf 83' lang='lat' dir='ltr'><strong>spiritu</strong></span> <span class='ocrx_word' id='word_1_261' title='bbox 3483 1496 3530 1538; x_wconf 81' lang='lat' dir='ltr'><strong>et</strong></span> 
     </span>
    </p>
   </div>
   <div class='ocr_carea' id='block_1_31' title="bbox 1960 1568 3534 1643">
    <p class='ocr_par' dir='ltr' id='par_1_31' title="bbox 1960 1568 3534 1643">
     <span class='ocr_line' id='line_1_31' title="bbox 1960 1568 3534 1643; baseline 0.001 -18"><span class='ocrx_word' id='word_1_262' title='bbox 1960 1571 2171 1626; x_wconf 79' lang='lat' dir='ltr'><strong>veritate</strong></span> <span class='ocrx_word' id='word_1_263' title='bbox 2195 1579 2391 1641; x_wconf 79' lang='lat' dir='ltr'><strong>oportet</strong></span> <span class='ocrx_word' id='word_1_264' title='bbox 2421 1570 2644 1625; x_wconf 86' lang='lat' dir='ltr'><strong>adorare</strong></span> <span class='ocrx_word' id='word_1_265' title='bbox 2674 1568 2976 1643; x_wconf 64' lang='lat' dir='ltr'><strong>(Joani‘lv).</strong></span> <span class='ocrx_word' id='word_1_266' title='bbox 3014 1572 3081 1625; x_wconf 89' lang='lat' dir='ltr'><strong>Et</strong></span> <span class='ocrx_word' id='word_1_267' title='bbox 3106 1589 3211 1627; x_wconf 89' lang='lat' dir='ltr'><strong>non</strong></span> <span class='ocrx_word' id='word_1_268' title='bbox 3234 1572 3385 1628; x_wconf 87' lang='lat' dir='ltr'><strong>locus</strong></span> <span class='ocrx_word' id='word_1_269' title='bbox 3407 1572 3534 1627; x_wconf 86' lang='lat' dir='ltr'><strong>ado-</strong></span> 
     </span>
    </p>
   </div>
   <div class='ocr_carea' id='block_1_32' title="bbox 1961 1659 3530 1736">
    <p class='ocr_par' dir='ltr' id='par_1_32' title="bbox 1961 1659 3530 1736">
     <span class='ocr_line' id='line_1_32' title="bbox 1961 1659 3530 1736; baseline 0.001 -22"><span class='ocrx_word' id='word_1_270' title='bbox 1961 1659 2221 1715; x_wconf 89' lang='lat' dir='ltr'><strong>rationem</strong></span> <span class='ocrx_word' id='word_1_271' title='bbox 2256 1662 2614 1724; x_wconf 86' lang='lat' dir='ltr'><strong>commendat,</strong></span> <span class='ocrx_word' id='word_1_272' title='bbox 2649 1660 2741 1717; x_wconf 90' lang='lat' dir='ltr'><strong>sed</strong></span> <span class='ocrx_word' id='word_1_273' title='bbox 2774 1661 3000 1736; x_wconf 84' lang='lat' dir='ltr'><strong>devotus</strong></span> <span class='ocrx_word' id='word_1_274' title='bbox 3040 1661 3270 1726; x_wconf 92' lang='lat' dir='ltr'><strong>animus,</strong></span> <span class='ocrx_word' id='word_1_275' title='bbox 3301 1663 3405 1729; x_wconf 85' lang='lat' dir='ltr'><strong>hoc</strong></span> <span class='ocrx_word' id='word_1_276' title='bbox 3429 1670 3530 1725; x_wconf 86' lang='lat' dir='ltr'><strong>est,</strong></span> 
     </span>
    </p>
   </div>
   <div class='ocr_carea' id='block_1_33' title="bbox 283 1742 3536 1827">
    <p class='ocr_par' dir='ltr' id='par_1_33' title="bbox 283 1742 3536 1827">
     <span class='ocr_line' id='line_1_33' title="bbox 283 1742 3536 1827; baseline 0.001 -16"><span class='ocrx_word' id='word_1_277' title='bbox 283 1766 428 1827; x_wconf 86' lang='lat' dir='ltr'><strong>ptum</strong></span> <span class='ocrx_word' id='word_1_278' title='bbox 459 1765 537 1811; x_wconf 84' lang='lat' dir='ltr'><strong>est</strong></span> <span class='ocrx_word' id='word_1_279' title='bbox 571 1773 583 1809; x_wconf 91' lang='lat'><strong>:</strong></span> <span class='ocrx_word' id='word_1_280' title='bbox 620 1754 723 1820; x_wconf 86' lang='lat' dir='ltr'><strong>Qui</strong></span> <span class='ocrx_word' id='word_1_281' title='bbox 767 1755 1032 1823; x_wconf 80' lang='lat' dir='ltr'><strong>confessus</strong></span> <span class='ocrx_word' id='word_1_282' title='bbox 1064 1753 1219 1823; x_wconf 75' lang='lat' dir='ltr'><strong>fuerit</strong></span> <span class='ocrx_word' id='word_1_283' title='bbox 1253 1754 1307 1807; x_wconf 89' lang='lat' dir='ltr'><strong>in</strong></span> <span class='ocrx_word' id='word_1_284' title='bbox 1336 1770 1438 1817; x_wconf 87' lang='lat' dir='ltr'><strong>me,</strong></span> <span class='ocrx_word' id='word_1_285' title='bbox 1474 1763 1523 1807; x_wconf 89' lang='lat' dir='ltr'><strong>et</strong></span> <span class='ocrx_word' id='word_1_286' title='bbox 1565 1771 1655 1824; x_wconf 89' lang='lat' dir='ltr'><strong>ego</strong></span> <span class='ocrx_word' id='word_1_287' title='bbox 1694 1755 1856 1816; x_wconf 85' lang='lat' dir='ltr'><strong>con/i-</strong></span> <span class='ocrx_word' id='word_1_288' title='bbox 1889 1742 1933 1803; x_wconf 86' lang='grc' dir='ltr'><strong>Β</strong></span> <span class='ocrx_word' id='word_1_289' title='bbox 1960 1752 2015 1807; x_wconf 92' lang='lat' dir='ltr'><strong>in</strong></span> <span class='ocrx_word' id='word_1_290' title='bbox 2056 1753 2283 1811; x_wconf 83' lang='lat' dir='ltr'><strong>veritate</strong></span> <span class='ocrx_word' id='word_1_291' title='bbox 2327 1744 2554 1809; x_wconf 84' lang='lat' dir='ltr'><strong>adorare</strong></span> <span class='ocrx_word' id='word_1_292' title='bbox 2600 1755 2653 1808; x_wconf 89' lang='lat' dir='ltr'><strong>in</strong></span> <span class='ocrx_word' id='word_1_293' title='bbox 2706 1752 2908 1824; x_wconf 82' lang='lat' dir='ltr'><strong>Spiritu</strong></span> <span class='ocrx_word' id='word_1_294' title='bbox 2960 1754 3126 1809; x_wconf 88' lang='lat' dir='ltr'><strong>Deum</strong></span> <span class='ocrx_word' id='word_1_295' title='bbox 3181 1753 3437 1825; x_wconf 86' lang='lat' dir='ltr'><strong>Spiritum</strong></span> <span class='ocrx_word' id='word_1_296' title='bbox 3476 1764 3536 1812; x_wconf 85' lang='lat' dir='ltr'><strong>et</strong></span> 
     </span>
    </p>
   </div>
   <div class='ocr_carea' id='block_1_34' title="bbox 282 1844 1857 1916">
    <p class='ocr_par' dir='ltr' id='par_1_34' title="bbox 282 1844 1857 1916">
     <span class='ocr_line' id='line_1_34' title="bbox 282 1844 1857 1916; baseline -0.003 -12"><span class='ocrx_word' id='word_1_297' title='bbox 282 1850 424 1904; x_wconf 86' lang='lat' dir='ltr'><strong>tebor</strong></span> <span class='ocrx_word' id='word_1_298' title='bbox 446 1850 501 1903; x_wconf 89' lang='lat' dir='ltr'><strong>in</strong></span> <span class='ocrx_word' id='word_1_299' title='bbox 537 1865 595 1901; x_wconf 91' lang='lat' dir='ltr'><strong>eo</strong></span> <span class='ocrx_word' id='word_1_300' title='bbox 619 1862 797 1900; x_wconf 83' lang='lat' dir='ltr'><strong>coram</strong></span> <span class='ocrx_word' id='word_1_301' title='bbox 832 1844 990 1899; x_wconf 88' lang='lat' dir='ltr'><strong>Patre</strong></span> <span class='ocrx_word' id='word_1_302' title='bbox 1018 1862 1151 1899; x_wconf 88' lang='lat' dir='ltr'><strong>meo.</strong></span> <span class='ocrx_word' id='word_1_303' title='bbox 1182 1846 1365 1916; x_wconf 60' lang='lat' dir='ltr'><strong>(Aug,</strong></span> <span class='ocrx_word' id='word_1_304' title='bbox 1402 1845 1497 1900; x_wconf 86' lang='lat' dir='ltr'><strong>lib.</strong></span> <span class='ocrx_word' id='word_1_305' title='bbox 1523 1846 1584 1900; x_wconf 85' lang='lat' dir='ltr'><strong>de</strong></span> <span class='ocrx_word' id='word_1_306' title='bbox 1608 1844 1857 1900; x_wconf 88' lang='lat' dir='ltr'><strong>Sermone</strong></span> 
     </span>
    </p>
   </div>
   <div class='ocr_carea' id='block_1_35' title="bbox 286 1934 1858 2008">
    <p class='ocr_par' dir='ltr' id='par_1_35' title="bbox 286 1934 1858 2008">
     <span class='ocr_line' id='line_1_35' title="bbox 286 1934 1858 2008; baseline -0.001 -16"><span class='ocrx_word' id='word_1_307' title='bbox 286 1938 494 1992; x_wconf 81' lang='lat' dir='ltr'><strong>Domini</strong></span> <span class='ocrx_word' id='word_1_308' title='bbox 519 1938 575 1991; x_wconf 86' lang='lat' dir='ltr'><strong>in</strong></span> <span class='ocrx_word' id='word_1_309' title='bbox 604 1934 822 2008; x_wconf 89' lang='lat' dir='ltr'><strong>monte.)</strong></span> <span class='ocrx_word' id='word_1_310' title='bbox 846 1934 950 1990; x_wconf 87' lang='lat' dir='ltr'><strong>Sed</strong></span> <span class='ocrx_word' id='word_1_311' title='bbox 978 1942 1157 1989; x_wconf 89' lang='lat' dir='ltr'><strong>tamen</strong></span> <span class='ocrx_word' id='word_1_312' title='bbox 1183 1934 1441 2004; x_wconf 89' lang='lat' dir='ltr'><strong>quoniam</strong></span> <span class='ocrx_word' id='word_1_313' title='bbox 1469 1936 1618 2007; x_wconf 82' lang='lat' dir='ltr'><strong>jurat</strong></span> <span class='ocrx_word' id='word_1_314' title='bbox 1645 1936 1735 2005; x_wconf 87' lang='lat' dir='ltr'><strong>qui</strong></span> <span class='ocrx_word' id='word_1_315' title='bbox 1764 1936 1858 1991; x_wconf 92' lang='lat' dir='ltr'><strong>ad-</strong></span> 
     </span>
    </p>
   </div>
   <div class='ocr_carea' id='block_1_36' title="bbox 282 2026 1858 2097">
    <p class='ocr_par' dir='ltr' id='par_1_36' title="bbox 282 2026 1858 2097">
     <span class='ocr_line' id='line_1_36' title="bbox 282 2026 1858 2097; baseline -0.003 -12"><span class='ocrx_word' id='word_1_316' title='bbox 282 2032 429 2085; x_wconf 84' lang='lat' dir='ltr'><strong>hibet</strong></span> <span class='ocrx_word' id='word_1_317' title='bbox 448 2038 639 2085; x_wconf 86' lang='lat' dir='ltr'><strong>testem</strong></span> <span class='ocrx_word' id='word_1_318' title='bbox 665 2029 854 2091; x_wconf 88' lang='lat' dir='ltr'><strong>Deum,</strong></span> <span class='ocrx_word' id='word_1_319' title='bbox 881 2026 1163 2097; x_wconf 82' lang='lat' dir='ltr'><strong>diligenter</strong></span> <span class='ocrx_word' id='word_1_320' title='bbox 1184 2026 1626 2081; x_wconf 88' lang='lat' dir='ltr'><strong>considerandum</strong></span> <span class='ocrx_word' id='word_1_321' title='bbox 1652 2035 1734 2080; x_wconf 92' lang='lat' dir='ltr'><strong>est</strong></span> <span class='ocrx_word' id='word_1_322' title='bbox 1754 2027 1858 2081; x_wconf 85' lang='lat' dir='ltr'><strong>hoc</strong></span> 
     </span>
    </p>
   </div>
   <div class='ocr_carea' id='block_1_37' title="bbox 281 2116 1858 2190">
    <p class='ocr_par' dir='ltr' id='par_1_37' title="bbox 281 2116 1858 2190">
     <span class='ocr_line' id='line_1_37' title="bbox 281 2116 1858 2190; baseline -0.001 -14"><span class='ocrx_word' id='word_1_323' title='bbox 281 2120 593 2190; x_wconf 86' lang='lat' dir='ltr'><strong>capitulum,</strong></span> <span class='ocrx_word' id='word_1_324' title='bbox 622 2134 691 2173; x_wconf 90' lang='lat' dir='ltr'><strong>ne</strong></span> <span class='ocrx_word' id='word_1_325' title='bbox 722 2126 909 2173; x_wconf 90' lang='lat' dir='ltr'><strong>contra</strong></span> <span class='ocrx_word' id='word_1_326' title='bbox 950 2124 1276 2187; x_wconf 71' lang='lat' dir='ltr'><strong>prazeeptum</strong></span> <span class='ocrx_word' id='word_1_327' title='bbox 1314 2117 1525 2172; x_wconf 88' lang='lat' dir='ltr'><strong>Domini</strong></span> <span class='ocrx_word' id='word_1_328' title='bbox 1572 2116 1858 2186; x_wconf 84' lang='lat' dir='ltr'><strong>Apostolus</strong></span> 
     </span>
    </p>
   </div>
   <div class='ocr_carea' id='block_1_38' title="bbox 282 2205 1851 2277">
    <p class='ocr_par' dir='ltr' id='par_1_38' title="bbox 282 2205 1851 2277">
     <span class='ocr_line' id='line_1_38' title="bbox 282 2205 1851 2277; baseline -0.003 -11"><span class='ocrx_word' id='word_1_329' title='bbox 282 2211 470 2266; x_wconf 81' lang='lat' dir='ltr'><strong>fecisse</strong></span> <span class='ocrx_word' id='word_1_330' title='bbox 488 2210 756 2273; x_wconf 86' lang='lat' dir='ltr'><strong>videatur,</strong></span> <span class='ocrx_word' id='word_1_331' title='bbox 773 2208 865 2277; x_wconf 89' lang='lat' dir='ltr'><strong>qui</strong></span> <span class='ocrx_word' id='word_1_332' title='bbox 878 2223 1018 2277; x_wconf 70' lang='lat' dir='ltr'><strong>saepe</strong></span> <span class='ocrx_word' id='word_1_333' title='bbox 1032 2208 1134 2262; x_wconf 89' lang='lat' dir='ltr'><strong>hoe</strong></span> <span class='ocrx_word' id='word_1_334' title='bbox 1153 2205 1543 2276; x_wconf 87' lang='lat' dir='ltr'><strong>modojuravit,</strong></span> <span class='ocrx_word' id='word_1_335' title='bbox 1559 2222 1680 2261; x_wconf 91' lang='lat' dir='ltr'><strong>cum</strong></span> <span class='ocrx_word' id='word_1_336' title='bbox 1695 2207 1851 2263; x_wconf 86' lang='lat' dir='ltr'><strong>dicit:</strong></span> 
     </span>
    </p>
   </div>
   <div class='ocr_carea' id='block_1_39' title="bbox 283 2297 1858 2368">
    <p class='ocr_par' dir='ltr' id='par_1_39' title="bbox 283 2297 1858 2368">
     <span class='ocr_line' id='line_1_39' title="bbox 283 2297 1858 2368; baseline -0.002 -12"><span class='ocrx_word' id='word_1_337' title='bbox 283 2302 413 2368; x_wconf 71' lang='lat' dir='ltr'><strong>Qum</strong></span> <span class='ocrx_word' id='word_1_338' title='bbox 434 2311 606 2355; x_wconf 88' lang='lat' dir='ltr'><strong>autem</strong></span> <span class='ocrx_word' id='word_1_339' title='bbox 653 2301 822 2355; x_wconf 87' lang='lat' dir='ltr'><strong>scribo</strong></span> <span class='ocrx_word' id='word_1_340' title='bbox 850 2298 988 2354; x_wconf 86' lang='lat' dir='ltr'><strong>vobis</strong></span> <span class='ocrx_word' id='word_1_341' title='bbox 1036 2315 1150 2352; x_wconf 83' lang='lat' dir='ltr'><strong>ecce</strong></span> <span class='ocrx_word' id='word_1_342' title='bbox 1201 2313 1377 2351; x_wconf 88' lang='lat' dir='ltr'><strong>coram</strong></span> <span class='ocrx_word' id='word_1_343' title='bbox 1405 2297 1536 2362; x_wconf 90' lang='lat' dir='ltr'><strong>Deo,</strong></span> <span class='ocrx_word' id='word_1_344' title='bbox 1585 2298 1708 2368; x_wconf 88' lang='lat' dir='ltr'><strong>quia</strong></span> <span class='ocrx_word' id='word_1_345' title='bbox 1754 2314 1858 2353; x_wconf 85' lang='lat' dir='ltr'><strong>non</strong></span> 
     </span>
    </p>
   </div>
   <div class='ocr_carea' id='block_1_40' title="bbox 282 2385 1858 2460">
    <p class='ocr_par' dir='ltr' id='par_1_40' title="bbox 282 2385 1858 2460">
     <span class='ocr_line' id='line_1_40' title="bbox 282 2385 1858 2460; baseline -0.005 -14"><span class='ocrx_word' id='word_1_346' title='bbox 282 2391 502 2446; x_wconf 89' lang='lat' dir='ltr'><strong>mentior</strong></span> <span class='ocrx_word' id='word_1_347' title='bbox 538 2387 679 2460; x_wconf 84' lang='lat' dir='ltr'><strong>(Gal.</strong></span> <span class='ocrx_word' id='word_1_348' title='bbox 704 2391 778 2458; x_wconf 85' lang='lat' dir='ltr'><strong>l);</strong></span> <span class='ocrx_word' id='word_1_349' title='bbox 817 2396 871 2443; x_wconf 88' lang='lat' dir='ltr'><strong>et</strong></span> <span class='ocrx_word' id='word_1_350' title='bbox 916 2389 1147 2443; x_wconf 85' lang='lat' dir='ltr'><strong>iterum:</strong></span> <span class='ocrx_word' id='word_1_351' title='bbox 1180 2386 1318 2442; x_wconf 89' lang='lat' dir='ltr'><strong>Deus</strong></span> <span class='ocrx_word' id='word_1_352' title='bbox 1358 2397 1405 2442; x_wconf 89' lang='lat' dir='ltr'><strong>et</strong></span> <span class='ocrx_word' id='word_1_353' title='bbox 1448 2385 1858 2441; x_wconf 66' lang='lat' dir='ltr'><strong>Pater~Domini</strong></span> 
     </span>
    </p>
   </div>
   <div class='ocr_carea' id='block_1_41' title="bbox 281 2478 1857 2551">
    <p class='ocr_par' dir='ltr' id='par_1_41' title="bbox 281 2478 1857 2551">
     <span class='ocr_line' id='line_1_41' title="bbox 281 2478 1857 2551; baseline -0.003 -14"><span class='ocrx_word' id='word_1_354' title='bbox 281 2485 444 2538; x_wconf 80' lang='lat' dir='ltr'><strong>nostri</strong></span> <span class='ocrx_word' id='word_1_355' title='bbox 469 2482 596 2551; x_wconf 79' lang='lat' dir='ltr'><strong>Jesu</strong></span> <span class='ocrx_word' id='word_1_356' title='bbox 628 2480 844 2546; x_wconf 82' lang='lat' dir='ltr'><strong>Christi,</strong></span> <span class='ocrx_word' id='word_1_357' title='bbox 867 2481 956 2551; x_wconf 86' lang='lat' dir='ltr'><strong>qui</strong></span> <span class='ocrx_word' id='word_1_358' title='bbox 982 2490 1055 2534; x_wconf 91' lang='lat' dir='ltr'><strong>est</strong></span> <span class='ocrx_word' id='word_1_359' title='bbox 1084 2479 1380 2534; x_wconf 83' lang='lat' dir='ltr'><strong>benedictus</strong></span> <span class='ocrx_word' id='word_1_360' title='bbox 1425 2481 1481 2533; x_wconf 91' lang='lat' dir='ltr'><strong>in</strong></span> <span class='ocrx_word' id='word_1_361' title='bbox 1519 2478 1733 2541; x_wconf 73' lang='lat' dir='ltr'><strong>serrula,</strong></span> <span class='ocrx_word' id='word_1_362' title='bbox 1761 2480 1857 2533; x_wconf 87' lang='lat' dir='ltr'><strong>scit</strong></span> 
     </span>
    </p>
   </div>
   <div class='ocr_carea' id='block_1_42' title="bbox 276 2568 1858 2644">
    <p class='ocr_par' dir='ltr' id='par_1_42' title="bbox 276 2568 1858 2644">
     <span class='ocr_line' id='line_1_42' title="bbox 276 2568 1858 2644; baseline -0.002 -17"><span class='ocrx_word' id='word_1_363' title='bbox 276 2575 402 2644; x_wconf 84' lang='lat' dir='ltr'><strong>quia</strong></span> <span class='ocrx_word' id='word_1_364' title='bbox 450 2584 560 2627; x_wconf 81' lang='lat' dir='ltr'><strong>non</strong></span> <span class='ocrx_word' id='word_1_365' title='bbox 607 2571 829 2626; x_wconf 87' lang='lat' dir='ltr'><strong>mentior</strong></span> <span class='ocrx_word' id='word_1_366' title='bbox 867 2570 952 2643; x_wconf 84' lang='grc'><strong>(11</strong></span> <span class='ocrx_word' id='word_1_367' title='bbox 988 2569 1110 2624; x_wconf 88' lang='lat' dir='ltr'><strong>Cor.</strong></span> <span class='ocrx_word' id='word_1_368' title='bbox 1152 2586 1206 2624; x_wconf 79' lang='lat' dir='ltr'><strong>xi</strong></span> <span class='ocrx_word' id='word_1_369' title='bbox 1237 2586 1251 2637; x_wconf 91' lang='lat'><strong>;</strong></span> <span class='ocrx_word' id='word_1_370' title='bbox 1286 2568 1479 2640; x_wconf 80' lang='lat' dir='ltr'><strong>Philip.</strong></span> <span class='ocrx_word' id='word_1_371' title='bbox 1512 2568 1585 2641; x_wconf 79' lang='lat'><strong>1);</strong></span> <span class='ocrx_word' id='word_1_372' title='bbox 1625 2570 1734 2626; x_wconf 87' lang='lat' dir='ltr'><strong>tale</strong></span> <span class='ocrx_word' id='word_1_373' title='bbox 1775 2578 1858 2624; x_wconf 88' lang='lat' dir='ltr'><strong>est</strong></span> 
     </span>
    </p>
   </div>
   <div class='ocr_carea' id='block_1_43' title="bbox 278 2644 1857 2725">
    <p class='ocr_par' dir='ltr' id='par_1_43' title="bbox 278 2644 1857 2725">
     <span class='ocr_line' id='line_1_43' title="bbox 278 2644 1857 2725; baseline -0.003 -5"><span class='ocrx_word' id='word_1_374' title='bbox 278 2666 445 2720; x_wconf 88' lang='lat' dir='ltr'><strong>etiam</strong></span> <span class='ocrx_word' id='word_1_375' title='bbox 480 2664 644 2718; x_wconf 91' lang='lat' dir='ltr'><strong>illud:</strong></span> <span class='ocrx_word' id='word_1_376' title='bbox 678 2661 842 2717; x_wconf 84' lang='lat' dir='ltr'><strong>Testis</strong></span> <span class='ocrx_word' id='word_1_377' title='bbox 879 2661 1015 2717; x_wconf 88' lang='lat' dir='ltr'><strong>enim</strong></span> <span class='ocrx_word' id='word_1_378' title='bbox 1054 2661 1182 2715; x_wconf 88' lang='lat' dir='ltr'><strong>mihi</strong></span> <span class='ocrx_word' id='word_1_379' title='bbox 1202 2670 1276 2715; x_wconf 87' lang='lat' dir='ltr'><strong>est</strong></span> <span class='ocrx_word' id='word_1_380' title='bbox 1317 2660 1480 2725; x_wconf 87' lang='lat' dir='ltr'><strong>Deus,</strong></span> <span class='ocrx_word' id='word_1_381' title='bbox 1506 2644 1592 2714; x_wconf 77' lang='lat' dir='ltr'><strong>cui</strong></span> <span class='ocrx_word' id='word_1_382' title='bbox 1615 2661 1780 2715; x_wconf 84' lang='lat' dir='ltr'><strong>servio</strong></span> <span class='ocrx_word' id='word_1_383' title='bbox 1804 2662 1857 2715; x_wconf 88' lang='lat' dir='ltr'><strong>in</strong></span> 
     </span>
    </p>
   </div>
   <div class='ocr_carea' id='block_1_44' title="bbox 275 2749 1860 2825">
    <p class='ocr_par' dir='ltr' id='par_1_44' title="bbox 275 2749 1860 2825">
     <span class='ocr_line' id='line_1_44' title="bbox 275 2749 1860 2825; baseline -0.003 -17"><span class='ocrx_word' id='word_1_384' title='bbox 275 2756 464 2825; x_wconf 82' lang='lat' dir='ltr'><strong>spiritu</strong></span> <span class='ocrx_word' id='word_1_385' title='bbox 483 2770 595 2808; x_wconf 89' lang='lat' dir='ltr'><strong>meo</strong></span> <span class='ocrx_word' id='word_1_386' title='bbox 609 2754 662 2807; x_wconf 88' lang='lat' dir='ltr'><strong>in</strong></span> <span class='ocrx_word' id='word_1_387' title='bbox 687 2751 966 2823; x_wconf 87' lang='lat' dir='ltr'><strong>Evangelia</strong></span> <span class='ocrx_word' id='word_1_388' title='bbox 987 2749 1115 2804; x_wconf 83' lang='lat' dir='ltr'><strong>Filii</strong></span> <span class='ocrx_word' id='word_1_389' title='bbox 1136 2751 1273 2821; x_wconf 79' lang='lat' dir='ltr'><strong>ejus,</strong></span> <span class='ocrx_word' id='word_1_390' title='bbox 1293 2750 1551 2821; x_wconf 87' lang='lat' dir='ltr'><strong>quomodo</strong></span> <span class='ocrx_word' id='word_1_391' title='bbox 1573 2751 1682 2804; x_wconf 89' lang='lat' dir='ltr'><strong>sine</strong></span> <span class='ocrx_word' id='word_1_392' title='bbox 1701 2750 1860 2805; x_wconf 87' lang='lat' dir='ltr'><strong>inter-</strong></span> 
     </span>
    </p>
   </div>
   <div class='ocr_carea' id='block_1_45' title="bbox 278 2839 1857 2917">
    <p class='ocr_par' dir='ltr' id='par_1_45' title="bbox 278 2839 1857 2917">
     <span class='ocr_line' id='line_1_45' title="bbox 278 2839 1857 2917; baseline -0.004 -17"><span class='ocrx_word' id='word_1_393' title='bbox 278 2845 521 2917; x_wconf 82' lang='lat' dir='ltr'><strong>missione</strong></span> <span class='ocrx_word' id='word_1_394' title='bbox 546 2843 850 2897; x_wconf 88' lang='lat' dir='ltr'><strong>memoriam</strong></span> <span class='ocrx_word' id='word_1_395' title='bbox 880 2841 1035 2895; x_wconf 85' lang='lat' dir='ltr'><strong>vestri</strong></span> <span class='ocrx_word' id='word_1_396' title='bbox 1068 2841 1206 2911; x_wconf 81' lang='lat' dir='ltr'><strong>facio</strong></span> <span class='ocrx_word' id='word_1_397' title='bbox 1236 2857 1435 2908; x_wconf 88' lang='lat' dir='ltr'><strong>semper</strong></span> <span class='ocrx_word' id='word_1_398' title='bbox 1461 2840 1512 2892; x_wconf 86' lang='lat' dir='ltr'><strong>in</strong></span> <span class='ocrx_word' id='word_1_399' title='bbox 1538 2839 1857 2894; x_wconf 83' lang='lat' dir='ltr'><strong>orationibus</strong></span> 
     </span>
    </p>
   </div>
   <div class='ocr_carea' id='block_1_46' title="bbox 277 2929 1859 3002">
    <p class='ocr_par' dir='ltr' id='par_1_46' title="bbox 277 2929 1859 3002">
     <span class='ocr_line' id='line_1_46' title="bbox 277 2929 1859 3002; baseline -0.004 -13"><span class='ocrx_word' id='word_1_400' title='bbox 277 2936 444 2999; x_wconf 85' lang='lat' dir='ltr'><strong>meis;</strong></span> <span class='ocrx_word' id='word_1_401' title='bbox 466 2934 569 2988; x_wconf 88' lang='lat' dir='ltr'><strong>nisi</strong></span> <span class='ocrx_word' id='word_1_402' title='bbox 592 2933 733 2988; x_wconf 84' lang='lat' dir='ltr'><strong>forte</strong></span> <span class='ocrx_word' id='word_1_403' title='bbox 770 2933 889 3002; x_wconf 89' lang='lat' dir='ltr'><strong>qui&#39;s</strong></span> <span class='ocrx_word' id='word_1_404' title='bbox 915 2931 1060 2986; x_wconf 87' lang='lat' dir='ltr'><strong>dicat</strong></span> <span class='ocrx_word' id='word_1_405' title='bbox 1093 2940 1219 2985; x_wconf 89' lang='lat' dir='ltr'><strong>tunc</strong></span> <span class='ocrx_word' id='word_1_406' title='bbox 1248 2930 1548 2985; x_wconf 86' lang='lat' dir='ltr'><strong>habendam</strong></span> <span class='ocrx_word' id='word_1_407' title='bbox 1573 2945 1691 2985; x_wconf 88' lang='lat' dir='ltr'><strong>esse</strong></span> <span class='ocrx_word' id='word_1_408' title='bbox 1708 2929 1859 3000; x_wconf 86' lang='lat' dir='ltr'><strong>jura-</strong></span> 
     </span>
    </p>
   </div>
   <div class='ocr_carea' id='block_1_47' title="bbox 278 3018 1854 3093">
    <p class='ocr_par' dir='ltr' id='par_1_47' title="bbox 278 3018 1854 3093">
     <span class='ocr_line' id='line_1_47' title="bbox 278 3018 1854 3093; baseline -0.005 -12"><span class='ocrx_word' id='word_1_409' title='bbox 278 3027 501 3089; x_wconf 91' lang='lat' dir='ltr'><strong>tionem,</strong></span> <span class='ocrx_word' id='word_1_410' title='bbox 531 3038 652 3077; x_wconf 90' lang='lat' dir='ltr'><strong>cum</strong></span> <span class='ocrx_word' id='word_1_411' title='bbox 683 3037 779 3093; x_wconf 80' lang='lat' dir='ltr'><strong>per</strong></span> <span class='ocrx_word' id='word_1_412' title='bbox 827 3021 1029 3090; x_wconf 87' lang='lat' dir='ltr'><strong>aliquid</strong></span> <span class='ocrx_word' id='word_1_413' title='bbox 1060 3020 1277 3084; x_wconf 86' lang='lat' dir='ltr'><strong>dicitur,</strong></span> <span class='ocrx_word' id='word_1_414' title='bbox 1316 3034 1414 3089; x_wconf 91' lang='lat' dir='ltr'><strong>per</strong></span> <span class='ocrx_word' id='word_1_415' title='bbox 1446 3020 1589 3089; x_wconf 90' lang='lat' dir='ltr'><strong>quod</strong></span> <span class='ocrx_word' id='word_1_416' title='bbox 1624 3018 1854 3088; x_wconf 76' lang='lat' dir='ltr'><strong>iuratur,</strong></span> 
     </span>
    </p>
   </div>
   <div class='ocr_carea' id='block_1_48' title="bbox 276 3087 1931 3185">
    <p class='ocr_par' dir='ltr' id='par_1_48' title="bbox 276 3087 1931 3185">
     <span class='ocr_line' id='line_1_48' title="bbox 276 3087 1931 3185; baseline -0.004 -13"><span class='ocrx_word' id='word_1_417' title='bbox 276 3126 340 3172; x_wconf 86' lang='lat' dir='ltr'><strong>ut</strong></span> <span class='ocrx_word' id='word_1_418' title='bbox 362 3132 468 3173; x_wconf 90' lang='lat' dir='ltr'><strong>non</strong></span> <span class='ocrx_word' id='word_1_419' title='bbox 485 3087 766 3185; x_wconf 71' lang='lat' dir='ltr'><strong>iuraverit,</strong></span> <span class='ocrx_word' id='word_1_420' title='bbox 799 3087 934 3183; x_wconf 72' lang='lat' dir='ltr'><strong>quia</strong></span> <span class='ocrx_word' id='word_1_421' title='bbox 955 3126 1062 3167; x_wconf 90' lang='lat' dir='ltr'><strong>non</strong></span> <span class='ocrx_word' id='word_1_422' title='bbox 1083 3111 1219 3165; x_wconf 78' lang='lat' dir='ltr'><strong>dixit</strong></span> <span class='ocrx_word' id='word_1_423' title='bbox 1248 3087 1343 3181; x_wconf 77' lang='lat' dir='ltr'><strong>per</strong></span> <span class='ocrx_word' id='word_1_424' title='bbox 1369 3087 1557 3176; x_wconf 86' lang='lat' dir='ltr'><strong>Deum,</strong></span> <span class='ocrx_word' id='word_1_425' title='bbox 1583 3087 1675 3166; x_wconf 87' lang='lat' dir='ltr'><strong>sed</strong></span> <span class='ocrx_word' id='word_1_426' title='bbox 1698 3111 1855 3177; x_wconf 84' lang='lat' dir='ltr'><strong>dixit,</strong></span> <span class='ocrx_word' id='word_1_427' title='bbox 1885 3087 1931 3149; x_wconf 82' lang='lat' dir='ltr'>C</span> 
     </span>
    </p>
   </div>
   <div class='ocr_carea' id='block_1_49' title="bbox 282 3202 1855 3272">
    <p class='ocr_par' dir='ltr' id='par_1_49' title="bbox 282 3202 1855 3272">
     <span class='ocr_line' id='line_1_49' title="bbox 282 3202 1855 3272; baseline -0.004 -9"><span class='ocrx_word' id='word_1_428' title='bbox 282 3208 448 3263; x_wconf 83' lang='lat' dir='ltr'><strong>Testis</strong></span> <span class='ocrx_word' id='word_1_429' title='bbox 488 3218 562 3262; x_wconf 87' lang='lat' dir='ltr'><strong>est</strong></span> <span class='ocrx_word' id='word_1_430' title='bbox 599 3205 764 3261; x_wconf 89' lang='lat' dir='ltr'><strong>Deus.</strong></span> <span class='ocrx_word' id='word_1_431' title='bbox 815 3202 1121 3259; x_wconf 83' lang='lat' dir='ltr'><strong>Ridiculum</strong></span> <span class='ocrx_word' id='word_1_432' title='bbox 1149 3210 1230 3257; x_wconf 82' lang='lat' dir='ltr'><strong>est</strong></span> <span class='ocrx_word' id='word_1_433' title='bbox 1271 3202 1372 3257; x_wconf 89' lang='lat' dir='ltr'><strong>hoc</strong></span> <span class='ocrx_word' id='word_1_434' title='bbox 1415 3210 1643 3272; x_wconf 89' lang='lat' dir='ltr'><strong>putare;</strong></span> <span class='ocrx_word' id='word_1_435' title='bbox 1675 3212 1855 3257; x_wconf 88' lang='lat' dir='ltr'><strong>tamen</strong></span> 
     </span>
    </p>
   </div>
   <div class='ocr_carea' id='block_1_50' title="bbox 276 3292 1860 3371">
    <p class='ocr_par' dir='ltr' id='par_1_50' title="bbox 276 3292 1860 3371">
     <span class='ocr_line' id='line_1_50' title="bbox 276 3292 1860 3371; baseline -0.004 -17"><span class='ocrx_word' id='word_1_436' title='bbox 276 3307 498 3371; x_wconf 87' lang='lat' dir='ltr'><strong>propter</strong></span> <span class='ocrx_word' id='word_1_437' title='bbox 539 3295 904 3353; x_wconf 90' lang='lat' dir='ltr'><strong>contentiosos</strong></span> <span class='ocrx_word' id='word_1_438' title='bbox 943 3301 1037 3348; x_wconf 88' lang='lat' dir='ltr'><strong>aut</strong></span> <span class='ocrx_word' id='word_1_439' title='bbox 1077 3292 1302 3347; x_wconf 89' lang='lat' dir='ltr'><strong>multum</strong></span> <span class='ocrx_word' id='word_1_440' title='bbox 1349 3294 1633 3359; x_wconf 85' lang='lat' dir='ltr'><strong>tardiores,</strong></span> <span class='ocrx_word' id='word_1_441' title='bbox 1660 3308 1730 3349; x_wconf 89' lang='lat' dir='ltr'><strong>ne</strong></span> <span class='ocrx_word' id='word_1_442' title='bbox 1760 3293 1860 3347; x_wconf 89' lang='lat' dir='ltr'><strong>ali-</strong></span> 
     </span>
    </p>
   </div>
   <div class='ocr_carea' id='block_1_51' title="bbox 280 3383 1860 3461">
    <p class='ocr_par' dir='ltr' id='par_1_51' title="bbox 280 3383 1860 3461">
     <span class='ocr_line' id='line_1_51' title="bbox 280 3383 1860 3461; baseline -0.004 -15"><span class='ocrx_word' id='word_1_443' title='bbox 280 3392 410 3461; x_wconf 90' lang='lat' dir='ltr'><strong>quid</strong></span> <span class='ocrx_word' id='word_1_444' title='bbox 470 3391 731 3445; x_wconf 81' lang='lat' dir='ltr'><strong>interesse</strong></span> <span class='ocrx_word' id='word_1_445' title='bbox 774 3385 897 3458; x_wconf 90' lang='lat' dir='ltr'><strong>quis</strong></span> <span class='ocrx_word' id='word_1_446' title='bbox 942 3392 1117 3455; x_wconf 90' lang='lat' dir='ltr'><strong>putet,</strong></span> <span class='ocrx_word' id='word_1_447' title='bbox 1163 3384 1302 3439; x_wconf 86' lang='lat' dir='ltr'><strong>sciat</strong></span> <span class='ocrx_word' id='word_1_448' title='bbox 1346 3383 1510 3439; x_wconf 91' lang='lat' dir='ltr'><strong>etiam</strong></span> <span class='ocrx_word' id='word_1_449' title='bbox 1559 3384 1663 3439; x_wconf 91' lang='lat' dir='ltr'><strong>hoc</strong></span> <span class='ocrx_word' id='word_1_450' title='bbox 1700 3384 1860 3439; x_wconf 87' lang='lat' dir='ltr'><strong>modo</strong></span> 
     </span>
    </p>
   </div>
   <div class='ocr_carea' id='block_1_52' title="bbox 271 3472 1861 3553">
    <p class='ocr_par' dir='ltr' id='par_1_52' title="bbox 271 3472 1861 3553">
     <span class='ocr_line' id='line_1_52' title="bbox 271 3472 1861 3553; baseline -0.006 -17"><span class='ocrx_word' id='word_1_451' title='bbox 271 3481 461 3553; x_wconf 67' lang='lat' dir='ltr'><strong>iurare</strong></span> <span class='ocrx_word' id='word_1_452' title='bbox 490 3478 800 3549; x_wconf 83' lang='lat' dir='ltr'><strong>Apostolum</strong></span> <span class='ocrx_word' id='word_1_453' title='bbox 830 3476 1119 3539; x_wconf 82' lang='lat' dir='ltr'><strong>dicentem,</strong></span> <span class='ocrx_word' id='word_1_454' title='bbox 1153 3472 1398 3540; x_wconf 84' lang='lat' dir='ltr'><strong>Quotidie</strong></span> <span class='ocrx_word' id='word_1_455' title='bbox 1429 3474 1626 3549; x_wconf 84' lang='lat' dir='ltr'><strong>morior</strong></span> <span class='ocrx_word' id='word_1_456' title='bbox 1660 3490 1752 3543; x_wconf 88' lang='lat' dir='ltr'><strong>per</strong></span> <span class='ocrx_word' id='word_1_457' title='bbox 1775 3490 1861 3528; x_wconf 81' lang='lat' dir='ltr'><strong>ve-</strong></span> 
     </span>
    </p>
   </div>
   <div class='ocr_carea' id='block_1_53' title="bbox 278 3563 1861 3641">
    <p class='ocr_par' dir='ltr' id='par_1_53' title="bbox 278 3563 1861 3641">
     <span class='ocr_line' id='line_1_53' title="bbox 278 3563 1861 3641; baseline -0.005 -14"><span class='ocrx_word' id='word_1_458' title='bbox 278 3583 443 3627; x_wconf 86' lang='lat' dir='ltr'><strong>stram</strong></span> <span class='ocrx_word' id='word_1_459' title='bbox 484 3570 705 3641; x_wconf 88' lang='lat' dir='ltr'><strong>gloriam</strong></span> <span class='ocrx_word' id='word_1_460' title='bbox 736 3568 794 3639; x_wconf 86' lang='grc'><strong>(1</strong></span> <span class='ocrx_word' id='word_1_461' title='bbox 826 3567 947 3639; x_wconf 85' lang='lat' dir='ltr'><strong>Cor.</strong></span> <span class='ocrx_word' id='word_1_462' title='bbox 972 3564 1098 3636; x_wconf 83' lang='lat' dir='ltr'><strong>xv).</strong></span> <span class='ocrx_word' id='word_1_463' title='bbox 1130 3565 1467 3634; x_wconf 89' lang='lat' dir='ltr'><strong>Quapropter</strong></span> <span class='ocrx_word' id='word_1_464' title='bbox 1492 3564 1584 3633; x_wconf 90' lang='lat' dir='ltr'><strong>qui</strong></span> <span class='ocrx_word' id='word_1_465' title='bbox 1613 3563 1861 3635; x_wconf 73' lang='lat' dir='ltr'><strong>intelligit</strong></span> 
     </span>
    </p>
   </div>
   <div class='ocr_carea' id='block_1_54' title="bbox 280 3652 1859 3723">
    <p class='ocr_par' dir='ltr' id='par_1_54' title="bbox 280 3652 1859 3723">
     <span class='ocr_line' id='line_1_54' title="bbox 280 3652 1859 3723; baseline -0.006 -7"><span class='ocrx_word' id='word_1_466' title='bbox 280 3677 388 3716; x_wconf 86' lang='lat' dir='ltr'><strong>non</strong></span> <span class='ocrx_word' id='word_1_467' title='bbox 423 3660 475 3713; x_wconf 90' lang='lat' dir='ltr'><strong>in</strong></span> <span class='ocrx_word' id='word_1_468' title='bbox 514 3660 701 3722; x_wconf 78' lang='lat' dir='ltr'><strong>bonis,</strong></span> <span class='ocrx_word' id='word_1_469' title='bbox 722 3657 813 3711; x_wconf 87' lang='lat' dir='ltr'><strong>sed</strong></span> <span class='ocrx_word' id='word_1_470' title='bbox 846 3656 898 3710; x_wconf 89' lang='lat' dir='ltr'><strong>in</strong></span> <span class='ocrx_word' id='word_1_471' title='bbox 937 3654 1256 3710; x_wconf 85' lang='lat' dir='ltr'><strong>necessariis</strong></span> <span class='ocrx_word' id='word_1_472' title='bbox 1287 3652 1612 3723; x_wconf 71' lang='lat' dir='ltr'><strong>iurationem</strong></span> <span class='ocrx_word' id='word_1_473' title='bbox 1653 3654 1859 3709; x_wconf 88' lang='lat' dir='ltr'><strong>haben-</strong></span> 
     </span>
    </p>
   </div>
   <div class='ocr_carea' id='block_1_55' title="bbox 280 3747 1860 3814">
    <p class='ocr_par' dir='ltr' id='par_1_55' title="bbox 280 3747 1860 3814">
     <span class='ocr_line' id='line_1_55' title="bbox 280 3747 1860 3814; baseline -0.004 -10"><span class='ocrx_word' id='word_1_474' title='bbox 280 3752 429 3813; x_wconf 87' lang='lat' dir='ltr'><strong>dam,</strong></span> <span class='ocrx_word' id='word_1_475' title='bbox 458 3747 691 3803; x_wconf 80' lang='lat' dir='ltr'><strong>refrenet</strong></span> <span class='ocrx_word' id='word_1_476' title='bbox 729 3762 787 3801; x_wconf 89' lang='lat' dir='ltr'><strong>se</strong></span> <span class='ocrx_word' id='word_1_477' title='bbox 815 3753 1073 3814; x_wconf 87' lang='lat' dir='ltr'><strong>quantum</strong></span> <span class='ocrx_word' id='word_1_478' title='bbox 1104 3752 1303 3813; x_wconf 88' lang='lat' dir='ltr'><strong>potest,</strong></span> <span class='ocrx_word' id='word_1_479' title='bbox 1334 3752 1392 3796; x_wconf 93' lang='lat' dir='ltr'><strong>ut</strong></span> <span class='ocrx_word' id='word_1_480' title='bbox 1420 3759 1527 3798; x_wconf 92' lang='lat' dir='ltr'><strong>non</strong></span> <span class='ocrx_word' id='word_1_481' title='bbox 1556 3759 1619 3799; x_wconf 88' lang='lat' dir='ltr'><strong>ea</strong></span> <span class='ocrx_word' id='word_1_482' title='bbox 1655 3751 1860 3810; x_wconf 87' lang='lat' dir='ltr'><strong>utatur,</strong></span> 
     </span>
    </p>
   </div>
   <div class='ocr_carea' id='block_1_56' title="bbox 281 3836 1862 3907">
    <p class='ocr_par' dir='ltr' id='par_1_56' title="bbox 281 3836 1862 3907">
     <span class='ocr_line' id='line_1_56' title="bbox 281 3836 1862 3907; baseline -0.004 -10"><span class='ocrx_word' id='word_1_483' title='bbox 281 3838 389 3897; x_wconf 87' lang='lat' dir='ltr'><strong>nisi</strong></span> <span class='ocrx_word' id='word_1_484' title='bbox 414 3839 756 3903; x_wconf 86' lang='lat' dir='ltr'><strong>necessitate,</strong></span> <span class='ocrx_word' id='word_1_485' title='bbox 801 3853 921 3892; x_wconf 86' lang='lat' dir='ltr'><strong>cum</strong></span> <span class='ocrx_word' id='word_1_486' title='bbox 957 3837 1102 3891; x_wconf 84' lang='lat' dir='ltr'><strong>videt</strong></span> <span class='ocrx_word' id='word_1_487' title='bbox 1137 3837 1320 3907; x_wconf 86' lang='lat' dir='ltr'><strong>pigros</strong></span> <span class='ocrx_word' id='word_1_488' title='bbox 1366 3851 1487 3891; x_wconf 85' lang='lat' dir='ltr'><strong>esse</strong></span> <span class='ocrx_word' id='word_1_489' title='bbox 1519 3836 1767 3891; x_wconf 88' lang='lat' dir='ltr'><strong>homines</strong></span> <span class='ocrx_word' id='word_1_490' title='bbox 1795 3838 1862 3891; x_wconf 88' lang='lat' dir='ltr'><strong>ad</strong></span> 
     </span>
    </p>
   </div>
   <div class='ocr_carea' id='block_1_57' title="bbox 280 3920 1864 4000">
    <p class='ocr_par' dir='ltr' id='par_1_57' title="bbox 280 3920 1864 4000">
     <span class='ocr_line' id='line_1_57' title="bbox 280 3920 1864 4000; baseline -0.004 -11"><span class='ocrx_word' id='word_1_491' title='bbox 280 3920 613 3989; x_wconf 82' lang='lat' dir='ltr'><strong>credendum</strong></span> <span class='ocrx_word' id='word_1_492' title='bbox 650 3930 791 4000; x_wconf 91' lang='lat' dir='ltr'><strong>quod</strong></span> <span class='ocrx_word' id='word_1_493' title='bbox 817 3929 896 3984; x_wconf 88' lang='lat' dir='ltr'><strong>eis</strong></span> <span class='ocrx_word' id='word_1_494' title='bbox 936 3929 1065 3983; x_wconf 88' lang='lat' dir='ltr'><strong>utile</strong></span> <span class='ocrx_word' id='word_1_495' title='bbox 1091 3937 1174 3983; x_wconf 92' lang='lat' dir='ltr'><strong>est</strong></span> <span class='ocrx_word' id='word_1_496' title='bbox 1198 3930 1441 3993; x_wconf 88' lang='lat' dir='ltr'><strong>credere,</strong></span> <span class='ocrx_word' id='word_1_497' title='bbox 1467 3928 1567 3982; x_wconf 89' lang='lat' dir='ltr'><strong>nisi</strong></span> <span class='ocrx_word' id='word_1_498' title='bbox 1591 3926 1864 3995; x_wconf 89' lang='lat' dir='ltr'><strong>juratione</strong></span> 
     </span>
    </p>
   </div>
   <div class='ocr_carea' id='block_1_58' title="bbox 283 4019 1858 4090">
    <p class='ocr_par' dir='ltr' id='par_1_58' title="bbox 283 4019 1858 4090">
     <span class='ocr_line' id='line_1_58' title="bbox 283 4019 1858 4090; baseline -0.005 -11"><span class='ocrx_word' id='word_1_499' title='bbox 283 4026 588 4080; x_wconf 75' lang='lat' dir='ltr'><strong>ﬁrmentur.</strong></span> <span class='ocrx_word' id='word_1_500' title='bbox 620 4023 701 4078; x_wconf 75' lang='lat' dir='ltr'><strong>Ad</strong></span> <span class='ocrx_word' id='word_1_501' title='bbox 732 4024 833 4078; x_wconf 92' lang='lat' dir='ltr'><strong>hoc</strong></span> <span class='ocrx_word' id='word_1_502' title='bbox 868 4022 1048 4090; x_wconf 85' lang='lat' dir='ltr'><strong>itaque</strong></span> <span class='ocrx_word' id='word_1_503' title='bbox 1082 4020 1317 4090; x_wconf 88' lang='lat' dir='ltr'><strong>pertinet</strong></span> <span class='ocrx_word' id='word_1_504' title='bbox 1341 4019 1481 4089; x_wconf 81' lang='lat' dir='ltr'><strong>quod</strong></span> <span class='ocrx_word' id='word_1_505' title='bbox 1516 4019 1595 4074; x_wconf 88' lang='lat' dir='ltr'><strong>sic</strong></span> <span class='ocrx_word' id='word_1_506' title='bbox 1633 4019 1858 4073; x_wconf 88' lang='lat' dir='ltr'><strong>dicitur:</strong></span> 
     </span>
    </p>
   </div>
   <div class='ocr_carea' id='block_1_59' title="bbox 281 4110 1864 4193">
    <p class='ocr_par' dir='ltr' id='par_1_59' title="bbox 281 4110 1864 4193">
     <span class='ocr_line' id='line_1_59' title="bbox 281 4110 1864 4193; baseline -0.006 -23"><span class='ocrx_word' id='word_1_507' title='bbox 281 4115 559 4193; x_wconf 41' lang='lat' dir='ltr'><strong>Sigautem</strong></span> <span class='ocrx_word' id='word_1_508' title='bbox 582 4129 750 4167; x_wconf 88' lang='lat' dir='ltr'><strong>sermo</strong></span> <span class='ocrx_word' id='word_1_509' title='bbox 767 4123 947 4176; x_wconf 87' lang='lat' dir='ltr'><strong>vester,</strong></span> <span class='ocrx_word' id='word_1_510' title='bbox 970 4120 1068 4173; x_wconf 87' lang='lat' dir='ltr'><strong>est,</strong></span> <span class='ocrx_word' id='word_1_511' title='bbox 1092 4121 1198 4175; x_wconf 89' lang='lat' dir='ltr'><strong>est;</strong></span> <span class='ocrx_word' id='word_1_512' title='bbox 1228 4126 1352 4173; x_wconf 86' lang='lat' dir='ltr'><strong>non,</strong></span> <span class='ocrx_word' id='word_1_513' title='bbox 1379 4126 1478 4163; x_wconf 88' lang='lat' dir='ltr'><strong>non</strong></span> <span class='ocrx_word' id='word_1_514' title='bbox 1503 4124 1518 4160; x_wconf 90' lang='lat'><strong><em>:</em></strong></span> <span class='ocrx_word' id='word_1_515' title='bbox 1544 4110 1645 4163; x_wconf 91' lang='lat' dir='ltr'><strong>hoc</strong></span> <span class='ocrx_word' id='word_1_516' title='bbox 1666 4110 1864 4163; x_wconf 90' lang='lat' dir='ltr'><strong>bonum</strong></span> 
     </span>
    </p>
   </div>
   <div class='ocr_carea' id='block_1_60' title="bbox 279 4196 1865 4275">
    <p class='ocr_par' dir='ltr' id='par_1_60' title="bbox 279 4196 1865 4275">
     <span class='ocr_line' id='line_1_60' title="bbox 279 4196 1865 4275; baseline -0.008 -13"><span class='ocrx_word' id='word_1_517' title='bbox 279 4215 367 4262; x_wconf 85' lang='lat' dir='ltr'><strong>est</strong></span> <span class='ocrx_word' id='word_1_518' title='bbox 394 4214 449 4261; x_wconf 89' lang='lat' dir='ltr'><strong>et</strong></span> <span class='ocrx_word' id='word_1_519' title='bbox 477 4203 862 4275; x_wconf 87' lang='lat' dir='ltr'><strong>appetendum:</strong></span> <span class='ocrx_word' id='word_1_520' title='bbox 899 4200 1035 4272; x_wconf 87' lang='lat' dir='ltr'><strong>quod</strong></span> <span class='ocrx_word' id='word_1_521' title='bbox 1068 4211 1240 4254; x_wconf 87' lang='lat' dir='ltr'><strong>autem</strong></span> <span class='ocrx_word' id='word_1_522' title='bbox 1267 4198 1491 4269; x_wconf 86' lang='lat' dir='ltr'><strong>amplius</strong></span> <span class='ocrx_word' id='word_1_523' title='bbox 1524 4209 1622 4262; x_wconf 87' lang='lat' dir='ltr'><strong>est,</strong></span> <span class='ocrx_word' id='word_1_524' title='bbox 1653 4216 1684 4252; x_wconf 93' lang='lat' dir='ltr'><strong>a</strong></span> <span class='ocrx_word' id='word_1_525' title='bbox 1726 4196 1865 4265; x_wconf 79' lang='lat' dir='ltr'><strong>malo</strong></span> 
     </span>
    </p>
   </div>
   <div class='ocr_carea' id='block_1_61' title="bbox 279 4289 1865 4366">
    <p class='ocr_par' dir='ltr' id='par_1_61' title="bbox 279 4289 1865 4366">
     <span class='ocr_line' id='line_1_61' title="bbox 279 4289 1865 4366; baseline -0.006 -15"><span class='ocrx_word' id='word_1_526' title='bbox 279 4309 357 4353; x_wconf 77' lang='lat' dir='ltr'><strong>est</strong></span> <span class='ocrx_word' id='word_1_527' title='bbox 383 4296 595 4362; x_wconf 82' lang='lat' dir='ltr'><strong>(Matth.</strong></span> <span class='ocrx_word' id='word_1_528' title='bbox 618 4295 692 4365; x_wconf 87' lang='lat' dir='ltr'><strong>v).</strong></span> <span class='ocrx_word' id='word_1_529' title='bbox 726 4295 784 4351; x_wconf 87' lang='lat' dir='ltr'><strong>Si</strong></span> <span class='ocrx_word' id='word_1_530' title='bbox 802 4292 988 4366; x_wconf 74' lang='lat' dir='ltr'><strong>iurare</strong></span> <span class='ocrx_word' id='word_1_531' title='bbox 1008 4293 1234 4361; x_wconf 79' lang='lat' dir='ltr'><strong>cogeris,</strong></span> <span class='ocrx_word' id='word_1_532' title='bbox 1270 4293 1409 4345; x_wconf 72' lang='lat' dir='ltr'><strong>scias</strong></span> <span class='ocrx_word' id='word_1_533' title='bbox 1437 4292 1502 4344; x_wconf 91' lang='lat' dir='ltr'><strong>de</strong></span> <span class='ocrx_word' id='word_1_534' title='bbox 1547 4289 1865 4344; x_wconf 84' lang='lat' dir='ltr'><strong>necessitate</strong></span> 
     </span>
    </p>
   </div>
   <div class='ocr_carea' id='block_1_62' title="bbox 280 4381 1861 4453">
    <p class='ocr_par' dir='ltr' id='par_1_62' title="bbox 280 4381 1861 4453">
     <span class='ocr_line' id='line_1_62' title="bbox 280 4381 1861 4453; baseline -0.005 -10"><span class='ocrx_word' id='word_1_535' title='bbox 280 4391 469 4445; x_wconf 80' lang='lat' dir='ltr'><strong>venire</strong></span> <span class='ocrx_word' id='word_1_536' title='bbox 499 4387 827 4443; x_wconf 87' lang='lat' dir='ltr'><strong>inﬁrmitatis</strong></span> <span class='ocrx_word' id='word_1_537' title='bbox 853 4401 1057 4447; x_wconf 88' lang='lat' dir='ltr'><strong>eorum,</strong></span> <span class='ocrx_word' id='word_1_538' title='bbox 1108 4384 1301 4453; x_wconf 64' lang='lat' dir='ltr'><strong>quibus</strong></span> <span class='ocrx_word' id='word_1_539' title='bbox 1343 4381 1541 4452; x_wconf 85' lang='lat' dir='ltr'><strong>aliquid</strong></span> <span class='ocrx_word' id='word_1_540' title='bbox 1570 4382 1824 4436; x_wconf 86' lang='lat' dir='ltr'><strong>suadetur</strong></span> <span class='ocrx_word' id='word_1_541' title='bbox 1849 4401 1861 4435; x_wconf 91' lang='lat'><strong>:</strong></span> 
     </span>
    </p>
   </div>
   <div class='ocr_carea' id='block_1_63' title="bbox 281 4474 1864 4554">
    <p class='ocr_par' dir='ltr' id='par_1_63' title="bbox 281 4474 1864 4554">
     <span class='ocr_line' id='line_1_63' title="bbox 281 4474 1864 4554; baseline -0.005 -15"><span class='ocrx_word' id='word_1_542' title='bbox 281 4501 406 4554; x_wconf 68' lang='lat' dir='ltr'><strong>qua:</strong></span> <span class='ocrx_word' id='word_1_543' title='bbox 428 4483 715 4537; x_wconf 88' lang='lat' dir='ltr'><strong>inﬁrmitas</strong></span> <span class='ocrx_word' id='word_1_544' title='bbox 748 4480 929 4550; x_wconf 87' lang='lat' dir='ltr'><strong>utique</strong></span> <span class='ocrx_word' id='word_1_545' title='bbox 958 4478 1157 4533; x_wconf 87' lang='lat' dir='ltr'><strong>malum</strong></span> <span class='ocrx_word' id='word_1_546' title='bbox 1187 4488 1289 4544; x_wconf 87' lang='lat' dir='ltr'><strong>est,</strong></span> <span class='ocrx_word' id='word_1_547' title='bbox 1322 4475 1461 4531; x_wconf 86' lang='lat' dir='ltr'><strong>unde</strong></span> <span class='ocrx_word' id='word_1_548' title='bbox 1499 4492 1598 4532; x_wconf 86' lang='lat' dir='ltr'><strong>nos</strong></span> <span class='ocrx_word' id='word_1_549' title='bbox 1624 4474 1864 4545; x_wconf 83' lang='lat' dir='ltr'><strong>quotidie</strong></span> 
     </span>
    </p>
   </div>
   <div class='ocr_carea' id='block_1_64' title="bbox 283 4566 1861 4642">
    <p class='ocr_par' dir='ltr' id='par_1_64' title="bbox 283 4566 1861 4642">
     <span class='ocr_line' id='line_1_64' title="bbox 283 4566 1861 4642; baseline -0.006 -13"><span class='ocrx_word' id='word_1_550' title='bbox 283 4574 503 4630; x_wconf 87' lang='lat' dir='ltr'><strong>liberari</strong></span> <span class='ocrx_word' id='word_1_551' title='bbox 527 4576 904 4642; x_wconf 84' lang='lat' dir='ltr'><strong>deprecamur,</strong></span> <span class='ocrx_word' id='word_1_552' title='bbox 928 4588 1049 4628; x_wconf 91' lang='lat' dir='ltr'><strong>cum</strong></span> <span class='ocrx_word' id='word_1_553' title='bbox 1072 4566 1506 4634; x_wconf 50' lang='lat' dir='ltr'><strong>dicimus,&#39;libera</strong></span> <span class='ocrx_word' id='word_1_554' title='bbox 1533 4586 1624 4623; x_wconf 86' lang='lat' dir='ltr'><strong>nos</strong></span> <span class='ocrx_word' id='word_1_555' title='bbox 1651 4587 1682 4622; x_wconf 89' lang='lat' dir='ltr'><strong>a</strong></span> <span class='ocrx_word' id='word_1_556' title='bbox 1703 4566 1861 4623; x_wconf 87' lang='lat' dir='ltr'><strong>malo.</strong></span> 
     </span>
    </p>
   </div>
   <div class='ocr_carea' id='block_1_65' title="bbox 281 4662 1863 4737">
    <p class='ocr_par' dir='ltr' id='par_1_65' title="bbox 281 4662 1863 4737">
     <span class='ocr_line' id='line_1_65' title="bbox 281 4662 1863 4737; baseline -0.007 -14"><span class='ocrx_word' id='word_1_557' title='bbox 281 4671 472 4737; x_wconf 87' lang='lat' dir='ltr'><strong>Itaque</strong></span> <span class='ocrx_word' id='word_1_558' title='bbox 521 4684 625 4721; x_wconf 92' lang='lat' dir='ltr'><strong>non</strong></span> <span class='ocrx_word' id='word_1_559' title='bbox 666 4666 849 4721; x_wconf 79' lang='lat' dir='ltr'><strong>dixit:</strong></span> <span class='ocrx_word' id='word_1_560' title='bbox 897 4665 1049 4732; x_wconf 85' lang='lat' dir='ltr'><strong>Quod</strong></span> <span class='ocrx_word' id='word_1_561' title='bbox 1110 4674 1289 4718; x_wconf 88' lang='lat' dir='ltr'><strong>autem</strong></span> <span class='ocrx_word' id='word_1_562' title='bbox 1328 4662 1557 4731; x_wconf 90' lang='lat' dir='ltr'><strong>amplius</strong></span> <span class='ocrx_word' id='word_1_563' title='bbox 1603 4670 1705 4726; x_wconf 87' lang='lat' dir='ltr'><strong>est,</strong></span> <span class='ocrx_word' id='word_1_564' title='bbox 1748 4676 1863 4715; x_wconf 88' lang='lat' dir='ltr'><strong>ma-</strong></span> 
     </span>
    </p>
   </div>
   <div class='ocr_carea' id='block_1_66' title="bbox 280 4749 1866 4821">
    <p class='ocr_par' dir='ltr' id='par_1_66' title="bbox 280 4749 1866 4821">
     <span class='ocr_line' id='line_1_66' title="bbox 280 4749 1866 4821; baseline -0.002 -14"><span class='ocrx_word' id='word_1_565' title='bbox 280 4756 396 4809; x_wconf 87' lang='lat' dir='ltr'><strong>lum</strong></span> <span class='ocrx_word' id='word_1_566' title='bbox 443 4763 544 4810; x_wconf 90' lang='lat' dir='ltr'><strong>est.</strong></span> <span class='ocrx_word' id='word_1_567' title='bbox 600 4753 681 4808; x_wconf 87' lang='lat' dir='ltr'><strong>Tu</strong></span> <span class='ocrx_word' id='word_1_568' title='bbox 711 4756 855 4809; x_wconf 90' lang='lat' dir='ltr'><strong>enim</strong></span> <span class='ocrx_word' id='word_1_569' title='bbox 887 4770 992 4808; x_wconf 90' lang='lat' dir='ltr'><strong>nou</strong></span> <span class='ocrx_word' id='word_1_570' title='bbox 1025 4753 1223 4807; x_wconf 91' lang='lat' dir='ltr'><strong>malum</strong></span> <span class='ocrx_word' id='word_1_571' title='bbox 1259 4751 1392 4806; x_wconf 84' lang='lat' dir='ltr'><strong>facis</strong></span> <span class='ocrx_word' id='word_1_572' title='bbox 1422 4751 1513 4821; x_wconf 87' lang='lat' dir='ltr'><strong>qui</strong></span> <span class='ocrx_word' id='word_1_573' title='bbox 1535 4752 1672 4806; x_wconf 86' lang='lat' dir='ltr'><strong>bene</strong></span> <span class='ocrx_word' id='word_1_574' title='bbox 1697 4749 1866 4805; x_wconf 86' lang='lat' dir='ltr'><strong>uteris</strong></span> 
     </span>
    </p>
   </div>
   <div class='ocr_carea' id='block_1_67' title="bbox 274 4841 1866 4913">
    <p class='ocr_par' dir='ltr' id='par_1_67' title="bbox 274 4841 1866 4913">
     <span class='ocr_line' id='line_1_67' title="bbox 274 4841 1866 4913; baseline -0.001 -17"><span class='ocrx_word' id='word_1_575' title='bbox 274 4845 572 4913; x_wconf 83' lang='lat' dir='ltr'><strong>juratione,</strong></span> <span class='ocrx_word' id='word_1_576' title='bbox 625 4859 763 4912; x_wconf 76' lang='lat' dir='ltr'><strong>quae,</strong></span> <span class='ocrx_word' id='word_1_577' title='bbox 813 4844 914 4898; x_wconf 88' lang='lat' dir='ltr'><strong>etsi</strong></span> <span class='ocrx_word' id='word_1_578' title='bbox 952 4859 1059 4897; x_wconf 91' lang='lat' dir='ltr'><strong>non</strong></span> <span class='ocrx_word' id='word_1_579' title='bbox 1125 4843 1289 4908; x_wconf 90' lang='lat' dir='ltr'><strong>bona,</strong></span> <span class='ocrx_word' id='word_1_580' title='bbox 1339 4850 1518 4896; x_wconf 89' lang='lat' dir='ltr'><strong>tamen</strong></span> <span class='ocrx_word' id='word_1_581' title='bbox 1564 4841 1866 4896; x_wconf 84' lang='lat' dir='ltr'><strong>necessaria</strong></span> 
     </span>
    </p>
   </div>
   <div class='ocr_carea' id='block_1_68' title="bbox 281 4934 1862 5009">
    <p class='ocr_par' dir='ltr' id='par_1_68' title="bbox 281 4934 1862 5009">
     <span class='ocr_line' id='line_1_68' title="bbox 281 4934 1862 5009; baseline -0.003 -16"><span class='ocrx_word' id='word_1_582' title='bbox 281 4948 392 5001; x_wconf 85' lang='lat' dir='ltr'><strong>est,</strong></span> <span class='ocrx_word' id='word_1_583' title='bbox 467 4946 525 4990; x_wconf 91' lang='lat' dir='ltr'><strong>ut</strong></span> <span class='ocrx_word' id='word_1_584' title='bbox 589 4937 744 4990; x_wconf 85' lang='lat' dir='ltr'><strong>alteri</strong></span> <span class='ocrx_word' id='word_1_585' title='bbox 798 4936 1124 5005; x_wconf 87' lang='lat' dir='ltr'><strong>persuadeas</strong></span> <span class='ocrx_word' id='word_1_586' title='bbox 1178 4936 1321 5009; x_wconf 78' lang='lat' dir='ltr'><strong>quod</strong></span> <span class='ocrx_word' id='word_1_587' title='bbox 1369 4934 1576 4989; x_wconf 87' lang='lat' dir='ltr'><strong>utiliter</strong></span> <span class='ocrx_word' id='word_1_588' title='bbox 1635 4935 1862 4998; x_wconf 85' lang='lat' dir='ltr'><strong>suades,</strong></span> 
     </span>
    </p>
   </div>
   <div class='ocr_carea' id='block_1_69' title="bbox 285 5025 1862 5096">
    <p class='ocr_par' dir='ltr' id='par_1_69' title="bbox 285 5025 1862 5096">
     <span class='ocr_line' id='line_1_69' title="bbox 285 5025 1862 5096; baseline -0.004 -12"><span class='ocrx_word' id='word_1_589' title='bbox 285 5028 385 5085; x_wconf 90' lang='lat' dir='ltr'><strong>sed</strong></span> <span class='ocrx_word' id='word_1_590' title='bbox 439 5044 469 5083; x_wconf 90' lang='lat' dir='ltr'><strong>a</strong></span> <span class='ocrx_word' id='word_1_591' title='bbox 511 5027 650 5081; x_wconf 90' lang='lat' dir='ltr'><strong>malo</strong></span> <span class='ocrx_word' id='word_1_592' title='bbox 696 5026 839 5081; x_wconf 89' lang='lat' dir='ltr'><strong>illius</strong></span> <span class='ocrx_word' id='word_1_593' title='bbox 883 5025 1035 5095; x_wconf 86' lang='lat' dir='ltr'><strong>cujus</strong></span> <span class='ocrx_word' id='word_1_594' title='bbox 1082 5025 1607 5094; x_wconf 83' lang='lat' dir='ltr'><strong>inﬁrmitatejurare</strong></span> <span class='ocrx_word' id='word_1_595' title='bbox 1630 5025 1862 5096; x_wconf 86' lang='lat' dir='ltr'><strong>cogeris.</strong></span> 
     </span>
    </p>
   </div>
   <div class='ocr_carea' id='block_1_70' title="bbox 286 5116 1863 5193">
    <p class='ocr_par' dir='ltr' id='par_1_70' title="bbox 286 5116 1863 5193">
     <span class='ocr_line' id='line_1_70' title="bbox 286 5116 1863 5193; baseline -0.003 -20"><span class='ocrx_word' id='word_1_596' title='bbox 286 5120 490 5193; x_wconf 70' lang='grc' dir='ltr'><strong>(Δηώ.)</strong></span> <span class='ocrx_word' id='word_1_597' title='bbox 540 5118 608 5176; x_wconf 88' lang='lat' dir='ltr'><strong>Ut</strong></span> <span class='ocrx_word' id='word_1_598' title='bbox 643 5121 869 5175; x_wconf 87' lang='lat' dir='ltr'><strong>suadeat</strong></span> <span class='ocrx_word' id='word_1_599' title='bbox 919 5119 1261 5182; x_wconf 87' lang='lat' dir='ltr'><strong>charitatem,</strong></span> <span class='ocrx_word' id='word_1_600' title='bbox 1303 5117 1471 5172; x_wconf 91' lang='lat' dir='ltr'><strong>Deum</strong></span> <span class='ocrx_word' id='word_1_601' title='bbox 1510 5116 1700 5171; x_wconf 83' lang='lat' dir='ltr'><strong>testem</strong></span> <span class='ocrx_word' id='word_1_602' title='bbox 1748 5116 1863 5181; x_wconf 89' lang='lat' dir='ltr'><strong>dat,</strong></span> 
     </span>
    </p>
   </div>
   <div class='ocr_carea' id='block_1_71' title="bbox 287 5204 1865 5280">
    <p class='ocr_par' dir='ltr' id='par_1_71' title="bbox 287 5204 1865 5280">
     <span class='ocr_line' id='line_1_71' title="bbox 287 5204 1865 5280; baseline -0.006 -14"><span class='ocrx_word' id='word_1_603' title='bbox 287 5212 379 5266; x_wconf 74' lang='lat' dir='ltr'><strong>etii</strong></span> <span class='ocrx_word' id='word_1_604' title='bbox 409 5212 594 5273; x_wconf 76' lang='lat' dir='ltr'><strong>servit,</strong></span> <span class='ocrx_word' id='word_1_605' title='bbox 623 5210 688 5264; x_wconf 87' lang='lat' dir='ltr'><strong>ad</strong></span> <span class='ocrx_word' id='word_1_606' title='bbox 722 5225 881 5280; x_wconf 90' lang='lat' dir='ltr'><strong>quem</strong></span> <span class='ocrx_word' id='word_1_607' title='bbox 920 5218 974 5264; x_wconf 82' lang='lat' dir='ltr'><strong>et</strong></span> <span class='ocrx_word' id='word_1_608' title='bbox 995 5224 1208 5277; x_wconf 85' lang='lat' dir='ltr'><strong>precem</strong></span> <span class='ocrx_word' id='word_1_609' title='bbox 1238 5222 1336 5276; x_wconf 91' lang='lat' dir='ltr'><strong>pro</strong></span> <span class='ocrx_word' id='word_1_610' title='bbox 1362 5207 1447 5261; x_wconf 86' lang='lat' dir='ltr'><strong>his</strong></span> <span class='ocrx_word' id='word_1_611' title='bbox 1473 5206 1636 5269; x_wconf 82' lang='lat' dir='ltr'><strong>facit,</strong></span> <span class='ocrx_word' id='word_1_612' title='bbox 1670 5221 1774 5259; x_wconf 91' lang='lat' dir='ltr'><strong>non</strong></span> <span class='ocrx_word' id='word_1_613' title='bbox 1810 5204 1865 5257; x_wconf 92' lang='lat' dir='ltr'><strong>in</strong></span> 
     </span>
    </p>
   </div>
   <div class='ocr_carea' id='block_1_72' title="bbox 286 5296 1870 5370">
    <p class='ocr_par' dir='ltr' id='par_1_72' title="bbox 286 5296 1870 5370">
     <span class='ocr_line' id='line_1_72' title="bbox 286 5296 1870 5370; baseline -0.004 -16"><span class='ocrx_word' id='word_1_614' title='bbox 286 5296 408 5370; x_wconf 82' lang='lat' dir='ltr'><strong>lege</strong></span> <span class='ocrx_word' id='word_1_615' title='bbox 438 5299 740 5364; x_wconf 76' lang='lat' dir='ltr'><strong>serviendo,</strong></span> <span class='ocrx_word' id='word_1_616' title='bbox 772 5298 869 5353; x_wconf 82' lang='lat' dir='ltr'><strong>sed</strong></span> <span class='ocrx_word' id='word_1_617' title='bbox 890 5299 945 5353; x_wconf 89' lang='lat' dir='ltr'><strong>in</strong></span> <span class='ocrx_word' id='word_1_618' title='bbox 989 5297 1274 5368; x_wconf 82' lang='lat' dir='ltr'><strong>Evangelio</strong></span> <span class='ocrx_word' id='word_1_619' title='bbox 1319 5297 1439 5352; x_wconf 90' lang='lat' dir='ltr'><strong>Filii</strong></span> <span class='ocrx_word' id='word_1_620' title='bbox 1462 5296 1598 5365; x_wconf 77' lang='lat' dir='ltr'><strong>ejus,</strong></span> <span class='ocrx_word' id='word_1_621' title='bbox 1632 5298 1733 5350; x_wconf 89' lang='lat' dir='ltr'><strong>hoc</strong></span> <span class='ocrx_word' id='word_1_622' title='bbox 1763 5304 1870 5358; x_wconf 89' lang='lat' dir='ltr'><strong>est,</strong></span> 
     </span>
    </p>
   </div>
   <div class='ocr_carea' id='block_1_73' title="bbox 288 5388 1873 5462">
    <p class='ocr_par' dir='ltr' id='par_1_73' title="bbox 288 5388 1873 5462">
     <span class='ocr_line' id='line_1_73' title="bbox 288 5388 1873 5462; baseline -0.004 -15"><span class='ocrx_word' id='word_1_623' title='bbox 288 5410 399 5448; x_wconf 86' lang='lat' dir='ltr'><strong>non</strong></span> <span class='ocrx_word' id='word_1_624' title='bbox 440 5393 492 5446; x_wconf 92' lang='lat' dir='ltr'><strong>in</strong></span> <span class='ocrx_word' id='word_1_625' title='bbox 534 5408 598 5447; x_wconf 89' lang='lat' dir='ltr'><strong>eo</strong></span> <span class='ocrx_word' id='word_1_626' title='bbox 651 5392 795 5461; x_wconf 88' lang='lat' dir='ltr'><strong>quod</strong></span> <span class='ocrx_word' id='word_1_627' title='bbox 842 5390 1051 5462; x_wconf 83' lang='lat' dir='ltr'><strong>Moyses</strong></span> <span class='ocrx_word' id='word_1_628' title='bbox 1082 5405 1269 5445; x_wconf 78' lang='lat' dir='ltr'><strong>servus</strong></span> <span class='ocrx_word' id='word_1_629' title='bbox 1306 5390 1553 5454; x_wconf 87' lang='lat' dir='ltr'><strong>tradidit,</strong></span> <span class='ocrx_word' id='word_1_630' title='bbox 1582 5388 1675 5443; x_wconf 85' lang='lat' dir='ltr'><strong>sed</strong></span> <span class='ocrx_word' id='word_1_631' title='bbox 1715 5388 1766 5440; x_wconf 88' lang='lat' dir='ltr'><strong>in</strong></span> <span class='ocrx_word' id='word_1_632' title='bbox 1808 5401 1873 5441; x_wconf 87' lang='lat' dir='ltr'><strong>eo</strong></span> 
     </span>
    </p>
   </div>
   <div class='ocr_carea' id='block_1_74' title="bbox 288 5478 1870 5552">
    <p class='ocr_par' dir='ltr' id='par_1_74' title="bbox 288 5478 1870 5552">
     <span class='ocr_line' id='line_1_74' title="bbox 288 5478 1870 5552; baseline -0.001 -21"><span class='ocrx_word' id='word_1_633' title='bbox 288 5482 434 5552; x_wconf 79' lang='lat' dir='ltr'><strong>quod</strong></span> <span class='ocrx_word' id='word_1_634' title='bbox 489 5481 656 5535; x_wconf 87' lang='lat' dir='ltr'><strong>Filius</strong></span> <span class='ocrx_word' id='word_1_635' title='bbox 699 5481 1078 5537; x_wconf 83' lang='lat' dir='ltr'><strong>dilectissimus</strong></span> <span class='ocrx_word' id='word_1_636' title='bbox 1134 5481 1354 5545; x_wconf 87' lang='lat' dir='ltr'><strong>docuit;</strong></span> <span class='ocrx_word' id='word_1_637' title='bbox 1405 5487 1665 5550; x_wconf 87' lang='lat' dir='ltr'><strong>quantum</strong></span> <span class='ocrx_word' id='word_1_638' title='bbox 1728 5478 1870 5531; x_wconf 88' lang='lat' dir='ltr'><strong>enim</strong></span> 
     </span>
    </p>
   </div>
   <div class='ocr_carea' id='block_1_75' title="bbox 287 5565 1874 5635">
    <p class='ocr_par' dir='ltr' id='par_1_75' title="bbox 287 5565 1874 5635">
     <span class='ocr_line' id='line_1_75' title="bbox 287 5565 1874 5635; baseline -0.003 -12"><span class='ocrx_word' id='word_1_639' title='bbox 287 5572 459 5625; x_wconf 74' lang='lat' dir='ltr'><strong>distat</strong></span> <span class='ocrx_word' id='word_1_640' title='bbox 485 5588 671 5625; x_wconf 83' lang='lat' dir='ltr'><strong>servus</strong></span> <span class='ocrx_word' id='word_1_641' title='bbox 708 5588 735 5627; x_wconf 87' lang='lat' dir='ltr'><strong>a</strong></span> <span class='ocrx_word' id='word_1_642' title='bbox 767 5570 1013 5632; x_wconf 88' lang='lat' dir='ltr'><strong>domino,</strong></span> <span class='ocrx_word' id='word_1_643' title='bbox 1050 5580 1254 5624; x_wconf 89' lang='lat' dir='ltr'><strong>tantum</strong></span> <span class='ocrx_word' id='word_1_644' title='bbox 1285 5571 1445 5625; x_wconf 86' lang='lat' dir='ltr'><strong>distat</strong></span> <span class='ocrx_word' id='word_1_645' title='bbox 1473 5565 1818 5635; x_wconf 82' lang='lat' dir='ltr'><strong>Evangelium</strong></span> <span class='ocrx_word' id='word_1_646' title='bbox 1840 5581 1874 5619; x_wconf 91' lang='lat' dir='ltr'><strong>a</strong></span> 
     </span>
    </p>
   </div>
   <div class='ocr_carea' id='block_1_76' title="bbox 290 5655 1924 5732">
    <p class='ocr_par' dir='ltr' id='par_1_76' title="bbox 290 5655 1924 5732">
     <span class='ocr_line' id='line_1_76' title="bbox 290 5655 1924 5732; baseline 0 -18"><span class='ocrx_word' id='word_1_647' title='bbox 290 5668 430 5731; x_wconf 74' lang='lat' dir='ltr'><strong>lege,</strong></span> <span class='ocrx_word' id='word_1_648' title='bbox 485 5679 591 5717; x_wconf 90' lang='lat' dir='ltr'><strong>non</strong></span> <span class='ocrx_word' id='word_1_649' title='bbox 619 5662 761 5732; x_wconf 89' lang='lat' dir='ltr'><strong>quod</strong></span> <span class='ocrx_word' id='word_1_650' title='bbox 808 5661 945 5715; x_wconf 90' lang='lat' dir='ltr'><strong>mala</strong></span> <span class='ocrx_word' id='word_1_651' title='bbox 980 5662 1050 5713; x_wconf 87' lang='lat' dir='ltr'><strong>sit</strong></span> <span class='ocrx_word' id='word_1_652' title='bbox 1097 5660 1203 5723; x_wconf 79' lang='lat' dir='ltr'><strong>lex,</strong></span> <span class='ocrx_word' id='word_1_653' title='bbox 1253 5663 1345 5716; x_wconf 82' lang='lat' dir='ltr'><strong>sed</strong></span> <span class='ocrx_word' id='word_1_654' title='bbox 1390 5659 1515 5729; x_wconf 83' lang='lat' dir='ltr'><strong>quia</strong></span> <span class='ocrx_word' id='word_1_655' title='bbox 1563 5655 1756 5713; x_wconf 88' lang='lat' dir='ltr'><strong>melius</strong></span> <span class='ocrx_word' id='word_1_656' title='bbox 1792 5663 1875 5711; x_wconf 89' lang='lat' dir='ltr'><strong>est</strong></span> <span class='ocrx_word' id='word_1_657' title='bbox 1913 5706 1924 5714; x_wconf 93' lang='lat'><strong>.</strong></span> 
     </span>
    </p>
   </div>
   <div class='ocr_carea' id='block_1_77' title="bbox 695 5752 1141 5813">
    <p class='ocr_par' dir='ltr' id='par_1_77' title="bbox 695 5752 1141 5813">
     <span class='ocr_line' id='line_1_77' title="bbox 695 5752 1141 5813; baseline -0.004 -1"><span class='ocrx_word' id='word_1_658' title='bbox 695 5755 964 5813; x_wconf 70' lang='lat' dir='ltr'><strong>Parnm.</strong></span> <span class='ocrx_word' id='word_1_659' title='bbox 1004 5752 1141 5810; x_wconf 66' lang='lat' dir='ltr'><strong>(IX!</strong></span> 
     </span>
    </p>
   </div>
   <div class='ocr_carea' id='block_1_78' title="bbox 1957 1843 3532 1916">
    <p class='ocr_par' dir='ltr' id='par_1_78' title="bbox 1957 1843 3532 1916">
     <span class='ocr_line' id='line_1_78' title="bbox 1957 1843 3532 1916; baseline 0.001 -17"><span class='ocrx_word' id='word_1_660' title='bbox 1957 1843 2249 1906; x_wconf 87' lang='lat' dir='ltr'><strong>Christum,</strong></span> <span class='ocrx_word' id='word_1_661' title='bbox 2282 1860 2444 1899; x_wconf 91' lang='lat' dir='ltr'><strong>unum</strong></span> <span class='ocrx_word' id='word_1_662' title='bbox 2468 1859 2533 1899; x_wconf 85' lang='lat' dir='ltr'><strong>ex</strong></span> <span class='ocrx_word' id='word_1_663' title='bbox 2562 1860 2666 1913; x_wconf 90' lang='lat' dir='ltr'><strong>quo</strong></span> <span class='ocrx_word' id='word_1_664' title='bbox 2697 1845 2899 1909; x_wconf 86' lang='lat' dir='ltr'><strong>omnia,</strong></span> <span class='ocrx_word' id='word_1_665' title='bbox 2943 1853 2999 1898; x_wconf 91' lang='lat' dir='ltr'><strong>et</strong></span> <span class='ocrx_word' id='word_1_666' title='bbox 3045 1861 3208 1907; x_wconf 86' lang='lat' dir='ltr'><strong>unum</strong></span> <span class='ocrx_word' id='word_1_667' title='bbox 3247 1861 3532 1916; x_wconf 85' lang='lat' dir='ltr'><strong>perquem</strong></span> 
     </span>
    </p>
   </div>
   <div class='ocr_carea' id='block_1_79' title="bbox 1957 1932 3534 2007">
    <p class='ocr_par' dir='ltr' id='par_1_79' title="bbox 1957 1932 3534 2007">
     <span class='ocr_line' id='line_1_79' title="bbox 1957 1932 3534 2007; baseline 0.001 -19"><span class='ocrx_word' id='word_1_668' title='bbox 1957 1932 2134 1988; x_wconf 88' lang='lat' dir='ltr'><strong>omnia</strong></span> <span class='ocrx_word' id='word_1_669' title='bbox 2159 1948 2173 1985; x_wconf 91' lang='lat'><strong>:</strong></span> <span class='ocrx_word' id='word_1_670' title='bbox 2206 1933 2303 1987; x_wconf 92' lang='lat' dir='ltr'><strong>hos</strong></span> <span class='ocrx_word' id='word_1_671' title='bbox 2338 1933 2856 2001; x_wconf 65' lang='lat' dir='ltr'><strong>quaeritadoratores</strong></span> <span class='ocrx_word' id='word_1_672' title='bbox 2885 1933 3064 1988; x_wconf 84' lang='lat' dir='ltr'><strong>Pater.</strong></span> <span class='ocrx_word' id='word_1_673' title='bbox 3090 1934 3380 1993; x_wconf 76' lang='lat' dir='ltr'><strong>Memorem</strong></span> <span class='ocrx_word' id='word_1_674' title='bbox 3404 1949 3534 2007; x_wconf 88' lang='lat' dir='ltr'><strong>ergo</strong></span> 
     </span>
    </p>
   </div>
   <div class='ocr_carea' id='block_1_80' title="bbox 1912 2024 3533 2096">
    <p class='ocr_par' dir='ltr' id='par_1_80' title="bbox 1912 2024 3533 2096">
     <span class='ocr_line' id='line_1_80' title="bbox 1912 2024 3533 2096; baseline 0.001 -16"><span class='ocrx_word' id='word_1_675' title='bbox 1912 2066 1921 2096; x_wconf 49' lang='grc' dir='ltr'>ί</span> <span class='ocrx_word' id='word_1_676' title='bbox 1957 2040 2015 2080; x_wconf 87' lang='lat' dir='ltr'><strong>se</strong></span> <span class='ocrx_word' id='word_1_677' title='bbox 2039 2025 2250 2078; x_wconf 92' lang='lat' dir='ltr'><strong>illorum</strong></span> <span class='ocrx_word' id='word_1_678' title='bbox 2282 2025 2334 2078; x_wconf 93' lang='lat' dir='ltr'><strong>in</strong></span> <span class='ocrx_word' id='word_1_679' title='bbox 2368 2024 2699 2081; x_wconf 88' lang='lat' dir='ltr'><strong>orationibus</strong></span> <span class='ocrx_word' id='word_1_680' title='bbox 2727 2025 2839 2080; x_wconf 86' lang='lat' dir='ltr'><strong>suis</strong></span> <span class='ocrx_word' id='word_1_681' title='bbox 2877 2025 3101 2096; x_wconf 82' lang='lat' dir='ltr'><strong>ﬂagitat,</strong></span> <span class='ocrx_word' id='word_1_682' title='bbox 3129 2036 3191 2081; x_wconf 91' lang='lat' dir='ltr'><strong>ut</strong></span> <span class='ocrx_word' id='word_1_683' title='bbox 3215 2028 3445 2082; x_wconf 89' lang='lat' dir='ltr'><strong>seminet</strong></span> <span class='ocrx_word' id='word_1_684' title='bbox 3478 2028 3533 2082; x_wconf 88' lang='lat' dir='ltr'><strong>in</strong></span> 
     </span>
    </p>
   </div>
   <div class='ocr_carea' id='block_1_81' title="bbox 1959 2114 3535 2185">
    <p class='ocr_par' dir='ltr' id='par_1_81' title="bbox 1959 2114 3535 2185">
     <span class='ocr_line' id='line_1_81' title="bbox 1959 2114 3535 2185; baseline 0.004 -17"><span class='ocrx_word' id='word_1_685' title='bbox 1959 2114 2063 2170; x_wconf 87' lang='lat' dir='ltr'><strong>illis</strong></span> <span class='ocrx_word' id='word_1_686' title='bbox 2089 2115 2436 2180; x_wconf 85' lang='lat' dir='ltr'><strong>charitatcm;</strong></span> <span class='ocrx_word' id='word_1_687' title='bbox 2469 2114 2594 2170; x_wconf 83' lang='lat' dir='ltr'><strong>facit</strong></span> <span class='ocrx_word' id='word_1_688' title='bbox 2618 2115 2759 2169; x_wconf 88' lang='lat' dir='ltr'><strong>enim</strong></span> <span class='ocrx_word' id='word_1_689' title='bbox 2795 2116 2898 2171; x_wconf 87' lang='lat' dir='ltr'><strong>illis</strong></span> <span class='ocrx_word' id='word_1_690' title='bbox 2922 2116 3242 2173; x_wconf 85' lang='lat' dir='ltr'><strong>desiderium</strong></span> <span class='ocrx_word' id='word_1_691' title='bbox 3272 2117 3375 2172; x_wconf 90' lang='lat' dir='ltr'><strong>sui.</strong></span> <span class='ocrx_word' id='word_1_692' title='bbox 3403 2117 3535 2185; x_wconf 86' lang='lat' dir='ltr'><strong>Quis</strong></span> 
     </span>
    </p>
   </div>
   <div class='ocr_carea' id='block_1_82' title="bbox 1958 2204 3536 2275">
    <p class='ocr_par' dir='ltr' id='par_1_82' title="bbox 1958 2204 3536 2275">
     <span class='ocr_line' id='line_1_82' title="bbox 1958 2204 3536 2275; baseline 0.003 -17"><span class='ocrx_word' id='word_1_693' title='bbox 1958 2204 2103 2258; x_wconf 91' lang='lat' dir='ltr'><strong>enim</strong></span> <span class='ocrx_word' id='word_1_694' title='bbox 2130 2219 2236 2258; x_wconf 90' lang='lat' dir='ltr'><strong>non</strong></span> <span class='ocrx_word' id='word_1_695' title='bbox 2259 2214 2402 2259; x_wconf 88' lang='lat' dir='ltr'><strong>amet</strong></span> <span class='ocrx_word' id='word_1_696' title='bbox 2421 2219 2565 2269; x_wconf 89' lang='lat' dir='ltr'><strong>eum,</strong></span> <span class='ocrx_word' id='word_1_697' title='bbox 2598 2220 2759 2275; x_wconf 89' lang='lat' dir='ltr'><strong>quem</strong></span> <span class='ocrx_word' id='word_1_698' title='bbox 2785 2206 2934 2261; x_wconf 88' lang='lat' dir='ltr'><strong>audit</strong></span> <span class='ocrx_word' id='word_1_699' title='bbox 2958 2221 3250 2263; x_wconf 86' lang='lat' dir='ltr'><strong>memorem</strong></span> <span class='ocrx_word' id='word_1_700' title='bbox 3281 2208 3362 2262; x_wconf 91' lang='lat' dir='ltr'><strong>sui</strong></span> <span class='ocrx_word' id='word_1_701' title='bbox 3381 2208 3536 2263; x_wconf 77' lang='lat' dir='ltr'><strong>esse?</strong></span> 
     </span>
    </p>
   </div>
   <div class='ocr_carea' id='block_1_83' title="bbox 1960 2294 3535 2368">
    <p class='ocr_par' dir='ltr' id='par_1_83' title="bbox 1960 2294 3535 2368">
     <span class='ocr_line' id='line_1_83' title="bbox 1960 2294 3535 2368; baseline 0.004 -18"><span class='ocrx_word' id='word_1_702' title='bbox 1960 2294 2017 2350; x_wconf 91' lang='lat' dir='ltr'><strong>Si</strong></span> <span class='ocrx_word' id='word_1_703' title='bbox 2045 2294 2187 2350; x_wconf 90' lang='lat' dir='ltr'><strong>enim</strong></span> <span class='ocrx_word' id='word_1_704' title='bbox 2217 2295 2286 2351; x_wconf 88' lang='lat' dir='ltr'><strong>ab</strong></span> <span class='ocrx_word' id='word_1_705' title='bbox 2327 2297 2429 2359; x_wconf 86' lang='lat' dir='ltr'><strong>his,</strong></span> <span class='ocrx_word' id='word_1_706' title='bbox 2475 2298 2566 2368; x_wconf 90' lang='lat' dir='ltr'><strong>qui</strong></span> <span class='ocrx_word' id='word_1_707' title='bbox 2597 2297 2745 2352; x_wconf 90' lang='lat' dir='ltr'><strong>missi</strong></span> <span class='ocrx_word' id='word_1_708' title='bbox 2775 2313 2880 2352; x_wconf 90' lang='lat' dir='ltr'><strong>non</strong></span> <span class='ocrx_word' id='word_1_709' title='bbox 2924 2308 3102 2365; x_wconf 89' lang='lat' dir='ltr'><strong>erant,</strong></span> <span class='ocrx_word' id='word_1_710' title='bbox 3128 2299 3358 2355; x_wconf 87' lang='lat' dir='ltr'><strong>libenter</strong></span> <span class='ocrx_word' id='word_1_711' title='bbox 3381 2316 3535 2357; x_wconf 87' lang='lat' dir='ltr'><strong>acce-</strong></span> 
     </span>
    </p>
   </div>
   <div class='ocr_carea' id='block_1_84' title="bbox 1959 2387 3536 2464">
    <p class='ocr_par' dir='ltr' id='par_1_84' title="bbox 1959 2387 3536 2464">
     <span class='ocr_line' id='line_1_84' title="bbox 1959 2387 3536 2464; baseline 0.004 -24"><span class='ocrx_word' id='word_1_712' title='bbox 1959 2395 2149 2457; x_wconf 88' lang='lat' dir='ltr'><strong>perant</strong></span> <span class='ocrx_word' id='word_1_713' title='bbox 2203 2387 2499 2442; x_wconf 85' lang='lat' dir='ltr'><strong>doctrinam</strong></span> <span class='ocrx_word' id='word_1_714' title='bbox 2552 2388 2674 2447; x_wconf 87' lang='lat' dir='ltr'><strong>sub,</strong></span> <span class='ocrx_word' id='word_1_715' title='bbox 2704 2389 2920 2444; x_wconf 88' lang='lat' dir='ltr'><strong>nomine</strong></span> <span class='ocrx_word' id='word_1_716' title='bbox 2964 2389 3536 2464; x_wconf 24' lang='lat' dir='ltr'><strong>Christi,&#39;adulteratis</strong></span> 
     </span>
    </p>
   </div>
   <div class='ocr_carea' id='block_1_85' title="bbox 1960 2477 3536 2553">
    <p class='ocr_par' dir='ltr' id='par_1_85' title="bbox 1960 2477 3536 2553">
     <span class='ocr_line' id='line_1_85' title="bbox 1960 2477 3536 2553; baseline 0.005 -23"><span class='ocrx_word' id='word_1_717' title='bbox 1960 2477 2166 2541; x_wconf 85' lang='lat' dir='ltr'><strong>verbis,</strong></span> <span class='ocrx_word' id='word_1_718' title='bbox 2196 2477 2395 2548; x_wconf 86' lang='lat' dir='ltr'><strong>qu‘anto</strong></span> <span class='ocrx_word' id='word_1_719' title='bbox 2424 2479 2596 2550; x_wconf 85' lang='lat' dir='ltr'><strong>magis</strong></span> <span class='ocrx_word' id='word_1_720' title='bbox 2620 2480 2688 2535; x_wconf 87' lang='lat' dir='ltr'><strong>ab</strong></span> <span class='ocrx_word' id='word_1_721' title='bbox 2727 2493 2791 2534; x_wconf 90' lang='lat' dir='ltr'><strong>eo</strong></span> <span class='ocrx_word' id='word_1_722' title='bbox 2819 2495 2978 2549; x_wconf 90' lang='lat' dir='ltr'><strong>quem</strong></span> <span class='ocrx_word' id='word_1_723' title='bbox 3023 2482 3228 2537; x_wconf 89' lang='lat' dir='ltr'><strong>scirent</strong></span> <span class='ocrx_word' id='word_1_724' title='bbox 3257 2497 3375 2538; x_wconf 86' lang='lat' dir='ltr'><strong>esse</strong></span> <span class='ocrx_word' id='word_1_725' title='bbox 3401 2482 3536 2553; x_wconf 60' lang='lat' dir='ltr'><strong>Apr»</strong></span> 
     </span>
    </p>
   </div>
   <div class='ocr_carea' id='block_1_86' title="bbox 1960 2568 3537 2638">
    <p class='ocr_par' dir='ltr' id='par_1_86' title="bbox 1960 2568 3537 2638">
     <span class='ocr_line' id='line_1_86' title="bbox 1960 2568 3537 2638; baseline 0.005 -15"><span class='ocrx_word' id='word_1_726' title='bbox 1960 2569 2155 2623; x_wconf 90' lang='lat' dir='ltr'><strong>stolum</strong></span> <span class='ocrx_word' id='word_1_727' title='bbox 2203 2577 2258 2624; x_wconf 91' lang='lat' dir='ltr'><strong>et</strong></span> <span class='ocrx_word' id='word_1_728' title='bbox 2301 2568 2454 2637; x_wconf 80' lang='lat' dir='ltr'><strong>cujus</strong></span> <span class='ocrx_word' id='word_1_729' title='bbox 2488 2570 2646 2625; x_wconf 86' lang='lat' dir='ltr'><strong>verba</strong></span> <span class='ocrx_word' id='word_1_730' title='bbox 2691 2571 3045 2637; x_wconf 80' lang='lat' dir='ltr'><strong>ebmitaretur</strong></span> <span class='ocrx_word' id='word_1_731' title='bbox 3094 2570 3287 2638; x_wconf 86' lang='lat' dir='ltr'><strong>virtus,</strong></span> <span class='ocrx_word' id='word_1_732' title='bbox 3326 2571 3537 2631; x_wconf 79' lang='lat' dir='ltr'><strong>deside-</strong></span> 
     </span>
    </p>
   </div>
   <div class='ocr_carea' id='block_1_87' title="bbox 1961 2661 2386 2716">
    <p class='ocr_par' dir='ltr' id='par_1_87' title="bbox 1961 2661 2386 2716">
     <span class='ocr_line' id='line_1_87' title="bbox 1961 2661 2386 2716; baseline 0.005 -3"><span class='ocrx_word' id='word_1_733' title='bbox 1961 2669 2145 2715; x_wconf 88' lang='lat' dir='ltr'><strong>rarent</strong></span> <span class='ocrx_word' id='word_1_734' title='bbox 2174 2661 2386 2716; x_wconf 89' lang='lat' dir='ltr'><strong>audire!</strong></span> 
     </span>
    </p>
   </div>
   <div class='ocr_carea' id='block_1_88' title="bbox 2032 2750 3538 2827">
    <p class='ocr_par' dir='ltr' id='par_1_88' title="bbox 2032 2750 3538 2827">
     <span class='ocr_line' id='line_1_88' title="bbox 2032 2750 3538 2827; baseline 0.002 -22"><span class='ocrx_word' id='word_1_735' title='bbox 2032 2750 2321 2806; x_wconf 87' lang='lat' dir='ltr'><strong>Obsecrans</strong></span> <span class='ocrx_word' id='word_1_736' title='bbox 2348 2754 2395 2807; x_wconf 87' lang='lat' dir='ltr'><strong>si</strong></span> <span class='ocrx_word' id='word_1_737' title='bbox 2430 2769 2533 2823; x_wconf 86' lang='lat' dir='ltr'><strong>quo</strong></span> <span class='ocrx_word' id='word_1_738' title='bbox 2561 2753 2715 2807; x_wconf 89' lang='lat' dir='ltr'><strong>modo</strong></span> <span class='ocrx_word' id='word_1_739' title='bbox 2760 2755 2971 2809; x_wconf 83' lang='lat' dir='ltr'><strong>tandem</strong></span> <span class='ocrx_word' id='word_1_740' title='bbox 3013 2754 3298 2827; x_wconf 84' lang='lat' dir='ltr'><strong>aliquando</strong></span> <span class='ocrx_word' id='word_1_741' title='bbox 3320 2770 3538 2827; x_wconf 82' lang='lat' dir='ltr'><strong>prospe-</strong></span> 
     </span>
    </p>
   </div>
   <div class='ocr_carea' id='block_1_89' title="bbox 1952 2842 3533 2909">
    <p class='ocr_par' dir='ltr' id='par_1_89' title="bbox 1952 2842 3533 2909">
     <span class='ocr_line' id='line_1_89' title="bbox 1952 2842 3533 2909; baseline 0.004 -14"><span class='ocrx_word' id='word_1_742' title='bbox 1952 2842 2077 2897; x_wconf 84' lang='lat' dir='ltr'><strong>&#39;rum</strong></span> <span class='ocrx_word' id='word_1_743' title='bbox 2127 2843 2226 2896; x_wconf 89' lang='lat' dir='ltr'><strong>iter</strong></span> <span class='ocrx_word' id='word_1_744' title='bbox 2269 2845 2486 2899; x_wconf 81' lang='lat' dir='ltr'><strong>habeam</strong></span> <span class='ocrx_word' id='word_1_745' title='bbox 2522 2845 2577 2899; x_wconf 87' lang='lat' dir='ltr'><strong>in</strong></span> <span class='ocrx_word' id='word_1_746' title='bbox 2607 2844 2869 2902; x_wconf 81' lang='lat' dir='ltr'><strong>voluntate</strong></span> <span class='ocrx_word' id='word_1_747' title='bbox 2903 2846 3000 2909; x_wconf 89' lang='lat' dir='ltr'><strong>Dei</strong></span> <span class='ocrx_word' id='word_1_748' title='bbox 3042 2847 3280 2901; x_wconf 85' lang='lat' dir='ltr'><strong>veniendi</strong></span> <span class='ocrx_word' id='word_1_749' title='bbox 3326 2847 3394 2900; x_wconf 81' lang='lat' dir='ltr'><strong>ad</strong></span> <span class='ocrx_word' id='word_1_750' title='bbox 3424 2862 3533 2901; x_wconf 78' lang='lat' dir='ltr'><strong>vos.</strong></span> 
     </span>
    </p>
   </div>
   <div class='ocr_carea' id='block_1_90' title="bbox 1963 2933 3535 3015">
    <p class='ocr_par' dir='ltr' id='par_1_90' title="bbox 1963 2933 3535 3015">
     <span class='ocr_line' id='line_1_90' title="bbox 1963 2933 3535 3015; baseline 0 -24"><span class='ocrx_word' id='word_1_751' title='bbox 1963 2934 2155 3006; x_wconf 68' lang='lat' dir='ltr'><strong>(Orig)</strong></span> <span class='ocrx_word' id='word_1_752' title='bbox 2208 2933 2357 3002; x_wconf 86' lang='lat' dir='ltr'><strong>Quod</strong></span> <span class='ocrx_word' id='word_1_753' title='bbox 2380 2934 2497 2989; x_wconf 91' lang='lat' dir='ltr'><strong>sine</strong></span> <span class='ocrx_word' id='word_1_754' title='bbox 2524 2935 2921 3015; x_wconf 81' lang='lat' dir='ltr'><strong>intermissione</strong></span> <span class='ocrx_word' id='word_1_755' title='bbox 2953 2950 3051 3006; x_wconf 90' lang='lat' dir='ltr'><strong>pro</strong></span> <span class='ocrx_word' id='word_1_756' title='bbox 3076 2935 3159 2991; x_wconf 88' lang='lat' dir='ltr'><strong>his</strong></span> <span class='ocrx_word' id='word_1_757' title='bbox 3183 2935 3375 3005; x_wconf 83' lang='lat' dir='ltr'><strong>quibus</strong></span> <span class='ocrx_word' id='word_1_758' title='bbox 3398 2935 3535 2991; x_wconf 82' lang='lat' dir='ltr'><strong>seri-</strong></span> 
     </span>
    </p>
   </div>
   <div class='ocr_carea' id='block_1_91' title="bbox 1961 3024 3537 3096">
    <p class='ocr_par' dir='ltr' id='par_1_91' title="bbox 1961 3024 3537 3096">
     <span class='ocr_line' id='line_1_91' title="bbox 1961 3024 3537 3096; baseline 0.001 -16"><span class='ocrx_word' id='word_1_759' title='bbox 1961 3025 2040 3080; x_wconf 88' lang='lat' dir='ltr'><strong>bit</strong></span> <span class='ocrx_word' id='word_1_760' title='bbox 2061 3040 2219 3081; x_wconf 85' lang='lat' dir='ltr'><strong>orare</strong></span> <span class='ocrx_word' id='word_1_761' title='bbox 2240 3040 2297 3080; x_wconf 91' lang='lat' dir='ltr'><strong>se</strong></span> <span class='ocrx_word' id='word_1_762' title='bbox 2326 3024 2476 3091; x_wconf 91' lang='lat' dir='ltr'><strong>dicit,</strong></span> <span class='ocrx_word' id='word_1_763' title='bbox 2500 3026 2740 3082; x_wconf 87' lang='lat' dir='ltr'><strong>mandati</strong></span> <span class='ocrx_word' id='word_1_764' title='bbox 2767 3027 2847 3082; x_wconf 88' lang='lat' dir='ltr'><strong>sui</strong></span> <span class='ocrx_word' id='word_1_765' title='bbox 2875 3041 3098 3091; x_wconf 89' lang='lat' dir='ltr'><strong>memor,</strong></span> <span class='ocrx_word' id='word_1_766' title='bbox 3115 3026 3347 3096; x_wconf 88' lang='lat' dir='ltr'><strong>complet</strong></span> <span class='ocrx_word' id='word_1_767' title='bbox 3362 3041 3537 3096; x_wconf 35' lang='lat' dir='ltr'><strong>(opere</strong></span> 
     </span>
    </p>
   </div>
   <div class='ocr_carea' id='block_1_92' title="bbox 1960 3114 3539 3189">
    <p class='ocr_par' dir='ltr' id='par_1_92' title="bbox 1960 3114 3539 3189">
     <span class='ocr_line' id='line_1_92' title="bbox 1960 3114 3539 3189; baseline 0.002 -20"><span class='ocrx_word' id='word_1_768' title='bbox 1960 3115 2102 3185; x_wconf 86' lang='lat' dir='ltr'><strong>quod</strong></span> <span class='ocrx_word' id='word_1_769' title='bbox 2132 3128 2382 3175; x_wconf 85' lang='lat' dir='ltr'><strong>sermone</strong></span> <span class='ocrx_word' id='word_1_770' title='bbox 2408 3114 2652 3185; x_wconf 77' lang='lat' dir='ltr'><strong>praecipit</strong></span> <span class='ocrx_word' id='word_1_771' title='bbox 2681 3132 2698 3180; x_wconf 84' lang='lat'><strong>;</strong></span> <span class='ocrx_word' id='word_1_772' title='bbox 2725 3116 2867 3189; x_wconf 87' lang='lat' dir='ltr'><strong>quod</strong></span> <span class='ocrx_word' id='word_1_773' title='bbox 2889 3126 3069 3173; x_wconf 90' lang='lat' dir='ltr'><strong>autem</strong></span> <span class='ocrx_word' id='word_1_774' title='bbox 3095 3116 3225 3171; x_wconf 89' lang='lat' dir='ltr'><strong>dicit</strong></span> <span class='ocrx_word' id='word_1_775' title='bbox 3250 3118 3539 3172; x_wconf 83' lang='lat' dir='ltr'><strong>obsecrare</strong></span> 
     </span>
    </p>
   </div>
   <div class='ocr_carea' id='block_1_93' title="bbox 1960 3205 3622 3283">
    <p class='ocr_par' dir='ltr' id='par_1_93' title="bbox 1960 3205 3622 3283">
     <span class='ocr_line' id='line_1_93' title="bbox 1960 3205 3622 3283; baseline -0.001 -21"><span class='ocrx_word' id='word_1_776' title='bbox 1960 3220 2038 3271; x_wconf 86' lang='lat' dir='ltr'><strong>se,</strong></span> <span class='ocrx_word' id='word_1_777' title='bbox 2062 3205 2108 3260; x_wconf 90' lang='lat' dir='ltr'><strong>si</strong></span> <span class='ocrx_word' id='word_1_778' title='bbox 2126 3206 2392 3283; x_wconf 84' lang='lat' dir='ltr'><strong>quomodo</strong></span> <span class='ocrx_word' id='word_1_779' title='bbox 2422 3206 2636 3281; x_wconf 85' lang='lat' dir='ltr'><strong>tandem</strong></span> <span class='ocrx_word' id='word_1_780' title='bbox 2656 3205 2942 3278; x_wconf 85' lang='lat' dir='ltr'><strong>aliquando</strong></span> <span class='ocrx_word' id='word_1_781' title='bbox 2967 3222 3283 3277; x_wconf 86' lang='lat' dir='ltr'><strong>prosperum</strong></span> <span class='ocrx_word' id='word_1_782' title='bbox 3310 3209 3413 3261; x_wconf 88' lang='lat' dir='ltr'><strong>iter</strong></span> <span class='ocrx_word' id='word_1_783' title='bbox 3441 3207 3537 3263; x_wconf 84' lang='lat' dir='ltr'><strong>ha-</strong></span> <span class='ocrx_word' id='word_1_784' title='bbox 3609 3264 3622 3277; x_wconf 46' lang='grc' dir='ltr'><strong><em>ο</em></strong></span> 
     </span>
    </p>
   </div>
   <div class='ocr_carea' id='block_1_94' title="bbox 1959 3294 3537 3369">
    <p class='ocr_par' dir='ltr' id='par_1_94' title="bbox 1959 3294 3537 3369">
     <span class='ocr_line' id='line_1_94' title="bbox 1959 3294 3537 3369; baseline -0.001 -16"><span class='ocrx_word' id='word_1_785' title='bbox 1959 3295 2103 3360; x_wconf 79' lang='lat' dir='ltr'><strong>beat,</strong></span> <span class='ocrx_word' id='word_1_786' title='bbox 2121 3304 2181 3348; x_wconf 92' lang='lat' dir='ltr'><strong>ut</strong></span> <span class='ocrx_word' id='word_1_787' title='bbox 2202 3295 2253 3349; x_wconf 91' lang='lat' dir='ltr'><strong>in</strong></span> <span class='ocrx_word' id='word_1_788' title='bbox 2279 3294 2552 3351; x_wconf 86' lang='lat' dir='ltr'><strong>voluntate</strong></span> <span class='ocrx_word' id='word_1_789' title='bbox 2573 3294 2666 3350; x_wconf 92' lang='lat' dir='ltr'><strong>Dei</strong></span> <span class='ocrx_word' id='word_1_790' title='bbox 2691 3297 2869 3369; x_wconf 77' lang='lat' dir='ltr'><strong>veniat</strong></span> <span class='ocrx_word' id='word_1_791' title='bbox 2891 3297 2958 3350; x_wconf 86' lang='lat' dir='ltr'><strong>ad</strong></span> <span class='ocrx_word' id='word_1_792' title='bbox 2980 3297 3275 3361; x_wconf 83' lang='lat' dir='ltr'><strong>Romanos,</strong></span> <span class='ocrx_word' id='word_1_793' title='bbox 3290 3295 3537 3352; x_wconf 85' lang='lat' dir='ltr'><strong>conside-</strong></span> 
     </span>
    </p>
   </div>
   <div class='ocr_carea' id='block_1_95' title="bbox 1961 3383 3536 3459">
    <p class='ocr_par' dir='ltr' id='par_1_95' title="bbox 1961 3383 3536 3459">
     <span class='ocr_line' id='line_1_95' title="bbox 1961 3383 3536 3459; baseline 0.001 -20"><span class='ocrx_word' id='word_1_794' title='bbox 1961 3385 2184 3439; x_wconf 89' lang='lat' dir='ltr'><strong>randum</strong></span> <span class='ocrx_word' id='word_1_795' title='bbox 2213 3383 2354 3455; x_wconf 90' lang='lat' dir='ltr'><strong>quod</strong></span> <span class='ocrx_word' id='word_1_796' title='bbox 2377 3385 2664 3456; x_wconf 89' lang='lat' dir='ltr'><strong>Apostolus</strong></span> <span class='ocrx_word' id='word_1_797' title='bbox 2684 3386 2800 3452; x_wconf 87' lang='lat' dir='ltr'><strong>Dei,</strong></span> <span class='ocrx_word' id='word_1_798' title='bbox 2826 3388 2893 3443; x_wconf 85' lang='lat' dir='ltr'><strong>ad</strong></span> <span class='ocrx_word' id='word_1_799' title='bbox 2912 3403 3048 3459; x_wconf 85' lang='lat' dir='ltr'><strong>opus</strong></span> <span class='ocrx_word' id='word_1_800' title='bbox 3073 3388 3245 3443; x_wconf 87' lang='lat' dir='ltr'><strong>sancti</strong></span> <span class='ocrx_word' id='word_1_801' title='bbox 3265 3386 3536 3459; x_wconf 81' lang='lat' dir='ltr'><strong>Evangelii</strong></span> 
     </span>
    </p>
   </div>
   <div class='ocr_carea' id='block_1_96' title="bbox 1959 3464 3541 3549">
    <p class='ocr_par' dir='ltr' id='par_1_96' title="bbox 1959 3464 3541 3549">
     <span class='ocr_line' id='line_1_96' title="bbox 1959 3464 3541 3549; baseline 0.003 -21"><span class='ocrx_word' id='word_1_802' title='bbox 1959 3475 2325 3548; x_wconf 82' lang='lat' dir='ltr'><strong>proﬁciscens,</strong></span> <span class='ocrx_word' id='word_1_803' title='bbox 2339 3485 2619 3546; x_wconf 77' lang='lat' dir='ltr'><strong>exspectat</strong></span> <span class='ocrx_word' id='word_1_804' title='bbox 2635 3464 2804 3534; x_wconf 80' lang='lat' dir='ltr'><strong>donec</strong></span> <span class='ocrx_word' id='word_1_805' title='bbox 2814 3478 3276 3535; x_wconf 79' lang='lat' dir='ltr'><strong>obsecrationibus</strong></span> <span class='ocrx_word' id='word_1_806' title='bbox 3291 3480 3541 3549; x_wconf 84' lang='lat' dir='ltr'><strong>impetret</strong></span> 
     </span>
    </p>
   </div>
   <div class='ocr_carea' id='block_1_97' title="bbox 1961 3566 3540 3637">
    <p class='ocr_par' dir='ltr' id='par_1_97' title="bbox 1961 3566 3540 3637">
     <span class='ocr_line' id='line_1_97' title="bbox 1961 3566 3540 3637; baseline 0.002 -16"><span class='ocrx_word' id='word_1_807' title='bbox 1961 3583 2067 3621; x_wconf 91' lang='lat' dir='ltr'><strong>non</strong></span> <span class='ocrx_word' id='word_1_808' title='bbox 2090 3566 2260 3624; x_wconf 89' lang='lat' dir='ltr'><strong>solum</strong></span> <span class='ocrx_word' id='word_1_809' title='bbox 2289 3582 2604 3637; x_wconf 88' lang='lat' dir='ltr'><strong>prosperum</strong></span> <span class='ocrx_word' id='word_1_810' title='bbox 2631 3568 2730 3622; x_wconf 89' lang='lat' dir='ltr'><strong>sibi</strong></span> <span class='ocrx_word' id='word_1_811' title='bbox 2762 3568 2862 3623; x_wconf 89' lang='lat' dir='ltr'><strong>iter</strong></span> <span class='ocrx_word' id='word_1_812' title='bbox 2890 3567 3003 3623; x_wconf 87' lang='lat' dir='ltr'><strong>ﬁeri</strong></span> <span class='ocrx_word' id='word_1_813' title='bbox 3023 3608 3038 3633; x_wconf 94' lang='lat'><strong>,</strong></span> <span class='ocrx_word' id='word_1_814' title='bbox 3065 3569 3159 3623; x_wconf 88' lang='lat' dir='ltr'><strong>sed</strong></span> <span class='ocrx_word' id='word_1_815' title='bbox 3184 3568 3234 3623; x_wconf 93' lang='lat' dir='ltr'><strong>in</strong></span> <span class='ocrx_word' id='word_1_816' title='bbox 3269 3567 3540 3625; x_wconf 80' lang='lat' dir='ltr'><strong>voluntate</strong></span> 
     </span>
    </p>
   </div>
   <div class='ocr_carea' id='block_1_98' title="bbox 1962 3656 3539 3730">
    <p class='ocr_par' dir='ltr' id='par_1_98' title="bbox 1962 3656 3539 3730">
     <span class='ocr_line' id='line_1_98' title="bbox 1962 3656 3539 3730; baseline 0.003 -20"><span class='ocrx_word' id='word_1_817' title='bbox 1962 3656 2058 3712; x_wconf 88' lang='lat' dir='ltr'><strong>Dei</strong></span> <span class='ocrx_word' id='word_1_818' title='bbox 2091 3673 2409 3727; x_wconf 87' lang='lat' dir='ltr'><strong>prosperum</strong></span> <span class='ocrx_word' id='word_1_819' title='bbox 2455 3656 2603 3721; x_wconf 86' lang='lat' dir='ltr'><strong>ﬁeri;</strong></span> <span class='ocrx_word' id='word_1_820' title='bbox 2663 3661 2803 3729; x_wconf 81' lang='lat' dir='ltr'><strong>unde</strong></span> <span class='ocrx_word' id='word_1_821' title='bbox 2840 3669 2890 3714; x_wconf 88' lang='lat' dir='ltr'><strong>et</strong></span> <span class='ocrx_word' id='word_1_822' title='bbox 2943 3660 3111 3712; x_wconf 86' lang='lat' dir='ltr'><strong>multo</strong></span> <span class='ocrx_word' id='word_1_823' title='bbox 3158 3660 3329 3730; x_wconf 73' lang='lat' dir='ltr'><strong>magis</strong></span> <span class='ocrx_word' id='word_1_824' title='bbox 3363 3660 3539 3724; x_wconf 79' lang='lat' dir='ltr'><strong>nobis,</strong></span> 
     </span>
    </p>
   </div>
   <div class='ocr_carea' id='block_1_99' title="bbox 1962 3736 3540 3817">
    <p class='ocr_par' dir='ltr' id='par_1_99' title="bbox 1962 3736 3540 3817">
     <span class='ocr_line' id='line_1_99' title="bbox 1962 3736 3540 3817; baseline 0.003 -17"><span class='ocrx_word' id='word_1_825' title='bbox 1962 3748 2156 3817; x_wconf 89' lang='lat' dir='ltr'><strong>quibus</strong></span> <span class='ocrx_word' id='word_1_826' title='bbox 2185 3763 2290 3802; x_wconf 90' lang='lat' dir='ltr'><strong>non</strong></span> <span class='ocrx_word' id='word_1_827' title='bbox 2320 3757 2402 3801; x_wconf 89' lang='lat' dir='ltr'><strong>est</strong></span> <span class='ocrx_word' id='word_1_828' title='bbox 2432 3748 2514 3801; x_wconf 80' lang='lat' dir='ltr'><strong>vel</strong></span> <span class='ocrx_word' id='word_1_829' title='bbox 2539 3748 2718 3816; x_wconf 88' lang='lat' dir='ltr'><strong>operis</strong></span> <span class='ocrx_word' id='word_1_830' title='bbox 2750 3757 2920 3812; x_wconf 83' lang='lat' dir='ltr'><strong>tanta,</strong></span> <span class='ocrx_word' id='word_1_831' title='bbox 2947 3750 3025 3803; x_wconf 85' lang='lat' dir='ltr'><strong>vel</strong></span> <span class='ocrx_word' id='word_1_832' title='bbox 3056 3736 3233 3813; x_wconf 85' lang='lat' dir='ltr'><strong>meriti</strong></span> <span class='ocrx_word' id='word_1_833' title='bbox 3264 3751 3540 3805; x_wconf 59' lang='lat' dir='ltr'><strong>cons-eiei»</strong></span> 
     </span>
    </p>
   </div>
   <div class='ocr_carea' id='block_1_100' title="bbox 1964 3838 3621 3908">
    <p class='ocr_par' dir='ltr' id='par_1_100' title="bbox 1964 3838 3621 3908">
     <span class='ocr_line' id='line_1_100' title="bbox 1964 3838 3621 3908; baseline 0.002 -15"><span class='ocrx_word' id='word_1_834' title='bbox 1964 3842 2062 3904; x_wconf 87' lang='lat' dir='ltr'><strong>tia,</strong></span> <span class='ocrx_word' id='word_1_835' title='bbox 2080 3855 2199 3892; x_wconf 88' lang='lat' dir='ltr'><strong>cum</strong></span> <span class='ocrx_word' id='word_1_836' title='bbox 2217 3838 2415 3908; x_wconf 86' lang='lat' dir='ltr'><strong>aliquid</strong></span> <span class='ocrx_word' id='word_1_837' title='bbox 2440 3853 2598 3907; x_wconf 86' lang='lat' dir='ltr'><strong>agere</strong></span> <span class='ocrx_word' id='word_1_838' title='bbox 2622 3838 2975 3908; x_wconf 75' lang='lat' dir='ltr'><strong>diSponimus,</strong></span> <span class='ocrx_word' id='word_1_839' title='bbox 2995 3854 3025 3892; x_wconf 90' lang='lat' dir='ltr'><strong>a</strong></span> <span class='ocrx_word' id='word_1_840' title='bbox 3051 3840 3159 3895; x_wconf 85' lang='lat' dir='ltr'><strong>Deo</strong></span> <span class='ocrx_word' id='word_1_841' title='bbox 3184 3840 3393 3896; x_wconf 79' lang='lat' dir='ltr'><strong>itineris</strong></span> <span class='ocrx_word' id='word_1_842' title='bbox 3419 3856 3541 3908; x_wconf 85' lang='lat' dir='ltr'><strong>pro-</strong></span> <span class='ocrx_word' id='word_1_843' title='bbox 3614 3846 3621 3849; x_wconf 63' lang='grc'>⁷</span> 
     </span>
    </p>
   </div>
   <div class='ocr_carea' id='block_1_101' title="bbox 1964 3927 3543 4000">
    <p class='ocr_par' dir='ltr' id='par_1_101' title="bbox 1964 3927 3543 4000">
     <span class='ocr_line' id='line_1_101' title="bbox 1964 3927 3543 4000; baseline 0 -16"><span class='ocrx_word' id='word_1_844' title='bbox 1964 3931 2193 4000; x_wconf 84' lang='lat' dir='ltr'><strong>speritas</strong></span> <span class='ocrx_word' id='word_1_845' title='bbox 2217 3929 2533 3999; x_wconf 80' lang='lat' dir='ltr'><strong>postulanda</strong></span> <span class='ocrx_word' id='word_1_846' title='bbox 2562 3937 2662 3982; x_wconf 86' lang='lat' dir='ltr'><strong>est.</strong></span> <span class='ocrx_word' id='word_1_847' title='bbox 2692 3927 3039 3991; x_wconf 77' lang='lat' dir='ltr'><strong>Putotauteu</strong></span> <span class='ocrx_word' id='word_1_848' title='bbox 3078 3929 3218 3998; x_wconf 89' lang='lat' dir='ltr'><strong>quod</strong></span> <span class='ocrx_word' id='word_1_849' title='bbox 3247 3931 3415 3987; x_wconf 83' lang='lat' dir='ltr'><strong>etiam</strong></span> <span class='ocrx_word' id='word_1_850' title='bbox 3442 3932 3543 3985; x_wconf 86' lang='lat' dir='ltr'><strong>hoc</strong></span> 
     </span>
    </p>
   </div>
   <div class='ocr_carea' id='block_1_102' title="bbox 1966 4017 3543 4096">
    <p class='ocr_par' dir='ltr' id='par_1_102' title="bbox 1966 4017 3543 4096">
     <span class='ocr_line' id='line_1_102' title="bbox 1966 4017 3543 4096; baseline 0.003 -25"><span class='ocrx_word' id='word_1_851' title='bbox 1966 4019 2131 4096; x_wconf 75' lang='lat' dir='ltr'><strong>voluit</strong></span> <span class='ocrx_word' id='word_1_852' title='bbox 2162 4017 2384 4086; x_wconf 81' lang='lat' dir='ltr'><strong>intelligi</strong></span> <span class='ocrx_word' id='word_1_853' title='bbox 2428 4017 2736 4089; x_wconf 84' lang='lat' dir='ltr'><strong>Apostolus,</strong></span> <span class='ocrx_word' id='word_1_854' title='bbox 2772 4017 2898 4085; x_wconf 85' lang='lat' dir='ltr'><strong>quia</strong></span> <span class='ocrx_word' id='word_1_855' title='bbox 2930 4032 3034 4074; x_wconf 90' lang='lat' dir='ltr'><strong>non</strong></span> <span class='ocrx_word' id='word_1_856' title='bbox 3066 4034 3280 4091; x_wconf 83' lang='lat' dir='ltr'><strong>semper</strong></span> <span class='ocrx_word' id='word_1_857' title='bbox 3322 4036 3543 4091; x_wconf 81' lang='lat' dir='ltr'><strong>prOSpe-</strong></span> 
     </span>
    </p>
   </div>
   <div class='ocr_carea' id='block_1_103' title="bbox 1967 4107 3544 4180">
    <p class='ocr_par' dir='ltr' id='par_1_103' title="bbox 1967 4107 3544 4180">
     <span class='ocr_line' id='line_1_103' title="bbox 1967 4107 3544 4180; baseline 0.003 -19"><span class='ocrx_word' id='word_1_858' title='bbox 1967 4109 2097 4163; x_wconf 88' lang='lat' dir='ltr'><strong>ritas</strong></span> <span class='ocrx_word' id='word_1_859' title='bbox 2142 4107 2350 4163; x_wconf 87' lang='lat' dir='ltr'><strong>itineris</strong></span> <span class='ocrx_word' id='word_1_860' title='bbox 2400 4109 2492 4162; x_wconf 89' lang='lat' dir='ltr'><strong>Dei</strong></span> <span class='ocrx_word' id='word_1_861' title='bbox 2547 4108 2818 4167; x_wconf 79' lang='lat' dir='ltr'><strong>voluntate</strong></span> <span class='ocrx_word' id='word_1_862' title='bbox 2867 4108 3160 4177; x_wconf 87' lang='lat' dir='ltr'><strong>perﬁcitur.</strong></span> <span class='ocrx_word' id='word_1_863' title='bbox 3198 4109 3439 4180; x_wconf 86' lang='lat' dir='ltr'><strong>Denique</strong></span> <span class='ocrx_word' id='word_1_864' title='bbox 3487 4123 3544 4167; x_wconf 90' lang='lat' dir='ltr'><strong>et</strong></span> 
     </span>
    </p>
   </div>
   <div class='ocr_carea' id='block_1_104' title="bbox 1966 4198 3545 4268">
    <p class='ocr_par' dir='ltr' id='par_1_104' title="bbox 1966 4198 3545 4268">
     <span class='ocr_line' id='line_1_104' title="bbox 1966 4198 3545 4268; baseline 0.003 -14"><span class='ocrx_word' id='word_1_865' title='bbox 1966 4200 2182 4254; x_wconf 73' lang='lat' dir='ltr'><strong>Balaam</strong></span> <span class='ocrx_word' id='word_1_866' title='bbox 2214 4199 2315 4253; x_wconf 89' lang='lat' dir='ltr'><strong>iter</strong></span> <span class='ocrx_word' id='word_1_867' title='bbox 2346 4199 2530 4253; x_wconf 88' lang='lat' dir='ltr'><strong>habuit</strong></span> <span class='ocrx_word' id='word_1_868' title='bbox 2580 4213 2895 4268; x_wconf 87' lang='lat' dir='ltr'><strong>prosperum</strong></span> <span class='ocrx_word' id='word_1_869' title='bbox 2941 4198 3102 4253; x_wconf 86' lang='lat' dir='ltr'><strong>eundi</strong></span> <span class='ocrx_word' id='word_1_870' title='bbox 3136 4200 3203 4256; x_wconf 87' lang='lat' dir='ltr'><strong>ad</strong></span> <span class='ocrx_word' id='word_1_871' title='bbox 3256 4200 3438 4266; x_wconf 82' lang='lat' dir='ltr'><strong>Baiae,</strong></span> <span class='ocrx_word' id='word_1_872' title='bbox 3487 4215 3545 4259; x_wconf 87' lang='lat' dir='ltr'><strong>ut</strong></span> 
     </span>
    </p>
   </div>
   <div class='ocr_carea' id='block_1_105' title="bbox 1966 4287 3544 4360">
    <p class='ocr_par' dir='ltr' id='par_1_105' title="bbox 1966 4287 3544 4360">
     <span class='ocr_line' id='line_1_105' title="bbox 1966 4287 3544 4360; baseline 0 -15"><span class='ocrx_word' id='word_1_873' title='bbox 1966 4290 2314 4345; x_wconf 85' lang='lat' dir='ltr'><strong>malediceret</strong></span> <span class='ocrx_word' id='word_1_874' title='bbox 2350 4288 2544 4359; x_wconf 61' lang='lat' dir='ltr'><strong>populo</strong></span> <span class='ocrx_word' id='word_1_875' title='bbox 2587 4287 2746 4343; x_wconf 85' lang='lat' dir='ltr'><strong>Israel</strong></span> <span class='ocrx_word' id='word_1_876' title='bbox 2775 4287 2965 4358; x_wconf 79' lang='lat' dir='ltr'><strong>(Nam.</strong></span> <span class='ocrx_word' id='word_1_877' title='bbox 2997 4289 3155 4360; x_wconf 67' lang='grc' dir='ltr'><strong>χχιι),</strong></span> <span class='ocrx_word' id='word_1_878' title='bbox 3183 4291 3278 4345; x_wconf 86' lang='lat' dir='ltr'><strong>sed</strong></span> <span class='ocrx_word' id='word_1_879' title='bbox 3304 4293 3544 4346; x_wconf 59' lang='lat' dir='ltr'><strong>non&#39;lnit</strong></span> 
     </span>
    </p>
   </div>
   <div class='ocr_carea' id='block_1_106' title="bbox 1970 4379 3545 4455">
    <p class='ocr_par' dir='ltr' id='par_1_106' title="bbox 1970 4379 3545 4455">
     <span class='ocr_line' id='line_1_106' title="bbox 1970 4379 3545 4455; baseline 0.001 -19"><span class='ocrx_word' id='word_1_880' title='bbox 1970 4379 2057 4436; x_wconf 91' lang='lat' dir='ltr'><strong>illa</strong></span> <span class='ocrx_word' id='word_1_881' title='bbox 2084 4394 2150 4435; x_wconf 76' lang='lat' dir='ltr'><strong>ex</strong></span> <span class='ocrx_word' id='word_1_882' title='bbox 2177 4379 2448 4455; x_wconf 71' lang='lat' dir='ltr'><strong>voluntate</strong></span> <span class='ocrx_word' id='word_1_883' title='bbox 2470 4380 2649 4434; x_wconf 84' lang='lat' dir='ltr'><strong>divina</strong></span> <span class='ocrx_word' id='word_1_884' title='bbox 2671 4381 3032 4450; x_wconf 87' lang='lat' dir='ltr'><strong>prosperitas;</strong></span> <span class='ocrx_word' id='word_1_885' title='bbox 3059 4388 3113 4435; x_wconf 90' lang='lat' dir='ltr'><strong>et</strong></span> <span class='ocrx_word' id='word_1_886' title='bbox 3138 4380 3291 4439; x_wconf 87' lang='lat' dir='ltr'><strong>multi</strong></span> <span class='ocrx_word' id='word_1_887' title='bbox 3312 4383 3363 4435; x_wconf 90' lang='lat' dir='ltr'><strong>in</strong></span> <span class='ocrx_word' id='word_1_888' title='bbox 3387 4382 3545 4438; x_wconf 88' lang='lat' dir='ltr'><strong>rebus</strong></span> 
     </span>
    </p>
   </div>
   <div class='ocr_carea' id='block_1_107' title="bbox 1969 4471 3544 4541">
    <p class='ocr_par' dir='ltr' id='par_1_107' title="bbox 1969 4471 3544 4541">
     <span class='ocr_line' id='line_1_107' title="bbox 1969 4471 3544 4541; baseline 0.001 -13"><span class='ocrx_word' id='word_1_889' title='bbox 1969 4472 2146 4528; x_wconf 69' lang='lat' dir='ltr'><strong>swculi</strong></span> <span class='ocrx_word' id='word_1_890' title='bbox 2194 4471 2466 4541; x_wconf 88' lang='lat' dir='ltr'><strong>prosperis</strong></span> <span class='ocrx_word' id='word_1_891' title='bbox 2488 4478 2711 4525; x_wconf 89' lang='lat' dir='ltr'><strong>utuntur</strong></span> <span class='ocrx_word' id='word_1_892' title='bbox 2735 4472 3074 4528; x_wconf 86' lang='lat' dir='ltr'><strong>successibus</strong></span> <span class='ocrx_word' id='word_1_893' title='bbox 3116 4482 3171 4527; x_wconf 91' lang='lat' dir='ltr'><strong>et</strong></span> <span class='ocrx_word' id='word_1_894' title='bbox 3197 4473 3466 4529; x_wconf 81' lang='lat' dir='ltr'><strong>exsultant</strong></span> <span class='ocrx_word' id='word_1_895' title='bbox 3490 4473 3544 4529; x_wconf 80' lang='lat' dir='ltr'><strong>iu</strong></span> 
     </span>
    </p>
   </div>
   <div class='ocr_carea' id='block_1_108' title="bbox 1968 4565 3543 4638">
    <p class='ocr_par' dir='ltr' id='par_1_108' title="bbox 1968 4565 3543 4638">
     <span class='ocr_line' id='line_1_108' title="bbox 1968 4565 3543 4638; baseline 0 -16"><span class='ocrx_word' id='word_1_896' title='bbox 1968 4567 2415 4638; x_wconf 86' lang='lat' dir='ltr'><strong>prosperitatibus</strong></span> <span class='ocrx_word' id='word_1_897' title='bbox 2441 4565 2573 4630; x_wconf 86' lang='lat' dir='ltr'><strong>suis,</strong></span> <span class='ocrx_word' id='word_1_898' title='bbox 2606 4565 2698 4621; x_wconf 88' lang='lat' dir='ltr'><strong>sed</strong></span> <span class='ocrx_word' id='word_1_899' title='bbox 2724 4582 2829 4620; x_wconf 89' lang='lat' dir='ltr'><strong>non</strong></span> <span class='ocrx_word' id='word_1_900' title='bbox 2859 4575 2944 4621; x_wconf 89' lang='lat' dir='ltr'><strong>est</strong></span> <span class='ocrx_word' id='word_1_901' title='bbox 2977 4567 3101 4622; x_wconf 88' lang='lat' dir='ltr'><strong>talis</strong></span> <span class='ocrx_word' id='word_1_902' title='bbox 3120 4567 3450 4636; x_wconf 85' lang='lat' dir='ltr'><strong>prosperitas</strong></span> <span class='ocrx_word' id='word_1_903' title='bbox 3476 4582 3543 4623; x_wconf 79' lang='lat' dir='ltr'><strong>ex</strong></span> 
     </span>
    </p>
   </div>
   <div class='ocr_carea' id='block_1_109' title="bbox 1972 4657 3545 4735">
    <p class='ocr_par' dir='ltr' id='par_1_109' title="bbox 1972 4657 3545 4735">
     <span class='ocr_line' id='line_1_109' title="bbox 1972 4657 3545 4735; baseline 0.001 -21"><span class='ocrx_word' id='word_1_904' title='bbox 1972 4661 2242 4735; x_wconf 77' lang='lat' dir='ltr'><strong>voluntate</strong></span> <span class='ocrx_word' id='word_1_905' title='bbox 2265 4658 2386 4724; x_wconf 90' lang='lat' dir='ltr'><strong>Dei,</strong></span> <span class='ocrx_word' id='word_1_906' title='bbox 2415 4658 2518 4713; x_wconf 90' lang='lat' dir='ltr'><strong>nisi</strong></span> <span class='ocrx_word' id='word_1_907' title='bbox 2543 4672 2665 4715; x_wconf 87' lang='lat' dir='ltr'><strong>cum</strong></span> <span class='ocrx_word' id='word_1_908' title='bbox 2697 4657 2801 4713; x_wconf 83' lang='lat' dir='ltr'><strong>tale</strong></span> <span class='ocrx_word' id='word_1_909' title='bbox 2839 4669 2924 4713; x_wconf 89' lang='lat' dir='ltr'><strong>est</strong></span> <span class='ocrx_word' id='word_1_910' title='bbox 2950 4671 3085 4727; x_wconf 87' lang='lat' dir='ltr'><strong>opus</strong></span> <span class='ocrx_word' id='word_1_911' title='bbox 3114 4657 3327 4713; x_wconf 84' lang='lat' dir='ltr'><strong>itineris</strong></span> <span class='ocrx_word' id='word_1_912' title='bbox 3352 4658 3545 4726; x_wconf 86' lang='lat' dir='ltr'><strong>nostri,</strong></span> 
     </span>
    </p>
   </div>
   <div class='ocr_carea' id='block_1_110' title="bbox 1969 4747 2840 4821">
    <p class='ocr_par' dir='ltr' id='par_1_110' title="bbox 1969 4747 2840 4821">
     <span class='ocr_line' id='line_1_110' title="bbox 1969 4747 2840 4821; baseline -0.002 -16"><span class='ocrx_word' id='word_1_913' title='bbox 1969 4752 2127 4821; x_wconf 87' lang='lat' dir='ltr'><strong>quale</strong></span> <span class='ocrx_word' id='word_1_914' title='bbox 2143 4751 2235 4806; x_wconf 83' lang='lat' dir='ltr'><strong>hic</strong></span> <span class='ocrx_word' id='word_1_915' title='bbox 2257 4750 2499 4821; x_wconf 78' lang='lat' dir='ltr'><strong>designat</strong></span> <span class='ocrx_word' id='word_1_916' title='bbox 2534 4747 2840 4820; x_wconf 84' lang='lat' dir='ltr'><strong>Apostolus.</strong></span> 
     </span>
    </p>
   </div>
   <div class='ocr_carea' id='block_1_111' title="bbox 2044 4836 3544 4909">
    <p class='ocr_par' dir='ltr' id='par_1_111' title="bbox 2044 4836 3544 4909">
     <span class='ocr_line' id='line_1_111' title="bbox 2044 4836 3544 4909; baseline -0.003 -14"><span class='ocrx_word' id='word_1_917' title='bbox 2044 4841 2292 4905; x_wconf 75' lang='lat' dir='ltr'><strong>Desidere</strong></span> <span class='ocrx_word' id='word_1_918' title='bbox 2314 4839 2449 4894; x_wconf 85' lang='lat' dir='ltr'><strong>enim</strong></span> <span class='ocrx_word' id='word_1_919' title='bbox 2481 4839 2650 4893; x_wconf 79' lang='lat' dir='ltr'><strong>videre</strong></span> <span class='ocrx_word' id='word_1_920' title='bbox 2673 4856 2782 4904; x_wconf 88' lang='lat' dir='ltr'><strong>vos,</strong></span> <span class='ocrx_word' id='word_1_921' title='bbox 2810 4849 2866 4892; x_wconf 86' lang='lat' dir='ltr'><strong>ut</strong></span> <span class='ocrx_word' id='word_1_922' title='bbox 2892 4838 3092 4909; x_wconf 74' lang='lat' dir='ltr'><strong>aliquid</strong></span> <span class='ocrx_word' id='word_1_923' title='bbox 3112 4839 3382 4908; x_wconf 87' lang='lat' dir='ltr'><strong>impertiar</strong></span> <span class='ocrx_word' id='word_1_924' title='bbox 3403 4836 3544 4892; x_wconf 79' lang='lat' dir='ltr'><strong>vobis</strong></span> 
     </span>
    </p>
   </div>
   <div class='ocr_carea' id='block_1_112' title="bbox 1969 4924 3601 5005">
    <p class='ocr_par' dir='ltr' id='par_1_112' title="bbox 1969 4924 3601 5005">
     <span class='ocr_line' id='line_1_112' title="bbox 1969 4924 3601 5005; baseline -0.005 -17"><span class='ocrx_word' id='word_1_925' title='bbox 1969 4936 2153 5005; x_wconf 75' lang='lat' dir='ltr'><strong>gratia:</strong></span> <span class='ocrx_word' id='word_1_926' title='bbox 2178 4932 2429 5004; x_wconf 84' lang='lat' dir='ltr'><strong>spiritalis</strong></span> <span class='ocrx_word' id='word_1_927' title='bbox 2477 4931 2546 4984; x_wconf 85' lang='lat' dir='ltr'><strong>ad</strong></span> <span class='ocrx_word' id='word_1_928' title='bbox 2577 4930 2961 4999; x_wconf 78' lang='lat' dir='ltr'><strong>conﬁrmandos</strong></span> <span class='ocrx_word' id='word_1_929' title='bbox 3011 4947 3113 4984; x_wconf 91' lang='lat' dir='ltr'><strong>vos.</strong></span> <span class='ocrx_word' id='word_1_930' title='bbox 3167 4929 3347 4999; x_wconf 80' lang='lat' dir='ltr'><strong>(Aug.)</strong></span> <span class='ocrx_word' id='word_1_931' title='bbox 3394 4924 3547 4993; x_wconf 84' lang='lat' dir='ltr'><strong>Quod</strong></span> <span class='ocrx_word' id='word_1_932' title='bbox 3598 4944 3601 4949; x_wconf 58' lang='grc' dir='ltr'><strong>λ</strong></span> 
     </span>
    </p>
   </div>
   <div class='ocr_carea' id='block_1_113' title="bbox 1971 5016 3546 5090">
    <p class='ocr_par' dir='ltr' id='par_1_113' title="bbox 1971 5016 3546 5090">
     <span class='ocr_line' id='line_1_113' title="bbox 1971 5016 3546 5090; baseline -0.006 -12"><span class='ocrx_word' id='word_1_933' title='bbox 1971 5032 2152 5078; x_wconf 87' lang='lat' dir='ltr'><strong>autem</strong></span> <span class='ocrx_word' id='word_1_934' title='bbox 2200 5022 2347 5086; x_wconf 83' lang='lat' dir='ltr'><strong>dicit,</strong></span> <span class='ocrx_word' id='word_1_935' title='bbox 2394 5030 2448 5074; x_wconf 90' lang='lat' dir='ltr'><strong>ut</strong></span> <span class='ocrx_word' id='word_1_936' title='bbox 2488 5020 2715 5090; x_wconf 82' lang='lat' dir='ltr'><strong>gratiam</strong></span> <span class='ocrx_word' id='word_1_937' title='bbox 2755 5020 2894 5074; x_wconf 83' lang='lat' dir='ltr'><strong>vobis</strong></span> <span class='ocrx_word' id='word_1_938' title='bbox 2938 5017 3224 5087; x_wconf 85' lang='lat' dir='ltr'><strong>spiritalem</strong></span> <span class='ocrx_word' id='word_1_939' title='bbox 3258 5016 3546 5086; x_wconf 81' lang='lat' dir='ltr'><strong>impertiar,</strong></span> 
     </span>
    </p>
   </div>
   <div class='ocr_carea' id='block_1_114' title="bbox 1971 5104 3548 5177">
    <p class='ocr_par' dir='ltr' id='par_1_114' title="bbox 1971 5104 3548 5177">
     <span class='ocr_line' id='line_1_114' title="bbox 1971 5104 3548 5177; baseline -0.006 -9"><span class='ocrx_word' id='word_1_940' title='bbox 1971 5114 2308 5169; x_wconf 82' lang='lat' dir='ltr'><strong>dilectionem</strong></span> <span class='ocrx_word' id='word_1_941' title='bbox 2347 5110 2556 5166; x_wconf 85' lang='lat' dir='ltr'><strong>scilicet</strong></span> <span class='ocrx_word' id='word_1_942' title='bbox 2591 5109 2684 5163; x_wconf 89' lang='lat' dir='ltr'><strong>Dei</strong></span> <span class='ocrx_word' id='word_1_943' title='bbox 2736 5119 2789 5164; x_wconf 87' lang='lat' dir='ltr'><strong>et</strong></span> <span class='ocrx_word' id='word_1_944' title='bbox 2826 5107 3076 5177; x_wconf 79' lang='lat' dir='ltr'><strong>proximi,</strong></span> <span class='ocrx_word' id='word_1_945' title='bbox 3114 5114 3174 5159; x_wconf 92' lang='lat' dir='ltr'><strong>ut</strong></span> <span class='ocrx_word' id='word_1_946' title='bbox 3219 5119 3317 5174; x_wconf 88' lang='lat' dir='ltr'><strong>per</strong></span> <span class='ocrx_word' id='word_1_947' title='bbox 3364 5104 3548 5159; x_wconf 78' lang='lat' dir='ltr'><strong>chari-</strong></span> 
     </span>
    </p>
   </div>
   <div class='ocr_carea' id='block_1_115' title="bbox 1975 5194 3550 5271">
    <p class='ocr_par' dir='ltr' id='par_1_115' title="bbox 1975 5194 3550 5271">
     <span class='ocr_line' id='line_1_115' title="bbox 1975 5194 3550 5271; baseline -0.006 -13"><span class='ocrx_word' id='word_1_948' title='bbox 1975 5214 2135 5258; x_wconf 86' lang='lat' dir='ltr'><strong>tatem</strong></span> <span class='ocrx_word' id='word_1_949' title='bbox 2165 5202 2363 5257; x_wconf 88' lang='lat' dir='ltr'><strong>Christi</strong></span> <span class='ocrx_word' id='word_1_950' title='bbox 2409 5200 2659 5271; x_wconf 80' lang='lat' dir='ltr'><strong>gentibus</strong></span> <span class='ocrx_word' id='word_1_951' title='bbox 2690 5198 2743 5251; x_wconf 91' lang='lat' dir='ltr'><strong>in</strong></span> <span class='ocrx_word' id='word_1_952' title='bbox 2794 5195 3140 5268; x_wconf 82' lang='lat' dir='ltr'><strong>Evangelium</strong></span> <span class='ocrx_word' id='word_1_953' title='bbox 3184 5195 3391 5251; x_wconf 81' lang='lat' dir='ltr'><strong>vocatis</strong></span> <span class='ocrx_word' id='word_1_954' title='bbox 3449 5194 3550 5249; x_wconf 89' lang='lat' dir='ltr'><strong>mi-</strong></span> 
     </span>
    </p>
   </div>
   <div class='ocr_carea' id='block_1_116' title="bbox 1974 5286 3546 5360">
    <p class='ocr_par' dir='ltr' id='par_1_116' title="bbox 1974 5286 3546 5360">
     <span class='ocr_line' id='line_1_116' title="bbox 1974 5286 3546 5360; baseline -0.01 -8"><span class='ocrx_word' id='word_1_955' title='bbox 1974 5299 2117 5352; x_wconf 87' lang='lat' dir='ltr'><strong>nime</strong></span> <span class='ocrx_word' id='word_1_956' title='bbox 2171 5294 2485 5348; x_wconf 77' lang='lat' dir='ltr'><strong>inviderent.</strong></span> <span class='ocrx_word' id='word_1_957' title='bbox 2537 5290 2735 5360; x_wconf 84' lang='lat' dir='ltr'><strong>(Amb.)</strong></span> <span class='ocrx_word' id='word_1_958' title='bbox 2773 5287 3122 5343; x_wconf 85' lang='lat' dir='ltr'><strong>Conﬁrmatio</strong></span> <span class='ocrx_word' id='word_1_959' title='bbox 3145 5286 3263 5341; x_wconf 57' lang='lat' dir='ltr'><strong>haec</strong></span> <span class='ocrx_word' id='word_1_960' title='bbox 3289 5293 3397 5339; x_wconf 88' lang='lat' dir='ltr'><strong>tres</strong></span> <span class='ocrx_word' id='word_1_961' title='bbox 3421 5299 3546 5353; x_wconf 72' lang='lat' dir='ltr'><strong>per~</strong></span> 
     </span>
    </p>
   </div>
   <div class='ocr_carea' id='block_1_117' title="bbox 1974 5374 3548 5454">
    <p class='ocr_par' dir='ltr' id='par_1_117' title="bbox 1974 5374 3548 5454">
     <span class='ocr_line' id='line_1_117' title="bbox 1974 5374 3548 5454; baseline -0.01 -12"><span class='ocrx_word' id='word_1_962' title='bbox 1974 5402 2135 5443; x_wconf 86' lang='lat' dir='ltr'><strong>sonas</strong></span> <span class='ocrx_word' id='word_1_963' title='bbox 2163 5384 2408 5454; x_wconf 88' lang='lat' dir='ltr'><strong>requirit,</strong></span> <span class='ocrx_word' id='word_1_964' title='bbox 2433 5381 2719 5436; x_wconf 87' lang='lat' dir='ltr'><strong>annuentis</strong></span> <span class='ocrx_word' id='word_1_965' title='bbox 2752 5380 2867 5440; x_wconf 85' lang='lat' dir='ltr'><strong>Dei,</strong></span> <span class='ocrx_word' id='word_1_966' title='bbox 2903 5377 3260 5432; x_wconf 85' lang='lat' dir='ltr'><strong>ministrantis</strong></span> <span class='ocrx_word' id='word_1_967' title='bbox 3285 5374 3548 5444; x_wconf 82' lang='lat' dir='ltr'><strong>Apostoli,</strong></span> 
     </span>
    </p>
   </div>
   <div class='ocr_carea' id='block_1_118' title="bbox 1975 5466 3546 5546">
    <p class='ocr_par' dir='ltr' id='par_1_118' title="bbox 1975 5466 3546 5546">
     <span class='ocr_line' id='line_1_118' title="bbox 1975 5466 3546 5546; baseline -0.009 -13"><span class='ocrx_word' id='word_1_968' title='bbox 1975 5475 2287 5546; x_wconf 89' lang='lat' dir='ltr'><strong>accipientis</strong></span> <span class='ocrx_word' id='word_1_969' title='bbox 2329 5473 2528 5542; x_wconf 89' lang='lat' dir='ltr'><strong>populi.</strong></span> <span class='ocrx_word' id='word_1_970' title='bbox 2580 5471 2732 5525; x_wconf 78' lang='lat' dir='ltr'><strong>Nunc</strong></span> <span class='ocrx_word' id='word_1_971' title='bbox 2775 5483 2902 5539; x_wconf 82' lang='lat' dir='ltr'><strong>ergo</strong></span> <span class='ocrx_word' id='word_1_972' title='bbox 2948 5468 3200 5523; x_wconf 86' lang='lat' dir='ltr'><strong>desiderii</strong></span> <span class='ocrx_word' id='word_1_973' title='bbox 3242 5467 3325 5521; x_wconf 88' lang='lat' dir='ltr'><strong>sui</strong></span> <span class='ocrx_word' id='word_1_974' title='bbox 3365 5466 3546 5521; x_wconf 79' lang='lat' dir='ltr'><strong>volan-</strong></span> 
     </span>
    </p>
   </div>
   <div class='ocr_carea' id='block_1_119' title="bbox 1976 5556 3551 5631">
    <p class='ocr_par' dir='ltr' id='par_1_119' title="bbox 1976 5556 3551 5631">
     <span class='ocr_line' id='line_1_119' title="bbox 1976 5556 3551 5631; baseline -0.007 -12"><span class='ocrx_word' id='word_1_975' title='bbox 1976 5576 2140 5621; x_wconf 86' lang='lat' dir='ltr'><strong>tatem</strong></span> <span class='ocrx_word' id='word_1_976' title='bbox 2170 5564 2425 5628; x_wconf 86' lang='lat' dir='ltr'><strong>ostendit,</strong></span> <span class='ocrx_word' id='word_1_977' title='bbox 2462 5576 2697 5631; x_wconf 89' lang='lat' dir='ltr'><strong>quonam</strong></span> <span class='ocrx_word' id='word_1_978' title='bbox 2726 5565 2869 5614; x_wconf 68' lang='lat' dir='ltr'><strong>esset</strong></span> <span class='ocrx_word' id='word_1_979' title='bbox 2897 5567 3022 5614; x_wconf 82' lang='lat' dir='ltr'><strong>voto</strong></span> <span class='ocrx_word' id='word_1_980' title='bbox 3047 5558 3190 5612; x_wconf 88' lang='lat' dir='ltr'><strong>circa</strong></span> <span class='ocrx_word' id='word_1_981' title='bbox 3230 5558 3365 5611; x_wconf 81' lang='lat' dir='ltr'><strong>illos.</strong></span> <span class='ocrx_word' id='word_1_982' title='bbox 3419 5556 3551 5611; x_wconf 80' lang='lat' dir='ltr'><strong>Cum</strong></span> 
     </span>
    </p>
   </div>
   <div class='ocr_carea' id='block_1_120' title="bbox 1977 5647 3548 5723">
    <p class='ocr_par' dir='ltr' id='par_1_120' title="bbox 1977 5647 3548 5723">
     <span class='ocr_line' id='line_1_120' title="bbox 1977 5647 3548 5723; baseline -0.003 -15"><span class='ocrx_word' id='word_1_983' title='bbox 1977 5655 2120 5708; x_wconf 90' lang='lat' dir='ltr'><strong>enim</strong></span> <span class='ocrx_word' id='word_1_984' title='bbox 2169 5654 2319 5717; x_wconf 87' lang='lat' dir='ltr'><strong>dicit,</strong></span> <span class='ocrx_word' id='word_1_985' title='bbox 2372 5662 2426 5706; x_wconf 92' lang='lat' dir='ltr'><strong>ut</strong></span> <span class='ocrx_word' id='word_1_986' title='bbox 2469 5651 2691 5723; x_wconf 87' lang='lat' dir='ltr'><strong>gratiam</strong></span> <span class='ocrx_word' id='word_1_987' title='bbox 2715 5647 3002 5719; x_wconf 84' lang='lat' dir='ltr'><strong>spiritalem</strong></span> <span class='ocrx_word' id='word_1_988' title='bbox 3048 5648 3187 5701; x_wconf 88' lang='lat' dir='ltr'><strong>vobis</strong></span> <span class='ocrx_word' id='word_1_989' title='bbox 3244 5650 3548 5717; x_wconf 71' lang='lat' dir='ltr'><strong>ministrent,</strong></span> 
     </span>
    </p>
   </div>
   <div class='ocr_carea' id='block_1_121' title="bbox 3083 5734 3150 5797">
    <p class='ocr_par' dir='ltr' id='par_1_121' title="bbox 3083 5734 3150 5797">
     <span class='ocr_line' id='line_1_121' title="bbox 3083 5734 3150 5797; baseline 0.015 -1"><span class='ocrx_word' id='word_1_990' title='bbox 3083 5734 3150 5797; x_wconf 62' lang='lat' dir='ltr'><strong>bl</strong></span> 
     </span>
    </p>
   </div>
  </div>
