3998 6202
517 240 645 295 1291
1186 230 1246 285 Β.
1290 229 1535 285 RABANl
1576 227 1792 282 MAL'l’tl
1832 223 2099 278 ARCHIEI

2200 220 2494 278 llOC-UNT.
2534 215 2819 275 OPERL'M
2854 214 3034 271 PARS
3072 213 3157 269 ιιι.
3638 210 3778 265 ηπ

511 351 781 409 carnalem
803 348 924 402 illos
955 360 1172 403 sensum
1213 351 1490 397 assecutos
1517 338 1805 410 significat,
1828 335 1952 407 quia
1986 334 2086 389 sub
2114 343 2161 400 Α
2193 328 2453 384 liceatur?
2483 326 2589 383 Sed
2604 327 2707 381 hoc
2732 326 2801 381 ad
2822 325 2916 379 Dei
2944 325 3179 394 pertinet
3204 320 3633 407 pracientiam,
3655 323 3781 388 quia

513 442 725 497 nomine
778 436 977 492 Christi
1034 449 1140 488 non
1188 432 1298 497 illa,
1346 446 1466 500 qua:
1513 429 1762 485 Christus
1808 428 2083 490 docuerat,
2185 436 2322 491 quos
2343 420 2444 475 scit
2470 419 2614 474 Deus
2645 417 2857 471 futuros
2878 426 3120 481 sanctos,
3141 415 3255 485 jam
3278 414 3422 482 apud
3462 412 3621 468 illum
3653 428 3784 466 san-

514 530 730 584 fuerant
781 524 1034 588 assecuti,
1072 522 1165 578 sed
1207 536 1272 576 ea
1299 535 1419 590 qum
1444 519 1657 573 fuerant
1685 534 1714 573 a
1750 515 1950 571 Iuda-is
1976 524 2087 569 tra-

517 621 624 675 dita
649 635 664 680 ;
698 631 756 671 se
779 626 956 670 autem
986 625 1184 683 cupere
1230 611 1389 665 citius
1418 610 1621 673 venire,
1653 616 1713 662 ut
1735 607 1803 661 ab
1828 605 1931 659 bac
1970 604 2090 663 illos

515 708 805 764 traditione
835 702 1194 766 abstraheret,
1219 709 1275 755 et
1300 698 1542 770 spiritale
1585 698 1691 753 illis
1737 696 1973 751 traderet
1996 692 2092 746 do-

516 816 668 866 num,
699 806 761 852 ut
807 796 1051 866 acquirat
1102 794 1222 849 illos
1250 795 1379 859 Deo,
1411 792 1701 862 participes
1728 790 1848 845 illos
1890 787 2093 842 faciens

519 889 705 961 gratiae
733 884 1014 957 spiritalis,
1045 891 1104 938 ut
1132 882 1187 937 in
1216 881 1549 951 professione
1577 888 1632 934 et
1658 879 1764 934 fide
1790 893 1886 933 sua
1914 882 2096 932 essent

516 979 760 1051 perfecti,
790 978 911 1032 ideo
938 974 1211 1031 desiderat
1235 980 1295 1026 ut
1322 986 1561 1042 praesens
1596 969 1895 1025 doctrinam
1931 981 2095 1021 evan-

517 1070 739 1142 gelicam
791 1082 950 1121 sensu
1004 1079 1111 1134 quo
1154 1063 1357 1124 scribit,
1408 1061 1493 1115 bis
1546 1060 1737 1121 tradat,
1776 1074 1845 1112 ne
1873 1057 1974 1112 sub
1999 1072 2097 1110 au-

517 1163 767 1217 ctoritate
795 1159 1098 1212 litterarum
1152 1155 1266 1223 ejus
1315 1168 1419 1206 non
1472 1151 1775 1205 auferretur
1798 1164 1973 1213 error,
2003 1148 2097 1202 sed

520 1253 842 1313 firmaretur,
875 1249 1069 1319 quippe
1095 1259 1215 1301 cum
1244 1258 1481 1313 pncscns
1505 1257 1624 1312 qua:
1668 1242 1847 1295 verbis
1874 1239 2098 1293 suadere

519 1357 623 1397 non
647 1349 881 1410 poterat,
910 1335 1161 1392 suaderet
1190 1334 1407 1397 virtute,
1445 1342 1501 1385 ut
1531 1330 1701 1401 magis
1724 1329 1826 1383 illis
1854 1328 2097 1397 proficiat

522 1429 705 1484 aditis.
761 1424 956 1499 (0rig.)
985 1424 1166 1478 Primo
1194 1423 1432 1477 omnium
1459 1421 1667 1475 discere
1690 1418 1945 1473 debemus
1966 1434 2099 1487 opus
2145 1451 2156 1465 .

524 1532 647 1573 esse
672 1516 1033 1587 apostolicum
1082 1513 1389 1567 desiderare
1416 1509 1636 1573 fratres,
1669 1508 1762 1562 sed
1796 1523 1900 1561 non
1942 1508 2101 1562 aliam

520 1609 589 1665 ob
604 1606 945 1671 causam,nisi
964 1612 1022 1659 ut
1032 1603 1370 1659 conferamus
1383 1601 1458 1655 eis
1474 1600 1672 1669 aliquid
1688 1600 1811 1654 doni
1825 1599 2101 1669 spiritalis,

2186 512 2260 566 cti
2287 518 2432 573 sunt,
2459 518 2515 564 et
2542 509 2719 565 vocati
2750 516 3091 579 permanent.
3133 504 3475 561 Prohibitum
3502 520 3566 561 se
3595 516 3782 560 tanten

2189 600 2319 655 dicit
2342 613 2513 668 usque
2539 598 2608 652 ad
2645 606 2854 667 tempus
2880 598 3023 652 datae
3070 596 3395 667 Epistola,a
3427 597 3543 653 Deo
3570 596 3786 665 utique,

2189 691 2280 760 qni
2306 690 2483 744 sciens
2511 689 2689 743 adhuc
2716 689 3010 757 imparatos
3054 687 3195 752 illos,
3233 688 3303 743 ad
3329 688 3465 742 alias
3502 687 3676 742 nrbes
3702 688 3789 739 di—

2191 781 2330 835 rexit
2358 779 2696 850 Apostolum,
2726 794 2846 849 qua:
2867 777 2978 846 jam
3004 779 3070 833 ad
3103 778 3469 849 recipiendam
3496 778 3788 833 veritatem

2192 876 2372 922 essent
2400 865 2920 936 capaces;quamvis
2959 867 3057 920 sub
3086 867 3305 921 nomine
3332 875 3564 937 agerent
3597 866 3789 920 Salva-

2195 959 2348 1023 toris,
2382 957 2476 1011 sed
2519 956 2666 1011 vitiis
2712 955 3135 1025 prohibebantur
3180 956 3516 1021 carnalibus,
3546 971 3615 1010 ne
3641 956 3787 1026 digni

2187 1051 2299 1121 jam
2334 1056 2516 1104 essent
2539 1047 2815 1122 addiscere
2836 1046 3120 1116 spiritalia.
3146 1046 3389 1115 Denique
3413 1046 3671 1101 volentes
3694 1048 3789 1099 aiio

2194 1140 2408 1209 quando
2452 1139 2506 1192 in
2540 1136 2846 1207 Bithyniam
2891 1135 2989 1200 ire,
3037 1134 3293 1204 prohibiti
3339 1143 3469 1188 sunt
3518 1149 3550 1186 a
3599 1144 3788 1188 sancta

2198 1231 2402 1301 Spiritu
2449 1229 2647 1283 Paulus
2690 1234 2746 1281 et
2776 1225 2918 1281 Silas
2971 1224 3109 1296 (Act.
3157 1225 3291 1297 xvr).
3323 1225 3471 1279 Cur?
3509 1226 3619 1280 nisi
3665 1227 3788 1295 quia

2198 1324 2365 1379 sciret
2398 1322 2575 1378 adhuc
2603 1320 2853 1376 affectum
2883 1320 3108 1375 deesse:
3148 1320 3292 1390 apud
3323 1319 3645 1376 Corinthios
3693 1338 3786 1373 sn-

2198 1422 2306 1469 tem
2359 1420 2729 1469 commonetur
2777 1409 3083 1480 Apostolus,
3117 1410 3328 1464 dicente
3366 1409 3636 1465 Domino:
3686 1408 3783 1463 Le—

2198 1520 2376 1574 quere,
2423 1519 2485 1556 ne
2512 1502 2761 1564 tacueris,
2803 1501 2926 1570 quia
2976 1498 3199 1569 populus
3238 1499 3367 1551 mihi
3396 1498 3601 1552 multus
3632 1511 3707 1552 est
3738 1501 3786 1551 in

2201 1588 2299 1648 hac
2347 1593 2551 1647 civitate
2578 1591 2716 1663 (Act.
2742 1589 2919 1660 svnt).
2954 1588 3069 1643 Non
3094 1604 3222 1659 ergo
3254 1589 3427 1643 otiose
3451 1591 3786 1659 prohibitum

520 1700 564 1754 si
585 1696 976 1769 possumus,vel
991 1695 1035 1751 si
1060 1708 1162 1750 non
1180 1692 1600 1763 possumns,ipsi
1623 1699 1681 1745 ut
1701 1691 2104 1761 accipiamusab
2134 1680 2178 1740 B
2207 1702 2267 1743 se
2294 1686 2444 1751 dicit,
2473 1685 2566 1741 sed
2604 1695 2658 1740 et
2697 1699 2890 1739 causas
2917 1698 3186 1737 morarum
3219 1684 3496 1750 discrevit,
3525 1696 3583 1739 et
3608 1686 3709 1739 hos
3735 1698 3786 1740 ut

524 1788 605 1841 his
628 1805 641 1851 ;
666 1787 780 1840 sine
808 1785 912 1840 hoc
928 1783 1070 1840 enim
1096 1798 1204 1837 non
1236 1790 1319 1837 est
1350 1780 1622 1850 probabile
1649 1780 1971 1835 desiderium
1999 1780 2105 1835 cir—

522 1875 805 1930 cumeundi
833 1871 1047 1928 fratres.
1074 1871 1225 1938 Quod
1243 1878 1420 1923 autem
1459 1870 1555 1933 ait,
1580 1878 1635 1921 ut
1658 1867 1870 1939 aliquod
1894 1870 2102 1924 tradam

520 1966 660 2029 vobis
672 1965 865 2021 donum
878 1961 1346 2033 spiritale,videtur
1360 1959 1597 2014 indicare
1606 1973 1725 2013 esse
1738 1958 2104 2029 aiiquid,quod

526 2060 722 2113 donum
752 2056 966 2125 quidem
990 2055 1077 2119 sit,
1110 2067 1214 2107 non
1241 2058 1417 2105 tamen
1443 2049 1705 2119 spiritale.
1746 2048 1880 2104 Nam
1902 2050 2102 2105 donum

524 2147 646 2201 ﬁdei
676 2146 792 2200 sine
831 2145 993 2199 dubio
1021 2141 1258 2213 spiritale
1284 2149 1388 2205 est,
1419 2147 1474 2193 et
1499 2140 1695 2195 donum
1727 2141 2021 2210 sapientiae,
2049 2148 2103 2194 et

520 2237 776 2303 scientiae,
808 2243 864 2290 et
884 2232 1205 2303 virginitatis
1230 2230 1512 2286 similiter:
1548 2230 1637 2284 ubi
1661 2238 1838 2284 autem
1878 2230 2007 2285 dicit
2035 2229 2103 2284 de

525 2326 728 2398 nuptiis
758 2333 813 2382 et
840 2324 1147 2395 virginitate
1190 2322 1436 2391 loquens,
1465 2318 1571 2375 Sed
1597 2320 1949 2390 unusquisque
1984 2336 2100 2388 pro-

523 2420 696 2489 prium
726 2416 891 2471 habet
904 2415 1099 2469 donum
1125 2430 1156 2467 a
1185 2412 1313 2477 Deo,
1363 2410 1501 2465 alius
1544 2412 1638 2475 sic,
1665 2411 1801 2463 alius
1831 2421 2001 2463 autem
2025 2426 2072 2463 si

525 2511 580 2581 (1
619 2512 738 2566 Cor.
770 2507 892 2577 vn),
917 2507 1112 2560 donum
1143 2501 1357 2572 quidem
1388 2499 1519 2555 dicit
1538 2512 1657 2553 esse
1673 2498 1834 2553 etiam
1862 2494 2091 2574 nuptias3

523 2603 804 2675 quoniam,
841 2597 982 2653 sicut
1006 2594 1267 2661 scriptum
1297 2600 1402 2657 est,
1441 2594 1489 2646 Α
1524 2590 1633 2645 Deo
1660 2599 1877 2659 aptatur
1912 2588 2094 2641 mulier

524 2696 643 2746 viro
667 2687 850 2753 (Prov.
871 2683 1016 2755 xu),
1037 2684 1131 2739 sed
1157 2698 1264 2737 non
1293 2681 1439 2739 istud
1459 2681 1657 2735 donum
1678 2679 1941 2749 spiritale.
1972 2676 2103 2732 Pes.

527 2790 724 2843 suntet
745 2779 845 2833 alia
867 2776 1031 2832 multa
1053 2776 1187 2829 dona
1209 2772 1304 2828 Dei
1323 2772 1450 2836 dici,
1470 2779 1531 2827 ut
1552 2771 1752 2826 divitiae
1768 2779 1822 2825 et
1845 2768 2106 2824 fortitudo

527 2884 711 2938 cut-pot
726 2870 792 2932 is,
818 2876 876 2921 ut
895 2866 1084 2922 forma:
1103 2865 1297 2930 decor,
1314 2872 1375 2917 ut
1390 2876 1618 2932 regnum
1636 2869 1921 2921 terrestre;
1945 2875 1972 2911 a
1992 2857 2103 2912 Deo

525 2970 670 3021 enim
694 2962 857 3017 etiam
878 2959 999 3014 haec
1024 2962 1324 3021 donantur,
1347 2955 1489 3010 sicut
1505 2965 1560 3007 et
1577 2951 1761 3007 Daniel
1784 2952 1815 3005 d
1841 2953 1913 3005 cit
1936 2949 2099 3019 (Dan.

2205 1789 2265 1831 se
2297 1781 2665 1845 prcepararent
2692 1773 3009 1827 adhortatus
3030 1782 3132 1837 est,
3166 1782 3224 1827 ut
3251 1772 3537 1829 audientes
3558 1776 3784 1845 gratiam

2203 1862 2304 1919 sibi
2349 1860 2643 1932 spiritalem
2689 1861 3098 1915 ministrandam
3145 1858 3284 1924 fore,
3332 1861 3529 1932 dignos
3573 1877 3634 1916 se
3674 1866 3784 1917 elli-

2203 1960 2410 2018 cerent,
2445 1967 2477 2006 a
2514 1950 2661 2006 vitiis
2703 1950 3006 2006 carnalibus
3035 1950 3366 2006 abstinentes
3401 1952 3468 2007 ad
3507 1954 3781 2023 excipiet.-

2203 2045 2325 2099 dam
2356 2057 2496 2097 eam.
2555 2040 2623 2095 Ut
2666 2038 2891 2108 aliquem
2935 2040 3162 2110 fructum
3200 2040 3423 2095 habeam
3460 2052 3512 2095 et
3553 2045 3611 2096 in
3647 2046 3783 2096 vobis

2200 2135 2332 2188 sicut
2366 2134 2498 2188 etin
2528 2133 2728 2186 cwteris
2763 2131 3018 2202 gentibus.
3074 2131 3180 2186 Pro
3227 2132 3463 2188 utilitate
3510 2137 3781 2189 commuzzi

2200 2223 2451 2293 cupidum
2488 2237 2547 2277 se
2588 2220 2836 2277 veniendi
2862 2222 2929 2275 ad
2953 2221 3053 2276 bos
3078 2221 3389 2286 declaravit,
3420 2230 3481 2275 ut
3514 2222 3576 2278 bi
3601 2223 3786 2277 salutis

2200 2313 2494 2385 spiritalem
2532 2313 2762 2382 gratiam
2804 2319 3284 2381 consequerentur,
3322 2321 3499 2367 ratam
3527 2313 3732 2369 habent
3762 2330 3786 2367 s

2203 2405 2325 2459 fidei
2360 2420 2468 2459 sum
2496 2403 2906 2474 professionem,
2945 2412 2999 2457 ιιι
3031 2404 3117 2457 hic
3155 2403 3385 2457 fructum
3419 2404 3626 2459 habent
3650 2408 3787 2473 apr

2203 2492 2368 2550 Deum
2410 2491 2692 2581 ministerii
2716 2491 2823 2555 sui,
2851 2504 2947 2557 per
2963 2489 3102 2554 quod
3133 2488 3348 2543 lacessit
3373 2489 3500 2544 illos
3532 2489 3605 2544 ad
3628 2490 3786 2543 fidem

2200 2593 2417 2649 rectam,
2459 2582 2693 2650 exemplo
2745 2590 3052 2636 cieterarum
3109 2584 3341 2651 gentium
3396 2598 3418 2634 :
3480 2582 3790 2650 promptior

2200 2676 2336 2730 enim
2366 2677 2426 2745 ﬁt
2473 2677 2589 2745 quis
2620 2676 2691 2729 ad
2721 2691 2829 2728 rem
2860 2674 2959 2728 sibi
3000 2674 3277 2738 traditam,
3299 2672 3343 2726 si
3378 2673 3457 2726 illi
3481 2675 3690 2727 multos
3719 2675 3789 2726 \i‘

2205 2767 2327 2822 deat
2358 2767 2636 2822 assentiri.
2696 2766 2891 2823 Gra'cis
2946 2777 2992 2818 et
3025 2763 3289 2829 barbaris,
3342 2766 3681 2834 sapientibus
3743 2776 3791 2822 et

2209 2856 2568 2929 insipientibus
2588 2858 2787 2911 debitor
2810 2875 2944 2911 sum.
2993 2858 3185 2930 (0rig.l
3215 2860 3628 2930 REquirendnm
3658 2879 3794 2925 nunc

2212 2957 2296 3005 est
2321 2950 2586 3019 quomodo
2612 2950 2898 3019 Apostolus
2930 2948 3131 3005 Graecis
3159 2961 3215 3006 et
3256 2952 3544 3018 barbaris,
3587 2956 3797 3025 sapien-

529 3011 1086 3123 ὦὲἓνιῖίεκι-ῑνέές-έενιζείίιἰι⁷
1102 3063 1261 3118 reges
1281 3011 1336 3102 et
1354 3051 1660 3101 commutat
1683 3059 1698 3097 :
1724 3040 1819 3097 sed
1842 3011 1955 3096 non
1974 3049 2102 3096 sunt
2137 3011 2183 3073 ε
2216 3011 2356 3095 tibus
2375 3048 2431 3094 et
2451 3011 2826 3110 insipientibus
2852 3041 3065 3096 debitor
3090 3050 3172 3096 est
3194 3058 3211 3108 ;
3242 3043 3371 3112 quid
3394 3011 3546 3098 enim
3574 3011 3797 3117 ab‘ipsis

529 3144 642 3199 haec
654 3143 794 3197 dona
812 3139 1137 3210 spiritualia.
1152 3137 1301 3191 Beati
1322 3143 1450 3191 sunt
1465 3148 1596 3205 ergo
1612 3132 1924 3202 illi,quibus
1938 3129 2102 3201 spiri-

537 3226 700 3281 talem
730 3225 963 3296 gratiam
992 3224 1208 3279 tradere
1257 3222 1374 3277 vult
1396 3222 1703 3294 Apostolus,
1733 3223 1798 3277 ad
1824 3222 2112 3279 confirma-

537 3315 737 3370 tionem
771 3314 911 3378 fldei,
960 3320 1021 3371 ut
1048 3312 1188 3367 ultra
1233 3311 1348 3383 jam
1399 3326 1506 3365 non
1548 3313 1657 3366 sint
1694 3309 1901 3381 parvuli
1937 3326 2110 3381 neque

533 3403 982 3461 circumferuntur
1009 3403 1154 3458 omni
1199 3409 1360 3457 vento
1404 3400 1681 3456 doctrinas.
1724 3400 1788 3454 Id
1828 3411 1923 3465 est,
1954 3401 2109 3455 simul

532 3492 794 3547 consolari
818 3494 873 3547 in
895 3490 1033 3546 vobis
1056 3506 1147 3561 per
1166 3506 1281 3545 eam
1307 3505 1424 3561 qua:
1466 3490 1680 3544 invicem
1721 3499 1814 3553 est,
1843 3490 1997 3559 ﬁdem
2028 3507 2110 3545 ue-

531 3592 694 3636 stram
740 3591 892 3653 atqtte
945 3596 1134 3635 meam.
1163 3579 1365 3653 (Amb.)
1397 3580 1674 3636 Consolari
1724 3596 1784 3636 se
1834 3578 2109 3636 dicitcum

528 3675 657 3741 illis,
682 3674 727 3730 si
775 3673 1178 3744 apprehendant
1227 3672 1510 3743 spiritalia,
1543 3672 1667 3742 quia
1702 3673 1949 3743 quamvis
1979 3689 2108 3728 con-

530 3764 762 3834 gaudent
808 3762 932 3818 ﬁdei
984 3761 1215 3827 illorum,
1269 3761 1414 3816 dolet
1460 3772 1661 3829 tamen,
1690 3762 1843 3835 ,quia
1878 3778 1981 3817 non
2019 3779 2106 3819 re-

529 3860 671 3907 ctam
699 3851 1036 3925 accipiebant
1074 3850 1272 3905 fidem:
1306 3852 1409 3906 hoc
1450 3850 1641 3906 affectu
1660 3850 1760 3906 fuit
1798 3851 2104 3921 Apostolus,

533 3950 592 3996 ut
618 3941 790 3998 aliena
818 3940 947 3995 vitia
972 3939 1127 4010 quasi
1153 3955 1248 3995 sua
1278 3939 1504 4006 doleret,
1545 3955 1609 3995 ac
1659 3956 1757 4012 per
1789 3941 1890 3996 hoc
1914 3957 2107 3996 conso-

530 4032 725 4098 lemur,
766 4031 965 4121 inquit,
1017 4046 1116 4102 per
1155 4046 1317 4089 unam
1362 4039 1523 4101 atque
1549 4033 1794 4087 eamdem
1838 4033 2114 4121 ﬁdem,.ut(

528 4130 721 4177 cuncta
759 4119 931 4193 [tunc]
965 4121 1260 4176 consolatio
1289 4136 1394 4175 una
1423 4122 1521 4186 sit,
1562 4122 1606 4176 si
1642 4123 1800 4177 unius
1836 4121 1959 4176 fidei
1994 4122 2081 4177 efli

528 4218 778 4267 ceretttur
797 4211 851 4265 in
874 4209 1106 4275 Christo,
1125 4218 1184 4264 ut
1204 4210 1596 4266 administratio
1616 4211 1800 4281 gratia:
1826 4212 2102 4280 spiritalis,

526 4301 926 4373 evangelisante
961 4298 1243 4370 Apostolo,
1307 4300 1451 4356 hunc
1504 4307 1789 4371 praestaret
1825 4299 2097 4355 effectum.

604 4391 729 4447 Non
749 4391 886 4447 enim
908 4391 1136 4446 arbitror
1171 4391 1413 4461 ignorare
1434 4406 1541 4455 vos,
1584 4388 1799 4460 fratres,
1822 4392 1945 4461 quia
1966 4409 2099 4463 sape

526 4482 771 4553 proposui
793 4482 966 4537 venire
984 4482 1052 4535 ad
1074 4498 1180 4547 vos,
1208 4490 1257 4535 et
1275 4481 1561 4551 prohibitus
1582 4496 1697 4535 sum
1725 4497 1885 4552 usque
1906 4482 2097 4537 adhuc.

527 4570 863 4639 Propositum
910 4578 966 4626 et
1007 4578 1189 4624 votum
1228 4585 1383 4625 suum
1424 4570 1677 4635 ostendit,
1714 4572 1854 4641 quod
1881 4572 2098 4640 quidem

526 4660 666 4714 scire
688 4657 806 4713 illos
839 4672 944 4713 non
987 4657 1212 4728 ambigit
1256 4673 1354 4728 per
1396 4673 1490 4714 eos
1525 4658 1719 4716 fratres
1744 4661 1835 4731 qui
1879 4662 1947 4717 ab
1972 4660 2097 4716 Hie.

529 4748 758 4803 rusalem
783 4746 867 4802 vel
889 4747 1187 4802 confinibus
1214 4748 1519 4805 civitatibus
1560 4765 1722 4805 causa
1754 4752 1951 4821 aliqua,
1981 4753 2093 4809 sive

524 4834 896 4908 religionis,ad
926 4833 1120 4889 Urbem
1146 4835 1455 4903 veniebant,
1498 4837 1637 4891 sicut
1661 4837 1851 4907 Aquila
1891 4849 1944 4896 et
1969 4840 2089 4896 Pri-

520 4924 692 4990 scilla,
726 4934 907 4979 vatum
936 4922 1051 4994 ejus
1079 4923 1407 4979 insinuantes
1454 4925 1743 4993 Romanis;
1792 4943 1913 4983 cum
1947 4930 2091 4985 enim

522 5030 665 5087 stupe
689 5015 846 5071 vellet
881 5014 1064 5069 venire
1100 5021 1154 5069 et
1194 5013 1586 5084 prohiberetur,
1636 5017 1714 5072 sic
1763 5018 1961 5074 factum
1987 5029 2091 5086 est,

524 5114 583 5160 ut
609 5105 869 5161 scriberet
893 5102 1208 5173 Epistolam,
1238 5118 1304 5159 ne
1343 5104 1431 5160 diu
1459 5105 1510 5158 in
1539 5106 1677 5160 mala
1705 5109 2092 5165 exercitatione

522 5194 747 5259 detenti,
773 5209 877 5248 non
909 5191 1062 5247 facile
1084 5192 1517 5263 corrigerentur;
1568 5194 1764 5253 fratres
1790 5213 1882 5254 eos
1911 5210 2090 5265 vocat,

521 5298 629 5338 non
660 5281 834 5337 solum
865 5282 991 5350 quia
1024 5282 1194 5337 renati
1240 5291 1414 5346 erant,
1467 5289 1560 5340 sed
1587 5287 1712 5356 quia
1750 5298 1905 5342 erant
1951 5290 2092 5345 inter

521 5384 635 5436 cos,
664 5369 788 5424 licet
812 5369 992 5439 pauci,
1021 5370 1109 5438 qui
1144 5380 1291 5425 recte
1342 5373 1620 5428 sentirent.
1655 5374 1808 5431 Unde
1835 5378 1981 5443 dicit,
2009 5394 2091 5431 vo-

522 5461 650 5514 catis
695 5460 889 5513 sanctis
928 5473 944 5510 :
999 5460 1124 5528 quid
1170 5468 1355 5537 tamen.
1392 5471 1474 5517 est
1525 5466 1713 5519 vocatis
1751 5468 1993 5521 sanctis?
2030 5466 2087 5523 Si

522 5546 661 5600 enim
687 5547 794 5617 jam
824 5550 992 5602 sancti
1019 5560 1161 5612 sunt,
1200 5554 1464 5619 quomodo
1493 5564 1752 5610 vocantur
1806 5567 1863 5610 ut
1888 5558 2089 5613 sancti-

2211 3138 2511 3199 acceperat,
2548 3130 2689 3184 unde
2725 3130 2805 3186 eis
2841 3130 3051 3186 debitor
3083 3130 3282 3186 fieret?
3332 3131 3595 3189 Arbitror
3624 3137 3794 3191 direr-

2209 3220 2285 3276 sis
2311 3220 2527 3290 quidem
2556 3221 2804 3292 gentibus
2834 3221 2956 3277 inde
2983 3237 3103 3276 eum
3137 3221 3385 3279 effectum
3425 3240 3557 3281 esse
3586 3228 3791 3284 debito-

2209 3325 2348 3371 rem.
2377 3311 2520 3379 quod
2545 3310 2784 3365 omnium
2831 3313 3071 3383 gentium
3118 3312 3313 3385 linguis
3358 3315 3541 3387 eloqui
3587 3320 3794 3391 accepit

2209 3415 2306 3470 per
2329 3402 2555 3472 gratiam
2581 3402 2811 3472 Spiritus
2832 3404 3024 3469 sancti,
3052 3404 3190 3460 sicut
3223 3414 3280 3461 et
3316 3407 3433 3477 ipse
3471 3409 3635 3475 dicit,
3667 3411 3791 3466 Oui-

2208 3491 2354 3544 nium
2385 3500 2606 3545 vestrum
2636 3492 2802 3563 magis
2834 3492 3025 3563 linguis
3053 3493 3239 3565 loquor
3268 3495 3322 3568 (I
3349 3495 3476 3550 Cor.
3508 3500 3789 3572 xrv);quia

2207 3594 2337 3650 ergo
2366 3580 2668 3651 linguarum
2699 3581 2943 3636 notitiam
2970 3598 3076 3637 non
3100 3598 3198 3653 pro
3219 3598 3277 3640 se
3306 3585 3448 3655 quis,
3464 3589 3561 3642 sed
3586 3607 3689 3661 pm
3716 3592 3792 3645 his

2208 3665 2402 3732 quibus
2445 3665 2843 3733 praedicandum
2893 3678 2977 3720 est
3022 3667 3233 3736 accipit,
3279 3668 3493 3723 debitor
3537 3676 3789 3729 omnibus

2207 3753 2310 3808 illis
2339 3753 2579 3816 efficitur,
2611 3770 2834 3822 quorum
2859 3757 3066 3826 accepit
3098 3772 3127 3809 a
3152 3757 3260 3811 Deo
3287 3756 3483 3828 linguae
3506 3762 3786 3827 notitiam;

2206 3845 2537 3914 sapientibus
2582 3854 2759 3901 autem
2799 3845 3022 3903 ellieitur
3071 3849 3280 3904 debitor
3319 3849 3416 3919 per
3468 3851 3613 3918 hoc,
3652 3856 3789 3925 quod

2207 3936 2413 4006 accepit
2442 3936 2758 4006 sapientiam
2789 3938 2842 3990 in
2891 3939 3149 4008 mysterio
3185 3940 3589 4010 absconditam,
3631 3961 3787 4015 quam

2207 4025 2458 4099 perfectis
2482 4035 2537 4080 et
2568 4026 2897 4095 sapientibus
2920 4026 3265 4097 loqueretur;
3291 4031 3546 4087 similiter
3575 4044 3637 4090 et
3658 4036 3786 4091 iusi-

2204 4118 2476 4186 pientil:us
2500 4117 2711 4183 debitor
2737 4126 2821 4173 est
2844 4119 2895 4172 in
2918 4134 3024 4188 quo
3047 4120 3318 4189 patientia:
3337 4124 3576 4193 gratiam
3598 4136 3659 4181 et
3680 4125 3787 4181 lon-

2204 4209 2533 4277 ganimitatis
2583 4209 2819 4277 accepit;
2851 4225 3093 4265 summa:
3138 4213 3338 4267 etenim
3381 4214 3672 4283 patientia:
3710 4226 3785 4273 est

2206 4299 2347 4356 ferre
2395 4300 2761 4369 insipientium
2814 4310 3010 4356 motus.
3067 4300 3314 4376 (Αηιὸτ.)
3364 4303 3591 4362 Graecos
3644 4310 3782 4365 enim

2203 4390 2426 4461 gentiles
2449 4391 2645 4461 posuit,
2682 4391 2775 4447 sed
2802 4404 2895 4446 eos
2932 4391 3024 4462 qui
3073 4391 3305 4450 Romani
3348 4394 3626 4462 dicuntur,
3677 4400 3781 4454 sive

2201 4480 2439 4546 natione,
2466 4480 2576 4535 sive
2606 4479 2926 4551 adeptione;
2956 4480 3216 4538 barbaros
3243 4497 3375 4539 vero
3400 4498 3498 4540 eos
3555 4489 3653 4558 qui
3684 4489 3782 4544 lto-

2199 4571 2345 4625 mani
2374 4586 2479 4626 non
2507 4578 2655 4638 sunt,
2685 4585 2912 4641 quorum
2941 4580 3109 4642 genus
3139 4573 3424 4629 adversum
3457 4587 3551 4633 est
3584 4589 3645 4634 et
3679 4594 3777 4635 non

2196 4673 2321 4719 sunt
2350 4664 2595 4734 gentiles.
2641 4663 2921 4735 Sapientes
2948 4675 3126 4721 autem
3153 4668 3273 4724 illos
3305 4670 3460 4736 dixit,
3494 4675 3592 4744 qui
3625 4691 3773 4730 man.

2195 4754 2349 4808 danis
2371 4755 2667 4810 rationibus
2686 4756 2901 4822 eruditi,
2919 4758 3185 4825 sapientes
3197 4769 3458 4815 vocantur
3480 4764 3536 4817 in
3559 4766 3775 4830 saeclo,

2193 4843 2320 4898 dum
2363 4853 2456 4896 aut
2476 4844 2729 4899 siderum
2769 4847 3131 4915 speculatores
3162 4859 3287 4904 sunt
3310 4890 3324 4915 ,
3352 4861 3448 4905 aut
3484 4856 3775 4923 mensuris,

2194 4940 2286 4986 aut
2316 4932 2574 4998 numeris,
2601 4942 2692 4987 aut
2720 4932 2822 4987 atti
2853 4935 3217 5003 grammaticae
3236 4939 3476 5005 student,
3504 4953 3605 4997 aut
3657 4945 3774 4998 rhe-

2195 5020 2397 5086 toricae,
2428 5029 2515 5074 aut
2548 5023 2796 5088 musicas;
2830 5023 2913 5077 his
2949 5023 3194 5080 omnibus
3219 5028 3456 5082 ostendit
3489 5030 3630 5086 nihil
3670 5034 3773 5087 haec

2191 5090 2467 5181 prodesse;
2510 5127 2611 5167 nec
2646 5126 2773 5167 vere
2812 5113 3082 5183 sapientes
3127 5130 3265 5178 esse,
3314 5117 3417 5173 nisi
3462 5121 3697 5177 credant
3723 5123 3772 5177 is

2196 5201 2466 5257 Christum
2497 5221 2508 5256 :
2546 5203 2739 5259 stultos
2763 5218 2890 5260 vero
2929 5207 3029 5260 bos
3060 5204 3196 5262 dixit
3235 5207 3329 5277 qui
3368 5210 3770 5281 simplicitatem

2195 5301 2505 5360 sequentes,
2536 5292 2729 5347 harum
2760 5309 2937 5351 rerum
2966 5296 3202 5366 imperiti
3230 5306 3385 5353 sunt:
3411 5299 3498 5355 bis
3524 5303 3769 5358 omnibus

2196 5382 2416 5437 missum
2454 5398 2513 5438 se
2550 5384 2845 5453 praedicare
2876 5394 3124 5442 testatur.
3149 5387 3224 5443 De
3248 5387 3448 5446 ludatis
3473 5401 3657 5448 autem
3691 5402 3766 5448 ta-

2193 5471 2324 5536 cuit,
2340 5473 2464 5543 quia
2488 5475 2741 5544 magister
2757 5477 2994 5546 gentium
3010 5488 3114 5545 est,
3140 5494 3205 5534 ac
3224 5494 3322 5550 per
3345 5480 3451 5536 hoc
3468 5483 3762 5539 debitorem

2193 5575 2251 5615 se
2276 5562 2575 5629 profitetur,
2600 5564 2725 5632 quia
2753 5564 2818 5618 ad
2847 5564 2949 5621 hoc
2974 5568 3211 5636 percepit
3238 5568 3541 5627 doctrinam
3564 5583 3625 5626 ut
3656 5581 3759 5627 tra-
