3998 6202
328 238 471 308 1293

865 249 1414 307 ENARRATIONUM
1451 251 1517 306 IN
1558 251 1706 307 EPP.
1748 251 1952 309 PAULI
1988 252 2114 308 LIB.
2159 253 2198 307 l.
2240 274 2307 293 -ι
2342 253 2409 307 ιΝ
2450 251 2664 308 EPIST.
2706 252 2798 308 AD
2834 251 3001 310 R031.

3434 259 3573 316 i29i

324 371 440 430 dat,
460 372 515 418 ct
532 366 656 418 cum
676 362 951 418 tradiderit
971 365 1235 432 acquirat.
1256 363 1461 436 (Greg.)
1485 364 1737 433 Magister
1754 381 1908 437 θενε-
1935 374 1979 429 Α
2007 368 2158 422 habet
2215 369 2353 439 quod
2408 370 2541 423 ricta
2593 385 2733 423 mors
2775 379 2870 424 e..t.
2906 366 3100 442 (0rig.)
3130 370 3401 431 Delinicns
3450 392 3579 447 ergo

325 452 447 525 gius
487 451 823 520 sapientibus
857 462 913 506 et
954 452 1329 521 ittsipicn.lbtts
1368 454 1577 509 debitor
1616 464 1718 510 est.
1768 454 1904 512 Cum

327 542 673 598 Hebrautrum
693 541 951 611 quosdam
971 543 1263 613 sapientes,
1293 544 1553 613 quosdam
1584 560 1712 602 vero
1738 548 1903 603 etiam

326 632 592 687 tardiores
614 632 952 697 admoneret,
980 631 1084 686 illis
1105 633 1170 686 de
1193 633 1552 701 completione
1572 634 1902 692 Testamenti

328 721 537 795 Veteris
562 718 806 791 loquens,
839 737 1023 777 eorum
1052 722 1368 792 sapientiam
1407 735 1722 795 argumento
1741 741 1902 795 supe-

327 792 482 876 ravit,
513 810 696 866 dicens
719 828 733 863 :
767 809 919 876 Quod
936 811 1072 865 enim
1090 813 1452 883 antiquaturet
1475 792 1714 880 senescit,
1746 792 1904 885 prope

323 900 586 957 interitum
611 909 687 954 est
720 897 908 971 (Hebr.
932 901 1082 973 vnI);
1118 917 1242 956 cum
1272 917 1399 958 vero
1448 904 1579 958 solis
1615 905 1897 975 exemplis,

322 991 580 1061 quosdam
624 992 913 1048 trahendos
946 1004 1192 1049 cerneret
1226 995 1280 1048 in
1310 995 1495 1049 eadem
1517 997 1781 1065 exempla,
1812 998 1903 1053 ad-

316 1082 494 1152 iunxit
517 1099 531 1136 :
558 1080 740 1137 Sancti
775 1083 1005 1138 ludibria
1040 1094 1088 1139 et
1119 1086 1329 1141 verbera
1365 1089 1580 1157 experti,
1615 1089 1827 1159 insuper
1849 1100 1898 1144 et

319 1174 526 1231 vincula
558 1185 607 1231 et
641 1192 895 1242 carceres,
928 1176 1149 1246 lapidati
1183 1188 1327 1245 sunt,
1356 1181 1482 1234 secti
1520 1189 1664 1246 sunt,
1714 1182 1898 1236 tentati

318 1275 459 1331 sunt,
490 1266 547 1321 in
580 1266 836 1340 occisione
865 1264 1029 1337 gladii
1065 1269 1260 1322 mortui
1299 1278 1420 1322 sunt
1460 1268 1645 1339 (Hebr.
1693 1270 1796 1341 xI);
1841 1279 1899 1325 et

322 1372 531 1411 rursum
566 1374 580 1410 :
611 1355 921 1411 Mementote
943 1359 1337 1428 praepositorum
1361 1370 1664 1425 vestrorum,
1688 1362 1779 1430 qui
1808 1378 1896 1415 vo-

317 1447 393 1501 bis
431 1446 589 1519 locuti
628 1456 750 1500 sunt
787 1446 994 1502 verbum
1024 1447 1139 1513 Dei,
1167 1465 1390 1519 quorum
1414 1450 1668 1504 intuentes
1696 1452 1892 1506 exitum

2005 459 2132 528 quid
2160 460 2229 515 sit
2258 459 2628 527 Evangelium,
2658 462 2966 529 pronuntiat
2990 481 3003 516 :

2089 545 2262 602 Virtus
2289 550 2450 614 enim,
2475 548 2671 618 inquit,
2707 548 2802 604 Dei
2838 551 2891 604 in
2915 551 3137 606 salutem
3165 556 3307 609 omni
3325 558 3575 626 credenti,

2001 634 2191 692 Judwo
2215 637 2441 705 primunt
2467 646 2513 690 et
2554 635 2755 693 Graeco.
2799 638 2953 706 Quod
2994 642 3129 696 dixit
3156 643 3328 709 virtus
3373 645 3464 700 Dei
3492 654 3578 703 est

2004 727 2057 781 iu
2095 726 2345 791 salutem,
2371 726 2575 787 videtur
2607 730 2892 786 ostendere
2915 733 3069 801 quasi
3096 734 3168 788 sit
3197 734 3375 805 aliqua
3404 738 3573 794 virtus

2001 816 2118 881 Dei,
2156 831 2276 885 quae
2322 831 2426 871 non
2462 817 2533 872 sit
2573 817 2639 872 ad
2668 817 2915 885 salutem,
2961 821 3054 876 scd
3082 822 3146 876 ad
3175 825 3569 893 perditionem;

2001 906 2105 960 scit
2147 906 2342 976 quippe
2376 913 2430 960 et
2465 906 2518 960 in
2548 905 2808 976 propheta
2852 910 3110 980 scriptum
3146 929 3290 979 esse,
3320 914 3388 969 Et
3414 934 3572 973 eruca

1998 997 2161 1050 virtus
2180 1013 2292 1051 mea
2312 1012 2500 1067 magna
2523 997 2681 1066 (Joel.
2706 997 2788 1069 ιι),
2817 1006 2871 1052 et
2895 1000 3087 1054 iterum
3110 1003 3165 1056 in
3187 1005 3412 1073 psalmis
3440 1007 3569 1074 dici,

1999 1085 2065 1141 In
2096 1087 2286 1142 virtute
2309 1096 2399 1140 tua
2421 1086 2662 1157 disperde
2696 1086 2814 1143 illos
2855 1088 3026 1159 (Psal.
3052 1093 3228 1163 LVIII),
3253 1103 3309 1151 et
3336 1096 3458 1151 ideo
3482 1098 3571 1154 hic

1994 1176 2127 1232 dicit
2147 1176 2309 1231 virtus
2336 1175 2430 1230 Dei
2451 1177 2505 1230 in
2541 1175 2783 1231 salutem.
2828 1177 3125 1233 Videndum
3150 1190 3255 1247 est,
3302 1198 3371 1238 ne
3410 1184 3569 1250 forte,

1994 1280 2092 1336 per
2118 1267 2250 1322 istas
2273 1267 2531 1325 virtutum
2560 1266 2659 1322 Dei
2686 1265 3040 1331 dill'erentias,
3067 1269 3254 1324 dextra
3277 1280 3330 1325 et
3353 1273 3568 1329 sinistra

1992 1355 2051 1411 in
2089 1356 2199 1412 Deo
2228 1356 2545 1426 appelletur,
2579 1366 2637 1409 ut
2662 1357 2830 1411 virtus
2858 1358 2909 1410 in
2935 1358 3159 1414 salutem
3186 1362 3406 1417 dextera
3430 1365 3567 1435 ejus,

1991 1454 2047 1501 et
2071 1446 2243 1500 virtus
2282 1448 2333 1500 in
2379 1463 2484 1516 qua
2527 1446 2804 1516 disperdit,
2851 1448 3070 1503 sinistra
3120 1451 3349 1506 dicatur.
3379 1452 3569 1509 Judteo

315 1536 715 1590 conversationis
754 1536 1031 1591 imitamini
1070 1535 1229 1606 ﬁdem
1274 1536 1482 1611 (Ibid.),
1533 1547 1796 1610 quatenus
1835 1549 1880 1599 el

1988 1535 2214 1604 primunt
2233 1545 2279 1589 et
2307 1534 2722 1607 Cra'co.(Amb.)
2777 1537 2832 1591 ω
2871 1547 2976 1603 est,
3018 1539 3143 1596 huic
3164 1544 3251 1611 qui
3278 1559 3344 1599 ex
3373 1560 3571 1616 genere

316 1625 433 1680 illos
459 1627 649 1682 victrix
678 1627 816 1683 ratio
846 1626 1137 1700 frangeret,
1166 1639 1222 1685 et
1251 1631 1384 1686 istos
1411 1632 1479 1686 ad
1509 1631 1716 1701 majora
1759 1648 1890 1690 con-
1988 1632 2072 1679 θθῑ
2097 1624 2345 1690 Amabat,
2377 1636 2431 1680 οι
2453 1626 2579 1682 ιλιιίο
2605 1627 2696 1697 (Illi
2725 1642 2787 1683 ex
2815 1629 3098 1699 εθηιίὺιιες
3125 1632 3178 1686 in
3210 1633 3396 1690 GMCO
3422 1640 3565 1694 enim

313 1716 570 1771 scendere
600 1717 827 1773 imitatio
840 1720 1096 1775 suaderet
1114 1720 1326 1775 blanda.

1983 1713 2237 1784 gentilem
2269 1714 2554 1785 significat,
2600 1717 2655 1771 in
2692 1715 2877 1773 Judzeo
2923 1734 3049 1774 vero
3101 1736 3222 1777 eum
3252 1725 3341 1792 qui
3372 1740 3438 1781 ex
3476 1744 3568 1798 ge-

381 1803 566 1875 Itaque
601 1807 740 1876 quod
776 1806 831 1861 in
867 1824 947 1862 me
976 1818 1051 1863 est
1078 1819 1345 1880 promptus
1372 1826 1487 1864 sum
1523 1821 1572 1865 et
1605 1812 1764 1878 vobis,
1793 1814 1885 1885 qui
1986 1819 2116 1859 nere
2144 1804 2216 1858 sit
2252 1804 2512 1874 Abrahae:
2535 1821 2657 1860 nam
2696 1805 2864 1862 Judaei
2895 1824 2967 1889 es
2995 1818 3236 1881 tempore
3259 1813 3407 1869 Judm
3456 1816 3564 1870 iia-

292 1886 493 1949 .liomae
517 1896 660 1962 estis,
699 1896 1072 1968 euangelizare.
1121 1897 1353 1970 \Ambr.)
1379 1900 1633 1967 Quamvis
1660 1902 1885 1958 missum
1984 1894 2187 1949 chahaii
2210 1894 2315 1949 diei
2333 1904 2632 1966 εωρυτιιιιιν
2663 1899 2753 1966 qui
2778 1897 2832 1953 in
2872 1914 3035 1955 causa
3068 1901 3236 1958 cladis
3258 1906 3455 1967 restitit
3479 1923 3565 1962 sa-
3590 1988 3599 1993 θ

310 1998 370 2039 se
392 1983 683 2054 pradicare
708 1984 957 2065 omnibus
985 1987 1128 2044 dicat
1158 1990 1428 2058 gentibus,
1452 2000 1761 2062 promptum
1802 2002 1885 2049 ta-
1984 1986 2219 2059 crilegiis
2244 1988 2507 2057 gentium,
2533 1997 2588 2042 et
2613 1988 2807 2044 fiducia
2840 1990 2931 2045 Dei
2969 1992 3182 2063 collegit
3209 1999 3484 2065 populum,
3507 2007 3565 2055 ct

310 2068 513 2129 mense
536 2063 792 2131 Romanis
826 2078 1259 2132 asset-inradere
1307 2079 1653 2153 Evangelium
1696 2084 1885 2153 gratim
1915 2122 1943 2143 ,ι
1984 2077 2222 2132 defendit
2269 2092 2437 2148 genus
2484 2092 2641 2133 suum
2675 2097 2697 2133 ξ
2723 2079 2825 2135 fuit
2869 2096 3050 2141 autem
3090 2099 3158 2139 ex
3191 2063 3317 2142 {iliis
3355 2063 3557 2145 Aaron.

307 2155 422 2229 Dei,
454 2167 592 2235 apud
622 2183 756 2236 quos
793 2169 940 2238 regni
978 2169 1204 2224 Romani
1233 2183 1393 2242 caput
1426 2180 1482 2227 et
1508 2152 1664 2230 sedes
1683 2152 1786 2231 est.
1801 2174 1880 2231 Ad

1983 2166 2242 2235 Quamvis
2266 2181 2394 2238 ergo
2426 2178 2703 2238 prmponat
2732 2168 2973 2226 Judaeum
3005 2187 3166 2228 causa
3199 2173 3449 2244 Patrum,
3481 2190 3558 2234 ta-

306 2253 672 2310 membrorum
720 2258 863 2312 enim
914 2258 1193 2314 utilitatem
1237 2261 1470 2330 pertinet
1503 2262 1588 2318 ve]
1618 2262 1880 2334 requiem,
1983 2269 2106 2311 men
2146 2255 2396 2311 similiter
2421 2256 2584 2311 etiam
2610 2258 2781 2327 ipsum
2805 2258 3047 2332 indigere
3065 2262 3197 2318 ἀίςὶι
3217 2264 3358 2320 dono
3387 2267 3563 2324 Evan-

252 2358 260 2363 '
303 2345 349 2403 si
404 2342 564 2419 caput
606 2348 902 2418 inquietum
949 2365 1057 2405 non
1098 2350 1293 2418 fuerit;
1347 2352 1467 2409 ideo
1512 2353 1880 2412 Romanorum
1980 2345 2105 2419 gelii
2154 2347 2378 2402 Christi.
2407 2345 2464 2402 Si
2494 2362 2627 2420 βτεο
2654 2356 2710 2404 0|.
2732 2346 2953 2406 Judasus
2971 2366 3079 2407 non
3103 2351 3434 2423 justiﬁcatur
3455 2359 3558 2415 nisi

302 2443 453 2505 optat
488 2452 697 2507 pacem,
739 2442 797 2493 ut
844 2455 947 2494 non
975 2440 1199 2496 multum
1245 2457 1304 2498 se
1334 2441 1509 2512 jactet
1542 2443 1793 2512 Satanas,
1827 2457 1881 2503 et

303 2525 581 2582 uberiores
612 2527 818 2585 fructus
855 2532 1052 2587 habeat
1089 2532 1269 2605 operis
1302 2534 1426 2601 sui;
1468 2545 1775 2607 promptum
1821 2553 1881 2595 se

300 2626 424 2670 esse
465 2625 708 2682 testatur,
754 2618 845 2689 qui
872 2628 927 2674 et
958 2618 1085 2676 alibi
1124 2621 1276 2688 dicit,
1312 2621 1375 2679 Si
1408 2623 1581 2684 volens
1622 2627 1720 2680 hoc
1757 2645 1878 2698 ago,

303 2704 590 2761 mercedem
615 2708 777 2764 habeo
802 2702 854 2781 (Ι
879 2707 1001 2765 Cor.
1025 2710 1142 2782 Ix);
1175 2721 1454 2784 promptus
1473 2716 1615 2770 enim
1647 2717 1769 2786 quis
1793 2727 1881 2775 est

272 2805 352 2861 vet
382 2799 733 2883 prudentibus
762 2796 908 2873 loqui
932 2819 947 2867 ;
973 2802 1040 2858 de
1068 2803 1443 2875 insipientibus
1466 2822 1596 2863 vero
1634 2808 1881 2865 sentien-

298 2887 424 2940 dum
453 2895 534 2942 est
563 2887 712 2955 illud,
741 2890 886 2959 quod
911 2889 1080 2951 dicit:
1128 2889 1188 2947 Si
1220 2903 1397 2949 autem
1421 2893 1636 2963 invitus,
1673 2898 1879 2969 dispen-

295 2977 432 3039 satio
475 2977 602 3031 milzi
640 2979 836 3033 credita
872 2990 970 3047 est,
1010 2991 1061 3036 et
1095 2998 1171 3039 vta
1198 2983 1335 3038 enim
1377 2987 1507 3041 nti/ti
1549 2996 1649 3056 est,
1685 2989 1735 3044 si
1771 3006 1876 3047 non

295 3067 709 3137 euangelizavero
737 3067 944 3143 (Ibid.).

371 3156 493 3212 Non
517 3159 653 3212 enim
675 3159 915 3215 erubesco
940 3156 1299 3234 Euangelium,
1326 3167 1489 3223 uirtus
1514 3170 1653 3225 enim
1674 3169 1772 3227 Dei
1795 3179 1872 3227 est

295 3248 352 3303 in
381 3247 602 3302 salutem
647 3249 789 3304 omni
838 3251 1089 3307 credenti.
1145 3252 1344 3326 (0rig.)
1374 3257 1541 3315 Multa
1576 3261 1723 3317 enim
1748 3277 1874 3333 pro-

296 3332 393 3395 bra
443 3336 703 3393 adversus
747 3338 1094 3412 Evangelium
1157 3346 1213 3400 in
1262 3347 1417 3406 initio
1476 3332 1873 3421 praedicationis

291 3436 483 3483 exorta
511 3428 659 3495 sunt,
687 3429 781 3485 sed
822 3430 1019 3511 Paulus
1045 3435 1361 3504 patientiam
1391 3439 1652 3497 didicerat
1678 3458 1709 3499 a
1748 3461 1874 3517 pro-

293 3518 472 3587 phetis
500 3515 803 3577 dicentibus
827 3539 839 3575 :
877 3518 1055 3579 Nolite
1082 3527 1216 3581 vinci
1243 3530 1531 3599 opprobriis
1551 3515 1873 3601 eor-lumine-

291 3623 392 3677 que
417 3608 611 3663 cedatis
654 3611 1000 3680 spretionibus
1043 3632 1224 3671 eorum
1264 3616 1395 3692 (Isa.
1420 3620 1517 3693 LI),
1561 3631 1617 3677 et
1665 3625 1873 3682 sciebat

293 3701 438 3769 quod
467 3701 812 3783 Evangelium
841 3708 1188 3777 praedicabat,
1236 3728 1344 3770 non
1384 3714 1439 3769 in
1492 3718 1750 3774 suasoriis
1775 3719 1872 3774 hu-

296 3807 469 3845 manae
519 3794 801 3865 sapientiae
843 3799 1043 3863 verbis,
1102 3804 1197 3859 sed
1248 3805 1302 3859 in
1363 3807 1562 3862 virtute
1613 3807 1867 3878 Spiritus.

295 3880 496 3953 (.~lmb.)
522 3882 650 3940 Illos
674 3886 844 3956 tangit
869 3928 872 3931 η
895 3903 928 3944 a
964 3890 1157 3959 quibus
1185 3904 1505 3964 acceperant
1533 3911 1638 3952 non
1669 3911 1869 3954 reetam

297 3967 481 4034 ﬁdem,
524 3975 906 4042 apostolorum
955 3987 1131 4034 tamen
1179 3981 1476 4038 dcctrinam
1524 3986 1696 4042 virtus
1719 4003 1870 4043 com-

296 4058 605 4146 mendabat,
635 4072 693 4117 ut
715 4064 839 4133 quia
887 4067 1200 4124 incredibile
1246 4071 1526 4127 videbatur
1570 4076 1709 4143 quod
1735 4090 1870 4146 prte-

294 4145 598 4215 dicabatur,
652 4152 802 4223 signa
859 4172 924 4211 ac
972 4158 1218 4231 prodigia
1272 4160 1339 4215 ab
1389 4163 1647 4233 apostolis
1703 4145 1866 4232 facta,

1979 2453 2077 2509 per
2110 2438 2268 2494 ﬁdem
2296 2438 2495 2495 Christi
2526 2438 2675 2507 Jcsu,
2699 2442 2828 2512 quid
2854 2458 2990 2514 Opus
3026 2453 3110 2501 est
3132 2461 3252 2503 esse
3279 2449 3380 2505 sub
3403 2450 3561 2523 lege?

1979 2526 2177 2601 (θήρ.)
2201 2529 2306 2584 Sed
2332 2545 2505 2600 neque
2536 2531 2800 2588 silendum
2830 2544 2934 2607 est,
2957 2535 3100 2606 quod
3124 2536 3298 2598 Graeci
3324 2542 3557 2612 ptimum

1979 2621 2189 2678 duabus
2217 2623 2670 2695 appellationibus
2711 2641 2874 2682 omne
2900 2629 3177 2687 hominum
3223 2648 3557 2694 censuerunt

1976 2728 2165 2787 genus,
2197 2715 2250 2769 id
2272 2700 2377 2780 est,
2402 2716 2489 2771 vel
2516 2715 2763 2773 Graecum
2792 2719 3031 2778 dicentes
3056 2735 3176 2779 esse
3204 2740 3560 2799 unumquem-

1975 2819 2083 2876 que
2105 2804 2191 2860 vel
2221 2804 2552 2873 Barbarum,
2581 2816 2638 2864 et
2659 2809 2934 2865 distinctio
2979 2827 3165 2868 eorum
3208 2815 3329 2872 talis
3363 2818 3554 2886 luctat,

1976 2903 2039 2950 ut
2057 2895 2236 2952 omnis
2251 2897 2344 2966 qui
2369 2896 2591 2960 Graecus
2610 2914 2717 2955 non
2745 2909 2908 2968 esset,
2937 2901 3208 2960 Barbarus
3235 2906 3554 2977 haberetur;

1976 2987 2070 3043 sed
2095 2988 2267 3043 multo
2300 2989 2511 3044 veriore
2532 2989 2876 3048 distinctione
2905 2994 3074 3049 utitur
3094 2995 3314 3066 Paulus,
3343 2999 3555 3057 Judaros

1902 3070 1949 3134 C
1980 3081 2155 3151 primo
2196 3082 2382 3139 dicens
2418 3093 2475 3139 ct
2498 3087 2838 3153 postmodum
2860 3086 3398 3163 Grecosypostremo
3424 3094 3557 3153 Bar-

1969 3170 2165 3227 baros:
2188 3186 2310 3226 cum
2336 3174 2480 3227 enim
2503 3172 2698 3241 (ἓνκαὶ,
2731 3176 2856 3245 quia
2879 3177 2981 3247 ipsi
3007 3179 3215 3252 legibus
3240 3186 3548 3248 utebantur.

1969 3270 2159 3321 omnes
2176 3262 2418 3332 reliquos
2443 3271 2697 3334 tanquam
2736 3281 2855 3323 stne
2892 3267 3100 3350 legibus
3153 3273 3393 3330 viventes
3423 3278 3551 3332 Bar-

1970 3352 2129 3411 baros
2156 3352 2481 3426 appellarint
2542 3355 2736 3412 merito
2756 3353 2924 3413 Judaei
2947 3360 3110 3415 etiam
3139 3362 3239 3430 ipsi
3265 3364 3467 3421 Gtmcis
3485 3369 3552 3420 :Ih

1970 3446 2227 3517 Apostolo
2256 3446 2638 3518 pmicruntur,
2664 3448 2792 3518 quia
2818 3457 2877 3507 et
2897 3459 3023 3506 ante
3052 3453 3199 3522 ipsos
3237 3453 3442 3524 legibus
3471 3459 3549 3511 vi-

1970 3556 2097 3597 vere
2115 3542 2415 3617 cmperunt',
2449 3549 2506 3596 et
2539 3540 2684 3611 leges
2726 3555 2913 3598 eorum
2938 3559 2967 3597 a
3134 3553 3190 3598 et
3226 3562 3332 3602 non
3361 3548 3430 3605 ab
3451 3549 3555 3604 ha-

1969 3632 2204 3688 minibus
2231 3631 2581 3702 promulgata:
2603 3640 2746 3686 sunt.

2037 3723 2255 3779 Iustitia
2276 3724 2414 3777 enim
2455 3723 2553 3776 Dei
2575 3723 2629 3776 in
2673 3739 2733 3777 eo
2756 3723 3034 3790 reveletur,
3068 3742 3132 3779 ex
3154 3725 3259 3794 ﬁde
3287 3729 3341 3781 in
3365 3728 3545 3797 ﬁderit.

1970 3813 2175 3886 (Δηώ.)
2205 3812 2317 3869 Hoc
2343 3813 2474 3867 dicit
2502 3812 2629 3882 quia
2666 3812 2721 3866 in
2742 3812 2832 3867 illo
2854 3813 2948 3882 qui
2973 3813 3164 3880 credit,
3191 3816 3308 3870 sive
3331 3815 3548 3872 Judacus

1969 3903 2062 3967 sit,
2101 3901 2500 3965 siveGI-mcus,
2543 3900 2752 3972 justitia
2801 3902 2897 3956 Dei
2943 3902 3231 3963 revelatur.
3273 3903 3548 3965 Justitiam

1968 3992 2121 4057 dicit,
2148 3991 2273 4061 quia
2299 3991 2463 4061 gratis
2483 3989 2742 4061 justiﬁcat
2766 3991 2983 4062 impium
3011 4008 3103 4064 per
3124 3993 3281 4061 ﬁdem
3307 3995 3420 4049 sine
3433 4013 3550 4063 ope-

1969 4084 2112 4137 ribus
2140 4082 2267 4154 legis
2296 4082 2441 4154 (Gal.
2470 4101 2553 4153 ιυ,
2578 4086 2720 4141 sicut
2739 4084 2865 4140 alibi
2884 4087 3037 4150 dicit,
3059 4098 3115 4139 ut
3135 4085 3577 4140 inm-niuriudlo.

1969 4189 2076 4230 non
2094 4172 2290 4227 habens
2319 4190 2489 4227 meam
2503 4168 2943 4244 justitiam,qute
2959 4190 3024 4230 es:
3039 4176 3146 4245 lege
3167 4184 3264 4237 est,
3287 4175 3376 4226 scd
3394 4171 3547 4225 illaut

296 4237 602 4295 testimonio
627 4254 832 4310 essent,
881 4262 985 4302 non
1040 4248 1379 4306 dillidendum
1424 4252 1490 4308 de
1533 4254 1619 4309 his
1645 4270 1766 4326 quae
1800 4256 1871 4312 ab
1969 4281 2087 4329 qua:
2102 4280 2166 4317 ex
2181 4264 2284 4330 ﬁde
2300 4237 2801 4333 est(Phil.I:I).Qu:e
2820 4237 2881 4321 ex
2900 4265 3010 4320 De.»
3030 4237 3108 4319 (δεῖ
3126 4265 3269 4333 iuuit
3296 4280 3324 4317 a
3345 4265 3398 4318 in
3417 4261 3548 4331 ﬁde,

297 4326 400 4387 illis
427 4333 765 4403 dicebantur,
799 4338 1074 4409 inquibus
1108 4351 1255 4399 tanta
1281 4344 1452 4400 virtus
1471 4345 1690 4403 inesset.
1726 4345 1867 4402 Nulli
1898 4415 1935 4423 _
1972 4326 2139 4423 ipsam
2176 4326 2444 4420 iustitiam
2502 4326 2636 4405 dicit
2676 4326 2903 4405 r‘evelari
2943 4350 2998 4405 in
3041 4326 3331 4423 Evangelia
3356 4394 3372 4419 ,
3414 4354 3542 4409 dum

295 4423 439 4477 enim
463 4424 680 4481 dubium
717 4428 878 4484 verba
904 4431 1091 4487 virtuti
1116 4434 1324 4501 cedere,
1357 4449 1421 4492 ac
1445 4451 1542 4506 per
1576 4438 1696 4502 hoc,
1730 4454 1866 4508 quo-
1894 4415 1944 4475 θ
1970 4415 2131 4499 donat
2154 4415 2357 4498 homini
2380 4441 2672 4511 lldcm,per
2689 4441 3219 4512 quamjustillcetur;
3244 4447 3545 4504 ostenditur

297 4511 441 4566 niam
490 4513 705 4571 illorum
750 4518 893 4573 nulla
949 4522 1064 4577 visa
1107 4533 1224 4578 erat
1272 4525 1531 4594 potentia,
1560 4528 1871 4596 praedicatio
1970 4537 2113 4592 enim
2144 4538 2196 4590 in
2231 4549 2297 4590 co
2335 4536 2535 4589 veritas
2575 4511 2880 4604 et‘justitia
2937 4535 3061 4599 Dci,
3106 4537 3230 4591 dum
3282 4540 3456 4594 credit
3488 4551 3548 4597 ct

297 4600 510 4658 illorum
535 4607 653 4663 sine
681 4609 877 4665 virtu’te
918 4609 1015 4667 Dei
1062 4622 1199 4680 erat,
1250 4615 1474 4686 ideoque
1509 4632 1616 4674 non
1660 4634 1719 4674 se
1744 4619 1872 4673 dicit
1968 4628 2253 4699 proﬁtetur
2281 4643 2293 4679 :
2317 4624 2525 4695 iustitia
2549 4632 2633 4679 est
2652 4600 2770 4689 Dei,
2795 4623 2921 4694 quia
2943 4626 3082 4695 quod
3103 4628 3350 4696 promisit
3371 4627 3538 4693 dedit,

274 4696 617 4781 erubescere
664 4698 1006 4774 Evangelinm
1057 4704 1176 4771 Dei,
1232 4706 1353 4763 illos
1431 4717 1612 4764 autem
1679 4713 1867 4765 erube-

296 4798 449 4840 scere
477 4826 493 4851 ,
554 4789 679 4857 quia
728 4793 869 4859 quod
932 4792 1038 4849 illis
1101 4796 1395 4852 tradiderat
1460 4798 1516 4852 in
1579 4802 1871 4869 reprehen-

293 4874 502 4929 sionem
539 4879 804 4946 veniebat,
834 4898 934 4938 nec
971 4899 1240 4955 quoquam
1287 4888 1593 4945 testimonio
1618 4889 1870 4947 ﬁrmaba-

1972 4720 2092 4776 ideo
2134 4716 2359 4773 credens
2408 4716 2520 4809 hoc
2565 4730 2687 4771 esse
2733 4730 2793 4771 se
2835 4724 3180 4809 consecutum
3232 4722 3375 4789 quod
3416 4738 3544 4792 pro.

1972 4813 2196 4866 miserat
2246 4808 2386 4864 Deus
2439 4806 2537 4878 per
2591 4808 2882 4878 prophetas
2937 4806 3313 4877 suos.iustum
3370 4812 3540 4867 Deum

1974 4904 2199 4974 probat,
2242 4911 2297 4958 et
2355 4900 2509 4955 testis
2546 4899 2758 4970 justitia
2802 4897 2936 4968 ejus.
3003 4899 3085 4955 Ex
3110 4900 3215 4969 ﬁde
3255 4901 3310 4954 in
3359 4901 3541 4968 ﬁdem.

299 4969 408 5029 tur,
440 4975 495 5019 et
540 4967 880 5026 discordabat
927 4988 957 5026 a
1006 4974 1251 5031 doctrina
1308 4979 1638 5047 apostolica;
1697 4981 1868 5036 virtus
1958 4967 2098 5067 Quid
2135 4993 2278 5048 aliud
2315 4999 2399 5047 est
2427 5031 2445 5057 ,
2500 4967 2566 5045 ea:
2604 4989 2708 5059 ﬁde
2766 4967 3050 5058 inﬁdam,
3103 4967 3203 5044 nisi
3244 4967 3369 5058 (ιιιὶιί
3407 4988 3540 5045 ﬁdes

298 5054 462 5121 igitur
486 5057 577 5111 Dei
604 5069 708 5124 est,
740 5077 857 5130 quae
888 5063 1075 5117 invitat
1104 5066 1171 5119 ad
1199 5066 1379 5134 tidem,
1417 5077 1475 5124 et
1499 5069 1593 5123 dat
1640 5070 1865 5125 salutem
1968 5054 2068 5141 ’δεῖ
2104 5096 2187 5141 εει
2226 5087 2280 5139 in
2319 5100 2384 5139 eo
2495 5054 2638 5152 quod
2693 5082 2760 5137 de
2916 5095 3036 5135 esse
3085 5054 3429 5151 repromisit?
3470 5082 3538 5136 Et

297 5144 443 5198 omni
472 5149 729 5212 credenti,
762 5152 885 5205 dum
918 5161 1137 5221 peccata
1165 5155 1351 5222 donat,
1372 5166 1427 5213 et
1441 5159 1724 5229 justilicat,
1758 5167 1863 5213 uta

295 5235 531 5290 secunda
560 5248 730 5294 morte
755 5240 981 5297 detineri
1002 5259 1109 5299 non
1148 5246 1319 5316 possit
1342 5248 1584 5319 signatus
1610 5250 1866 5319 mysterio

296 5324 512 5390 crucis;
544 5330 850 5396 praedicatio
875 5334 1017 5388 enim
1047 5335 1223 5390 crucis
1273 5336 1471 5393 Christi
1501 5340 1756 5394 indicium
1785 5348 1870 5395 est

296 5415 487 5469 Inertis
512 5408 723 5484 evictus,
746 5419 958 5478 dicente
983 5425 1221 5495 apostolo
1245 5424 1450 5484 Joanne
1477 5427 1532 5499 (Ι
1554 5428 1713 5484 Joan.
1739 5429 1822 5500 ιιι)
1850 5447 1865 5483 :

296 5507 487 5563 Aditoc
505 5512 640 5566 enim
671 5516 804 5569 venit
834 5513 1006 5572 Filius
1026 5518 1144 5584 Dei,
1165 5530 1223 5574 ut
1244 5520 1459 5576 solveret
1474 5538 1630 5593 opera
1648 5523 1866 5587 diaboli,

299 5610 354 5653 ut
384 5602 551 5655 omnis
591 5602 804 5661 credens
846 5625 948 5662 non
987 5621 1274 5671 teneatura
1295 5623 1479 5680 morte,
1512 5613 1635 5683 quia
1662 5613 1867 5683 signum

1973 5177 2104 5231 lidcs
2157 5174 2391 5229 hominis
2438 5170 2531 5240 qui
2573 5170 2745 5225 credit
2786 5168 3159 5238 promittenti,
3219 5177 3279 5224 ut
3329 5186 3392 5225 ex
3438 5171 3540 5226 (ide

1971 5266 2062 5320 Dei
2107 5261 2490 5333 promittentis,
2542 5261 2595 5313 in
2638 5258 2797 5313 ﬁdem
2853 5258 3085 5314 hominis
3129 5261 3398 5317 credentis
3448 5262 3538 5319 Dei

1963 5355 2171 5426 justitia
2221 5350 2490 5406 reveletur
2521 5356 2543 5409 2
2571 5349 2625 5403 in
2681 5348 2936 5402 credente
2989 5349 3132 5402 enim
3184 5348 3362 5417 justus
3396 5351 3537 5410 Deus

1970 5453 2221 5518 apparet,
2257 5444 2311 5497 in
2339 5456 2405 5496 eo
2430 5447 2607 5494 autem
2645 5439 2736 5507 qui
2776 5454 2881 5494 non
2902 5439 3096 5505 credit,
3125 5439 3353 5510 injustus
3393 5441 3543 5497 vide-

1973 5548 2091 5593 tur:
2114 5540 2272 5608 negat
2291 5533 2437 5588 enim
2458 5543 2703 5585 veracem
2728 5527 2920 5594 Deum,
2935 5527 3026 5598 qui
3050 5543 3155 5583 non
3178 5531 3347 5619 credit
3368 5529 3538 5585 Deum

1972 5628 2184 5685 dedisse
2205 5625 2347 5695 quod
2380 5621 2645 5692 promisit.
2677 5618 2789 5676 Hoc
2818 5627 3004 5676 contra
3035 5617 3248 5674 Jnda'os
3276 5617 3532 5688 laquitur,
