3998 6202
505 244 632 300 ii‘J'i

1133 245 1192 298 Β.
1235 243 1486 298 [MBAN]
1525 243 1742 299 MAUlll
1781 242 2098 297 AhClliill’.

2141 243 2446 299 MUGUNT.
2489 243 2774 300 OPEflUM
2814 243 2991 300 PARS
3027 245 3113 300 Ill.

497 378 588 446 qui
615 385 812 448 negant
837 361 1122 430 hunc’essc
1148 373 1420 428 Christum
1448 385 1605 441 quem
1633 371 1880 443 promisit
1901 361 2138 448 Densa}
2171 351 2423 448 ⁰¹³¹¹ξτ¹ῑ¹ίτν
2457 351 2524 406 de
2555 351 2894 448 εῧρίὲυιῖξξιιξ
2913 352 3073 421 huius
3103 354 3308 420 mundi,
3333 366 3392 410 et
3422 357 3661 412 eruditis
3681 361 3766 416 vel

498 445 645 521 Sicut
680 445 927 536 scriptum
957 475 1061 527 est,
1094 467 1275 520 Justus
1312 473 1486 517 autem
1525 478 1590 516 ea:
1618 462 1721 530 ﬁde
1747 462 1888 516 vivit.
1932 459 2068 515 Pro-
2104 445 2122 464 \

496 566 681 628 pterea
711 559 778 612 ad
812 556 1114 626 exemplum
1141 555 1418 626 prophetae
1453 555 1704 609 Hahaeuc
1729 552 1963 625 (Hahae.
1992 552 2068 624 ιι)

495 665 558 707 se
581 650 870 712 convertit,
903 657 962 702 ut
986 646 1286 702 declararet
1310 647 1439 701 olim
1474 654 1746 700 ostensum
1769 642 1973 712 justum
2003 655 2069 696 ex

500 742 604 796 ilde
629 756 732 795 non
768 754 835 794 ex
865 739 979 809 lege
1005 740 1214 802 vivere,
1257 737 1359 791 hoc
1388 746 1498 801 est,
1528 751 1632 790 nou
1658 735 1942 806 justiﬁcari
1975 735 2072 789 ho-

497 832 704 886 minem‘
723 829 862 899 apud
894 829 1060 883 Deum
1093 842 1186 897 per
1221 827 1422 896 legem,
1467 827 1561 880 sed
1600 839 1697 895 per
1728 825 1882 879 [idem
1922 825 2071 878 :vita

495 921 638 975 enim
668 935 732 974 ex
779 918 880 972 lide
920 933 1024 972 non
1053 918 1167 972 htec
1193 932 1428 987 prmsens
1460 924 1561 976 est,
1597 917 1688 970 sed
1719 914 1917 980 futura,
1945 915 2070 984 quia

495 1010 668 1076 iustus
689 1025 755 1064 ex
785 1008 887 1063 [ide
920 1009 1082 1073 vivit,
1115 1008 1208 1063 sed
1234 1007 1374 1076 apud
1412 1006 1600 1060 Deum.
1633 1003 1912 1058 Revelatur
1935 1007 2070 1059 enim

495 1099 576 1152 ira
596 1097 692 1151 Dei
718 1098 782 1152 de
801 1096 925 1151 caelo
947 1112 1102 1166 super
1123 1111 1324 1148 onmem
1351 1095 1665 1161 impietatem
1688 1103 1733 1146 et
1757 1091 2070 1163 injustttiam

494 1187 761 1240 hominum
790 1185 974 1239 horum
1006 1183 1095 1253 qui
1117 1184 1379 1236 ceritatem
1427 1181 1520 1234 Dei
1563 1183 1618 1235 in
1673 1182 1934 1250 injuslitia
1977 1182 2069 1236 de-

493 1275 676 1329 tinent.
705 1273 856 1329 Sicut
879 1274 1024 1328 enim
1055 1273 1107 1326 in
1139 1270 1230 1326 illo
1277 1274 1367 1341 qui
1395 1271 1601 1338 credit,
1629 1269 1836 1339 justitia
1871 1273 1960 1326 Dei
1986 1289 2071 1328 re-

494 1363 719 1428 velatur,
750 1363 889 1418 sicut
909 1376 1072 1430 supra
1099 1361 1390 1415 memoravi
1409 1401 1424 1425 ,
1461 1362 1533 1414 ita
1560 1371 1615 1416 et
1667 1361 1718 1416 in
1747 1377 1812 1417 eo
1843 1364 1934 1432 qui
1963 1379 2068 1418 non

492 1457 682 1520 credit,
710 1457 958 1527 impietas
983 1464 1039 1510 et
1061 1453 1322 1524 iniustitia
1350 1455 1636 1512 revelatur.
1672 1456 1750 1510 Ex
1779 1457 1895 1528 ipsa
1926 1460 2068 1514 extim

491 1548 614 1605 coeli
640 1546 844 1603 fabrica
872 1547 1043 1602 iratus
1069 1545 1175 1600 illis
1219 1547 1360 1601 Deus
1400 1546 1646 1612 videtur;
1691 1547 1892 1603 idcirco
1927 1549 2070 1603 enim

495 1649 601 1694 tam
625 1639 843 1710 pulchra
871 1645 1014 1694 astra
1037 1637 1161 1694 oculi
1194 1637 1464 1703 condidit,
1492 1647 1551 1692 ut
1586 1654 1652 1693 ex
1697 1639 1782 1693 his
1805 1650 2066 1708 quantus,

492 1741 548 1784 et
575 1746 736 1800 quam
762 1729 1096 1786 admirabilis
1123 1738 1336 1784 creator
1359 1743 1546 1783 eorum
1571 1739 1674 1794 est,
1710 1729 1880 1800 possit
1907 1744 2069 1800 agno-

493 1821 571 1875 sci
602 1829 657 1874 et
675 1819 824 1874 solus
853 1819 1088 1883 adorari,
1121 1820 1261 1874 unde
1284 1819 1544 1888 scriptum
1573 1819 1627 1873 in
1649 1819 1858 1890 psalmo
1879 1828 2072 1875 octavo

492 1911 700 1965 decimo
739 1926 754 1964 :
797 1909 923 1965 Casii
956 1919 1206 1965 enarravit
1241 1910 1465 1982 gloriam
1505 1910 1624 1975 Dei,
1663 1920 1713 1964 et
1755 1927 1911 1981 Opera
1959 1929 2074 1966 ma-

491 2015 650 2054 nuum
665 1999 777 2070 ejus
791 1999 1067 2054 annuntiat
1081 1999 1488 2068 ﬁrmamentum.
1509 1999 1612 2054 Per
1631 1998 1928 2054 naturalem
1943 2013 2072 2070 ergo

489 2092 660 2161 legem
680 2106 831 2147 reum
856 2092 984 2146 facit
1007 2106 1176 2160 genus
1193 2091 1470 2145 hominum
1498 2107 1513 2155 ;
1539 2098 1829 2160 potuerunt
1849 2091 1992 2146 enim
2017 2091 2070 2146 id

489 2195 585 2250 per
608 2180 778 2250 legem
801 2188 1008 2235 natura:
1037 2178 1460 2249 apprehendere,
1486 2177 1690 2232 fabrica
1707 2177 1892 2232 mundi
1923 2179 2074 2234 testi-

490 2275 682 2326 tieantc
733 2280 1007 2328 auctorem
1075 2265 1242 2325 Deum
1289 2269 1462 2324 solum
1516 2268 1882 2338 diligendum,
1928 2269 2071 2338 quod

489 2365 698 2436 Moyses
708 2363 904 2419 litteris
925 2361 1166 2418 tradidit.
1193 2360 1377 2434 (Aug.)
1399 2358 1548 2426 Quod
1565 2369 1740 2414 autem
1755 2359 1910 2424 dicit,
1932 2375 2071 2413 reve-

486 2457 629 2508 latur
655 2455 737 2508 ira
764 2452 862 2507 Dei
893 2453 958 2506 de
985 2451 1110 2506 casto
1131 2467 1289 2521 super
1315 2463 1517 2504 omnem
1547 2449 1883 2516 impietatem,
1915 2448 1994 2502 ait
2015 2456 2072 2502 et

487 2548 741 2603 Salomon
759 2547 840 2602 'de
863 2543 1200 2616 sapientibus
1226 2544 1409 2600 mundi
1443 2542 1605 2616 (Sap.
1635 2541 1766 2615 xm)
1793 2561 1806 2597 :
1832 2542 1894 2598 Si
1923 2544 2069 2598 enim

390 2693 398 2696 _
487 2645 696 2691 tantum
717 2643 1008 2707 potuerunt
1028 2634 1168 2690 scire
1189 2643 1249 2688 ut
1267 2633 1771 2706 possentzestimare
1791 2633 2066 2701 sacculum,

489 2729 756 2798 quomodo
785 2727 955 2797 ipsius
1004 2727 1190 2781 mundi
1232 2726 1518 2782 Dominum
1548 2734 1603 2781 et
1633 2735 1934 2782 creatorem
1963 2744 2068 2784 non

487 2820 696 2876 facilius
724 2820 1083 2876 invenerunt?
1113 2819 1220 2874 Sed
1244 2834 1380 2890 quos
1415 2819 1593 2888 arguit
1617 2817 1896 2883 Salomon,
1928 2819 2068 2889 quod

487 2928 592 2967 non
615 2919 976 2984 cognoverunt
994 2925 1091 2980 per
1110 2916 1415 2966 creaturam
1439 2906 1771 2975 Creatorem,
1787 2909 1884 2964 hos
1905 2909 2069 2964 etiam

485 3004 662 3074 arguit
687 3003 1006 3074 Apostolus,
1051 3017 1158 3058 non
1205 3003 1332 3073 quia
1375 3017 1483 3057 non
1523 3009 1928 3073 cognoverunt,
1974 3002 2065 3057 sed

486 3093 686 3163 gratias
726 3108 834 3148 non
862 3101 1120 3164 egerunt,
1159 3101 1214 3147 et
1242 3092 1484 3148 dicentes
1515 3106 1576 3148 se
1613 3106 1733 3148 esse
1764 3093 2066 3162 sapientes,

487 3181 636 3236 stulti
666 3180 796 3236 facti
823 3189 974 3245 sunt,
1001 3190 1058 3236 et
1076 3183 1142 3236 ad
1165 3181 1389 3236 colenda
1411 3181 1702 3236 simulacra
1729 3181 2068 3238 deciderunt.

487 3270 620 3326 Nam
649 3271 922 3342 sapientes
955 3271 1196 3342 gentium
1225 3273 1370 3342 quod
1409 3269 1716 3330 invenerint
1755 3276 2070 3330 Creatorem

486 3359 768 3414 manifeste
793 3359 934 3416 idem
957 3359 1262 3429 Apostolus,
1289 3376 1411 3416 cum
1441 3362 1860 3419 Atheniensibus
1889 3364 2072 3434 loque-

486 3455 656 3512 retur,
684 3447 954 3514 ostendit;
984 3462 1107 3503 cum
1135 3449 1280 3503 enim
1311 3449 1572 3515 dixisset,
1601 3451 1728 3521 quia
1767 3451 1822 3506 in
1853 3453 1965 3524 ipso
2001 3453 2072 3508 vi-

485 3539 651 3591 vimus
669 3546 718 3590 et
742 3539 1014 3592 movemur
1033 3547 1080 3592 et
1106 3555 1287 3592 sumus
1316 3540 1452 3611 (Act.
1485 3539 1641 3610 xvn),
1667 3540 1902 3596 addidit:
1921 3541 2068 3598 Sicut

483 3638 532 3682 et
573 3628 787 3704 quidam
819 3629 1104 3683 secundum
1143 3647 1232 3686 vos
1267 3631 1529 3686 dixerunt.
1562 3631 1674 3688 Hac
1694 3641 1872 3688 autem
1897 3635 2070 3690 inten-

485 3719 630 3774 tione
651 3718 802 3790 prius
824 3719 1002 3790 arguit
1023 3719 1349 3792 impietatem
1373 3723 1633 3792 gentium,
1657 3733 1715 3777 ut
1733 3737 1798 3778 ex
1825 3725 1928 3780 hoc
1947 3740 2068 3794 pro-

481 3809 574 3864 bet
594 3809 756 3864 etiam
781 3809 848 3864 ad
861 3811 1090 3881 gratiam
1115 3827 1274 3882 posse
1292 3812 1600 3884 pertingere
1623 3829 1948 3881 conversos;
1981 3817 2062 3870 in-

475 3900 681 3970 justum
702 3908 786 3954 est
805 3899 949 3954 enim
973 3907 1256 3970 utpoenam
1280 3903 1506 3958 subeant
1529 3904 1836 3972 impietatis,
1857 3915 1913 3960 et
1933 3921 2065 3976 pra:-

481 3987 648 4041 mium
673 3986 794 4042 ﬁdei
827 4003 932 4042 non
959 3990 1244 4059 accipiant.
1286 3990 1485 4062 (Orig.)
1517 3992 1593 4046 De
1625 3994 1702 4047 ira
1735 3995 1825 4051 Dei
1853 3996 2064 4065 plenius

479 4091 509 4129 a
541 4077 699 4132 nobis
725 4078 778 4132 in
808 4078 929 4133 aliis
953 4079 1086 4134 locis
1119 4079 1320 4134 dictum
1343 4090 1446 4147 est,
1476 4083 1662 4152 paucis
1691 4093 1868 4140 tamen
1897 4087 2060 4142 etiam

481 4165 535 4219 in
561 4168 809 4236 praesenti
839 4169 1066 4224 dicetur.
1087 4170 1252 4242 Igitur
1275 4172 1352 4226 ira
1385 4171 1480 4227 Dei
1507 4183 1649 4230 ncnc
1674 4177 1900 4232 revelari
1930 4179 2062 4233 dici-

481 4267 569 4312 tur
589 4273 694 4312 non
723 4258 774 4312 in
806 4271 958 4327 parte
999 4259 1199 4330 aliqua,
1227 4263 1320 4317 sed
1364 4263 1416 4316 in
1458 4278 1672 4320 omnem
1727 4266 2056 4338 impietatem

2168 445 2506 516 philosophis
2533 446 2638 500 dici
2676 443 3012 516 intelligitur.

2215 537 2351 602 Quia
2363 539 2502 608 quod
2520 550 2700 594 notum
2714 550 2787 594 est
2803 540 2897 596 Dei
2913 541 3248 610 manifestum
3263 551 3336 597 est
3350 543 3402 595 in
3418 542 3767 616 illis.(Amb.)

2168 627 2367 684 Notitia
2391 629 2482 685 Dei
2505 631 2788 687 manifesta
2867 642 3036 688 estex
3059 636 3242 689 mundi
3271 635 3499 691 fabrica.
3521 637 3595 694 Ut
3619 641 3770 695 enim

2171 723 2331 786 Deus,
2349 722 2438 790 qui
2456 731 2646 777 natura
2665 724 2950 779 invisibilis
2962 735 3066 788 est,
3091 726 3256 781 etiam
3275 729 3578 783 visibilibns
3595 733 3772 798 possit

2171 812 2319 876 sciri,
2334 827 2468 882 opus
2489 812 2685 868 factum
2706 813 2775 868 ab
2796 829 2860 870 eo
2887 825 2991 879 est,
3013 817 3156 884 quod
3175 815 3425 886 opiﬁcem
3448 821 3775 877 visibilitate

2171 918 2268 957 sua
2285 903 2676 970 manifestaret,
2693 913 2755 958 ut
2774 920 2873 976 per
2884 915 3088 960 certum
3113 907 3382 960 incertum
3408 920 3596 978 posset
3617 913 3769 976 sciri,

2171 1001 2229 1046 ut
2249 1008 2347 1062 per
2366 993 2468 1048 hoc
2493 994 2634 1063 quod
2665 1004 2879 1052 caeteris
2903 996 3232 1067 impossibile
3253 1005 3359 1062 est,
3376 998 3470 1054 ille
3487 1000 3774 1058 esseDws

2172 1083 2413 1138 omnium
2436 1086 2770 1150 crederetur,
2792 1087 2880 1154 qui
2904 1087 3006 1141 hoc
3035 1102 3170 1156 opus
3198 1089 3346 1144 fecit.
3377 1090 3586 1164 (θήῃ.)
3617 1093 3774 1164 Igno-

2175 1183 2287 1227 tum
2327 1183 2505 1229 autem
2557 1175 2654 1231 Dei
2703 1175 3106 1248 intelligendum
3140 1189 3225 1235 est
3269 1181 3410 1236 ratio
3443 1183 3772 1239 substantia

2172 1264 2288 1334 ejus
2315 1264 2400 1320 vel
2424 1273 2660 1326 naturae,
2691 1265 2845 1337 cujus
2871 1282 2991 1336 qua:
3026 1269 3095 1323 sit
3117 1270 3450 1340 proprietas,
3479 1281 3618 1342 puto
3630 1275 3770 1344 quod

2174 1371 2279 1408 non
2321 1355 2494 1410 solum
2524 1371 2623 1411 nos
2654 1358 2930 1424 homines,
2967 1360 3063 1415 sed
3085 1371 3141 1414 et
3165 1376 3385 1418 omnem
3409 1362 3590 1419 lateat
3612 1381 3770 1421 crea-

2173 1457 2371 1514 turam,
2401 1459 2493 1502 aut
2513 1449 2557 1503 si
2581 1449 2872 1519 aliquando
2893 1460 3074 1508 tantus
3097 1455 3202 1508 erit
3221 1463 3430 1512 natura:
3453 1457 3770 1514 rationabili

2172 1539 2477 1609 profectus,
2511 1551 2570 1596 ut
2599 1541 2652 1594 in
2685 1542 2824 1597 hanc
2859 1557 3073 1612 quoque
3095 1546 3268 1614 possit
3297 1547 3594 1616 pervenire
3633 1550 3771 1603 noti-

2135 1693 2152 1716 ‘
2174 1634 2449 1713 tiam‘Dei
2475 1645 2559 1690 est
2593 1651 2751 1692 nosse
2784 1651 2800 1690 :
2845 1637 2950 1692 tale
2977 1639 3122 1693 enim
3148 1639 3350 1710 aliquid
3379 1641 3518 1696 mihi
3550 1658 3770 1713 sperati.

2143 1728 2296 1780 'dum
2321 1729 2534 1782 videtur
2557 1744 2620 1782 ex
2651 1729 2736 1783 his
2775 1744 2894 1800 qtae
2941 1746 2972 1784 a
2993 1722 3283 1787 Salvatore
3314 1733 3612 1800 dicuntur,
3643 1738 3769 1806 quia

2173 1813 2370 1869 Filium
2384 1834 2532 1870 nemo
2547 1819 2686 1872 navit
2701 1820 2803 1872 nisi
2826 1818 2990 1874 Pater
3010 1833 3030 1872 .'
3059 1837 3219 1891 neque
3240 1819 3462 1876 Patrem
3487 1825 3612 1893 quis
3634 1828 3768 1880 not-it

2173 1909 2272 1962 nisi
2302 1907 2495 1973 Filius,
2521 1920 2572 1962 et
2585 1911 2670 1964 cui
2691 1909 2914 1965 uoluerit
2937 1909 3111 1966 Filius
3133 1913 3360 1968 rerelare
3383 1913 3641 1990 (Luca),
3664 1933 3766 1972 non

2170 1999 2313 2054 enim
2353 1999 2670 2066 addidisset,
2713 2001 2808 2056 sed
2834 2001 2919 2054 cui
2945 2001 3160 2056 uoluerit
3183 2001 3361 2058 Filius
3383 2005 3642 2074 revelare,
3667 2009 3767 2063 nisi

2171 2088 2335 2144 sciret
2359 2089 2568 2158 aliquos
2594 2105 2716 2146 esse
2764 2091 2960 2161 quibus
3000 2092 3241 2148 revelare
3271 2094 3426 2150 velit.
3456 2096 3609 2152 Deus
3631 2100 3766 2154 enim

2149 2176 2276 2229 illis
2301 2178 2676 2246 manifestavil,
2705 2179 2808 2235 hoc
2837 2189 2942 2245 εει,
2967 2196 3104 2252 Opus
3128 2181 3278 2247 fecit,
3301 2199 3403 2254 per
3423 2187 3576 2256 quod
3599 2190 3768 2258 possit

2118 2299 2124 2307 -
2169 2268 2386 2339 agnosci
2419 2269 2541 2323 lide.
2570 2268 2866 2324 Invisibilia
2894 2273 3030 2325 cuitu
3061 2273 3175 2343 ejus
3217 2291 3249 2328 a
3293 2287 3547 2332 creatura
3586 2283 3768 2334 mundi

2169 2373 2263 2427 per
2283 2373 2344 2410 ea
2366 2374 2483 2428 quae
2503 2358 2646 2428 facta
2668 2369 2808 2420 sunt,
2834 2361 3093 2416 intellecta
3115 2365 3540 2434 conspiciuntur.
3560 2367 3765 2440 (Δηώ.)

2171 2446 2318 2502 Idem
2347 2462 2540 2502 sensus
2573 2457 2681 2514 est,
2704 2465 2864 2520 quem
2893 2453 3106 2521 repetit,
3131 2461 3192 2508 ut
3227 2455 3535 2512 absolutius
3581 2459 3768 2516 doceat

2169 2540 2294 2608 quia
2323 2555 2446 2595 cum
2473 2556 2574 2611 per
2601 2557 2662 2598 se
2687 2543 2928 2613 potentia
2970 2553 3026 2599 et
3064 2543 3321 2614 majestas
3359 2548 3460 2603 Dei
3499 2561 3767 2606 creatura

2168 2629 2340 2685 oculis
2363 2631 2532 2701 aspici
2553 2647 2659 2687 non
2681 2633 3092 2705 possint,opcre
3116 2638 3302 2692 mundi
3328 2637 3614 2696 intellecta
3633 2658 3764 2696 con-

2169 2721 2492 2792 spiciuntur.
2518 2720 2846 2793 Sempilerna
2868 2741 3070 2796 quoque
3091 2727 3252 2780 virtus
3281 2727 3398 2797 ejus
3419 2740 3466 2782 et
3489 2730 3763 2785 ditiuitas.

2171 2808 2354 2882 (Aug.)
2377 2810 2575 2879 Utique
2605 2812 2979 2878 subaudimus,
3002 2812 3261 2868 intellecta
3285 2818 3636 2890 conspicitur.
3659 2819 3766 2874 Cr

2169 2901 2312 2956 enim
2340 2902 2582 2957 attendal
2601 2917 2787 2972 opera,
2819 2911 2875 2957 et
2901 2919 3008 2958 non
3031 2916 3235 2974 quaerat
3259 2908 3528 2962 artificem
3551 2929 3567 2964 :
3594 2920 3763 2964 aucu-

2171 2993 2254 3049 dis
2282 3001 2479 3048 terram
2507 2993 3202 3062 frn'ctilicantem,attendis
3229 2999 3376 3054 mare
3405 2999 3636 3070 plenum
3657 3003 3766 3056 ani-

2174 3083 2406 3140 malibus
2435 3084 2568 3150 suis,
2594 3084 2830 3140 attendis
2867 3099 3048 3141 aerem
3077 3087 3296 3158 plenum
3318 3087 3661 3158 volatilibus,
3685 3105 3763 3148 at-

2172 3175 2348 3232 tendis
2371 3175 2566 3230 omium
2598 3175 2802 3247 fulgere
2822 3176 3010 3244 stellis,
3035 3186 3088 3232 et
3114 3193 3220 3234 non
3243 3181 3448 3250 quaeris
3479 3185 3622 3238 tanti
3643 3200 3762 3254 ope-

2169 3265 2246 3321 ris
2273 3265 2580 3320 artilicem?
2613 3263 2723 3320 Sed
2751 3266 2888 3322 dicis
2932 3268 3097 3322 mihi:
3131 3269 3239 3323 ista
3266 3269 3444 3336 video,
3479 3271 3640 3328 illum
3659 3291 3762 3330 non

2169 3356 2344 3412 video.
2375 3355 2459 3410 -Ad
2489 3355 2593 3410 ista
2621 3355 2852 3412 videnda
2882 3359 3124 3428 corporis
3147 3359 3332 3416 oculos
3363 3359 3551 3428 dedit,
3599 3365 3669 3419 ad
3705 3381 3763 3422 se

2165 3447 2454 3502 videndum
2485 3457 2740 3502 mentem.
2778 3447 2962 3518 Neque
2997 3451 3142 3505 enim
3173 3462 3226 3508 et
3257 3454 3500 3510 animam
3525 3457 3764 3514 hominis

2167 3541 2337 3602 vides.
2372 3539 2523 3596 Sicut
2551 3557 2679 3611 ergo
2702 3557 2766 3598 ex
2799 3543 3040 3599 moribus
3063 3555 3117 3599 et
3145 3546 3622 3605 administratione
3645 3567 3762 3606 cor-

2166 3633 2313 3702 poris
2342 3633 2596 3698 animam,
2631 3649 2792 3704 quam
2823 3651 2928 3689 nou
2957 3637 3128 3701 vides,
3159 3637 3439 3710 intelligis.
3471 3641 3556 3696 sic
3578 3657 3650 3696 ex
3677 3643 3762 3697 ad-

2167 3723 2564 3778 ministratione
2598 3723 2760 3778 totius
2804 3726 2987 3780 mundi
3034 3736 3090 3781 et
3121 3742 3186 3782 cx
3219 3726 3484 3799 regimine
3517 3733 3759 3801 ipsarum

2166 3815 2468 3869 animarum
2527 3816 2761 3886 intelligo
2792 3827 3111 3873 creatorem.
3136 3819 3225 3874 Ita
3255 3829 3309 3874 ut
3341 3815 3449 3876 sint
3473 3824 3758 3882 inexcusa-

2167 3907 2314 3962 biles.
2349 3907 2552 3978 (Amb.)
2584 3909 2652 3964 Ut
2685 3911 2904 3964 omnino
2931 3913 3177 3967 excusari
3211 3914 3464 3985 impietas
3496 3935 3609 3974 non
3629 3916 3754 3992 ’pos-

2165 3997 2256 4061 sit,
2309 3995 2505 4064 adjecit
2536 3997 2698 4051 etiam
2731 4000 3082 4056 virtutcmllsi
3110 4011 3163 4056 et
3185 4003 3530 4062 divinitatem
3558 4012 3756 4080 sempi-

2164 4095 2372 4142 ternam
2398 4089 2666 4158 cognitam
2690 4105 2812 4144 esse
2832 4090 2899 4144 ab
2921 4091 3255 4161 hominibus;
3282 4097 3456 4152 virtus
3481 4114 3621 4170 ergo
3639 4100 3753 4170 Dei,

2163 4195 2282 4250 quae
2311 4181 2640 4249 sempiterna
2689 4190 2802 4245 εει,
2849 4189 2900 4236 ει
2945 4183 3216 4249 divinitas,
3247 4203 3368 4257 qua:
3398 4189 3752 4248 nihilominus

2162 4270 2490 4340 sempiterna
2519 4278 2631 4334 est,
2665 4286 2730 4325 ex
2756 4271 3080 4340 conjecturis
3112 4277 3426 4346 agnoscitur
3445 4293 3746 4352 creatura;

479 4356 537 4402 et
561 4347 920 4416 iniquitatem,
951 4364 1051 4404 nec
1082 4359 1286 4404 tantum
1316 4353 1370 4406 in
1411 4367 1598 4408 omnes
1638 4355 1912 4422 homines,
1958 4361 2052 4413 sed
2083 4391 2131 4451 υ
2159 4361 2333 4415 virtus
2383 4370 2464 4416 εει
2519 4377 2624 4431 qua
2669 4365 2806 4434 regit
2853 4365 3035 4420 onmia
3081 4366 3370 4435 divinitas,
3428 4387 3541 4451 qua
3581 4347 3749 4447 capiet

480 4436 534 4490 iu
562 4435 680 4492 illos
697 4438 842 4494 solos
861 4441 953 4510 qui
989 4442 1264 4496 veritatem
1289 4444 1383 4497 Dei
1408 4445 1458 4498 in
1494 4445 1776 4515 iniquitate
1794 4447 2049 4502 detinent.

478 4529 731 4586 Detineat
757 4535 992 4602 quidem,
1025 4538 1118 4591 sed
1149 4539 1200 4591 in
1231 4537 1491 4606 iniustitia
1539 4540 1814 4607 detinent;
1861 4545 2056 4612 quibus

478 4619 638 4672 etiam
661 4621 792 4674 dicit
822 4623 1160 4678 manifestum
1188 4641 1312 4682 esse
1346 4628 1400 4682 id
1427 4629 1568 4698 quod
1601 4638 1787 4685 notum
1814 4642 1898 4686 est
1924 4631 2052 4698 Dei,

478 4717 766 4772 ostendens
791 4735 908 4772 εεεε
937 4721 1134 4790 aliquid
1167 4725 1260 4778 Dei
1311 4731 1453 4796 quod
1491 4737 1676 4783 uotum
1723 4731 1826 4797 sit,
1871 4743 1922 4789 et
1960 4732 2056 4787 ali—

476 4817 604 4887 quid
629 4816 743 4887 ejus
781 4819 921 4888 quod
952 4821 1198 4890 ignotum‘
1219 4826 1316 4890 sit;
1345 4825 1475 4881 dicit
1496 4843 1624 4900 ergo
1652 4829 1874 4886 revelari
1917 4833 2052 4887 iram

477 4919 568 4974 Dei
616 4920 698 4975 his
742 4921 830 4990 qui
865 4919 1144 4977 veritatem
1201 4925 1254 4977 in
1295 4924 1577 4997 iniquitate
1617 4932 1878 4989 detinent.
1923 4933 2053 5002 Quae

478 5019 802 5085 revelantur,
833 5021 900 5076 de
948 5021 1196 5082 obscuris
1239 5035 1294 5081 ει
1339 5029 1633 5086 reconditis
1692 5033 1758 5088 ad
1802 5036 2051 5091 notitiam

477 5117 849 5188 proferuntur;
875 5121 1001 5190 quia
1027 5137 1155 5194 ergo
1182 5134 1238 5181 et
1261 5125 1349 5181 hic
1377 5141 1482 5181 non
1512 5128 1884 5199 ignorantibus
1910 5135 2051 5189 veri-

477 5225 670 5284 tatem,
718 5222 810 5274 sed
843 5223 1152 5302 tenentibus
1179 5240 1300 5280 eam
1320 5266 1334 5292 ,
1378 5225 1504 5282 licet
1544 5229 1682 5285 male
1711 5233 2044 5296 tenentibus,

477 5316 554 5369 ira
581 5317 673 5374 Dei
700 5319 768 5373 de
793 5321 929 5377 cwlo
956 5323 1152 5380 dicitur
1177 5326 1434 5390 revelari,
1477 5330 1690 5386 videtur
1713 5335 1856 5401 quod
1884 5335 2048 5391 ratio-

477 5429 598 5466 nem
625 5426 680 5469 et
703 5418 985 5474 scientiam
1009 5429 1067 5476 ut
1090 5422 1223 5478 iram
1241 5423 1334 5480 Dei
1357 5427 1751 5484 manifestatam
1771 5433 1917 5487 dicat
1931 5449 2052 5491 esse

477 5509 562 5564 his
587 5515 781 5580 quibus
804 5518 1004 5573 veritas
1027 5529 1150 5576 nota
1197 5532 1297 5587 est,
1329 5523 1452 5580 licet
1499 5542 1616 5582 eam
1665 5532 1718 5584 in
1766 5532 2048 5602 iniquitate

476 5596 748 5658 detineant
781 5614 794 5649 ε
831 5611 970 5676 quod
999 5612 1339 5678 quidetn,'ut
1365 5633 1428 5670 ex
1472 5626 1924 5691 consequentibus
1954 5628 2042 5682 ειε-

2161 4451 2436 4506 universa.
2487 4452 2564 4506 Ex
2611 4453 2712 4508 hoc
2758 4469 2885 4525 ergo
2931 4456 3327 4514 incxcusahiles
3373 4461 3536 4519 ﬁunt.
3581 4469 3750 4524 Aliter

2160 4550 2358 4595 aeterna
2386 4541 2481 4597 Dei
2513 4543 2682 4599 virtus
2707 4541 2954 4600 Christus
2981 4554 3084 4613 est,
3118 4563 3238 4618 qua:
3265 4550 3504 4608 instituit
3533 4570 3596 4610 ea
3633 4574 3748 4628 quae

2161 4625 2266 4686 non
2291 4642 2468 4700 erant,
2495 4641 2550 4688 et
2576 4636 2627 4690 in
2655 4649 2720 4690 eo
2755 4643 3005 4704 manent;
3029 4637 3183 4710 cujus
3206 4641 3250 4696 si
3279 4643 3482 4700 dudum
3513 4625 3746 4718 persona

2161 4723 2344 4794 agnita
2369 4741 2472 4779 non
2495 4731 2596 4791 est,
2612 4741 2776 4801 Opera
2797 4735 2972 4782 tamen
2999 4731 3286 4786 manifesta
3305 4745 3453 4791 sunt.
3482 4737 3748 4797 Divinitas

2161 4827 2290 4868 vero
2317 4823 2421 4878 εει,
2453 4815 2577 4886 quia
2607 4817 2658 4870 in
2681 4832 2844 4886 opere
2885 4819 2983 4872 sibi
3039 4823 3260 4877 decreto
3303 4829 3608 4895 perdurant
3642 4833 3748 4888 cieb

2161 4915 2339 4960 menta
2387 4922 2584 4962 rerum.
2641 4907 2706 4963 Ut
2753 4913 2854 4964 sint
2902 4912 3282 4971 inexcusabilcs
3313 4931 3334 4969 .“
3370 4920 3565 4978 multis
3602 4927 3744 4980 enim

2159 4996 2352 5060 mo.iis,
2378 4998 2468 5065 qui
2498 5013 2617 5052 reus
2644 5007 2744 5064 est,
2771 5003 3107 5056 convincitur
3137 5009 3390 5063 excusari
3419 5025 3530 5066 non
3564 5031 3742 5084 posse.

2229 5083 2488 5148 Quoniam
2517 5104 2633 5140 cum
2663 5083 3013 5158 cognovissent
3052 5089 3220 5149 Πευιὴ
3239 5136 3256 5162 ,
3283 5114 3387 5152 non
3409 5101 3550 5156 sicut
3567 5083 3741 5162 Dem

2155 5175 2649 5244 mugui/icareruut,
2675 5189 2767 5233 aut
2797 5183 2995 5251 gratias
3018 5177 3383 5254 egeruntpsed
3415 5207 3742 5252 monuerunt

2153 5263 2207 5314 in
2235 5266 2632 5333 cogitationibus
2663 5271 2792 5324 suis.
2810 5269 2991 5346 (Aug)
3010 5271 3165 5339 Quod
3185 5283 3368 5332 autem
3392 5280 3527 5336 dicit
3551 5300 3743 5356 cogno-

2149 5367 2347 5410 scentes
2375 5357 2558 5424 Deum,
2585 5379 2686 5415 non
2721 5374 2772 5418 ut
2805 5363 2968 5418 Deum
2995 5367 3440 5441 gloriﬁcauerunt,
3481 5388 3578 5431 aut
3609 5396 3737 5449 gra-

2150 5450 2250 5502 tias
2271 5459 2505 5520 ι’θε-ϊιιηέ,
2522 5455 2624 5509 ὶιοε
2643 5467 2802 5527 caput
2819 5467 2902 5514 est
2919 5463 3150 5530 peccati,
3167 5463 3233 5519 de
3253 5481 3360 5535 quo
3384 5466 3596 5524 dictum
3618 5482 3732 5528 est:

2148 5539 2364 5595 Initium
2389 5540 2584 5612 peccati
2604 5549 2844 5618 superbia
2869 5549 3054 5621 (Eccli.
3073 5553 3150 5625 ς).
3175 5553 3275 5621 Qui
3300 5557 3346 5611 si
3365 5559 3574 5628 gratias
3594 5561 3736 5632 egis-

2148 5644 2260 5686 sent
2282 5635 2406 5692 Deo.
2424 5639 2514 5706 qui
2532 5639 2750 5695 dederat
2766 5641 2905 5698 hanc
2919 5644 3260 5716 sapientiam,
3278 5635 3386 5705 non
3401 5651 3506 5708 sibi
3521 5651 3728 5722 aliquid
