3998 6202
211 393 231 446 1
242 392 336 447 “2.97

760 384 1305 444 ENARRA'HOXUM
1346 384 1409 440 ΙΝ
1452 382 1596 435 EPP.
1645 375 1843 431 PAULE
1886 376 2011 431 LEB.
2053 381 2092 432 l.
2126 411 2191 422 —-
2230 381 2296 435 IN
2336 382 2551 438 EPIST.
2591 385 2682 440 AD
2716 384 2880 440 80M.

3313 390 3447 443 1298

209 506 517 562 tribuissem
542 503 957 575 cogitationibus
996 503 1108 555 suis
1127 542 1140 564 ,
1189 507 1514 570 quapropter
1543 497 1596 549 in
1627 494 1773 549 desi—
1878 506 2025 556 nem,
2051 509 2210 562 quem
2229 496 2429 551 occidit
2456 497 2641 553 Daniel
2670 499 2830 553 horno
2851 498 2948 553 Dei
2962 498 3123 568 (Dan.
3146 504 3450 573 xxv),cujus

209 597 349 653 deria
380 594 559 650 cordis
597 594 680 648 sui
725 593 907 648 traditi
952 602 1130 647 sunt-a
1162 591 1421 655 Domino,
1453 598 1512 643 ut
1538 587 1778 640 facerent

208 698 319 752 quae
356 697 458 735 non
488 689 704 749 oportet
735 679 1053 749 (Origenes),
1085 679 1208 746 quia
1242 694 1363 732 cum
1395 674 1776 729 nianifestante

210 773 332 836 Deo,
365 780 734 841 cognoverunt
766 768 953 833 Deum,
988 783 1093 821 non
1132 776 1188 821 ut
1216 768 1435 837 digmnn
1465 776 1548 820 est
1581 766 1773 821 colue-

208 871 349 927 runt,
375 869 469 915 aut
492 859 697 930 gratias
722 868 969 926 egerunt,
995 858 1089 911 sed
1118 873 1213 924 per
1234 856 1622 928 cogitationum
1654 870 1780 909 sua-

210 968 319 1007 rum
349 950 664 1013 vanitatem,
702 949 826 1002 dum
858 947 1064 1002 formas
1096 940 1148 999 et
1180 948 1444 1017 imagines
1492 947 1780 1016 requirunt

217 1047 267 1099 in
290 1044 419 1109 Deo,
461 1043 512 1096 in
547 1040 851 1111 semetipsis
875 1040 1163 1109 imaginem
1189 1039 1284 1095 Dei
1308 1039 1697 1109 perdiderunt;
1729 1048 1782 1093 et

208 1137 524 1206 quijactare
552 1149 612 1188 se
637 1134 688 1188 in
720 1134 839 1188 luce
871 1133 1155 1200 sapientire
1188 1133 1532 1199 videbantur,
1565 1132 1618 1187 in
1652 1147 1777 1203 pro-

215 1226 403 1279 fundas
435 1224 679 1278 stultitia:
718 1224 969 1277 tenebras
1000 1221 1238 1276 devoluti
1270 1221 1589 1294 suntrQuid
1626 1223 1775 1276 enim

211 1327 314 1370 tam
345 1327 565 1376 tetrum,
609 1322 716 1367 tam
775 1313 1091 1380 obscurum,
1131 1325 1348 1383 tamque
1400 1317 1774 1369 tenebrosum.

208 1421 365 1475 quam
405 1405 629 1474 gloriam
663 1403 755 1458 Dei
781 1403 847 1457 ad
874 1404 1219 1473 corporalem
1253 1414 1308 1458 et
1368 1404 1776 1471 corruptibtlum

213 1498 457 1550 humanae
488 1497 676 1552 ferinae
696 1494 925 1565 elﬁgiem
955 1510 1191 1560 vertere,
1214 1505 1271 1555 ut
1297 1495 1466 1549 moris
1488 1505 1572 1551 est
1588 1496 1670 1549 his
1691 1497 1778 1563 qui

215 1586 499 1641 simulacra
518 1596 867 1653 venerantur,
890 1596 940 1642 et
987 1587 1182 1642 divina:
1227 1587 1522 1658 majestatis
1539 1588 1781 1642 eminen-

215 1679 337 1733 tiam
350 1678 661 1733 volucribus
676 1676 1203 1748 etquadrupedtbus,
1220 1687 1273 1732 et
1290 1678 1631 1744 serpentibus
1649 1694 1784 1732 exae-

209 1768 397 1838 quare?
413 1767 649 1822 Dicentes
669 1770 804 1821 enim
820 1785 931 1823 esse
947 1787 1002 1822 se
1017 1770 1296 1835 sapientes,
1318 1769 1470 1822 stulti
1485 1768 1618 1837 [acti
1634 1779 1778 1823 sunt.

1878 583 2282 641 similitudinem
2306 587 2542 652 habent;
2576 588 2813 659 {Egyptii
2840 598 3020 646 autem
3043 592 3295 653 colebant
3315 611 3450 666 qna-

1878 673 2205 741 drnpedem,
2241 691 2401 743 quem
2449 678 2698 732 dicebant
2730 679 2898 748 Apin,
2950 680 3003 734 in
3047 682 3451 741 similitudinem

1877 780 2072 829 vaccae,
2101 768 2243 835 quod
2275 768 2472 821 malum
2514 769 2752 822 imitatus
2785 779 2867 824 est
2907 769 3223 836 Jeroboam,
3260 789 3452 832 vaccas

1878 856 2152 913 instruens
2177 858 2527 927 inSamaria,
2558 861 2753 930 quibus
2775 862 3146 920 sacriﬁcarent
3165 864 3366 931 Judmi;
3399 877 3454 922 et

1877 948 2142 1015 volucres,
2168 950 2294 1020 quia
2318 951 2564 1005 corocina
2597 966 2749 1005 sacra
2768 954 2972 1008 habent
2996 957 3223 1026 pagani:
3258 958 3449 1013 harum

1881 1048 2059 1096 tamen
2084 1042 2324 1097 omnium
2350 1057 2530 1097 rerum
2553 1057 2688 1111 quas
2714 1044 3031 1109 memoravi,
3054 1045 3343 1101 simulacra
3364 1063 3455 1103 co-

1876 1129 2093 1185 luerunt
2117 1130 2376 1204 AEgyptii,
2403 1140 2457 1186 et
2480 1131 2583 1186 alia
2605 1146 2725 1201 qua:
2751 1147 2894 1189 nunc
2920 1133 3101 1189 dicere
3122 1150 3229 1190 non
3252 1144 3338 1192 est
3360 1151 3454 1192 ne-

1877 1235 2064 1286 cesse;
2102 1224 2218 1278 haec
2240 1224 2309 1278 ab
2332 1223 2437 1278 illis
2464 1222 2604 1278 facta
2632 1232 2783 1287 sunt,
2816 1223 2906 1292 qui
2935 1239 2992 1279 se
3022 1226 3292 1294 sapientes
3311 1229 3456 1282 tlei-

1877 1321 2160 1367 maverunt
2194 1313 2530 1367 inmundo:
2574 1313 2696 1381 quia
2737 1314 2880 1366 enim
2921 1313 3243 1369 invisibilem
3286 1316 3451 1371 Deum

1878 1412 2233 1472 agnoscentes
2268 1417 2373 1457 non
2397 1402 2795 1456 honoraverunt
2825 1403 2928 1458 ista
2968 1398 3236 1469 faciendo,
3273 1420 3372 1460 nec
3404 1406 3453 1461 in

1879 1492 1962 1549 his
1986 1507 2103 1562 quae
2127 1492 2357 1567 visibilia
2377 1500 2705 1562 suntsapere
2726 1501 3051 1562 potuerunt;
3077 1494 3288 1551 diﬁicile
3309 1497 3452 1550 enim

1880 1583 1933 1637 in
1961 1582 2257 1653 majoribus
2284 1584 2519 1654 prudens
2547 1584 2602 1638 in
2629 1584 2928 1641 minoribus
2953 1587 3110 1655 sapit.

1950 1670 2174 1747 Propter
2196 1673 2332 1744 quod
2355 1674 2572 1728 tradidit
2606 1674 2724 1728 illos
2746 1674 2886 1730 Deus
2915 1675 2972 1729 in
2990 1675 3310 1731 desiderium
3342 1694 3460 1731 cor-
3506 1716 3509 1721 ι

1878 1766 1961 1820 dis
1993 1765 2224 1832 illorum,
2254 1766 2308 1819 in
2338 1765 2722 1819 immunditiam
2742 1806 2756 1831 ,
2786 1774 2844 1821 ut
2876 1766 3200 1839 contumeliis
3230 1770 3455 1839 afficiant

211 1854 410 1926 (Δηὼ.)
434 1853 718 1925 Sapientes
745 1853 889 1910 enim
912 1868 970 1908 se
990 1853 1343 1919 arbitrantur,
1385 1854 1509 1923 quia
1546 1854 1780 1908 rationes
1812 1847 1855 1906 Β
1883 1872 2102 1928 corpora
2129 1874 2226 1911 sua
2249 1856 2303 1911 in
2327 1856 2635 1925 semetipsis.
2664 1856 2869 1926 (Aug.)
2894 1854 3046 1924 Quod
3086 1866 3263 1912 autem
3290 1859 3451 1924 dicit,

210 1945 454 2015 physicas
506 1945 864 2015 investigasse
912 1952 1137 2015 putant,
1195 1952 1499 1999 scrutantes
1562 1957 1782 1998 cursum

209 2034 440 2088 siderum
466 2074 481 2099 ,
509 2043 562 2090 et
590 2026 878 2104 qualit‘atcs
916 2035 1329 2100 elementorum,
1367 2034 1650 2089 Dominum
1683 2050 1781 2087 au-

209 2131 314 2177 tem
344 2124 537 2178 horum
567 2131 903 2193 spernentes,
933 2125 1052 2180 ideo
1073 2124 1222 2179 stulti
1248 2133 1409 2186 sunt;
1446 2140 1569 2178 nam
1595 2125 1638 2178 si
1668 2123 1837 2179 hrcc‘”

208 2214 469 2269 laudanda
494 2215 619 2278 sint,
657 2224 858 2285 quanto
887 2215 1057 2286 magis
1088 2225 1301 2270 creator
1327 2216 1568 2269 illorum!
1597 2213 1784 2269 Solent

208 2315 385 2367 tamen
408 2307 666 2376 pudorem
691 2306 828 2376 passi
856 2307 1083 2377 neglecti
1113 2306 1201 2361 Dei
1233 2307 1429 2361 misera
1457 2307 1530 2361 uti
1555 2320 1781 2360 excusa-

207 2397 387 2461 tione,
426 2396 664 2450 dicentes
706 2410 801 2465 per
830 2397 961 2451 istos
994 2412 1150 2466 posse
1182 2397 1259 2450 ire
1307 2397 1373 2451 ad
1401 2396 1598 2457 Deum,
1647 2396 1787 2450 sicut

205 2502 305 2557 per
324 2486 546 2543 comites
574 2486 887 2556 pervenitur
913 2486 981 2547 ad
1005 2501 1206 2555 regem.
1237 2486 1347 2556 Age
1364 2527 1379 2549 ,
1411 2487 1649 2556 nunquid
1676 2496 1782 2541 tam

148 2592 157 2599 ‘
206 2581 429 2635 demens
449 2589 532 2634 est
557 2579 771 2648 aliquis,
801 2588 896 2633 aut
921 2578 1109 2634 salutis
1134 2595 1244 2633 sua:
1272 2579 1577 2643 immemor,
1604 2587 1663 2632 ut
1686 2579 1810 2632 ho-.

207 2667 601 2723 noriﬁcentiam
642 2668 782 2737 regis
817 2668 1051 2723 vindicet
1080 2667 1304 2740 comiti?
1332 2666 1464 2722 Cum
1496 2667 1562 2721 de
1588 2667 1687 2721 hac
1726 2680 1785 2720 re

207 2761 253 2814 si
279 2760 368 2828 qui
392 2760 554 2815 etiam
582 2767 817 2813 tractare
842 2758 1044 2814 fuerint
1067 2759 1289 2824 inventi,
1314 2757 1431 2829 jure
1458 2768 1515 2813 ut
1541 2758 1614 2812 rei
1641 2759 1787 2811 dam-

209 2858 408 2905 nentur
440 2848 758 2917 majestatis,
786 2857 843 2904 et
864 2850 952 2905 isti
985 2865 1043 2905 se
1071 2866 1176 2904 non
1203 2857 1396 2920 putant
1419 2863 1543 2905 reos
1573 2850 1662 2919 qui
1690 2850 1782 2903 ho-

208 2957 396 2997 norem
424 2943 660 2997 nominis
680 2942 775 2997 Dei
797 2941 1046 2998 deferunt
1073 2953 1353 3007 creatum,
1383 2949 1435 2996 et
1462 2942 1650 2996 relicto
1686 2940 1787 2994 Do-

209 3033 376 3097 mino,
400 3044 688 3089 conservos
704 3033 951 3096 adorant,
978 3033 1131 3102 quasi
1160 3033 1230 3087 sit
1249 3030 1451 3101 aliquid
1475 3031 1615 3101 plus,
1643 3032 1784 3101 quod

207 3133 458 3179 servetur
486 3124 615 3180 Deo.
646 3123 779 3179 Nam
804 3132 859 3179 et
886 3124 1006 3180 ideo
1047 3125 1112 3178 ad
1152 3138 1329 3193 regem
1378 3138 1474 3193 per
1521 3123 1781 3186 tribunos,

1885 1947 2068 2001 traditi
2113 1955 2270 2012 sunt,
2320 1945 2637 2013 intelligitur
2665 1945 2869 2000 dimisit
2894 1946 2950 2001 in
2987 1947 3252 2003 desideria
3280 1948 3457 2003 cordis

1884 2052 2071 2094 eorum
2096 2056 2110 2104 ;
2157 2030 2465 2094 mercedem
2484 2047 2662 2093 autem
2686 2044 2926 2092 mutuam
2951 2036 3081 2093 dicit
3101 2037 3370 2105 recepisse
3390 2039 3456 2092 de

1844 2129 2025 2193 ‘Deo,
2072 2140 2131 2183 ut
2170 2130 2515 2185 traderentur
2547 2130 2601 2184 in
2644 2128 3078 2198 concupiscentia
3125 2128 3303 2183 cordis
3350 2129 3454 2182 sui.

1885 2217 2082 2289 (Amb.)
2112 2216 2375 2285 Quoniam
2404 2256 2420 2283 ,
2452 2216 2658 2286 inquit,
2685 2218 2753 2271 ad
2776 2215 3026 2285 injuriam
3054 2215 3329 2273 Creatoris
3359 2217 3450 2272 Dei

1884 2307 2157 2378 ﬁgmenta,
2192 2316 2248 2362 et
2273 2305 2650 2371 similitudines
2678 2321 2858 2362 rerum
2885 2305 3302 2373 dedicaverunt,
3344 2316 3456 2361 tra-

1884 2399 2135 2459 ditisunt
2154 2399 2433 2465 illudendi,
2455 2408 2512 2454 et
2550 2399 2731 2455 traditi
2756 2415 2866 2455 non
2895 2408 2955 2454 ut
2975 2398 3067 2454 illa
3090 2409 3310 2471 agerent
3340 2416 3459 2470 qum

1883 2488 2161 2555 nolebant,
2189 2490 2284 2545 sed
2314 2498 2371 2543 ut
2406 2490 2492 2545 illa
2535 2489 2856 2560 perﬁcerent
2897 2506 3016 2560 qua:
3042 2492 3459 2554 desiderabant:

1884 2589 1940 2635 et
1979 2581 2068 2637 hic
2109 2581 2325 2637 bonitas
2368 2582 2459 2637 Dei
2496 2591 2616 2647 est;
2657 2596 2780 2637 cum
2820 2583 2964 2637 enim
3010 2583 3227 2650 dignum
3267 2583 3461 2639 fuisset

1886 2668 2077 2739 subjici
2110 2669 2253 2737 illos,
2284 2680 2344 2725 ut
2378 2670 2620 2727 facerent
2651 2685 2770 2740 quae
2796 2671 3050 2725 nolebant
3069 2680 3123 2725 et
3147 2672 3459 2726 cruciaren-

1886 2766 1996 2823 tur,
2042 2758 2167 2827 quia
2209 2757 2336 2814 licet
2378 2759 2598 2825 bonum,
2646 2760 2691 2813 si
2730 2768 2918 2815 contra
2963 2760 3289 2816 voluntatem
3325 2760 3453 2824 ﬁat,

1886 2864 2132 2903 amarum
2159 2858 2213 2905 et
2254 2849 2452 2905 malum
2491 2859 2613 2918 est;
2652 2851 2741 2905 isti
2767 2860 2945 2905 autem
2985 2859 3287 2907 avertentes
3326 2866 3386 2907 se
3426 2867 3458 2905 a

1887 2938 1997 2993 Deo
2027 2938 2206 2994 traditi
2236 2947 2362 2994 sunt
2389 2939 2619 2995 diabolo.
2662 2939 2898 2997 Tradere
2921 2948 3209 2995 autemest
3232 2940 3458 3010 permit-

1889 3039 2024 3094 tere,
2048 3046 2155 3091 non
2178 3032 2405 3089 incitare
2427 3042 2520 3089 aut
2546 3034 2868 3100 immittere,
2898 3045 2959 3091 ut
2987 3051 3052 3090 ea
3084 3052 3203 3105 quae
3235 3036 3287 3090 in
3316 3035 3461 3092 desi-

1889 3121 2053 3177 deriis
2098 3133 2487 3194 conceperant,
2535 3123 2705 3193 adiuti
2751 3142 2782 3181 a
2830 3126 3040 3182 diabolo
3078 3126 3360 3196 explerent
3400 3126 3455 3181 in

204 3220 422 3280 autper
446 3214 670 3268 comites
695 3213 835 3278 itur,
869 3213 995 3282 quia
1034 3214 1195 3267 homo
1235 3213 1420 3281 utique
1462 3221 1544 3267 est
1571 3229 1661 3267 rex
1682 3254 1696 3278 ,
1730 3225 1777 3266 et
1811 3199 1855 3260 C
1885 3226 2078 3283 opere;
2103 3230 2201 3271 nec
2216 3216 2359 3270 enim
2373 3226 2592 3286 possent
2616 3216 2918 3288 huiusmodi
2943 3217 3141 3287 bonum
3163 3218 3456 3288 cogitatum

207 3304 391 3357 nescit
410 3303 603 3373 quibus
632 3304 824 3358 debeat
848 3302 1231 3373 rempublicam
1252 3304 1501 3367 credere;
1531 3304 1595 3357 ad
1615 3302 1781 3357 Deum

207 3400 414 3457 autem,
441 3408 600 3463 quem
620 3393 807 3463 utique
833 3394 963 3447 nihil
994 3393 1141 3458 latet,
1161 3394 1399 3448 omnium
1423 3395 1563 3447 enim
1595 3395 1782 3448 merita

206 3483 405 3549 novit,
448 3484 879 3555 promerendum,
920 3483 1272 3555 sulfragatore
1324 3500 1430 3539 non
1488 3501 1622 3555 opus
1670 3493 1783 3547 est,

206 3574 307 3630 sed
343 3583 523 3631 mente
549 3576 770 3641 devota;
801 3576 1105 3646 ubicunque
1132 3578 1275 3632 enim
1325 3570 1446 3630 talis
1483 3576 1692 3631 locutus
1735 3577 1785 3630 ci

209 3664 398 3728 fuerit,
422 3666 762 3735 respondebit
783 3667 891 3721 illi:
918 3666 985 3720 Et
1006 3674 1335 3720 mutaverunt
1365 3666 1586 3736 gloriam
1616 3668 1788 3719 incor—

210 3754 473 3825 ruptibilis
513 3755 609 3809 Dei
649 3756 702 3811 in
743 3756 1135 3812 similitudinem
1166 3758 1408 3828 imaginis
1436 3757 1787 3826 corruptibilis

210 3845 458 3899 hominis.
490 3845 580 3900 Sic
602 3848 931 3902 obcaacatum
956 3857 1039 3903 est
1065 3864 1160 3903 cor
1184 3848 1425 3913 illorum,
1456 3858 1514 3903 ut
1540 3847 1788 3915 majesta-

214 3937 626 3994 teminvisibilis
639 3938 754 4005 Dei,
771 3956 933 4010 quem
948 3956 1013 3995 ex
1034 3942 1120 3995 his
1140 3941 1294 3996 factis
1313 3950 1661 4011 agnoverant,
1681 3958 1785 3995 non

208 4029 542 4093 hominibus,
578 4032 693 4094 sed,
716 4032 858 4102 quod
904 4032 1056 4103 pejus
1099 4041 1185 4089 est
1209 4042 1265 4088 et
1287 4034 1652 4089 inexcusabile
1683 4034 1787 4088 cri-

207 4134 359 4180 men,
394 4119 447 4172 in
477 4120 878 4177 similitudinem
910 4123 1187 4178 hominum
1216 4133 1507 4190 mutarent,
1533 4136 1591 4180 ut
1617 4125 1786 4179 forma

206 4209 575 4279 corruptibilis
597 4212 827 4268 hominis
860 4213 999 4269 Deus
1030 4217 1097 4271 ab
1121 4217 1205 4272 his
1229 4227 1472 4283 vocetur,
1497 4219 1595 4273 hoc
1610 4228 1691 4272 cst
1715 4220 1787 4274 si-

207 4297 515 4354 mulacrum
536 4302 788 4367 hominis,
817 4310 877 4358 ut
889 4319 1026 4374 quos
1044 4306 1195 4362 vivos
1221 4308 1324 4363 hoc
1345 4309 1563 4364 nomine
1588 4310 1791 4365 donare

208 4404 326 4442 non
355 4391 571 4457 audent,
601 4402 933 4449 mortuorum
958 4396 1217 4467 imagines
1241 4400 1293 4453 in
1326 4401 1551 4470 gloriam
1587 4402 1676 4455 Dci
1708 4416 1791 4457 re-

205 4478 438 4547 cipiant.
457 4479 664 4546 Quanta
686 4485 1175 4556 :egritudo,quanta
1198 4488 1442 4548 stultitia,
1465 4491 1563 4543 hoc
1581 4492 1785 4561 sapien-

1886 3306 2104 3360 habere.
2139 3303 2345 3361 Traditi
2380 3322 2505 3377 ergo
2529 3316 2653 3363 sunt
2679 3308 2733 3361 in
2761 3309 3163 3373 immunditiam,
3188 3319 3245 3373 ut
3281 3320 3458 3364 contu-

1884 3395 2049 3450 meliis
2072 3396 2312 3467 afﬁciant
2338 3415 2557 3469 corpora
2582 3414 2680 3454 sua
2705 3399 2758 3453 in
2778 3400 3082 3471 semetipsis.
3116 3398 3249 3454 Cum
3269 3411 3462 3470 prsete-

1886 3485 1991 3540 rita
2018 3485 2242 3552 recolat,
2258 3487 2420 3543 etiam
2438 3488 2717 3558 praesentis
2740 3492 2995 3559 temporis
3015 3487 3154 3543 mala
3173 3487 3457 3559 signiﬁcat,

1889 3575 2015 3645 quia
2047 3577 2334 3631 traduntur
2358 3593 2501 3633 nunc
2539 3593 2737 3646 usque,
2777 3586 2835 3632 ut
2861 3577 3202 3633 contumeliis
3230 3576 3463 3632 alliciant

1889 3682 2114 3740 corpora
2150 3683 2267 3724 sua.
2293 3668 2526 3740 Originis
2566 3677 2746 3723 autem
2776 3668 2916 3722 illius
2957 3683 3101 3723 nunc
3140 3682 3309 3739 usque
3338 3678 3459 3725 sunt

1891 3747 2158 3826 heminas,
2190 3760 2282 3830 qui
2310 3762 2560 3817 dicuntur
2595 3774 2817 3830 cerpora
2859 3775 2956 3815 sua
2983 3759 3341 3815 dehonestare
3382 3761 3462 3813 in-

1890 3853 2085 3907 vicem.
2114 3851 2249 3906 Cum
2276 3852 2530 3923 cogitatio
2565 3852 2758 3904 animae
2784 3849 2856 3904 sit
2880 3850 2935 3903 in
2961 3848 3207 3912 crimine,
3235 3861 3458 3916 corpora

1891 3946 2141 4000 dicuntur
2167 3943 2541 4009 dehonestari,
2577 3941 2784 4013 quare?
2819 3940 2921 3995 nisi
2951 3939 3073 4010 quia
3100 3937 3308 3992 macula
3338 3952 3458 4018 cg-

1889 4034 2037 4105 poris
2062 4033 2314 4088 indicium
2338 4041 2421 4088 est
2444 4031 2647 4103 peccati
2679 4032 2908 4097 animae;
2947 4046 3071 4087 cum
3094 4030 3237 4085 enim
3263 4043 3458 4100 corpus

1890 4125 2308 4190 contaminatur,
2351 4138 2510 4178 nemo
2536 4122 2757 4192 ambigit
2785 4122 2981 4177 anima:
3010 4136 3131 4176 esse
3159 4129 3459 4191 peccatum.

1892 4213 2089 4284 (Cass.)
2120 4208 2353 4269 Credere
2384 4225 2559 4291 tamen
2584 4214 2902 4269 inconcussa
2932 4212 3160 4285 ﬁdenos
3186 4213 3457 4276 convenit,

1891 4307 2023 4361 nihil
2051 4307 2166 4363 sine
2192 4308 2303 4362 Deo
2325 4321 2576 4375 prorsum
2602 4307 2653 4359 in
2676 4306 2781 4361 hoc
2802 4303 3000 4358 mundo
3021 4302 3165 4372 geri;
3194 4309 3286 4369 aut
3311 4302 3454 4355 enim

1895 4398 2165 4453 voluntate
2207 4397 2323 4469 ejus
2364 4404 2455 4451 aut
2493 4396 2760 4467 permissu
2788 4394 2874 4465 agi
2899 4393 3147 4447 universa
3185 4390 3457 4446 fatendum

1891 4500 1989 4549 est,
2025 4496 2083 4543 ut
2123 4487 2329 4543 scilicet
2372 4487 2516 4551 haec,
2559 4500 2677 4555 qua:
2714 4486 2851 4539 bona
2886 4492 3040 4548 sunt,
3067 4482 3341 4537 voluntate
3368 4482 3461 4537 Dei

208 4576 297 4623 tes
324 4572 594 4639 appellare
623 4576 686 4630 ad
708 4550 860 4631 suam
887 4550 1285 4634 damnationem
1308 4620 1322 4645 ,
1350 4582 1489 4651 apud
1513 4550 1656 4652 quos.
1671 4584 1790 4653 plus
1816 4550 1869 4609 Β
1896 4577 2077 4646 perﬁci
2106 4576 2411 4645 auxilioque
2452 4550 2772 4637 credantur,
2815 4587 2933 4642 quae
2970 4580 3148 4626 autem
3185 4572 3460 4627 contraria

205 4661 414 4714 mortui
446 4673 672 4731 possunt
697 4681 858 4735 quam
903 4668 1044 4732 vivi,
1091 4676 1144 4722 et
1172 4670 1368 4723 mortui
1403 4672 1639 4740 potiores
1669 4682 1793 4728 sunt

205 4749 382 4813 vivis!
414 4750 460 4804 A
481 4754 601 4808 vivo
622 4757 764 4810 enim
788 4757 896 4812 Deo
924 4759 1233 4814 recedentes
1268 4763 1492 4816 mortuis
1520 4762 1718 4830 favent,
1740 4765 1792 4819 in

204 4854 451 4907 quorum
480 4849 715 4900 nume’ro
733 4855 877 4911 sunt,
921 4848 1060 4902 sicut
1091 4849 1347 4919 scriptum
1383 4859 1465 4905 est
1500 4870 1512 4903 :
1556 4852 1796 4908 Mortalis

203 4938 485 4984 mortuum
516 4932 679 5003 ﬁngit
708 4937 947 4991 manibus
993 4938 1182 5008 iniquis
1237 4937 1397 5009 (δίῳ.
1429 4940 1552 5010 xv);
1600 4943 1701 4997 hoc
1732 4943 1798 4997 de

208 5019 525 5089 hujusmodi
556 5039 586 5078 a
612 5025 886 5094 Sapientia
900 5027 1203 5083 Salomonis
1217 5029 1415 5083 dictum
1444 5038 1545 5084 est.
1573 5030 1636 5084 Et
1653 5031 1796 5087 volu-

205 5128 408 5178 crum,
448 5124 496 5169 et
523 5115 937 5186 quadrupedum,
961 5128 1009 5172 et
1032 5119 1367 5189 serpentium.
1406 5118 1499 5174 His
1540 5121 1796 5191 subjectis

206 5204 516 5260 cumulavit
536 5209 602 5258 ad
627 5216 840 5276 pmnam
884 5209 1244 5273 hebetudinis,
1269 5217 1326 5263 ut
1351 5208 1489 5263 ultra
1513 5210 1793 5265 stultitiam

205 5304 275 5349 ct
310 5296 609 5352 vanitatem
646 5298 756 5353 sint
781 5298 1123 5368 hujusmodi;
1169 5300 1248 5354 sic
1268 5298 1411 5354 enim
1459 5301 1796 5370 majeStatem

209 5386 320 5441 Dei
370 5394 428 5440 et
449 5386 672 5457 gloriam
708 5388 1047 5455 minuerunt,
1077 5399 1136 5444 ut
1165 5390 1386 5453 horum,
1418 5405 1546 5459 quae
1574 5392 1794 5445 minima

204 5483 275 5530 et
328 5490 495 5545 parva
527 5486 671 5542 sunt,
703 5477 1036 5532 similitudini
1067 5480 1161 5533 Dei
1205 5480 1667 5535 honoriﬁcentiam
1698 5482 1794 5536 da-

208 5576 379 5632 rent;
400 5568 561 5638 primi
582 5569 725 5623 enim
747 5566 1019 5639 Babylonii
1042 5569 1209 5626 Deum
1232 5583 1559 5627 vocaverunt
1582 5572 1799 5642 ﬁgmen-

208 5666 335 5711 tum
366 5656 479 5712 Beli
507 5659 773 5726 quondam
802 5660 1032 5714 hominis
1063 5661 1291 5723 mortui,
1314 5661 1404 5731 qui
1432 5662 1790 5732 principatum

206 5749 272 5801 in
297 5763 398 5803 eos
423 5748 624 5803 dicitur
646 5751 850 5819 eg?sse:
878 5750 1156 5805 coluerunt
1184 5760 1235 5803 et
1266 5760 1566 5819 serpentem
1607 5752 1797 5806 draco-

1897 4677 2043 4734 sunt,
2071 4669 2359 4737 permissu,
2389 4683 2512 4731 cum
2538 4682 2636 4743 pro
2665 4663 2916 4733 nequitiis
2956 4676 3022 4718 ac
3056 4662 3254 4717 duritia
3284 4662 3466 4718 cordis

1869 4834 1876 4841 ι
1898 4759 2068 4812 nostri
2116 4758 2369 4814 deserens
2389 4773 2486 4813 nos
2510 4756 2684 4811 divina
2705 4754 2989 4825 protectio,
3018 4753 3287 4808 diabolum
3309 4753 3464 4808 nobis

1898 4848 1982 4904 vel
2029 4849 2423 4919 ignominiosae”
2450 4845 2691 4916 corporis
2728 4843 3009 4915 passiones
3045 4844 3249 4913 patitur
3290 4842 3463 4898 domi-

1901 4938 2041 5004 nari,
2073 4938 2214 5007 quod
2240 4938 2402 4993 etiam
2429 4934 2656 5006 apostoli
2684 4934 2908 4990 vocibus
2931 4933 3328 4989 evidentissime
3345 4946 3465 5002 per-

1900 5016 2159 5086 docemur
2177 5027 2425 5091 dicentis,
2446 5034 2666 5096 propter
2689 5025 2831 5093 quod
2856 5022 3074 5078 tradidit
3097 5020 3216 5076 illos
3244 5020 3386 5075 Deus
3411 5022 3465 5074 in

1900 5123 2177 5191 passiones
2203 5117 2543 5189 ignominiaa;
2582 5124 2637 5170 et
2673 5115 2890 5176 iterum,
2930 5111 3054 5181 quia
3093 5125 3198 5165 non
3223 5108 3464 5164 credideu

1902 5218 2027 5264 runt
2066 5209 2233 5262 Deum
2278 5207 2475 5261 habere
2519 5204 2796 5267 notitiam,
2846 5201 3066 5255 tradidit
3093 5199 3213 5255 illos
3242 5198 3383 5254 Deus
3409 5198 3462 5253 in

1900 5301 2185 5371 reprobum
2235 5311 2491 5359 sensum,
2540 5305 2599 5348 ut
2646 5293 2847 5348 faciant
2891 5307 2954 5346 ea
3005 5307 3124 5361 qua:
3168 5305 3276 5345 non
3332 5306 3463 5344 con-

1901 5390 2141 5443 veniunt.

1972 5479 2075 5545 Qui
2114 5485 2555 5532 contmutaverunt
2584 5476 2842 5529 veritatem
2889 5472 2983 5527 Dei
3023 5474 3079 5526 in
3114 5470 3466 5536 mendacium,

1899 5583 1946 5628 et
1976 5552 2265 5635 coluerunt,
2292 5578 2339 5623 et
2361 5569 2643 5622 servierunt
2663 5576 2915 5620 creatura:
2934 5567 3105 5635 potius
3126 5580 3280 5635 quam
3307 5562 3464 5618 Creu-

1901 5658 2128 5728 tori,qui
2148 5669 2220 5712 est
2245 5658 2538 5712 benedictus
2566 5659 2618 5711 in
2640 5656 2852 5711 sa'cula.
2879 5658 3061 5712 Amen.
3083 5658 3284 5726 (Δηὼ.)
3307 5655 3461 5710 Com-

1905 5758 2171 5805 mutanles
2199 5751 2477 5805 veritatem
2511 5751 2601 5804 Dei
2636 5751 2686 5804 in
2722 5750 3089 5814 tnendacium,
3126 5749 3177 5803 id
3221 5757 3333 5811 est,
3374 5762 3468 5803 ηοτ
