3998 6202
452 458 593 516 i299

1082 445 1147 502 Β.
1184 443 1440 503 assam
1478 438 1698 499 usum
1732 433 2053 495 ARCHIEP.
2092 431 2405 491 uocum.
2443 381 2730 486 oration
2766 384 2945 482 rans
2985 423 3073 481 η..

3586 426 3723 481 ιΰῡῧ

451 584 577 627 me“
616 564 715 623 ὉΘῙ
752 562 847 635 qui
875 568 1039 618 νθτυε
1069 566 1188 625 θεῖν
1237 557 1500 612 (“damni
1526 555 1612 611 his
1645 552 1735 624 ‘1“i
1763 566 1872 606 που
1905 555 2033 605 sum
2059 550 2105 610 Α
2135 566 2180 622 si
2216 564 2342 623 velit
2366 563 2565 635 eligere
2594 562 2760 617 vitam
2787 561 3096 628 Christum,
3129 571 3225 616 aut
3260 561 3314 615 in
3342 571 3579 619 mortem
3614 563 3729 619 dia-

452 660 559 719 dii;
587 653 856 726 lapidibus
881 651 1025 708 enim
1056 657 1111 705 et
1137 647 1297 719 lignis
1324 646 1406 699 vel
1433 639 1905 711 creterisjmctallis
1940 653 2033 693 au-

454 752 694 808 ferentes
720 746 863 817 quod
892 753 1036 808 sunt,
1070 742 1202 796 dant
1248 739 1352 793 illis
1383 737 1524 808 quod
1552 752 1656 791 non
1682 743 1828 800 sunt,
1851 732 2033 788 ethoc

453 849 539 897 est
565 841 855 894 immutare
882 848 1069 889 verum
1097 832 1151 886 in
1178 829 1393 893 falsum,
1423 843 1526 882 non
1546 827 1688 881 enim
1710 826 1819 895 jam
1839 837 2036 877 vocan-

457 943 548 987 tur
568 930 707 1001 lapis
738 935 830 982 aut
853 926 1076 995 lignum,
1094 920 1197 975 sed
1218 918 1361 973 Deus
1386 937 1397 972 :
1430 919 1533 972 hoc
1557 924 1642 970 est
1663 916 1869 970 servire
1886 925 2038 966 crea-

459 1032 593 1076 tura:
615 1018 792 1090 potius
818 1028 978 1084 quam
1011 1009 1279 1066 Creatori.
1305 1007 1420 1063 Non
1451 1014 1647 1077 negant
1675 1005 1818 1059 enim
1845 1002 2035 1065 Deum,

460 1111 553 1168 sed
571 1108 812 1165 serviunt
833 1112 1115 1169 creaturae,
1129 1117 1236 1172 quo
1254 1116 1360 1156 non
1382 1105 1734 1160 excusantur,
1756 1096 1848 1150 sed
1870 1093 2040 1165 magis

462 1204 798 1265 incusantur,
829 1197 954 1267 quia
975 1200 1361 1267 cognoscentes
1399 1205 1505 1246 non
1535 1190 1806 1245 honorant
1833 1188 2001 1242 Deum
2023 1226 2038 1252 ,

456 1295 542 1357 qui
562 1302 639 1345 est
657 1288 953 1343 benedictus
969 1288 1024 1338 in
1041 1281 1559 1346 strcula,Amen,hoc
1575 1285 1661 1334 est
1681 1274 2039 1331 verumzbeus

455 1398 591 1439 vero
626 1382 945 1437 benedictus
974 1378 1043 1432 sit
1071 1377 1122 1430 in
1153 1375 1370 1440 sarcula,
1405 1372 1529 1442 quia
1564 1377 1843 1439 permanet
1859 1365 2038 1431 Deus;

460 1477 569 1531 dtis
581 1483 759 1528 autem
778 1470 1013 1542 gentium
1036 1470 1100 1523 ad
1118 1477 1326 1537 tempus
1342 1464 1635 1535 impietatis
1648 1463 1738 1515 dat
1754 1462 2037 1521 honorem,

466 1574 586 1627 ideo
619 1584 726 1624 non
758 1574 841 1623 est
861 1579 1073 1629 verum,
1100 1563 1154 1616 in
1186 1561 1295 1615 Deo
1345 1570 1522 1613 autem
1571 1564 1755 1610 manet
1795 1552 1996 1608 veritas
2024 1568 2041 1619 ;

468 1665 607 1719 hanc
619 1658 1053 1715 benedictionem
1076 1655 1215 1708 idem
1239 1650 1518 1723 apostolus
1534 1647 1639 1703 alio
1658 1647 1780 1702 loco
1803 1645 2048 1715 assignat

468 1753 606 1809 Filio
627 1750 745 1817 Dei,
765 1751 909 1804 inter
931 1757 1124 1802 catera
1155 1744 1343 1799 dieens
1373 1760 1389 1797 :
1423 1741 1491 1796 Et
1510 1756 1575 1795 ea:
1595 1740 1780 1811 quibus
1793 1737 2042 1799 Christus

469 1845 756 1903 secundum
787 1854 1019 1904 carnem,
1050 1837 1235 1908 quiest
1269 1834 1567 1890 benedictus
1594 1846 1752 1902 super
1779 1829 1962 1886 omnia
1989 1829 2045 1882 in

2135 660 2315 715 bolum
2365 658 2666 724 declinare;
2706 656 2855 726 quod
2885 656 2929 711 si
2971 670 3276 726 agnoscens
3312 655 3496 709 anima
3532 655 3731 720 Deum,

2135 750 2410 813 Christum
2433 748 2600 802 vitam
2623 762 2773 801 suam
2799 746 3104 817 amplexata
3129 760 3239 799 non
3265 744 3446 809 fuerit,
3472 762 3565 799 nec
3591 745 3731 798 sicut

2137 839 2304 910 Deum
2328 838 2739 909 magniﬁcaverit
2770 829 2862 893 αἰεί
2885 837 3082 906 gratias
3112 836 3297 906 egerit,
3333 836 3423 889 sed
3457 836 3733 897 eranuerit

2137 928 2192 981 in
2215 927 2615 999 cogitationibus
2637 927 2767 989 suis,
2789 937 2835 979 et
2863 928 3138 987 mutaverit
3166 919 3388 996 gloriam
3412 929 3737 992 incorrupti-

2140 1017 2257 1071 bilis
2291 1018 2385 1077 Dei
2418 1018 2471 1073 in
2519 1016 2920 1074 similitudinem
2964 1018 3211 1087 imaginis
3251 1018 3615 1087 corruptibilis
3644 1020 3739 1070 ho-

2138 1108 2294 1161 minis
2322 1117 2369 1161 et
2399 1108 2691 1171 volucrum,
2718 1118 2762 1159 e.‘
2788 1106 3210 1177 quadrupedum,
3241 1116 3288 1159 et
3309 1108 3662 1175 serpentium,
3685 1117 3738 1162 et

2140 1198 2196 1254 in
2230 1199 2317 1254 bis
2354 1199 2606 1254 omnibus
2649 1197 3002 1253 declinaverit
3051 1196 3115 1250 ad
3147 1212 3367 1260 carnem
3422 1205 3594 1265 atque
3645 1211 3741 1251 eos

2140 1293 2232 1362 qui
2254 1291 2437 1347 carnis
2461 1290 2744 1345 desideriis
2768 1288 2975 1355 favent,
2999 1288 3403 1359 derelinquetur
3430 1288 3557 1342 sine
3574 1289 3742 1341 dubio

2143 1391 2197 1438 et
2216 1383 2500 1437 deseretur
2520 1382 2588 1437 ab
2612 1382 2697 1436 his
2733 1381 2827 1450 qui
2851 1394 2970 1434 eam
2992 1380 3177 1437 favore
3199 1395 3297 1434 suo
3311 1388 3372 1433 ut
3387 1380 3608 1450 spiritui
3625 1380 3745 1448 iuno

2144 1482 2361 1544 geretur
2402 1472 2746 1536 animabant,
2771 1479 2826 1525 et
2854 1471 3154 1526 concedent
3193 1487 3311 1524 eam
3336 1510 3353 1536 ,
3388 1469 3479 1525 vel
3527 1471 3740 1525 tradent

2145 1563 2432 1618 desideriis
2462 1562 2642 1617 cor‘dis
2668 1562 2779 1626 esui,
2808 1561 3007 1632 quibus
3035 1560 3188 1616 carni
3214 1560 3458 1614 sociatur
3484 1569 3538 1615 et
3562 1560 3745 1615 adha-

2142 1662 2265 1719 ret;
2308 1669 2485 1723 neque
2519 1654 2663 1708 enim
2701 1653 3053 1709 obsistentem
3098 1667 3219 1707 eam
3268 1666 3332 1706 ac
3380 1650 3747 1706 reluctantem

2148 1744 2215 1798 ad
2243 1759 2305 1799 ea
2332 1756 2451 1813 qua:
2477 1742 2676 1815 refugit
2703 1758 2767 1797 ac
2803 1744 3010 1814 respuit
3053 1743 3415 1799 revocabunt:
3463 1744 3624 1811 cujus
3670 1743 3747 1800 rei

2150 1834 2473 1907 imaginem,
2520 1833 2565 1889 si
2615 1833 2790 1889 adhuc
2825 1835 3038 1888 videtur
3076 1832 3325 1896 obscura,
3375 1832 3469 1887 tali
3514 1832 3745 1901 quadam

471 1936 691 1992 stecula.
723 1934 889 1987 Amen
922 1904 1099 2002 (Rom.
1130 1929 1233 1997 Ix).
1263 1927 1369 1980 Aut
1414 1936 1645 1995 uterque
1676 1926 1741 1976 ad
1770 1921 2047 1976 Christum
2081 1904 2125 1964 Β
2155 1904 2340 1996 specie
2365 1924 2790 1980 manifestiorem
2811 1923 3214 1993 planioremque
3236 1923 3551 1984 reddemus.
3575 1921 3750 1979 Pona-

474 2028 775 2101 pertiuens,
795 2034 888 2080 aut
911 2016 1102 2078 eadem
1124 2022 1260 2076 dixit
1287 2021 1350 2073 de
1375 2016 1535 2085 Filio,
1556 2031 1673 2087 qua:
1698 2015 1842 2073 etde
1865 2012 2049 2071 Patre.

477 2119 670 2191 (0ri9.)
706 2118 1041 2188 Frequenter
1071 2115 1122 2170 iu
1145 2113 1439 2182 Scripturis
1466 2107 1797 2176 invenimus,
1817 2119 1874 2164 et
1897 2108 2055 2163 nobis

476 2210 925 2277 saepedissertum
941 2212 1046 2269 est,
1068 2199 1210 2271 quod
1235 2201 1414 2266 homo,
1437 2199 1659 2268 Spiritus
1690 2206 1979 2266 etcorpus,
2001 2204 2053 2250 et

469 2291 648 2345 anima
667 2304 787 2345 esse
807 2288 1049 2352 dicatur;
1074 2299 1260 2341 verum
1276 2298 1399 2340 cum
1417 2282 1630 2346 dicitur,
1650 2279 1773 2350 quia
1794 2294 1917 2334 caro
1938 2293 2057 2331 con-

469 2380 684 2451 cupiscit
703 2370 950 2434 adversus
968 2375 1231 2446 spiritum,
1246 2371 1461 2446 spiritus
1478 2380 1651 2425 autem
1669 2369 1917 2423 adversus
1939 2382 2055 2420 car-

471 2487 588 2527 nem
618 2467 762 2538 (Gal.
786 2468 864 2541 v),
888 2468 1062 2523 media
1088 2464 1274 2537 procul
1297 2464 1459 2520 dubio
1479 2462 1698 2533 ponitur
1718 2462 1919 2523 anima,
1935 2474 2055 2529 qua:

469 2564 556 2619 vel
602 2561 885 2618 desideriis
926 2560 1147 2631 spiritus
1182 2557 1514 2627 acquiescat,
1543 2554 1624 2609 vel
1652 2553 1834 2609 carnis
1858 2567 2049 2607 conru-

474 2654 750 2725 piscentiis
776 2651 1083 2707 inclinetur.
1114 2649 1182 2705 Et
1206 2649 1250 2704 si
1281 2648 1497 2718 quidem
1520 2662 1579 2701 se
1606 2644 1848 2713 iunxerit
1872 2643 2020 2698 carni
2039 2682 2053 2707 ,

473 2758 638 2801 utinm
678 2756 799 2797 eum
837 2755 901 2796 ea
939 2754 1133 2811 corpus
1172 2739 1226 2792 in
1265 2737 1487 2792 libidine
1518 2745 1572 2791 et
1607 2732 2057 2804 concupiscentiis

474 2833 592 2903 ejus
638 2832 897 2898 edicitur;
949 2832 994 2887 si
1036 2844 1163 2886 vero
1205 2844 1264 2885 se
1307 2826 1597 2883 sociaverit
1635 2824 1886 2896 spiritui,
1916 2838 2057 2878 unus

360 2974 375 2985 .
475 2942 598 2983 cum
633 2941 695 2981 ea
719 2925 941 2996 spiritus
966 2924 1087 2979 erit.
1116 2922 1320 2985 Idcirco
1347 2920 1577 2990 denique
1606 2919 1671 2973 de
1697 2918 1803 2982 his,
1829 2931 2055 2988 quorum

476 3015 758 3091 se,animaé
783 3031 847 3071 ex
886 3015 1095 3086 integro
1123 3028 1244 3068 cum
1266 3027 1428 3067 carne
1454 3004 1763 3079 iunxerant,
1795 3007 1925 3062 dicit
1948 3004 2058 3061 Do-

477 3107 654 3162 minus
691 3106 747 3159 in
791 3103 1125 3174 Scripturis:
1169 3103 1290 3156 1am
1336 3117 1438 3155 non
1476 3098 1794 3179 permanebit
1823 3094 2057 3167 Spiritus

476 3214 624 3252 meus
651 3198 705 3250 in
731 3194 1023 3251 hominibus
1045 3194 1180 3261 istis,
1217 3193 1341 3270 quia
1365 3208 1487 3269 caro
1512 3199 1634 3246 sunt
1661 3187 1812 3270 (Gen.
1842 3188 1952 3265 vt);
1986 3188 2053 3242 de

477 3289 565 3345 bis
587 3295 766 3343 autem
788 3302 1018 3357 quorum
1044 3285 1223 3341 fuerat
1243 3268 1653 3359 animaspiritui
1667 3268 1903 3347 sociata,
1919 3279 2055 3351 Apo-

479 3377 650 3436 stolus
672 3378 801 3433 dicit
826 3394 840 3430 :
872 3359 975 3430 Vos
998 3385 1171 3429 autem
1194 3391 1298 3428 non
1319 3374 1440 3428 estis
1466 3373 1521 3425 in
1543 3388 1721 3437 carne,
1748 3371 1838 3425 sed
1865 3373 1920 3425 in
1946 3371 2057 3441 spi-

481 3469 586 3523 ritu
612 3466 783 3537 (Rom.
812 3466 951 3536 vsu).
981 3464 1118 3519 Sunt
1141 3474 1425 3534 prmterea,
1451 3463 1590 3518 sicut
1613 3461 1665 3516 in
1693 3461 1878 3517 multis
1906 3459 2057 3517 Scri-

479 3570 655 3636 ptura:
694 3559 827 3616 locis
869 3557 1199 3624 invenimus,
1243 3555 1406 3612 etiam
1448 3555 1729 3624 utriusque
1763 3553 1936 3628 partis
1974 3554 2059 3611 vel

484 3652 763 3723 utriusque
788 3651 890 3706 viae
929 3649 1168 3705 fautores
1212 3647 1431 3719 quidam
1461 3655 1517 3701 et
1544 3644 1818 3717 adjutores
1849 3645 2056 3715 angeli,

485 3761 608 3801 nam
639 3743 819 3800 carnis
844 3740 1292 3813 concupiscentiae
1331 3740 1591 3795 adversus
1628 3737 1876 3809 spiritum
1916 3735 2062 3813 favet

485 3834 746 3899 diabolus,
787 3840 843 3890 et
877 3831 1049 3903 angeli
1074 3829 1191 3901 ejus
1215 3838 1272 3886 et
1298 3843 1486 3885 omnes
1514 3828 1785 3899 spiritales
1812 3826 2062 3903 nequitia:

488 3931 540 3984 in
576 3928 884 3985 caelestibus
908 3925 1130 3999 (Ephes.
1153 3925 1255 3996 v1),
1276 3914 1570 3993 'cupctique
1609 3920 1893 3976 adversum
1926 3935 2062 3996 quos

491 4017 802 4073 hominibus
821 4014 1092 4070 luctamen
1112 4022 1218 4081 est,
1238 4014 1571 4086 principatus
1595 4022 1649 4069 et
1668 4021 1987 4082 potestates,
2006 4022 2062 4071 et

489 4106 673 4161 mundi
704 4104 863 4175 hujus
900 4113 1138 4159 rectores
1159 4104 1507 4173 tenebrarum
1531 4118 1550 4165 ς
1577 4116 1608 4158 e
1629 4101 1905 4158 contrario
1931 4116 2060 4156 vero

492 4197 704 4268 spiritui
723 4198 986 4251 adversus
1003 4210 1221 4252 carnem
1242 4196 1537 4251 decertauti
1568 4195 1804 4248 animam
1832 4209 1939 4264 que
1961 4193 2065 4247 bu-

493 4303 734 4356 manam,
754 4276 874 4359 qua:
897 4288 1072 4343 media
1095 4295 1196 4353 est,
1216 4286 1283 4363 ad
1308 4302 1366 4341 se
1383 4300 1637 4341 revocare
1656 4287 1869 4341 conanti
1887 4287 2067 4341 favent

491 4383 669 4453 angeli
687 4384 961 4437 hominum
986 4368 1175 4450 omnes
1197 4379 1379 4443 tlli,de
1413 4378 1611 4447 quibus
1646 4377 1912 4433 Dominus
1940 4378 2016 4432 ait
2046 4394 2061 4432 :

492 4474 618 4543 quia
657 4474 830 4543 angeli
860 4489 1042 4526 eorum
1071 4474 1244 4527 vident
1276 4473 1465 4544 faciem
1489 4469 1672 4525 Patris
1696 4473 1868 4539 vestri,
1892 4472 1980 4540 qui
2012 4472 2067 4524 iu

494 4561 638 4615 editis
670 4572 745 4614 est
780 4562 999 4631 (Matth.
1034 4562 1298 4630 xvm),de
1332 4560 1833 4630 quibusApostolus
1864 4561 1930 4615 ad
1959 4561 2068 4615 lie-

490 4647 667 4703 brteos
694 4645 861 4703 dicit:
894 4644 1085 4700 Nonne
1116 4661 1290 4699 omnes
1320 4643 1548 4698 ministri
1574 4652 1694 4698 sunt
1721 4643 1951 4714 spiritus,
1990 4646 2058 4695 ad

491 4736 839 4794 ministerium
863 4734 1026 4797 missi,
1044 4741 1252 4804 propter
1270 4750 1356 4787 eos
1370 4734 1459 4803 qui
1474 4732 1827 4807 hereditatem
1848 4732 2059 4802 capiunt

432 4832 443 4836 “
490 4825 706 4882 salutis?
719 4823 904 4896 (Hebr.
923 4824 981 4893 ι).
1000 4821 1164 4876 Favet
1178 4831 1231 4875 et
1248 4821 1359 4892 ipse
1373 4821 1653 4898 Dominus,
1669 4823 1757 4890 qui
1771 4822 1934 4876 etiam
1952 4823 2063 4877 ani-

490 4934 633 4975 mam
663 4932 814 4973 suam
841 4914 991 4987 ponit
1030 4928 1127 4985 pro
1161 4912 1349 4967 ovibus
1386 4914 1496 4968 suis
1538 4911 1717 4985 (Jonn.
1749 4912 1826 4984 χ).
1860 4913 1965 4969 Sed
1994 4929 2059 4969 ex

490 5019 721 5079 utraque
749 5015 900 5083 parte
927 5003 1127 5082 favoris
1154 5003 1433 5083 disciplina
1473 5013 1752 5070 servatur,
1779 5019 1884 5058 non
1916 5006 2058 5059 enim

489 5099 542 5152 vi
576 5114 662 5154 res
700 5082 898 5168 agitur,
942 5109 1114 5165 neque
1156 5093 1476 5169 necessitate
1505 5093 1557 5147 in
1586 5093 1810 5149 alteram
1848 5102 2059 5163 partem

490 5188 667 5244 anima
703 5188 1020 5267 declinatur,
1065 5184 1298 5263 alioquin
1341 5200 1438 5239 nec
1473 5184 1625 5252 culpa
1663 5184 1734 5247 ei,
1763 5200 1859 5238 nec
1890 5185 2061 5239 virtus

490 5285 669 5347 posset
705 5276 932 5339 ascribi,
970 5290 1070 5330 nec
1099 5274 1225 5329 boni
1255 5274 1444 5350 electio
1481 5274 1790 5351 praemium,
1834 5289 1932 5328 nec
1968 5274 2059 5329 de-

489 5365 709 5422 clinatio
734 5364 859 5419 mali
889 5363 1206 5435 supplicium
1236 5348 1568 5428 mereretur,
1613 5348 1705 5417 sed
1736 5348 1984 5417 servatur
2008 5363 2058 5417 ei

490 5458 545 5514 in
568 5457 818 5513 omnibus
845 5454 1064 5510 libertas
1089 5454 1322 5518 arbitrii,
1346 5461 1406 5506 ut
1434 5453 1485 5507 in
1517 5452 1660 5522 quod
1690 5452 1918 5530 voluerit
1945 5453 2057 5522 ipsa

492 5546 740 5613 declinet,
776 5547 916 5602 sicut
943 5546 1202 5615 scriptum
1226 5553 1311 5599 est
1335 5562 1350 5598 :
1392 5538 1699 5614 Ecce'posui
1724 5554 1843 5619 ante
1870 5544 2057 5613 faciem

492 5646 634 5691 tuam
654 5640 836 5701 vitam,
866 5645 915 5690 et
934 5644 1173 5700 mortem,
1202 5635 1371 5704 ignem
1401 5644 1448 5688 et
1480 5651 1669 5705 aquam
1709 5634 1899 5704 (Eccli.
1926 5635 2015 5705 xv)
2040 5653 2055 5701 ;

492 5726 601 5781 vita
622 5742 750 5797 ergo
780 5725 1026 5783 Christus
1056 5733 1158 5789 est,
1187 5735 1240 5778 et
1265 5739 1410 5779 mors
1438 5724 1762 5782 novissimus
1788 5726 2057 5792 inimicus,

491 5818 583 5892 qui
616 5827 699 5872 est
725 5815 989 5892 diabolus.
1029 5814 1205 5889 liabet
1225 5829 1355 5884 ergo
1383 5816 1436 5869 in
1463 5814 1690 5870 arbitrio
1716 5832 1816 5871 suo
1840 5818 2017 5873 anima
2038 5860 2053 5876 .

2153 2031 2274 2070 mus
2301 2030 2421 2081 esse
2446 2015 2660 2089 aliquod
2686 2012 3039 2077 domicilium,
3070 2013 3121 2066 in
3152 2027 3262 2083 quo
3285 2028 3407 2067 cum
3437 2022 3751 2083 corporeet

2152 2106 2366 2175 spiritu,
2388 2105 2531 2159 velut
2558 2120 2679 2159 cum
2703 2105 2913 2170 duobus
2943 2103 3271 2160 consiliariis
3297 2104 3512 2161 habitet
3535 2107 3749 2167 anima;

2154 2213 2253 2268 pro
2290 2197 2496 2255 foribus
2546 2212 2677 2253 vero
2716 2194 2874 2263 hujus
2916 2195 3172 2251 domicilii
3219 2204 3403 2250 astare
3446 2197 3749 2265 pietatem,

2154 2304 2452 2359 omnesque
2482 2302 2601 2342 cum
2624 2303 2687 2342 ea
2710 2289 2969 2340 virtutes:
2994 2302 3061 2341 ex
3085 2286 3186 2340 alia
3212 2302 3342 2342 vero
3364 2295 3526 2357 parte
3570 2287 3751 2356 impie

2157 2387 2355 2442 tatem,
2387 2390 2681 2447 omnesque
2722 2376 3057 2435 luxuriarum
3089 2392 3153 2432 ac
3182 2377 3467 2433 libidinum
3514 2377 3752 2441 formas,

2154 2478 2211 2525 et
2233 2477 2547 2538 exspectare
2574 2469 2769 2527 animm
2794 2475 3003 2533 nutum,
3020 2484 3181 2537 quem
3206 2484 3275 2523 ex
3304 2471 3519 2524 duobus
3550 2486 3654 2538 pm
3678 2470 3749 2524 fo-

2156 2563 2307 2618 ribus
2341 2561 2755 2617 observantibus
2796 2562 3020 2616 chorum
3054 2561 3324 2617 introduci
3351 2564 3419 2616 ad
3451 2576 3516 2617 se
3538 2564 3752 2619 deside-

2156 2665 2262 2722 ret,
2291 2667 2450 2725 quem
2474 2653 2696 2724 repelli?
2718 2652 2906 2708 Nonne
2934 2654 2979 2709 si
3011 2654 3220 2722 spiritui
3256 2655 3680 2722 obtemperans,
3703 2663 3751 2709 et

2157 2748 2368 2803 meliori
2421 2762 2517 2801 usa
2558 2745 2887 2809 consiliario,
2934 2746 3147 2816 pictatis
3185 2753 3239 2798 et
3284 2746 3568 2814 pudicitia:
3603 2748 3670 2799 ad
3700 2761 3750 2801 se

2156 2824 2467 2897 evocaverit
2493 2838 2742 2904 chorum,
2774 2839 2861 2893 ille
2892 2838 3029 2893 alius
3070 2846 3286 2909 spretus
3324 2839 3749 2907 repudiatusqce

2158 2930 2446 2986 discedet?
2484 2929 2540 2983 Si
2569 2944 2697 2983 vero
2726 2930 2905 2983 carnis
2938 2944 3030 2983 usa
3074 2928 3317 2983 consiliis
3356 2928 3664 2997 impietatis
3688 2930 3749 2981 ad

2159 3037 2220 3078 se
2247 3030 2303 3077 et
2338 3020 2576 3076 libidinis
2606 3020 2969 3075 introduxerit
2998 3028 3230 3074 turmam
3250 3060 3266 3084 ,
3294 3019 3477 3074 omnis
3508 3018 3600 3073 illa
3627 3032 3745 3073 sano

2159 3112 2363 3168 ctitatis
2414 3118 2469 3167 et
2495 3111 2712 3181 pietatis
2738 3126 2965 3173 corona.
2996 3110 3079 3164 cui
3115 3110 3380 3163 malorum
3406 3110 3596 3164 anima
3628 3124 3759 3169 con:

2161 3203 2341 3259 silium
2365 3202 2619 3273 praetulit,
2648 3202 2796 3271 justa
2822 3217 2945 3257 cum
2976 3200 3345 3274 indignatione
3376 3203 3635 3264 recedet.
3668 3219 3745 3257 re-

2156 3293 2409 3364 linquens
2449 3306 2569 3347 eam
2606 3291 2890 3349 desideriis
2914 3291 3096 3346 cordis
3132 3291 3251 3354 sui,
3280 3298 3342 3344 ut
3365 3292 3675 3360 ignominia
3702 3302 3751 3345 et

2156 3382 2495 3440 contumeliis
2529 3381 2727 3437 alliciat
2755 3398 2952 3451 corpus
2987 3396 3141 3435 suum
3178 3382 3231 3435 in
3263 3383 3563 3452 semetipsa
3586 3424 3601 3445 ,
3637 3398 3753 3452 qur

2157 3475 2510 3531 commutavit
2528 3472 2812 3528 veritatem
2830 3471 2925 3527 Dei
2942 3472 2994 3525 in
3013 3471 3314 3535 mendacio,
3331 3480 3387 3525 ct
3403 3472 3753 3526 introducens

2157 3564 2224 3618 ad
2248 3579 2305 3639 se
2333 3563 2660 3636 impietatem
2682 3570 2739 3617 et
2762 3560 3131 3615 infelicitatem
3156 3561 3283 3614 colit
3303 3570 3358 3615 et
3380 3562 3559 3615 servit
3580 3563 3754 3631 potius

2158 3661 2418 3709 creatum.
2435 3668 2597 3722 quam
2615 3651 2878 3716 Creatori,
2893 3652 2987 3720 qui
3009 3659 3093 3705 est
3111 3651 3433 3706 benedictus
3457 3651 3511 3704 in
3534 3654 3751 3707 secula.

2160 3744 2343 3816 (Aug.)
2372 3742 2659 3814 lntelligite
2698 3742 3028 3812 prudenter,
3072 3749 3163 3794 aut
3205 3740 3570 3801 simulacrum
3613 3745 3753 3798 enim

2158 3836 2362 3901 colunt,
2393 3843 2488 3889 aut
2523 3842 2861 3899 creaturam;
2892 3833 2983 3901 qui
3023 3822 3366 3886 simulacrum
3414 3833 3586 3895 colit,
3628 3849 3752 3890 con-

2160 3928 2321 3999 vertit
2346 3925 2629 4000 veritatem
2667 3924 2763 3980 Dei
2796 3924 2850 3979 in
2886 3922 3265 3989 mendacium;
3310 3939 3438 3979 nam
3472 3941 3634 3982 mare
3659 3942 3753 3981 re.

2160 4021 2295 4074 ritas
2338 4026 2439 4085 est,
2476 4016 2756 4087 Neptunus
2801 4024 2981 4070 autem
3028 4009 3390 4081 mendacium,
3445 4015 3657 4073 factum
3685 4020 3752 4073 ab

2160 4109 2379 4181 homine
2403 4122 2665 4167 conversa
2704 4106 2936 4167 veritate
2978 4105 3072 4161 Dei
3115 4107 3169 4160 iu
3212 4106 3600 4173 mendacium,
3628 4111 3749 4179 quia

2162 4202 2303 4257 Deus
2327 4199 2456 4256 fecit
2482 4213 2655 4263 mare,
2685 4197 2846 4257 homo
2882 4206 3062 4252 autem
3089 4196 3444 4252 simulacrum
3480 4198 3748 4270 Neptuni;

2164 4293 2242 4347 sic
2281 4290 2424 4361 Deus
2463 4289 2589 4344 fecit
2628 4297 2683 4344 et
2724 4287 2924 4353 solem,
2969 4287 3131 4341 homo
3164 4294 3346 4342 autem
3395 4288 3748 4345 simulacrum

2165 4381 2297 4451 solis
2320 4380 2566 4436 faciendo
2586 4379 2854 4443 convertit
2881 4379 3159 4432 veritatem
3190 4378 3281 4432 Dei
3306 4380 3362 4433 in
3383 4381 3745 4435 mendacium.

2163 4470 2270 4528 Sed
2300 4486 2367 4526 ne
2388 4471 2588 4537 dicant,
2617 4485 2722 4525 non
2752 4469 2871 4529 colu
2900 4470 3376 4534 simulacrum,sed
3403 4471 3581 4527 solem
3612 4474 3745 4535 colo,

2166 4561 2286 4617 ideo
2315 4561 2488 4617 dixit:
2529 4559 2814 4617 Coluerunt
2849 4561 3021 4632 potius
3056 4572 3352 4616 creaturam
3389 4579 3555 4632 quam
3593 4564 3748 4620 Crea-

2163 4661 2348 4705 torem.
2374 4650 2481 4706 Sed
2503 4665 2582 4704 v:e
2607 4648 2726 4715 tibi,
2748 4650 2791 4704 si
2815 4650 3081 4717 amaveris
3100 4650 3336 4714 condita,
3359 4660 3415 4704 et
3442 4654 3746 4710 deserueris

2163 4739 2515 4795 Creatorem:
2545 4736 2765 4809 pulchra
2801 4737 2895 4792 tibi
2936 4746 3095 4802 sunt,
3144 4739 3238 4795 sed
3283 4749 3493 4809 quanto
3538 4744 3635 4799 ille
3669 4754 3743 4800 est

2163 4829 2456 4905 pulchrior,
2489 4829 2577 4898 qui
2606 4828 2709 4883 ista
2747 4827 3038 4884 fumavit?
3077 4829 3321 4893 Intendat
3363 4830 3627 4889 Charitas
3664 4849 3747 4889 ve-

2164 4928 2301 4987 stra,
2333 4932 2401 4973 ne
2442 4920 2696 4999 subrepat
2721 4918 2872 4975 vobis
2910 4917 3141 4987 Satanas
3165 4919 3387 4986 dicens,
3433 4926 3586 4992 quod
3615 4926 3747 4981 Solet

2165 5013 2365 5079 dicere,
2394 5011 2539 5089 Bene
2583 5014 2737 5069 nobis
2773 5013 2844 5068 sit
2870 5014 2925 5071 in
2956 5024 3206 5070 creatura
3235 5014 3352 5079 Dei,
3377 5031 3553 5086 quare
3603 5021 3742 5075 illam

2160 5103 2308 5169 fecit,
2339 5105 2444 5161 nisi
2484 5113 2545 5159 ut
2586 5106 2723 5165 bene
2750 5104 2821 5161 sit
2849 5103 3041 5163 nobis?
3059 5113 3115 5158 et
3158 5105 3540 5174 inebriantur,
3567 5120 3629 5164 et
3652 5126 3741 5180 pe-

2159 5205 2318 5250 reunt
2360 5204 2416 5251 et
2455 5195 2845 5265 obliviscuntur
2886 5194 3196 5251 Creatorem
3236 5212 3429 5260 suum,
3474 5199 3607 5254 dum
3639 5218 3741 5255 non

2158 5307 2481 5371 temperant,
2508 5299 2605 5355 sed
2630 5298 2821 5370 cupide
2848 5306 3075 5354 utuntur
3100 5301 3320 5365 creatis,
3350 5300 3589 5358 Creator
3618 5320 3740 5360 cori-

2160 5399 2434 5465 temnitur,
2465 5399 2532 5454 de
2553 5398 2750 5455 talibus
2772 5399 2903 5454 dicit
2928 5398 3234 5470 Apostolus,
3259 5399 3619 5458 Colueruntet
3635 5420 3739 5459 ser-

2157 5502 2358 5554 uierunt
2384 5509 2637 5554 creatum
2663 5502 2836 5570 potius
2861 5517 3016 5571 quam
3037 5498 3278 5554 Creatori
3298 5541 3311 5578 ,
3343 5503 3436 5572 qui
3469 5514 3547 5557 est
3585 5504 3734 5559 bene-

2156 5602 2326 5655 dictus
2352 5602 2408 5655 in
2444 5600 2655 5655 stecula.
2695 5599 2810 5655 Non
2854 5608 2906 5656 te
2942 5600 3193 5671 prohibet
3218 5599 3360 5657 Deus
3388 5618 3577 5657 amare
3604 5605 3732 5663 ista.

2156 5698 2249 5755 sed
2282 5715 2386 5753 non
2416 5698 2636 5769 diligere
2675 5697 2740 5752 ad
2774 5696 3189 5765 beatitudinem,
3220 5698 3312 5754 sed
3340 5701 3647 5769 approbare
3678 5707 3733 5769 et

2156 5796 2399 5860 laudare,
2421 5804 2484 5852 ut
2502 5810 2652 5852 ames
2672 5794 2980 5854 Creatorem
2995 5815 3009 5861 ;
3026 5812 3156 5867 ergo
3175 5797 3317 5853 dedit
3343 5798 3438 5853 tibi
3465 5797 3610 5855 Dens
3629 5800 3724 5877 ista
