3998 6202
261 392 403 449 1501

837 391 1379 449 ENARRATIONUM
1420 394 1486 449 ΙΝ
1532 394 1675 448 ΕΡΡ.
1712 394 1844 449 PAU

1952 393 2077 448 ua.
2117 395 2154 449 l.
2196 429 2261 437 —
2301 398 2365 453 ix
2403 400 2616 456 El’lST.
2659 360 2755 457 Au
2790 400 2952 458 non.

3376 410 3510 463 l502

258 508 463 571 omnia,
492 520 612 559 ama
642 505 821 570 illum,
850 505 940 574 qui
970 504 1124 570 fecit,
1152 505 1270 575 plus
1297 513 1382 561 est
1419 506 1560 576 quod
1604 505 1699 560 tibi
1725 504 1839 577 vult
1862 510 1916 568 Α
1943 514 2106 562 tatem
2132 510 2326 566 horum
2361 513 3049 575 acstimaruntdncuriosum
3075 516 3247 573 Deum
3265 518 3510 589 judican-

262 601 414 661 dare,
438 596 491 651 id
518 605 619 657 est,
650 596 908 665 seipsum,
940 596 1030 666 qui
1062 596 1163 652 ista
1193 597 1338 652 fecit.

338 687 613 758 Pmpterea
652 688 867 741 tradidit
901 686 1017 742 illos
1058 688 1197 743 Deus
1213 691 1266 744 in
1302 691 1568 761 passiones
1605 693 1843 762 ignomi-,

257 783 381 835 nia‘.
442 778 582 833 Nam
638 777 845 848 femina:
875 794 1052 832 eorum
1098 780 1498 833 immutaverunt
1539 780 1832 835 naturalem

261 887 411 927 usum
491 870 547 924 in
601 886 717 923 eum
778 886 933 923 usum
1010 870 1099 940 qui
1177 879 1253 923 est
1311 884 1493 923 contra
1566 880 1829 925 naturam.

267 959 495 1032 (Ambo)
520 959 645 1014 Hzec
665 960 803 1014 irato
830 959 937 1014 Deo
966 967 1188 1028 propter
1214 957 1570 1014 idololatriam
1594 959 1834 1013 humano

263 1050 445 1124 generi
472 1049 785 1121 provenisse
811 1056 1065 1114 testatur,
1082 1059 1141 1102 ut
1166 1048 1358 1104 mulier
1381 1049 1662 1104 mulierem
1691 1049 1833 1120 turpi

262 1141 527 1198 desiderio
548 1140 615 1195 ad
644 1156 800 1195 usum
824 1149 1100 1209 appeteret
1121 1139 1294 1208 :quod
1322 1139 1542 1208 quidam
1573 1139 1731 1194 aliter
1756 1139 1836 1193 in—

263 1239 646 1305 terpretantur,
681 1246 784 1285 non
818 1231 1204 1302 perSpicientes
1237 1230 1347 1284 vim
1389 1230 1537 1286 dicti.
1582 1229 1719 1297 Quid
1754 1238 1837 1284 est

263 1324 409 1380 enim
448 1322 735 1377 immutare
776 1321 1070 1374 naturalem
1126 1335 1278 1374 usum
1314 1320 1367 1372 in
1412 1334 1532 1373 eum
1562 1333 1714 1372 usum
1746 1319 1834 1387 qui

264 1423 349 1470 est
375 1421 560 1468 contra
589 1421 859 1477 naturam,
889 1412 993 1465 nisi
1034 1411 1245 1465 sublato
1278 1423 1537 1465 concesso
1559 1424 1659 1463 usu
1682 1408 1827 1462 aliter

238 1486 243 1489 ἤ
263 1505 366 1572 uti,
388 1512 448 1559 ut
474 1518 578 1559 una
601 1512 762 1574 atque
782 1503 969 1557 eadem
991 1517 1117 1571 pars
1145 1501 1388 1571 corporis
1415 1499 1838 1570 uniuscujusque

267 1596 408 1650 inter
452 1610 511 1651 se
546 1595 774 1649 invicem
801 1608 962 1649 sexus
1033 1593 1190 1648 aliter
1218 1608 1275 1647 se
1304 1593 1370 1646 ad
1402 1607 1555 1646 nsum
1604 1591 1840 1659 praebeat

261 1703 427 1757 quam
462 1702 777 1742 concessum
804 1686 924 1741 est?
951 1685 1084 1739 Nam
1121 1686 1164 1740 si
1195 1685 1284 1739 illa
1313 1695 1393 1741 est
1424 1702 1547 1756 pars
1577 1684 1836 1754 corporis,

262 1795 427 1850 quam
456 1786 664 1849 putant,
696 1779 962 1849 quomodo
990 1780 1408 1833 immutavcrunt
1433 1794 1582 1832 usum
1611 1789 1835 1843 naturae,

1932 608 2035 665 tes,
2061 616 2125 656 ac
2152 617 2251 672 per
2275 602 2378 658 hoc
2405 604 2812 675 negligendum;
2856 607 2981 662 hinc
3022 608 3262 663 additum
3307 619 3410 676 est,
3453 623 3514 667 ut

1933 696 2104 766 magis
2124 711 2188 751 ac
2218 698 2386 769 magis
2407 699 2658 766 hebetati,
2696 700 2760 755 ad
2789 702 2966 757 omnia
3004 703 3145 758 mala
3185 705 3511 762 admittenda

1936 783 2132 839 fierent
2169 788 2551 857 promptiores,
2600 798 2659 843 ut
2695 789 2857 856 facta,
2910 806 3030 860 qua:
3073 793 3380 850 hominibus
3408 811 3511 851 non

1936 876 2585 948 ambigerentdisplicere,
2602 876 2771 934 Deum
2792 882 3076 936 crederent
3096 898 3203 937 non
3221 884 3511 940 vindicare.

1935 966 2088 1022 Nunc
2136 976 2417 1022 enumerat
2444 968 2625 1022 omnia
2664 968 2826 1035 mala,
2876 984 2996 1039 qua:
3033 970 3139 1027 illis
3172 974 3514 1042 superaddita

1935 1066 2079 1123 sunt,
2106 1065 2163 1111 ut
2191 1056 2274 1112 vel
2290 1058 2368 1113 sic
2383 1058 2631 1113 conversi
2656 1058 2724 1112 ad
2745 1060 3040 1115 naturalem
3065 1061 3416 1127 intellectum,
3444 1063 3516 1116 in-

1938 1148 2258 1220 telligerent,
2290 1149 2431 1203 irato
2473 1149 2603 1214 Deo,
2637 1149 2752 1203 haec
2779 1149 2881 1204 sibi
2926 1153 3239 1219 provenisse
3268 1171 3280 1207 :
3315 1151 3515 1224 (Greg.)

1939 1238 2068 1308 quia
2099 1239 2243 1293 enim
2268 1239 2551 1294 Dominum
2575 1239 2875 1309 gloriﬁcare
2901 1240 3208 1307 noluerunt,
3243 1259 3403 1313 quem
3433 1259 3517 1298 co-

1936 1338 2256 1398 gnoverunt,
2284 1330 2512 1399 reprobo
2561 1345 2743 1395 sensu,
2772 1332 2839 1386 ad
2887 1333 2990 1387 hoc
3041 1333 3214 1388 relicti
3264 1343 3406 1401 sunt,
3456 1347 3519 1390 ut

1938 1422 2211 1475 nescirent
2260 1423 2422 1476 etiam
2463 1437 2692 1491 pensare
2728 1424 2867 1477 mala
2922 1439 3042 1494 qua:
3093 1424 3381 1482 faciebant.
3419 1426 3519 1482 Re-

1938 1511 2121 1579 pletos,
2150 1512 2245 1577 ait,
2270 1512 2411 1565 omni
2451 1513 2743 1581 iniquitate.
2799 1513 3005 1587 (Amb.)
3056 1515 3155 1571 Hic
3209 1518 3518 1573 summatim

1940 1598 2149 1654 locutus
2174 1607 2277 1665 est,
2308 1606 2364 1654 et
2406 1600 2632 1671 subjecit
2657 1601 2897 1657 membra
2926 1602 3246 1672 iniquitatis.
3288 1604 3516 1670 Malitia,

1941 1691 2299 1758 fornicatione.
2349 1690 2475 1747 Haec
2520 1690 2803 1748 fornicatio
2835 1693 2998 1749 habet
3030 1694 3085 1748 in
3123 1709 3182 1750 se
3210 1702 3267 1749 et
3311 1696 3519 1752 adulte-

1941 1783 2120 1837 rium:
2161 1784 2205 1837 si
2225 1784 2372 1838 enim
2405 1783 2630 1839 dixisset
2669 1785 3010 1851 adulterium,
3039 1786 3322 1843 videbatur
3350 1803 3518 1843 escu-

261 1868 1065 1936 cumnonbaheanthnjusmodi
1085 1869 1725 1945 usumdatumanatura?
1747 1868 1844 1923 Su-
1872 1852 1915 1910 Β
1944 1886 2066 1925 sare
2096 1870 2530 1938 fornicationem,
2579 1873 2719 1927 sicut
2750 1873 2896 1943 leges
2922 1873 3209 1941 Romamn;
3230 1876 3350 1933 ideo
3376 1878 3520 1947 quod

262 1962 445 2031 peritis
467 1960 576 2028 jam
614 1961 835 2015 traditos
862 1960 1070 2013 dixerat
1103 1959 1157 2014 in
1182 1959 1573 2013 immunditiam
1593 2000 1608 2023 ,
1632 1974 1737 2013 non
1764 1967 1842 2012 ta-

264 2066 387 2105 tuen
414 2049 696 2118 qualitates
724 2048 901 2117 operis
932 2048 1283 2104 immunditiae
1315 2048 1482 2116 ipsius
1512 2047 1838 2113 ostenderat,

262 2154 363 2208 pro
391 2153 494 2205 quo
517 2153 659 2191 nunc
679 2138 955 2192 declarat:
990 2136 1249 2193 Similiter
1294 2148 1469 2193 autem
1512 2148 1561 2192 et
1596 2136 1839 2203 masculi,

262 2228 441 2283 relicto
490 2227 718 2283 naturali
751 2245 849 2281 usu
902 2228 1125 2298 femime,
1157 2239 1460 2283 exarserunt
1490 2230 1542 2283 in
1571 2228 1841 2283 desideriis

263 2321 375 2373 suis
400 2319 637 2384 invicem,
661 2317 882 2374 masculi
910 2321 964 2375 in
993 2320 1277 2386 masculos,
1296 2320 1689 2395 'turpitudinem
1726 2337 1841 2393 ope-

266 2419 460 2463 rantes.
490 2407 642 2463 Nunc
662 2408 1046 2476 manifestavit,
1076 2412 1343 2481 quomodo
1367 2412 1615 2483 superius
1640 2413 1704 2468 de
1724 2429 1841 2467 mu-

266 2499 505 2563 lieribus,
537 2499 680 2569 quod
716 2500 873 2565 dixit,
916 2498 1140 2572 intelligi
1168 2501 1629 2572 debeat;quando
1659 2512 1838 2559 autem

264 2587 512 2656 subjecit,
529 2588 767 2643 similiter
785 2600 831 2643 et
845 2588 1088 2656 masculi,
1111 2591 1619 2661 dicens,e:carserant
1640 2594 1692 2647 in
1711 2594 1842 2648 desi-

267 2678 470 2733 derium
502 2680 586 2733 sui
604 2720 619 2745 ,
654 2680 893 2735 ostendit
921 2690 1104 2753 aperte
1194 2691 1474 2751 peccatum
1512 2684 1834 2753 mulierum;

268 2777 330 2824 et
354 2769 480 2838 quid
505 2770 719 2837 mirum,
751 2784 871 2825 cum
902 2772 1075 2835 hodie,
1102 2786 1221 2842 quae
1251 2773 1384 2829 tales
1411 2783 1558 2842 sunt,
1588 2776 1839 2833 mulieres

272 2866 631 2935 reperiantur,
665 2873 725 2919 ut
753 2866 891 2920 sicut
916 2864 1044 2920 illud
1065 2881 1096 2921 a
1118 2865 1271 2933 viris,
1302 2868 1375 2922 ita
1397 2869 1573 2925 ethoc
1599 2885 1630 2925 a
1659 2870 1840 2925 mulie-

271 2957 424 3011 ribus
442 2957 512 3012 sit
538 2957 811 3012 inventum
840 2975 853 3014 :
892 2958 1120 3029 denique
1147 2959 1400 3016 mulieres
1425 2962 1568 3016 inter
1592 2976 1650 3017 se
1681 2978 1839 3019 accu-

271 3057 414 3112 sant,
438 3056 492 3103 et
516 3048 615 3103 viri
648 3048 911 3104 similiter.
936 3048 1273 3105 Manifestum
1296 3058 1449 3106 estut
1463 3053 1553 3121 qui
1563 3052 1673 3125 jam
1698 3053 1839 3109 veri-

275 3146 439 3193 tatem
465 3139 559 3194 Dei
581 3139 996 3197 immutaverunt
1026 3142 1079 3197 in
1102 3144 1462 3208 mendacium,
1490 3144 1838 3201 immutarent

1945 1961 2120 2016 minus
2144 1970 2229 2015 est
2267 1962 2467 2031 posuit,
2495 1970 2556 2015 ut
2578 1963 2719 2031 quod
2746 1964 2920 2034 majus
2945 1963 3174 2018 inultum
3202 1970 3309 2022 n'on
3352 1968 3523 2036 possit

1940 2054 2107 2118 credi,
2131 2063 2185 2108 et
2206 2062 2398 2109 czctera
2431 2069 2550 2123 quae
2579 2053 2866 2110 manifesta
2895 2056 3165 2111 videntur.

2009 2144 2264 2207 Avaritia,
2293 2147 2546 2215 nequitia,
2583 2144 2763 2215 plenos
2796 2145 3012 2211 invidia,
3052 2146 3367 2212 homicidiis,
3398 2162 3519 2201 con-

1939 2237 2183 2301 tentione,
2207 2237 2348 2303 dolo,
2374 2236 2718 2306 malignitate,
2735 2245 3107 2303 susurratores,
3130 2238 3516 2304 detrectatores,

1941 2324 2048 2380 Deo
2070 2326 2309 2392 odibiles,
2337 2324 2758 2393 contumeliosos,
2809 2327 3078 2396 superbos,
3121 2327 3311 2394 elatos,
3344 2329 3522 2384 inven-

1940 2426 2075 2471 tores
2126 2417 2409 2482 malorum,
2455 2416 2756 2487 parentibus
2800 2432 2904 2471 non
2953 2418 3265 2473 obedientes.
3308 2419 3521 2484 Quanta

1939 2512 2118 2559 autem
2150 2504 2434 2560 insolentia
2468 2507 2674 2574 arrepti
2704 2513 2853 2571 sunt,
2886 2513 2945 2560 ut
2970 2521 3070 2561 nec
3092 2514 3343 2576 parentes
3370 2522 3516 2571 suos,

1939 2613 2074 2668 quos
2128 2606 2376 2653 auctores
2418 2596 2473 2650 in
2512 2596 2796 2651 nativitate
2854 2595 3071 2661 habent,
3147 2606 3520 2668 agnoscerent,

1940 2691 2138 2759 quique
2166 2705 2224 2744 se
2251 2698 2407 2744 natos
2438 2688 2755 2759 gauderent,
2784 2687 2903 2743 illos
2926 2703 3025 2759 per
3042 2704 3179 2760 quos
3205 2705 3326 2745 esse
3346 2702 3526 2760 caepe.

1938 2788 2080 2846 rant,
2106 2780 2550 2835 contemnebant!
2579 2780 2683 2834 hoc
2704 2787 2806 2845 est,
2825 2794 2946 2834 esse
2967 2779 3524 2846 sineintellectu,sine

1938 2870 2205 2925 charitate
2230 2870 2326 2924 Dei
2358 2886 2371 2923 :
2398 2884 2521 2927 nam
2544 2879 2661 2923 erat
2685 2868 2824 2922 inter
2844 2868 2961 2923 illos
2980 2870 3215 2925 charitas
3234 2871 3430 2925 carnis.
3456 2870 3522 2926 lii

1939 2960 2030 3014 Dei
2044 2960 2308 3030 justitiam
2330 2968 2717 3030 cognoscentes
2737 2975 2834 3030 per
2852 2959 3022 3027 legem
3038 2966 3266 3022 natura}.
3286 2960 3526 3015 scierunt

1936 3050 2078 3104 enim
2107 3050 2221 3115 inec
2247 3048 2357 3104 Deo
2398 3049 2711 3117 displicere,
2762 3051 2857 3104 sed
2900 3050 3016 3105 haec
3038 3051 3093 3107 in
3121 3051 3301 3105 animo
3321 3064 3524 3120 ponere

1936 3141 2223 3196 noluerunt
2246 3159 2259 3195 :
2283 3143 2532 3213 quoniam
2560 3144 2649 3214 qui
2671 3144 2783 3197 haec
2804 3152 2965 3213 agunt
3008 3142 3151 3213 digni
3191 3151 3312 3196 sunt
3335 3151 3520 3206 morte,

274 3241 334 3286 et
359 3232 656 3287 naturalem
680 3234 917 3288 usumin
967 3249 1089 3313 eum
1134 3236 1311 3301 usum,
1341 3252 1439 3306 per
1483 3252 1641 3307 quem
1675 3240 1842 3294 deho-
1868 3214 1915 3276 Ο
1946 3241 1993 3286 et
2021 3250 2123 3286 non
2170 3232 2336 3287 solum
2382 3233 2470 3303 qui
2500 3233 2699 3303 faciunt
2724 3250 2809 3300 ea,
2858 3234 2948 3287 sed
2990 3233 3146 3287 etiam
3192 3233 3284 3302 qui
3309 3248 3526 3286 consen-

278 3330 620 3376 nestarentur
642 3322 719 3376 rei
749 3321 875 3378 facti
902 3324 1092 3380 mortis
1112 3328 1386 3392 secundae;
1411 3327 1664 3398 quoniam
1688 3326 1844 3384 aliam

277 3414 450 3484 legem
487 3415 613 3468 dare
642 3430 749 3471 non
796 3423 973 3484 potest
1017 3414 1273 3481 Satanas,
1314 3418 1448 3472 nihil
1486 3419 1631 3474 enim
1666 3418 1847 3484 habet,

275 3518 533 3558 concessa
569 3510 624 3557 et
649 3503 793 3559 licita
826 3504 880 3559 in
928 3503 1090 3558 alium
1136 3506 1379 3559 ordinem
1408 3515 1607 3571 versat,
1640 3516 1698 3561 ut
1723 3508 1848 3563 dum

277 3594 438 3648 aliter
464 3592 618 3659 fiunt,
648 3610 805 3669 quam
835 3607 1087 3650 concessa
1116 3604 1258 3657 sunt,
1285 3595 1392 3649 sint
1430 3605 1728 3666 peccatum.
1780 3598 1849 3652 Et
1884 3608 1889 3615 '

279 3684 590 3748 mercedem,
617 3701 774 3755 quam
823 3685 1065 3755 oportuit,
1113 3687 1306 3740 erroris
1352 3688 1435 3740 sui
1465 3688 1519 3740 in
1565 3690 1849 3759 semetipsis

282 3772 603 3843 recipientes.
656 3771 805 3828 Hanc
848 3773 974 3828 dicit
1023 3776 1514 3844 compensationem
1553 3793 1671 3833 esse
1723 3794 1852 3835 con-

282 3863 470 3932 templi
515 3862 632 3928 Dei,
678 3862 732 3917 id
774 3871 874 3929 est,
925 3863 1330 3933 turpitudinem,
1361 3874 1417 3919 et
1443 3867 1852 3922 contaminatio—

284 3967 410 4006 nem
435 3970 449 4004 :
478 3953 592 4007 lucc
612 3960 693 4007 est
724 3953 867 4006 enim
890 3953 1063 4022 prima
1090 3969 1252 4008 causa
1282 3955 1521 4023 peccati;
1551 3955 1679 4024 quid
1707 3957 1850 4011 enim

284 4040 457 4111 pejus,
492 4042 619 4112 quid
665 4043 897 4099 deterius
948 4030 1052 4098 hoc
1093 4044 1353 4122 peccato?
1393 4044 1659 4111 Quantum
1708 4046 1851 4100 enim

287 4133 589 4188 idololatria
638 4134 957 4204 perimpium
979 4142 1033 4189 et
1052 4135 1421 4205 gravissimum
1473 4134 1722 4191 delictum
1746 4143 1849 4202 «ξεί,

289 4233 493 4279 tantum
525 4232 579 4278 et
604 4224 966 4294 compensatio
1013 4223 1128 4293 ejus
1172 4224 1439 4281 horrenda
1463 4234 1517 4281 et
1540 4228 1853 4296 persordida

287 4313 466 4384 passio
485 4321 584 4368 est.

362 4402 432 4456 Et
452 4404 583 4457 sicut
607 4418 711 4457 non
733 4403 1073 4473 probaverunt
1104 4403 1268 4457 Deum
1292 4404 1479 4459 habere
1507 4405 1562 4458 in
1592 4405 1851 4475 notitiam,

288 4496 506 4551 tradidit
535 4494 652 4550 illos
690 4494 828 4549 Deus
851 4495 906 4548 in
945 4495 1217 4565 reprobum
1237 4512 1466 4560 sensum,
1497 4504 1553 4548 ut
1575 4494 1773 4564 faciant
1792 4515 1854 4552 ea

1946 3323 2080 3375 tium
2130 3322 2495 3392 facientibus;
2538 3337 2788 3378 assensus
2831 3323 2975 3378 enim
3030 3322 3370 3392 participatio
3418 3329 3521 3377 est.

1949 3408 2053 3475 Qui
2082 3426 2199 3464 cum
2212 3410 2476 3480 justitiam
2495 3411 2592 3467 Dei
2612 3413 3109 3483 cognovissent,non
3138 3410 3522 3493 intellexerunt,

1946 3499 2192 3568 quoniam
2214 3502 2300 3570 qui
2323 3499 2449 3554 talia
2472 3511 2654 3572 agunt,
2679 3502 2825 3572 digni
2842 3514 2962 3557 sunt
2983 3512 3167 3557 morte.
3192 3501 3317 3557 Hzec
3342 3502 3521 3557 omnia

1949 3590 2089 3643 mala
2136 3606 2331 3661 corpus
2376 3599 2459 3646 est
2505 3601 2884 3662 peccatorum,
2921 3593 3009 3648 cui
3055 3593 3350 3663 mancipati
3394 3592 3524 3649 facti

1949 3688 2077 3735 sunt
2118 3682 2397 3749 potestatis
2424 3682 2685 3748 ejusdem,
2716 3691 2776 3734 ut
2821 3681 3023 3735 faciant
3054 3682 3355 3751 punienda;
3408 3683 3522 3738 haec

1951 3769 2092 3822 enim
2139 3769 2399 3823 malorum
2444 3786 2605 3824 causa
2636 3785 2667 3823 a
2714 3768 3009 3825 Sodomitis
3036 3781 3215 3839 empta
3241 3781 3321 3826 est
3347 3770 3521 3825 υσθυ-

1951 3858 2099 3913 sione
2124 3859 2239 3924 Dei,
2264 3858 2403 3914 Sicut
2430 3876 2589 3928 supra
2618 3860 2818 3914 dictum
2841 3869 2947 3924 est,
2976 3870 3031 3915 et
3052 3862 3106 3915 in
3125 3876 3337 3917 omnem
3358 3877 3526 3931 prope

1952 3958 2158 4018 partem
2187 3949 2366 4002 mundi
2398 3964 2574 4003 ramos
2602 3964 2728 4003 suos
2756 3950 3016 4015 extendit,
3044 3949 3398 4011 idololatriam
3430 3951 3523 4006 ira:

1954 4042 2046 4096 Dei
2074 4057 2291 4096 causam
2318 4041 2593 4106 nuntians,
2634 4042 2765 4110 quia
2806 4042 2980 4111 prima
3024 4056 3151 4112 pars
3192 4050 3279 4097 est
3321 4042 3526 4099 erroris

1953 4141 2009 4187 et
2041 4131 2348 4199 impietatis,
2376 4146 2537 4201 quam
2567 4133 2799 4201 primum
2824 4132 3168 4198 condemnat,
3192 4139 3252 4186 ut
3276 4146 3399 4186 cum
3432 4147 3522 4186 ne-

1954 4233 2074 4277 cata
2109 4222 2223 4276 haec
2250 4220 2429 4287 fuerit,
2476 4221 2635 4277 facile
2661 4223 3001 4294 corrigantur
3047 4231 3102 4277 et
3132 4238 3341 4278 morum
3367 4222 3520 4287 vitia,

1955 4311 2165 4368 sublato
2193 4314 2336 4368 enim
2366 4313 2582 4369 malitiae
2612 4315 2836 4380 semine,
2880 4314 3129 4384 nequitia:
3174 4313 3382 4368 fructus
3407 4328 3526 4368 are-

1957 4412 2111 4459 scent
2143 4419 2159 4458 :
2196 4418 2301 4457 non
2327 4405 2470 4459 enim
2503 4405 2595 4458 dat
2645 4406 2807 4463 arbor
2854 4404 3082 4470 fructus,
3127 4404 3283 4475 cujus
3332 4404 3528 4469 excisae

1958 4502 2083 4549 sunt
2104 4480 2328 4547 radices.
2354 4492 2486 4547 Nam
2510 4493 2701 4549 ideoet
2727 4494 2937 4565 Moyses
2962 4493 3208 4550 Sodomae
3228 4501 3284 4549 et
3300 4492 3526 4549 Gomor-

286 4604 407 4658 qua:
429 4604 532 4640 non
565 4587 893 4640 conueniunt.
918 4563 1098 4657 (Αὺς.)
1127 4584 1278 4653 Quod
1302 4594 1479 4641 autem
1502 4563 1678 4642 denuo
1702 4588 1853 4655 dicit,
1880 4563 1934 4624 Ῑ)
1958 4585 2070 4638 ιἰιω
2095 4589 2242 4654 gesta
2294 4587 2609 4639 memoravit
2666 4563 2828 4655 (Gen;
2877 4586 3013 4655 xxx),
3042 4584 3372 4642 exitiumque
3418 4598 3526 4639 non

291 4678 512 4732 tradidit
528 4676 645 4731 illos
672 4677 809 4732 Deus
828 4677 882 4731 in
914 4677 1181 4746 reprobam
1208 4687 1451 4743 mentem,
1471 4685 1598 4743 etc.,
1623 4677 1857 4747 repletos

289 4767 439 4821 omni
468 4766 769 4835 iniquitate,
798 4765 952 4821 datur
993 4765 1235 4836 intelligi,
1266 4764 1331 4820 ad
1358 4768 1658 4823 nocendum
1688 4771 1857 4838 perti-

293 4870 425 4909 nere
497 4855 595 4908 ista
618 4868 734 4924 qua:
756 4869 895 4909 nunc
918 4855 1062 4918 dicit,
1093 4854 1147 4908 id
1172 4861 1273 4920 est,
1301 4854 1541 4911 facinora
1565 4873 1576 4910 :
1611 4858 1860 4927 superius

288 4954 476 5004 autem
503 4946 713 5002 dicebat
757 4946 821 5001 de
848 4945 1187 5015 corruptelis,
1210 4962 1328 5016 quae
1349 4945 1548 5017 ﬂagitia
1578 4950 1862 5003 nominan-

291 5043 402 5101 tur,
460 5050 528 5091 ex
580 5035 774 5105 quibus
818 5034 885 5090 ad
933 5034 1171 5090 facinora
1219 5036 1547 5105 pervenitur,
1606 5038 1860 5108 quoniam

292 5127 541 5198 quisquis
562 5125 918 5195 perniciosam
942 5124 1275 5179 dulcedinem
1294 5122 1615 5195 flagitiorum
1635 5141 1863 5197 sequens

293 5218 422 5272 dum
446 5215 784 5285 impedientis
813 5228 1056 5287 personae
1083 5213 1274 5269 faciem
1313 5229 1589 5270 removere
1615 5225 1861 5282 conatur,

293 5306 472 5377 pergit
506 5305 559 5358 in
596 5303 820 5358 facinus.
852 5301 942 5357 Sic
968 5302 1251 5356 distinctus
1288 5313 1371 5356 est
1398 5302 1557 5355 etiam
1591 5303 1678 5357 ille
1716 5303 1863 5359 locus

294 5398 352 5451 in
376 5393 651 5465 Sapientia
675 5392 976 5448 Salomonis
1002 5390 1149 5463 (Sap.
1176 5390 1262 5463 ll),
1291 5392 1378 5445 ubi
1406 5407 1527 5445 cum
1553 5406 1865 5449 enumeras-

292 5495 380 5544 set
408 5485 683 5557 superiora
716 5482 936 5555 ﬂagitia,
1011 5481 1088 5535 ait
1136 5482 1641 5547 ,Circumveniamus
1669 5500 1863 5554 paupe-

294 5593 407 5631 rem
448 5576 672 5646 justum,
699 5573 943 5644 quoniam
976 5570 1173 5625 inutilis
1211 5580 1283 5625 est
1315 5570 1482 5637 nobis,
1533 5580 1637 5626 etc.
1667 5572 1861 5641 (Αηιὸ.)

290 5665 527 5733 Propter
555 5678 794 5719 errorem
819 5661 1225 5717 simulacrorum
1248 5661 1427 5718 traditi
1456 5671 1579 5717 sunt
1597 5662 1661 5717 ad
1688 5664 1861 5732 turpia

276 5756 543 5817 Lacicnda
584 5755 833 5823 invicem,
861 5753 999 5808 sicut
1027 5752 1224 5806 dictum
1263 5761 1362 5817 est,
1394 5763 1449 5807 et
1482 5754 1603 5825 quia
1635 5754 1863 5825 impuni-

1956 4674 2145 4738 tacuit,
2178 4682 2234 4727 ut
2269 4674 2512 4728 timorem
2558 4680 2778 4741 poneret
2809 4670 2965 4740 hujus
3005 4673 3083 4727 rei
3111 4674 3367 4738 vitanda;
3419 4687 3527 4727 non

1958 4779 2085 4835 ergo
2113 4765 2217 4819 hoc
2244 4764 2455 4828 vitium,
2482 4772 2538 4819 et
2574 4764 2957 4818 contaminatio
2994 4764 3356 4819 debenestata:
3405 4763 3528 4817 vitae

1959 4858 2026 4911 ab
2048 4857 2149 4912 hoc
2170 4858 2492 4923 admittitur,
2516 4856 2606 4926 qui
2631 4858 2681 4911 in
2699 4857 2878 4911 animo
2899 4857 3094 4926 cogitat
3116 4856 3301 4911 Deum.
3328 4853 3525 4927 (Θήρ.)

1959 4947 2416 5007 Considerandum
2459 4963 2586 5019 ergo
2626 4956 2710 5003 est
2741 4948 2882 5017 quod
2925 4948 3083 5001 tertio
3117 4947 3418 5001 invenimus
3459 4946 3527 4998 ab

1962 5039 2219 5109 Apostolo
2241 5040 2490 5110 positum,
2521 5040 2736 5093 tradidit
2763 5038 2878 5093 illos
2913 5037 3074 5102 Deus,
3101 5045 3156 5093 et
3177 5037 3365 5106 prima:
3408 5036 3527 5106 qui-

1902 5184 1907 5190 ,
1965 5128 2084 5183 dem
2115 5128 2418 5183 traditionis
2443 5143 2632 5182 causas
2658 5126 2823 5190 dedit,
2852 5126 2977 5196 quia
3021 5141 3138 5178 cum
3185 5135 3527 5194 cognouerunt

1968 5217 2154 5280 Deum,
2181 5233 2283 5268 non
2319 5215 2451 5268 sicut
2490 5214 2655 5267 Deum
2695 5214 3176 5283 magniﬁcaverunt,
3204 5221 3294 5265 aut
3332 5212 3529 5293 gratias

1964 5314 2200 5377 egerunt,
2223 5320 2391 5373 usque
2414 5313 2459 5357 et
2492 5302 2824 5371 serpentium.
2872 5299 3173 5370 Pr0pterea,
3203 5300 3397 5369 inquit,
3417 5309 3527 5353 tra-

1967 5394 2098 5447 didit
2125 5391 2243 5446 illos
2268 5392 2430 5457 Deus,
2476 5405 2643 5460 usque
2665 5406 2881 5459 corpora
2909 5407 3024 5443 sua.
3080 5387 3338 5444 Secundae
3368 5390 3531 5443 tradi-

1971 5482 2130 5538 tionis
2157 5496 2372 5536 causam
2429 5481 2639 5534 videtur
2680 5480 3025 5550 praemittere,
3053 5494 3176 5534 cum
3219 5478 3370 5544 dicit,
3407 5480 3529 5546 quia

1967 5580 2411 5627 commutaverunt
2438 5579 2486 5625 et
2510 5571 2775 5624 veritatem
2801 5569 2896 5624 Dei
2916 5570 2968 5623 in
2990 5570 3340 5635 mendacium,
3364 5584 3537 5639 usque

1969 5662 2240 5726 Creatori;
2260 5669 2476 5731 propter
2502 5660 2604 5715 hoc
2627 5660 2722 5726 ait,
2753 5659 2970 5719 tradidit
2992 5658 3110 5714 illos
3139 5659 3278 5715 Deus
3336 5659 3392 5713 in
3414 5674 3533 5717 nas-

1968 5754 2137 5807 siones
2167 5751 2481 5822 iguatttt'm'tt',
2527 5765 2646 5820 qua:
2689 5759 2866 5806 tamen
2910 5748 3141 5805 secunda
3174 5749 3389 5803 traditio
3409 5764 3532 5818 gra-
