3998 6202
456 323 590 381 ifith
1086 322 1146 377 Β.
1184 320 1433 377 RABANI
1471 320 1692 378 MAUR!
1729 320 2043 375 ARCHlEl’.
2078 320 2383 376 MOGUNT.
2419 320 2701 378 OPERUM
2740 321 2920 377 PARS
2956 322 3043 379 Ill.
3550 327 3683 381 1301

439 443 677 498 vioribns
722 440 935 513 ﬂagitiis
984 440 1194 495 videtur
1214 438 1483 503 obnoxia;
1523 438 1722 493 etenim
1768 438 1996 502 feminw,
2029 442 2075 498 Α
2102 444 2342 490 creatum
2368 437 2393 489 ἲ
2428 436 2572 492 hunc
2616 449 2793 493 autem
2840 440 3090 494 eumdem
3143 456 3337 496 novum
3383 445 3695 501 hominem.

437 532 631 602 inquit,
653 548 832 586 eorum
857 532 1256 585 immutaverunt
1287 529 1579 584 naturalem
1609 546 1781 595 usum,
1811 545 2002 599 usque,
2106 529 2231 583 alibi
2275 530 2570 584 interiorem
2600 532 2858 585 hominem
2886 540 3045 586 vocat
3070 548 3084 598 ;
3129 534 3536 603 corruptibilem
3559 550 3688 589 vero

435 625 524 694 qui
550 633 699 678 extra
723 631 1100 687 naturamest,
1154 619 1396 675 similiter
1421 629 1469 674 et
1516 619 1757 674 masculi.
1810 620 2007 675 Tertiae
2105 618 2270 682 hunc,
2293 619 2445 689 cujus
2476 620 2564 673 hic
2612 620 2897 690 imaginem
2934 621 3178 690 respuit,
3222 622 3550 676 exteriorem
3592 623 3691 677 bo—

437 730 652 785 quoque
678 713 979 769 traditionis
1005 726 1223 766 causam
1252 712 1463 765 videtur
1490 712 1640 775 dare,
1671 725 1793 765 eum
1823 711 1956 765 dicit
1988 728 2003 765 :
2106 709 2303 763 minem
2340 710 2601 773 nominat,
2627 726 2749 763 cum
2779 710 2925 775 dicit,
2958 710 3101 764 Nam
3146 720 3195 763 et
3221 711 3269 764 si
3314 711 3381 775 is,
3419 713 3511 778 qui
3556 711 3688 779 {oris

440 805 507 859 Et
541 805 676 860 sicut
704 820 807 858 non
840 806 1185 873 probaverunt
1229 802 1396 856 Deum
1435 803 1623 856 habere
1660 804 1716 856 in
1747 804 2002 867 notitiam,
2104 808 2202 863 cst,
2229 799 2381 852 homo
2406 808 2580 853 noster
2608 811 2998 869 corrumpatur,
3027 800 3119 855 sed
3146 802 3238 871 qui
3266 802 3408 854 intus
3428 812 3504 855 est
3536 818 3691 855 reno—

436 895 657 949 tradidit
680 893 797 949 illos
820 893 959 947 Deus
986 893 1040 947 in
1067 893 1337 963 reprobum
1363 908 1592 957 sensum,
1624 904 1681 946 ut
1720 894 1919 962 faciant
1945 910 2006 946 ea
2105 898 2256 943 vatur
2276 887 2361 959 (II
2385 888 2508 942 Cor.
2540 888 2633 960 tv).

435 1000 554 1055 qua:
570 1000 672 1038 non
701 983 1032 1047 conveniunt,
1067 981 1300 1052 repletos
1328 981 1474 1036 omni
1506 981 1791 1051 iniquitate
1817 991 1870 1038 et
1889 998 2007 1036 ma-
2177 977 2301 1032 Non
2350 978 2521 1034 solum
2560 989 2734 1033 autem
2763 980 2852 1051 qui
2879 997 2941 1033 ea
2990 979 3214 1049 faciunt,
3269 980 3362 1033 sed
3410 982 3571 1034 etiam
3597 983 3688 1049 qui

437 1072 555 1128 litia
595 1073 910 1142 ceterisque
937 1070 1248 1136 sceleribus,
1294 1087 1414 1141 quae
1456 1081 1847 1142 consequenter
1870 1089 2005 1127 enu-
2104 1069 2429 1122 consentiunt
2479 1068 2808 1139 facientibus.
2860 1069 3042 1142 (Aug)
3091 1070 3243 1137 Quod
3301 1081 3481 1125 autem
3534 1071 3690 1131 dicit,

438 1171 629 1217 merat.
658 1160 857 1219 Verum
884 1160 1258 1216 distinctiones
1287 1161 1403 1216 istae
1428 1177 1715 1217 causarum
1742 1177 1849 1217 non
1874 1163 2004 1217 mihi
2105 1173 2208 1211 non
2238 1156 2407 1211 solum
2428 1158 2516 1228 qui
2544 1174 2607 1211 ea
2621 1158 2851 1227 faciunt,
2900 1159 2992 1213 sed
3038 1160 3192 1213 etiam
3233 1162 3324 1229 qui
3356 1161 3690 1213 consentiunt

436 1252 688 1307 videntur
719 1252 852 1315 satis
882 1266 1119 1320 congrue
1152 1251 1219 1304 ad
1262 1266 1327 1306 ea
1359 1252 1607 1318 erimina,
1635 1268 1755 1322 quae
1783 1252 2007 1323 singulis
2106 1246 2416 1313 facientibus
2438 1287 2451 1307 ,
2519 1246 2787 1317 signiﬁcat
2849 1248 2975 1317 quia
3024 1261 3358 1325 quaecunque
3401 1246 3690 1306 fecerunt.

437 1341 738 1410 quibusque
787 1338 1026 1408 subjecta
1083 1349 1227 1404 sunt,
1276 1341 1447 1411 aptari
1496 1359 1508 1396 :
1553 1344 1820 1411 quomodo
1860 1343 2003 1397 enim
2098 1345 2208 1388 non
2240 1329 2395 1387 inviti
2422 1331 2694 1388 fecerunt.
2725 1333 2860 1388 Nam
2886 1351 3008 1388 cum
3036 1335 3102 1388 ad
3125 1334 3428 1389 malefacta
3456 1349 3695 1389 consen-

440 1431 768 1500 turpioribus
799 1428 1014 1499 ﬂagitiis
1046 1430 1279 1486 traditur
1325 1432 1371 1485 is
1416 1430 1507 1499 qui
1549 1439 1813 1486 creatura:
1841 1431 2008 1486 servit
2099 1425 2263 1493 tium,
2299 1426 2462 1480 etiam
2498 1426 2587 1480 illa
2614 1442 2735 1497 qua:
2773 1441 2875 1481 non
2936 1427 3182 1482 fecerunt
3236 1426 3567 1496 approbant.
3619 1426 3693 1481 Et

438 1524 610 1593 magis
654 1538 814 1594 quam
853 1521 942 1578 ille
986 1523 1077 1592 qui
1105 1521 1327 1593 gloriam
1358 1523 1779 1593 incorruptibilis
1815 1522 1908 1577 Dei
1952 1523 2004 1577 in
2099 1516 2221 1574 ideo
2246 1518 2312 1572 de
2340 1518 2600 1587 perfectis
2635 1520 2747 1587 jam
2782 1519 3022 1587 peccatis
3054 1518 3189 1574 dicit
3222 1532 3239 1572 :
3285 1519 3576 1586 PrOpterea
3604 1521 3693 1572 ἰιις

438 1614 840 1669 similitudinem
868 1613 1115 1683 imaginis
1137 1612 1498 1682 corruptibilis
1526 1613 1757 1667 hominis
1780 1620 1835 1667 et
1861 1612 2009 1668 volu-
2097 1612 2412 1665 exsusabilis
2463 1627 2539 1673 es,
2581 1627 2611 1666 ο
2645 1610 2819 1673 homo,
2864 1612 3033 1665 (ιιιιηίς
3085 1613 3178 1681 qui
3209 1612 3473 1681 judieas;
3507 1611 3692 1666 omnis

435 1719 621 1770 crum,
685 1713 740 1758 et
789 1702 1215 1773 quadrupedum,
1264 1712 1320 1758 et
1374 1703 1702 1772 serpentium
1749 1700 2001 1757 mutavit?
2102 1714 2279 1759 autem
2305 1719 2427 1760 cum
2461 1703 2594 1759 dicit
2637 1703 3694 1772 subintratjam,uttnonstretnonso-

435 1804 531 1849 aut
564 1796 831 1865 quomodo
867 1809 1028 1864 supra
1067 1803 1353 1863 utrumque
1392 1795 1581 1848 horum
1612 1794 1757 1850 velut
1779 1793 2009 1850 examini
2040 1778 2211 1850 Blnm
2255 1796 2532 1865 gentilem,
2573 1796 2667 1850 Sctl
2695 1803 2749 1850 et
2791 1795 2905 1865 jam
2939 1794 3206 1860 Judmum,
3245 1799 3337 1866 qui
3375 1797 3685 1852 secundum

436 1888 647 1943 cuidam
674 1883 958 1942 traduntur
982 1886 1249 1941 malorum
1277 1886 1332 1939 hi
1376 1885 1465 1954 qui
1496 1900 1601 1940 non
1645 1886 2008 1955 probaverunt
2107 1889 2298 1960 Legem
2327 1889 2540 1944 volebat
2554 1886 2800 1956 judicare
2820 1889 2888 1942 de
2914 1890 3165 1959 gentibus
3181 1889 3391 1959 (Αηιὺ.)
3411 1888 3554 1944 Sunt
3573 1891 3695 1960 qui-

437 1980 603 2035 Dcum
642 1979 841 2034 habere
870 1980 922 2034 in
959 1980 1243 2034 notitiam?
1264 1995 1451 2034 verum
1476 1980 1601 2050 quia
1631 1980 1684 2035 in
1716 1980 1801 2037 his
1836 1979 2008 2034 tribus

438 2070 713 2126 universas
763 2071 1050 2141 impietatis
1120 2072 1327 2140 species
1390 2087 1738 2128 enumerasse
1793 2073 2007 2127 videtur

436 2161 745 2232 Apostolus,
774 2162 856 2217 vel
908 2178 1095 2218 eorum
1139 2164 1232 2233 qui
1263 2163 1403 2218 idola
1449 2164 1652 2227 colunt,
1683 2163 1769 2216 vel
1819 2177 2007 2219 eorum

437 2253 527 2321 qui
577 2263 842 2309 creatura:
868 2254 1178 2309 deserviunt
1215 2254 1396 2324 potius
1424 2268 1585 2323 quam
1615 2252 1878 2319 Creatori,
1912 2254 2006 2309 sed

438 2353 492 2399 et
514 2358 702 2400 eorum
736 2344 831 2414 qui
855 2360 962 2400 non
990 2344 1357 2415 probaverunt
1397 2345 1564 2399 Deum
1593 2345 1793 2399 habere
1817 2344 1869 2398 in
1912 2358 2008 2398 no-

440 2433 646 2489 titiam:
667 2433 724 2489 in
746 2448 975 2504 quorum
1005 2435 1179 2505 primo
1202 2434 1357 2489 titulo
1383 2435 1687 2505 promiscue
1714 2434 1926 2505 pagani,
1952 2435 2007 2489 in

439 2526 546 2583 alio
572 2525 845 2596 sapientes
866 2540 1052 2580 eorum
1071 2532 1124 2580 et
1140 2524 1442 2595 philosophi
1466 2524 1815 2595 designantur
1841 2543 1854 2577 :
1878 2534 2007 2594 puto

438 2617 581 2686 quod
604 2616 658 2670 in
684 2616 789 2675 hoc
807 2615 968 2683 tertio
994 2614 1297 2671 iudicentur
1335 2615 1569 2669 hmretici
1593 2615 1676 2670 vel
1694 2614 2007 2669 Creatorem

441 2722 597 2763 suum
643 2706 810 2762 Deum
838 2714 1118 2776 negantes,
1169 2705 1254 2760 vel
1290 2705 1530 2760 diversas
1557 2702 1918 2773 blasphemiae
1952 2702 2006 2757 in

441 2799 722 2855 Excelsum
746 2799 1044 2868 loquentes.
1075 2797 1242 2869 Igitur
1280 2796 1325 2851 si
1352 2796 1543 2867 singuli
1566 2795 1768 2865 quique
1793 2794 2004 2857 horum,

441 2906 577 2963 quos
595 2907 755 2962 supra
776 2891 1009 2947 diximus
1047 2890 1100 2945 in
1113 2888 1259 2945 cultu
1285 2888 1577 2943 divinitatis
1594 2901 1795 2951 errare,
1816 2884 2010 2940 talibus

444 2983 709 3038 malorum
754 2981 923 3037 titulis
975 2980 1343 3051 designantur,
1390 2993 1488 3033 nos
1525 2977 1617 3047 qui
1665 2976 1908 3031 videmur
1952 2974 2010 3029 in

446 3076 683 3132 Ecclesia
706 3089 847 3141 esse,
870 3083 926 3129 et
947 3073 1105 3129 fidem
1147 3080 1349 3128 rectam
1374 3079 1576 3135 tenere,
1608 3068 2011 3124 consideremus

449 3166 826 3234 nosmetipsos,
851 3172 907 3219 et
931 3163 1079 3218 omni
1104 3160 1586 3230 circumspectione
1612 3172 1917 3227 pensemus,
1942 3172 2011 3211 ne
2037 3140 2082 3203 Ο

447 3256 588 3311 forte
612 3255 725 3311 solo
763 3256 833 3309 ab
856 3254 942 3310 his
971 3252 1082 3308 veri
1112 3251 1285 3306 cultus
1314 3250 1530 3305 nomine
1570 3248 1823 3318 separati,
1854 3247 2015 3301 rebus

446 3347 528 3400 eis
551 3352 712 3413 atque
756 3343 969 3399 actibus
1015 3342 1301 3397 sociemur.
1358 3340 1576 3393 Certum
1606 3347 1689 3392 est
1715 3338 1857 3391 enim
1887 3338 2013 3405 quia

448 3436 562 3504 qui,
585 3432 732 3488 verbi
762 3447 947 3495 causa,
969 3429 1205 3500 repletus
1227 3436 1311 3481 est
1333 3426 1638 3495 iniquitate,
1663 3424 1887 3490 malitia,
1915 3438 2013 3478 ne-

448 3526 638 3596 quitia,
669 3524 917 3589 avaritia,
946 3536 1050 3577 non
1074 3520 1323 3593 probavit
1353 3520 1518 3574 Deum
1549 3518 1747 3572 habere
1791 3516 1846 3569 in
1875 3515 2014 3570 noti-

453 3620 606 3682 tiam,
634 3624 689 3671 et
715 3624 799 3670 est
825 3616 891 3670 de
921 3628 1142 3668 numero
1167 3626 1354 3665 eorum
1376 3624 1512 3681 quos
1551 3607 1771 3663 tradidit
1792 3607 1934 3660 Deus
1958 3605 2011 3659 in

451 3710 733 3782 reprobum
772 3723 988 3772 sensum
1023 3725 1037 3759 :
1078 3713 1134 3761 et
1176 3708 1392 3768 iterum,
1422 3716 1649 3772 quorum
1676 3698 1888 3761 feminae
1930 3696 2016 3755 vel

451 3800 694 3866 masculi,
742 3799 930 3855 relicto
956 3795 1185 3855 naturali
1216 3810 1338 3860 usu,
1378 3792 1745 3848 accenduntur
1787 3789 1843 3843 in
1893 3803 2014 3843 eum

450 3908 625 3957 usum,
654 3889 745 3962 qui
773 3896 959 3945 contra
989 3894 1235 3941 naturam
1280 3890 1386 3948 est,
1415 3889 1623 3936 certutn
1668 3885 1750 3933 est
1797 3877 1922 3949 quia
1950 3892 2012 3932 ex

453 3983 668 4038 illorum
711 3994 935 4036 numero
962 3986 1087 4033 sunt
1145 3975 1238 4044 qui
1278 3972 1521 4028 serviunt
1548 3979 1813 4025 creatura:
1839 3967 2016 4037 potius

452 4086 613 4143 quam
641 4066 904 4133 Creatori,
937 4077 991 4123 et
1016 4081 1151 4136 quos
1195 4063 1413 4119 tradidit
1449 4063 1590 4117 Deus
1631 4061 1684 4115 in
1740 4056 2018 4129 passiones

452 4161 773 4233 ignominiaa.
812 4158 918 4215 Sed
947 4166 1003 4213 et
1029 4157 1076 4211 si
1105 4156 1197 4226 qui
1228 4155 1280 4209 in
1318 4151 1652 4207 immunditia
1681 4147 2017 4205 contumeliis

452 4255 684 4312 alliciant
717 4266 941 4323 corpora
979 4265 1097 4314 sua,
1126 4263 1191 4303 ex
1224 4245 1327 4300 illis
1354 4254 1477 4300 sunt
1505 4242 1595 4312 qui
1649 4248 2015 4296 commutave-

455 4355 585 4401 runt
604 4343 829 4415 gloriam
859 4335 1279 4409 incorruptibilis
1328 4334 1445 4401 Dei,
1475 4332 1579 4388 nisi
1603 4331 1744 4400 quod
1783 4327 2016 4398 graviori

452 4435 741 4505 sacrilegio
793 4433 842 4491 is
922 4431 1013 4500 qui
1052 4428 1164 4498 jam
1220 4425 1390 4481 fidelis
1426 4431 1530 4488 est,
1587 4422 1844 4492 templum
1893 4419 2014 4481 Dei,

358 4546 362 4559 ν
453 4540 614 4597 quam
675 4521 929 4593 profanus
977 4521 1153 4575 adhuc
1208 4516 1463 4585 templum
1523 4513 1855 4569 contaminat
1904 4511 2018 4565 ido-

457 4619 648 4673 lorum.
675 4613 791 4668 Non
817 4619 902 4668 est
938 4625 1068 4666 sane
1108 4606 1534 4677 praetereundus,
1566 4619 1633 4658 ne
1677 4603 1778 4657 iste
1805 4600 2019 4670 quidem

456 4702 782 4776 apostolicus
822 4715 1021 4764 sermo,
1055 4699 1106 4752 in
1137 4712 1244 4766 quo
1270 4695 1489 4760 dicitur,
1518 4693 1768 4764 quoniam
1790 4707 2019 4745 commu-

457 4802 694 4850 tauerunt
721 4791 940 4863 gloriam
963 4786 1367 4858 incorruptibilis
1403 4785 1500 4840 Dei
1524 4787 1579 4840 in
1626 4783 2017 4839 similitudinem

456 4885 701 4958 imaginis
728 4882 952 4937 hominis
972 4894 1001 4934 -:
1038 4894 1144 4935 non
1170 4881 1341 4935 solum
1370 4893 1464 4933 eos
1488 4878 1579 4947 qui
1623 4876 1764 4931 idola
1812 4877 2014 4942 cubuit,

457 4992 706 5049 arguere,
735 4976 829 5031 sed
849 4980 905 5029 et
936 4969 1511 5040 Anthropomorphitas
1548 4967 1918 5038 intelligendus
1938 4979 2021 5023 est

460 5069 761 5133 confutare,
786 5067 879 5137 qui
914 5066 967 5121 in
1017 5062 1255 5120 Ecclesia
1301 5061 1462 5132 positi
1492 5061 1780 5132 imaginem
1833 5076 2023 5130 corpo-

464 5175 607 5214 ream
634 5158 887 5223 hominis,
917 5156 1009 5213 Dci
1032 5171 1154 5212 esse
1177 5154 1462 5225 imaginem
1485 5152 1690 5216 dicunt,
1717 5152 2025 5226 ignorantes

455 5243 583 5296 illud
617 5244 763 5312 quod
791 5245 844 5299 iu
884 5244 1080 5315 Genesi
1117 5246 1374 5307 Scriptum
1397 5256 1505 5311 esu
1528 5245 1593 5298 ad
1618 5245 1904 5321 intrginem
1932 5241 2028 5297 Dei

454 5331 655 5388 factum
691 5348 814 5390 esse
850 5335 1146 5403 hominem;
1180 5335 1245 5390 de
1264 5350 1370 5404 quo
1392 5336 1609 5393 homine
1637 5337 1767 5406 quid
1787 5335 2036 5392 sentiens

456 5427 582 5482 dum
605 5427 675 5484 sit
705 5430 775 5484 ah
804 5428 1057 5499 Apostolo
1085 5430 1468 5501 interpretatur
1493 5449 1612 5488 cum
1642 5435 1772 5490 dicit
1801 5454 1812 5488 ;
1848 5434 2015 5507 Depo-

459 5525 634 5571 uentes
668 5530 884 5575 ueterem
915 5519 1171 5575 hominem
1201 5538 1316 5577 cum
1339 5524 1537 5577 actibus
1568 5525 1696 5587 suis,
1728 5535 1775 5578 et
1808 5527 1999 5581 imluen

458 5614 530 5667 tes
554 5622 757 5673 nouum,
778 5609 868 5679 qui
886 5611 1167 5663 secundum
1190 5612 1350 5667 Deum
1366 5625 1567 5668 creatus
1593 5624 1668 5669 est
1689 5614 1885 5685 (Calas.
1912 5617 1994 5687 ιιι)

458 5694 630 5764 audis,
654 5699 775 5765 quia
833 5714 1028 5754 novum
1061 5701 1331 5757 hominem
1361 5704 1488 5759 dicit
1513 5706 1803 5773 segmdum
1851 5708 2003 5763 Dcun‘

2105 1983 2228 2035 dun
2261 1983 2351 2052 qui
2393 1997 2451 2037 se
2478 1997 2603 2038 reos
2636 1996 2743 2035 non
2783 1991 2994 2050 putant,
3028 1984 3070 2035 si
3102 1998 3210 2037 non
3236 1993 3541 2051 operentur
3570 1997 3694 2051 qua

2113 2072 2247 2124 Inalrt
2284 2082 2429 2139 sunt,
2460 2072 2765 2128 assentiunt
2789 2072 2973 2129 ’autem
3001 2073 3364 2140 facientibus;
3418 2074 3697 2130 assentire

2106 2178 2187 2215 est
2216 2177 2429 2226 autem,
2452 2168 2517 2233 si,
2548 2181 2669 2219 cum
2709 2166 2881 2234 possit
2910 2167 3334 2236 reprehendere,
3362 2176 3570 2237 taceat,
3599 2176 3697 2222 aut

2119 2274 2143 2311 ι
2165 2259 2337 2312 ι-ίίριιςς
2380 2258 2478 2313 has
2504 2257 2720 2315 faliulas
2749 2245 3023 2324 aduletur,
3054 2260 3235 2315 sciens
3266 2259 3419 2314 enim
3447 2260 3701 2331 impurus

2110 2363 2142 2403 e
2180 2351 2445 2420 malignus
2467 2354 2572 2404 non
2598 2350 2833 2418 ignorari
2853 2366 2972 2419 qua!
2994 2350 3123 2422 agit,
3147 2361 3201 2405 et
3219 2351 3446 2406 minime
3482 2352 3701 2407 sevit:-

2113 2438 2177 2511 i‘j.
2200 2442 2291 2495 sed
2321 2450 2374 2494 et
2404 2442 2599 2496 honori
2632 2457 2773 2506 esse,
2799 2442 3066 2512 gloriatur
3110 2442 3248 2498 forte
3273 2457 3335 2498 se
3364 2444 3559 2510 talem,
3597 2458 3709 2503 nee

2110 2534 2367 2589 confundi
2399 2545 2578 2604 potest
2604 2536 2655 2588 in
2693 2536 2801 2599 his,
2834 2537 3051 2602 quando
3086 2535 3233 2591 videt
3252 2535 3429 2592 faveri
3484 2535 3621 2602 sibi,
3646 2546 3706 2594 et

2108 2625 2464 2683 obsecundari
2501 2628 2568 2683 ab
2600 2628 2685 2682 his
2722 2630 2811 2699 qui
2843 2643 2949 2684 non
2981 2637 3109 2685 sunt
3135 2629 3289 2685 tales.
3319 2627 3387 2683 Et
3413 2629 3491 2685 ita
3512 2639 3709 2696 est,ut

2109 2719 2200 2789 qui
2232 2719 2478 2775 fomitem
2517 2720 2797 2789 praebeant
2822 2720 3033 2776 doliolis
3074 2720 3313 2777 illorum.
3346 2720 3592 2792 Ideoque
3614 2721 3705 2777 di-

2110 2830 2274 2883 gnum
2315 2826 2423 2877 est,
2461 2824 2518 2867 ut
2553 2812 2671 2883 pari
2706 2813 2938 2868 crimine
2968 2813 3047 2869 rei
3068 2813 3397 2869 habeantur.
3429 2813 3579 2870 Sunt
3601 2817 3707 2870 ite-

2111 2926 2230 2964 rum
2258 2910 2371 2975 alii,
2397 2908 2491 2979 qui
2519 2924 2624 2963 non
2656 2909 2828 2963 solum
2861 2906 3069 2963 faciunt
3100 2905 3263 2974 mala,
3298 2906 3587 2963 sedetiam
3609 2907 3707 2977 qui

2110 3000 2459 3062 Consentium
2513 3002 2861 3069 facientibus,
2893 3013 2952 3058 ut
2978 3018 3086 3059 non
3125 3002 3299 3059 solum
3334 3000 3573 3069 faciant,
3610 3003 3707 3057 sed

2111 3110 2164 3156 et
2196 3099 2393 3157 talibus
2435 3101 2802 3156 consentiant.
2837 3098 3048 3169 Duplex
3095 3112 3225 3168 ergo
3256 3097 3459 3152 horum
3488 3107 3582 3154 est
3609 3113 3708 3153 ne

2112 3192 2304 3264 quitia,
2340 3206 2444 3244 non
2477 3191 2620 3245 enim
2651 3200 2759 3243 tam
2796 3189 2924 3243 mali
2946 3197 3099 3253 sunt,
3123 3187 3218 3258 qui
3243 3186 3478 3251 faciunt,
3503 3197 3568 3244 et
3619 3186 3708 3241 fs-

2113 3285 2383 3342 cientibus
2407 3282 2786 3337 contradicunt
2813 3299 2826 3345 ;
2858 3281 3094 3336 scientes
3123 3282 3267 3335 enim
3300 3279 3538 3343 nefaria.
3597 3294 3707 3334 non

2113 3376 2204 3430 illa
2230 3376 2507 3430 vindicant
2536 3392 2550 3429 :
2581 3373 2656 3426 illi
2712 3376 2845 3427 vero
2879 3384 2987 3428 tam
3026 3370 3348 3441 nequissimi
3392 3382 3550 3435 sunt,
3609 3371 3708 3442 qui

2114 3468 2323 3523 faciunt
2348 3477 2403 3522 et
2432 3468 2785 3520 consentiunt
2831 3456 3176 3530 facientibus,
3210 3476 3271 3521 ut
3299 3479 3405 3521 nec
3433 3462 3611 3519 Deum
3638 3463 3719 3516 ti-

2122 3568 2341 3625 meant;
2386 3560 2692 3614 increscere
2731 3559 3014 3626 cupientes
3055 3558 3222 3625 mala,
3254 3556 3377 3612 ideo
3426 3557 3549 3611 huc
3601 3570 3710 3630 non

2123 3649 2425 3718 vindicant,
2451 3660 2507 3704 ut
2537 3650 2802 3704 suadeant
2826 3665 2932 3704 non
2962 3650 3051 3704 illa
3086 3664 3209 3705 esse
3236 3650 3486 3705 vitanda.

2729 3791 2955 3850 CAPUT
3011 3788 3075 3847 ii.

2121 3913 2403 3983 llcdurguit
2462 3912 2661 3967 Paulus
2717 3914 2840 3967 uitia
2881 3911 3214 3977 Judworum,
3269 3915 3449 3967 dicens
3496 3931 3587 3967 eos
3639 3932 3691 3967 in

2184 3982 2335 4064 culpa
2364 3982 2888 4052 gentilibus‘similes,
2917 3992 2966 4037 et
3018 3983 3194 4053 quoad
3241 3983 3487 4054 quietiam
3531 3986 3690 4036 etiam

2184 4069 2404 4122 pejores.

2188 4138 2410 4215 Propter
2431 4146 2569 4215 quod
2621 4144 2987 4199 inexcusabilis
3014 4161 3088 4209 es,
3139 4162 3170 4198 ο
3207 4146 3362 4198 Ιιοηιο
3390 4148 3565 4199 ontnis
3604 4148 3691 4216 qui

2109 4237 2339 4306 Judicas.
2373 4234 2438 4289 In
2465 4252 2564 4305 quo
2615 4236 2749 4288 enim
2791 4234 3007 4305 judieas
3032 4235 3275 4299 alterum,
3311 4236 3535 4304 leipsum
3570 4255 3694 4290 con-

2117 4327 2331 4382 demnas
2355 4339 2373 4377 :
2410 4326 2591 4380 eadem
2618 4326 2753 4380 enim
2783 4326 2897 4399 agis
2911 4340 3027 4395 quin
3055 4324 3286 4394 judicas.
3315 4324 3588 4391 Quoniam
3617 4326 3693 4381 fa-

2119 4422 2321 4477 cientes
2346 4421 2573 4493 maligna
2588 4431 2643 4475 et
2661 4422 3058 4477 consentientes
3075 4423 3395 4478 facientibus
3416 4432 3597 4478 morte
3614 4423 3692 4477 di—

2123 4527 2255 4583 gnos
2279 4512 2527 4575 ostendit,
2557 4526 2623 4566 ne
2653 4510 2790 4566 forte
2824 4513 2929 4577 hic,
2959 4513 3049 4582 qui
3073 4512 3218 4575 facit,
3247 4521 3301 4568 et
3324 4530 3431 4568 non
3464 4530 3685 4568 consen-

2122 4606 2186 4658 tit
2206 4603 2547 4668 facientibus,
2577 4618 2840 4659 exeusare
2876 4619 2933 4657 se
2955 4619 3113 4673 posse
3139 4613 3377 4674 putaret,
3407 4605 3567 4659 docet
3601 4608 3692 4661 ιιιιο

2114 4695 2348 4767 jusmodi
2379 4694 2794 4750 inexcusabilem
2825 4694 2937 4749 fore
2970 4711 2985 4759 ;
3040 4711 3142 4749 non
3168 4695 3311 4749 enim
3347 4694 3559 4763 justum
3588 4712 3695 4757 est.

2122 4799 2180 4845 ut
2200 4789 2325 4845 huic
2346 4790 2558 4858 impune
2587 4787 2934 4843 concedatur.
2963 4786 3086 4855 quia
3135 4802 3231 4856 per
3259 4786 3573 4858 hypocrisin
3606 4805 3694 4844 os-

2119 4880 2289 4936 tendit
2308 4893 2365 4933 se
2396 4894 2503 4933 non
2534 4876 2716 4942 talem,
2743 4892 2865 4931 cum
2893 4876 3042 4947 pejor
3064 4892 3183 4931 esse
3216 4876 3656 4946 deprehendatur
3679 4901 3692 4934 ε

2120 4970 2257 5025 fallit
2284 4970 2445 5023 enim.
2495 4976 2553 5022 ut
2604 4967 2731 5021 dum
2779 4967 3080 5036 puniendus
3120 4967 3209 5030 sit,
3241 4967 3443 5022 honore
3503 4969 3697 5040 dignus

2125 5071 2398 5134 appareat.
2431 5062 2488 5118 Si
2515 5080 2643 5136 ergo
2686 5065 2819 5119 istos
2843 5064 3234 5120 inexcusabiles
3260 5065 3409 5128 dicit,
3429 5065 3528 5132 qui
3560 5065 3696 5118 invi—

2125 5154 2297 5210 sibilia
2322 5153 2437 5224 ejus
2459 5158 2555 5224 per
2582 5170 2645 5208 ea
2694 5170 2814 5224 qua:
2840 5154 2981 5208 facta
3026 5162 3154 5209 sunt
3177 5153 3446 5209 intellecta
3480 5157 3695 5226 conspi-

2127 5257 2250 5297 cere
2269 5250 2575 5311 potucrunt,
2604 5258 2705 5298 nec
2738 5243 3056 5301 obedierunt
3097 5250 3277 5298 tamen
3322 5243 3569 5309 veritati,
3602 5247 3696 5299 sed

2130 5333 2297 5402 iniqui
2330 5341 2385 5390 et
2439 5334 2586 5405 impii
2611 5343 3043 5407 permanserunt,
3078 5344 3280 5405 quanto
3325 5336 3503 5405 magis
3542 5338 3698 5400 inex-

2130 5423 2396 5479 cusabilcs
2420 5432 2564 5491 sunt,
2611 5425 2700 5494 qui
2728 5440 2795 5479 ex
2830 5420 2946 5495 lege
2969 5426 3084 5496 ejus
3117 5425 3390 5490 instructi,
3415 5425 3699 5481 confidunt

2129 5516 2334 5585 seipsos
2363 5516 2526 5572 duces
2554 5530 2675 5571 esse
2700 5532 2984 5582 caecorum,
3022 5525 3078 5573 et
3121 5515 3252 5571 alios
3289 5516 3549 5572 docentes
3593 5517 3696 5571 sei-

2128 5622 2255 5677 psos
2281 5622 2387 5661 non
2416 5608 2627 5672 docent,
2663 5608 2753 5676 qui
2781 5608 3074 5677 praedicant
3119 5622 3225 5663 non
3253 5606 3568 5661 furandum.
3611 5606 3693 5659 fu-

2132 5706 2340 5762 rantur,
2388 5708 2677 5761 etcaztcra,
2704 5712 2823 5767 qua:
2842 5699 2906 5753 de
2935 5698 3064 5765 ipsis
3106 5696 3393 5766 Apostolus
3438 5696 3693 5770 loquitur:
