3998 6202
325 332 463 388 1505

888 337 1435 397 ΕΝΑΚΒΑἸΊΟΝΗΜ
1476 339 1538 392 ιλ
1577 339 1724 394 ΕΡΡ.
1767 340 1885 395 ιλιι

2008 343 2134 396 LIB.
2176 345 2215 397 l.
2253 377 2321 386 —
2355 348 2421 402 IN
2460 348 2677 407 EPIST.
2719 353 2810 408 AD
2845 356 3010 415 ROM.

3427 366 3569 421 1506

332 449 415 503 eis
434 446 624 518 quippe
665 448 816 513 dicit,
844 462 1113 519 propterea
1150 455 1359 506 inexcita
1382 454 1515 508 .biiis
1548 471 1620 519 es,
1652 472 1679 508 ο
1710 456 1883 519 homo,
1918 457 1962 514 A
1993 458 2186 525 gratia,
2220 460 2311 529 qui
2344 463 2518 531 egerit
2544 463 2834 533 aliquando
2875 468 3035 532 mala,
3077 478 3284 525 certum
3327 486 3411 530 est
3438 479 3561 545 quia

323 541 490 593 omn's
518 539 608 609 qui
639 539 874 609 judicas.
908 539 973 593 In
1017 558 1117 611 quo
1162 543 1297 595 enim
1344 542 1504 595 alium
1530 543 1743 613 judicas
1776 584 1790 607 ,
1819 553 1893 596 lc-

326 646 492 694 tpsum
518 629 853 695 condemnas,
889 634 1067 683 eadem
1096 632 1232 684 enim
1259 632 1368 701 agis
1398 633 1756 703 quwjudicas.
1784 632 1894 687 Hu-

326 735 482 775 mana
510 718 708 789 quippe
746 719 994 789 superbia
1040 729 1294 790 tanquam
1339 737 1668 792 praesumens
1714 724 1780 778 de
1817 724 1894 777 vi-

324 807 474 860 ribus
522 806 676 861 liberi
723 806 930 882 arbitrii
988 819 1297 862 excusatam
1350 824 1408 864 se
1448 819 1624 883 putat,
1679 811 1893 883 quando

324 894 659 966 ignorantiae,
678 909 783 949 non
807 880 1118 961 voluntatis,
1145 896 1517 967 videturquod
1542 880 1750 967 peccat.
1783 897 1889 952 Se-

322 984 553 1039 cundum
578 984 720 1039 hanc
745 985 1142 1041 excusationem
1174 987 1565 1042 inexcusabiles
1594 988 1721 1043 dicit
1744 987 1893 1044 Scri-

322 1085 475 1146 ptura
507 1075 682 1130 divina
711 1090 1056 1146 quoscunque
1097 1077 1328 1132 scientes
1370 1092 1596 1148 peccare
1624 1119 1640 1145 ,
1666 1080 1890 1133 convin-

321 1144 397 1223 cit
418 1176 596 1222 tamen
625 1144 953 1235 Dei'justum
970 1144 1260 1236 judicium,
1293 1144 1395 1225 nec
1417 1168 1524 1225 illis
1572 1171 1746 1242 parcit
1798 1144 1895 1239 quil

321 1272 428 1312 non
458 1257 772 1322 audierunt;
822 1258 1126 1328 quicunque
1156 1259 1307 1314 enim
1328 1258 1444 1314 sine
1494 1259 1610 1331 lege
1636 1274 1892 1330 peccave-

323 1357 466 1411 runt,
497 1348 612 1403 sine
636 1347 751 1418 lege
769 1348 1062 1417 perierunt,
1090 1357 1144 1405 et
1165 1350 1411 1420 quamvis
1432 1365 1490 1405 se
1512 1351 1610 1421 ipsi
1633 1365 1891 1406 excusare

320 1439 589 1501 videntur,
631 1453 734 1493 non
758 1437 994 1492 admittit
1018 1439 1156 1493 hanc
1179 1439 1603 1505 excusationem,
1638 1439 1727 1512 qui
1754 1440 1891 1495 sciat

321 1543 380 1582 se
404 1526 596 1581 fecisse
619 1525 890 1581 hominem
916 1536 1143 1593 rectum,
1168 1527 1325 1596 eique
1346 1527 1665 1582 obedientize
1679 1526 1889 1583 dedisse

322 1627 665 1690 praeceptum,
700 1633 798 1672 nec
821 1618 924 1672 nisi
951 1617 1086 1688 ejus,
1117 1632 1224 1687 quo
1252 1617 1391 1673 male
1436 1632 1565 1672 usus
1609 1625 1693 1674 est
1718 1616 1889 1673 libero

1994 548 2166 603 malus
2188 560 2479 618 erattunc,
2506 568 2628 608 cum
2658 557 2852 626 agebat
2887 559 3052 624 nuda;
3085 560 3137 630 is_
3170 577 3298 617 vero
3333 566 3378 619 si
3428 582 3566 634 prac-

1996 640 2272 695 teritorum
2292 644 2561 713 pmnitens
2587 657 2820 702 mentem
2859 664 3011 704 suam
3042 654 3277 724 corrigat
3306 656 3374 709 ad
3403 657 3560 724 bona,

1992 740 2046 785 et
2067 731 2204 787 bene
2223 742 2366 803 agat,
2394 734 2533 790 bene
2560 736 2826 806 loquatur,
2849 739 2988 796 bene
3006 743 3223 811 cegitet,
3251 746 3386 800 bene
3413 747 3560 809 velit,

1991 822 2080 891 qui
2110 824 2224 877 hzec
2249 824 2360 892 agit
2390 841 2493 879 non
2522 827 2617 881 tibi
2645 828 2857 883 videtur
2896 831 3067 886 bonus
3113 842 3167 887 et
3194 836 3389 891 merito
3418 841 3550 893 rcci-

1991 928 2117 983 pere
2146 913 2322 993 bona?
2354 915 2616 972 Similiter
2650 927 2704 972 et
2731 919 2776 974 si
2798 934 2863 974 ex
2892 921 3031 976 bono
3061 923 3181 992 quis
3216 934 3562 982 convertatur

1991 1005 2056 1059 ad
2089 1005 2307 1071 malum,
2337 1022 2438 1061 non
2458 1007 2572 1077 jam
2598 1008 2768 1064 bonus
2798 1012 2938 1079 quod
2967 1013 3086 1077 fuit,
3116 1022 3171 1068 et
3197 1030 3303 1069 non
3330 1027 3443 1082 est,
3467 1020 3562 1072 sed

1993 1095 2164 1151 malus
2189 1094 2540 1164 iudicabitur,
2571 1099 2712 1168 quod
2740 1109 2852 1165 est;
2891 1110 3042 1157 actus
3068 1104 3221 1158 enim
3236 1105 3355 1160 sive
3396 1106 3522 1161 boni
3542 1147 3558 1169 ,

1992 1188 2105 1242 sive
2143 1188 2267 1242 mali
2296 1197 2641 1258 praetereunt,
2669 1189 2764 1244 sed
2803 1193 3094 1247 secundum
3129 1195 3212 1248 sui
3242 1196 3558 1264 qualitatem

1990 1277 2198 1347 agentis
2227 1288 2462 1333 mentem
2488 1279 2849 1349 imaginantur
2868 1290 2921 1335 et
2947 1280 3200 1348 formant,
3223 1299 3454 1355 eamque
3475 1289 3559 1342 vel

1990 1368 2185 1423 bonam
2214 1369 2620 1440 relinquuntvel
2639 1372 2857 1437 malam,
2874 1387 2969 1427 seu
2989 1388 3181 1442 pmnze,
3207 1390 3301 1430 seu
3324 1378 3561 1447 praemiis

1991 1459 2378 1513 destinandam.

2062 1552 2345 1606 Existimas
2368 1565 2538 1608 autem
2572 1559 2688 1621 hoc,
2734 1572 2764 1608 ο
2809 1556 2981 1622 homo,
3006 1559 3095 1628 qui
3116 1558 3331 1627 judicas
3366 1561 3429 1613 de
3482 1561 3561 1613 his

1989 1642 2078 1712 qui
2107 1640 2236 1696 talia
2267 1653 2449 1713 agunt,
2478 1653 2526 1697 et
2550 1644 2685 1714 facis
2721 1661 2802 1710 ea,
2825 1646 2949 1716 quia
2980 1656 3035 1700 tu
3057 1649 3271 1718 effugies
3290 1650 3559 1720 judicium

324 1710 609 1765 voluntatis
656 1709 881 1765 arbitrio
930 1717 983 1765 et
1006 1709 1118 1779 jam
1150 1709 1291 1780 quod
1326 1710 1581 1806 transiret
1616 1711 1670 1765 in
1708 1719 1886 1806 poste:
1917 1796 1961 1806 _
1993 1709 2087 1785 De;
2108 1732 2134 1786 γ
2162 1709 2394 1805 (Anima)
2444 1709 2560 1789 Hoc'
2591 1742 2696 1801 est,
2748 1709 2987 1804 mn'lquid
3025 1709 3151 1806 ψίῆ
3165 1709 3309 1792 "ubi'
3329 1753 3558 1793 examen

323 1817 432 1866 '05,
460 1815 703 1855 manasse
729 1807 1040 1870 Peccatum;
1068 1814 1241 1894 “8‘1"?
1256 1799 1767 1894 enimfifmfnaml'r’
1795 1800 1884 1894 qf'i
1917 1796 1963 1856 Β
1992 1796 2181 1881 datum.
2224 1831 2306 1878 est
2369 1796 2649 1893 potestatis
2683 1796 2973 1894 judicandi
3027 1796 3093 1881 de
3159 1826 3315 1883 malis
3376 1835 3431 1883 et
3492 1827 3560 1882 de

322 1906 425 1944 non
470 1898 847 1960 peccaverunt,
897 1891 1110 1958 quando
1144 1890 1359 1959 quidem
1416 1889 1546 1944 illud
1593 1906 1659 1944 ex
1690 1905 1798 1945 uno
1834 1890 1887 1944 in

319 1994 506 2035 omnes
531 1981 747 2047 transit,
776 1980 827 2034 in
861 1995 968 2050 quo
997 1988 1123 2034 ante
1166 1981 1381 2052 propria
1440 1982 1492 2036 in
1522 1981 1747 2052 singulis
1773 1982 1890 2051 qui-

319 2073 523 2141 busque
548 2078 765 2141 peccata
812 2052 999 2126 omnes
1034 2071 1394 2139 communiter
1419 2079 1795 2141 peccaverunt,
1826 2087 1889 2126 ac

320 2177 415 2232 per
445 2163 546 2216 hoc
589 2161 966 2216 inexcusabilis
1003 2172 1084 2217 est
1117 2164 1293 2217 omnis
1313 2171 1585 2233 peccator,
1613 2162 1695 2217 vel
1735 2173 1887 2218 reatu

317 2253 563 2324 originis,
588 2254 671 2307 vel
712 2252 1081 2310 additamenta
1120 2254 1283 2310 etiam
1314 2257 1546 2327 propriae
1577 2257 1885 2323 voluntatis,

316 2344 430 2400 sive
457 2344 548 2413 qui
580 2344 748 2411 novit,
795 2344 907 2399 sive
958 2345 1047 2414 qui
1101 2345 1333 2415 ignorat,
1373 2347 1487 2401 sive
1529 2346 1887 2418 quigjudicat,

317 2435 441 2504 quia
468 2442 523 2488 et
559 2435 671 2504 ipsa
702 2434 1003 2504 ignorantia
1030 2435 1083 2490 in
1111 2436 1213 2501 eis,
1246 2439 1335 2507 qui
1380 2438 1677 2508 intelligere
1706 2438 1889 2494 nolue-

320 2537 463 2592 runt,
488 2527 605 2581 sine
634 2527 963 2582 dubitatione
994 2538 1272 2598 peccatum
1299 2539 1413 2594 est;
1459 2530 1512 2584 in
1559 2530 1637 2584 eis
1683 2537 1882 2594 autem,

315 2619 408 2689 qni
439 2634 543 2673 non
586 2627 896 2688 potuerunt,
916 2634 1072 2689 pmna
1114 2620 1339 2691 peccati.
1370 2620 1511 2689 Ergo
1540 2621 1593 2676 in
1645 2623 1888 2693 utrisque

316 2727 423 2773 non
451 2721 531 2766 cst
549 2711 694 2781 justa
718 2712 1014 2775 excusatio,
1041 2711 1133 2765 sed
1153 2712 1300 2782 justa
1330 2712 1622 2770 damnatio.

389 2796 593 2852 Scimus
623 2807 795 2852 autem
819 2800 1063 2870 quoniam
1097 2800 1359 2869 judicium
1385 2802 1482 2857 Dei
1506 2813 1577 2857 est
1602 2804 1884 2859 secundum

315 2894 578 2945 rcritalcm
618 2892 670 2945 in
710 2909 794 2947 eos
824 2892 914 2963 qui
965 2893 1093 2948 talia
1124 2906 1301 2965 agunt.
1335 2895 1448 2952 Hoc
1472 2906 1573 2966 est,
1602 2914 1707 2953 non
1734 2900 1884 2971 igno-

317 2996 499 3033 ramus
522 2972 685 3035 Deum
717 2981 782 3036 de
808 2982 890 3037 his
920 2983 1285 3053 judicaturum
1309 2987 1359 3041 in
1388 2988 1638 3052 veritate,
1671 2990 1885 3059 quando

316 3088 412 3126 nos
444 3072 544 3141 ipsi
585 3072 650 3127 de
670 3070 1095 3142 hisjudicamus.
1136 3075 1193 3131 Si
1242 3078 1384 3132 enim
1434 3078 1587 3134 nobis
1618 3080 1881 3150 displicet,

313 3170 515 3230 quanto
538 3163 710 3233 magis
759 3164 889 3229 Deo,
941 3167 1033 3235 qui
1065 3168 1237 3239 magis
1271 3168 1451 3239 justus
1478 3179 1579 3235 est,
1643 3149 1712 3226 et,
1751 3187 1887 3242 Opus
1912 3149 1956 3211 Ο

314 3266 470 3303 suum
494 3250 734 3305 zelatur?
752 3251 805 3306 In
822 3254 1049 3309 veritate
1070 3270 1198 3327 ergo
1220 3273 1339 3312 cum
1369 3259 1498 3314 dicit
1517 3260 1883 3330 judicaturum

316 3339 481 3394 Deum
509 3341 573 3396 de
605 3342 711 3409 his,
740 3353 1002 3415 terrorem
1029 3347 1239 3413 incutit,
1269 3359 1328 3404 ut
1353 3367 1511 3421 quem
1558 3353 1611 3407 hi
1648 3355 1885 3411 incurio-

312 3446 431 3486 sum
475 3432 678 3509 dicunt,
728 3434 829 3490 iste
860 3435 1030 3492 malos
1066 3439 1355 3494 secundum
1402 3443 1686 3501 veritatem
1739 3446 1883 3500 dicat

306 3521 689 3593 jndicaturum,
736 3525 840 3579 hoc
864 3534 951 3581 est
989 3528 1271 3584 verissime
1318 3532 1544 3587 reddere
1588 3537 1882 3591 secundum

314 3628 619 3667 Incusuram
639 3610 1076 3686 uniusCujusque,
1090 3626 1144 3672 ct
1159 3635 1262 3673 non
1286 3635 1530 3690 parcere.
1553 3621 1752 3696 (0rig.)
1774 3624 1880 3679 Sed

313 3701 442 3757 illud
464 3710 547 3758 est
568 3706 708 3774 quod
727 3705 778 3759 in
807 3707 911 3761 hoc
936 3707 1054 3764 loco
1081 3710 1294 3765 videtur
1316 3714 1544 3774 ostendi,
1570 3714 1695 3784 quia
1716 3715 1880 3771 solius

314 3796 409 3849 Dei
427 3798 495 3850 sit
514 3799 806 3857 secundum
833 3802 1113 3858 veritatem
1124 3802 1385 3873 judicium
1403 3823 1418 3874 ;
1437 3808 1718 3863 sunteuim
1737 3824 1882 3877 quae-

312 3886 435 3939 dam
464 3903 582 3958 quae
605 3890 1019 3947 committuntur
1040 3910 1203 3964 opere
1226 3896 1466 3966 quidem
1494 3896 1669 3963 malo,
1699 3898 1881 3953 animo

310 3985 492 4031 autem
524 3993 626 4033 non
657 3979 819 4047 malo,
849 3989 907 4035 ut
953 3982 998 4037 si
1022 3985 1143 4052 quis
1174 3983 1318 4039 verbi
1345 4000 1507 4040 causa
1536 3985 1880 4041 homicidium

311 4086 418 4123 non
445 4070 715 4126 voluntate
738 4074 1100 4141 commiserit;
1128 4085 1181 4130 et
1204 4076 1306 4131 alia
1327 4076 1459 4131 fiunt
1482 4091 1644 4148 opere
1664 4078 1878 4148 quidem

310 4163 472 4225 hanc,
506 4163 598 4218 sed
624 4164 804 4219 animo
828 4181 935 4221 non
963 4167 1126 4233 bono,
1152 4178 1210 4222 ut
1238 4168 1282 4223 si
1314 4170 1434 4238 quis
1456 4169 1879 4225 misericordiam
1916 4157 1940 4179 ’⁸

310 4268 417 4315 non
445 4263 663 4323 propter
689 4257 941 4311 mandata
974 4257 1093 4322 Dei,
1120 4258 1214 4313 sed
1253 4270 1314 4313 ut
1336 4259 1586 4316 laudetur
1605 4261 1674 4316 ab
1714 4248 1878 4315 homi-

311 4341 468 4398 nibus
493 4341 675 4399 faciat.
703 4343 821 4398 Alia
850 4361 978 4401 vero
1006 4357 1129 4401 sunt
1158 4348 1211 4402 in
1240 4349 1433 4419 quibus
1460 4351 1575 4406 sive
1620 4350 1674 4405 in
1714 4350 1876 4416 bono,

1992 1914 2211 1983 stupris,
2266 1930 2390 1970 cum
2433 1915 2621 1971 eadem
2663 1930 2813 1987 agas,
2864 1924 2921 1971 et
2964 1931 3069 1971 non
3117 1925 3202 1971 est
3243 1918 3334 1987 qui
3387 1926 3437 1972 te
3491 1917 3559 1972 ad

1989 2021 2228 2075 przesens
2242 2006 2468 2077 judicet,
2501 2004 2724 2078 etl‘ugies
2741 2006 3000 2076 judicium
3034 2008 3171 2063 Dei?
3199 2008 3317 2065 Non
3350 2011 3557 2081 utique,

1991 2094 2115 2163 quia
2169 2095 2213 2150 si
2259 2094 2521 2164 judicium
2585 2096 2680 2153 Dei
2740 2097 2795 2151 in
2853 2098 3053 2152 mundo
3105 2099 3326 2155 evasisti
3356 2140 3371 2164 ,
3432 2102 3557 2170 quia

1991 2184 2106 2239 hate
2124 2184 2300 2240 omnis
2321 2194 2580 2256 potestas,
2602 2194 2658 2241 et
2665 2184 2927 2255 judicium
2954 2200 2984 2240 a
3000 2186 3109 2242 Deo
3125 2197 3227 2251 est,
3246 2187 3299 2242 in
3318 2188 3555 2244 futurum

1989 2292 2096 2330 non
2128 2276 2323 2332 evades
2352 2295 2365 2331 :
2403 2292 2499 2348 per
2521 2292 2578 2332 se
2595 2277 2738 2332 enim
2759 2276 3099 2348 judicaturus
3119 2286 3201 2333 est
3232 2279 3391 2342 Deus,
3418 2283 3557 2349 apud

1989 2384 2151 2440 quem
2196 2378 2374 2425 cessat
2414 2369 2650 2426 adulatio
2675 2377 2730 2423 et
2757 2383 3111 2440 personarum
3155 2354 3416 2441 acceptio.
3451 2371 3559 2425 Aut

1989 2471 2154 2524 certe,
2184 2462 2229 2517 si
2259 2462 2460 2532 justum
2487 2461 2645 2517 alicui
2682 2457 2921 2525 videtur,
2941 2471 2999 2518 ut
3035 2460 3339 2530 huiusmodi
3366 2462 3560 2517 imum-

1989 2553 2075 2607 nis
2100 2568 2130 2606 a
2157 2567 2319 2621 poena
2341 2552 2433 2617 sit,
2459 2552 2622 2606 dicat.
2651 2549 2804 2618 Quod
2832 2551 2876 2606 si
2892 2551 3098 2622 justum
3121 2560 3205 2606 est
3227 2560 3285 2606 ut
3308 2567 3415 2607 non
3438 2567 3559 2607 eva-

1988 2643 2099 2707 dat,
2138 2642 2324 2697 credat
2362 2642 2529 2696 Deum
2553 2640 2941 2712 iudicaturum,
2987 2648 3047 2695 ut
3072 2641 3310 2711 etquod
3350 2640 3555 2710 justum

1986 2749 2106 2789 esse
2154 2731 2392 2800 judicat,
2444 2747 2629 2787 verum
2667 2733 2767 2797 sit,
2825 2739 2882 2787 et
2933 2731 3239 2802 impleatur,
3291 2742 3347 2789 et
3391 2735 3563 2793 Deum

1985 2819 2319 2877 conditorem
2350 2820 2533 2875 mundi
2562 2820 2905 2890 providenter
2935 2830 2989 2875 et
3015 2823 3227 2877 curiose
3254 2823 3434 2892 operis
3472 2823 3556 2879 sui

1985 2912 2181 2967 merita
2209 2912 2484 2981 requirere
2507 2910 2758 2968 fateatur.
2792 2911 2850 2968 Si
2874 2912 3020 2968 enim
3070 2911 3201 2968 fecit
3227 2921 3282 2969 et
3313 2913 3555 2985 negligit,

1986 3004 2159 3060 malus
2205 3003 2381 3075 opifex
2420 3002 2637 3069 dicitur,
2693 3003 2820 3075 quia
2868 3018 2965 3075 per
3012 3003 3066 3059 id
3117 3004 3260 3074 quod
3308 3004 3577 3077 negligit,.

1987 3111 2094 3153 non
2119 3096 2263 3151 bona
2301 3109 2362 3151 se
2413 3094 2604 3151 fecisse
2646 3109 2765 3166 qua
2807 3095 2955 3162 fecit,
3010 3096 3274 3162 ostendit;
3309 3097 3404 3151 sed
3431 3097 3557 3166 quia

1988 3187 2129 3242 bona
2159 3185 2352 3263 fecisse
2380 3186 2562 3257 negari
2604 3200 2711 3242 non
2751 3194 2930 3256 potest
2967 3186 3267 3258 (indignum
3297 3197 3381 3242 est
3411 3188 3553 3242 ettim

1984 3282 2039 3329 et
2074 3274 2426 3345 improbabile
2450 3274 2649 3330 bonum
2696 3275 2838 3330 mala
2883 3274 3118 3348 fecisse),
3151 3291 3338 3332 curam
3366 3292 3554 3333 eorum

1983 3378 2207 3420 necesse
2232 3370 2317 3418 est
2343 3372 2407 3418 ut
2438 3364 2647 3419 dicatur
2690 3379 2872 3437 agere,
2927 3366 3054 3435 quia
3084 3367 3410 3425 contumelia
3439 3368 3557 3439 ejus

1983 3455 2088 3509 erit
2114 3464 2170 3510 et
2217 3454 2509 3520 accusatio,
2562 3454 2609 3510 si
2637 3455 2899 3513 bonorum
2927 3472 2958 3511 a
2984 3472 3044 3514 se
3073 3456 3340 3515 factorum
3387 3460 3548 3531 negli-

1982 3560 2114 3615 gens
2140 3545 2456 3611 inducatur,
2481 3545 2677 3615 quippe
2705 3561 2827 3602 cum
2852 3547 2969 3616 ejus
3012 3558 3144 3605 nutu
3174 3564 3237 3605 ac
3264 3550 3519 3621 providen

1982 3636 2057 3689 tia
2084 3635 2191 3690 vita
2245 3636 2360 3706 ipsa
2407 3644 2738 3691 sustentetur
2788 3637 3087 3693 ministerio
3135 3638 3551 3704 elementorum,

1982 3726 2125 3781 sicut
2176 3727 2291 3797 ipse
2333 3724 2593 3781 Dominus
2636 3726 2806 3782 dicit:
2841 3727 2945 3793 Qui
2968 3728 3126 3783 solent
3147 3745 3299 3784 suum
3322 3731 3449 3784 oriri
3476 3732 3533 3799 fa

1982 3818 2051 3870 cit
2078 3833 2229 3887 super
2251 3816 2411 3871 bonos
2435 3825 2482 3870 et
2507 3816 2696 3883 malos,
2710 3828 2760 3873 et
2786 3818 2918 3888 pluit
2941 3835 3097 3890 super
3110 3821 3286 3890 justas
3307 3830 3353 3874 et
3376 3821 3540 3889 injus-

1983 3915 2061 3959 tos
2094 3903 2308 3975 (Matth.
2341 3907 2417 3976 v).
2449 3903 2647 3977 (0rig.)
2679 3905 2737 3962 Si
2785 3907 2988 3973 omnia,
3036 3921 3155 3977 qua:
3184 3908 3267 3963 lex
3289 3908 3550 3980 loquitur,

1979 3998 2069 4063 his
2117 3999 2205 4068 qui
2235 3999 2291 4053 in
2316 3999 2434 4068 lege
2476 4007 2623 4066 sunt,
2677 3998 2933 4069 loquitur,
2977 4007 3033 4055 et
3057 4014 3175 4070 quae
3196 4001 3548 4073 Evangelium

1982 4087 2064 4141 vel
2088 4089 2373 4159 Apostolus
2413 4089 2672 4159 loquitur,
2711 4106 2810 4147 nec
2858 4090 3190 4163 principibus
3214 4093 3414 4159 saeculi,
3447 4109 3548 4150 nec

1984 4178 2228 4250 regibus,
2264 4179 2358 4235 sed
2406 4179 2757 4237 ecclesiarum
2809 4180 3111 4237 rectoribus
3138 4190 3194 4236 et
3218 4183 3551 4255 principibus

1982 4269 2231 4339 loquitur,
2271 4271 2357 4326 his
2379 4271 2632 4327 videlicet
2684 4271 2775 4341 qui
2820 4270 3065 4341 judieant
3094 4286 3207 4341 eos,
3262 4274 3353 4344 qui
3405 4276 3554 4332 intus

1981 4366 2128 4422 sunt,
2153 4357 2208 4412 id
2230 4357 2336 4423 est,
2362 4358 2648 4429 episcopis,
2673 4357 2755 4414 vel
2778 4359 3105 4431 presbyteris
3129 4368 3186 4415 et
3205 4360 3547 4431 diaconibus,

309 4435 424 4490 sive
447 4435 499 4490 in
523 4437 681 4503 malo,
721 4438 934 4493 animus
964 4455 1085 4494 cum
1111 4456 1274 4510 opere
1309 4445 1633 4509 concordat;
1669 4454 1724 4501 et
1750 4447 1877 4517 quia
1904 4486 1956 4546 Β
1982 4450 2068 4505 his
2101 4464 2229 4520 ergo
2280 4450 2430 4516 dicit,
2474 4467 2542 4507 ne
2584 4451 2974 4509 existimentse
3013 4451 3246 4525 etlegere
3285 4453 3549 4524 judicium

308 4527 473 4582 corda
507 4529 782 4583 hominum
810 4545 967 4585 nosse
1003 4532 1170 4587 solius
1198 4532 1290 4588 Dei
1313 4541 1416 4602 est,
1458 4543 1514 4590 et
1555 4536 1753 4591 mentis
1796 4551 1880 4592 se—
1904 4527 1954 4546 "
1985 4542 2099 4607 Dei,
2125 4542 2170 4597 si
2199 4556 2262 4597 ea
2283 4543 2621 4599 committant
2640 4543 2767 4615 ipsi,
2788 4543 2855 4600 de
2897 4544 3091 4614 quibus
3136 4543 3269 4600 alios
3302 4542 3551 4613 judicent

307 4623 457 4670 creta
486 4616 818 4687 dignoscere,
864 4617 1063 4674 idcirco
1102 4619 1215 4690 ipse
1245 4621 1392 4677 solus
1415 4632 1517 4688 est,
1566 4624 1655 4693 qui
1682 4638 1874 4679 secun-

307 4706 437 4760 dum
461 4705 743 4761 veritatem
766 4716 946 4777 potest
973 4710 1175 4764 habere
1204 4710 1485 4782 judicium.
1539 4713 1647 4768 Sed
1696 4715 1877 4785 requi-

310 4796 469 4860 ritur,
497 4796 543 4850 si
572 4812 698 4866 erga
730 4813 847 4864 eos,
883 4814 1115 4869 quorum
1142 4800 1383 4858 remissa:
1411 4812 1534 4858 sunt
1558 4804 1875 4875 iniquitates

306 4899 407 4953 per
453 4885 701 4955 baptismi
748 4889 997 4959 gratiam,
1034 4889 1119 4944 vel
1163 4906 1391 4961 quorum
1429 4900 1565 4949 tecta
1592 4903 1719 4950 sunt
1743 4910 1872 4966 pec-

304 4985 427 5030 cata
457 4990 556 5046 per
577 4978 971 5045 ptenitentiam,
1022 4980 1108 5035 vel
1148 4982 1341 5050 quibus
1369 4982 1741 5053 imputandum
1770 5002 1875 5043 non

304 5076 391 5121 est
417 5078 697 5137 peccatum
724 5086 822 5140 per
852 5073 1095 5149 martyrii
1135 5074 1377 5143 gloriam,
1404 5075 1700 5131 secundum
1729 5079 1876 5133 veri—

306 5165 473 5211 tatem
489 5159 733 5215 videatur
752 5161 1123 5219 Deusservare
1142 5161 1426 5231 judicium.
1448 5166 1662 5222 Veritas
1679 5169 1876 5238 quippe

295 5245 487 5315 judicii
533 5248 635 5304 hoc
661 5249 916 5319 postulat,
956 5260 1016 5305 ut
1048 5252 1225 5308 malus
1254 5253 1423 5320 mala,
1455 5262 1513 5309 et
1536 5255 1715 5312 bonus
1738 5257 1878 5313 reci-

303 5339 419 5409 piat
438 5340 601 5407 bona,
628 5350 683 5396 et
702 5343 948 5411 quamvis
970 5343 1107 5400 dona
1129 5353 1183 5399 et
1204 5344 1417 5417 largitio
1428 5347 1523 5402 Dei
1535 5362 1873 5420 nequaquam

302 5430 674 5488 curiositatem
702 5435 1041 5491 discutientis
1070 5436 1388 5506 admittant,
1421 5447 1600 5494 tamen
1627 5442 1792 5497 etiam
1817 5442 1874 5496 in

304 5520 431 5587 hoc,
482 5532 687 5593 quanta
731 5527 802 5581 sit
842 5525 1031 5594 judicii
1065 5527 1184 5598 ejus
1227 5515 1448 5595 veritas,
1500 5532 1869 5590 ostendamus.

303 5613 619 5670 Communis
642 5614 905 5686 professio
935 5626 1020 5673 est
1046 5619 1243 5673 bonum
1286 5635 1391 5675 non
1439 5620 1635 5677 debere
1671 5622 1872 5690 puniri,

306 5721 397 5761 nec
438 5706 637 5763 malum
681 5712 935 5780 consequi
977 5712 1138 5767 bona.
1183 5712 1238 5769 Si
1278 5714 1401 5784 quis
1442 5728 1572 5786 ergo
1597 5715 1693 5783 sit,
1725 5718 1872 5772 verbi

1981 4640 2032 4688 et
2061 4633 2460 4688 condemnant:
2492 4640 2550 4690 et
2592 4633 2715 4692 ideo
2760 4642 2972 4705 oportet
3016 4626 3450 4706 unumquemque
3478 4635 3547 4690 do

1981 4738 2076 4777 sua
2106 4722 2257 4793 prius
2287 4724 2616 4780 conscientia
2658 4722 2923 4794 judicare,
2972 4733 3029 4780 et
3055 4733 3183 4781 tunc
3218 4723 3356 4794 ejus,
3385 4740 3546 4795 quem

1971 4811 2201 4883 judicat,
2227 4822 2379 4884 gesta
2402 4814 2690 4872 discutere.
2720 4814 2872 4883 Quod
2906 4815 2954 4870 si
2987 4814 3164 4880 fieret,
3195 4816 3373 4871 omnis
3394 4814 3548 4885 peni-

1982 4910 2070 4957 tus
2092 4901 2323 4957 adeundi
2376 4903 2596 4958 honoris
2627 4902 2979 4959 ecclesiastici
3008 4901 3413 4957 abscinderetur
3435 4915 3547 4954 am-

1981 4991 2137 5056 bitio,
2178 4992 2224 5047 si
2254 5007 2313 5049 se
2353 4992 2674 5063 iudicandos
2700 4994 2902 5063 potius,
2930 5006 3090 5062 quam
3127 4992 3461 5061 iudicaturos
3487 4990 3543 5045 hi

1981 5082 2073 5151 qui
2100 5070 2339 5151 praeesse.
2378 5082 2566 5139 volunt
2609 5082 2841 5153 populis,
2881 5083 3192 5153 cogitarent.
3222 5080 3388 5136 Nemo
3414 5094 3546 5151 ergo

1982 5177 2255 5233 existimet
2277 5177 2420 5246 quod
2464 5176 2699 5247 effugere
2742 5176 2915 5246 possit
2952 5175 3210 5245 judicium
3258 5174 3373 5240 Dei,
3405 5174 3548 5233 sicut

1982 5264 2251 5335 Propheta
2302 5265 2419 5319 ait:
2453 5263 2570 5331 Quo
2608 5266 2745 5319 iboa
2770 5264 2955 5335 spiritu
2996 5276 3109 5331 tuo,
3153 5274 3200 5319 et
3223 5281 3255 5317 a
3277 5263 3416 5334 facie
3451 5272 3546 5319 tua

1978 5371 2081 5427 quo
2128 5355 2376 5426 fugiam?
2405 5353 2577 5427 (Psat.
2624 5355 2912 5426 cxxxvm.)
2946 5355 3013 5410 Et
3057 5355 3182 5424 quia
3211 5355 3329 5411 haec
3356 5354 3426 5410 ad
3448 5367 3546 5411 eos

1979 5446 2213 5501 maxime
2239 5446 2507 5509 dicuntur,
2550 5446 2641 5516 qui
2668 5455 2926 5516 praesunt,
2961 5454 3017 5501 et
3067 5454 3192 5502 sunt
3210 5444 3422 5517 iudices
3448 5459 3546 5517 po-

1978 5534 2245 5606 pulorum,
2280 5535 2481 5590 idcirco
2523 5545 2578 5590 et
2626 5535 2754 5590 alibi
2795 5535 2946 5601 dicit,
2983 5535 3108 5606 quia
3152 5537 3218 5589 de
3250 5535 3405 5590 domo
3446 5533 3543 5590 Dei

1978 5627 2187 5696 incipiet
2201 5626 2463 5697 judicium
2488 5624 2539 5697 (1
2565 5625 2710 5680 Petr.
2741 5625 2849 5697 tv);
2878 5634 2934 5681 et
2961 5626 3090 5681 item
3120 5623 3248 5680 alibi
3282 5624 3541 5680 Dominus

1980 5716 2153 5772 dicit:
2188 5716 2253 5771 In
2294 5717 2372 5770 his
2422 5718 2509 5785 qui
2563 5719 2927 5788 approximaut
2978 5717 3127 5782 mihi,
3179 5717 3542 5786 sanctiﬁcabor
