3998 6202
381 373 406 428 Ι
416 369 518 429 307

1010 366 1072 422 Β.
1114 363 1366 420 RABANI
1398 362 1617 420 MAURl
1655 361 1974 418 ARCUIEP.
2017 358 2326 418 MOC‘U‘NT.
2367 359 2648 418 OPElt-‘JM
2687 359 2865 415 PARS
2901 357 2984 414 lli.

3485 359 3622 414 1308

381 479 525 552 (Leu.
565 477 644 548 κ),
676 476 814 533 sicut
841 475 894 530 in
933 473 1118 529 Nadab
1147 482 1204 528 et
1248 473 1385 528 Abiu
1436 481 1643 544 gestum
1697 481 1800 536 est,
1828 487 1948 528 cum
1977 482 2026 538 Α
2055 473 2194 528 idem
2227 471 2351 526 alibi
2381 487 2476 527 cor
2501 487 2741 526 crassum
2789 469 3109 541 appellatur,
3146 469 3282 525 sicut
3311 485 3434 524 eum
3463 470 3624 536 dicit,

383 571 618 626 alienum
647 569 848 641 ignem,
872 566 924 621 id
952 576 1052 629 est,
1086 580 1193 619 non
1221 579 1436 620 sacrum
1468 563 1664 619 divinis
1691 563 1954 618 altaribus

381 659 725 716 obtulerunt:
754 657 940 725 incipit
965 670 1093 726 ergo
1123 654 1384 724 judicium
1421 669 1450 706 a
1485 652 1608 708 filiis
1645 654 1826 724 prius;
1861 652 1956 708 ila-

383 748 546 822 gellat
569 749 710 803 enim
745 748 884 800 Deus
909 759 1142 809 omnem,
1179 759 1339 812 quem
1368 743 1420 797 in
1454 757 1734 797 numerum
1765 741 1957 813 recipit

386 840 617 894 ﬁliorum
651 837 836 909 (Hebr.
871 835 969 906 xx).

357 923 375 930 ’
455 929 536 982 An
563 929 768 984 divitias
817 926 1058 980 bonitatis
1085 925 1219 995 ejus,
1244 934 1292 978 et
1318 923 1602 994 patientiae,
1645 932 1692 978 et
1721 922 1959 994 longani-

384 1019 580 1072 mitatis
631 1016 960 1072 contemnis?
985 1016 1193 1085 ignoras
1233 1015 1479 1085 quoniam
1526 1013 1728 1068 bonitas
1767 1012 1864 1066 Dei
1889 1013 1958 1066 ad

383 1107 734 1176 paenitentiam
765 1115 814 1158 te
863 1103 1126 1158 adducit?
1156 1102 1388 1174 (Aulim)
1430 1101 1557 1157 Haec
1595 1102 1729 1156 dicit
1763 1109 1823 1156 ut
1853 1117 1958 1156 non

381 1197 492 1268 jam
515 1211 574 1252 se
599 1204 748 1267 putet
793 1195 1050 1258 evasisse,
1081 1193 1124 1248 si
1171 1193 1320 1247 illum
1351 1193 1562 1248 bonitas
1609 1192 1705 1248 Dei
1735 1193 1962 1263 patitur

386 1288 477 1342 diu
501 1294 838 1356 peccantem,
871 1299 972 1339 nec
1008 1283 1318 1354 patientiam
1380 1283 1498 1352 ejus
1529 1289 1680 1352 putet
1722 1293 1960 1338 contem-

387 1377 638 1439 nendam,
670 1374 826 1445 quasi
882 1387 990 1428 non
1025 1380 1303 1428 curantem
1335 1386 1421 1426 res
1449 1371 1732 1426 humanas.
1763 1371 1962 1427 Intelli-

388 1475 480 1536 gat
507 1472 686 1520 autem
716 1463 836 1516 ideo
861 1476 891 1515 a
921 1475 979 1516 se
1033 1459 1376 1524 dissimulari,
1431 1460 1556 1530 quia
1612 1476 1718 1514 non
1768 1461 1823 1516 in
1855 1463 1959 1517 hac

386 1557 497 1610 vita
515 1553 776 1624 judicium
800 1553 892 1608 Dei
916 1551 1238 1624 promissum
1266 1559 1349 1606 est
1383 1549 1644 1617 futurum,
1669 1559 1730 1606 ut
1755 1551 1809 1606 in
1831 1567 1961 1607 ven-

389 1656 510 1701 tura
534 1647 643 1700 vita
686 1645 945 1716 pceniteat
995 1642 1146 1698 illum
1174 1642 1408 1712 judicent
1443 1643 1612 1697 Deum
1648 1657 1754 1698 non
1785 1643 1960 1698 credi-

389 1738 575 1805 disse;
609 1737 661 1792 in
684 1751 842 1806 pteua
867 1735 1010 1792 enim
1059 1735 1266 1806 positus
1313 1735 1430 1790 sine
1485 1733 1662 1790 fructu
1694 1734 1960 1804 poeniten-

391 1829 482 1883 tiae
518 1827 818 1898 paenitebit,
843 1827 968 1898 quia
1006 1842 1109 1880 non
1140 1823 1647 1893 crediditjudieium
1673 1826 1790 1890 Dei,
1816 1825 1957 1896 quod

391 1917 538 1972 videt
585 1930 772 1970 verum
798 1933 812 1980 ;
867 1930 1082 1970 necesse
1111 1921 1192 1970 est
1220 1915 1389 1980 enim,
1421 1923 1480 1968 ut
1507 1915 1685 1970 aerius
1711 1915 1963 1970 emende-

394 2016 504 2076 tur,
533 2009 640 2064 imo
665 2009 840 2078 pcenis
863 2008 1186 2079 perennibus
1208 2015 1542 2078 torqueatur,
1563 2023 1725 2078 quem
1755 2007 1964 2078 patien-

396 2101 483 2156 tiae
512 2101 892 2172 longanimitas
920 2116 1028 2156 non
1051 2102 1374 2156 emendavit.
1410 2101 1764 2158 Severissime
1793 2103 1964 2174 loqui-

393 2198 506 2257 tur,
539 2191 718 2246 sciens
765 2190 1055 2260 malignam
1110 2199 1344 2246 mentem
1381 2207 1487 2246 non
1533 2207 1712 2262 posse,
1760 2193 1865 2248 nisi
1895 2195 1964 2250 ti-

397 2298 548 2337 more
585 2298 614 2335 a
645 2282 792 2338 vitiis
839 2281 994 2337 facile
1023 2283 1286 2338 revocari.
1327 2281 1524 2356 (θήρ.)
1563 2285 1786 2340 Divitias
1813 2287 1964 2342 boni-

397 2373 524 2428 tatis
573 2373 668 2428 Dei
732 2372 819 2430 ille
875 2387 1170 2442 agnoscere
1229 2382 1406 2444 potest
1433 2415 1450 2437 ,
1504 2375 1595 2444 qui
1659 2376 1966 2431 considerat

393 2471 595 2532 quanta
626 2461 679 2516 in
709 2462 871 2517 terris
922 2462 1062 2516 mala
1090 2463 1329 2532 quotidie
1385 2465 1632 2519 homines
1672 2474 1883 2534 gerunt,
1910 2474 1966 2520 et

394 2554 662 2621 quomodo
689 2567 824 2622 pene
871 2567 1060 2608 omnes
1095 2554 1442 2621 declinantes,
1487 2565 1541 2610 et
1565 2555 1723 2611 simul
1751 2556 1966 2613 inutiles

397 2642 526 2696 facti
561 2641 732 2712 (Psat.
757 2641 1073 2714 xm),latam
1101 2653 1155 2698 et
1181 2645 1474 2714 spatiosam
1511 2646 1831 2716 perditionis
1857 2661 1968 2701 am-

397 2734 585 2790 bulant
609 2734 774 2802 viam,
827 2745 1054 2808 angusto
1081 2737 1206 2793 vita:
1259 2738 1450 2794 itinere
1487 2739 1748 2810 neglecto.
1795 2739 1864 2794 Et
1889 2748 1967 2794 ta-

395 2840 520 2884 men
549 2827 634 2884 bis
663 2827 912 2882 omnibus
939 2827 1107 2882 Deum
1161 2827 1547 2897 protlucentem
1605 2829 1772 2884 solem
1810 2845 1963 2884 suum

400 2919 660 2990 quotidie,
687 2928 743 2974 et
761 2918 968 2990 pluvias
994 2919 1386 2974 ministrantem
1415 2919 1460 2974 si
1489 2919 1581 2990 qui
1603 2919 1963 2986 considerant,

401 3012 590 3082 quanti
616 3011 852 3080 quotidie
877 3012 930 3066 in
963 3011 1246 3066 Dominum
1278 3011 1672 3082 blasphemant,
1699 3019 1755 3068 et
1781 3011 1834 3066 in
1852 3025 1967 3069 cm-

397 3101 506 3156 lum
539 3102 834 3158 extendunt
857 3102 1066 3173 linguas
1088 3101 1251 3158 suas?
1275 3100 1394 3180 iam
1419 3101 1546 3172 quid
1573 3101 1642 3158 de
1664 3099 1960 3168 fraudibus,

400 3191 466 3245 de
494 3190 721 3254 divitiis,
750 3190 816 3245 de
839 3189 1062 3255 scelere,
1098 3190 1164 3244 de
1187 3190 1503 3262 sacrilegiis,
1553 3199 1610 3246 et
1631 3191 1854 3260 piaculis
1879 3191 1963 3246 di-

398 3280 560 3334 cam?
609 3278 804 3348 quibus
852 3286 1032 3336 tamen
1081 3278 1333 3333 omnibus
1375 3279 1429 3332 in
1468 3279 1573 3335 hoc
1621 3278 1740 3334 loco
1785 3279 1858 3332 illi
1887 3279 1968 3334 vi—

399 3369 594 3424 dentur
626 3368 679 3422 in
709 3367 913 3423 scelere
943 3366 1205 3436 praeferri,
1235 3367 1328 3437 qui
1359 3365 1494 3422 alios
1533 3366 1836 3435 iudicantes
1865 3368 1965 3438 ipsi

375 3458 762 3528 ,committunt,
816 3472 936 3526 quae
965 3457 1018 3512 in
1053 3457 1265 3512 caeteris
1308 3458 1536 3528 puniunt
1572 3475 1586 3513 :
1617 3459 1664 3514 si
1693 3459 1814 3530 quis
1841 3474 1968 3530 ergo

401 3548 541 3602 hanc
571 3547 866 3603 bonitatem
895 3547 1008 3613 Dei,
1039 3557 1095 3602 et
1117 3548 1562 3605 sustentationem
1611 3548 1692 3621 (ut
1721 3551 1966 3622 qnmdam

402 3638 730 3710 exemplaria
773 3637 994 3710 habent)
1028 3647 1084 3694 et
1109 3639 1424 3710 patientiam
1475 3643 1788 3708 contemnit,
1820 3643 1968 3714 igno-

403 3737 488 3782 rat
538 3729 680 3798 quod
739 3743 837 3798 per
886 3727 1001 3783 hmo
1053 3727 1119 3782 ad
1181 3728 1550 3798 paenitentiam
1600 3741 1964 3800 provocatur;

405 3820 724 3874 sustentatio
767 3832 897 3875 vero
937 3835 968 3874 a
1007 3819 1262 3890 patientia
1310 3821 1414 3876 hoc
1459 3821 1672 3876 videtur
1726 3822 1966 3891 diil'erre,

401 3911 544 3982 quod
593 3911 685 3982 qui
731 3910 1043 3967 inﬁrmitate
1076 3911 1244 3983 magis
1293 3927 1452 3982 quam
1488 3914 1764 3984 proposito
1792 3915 1962 3971 delin-

403 4009 598 4070 quunt;
627 4001 916 4056 sustentari
945 4002 1215 4066 dicuntur,
1243 4003 1334 4072 qui
1361 4017 1487 4058 vero
1507 4005 1766 4074 pertinaci
1792 4015 1960 4061 mentt

401 4088 551 4144 velut
599 4089 861 4144 insultant
910 4091 964 4144 in
1017 4091 1226 4152 delictis
1275 4081 1406 4156 suis,
1445 4091 1574 4147 ferri
1598 4094 1867 4164 patienter
1888 4095 1968 4150 di-

406 4176 562 4232 cendi
602 4185 758 4240 sunt;
793 4179 886 4233 sed
915 4179 1054 4233 sicut
1079 4179 1258 4234 omnia
1287 4179 1342 4233 in
1368 4195 1618 4236 mensura
1668 4181 1796 4238 fecit
1826 4183 1967 4240 Deus

399 4277 454 4320 et
481 4267 713 4336 pondere
738 4276 793 4323 et
828 4283 1052 4324 numero
1085 4267 1238 4338 (δίῳ.
1273 4269 1374 4341 xt),
1404 4271 1476 4325 ita
1507 4271 1669 4326 etiam
1698 4273 1969 4343 patientia:

398 4358 516 4427 ejus
547 4367 696 4414 certa
742 4372 990 4414 mensura
1038 4368 1138 4423 est,
1191 4375 1352 4430 quam
1401 4375 1708 4416 mensuram
1738 4364 1960 4420 creden-

401 4449 528 4504 dum
554 4460 637 4504 est
684 4463 806 4505 esse
835 4459 1260 4506 consummatam
1291 4451 1374 4506 vel
1428 4451 1498 4506 ab
1537 4452 1621 4508 his
1649 4454 1739 4523 qui
1768 4453 1968 4510 diluvio

401 4541 680 4610 perierunt
705 4538 856 4610 (Gen.
880 4540 1000 4614 vn),
1031 4541 1116 4598 vel
1144 4543 1212 4598 ab
1257 4543 1341 4599 his
1365 4543 1454 4614 qui
1495 4543 1549 4600 in
1585 4542 1833 4601 Sodomis
1858 4561 1968 4602 ete-

401 4628 522 4683 lcsti
549 4630 671 4698 igne
690 4631 882 4686 vastati
913 4641 1036 4687 sunt
1069 4629 1220 4697 (Gen.
1257 4635 1394 4704 xxx).
1427 4634 1580 4691 Unde
1607 4645 1662 4690 et
1683 4637 1748 4691 de
1772 4636 1967 4692 Amor-

402 4718 564 4774 rlueis
606 4719 844 4774 dicitur:
877 4719 1126 4775 Nondum
1172 4722 1307 4777 enim
1360 4724 1550 4796 repleta
1584 4734 1707 4779 sunt
1755 4737 1966 4796 peccata

403 4811 826 4866 Amorrhworum
853 4828 1012 4882 usque
1042 4829 1179 4868 nunc
1207 4811 1356 4883 (Gen.
1380 4813 1490 4886 xv).
1517 4816 1648 4870 Fert
1669 4831 1798 4887 ergo
1825 4817 1966 4872 Deus

398 4900 686 4972 patienter,
713 4909 772 4956 et
795 4909 1073 4972 exspectat
1105 4903 1521 4974 uniuscujusque
1565 4905 1964 4976 paenitentiam.

399 4988 496 5044 sed
522 5003 628 5044 non
655 5005 753 5046 vos
799 4989 1056 5046 dissolvat
1081 4990 1201 5054 hoc,
1257 5001 1312 5047 et
1343 4993 1526 5048 tardos
1553 4993 1618 5048 ad
1650 4995 1965 5050 conversio.

399 5095 524 5136 nem
547 5081 728 5148 faciat,
763 5083 887 5154 quia
935 5098 1122 5138 rursus
1151 5083 1422 5154 patientia:
1455 5085 1571 5154 ejus
1608 5093 1668 5142 et
1693 5094 1964 5142 sustenta..-

401 5169 564 5224 tionis
591 5177 737 5226 certa
770 5187 1018 5228 mensura
1046 5182 1147 5229 est.

473 5259 772 5318 Secundum
807 5263 1058 5319 duritiam
1104 5274 1276 5320 autem
1317 5273 1482 5328 tuam,
1540 5274 1589 5320 et
1645 5267 1966 5338 impaenitens

401 5364 512 5413 cor,
535 5349 858 5410 thesauris“
877 5352 969 5406 tibi
996 5354 1130 5408 iram
1152 5354 1204 5408 in
1229 5355 1312 5408 die
1335 5354 1429 5408 irte
1447 5364 1495 5410 et
1519 5357 1847 5414 reuelationis
1867 5357 1965 5426 ju-

401 5437 470 5490 sti
487 5437 678 5508 judicii
707 5440 827 5506 Dei,
855 5441 945 5514 qui
968 5441 1144 5496 reddet
1181 5443 1460 5514 unicuique
1495 5441 1782 5498 secundum
1811 5459 1966 5514 opera

403 5541 522 5580 sua.
574 5527 682 5586 Cor
717 5531 907 5586 durum
960 5531 1013 5586 in
1051 5531 1345 5602 Scripturis
1399 5533 1503 5588 dici
1558 5535 1794 5598 videtur,
1844 5548 1965 5588 cum

405 5625 557 5668 mens
600 5615 833 5672 humana
862 5618 1006 5673 velut
1053 5634 1175 5675 cera
1203 5635 1234 5674 a
1275 5619 1472 5690 frigore
1517 5619 1820 5691 iniquitatis
1865 5619 1965 5674 ob-

404 5704 598 5776 stricta
628 5707 960 5778 signaculum
988 5709 1234 5781 imaginis
1261 5711 1454 5768 divinae
1479 5727 1585 5767 non
1609 5711 1823 5781 'rceipit.
1854 5709 1967 5766 Hoc

1993 4497 2045 4554 Ι)

2049 562 2408 618 Incrassatmn
2440 574 2514 618 est
2563 581 2654 618 cor
2697 561 2876 634 populi
2903 563 3062 632 hujus
3090 560 3304 634 (Matth.
3344 577 3475 626 xm;
3504 561 3621 616 Art.

2051 653 2284 722 xxviii);
2337 655 2667 710 contrarium
2719 669 2846 708 vero
2889 660 2972 708 est
3017 651 3153 707 duro
3183 652 3363 718 melle,
3398 653 3541 722 quod
3568 654 3626 707 in

2054 742 2347 812 Scripturis
2383 760 2474 797 cor
2502 760 2748 798 corneum
2777 743 3119 806 nominatur,
3159 751 3213 796 et
3247 759 3452 808 crasso,
3493 744 3623 798 sub—

2055 835 2146 889 tile
2189 834 2275 901 vel
2303 843 2483 901 tenue,
2513 835 2656 904 quod
2683 833 2964 902 Apostolus
3001 833 3299 902 spiritalem
3353 834 3624 888 hominem

2054 933 2210 978 vocat
2237 939 2380 989 etun,
2410 924 2499 993 qui
2553 923 2830 978 examinat
2873 923 3073 976 omnia.
3127 921 3296 992 Igitur
3335 939 3455 976 cum
3505 923 3626 992 quis

2055 1018 2158 1071 scit
2205 1034 2324 1087 qum
2353 1017 2488 1071 bona
2517 1025 2662 1081 sunt,
2703 1025 2758 1072 et
2787 1031 2891 1071 non
2921 1017 3030 1086 agit
3057 1016 3215 1080 bona,
3250 1030 3347 1085 per
3373 1015 3630 1070 duritiam

2057 1105 2235 1160 coriis
2282 1112 2644 1176 contemptum
2690 1106 2954 1158 bonorum
2984 1105 3222 1158 omnium
3277 1102 3477 1158 habere
3503 1119 3632 1159 cre-

2057 1196 2263 1250 dendus
2286 1205 2396 1261 est;
2425 1195 2724 1252 crassitudo
2747 1210 2877 1250 vero
2905 1194 3082 1249 cordis
3109 1192 3227 1262 ejus
3249 1203 3351 1258 est,
3383 1193 3475 1248 ubi
3505 1195 3633 1250 sub-

2059 1285 2168 1340 tilis
2196 1292 2252 1340 et
2287 1284 2544 1356 spiritalis
2573 1284 2936 1356 intelligentiae
2971 1299 3077 1338 non
3114 1284 3378 1354 recipitur
3411 1301 3631 1349 sensus,

2058 1383 2113 1446 et
2137 1375 2210 1428 ita
2252 1389 2346 1429 cor
2384 1374 2725 1444 imposnitens
2751 1373 2998 1428 ell'ectum
3035 1373 3363 1428 tbesaurizat
3393 1375 3496 1429 sibi
3529 1375 3632 1446 ipsi

2060 1440 2194 1522 it‘am
2231 1466 2285 1522 in
2317 1467 2406 1522 die
2443 1440 2540 1520 ira:
2590 1473 2646 1520 et
2704 1464 3044 1520 revelationis
3092 1465 3224 1534 justi
3260 1463 3450 1535 iudicii
3510 1440 3628 1532 Dei,

2059 1560 2184 1614 dum
2213 1560 2411 1615 bonum
2441 1574 2574 1628 opus
2602 1573 2704 1613 non
2739 1557 2918 1629 agitur
2965 1573 3062 1626 per
3108 1557 3384 1620 duritiam,
3416 1557 3635 1612 intelle—

2059 1657 2178 1704 ctus
2200 1663 2330 1704 vero
2352 1650 2524 1705 bonus
2545 1663 2642 1718 per
2668 1647 3076 1704 crassitudinem
3097 1647 3276 1702 cordis
3303 1647 3630 1703 excluditur.

2059 1741 2310 1808 Pensate,
2343 1741 2540 1796 fratres
2581 1739 2906 1803 cbarissimi,
2953 1739 3079 1807 quia
3107 1739 3371 1795 conclusit
3397 1739 3494 1795 Dei
3521 1741 3636 1808 pic~

1992 1823 2036 1884 Β
2064 1841 2148 1887 tas
2175 1831 2426 1888 duritiam
2449 1839 2710 1894 nostram,
2741 1845 2847 1885 non
2872 1837 2954 1884 est
2975 1827 3088 1897 jam
3118 1829 3244 1899 quid
3276 1831 3439 1884 homo
3470 1845 3637 1883 excu-

2061 1919 2285 1978 sationis
2313 1919 2568 1982 inveniat,
2619 1920 2757 1974 Deus
2787 1918 3098 1988 despicitur,
3149 1928 3454 1988 exspectat,
3505 1933 3636 1972 con-

2063 2013 2226 2068 temni
2277 2025 2334 2068 se
2359 2012 2524 2076 videt,
2561 2019 2617 2066 et
2665 2017 2902 2075 revocat,
2935 2008 3182 2079 injuriam
3216 2009 3282 2066 de
3319 2019 3636 2082 contemptu

2061 2119 2160 2158 suo
2216 2103 2462 2172 suscipit,
2513 2109 2568 2156 et
2619 2109 2800 2156 tamen
2856 2101 3176 2172 quandoque
3235 2101 3640 2155 revertentibus

2060 2192 2280 2262 prtemia
2308 2191 2589 2262 promittit.
2621 2190 2729 2246 Sed
2756 2206 2913 2246 nemo
2942 2189 3082 2246 hanc
3106 2190 3222 2258 ejus
3253 2189 3638 2262 Ιοιιεωιίιιιὶιδσ

2064 2287 2170 2334 tem
2203 2282 2452 2351 negligat,
2487 2281 2612 2351 quia
2661 2287 2810 2335 tanto
2866 2279 3245 2336 districtiorem
3275 2275 3546 2349 justitiam
3581 2282 3636 2336 in

2057 2371 2260 2442 judicio
2288 2373 2479 2436 exerit,
2503 2379 2706 2441 quanto
2727 2371 3021 2442 longiorem
3049 2371 3365 2441 patientiam
3397 2383 3528 2426 ante
3549 2371 3637 2439 ju-

2062 2460 2261 2515 dicium
2281 2460 2618 2531 prterogavit.
2637 2459 2734 2515 llic
2757 2459 2954 2515 etenim
2975 2458 3172 2514 Paulus
3194 2459 3354 2514 dicit:
3374 2459 3456 2512 An
3487 2459 3638 2530 igno-

2064 2567 2173 2617 ras,
2203 2551 2328 2620 quia
2354 2551 2606 2622 patientia
2650 2551 2745 2605 Dei
2769 2551 2838 2604 ad
2863 2549 3214 2620 penitentiam
3236 2559 3285 2604 te
3304 2549 3550 2616 adducit,
3579 2553 3645 2605 tu‘

2063 2649 2237 2694 autem
2288 2641 2572 2695 secundum
2615 2641 2862 2696 duritiam
2893 2651 3059 2706 tuam,
3089 2653 3139 2697 et
3176 2661 3268 2698 cor
3309 2644 3636 2715 impaenitens

2063 2730 2387 2786 thesaurizas
2415 2731 2508 2785 tibi
2536 2733 2670 2786 iram
2716 2733 2772 2786 in
2819 2732 2902 2787 die
2928 2733 3022 2788 ira:
3066 2745 3116 2788 et
3147 2735 3482 2790 reuelationis
3497 2737 3638 2806 justi

2055 2819 2250 2890 judicii
2298 2813 2529 2876 DeiIDe
2557 2823 2886 2894 benignitate
2945 2839 3072 2894 ergo
3123 2825 3514 2896 omnipotentis
3541 2829 3634 2883 Dei

2065 2910 2202 2967 iram
2231 2910 2333 2966 sibi
2359 2911 2414 2965 in
2441 2911 2529 2967 die
2561 2911 2656 2967 ira:
2683 2913 2894 2983 reprobi
2925 2913 3312 2980 thesaurizant,
3339 2916 3471 2986 quia
3506 2917 3636 2972 dum

2065 3001 2132 3054 ad
2161 3001 2525 3069 pmnitendum
2567 3009 2776 3072 tempus
2827 3005 3109 3074 accipitur,
3141 3013 3198 3060 et
3247 3006 3315 3060 ad
3350 3021 3634 3076 peccatum

2066 3090 2372 3157 exhibetur,
2405 3091 2578 3162 ipsum
2611 3093 2904 3148 remedium
2933 3096 3122 3166 gratia:
3169 3097 3398 3152 vertitur
3425 3099 3479 3152 in
3508 3115 3639 3170 aug-

2069 3187 2307 3236 mentum
2335 3181 2524 3252 culpat,
2554 3181 2692 3238 unde
2718 3192 2774 3239 et
2805 3185 3144 3254 omnipotens
3180 3188 3340 3253 Deus,
3373 3191 3502 3258 quia
3529 3191 3647 3246 eol-

2066 3269 2173 3324 lata
2209 3271 2443 3326 remedia
2482 3272 2744 3342 conspicit
2764 3273 2830 3328 ad
2862 3275 3032 3344 culpae
3063 3287 3408 3346 augmentum
3449 3280 3634 3344 trahi,

2066 3359 2236 3430 ipsam
2265 3361 2646 3432 benignitatem
2669 3377 2830 3433 quam
2862 3365 3110 3430 contulit,
3150 3367 3206 3422 in
3229 3366 3416 3437 iudicii
3447 3369 3639 3425 distri-

2065 3451 2298 3506 ctionem
2347 3453 2529 3519 vertit,
2577 3463 2640 3508 ut
2670 3453 2794 3510 inde
2818 3455 3047 3524 amplius
3077 3455 3258 3524 feriat,
3289 3459 3436 3515 unde
3473 3461 3638 3516 modo

2065 3541 2292 3611 amplius
2332 3551 2628 3612 exspectat,
2660 3551 2714 3598 ct
2745 3545 2870 3616 quia
2922 3547 3085 3602 homo
3138 3535 3390 3605 deserere
3431 3551 3638 3606 malum

2066 3647 2172 3686 non
2192 3633 2325 3701 vult,
2351 3643 2410 3688 ut
2438 3636 2601 3702 vivat,
2647 3646 2842 3708 augeat
2889 3639 3029 3695 unde
3073 3643 3358 3698 moriatur.
3393 3643 3632 3700 Necesse

2064 3732 2150 3779 est
2175 3725 2320 3779 enim
2368 3727 2624 3782 severiori
2647 3741 2804 3798 poena
2842 3738 2898 3784 ut
2950 3731 3232 3800 plectatur,
3269 3733 3378 3788 imo
3403 3735 3640 3792 ﬂammis

2063 3815 2390 3885 perennibus
2412 3817 2745 3888 torqueatur,
2775 3819 2866 3888 qui
2899 3835 2996 3890 per
3038 3822 3251 3892 longam
3287 3823 3379 3879 Dei
3423 3827 3636 3896 patien-

2066 3905 2195 3960 tiam
2243 3922 2350 3962 non
2388 3908 2560 3964 solum
2614 3912 2902 3968 emendare
2932 3929 2990 3969 se
3033 3931 3140 3970 non
3170 3916 3306 3991 vult,
3335 3919 3431 3973 sed
3459 3920 3637 3975 adhuc

2054 3995 2266 4072 (iddens
2296 4000 2362 4054 ad
2381 4007 2748 4072 contemptum
2773 4011 3062 4075 exaggerat
3088 4015 3342 4076 peccata;
3376 4009 3520 4077 quod
3539 4025 3638 4065 au-

2068 4093 2175 4142 tem
2214 4087 2361 4153 dicit,
2411 4089 2734 4146 thesaurizas
2759 4091 2850 4146 tibi
2886 4095 3022 4148 iram
3099 4096 3154 4148 in
3202 4095 3288 4150 die
3336 4097 3452 4158 ira’,
3495 4098 3634 4152 iram

2067 4173 2161 4230 Dei
2190 4176 2386 4246 ubique
2419 4176 2676 4248 loquitur,
2731 4195 2828 4252 pro
2861 4181 3118 4249 vindicta,
3143 4183 3346 4238 idcirco
3375 4185 3472 4250 ait,
3498 4187 3635 4256 justi

2061 4263 2254 4335 judicii
2291 4265 2408 4320 Dei.
2447 4267 2750 4324 Notandum
2775 4278 2952 4325 autem
3007 4273 3133 4343 quia
3176 4275 3254 4327 ira
3288 4275 3383 4329 Dei
3415 4277 3637 4344 ponitur

2065 4361 2119 4409 et
2146 4355 2200 4408 in
2225 4353 2374 4412 Novo
2410 4354 2777 4424 Testamento,
2813 4361 2956 4430 quod
2999 4377 3120 4416 cum
3151 4363 3202 4417 in
3240 4361 3422 4418 Veteri
3451 4366 3638 4436 legunt

2069 4443 2332 4512 homines,
2385 4447 2477 4516 qui
2511 4449 2680 4506 veteri
2728 4449 2832 4521 legi
2883 4453 3260 4520 adversantur,
3313 4456 3636 4525 culpandam

2073 4546 2191 4587 eam
2233 4541 2438 4603 putant,
2474 4551 2596 4591 eum
2628 4538 2764 4594 Deus
2793 4538 2996 4608 utique,
3055 4541 3194 4596 sicut
3230 4558 3330 4597 nos
3357 4547 3638 4615 perturba-

2075 4619 2309 4677 tionibus
2329 4638 2434 4678 non
2463 4623 2758 4692 subjaceat,
2792 4627 3006 4684 dicente
3058 4627 3345 4686 Salomone
3375 4649 3390 4684 :
3435 4631 3516 4687 Tu
3542 4631 3640 4687 au-

2073 4721 2174 4766 tem
2222 4712 2476 4769 Dominus
2521 4716 2770 4770 virtutum
2829 4735 2946 4771 cum
2995 4719 3374 4790 tranquillitate
3420 4722 3636 4792 judicas

2071 4800 2222 4874 (Sep.
2253 4802 2374 4874 xu),
2411 4805 2503 4860 sed
2533 4804 2632 4870 ira,
2665 4815 2724 4862 ut
2755 4807 2954 4862 dictum
3004 4818 3108 4874 est,
3164 4809 3220 4863 in
3276 4811 3534 4866 vindicta:
3565 4815 3638 4868 si-

2070 4892 2414 4962 gniﬁcatione
2467 4897 2701 4964 ponitur.
2769 4895 3114 4954 Thesaurizas
3167 4901 3262 4954 tibi
3323 4901 3422 4972 ipsi
3477 4905 3633 4958 iram.

2067 4983 2264 5056 (0rig.)
2313 4984 2623 5042 Tbesaurus
2675 4990 2999 5060 appellatur,
3031 5008 3140 5062 quo
3183 4993 3378 5048 diversi
3423 4998 3638 5066 generis

2066 5088 2197 5150 opes
2249 5082 2306 5129 et
2352 5074 2551 5131 divitiae
2599 5088 3010 5150 congregantur.
3049 5079 3217 5150 Hujus
3261 5083 3314 5136 in
3343 5079 3638 5154 Scripturis

2066 5165 2478 5236 signiticantiam
2524 5168 2788 5237 triplicem
2843 5171 3186 5240 invenimus;
3247 5173 3444 5230 dicitur
3488 5177 3633 5229 enim

2069 5255 2120 5310 in
2173 5255 2458 5329 Evangelia
2509 5259 2794 5316 thesaurus
2860 5275 2980 5316 esse
3039 5263 3255 5332 quidam
3321 5265 3372 5318 in
3452 5267 3632 5328 terris,

2072 5345 2126 5399 in
2186 5359 2295 5414 quo
2340 5345 2588 5417 prohibet
2635 5349 2891 5404 Dominus
2940 5350 3328 5418 thesaurizari,
3379 5362 3435 5407 et
3493 5353 3632 5408 alius

2072 5435 2357 5490 thesaurus
2407 5435 2462 5491 in
2508 5437 2784 5502 ctelo,'in'
2823 5454 2931 5510 quo
2973 5439 3128 5511 jubet
3175 5440 3359 5496 fideles
3391 5457 3632 5512 quosque

2070 5540 2201 5594 opes
2225 5541 2350 5581 suas
2387 5527 2717 5594 recondere;
2765 5537 2821 5590 et
2869 5530 2960 5584 hic
3016 5546 3159 5586 nunc
3183 5530 3471 5602 Apostolus
3495 5522 3626 5586 dicit

2072 5619 2168 5674 irae
2221 5619 2504 5674 thesauros
2537 5634 2784 5676 romnes
2847 5635 2978 5691 ergo
3045 5623 3289 5678 homines
3353 5638 3454 5693 per
3512 5622 3628 5676 hare

2071 5725 2192 5780 qure
2259 5717 2426 5782 agunt
2480 5710 2532 5768 iu
2585 5710 2689 5766 hoc
2743 5713 2942 5768 mundo
2977 5753 2992 5778 ,
3052 5713 3105 5768 in
3163 5730 3273 5770 uno
3328 5714 3508 5786 aliquo
3557 5728 3622 5770 ex
