3998 6202
366 341 387 396 !
398 341 502 397 309

932 340 1483 400 ENARRATIONUM
1521 344 1591 399 IN
1629 346 1775 402 EPP.
1815 348 2018 405 PAULI
2058 352 2186 406 [ΑΒ.
2227 354 2265 407 l.
2310 386 2378 394 —
2416 349 2481 409 ΙΝ
2522 356 2738 412 EPiST.
2778 359 2870 414 AD
2908 358 3076 416 ROM.

3494 367 3629 425 ιειῡ

361 451 481 509 istis
509 450 686 506 tribus
712 458 1046 523 congregant
1085 452 1370 509 thesauros
1394 470 1408 519 ;
1442 463 1537 510 aut
1561 456 1705 511 enim
1749 458 1940 514 inﬁde—
1967 468 2015 526 Α
2041 462 2117 532 τ),
2148 465 2265 520 .lam
2299 483 2427 522 vero
2448 468 2493 523 si
2519 470 2683 524 etiam
2712 480 2865 526 extra
2887 487 3084 543 corpus
3112 475 3295 549 positi,
3324 478 3405 531 vel
3430 483 3626 548 sancti,

359 546 426 603 lis
452 557 534 601 est
562 547 705 616 quis,
733 558 787 602 et
821 548 1037 617 iniquus
1066 555 1119 602 et
1142 563 1240 617 per
1278 550 1533 627 duritiam
1565 551 1745 606 cordis
1767 560 1820 606 et
1845 567 1943 607 cor

358 637 704 707 impmnitens
742 639 794 692 in
840 638 1124 692 thesauros
1176 640 1269 694 ira:
1297 649 1451 695 actus
1480 656 1606 695 suos
1656 644 1937 709 recondit;

357 735 452 780 aut
503 736 751 779 terrenus
779 734 880 783 est.
914 734 967 778 et
1014 726 1080 780 de
1112 736 1256 780 terra
1294 728 1452 796 sapit,
1487 743 1550 783 ac
1575 730 1641 784 de
1683 738 1822 784 terra
1863 730 1941 784 lo-

355 818 556 888 quitur,
588 826 642 871 et
665 833 786 871 eum
842 818 891 871 ei
929 818 1173 872 attulerit
1202 834 1332 889 ager
1356 817 1563 874 fructus
1594 821 1807 887 uberes,
1841 822 1937 877 de-

353 909 512 964 struit
542 909 747 963 horrea“
770 924 884 971 sua,
928 920 984 962 et
1037 910 1240 977 nuijora
1279 910 1535 977 aediﬁcat,
1566 920 1621 965 et
1670 913 1939 968 thesauri—

354 1009 443 1057 zat
478 1001 529 1054 in
570 1008 735 1062 terra,
774 1008 829 1053 et
868 999 954 1054 ille
981 1001 1198 1069 quidem
1250 1003 1440 1069 durus,
1476 1003 1565 1059 hic
1591 1012 1768 1060 autem
1805 1007 1939 1061 stul-

354 1095 440 1144 tus
490 1088 814 1158 appellatur,
863 1088 1064 1143 dicitur
1101 1090 1247 1144 enim
1298 1092 1364 1147 ad
1411 1107 1534 1148 eum
1567 1113 1581 1148 :
1615 1092 1806 1162 Stulte,
1837 1096 1937 1151 hac

352 1190 500 1237 nocte
542 1189 769 1251 repetent
796 1180 890 1234 abs
932 1189 982 1234 te
1003 1183 1236 1236 animam
1280 1192 1446 1250 tuam,
1490 1195 1538 1239 et
1563 1203 1681 1257 quat
1709 1189 1934 1258 parasti,

348 1274 502 1345 cujus
523 1283 676 1329 erunt
701 1274 728 1327 7
751 1272 904 1345 (Luc.
927 1273 1050 1346 xu.)
1074 1275 1180 1329 Aut
1290 1276 1505 1346 sapiens
1535 1288 1639 1343 est,
1682 1279 1735 1333 in
1763 1280 1933 1335 Deum

345 1363 527 1427 dives,
562 1363 616 1417 in
658 1364 817 1419 terris
859 1363 1161 1431 ambulans,
1192 1367 1659 1423 conversationem
1687 1368 1850 1425 habet
1877 1370 1932 1425 in

346 1455 531 1521 caelis,
564 1466 728 1525 atque
751 1455 934 1510 omnia
960 1471 1081 1525 qute
1110 1457 1223 1528 agit
1244 1458 1402 1528 digna
1440 1467 1566 1514 sunt
1586 1475 1754 1533 regno
1774 1462 1934 1518 ccelo-

347 1562 485 1606 rum.
517 1556 571 1600 et
600 1545 701 1615 iste
731 1544 851 1600 talis
887 1546 1196 1601 divitiarum
1227 1562 1447 1603 suarum
1485 1551 1771 1607 thesauros
1796 1568 1931 1608 con-

345 1636 425 1691 dit
445 1636 497 1690 in
529 1634 701 1690 caelis.
739 1634 968 1707 (Arnim)
1017 1635 1143 1691 Dies
1170 1637 1264 1692 ira:
1290 1644 1374 1691 est
1397 1640 1792 1708 peccatoribus,
1821 1655 1930 1711 quo

345 1725 674 1797 punientur:
697 1725 816 1780 ideo
846 1726 977 1797 ipsis
1009 1735 1093 1781 est
1135 1727 1215 1781 ira
1238 1770 1254 1797 ,
1292 1728 1416 1798 quia
1442 1731 1683 1784 sentiunt
1711 1745 1928 1801 poenam

341 1816 510 1872 indie
539 1816 884 1872 revelationis
907 1816 1040 1886 justi
1056 1816 1249 1887 judicii
1276 1819 1739 1876 Dei:revelabitu'r
1761 1823 1924 1890 enim,

341 1910 398 1975 id
453 1919 554 1977 est,
595 1919 940 1984 agnoscetur,
980 1914 1127 1982 quod
1186 1913 1346 1969 modo
1396 1912 1634 1968 futurum
1676 1925 1925 1987 negatur,

341 2003 570 2074 ideoque
624 2020 747 2059 eum
796 2004 1121 2070 ostenditur,
1155 2005 1297 2074 quod
1336 2021 1441 2060 non
1494 2021 1615 2061 esse
1662 2007 1925 2075 creditur,

340 2093 645 2159 revelatur;
668 2094 754 2149 his
775 2095 918 2149 enim
941 2095 1247 2150 ostenditur
1284 2097 1375 2167 qui
1405 2105 1623 2168 negant,
1649 2101 1789 2169 quod
1806 2115 1925 2156 cre-

339 2183 593 2239 dentibus
642 2184 984 2239 manifcstum
1013 2195 1118 2251 est,
1158 2194 1214 2240 ut
1244 2187 1604 2243 conﬁteantur
1649 2191 1812 2245 etiam
1844 2190 1927 2245 in-

337 2274 434 2329 viti
459 2274 665 2343 justum
688 2274 952 2344 judicium
980 2277 1099 2343 Dei,
1125 2293 1247 2332 cum
1294 2280 1587 2349 unicuique
1616 2281 1806 2335 reddet
1835 2297 1924 2336 se-

336 2369 571 2423 cundum
620 2384 782 2439 Opera
800 2385 932 2427 sua.
985 2369 1237 2440 Nunquid
1290 2372 1432 2427 enim
1467 2388 1574 2427 non
1625 2372 1739 2429 haec
1786 2373 1926 2431 fate-

334 2458 539 2513 buntur
558 2458 700 2527 iuste
730 2460 867 2527 ﬁeri,
901 2478 1023 2517 cum
1056 2462 1287 2516 viderint
1331 2464 1468 2518 mala
1524 2464 1756 2521 invicem
1784 2466 1923 2522 facta

333 2547 563 2605 ulcisci?
581 2549 776 2623 (0rig.)
798 2552 1087 2615 Evidenter
1102 2555 1244 2608 enim
1264 2555 1316 2608 in
1335 2557 1619 2611 sententiis
1634 2560 1924 2628 propheta-

333 2654 456 2695 rum
478 2640 723 2707 diesirze,
747 2642 995 2697 vindictae
1008 2643 1123 2697 dies
1149 2653 1204 2699 et
1225 2645 1413 2715 judieii
1433 2647 1766 2720 designatur.
1795 2650 1922 2706 inde

334 2728 572 2800 denique
597 2731 663 2784 ad
690 2732 831 2786 diem
864 2733 957 2788 ira:
985 2734 1135 2789 addit
1156 2733 1468 2805 Apostolus,
1491 2747 1543 2792 et
1570 2738 1921 2807 reuelationis,

332 2818 417 2874 sic
431 2820 576 2873 enim
601 2820 750 2885 dicit,
767 2822 821 2891 in
847 2822 931 2876 die
944 2823 1038 2875 ira:
1052 2832 1102 2876 et
1117 2823 1441 2879 reuelationis
1447 2827 1580 2896 justi
1586 2828 1779 2898 judicii
1802 2829 1918 2885 Dei.

335 2908 647 2965 Revelanda
674 2928 908 2982 namque
934 2914 1115 2969 omnia
1143 2930 1265 2970 esse
1311 2916 1473 2978 etiam
1522 2917 1578 2972 in
1630 2919 1921 2992 Evangelio

332 3000 668 3072 designatur,
701 2994 827 3058 cum
872 3004 1110 3060 dicitur:
1149 3005 1302 3060 Nihil
1334 3007 1618 3075 occultum,
1650 3012 1792 3082 quod
1816 3029 1920 3067 non

330 3092 797 3162 manifestabitnr;
825 3111 916 3148 nec
945 3102 1200 3165 apertum,
1257 3097 1397 3166 quod
1444 3115 1547 3153 non
1603 3100 1918 3157 revelabitur

2041 556 2288 626 quicum
2335 556 2553 613 Christo
2590 568 2736 626 sunt,
2788 570 2955 632 agunt
3002 563 3227 635 aliquid,
3277 575 3330 621 et
3382 567 3629 633 laborant

2041 662 2138 717 pro
2166 647 2341 709 nobis.
2394 650 2462 703 ad
2491 650 2901 708 similitudinem
2927 655 3265 725 angelorum,
3300 659 3391 728 qui
3440 661 3628 718 salutis

2042 746 2243 792 nostra:
2271 738 2572 795 ministeria
2602 745 2918 812 procurant,
2958 745 3043 798 vel
3076 762 3288 803 rursum
3316 760 3627 818 peccatores

2041 829 2203 884 etiam
2230 829 2331 900 ipsi
2362 840 2516 886 extra
2546 848 2745 904 corpus
2792 836 2951 906 positi
2985 848 3151 917 agunt
3196 839 3400 911 aliquid
3426 858 3624 899 secun-

2040 919 2166 975 dum
2195 921 2532 992 propositum
2582 924 2780 979 mentis
2810 940 2938 990 sure,
2981 927 3047 981 ad
3075 929 3390 999 angelorum
3430 933 3625 989 nihilo—
3684 982 3697 994 .

2039 1014 2219 1067 minus
2248 1008 2655 1068 similitudinem
2702 1015 3065 1083 sinistrorum,
3106 1034 3229 1074 cum
3258 1022 3455 1090 quibus
3485 1032 3540 1078 et
3570 1025 3623 1081 in

2036 1112 2297 1159 aeternum
2327 1104 2507 1177 ignem
2535 1106 2779 1160 mittendi
2811 1106 3063 1165 dicuntur
3087 1126 3119 1167 a
3143 1112 3383 1179 Christo,
3416 1116 3619 1171 habea-

2037 1202 2126 1250 tur
2150 1196 2254 1252 hoc
2279 1212 2494 1269 quoque
2516 1199 2657 1253 inter
2680 1198 2888 1254 occulta
2916 1200 3033 1266 Dei,
3060 1218 3160 1257 nec
3190 1205 3447 1263 chartula:
3470 1224 3621 1263 rom-

2036 1287 2295 1342 mittenda
2312 1286 2878 1359 mysteria:suﬁiciunt
2909 1290 3011 1345 ista
3049 1292 3115 1347 de
3163 1294 3249 1351 die
3274 1296 3366 1350 ira:
3390 1308 3443 1352 et
3472 1314 3625 1354 reve-

2034 1378 2272 1434 lationis.
2317 1378 2676 1450 Requiramus
2705 1381 2771 1436 de
2814 1381 2964 1453 justo
3007 1383 3213 1454 judicio
3268 1386 3386 1452 Dei,
3430 1389 3481 1442 in
3512 1405 3621 1460 quo

2032 1468 2221 1525 reddet
2261 1470 2552 1541 unicuique
2597 1471 2892 1527 Secundum
2942 1489 3107 1544 opera
3160 1492 3280 1542 sua,
3333 1485 3390 1537 et
3441 1481 3616 1552 primo

1993 1544 2000 1552 ’
2032 1560 2249 1631 quidem
2281 1560 2645 1619 excludantur
2675 1563 2936 1630 htcretici,
2983 1565 3073 1634 qui
3104 1566 3286 1625 dicunt
3316 1544 3501 1636 bonas,
3535 1574 3615 1633 vel

2028 1653 2201 1708 malas
2227 1654 2525 1709 animarum
2559 1663 2803 1722 naturas,
2851 1666 2906 1713 et
2934 1659 3153 1716 audiant
3183 1706 3201 1734 ,
3224 1662 3349 1732 quia
3380 1680 3485 1719 non
3512 1681 3609 1736 pro

2028 1752 2221 1800 natura
2251 1744 2542 1814 unicuique
2570 1744 2736 1812 Deus,
2793 1747 2887 1802 sed
2938 1763 3037 1818 pro
3064 1749 3319 1819 operibus
3344 1753 3457 1808 suis
3489 1754 3607 1809 red-

1958 1822 2004 1882 B
2032 1835 2391 1902 dit;secundo
2442 1837 2495 1892 in
2528 1838 2646 1894 loco
2678 1839 3019 1898 aediﬁcentur
3065 1843 3269 1912 ﬁdeles,
3303 1861 3371 1903 ne
3397 1856 3604 1916 putent,

2028 1924 2132 1979 sibi
2161 1932 2342 1980 autem
2375 1926 2548 1981 solum
2575 1928 2822 1986 sufﬁcere
2858 1947 3018 2002 posse
3046 1934 3185 2003 quod
3218 1936 3475 2003 credunt,
3519 1941 3613 1995 sed

2026 2017 2205 2073 sciant
2245 2017 2451 2086 justum
2473 2017 2739 2088 judicium
2789 2022 2903 2087 Dei,
2936 2024 3160 2078 reddere
3200 2025 3487 2097 unicuique
3517 2045 3605 2086 se-

2028 2108 2263 2164 cundum
2290 2124 2453 2180 opera
2492 2126 2609 2166 sua.
2644 2112 2982 2168 Videbuntur
3011 2128 3351 2184 nequaquam
3383 2133 3480 2188 pro
3506 2119 3608 2174 hoc

2027 2212 2276 2255 sermone
2302 2199 2516 2256 excludi
2540 2215 2702 2271 posse
2731 2202 2986 2272 gentiles,
3021 2203 3068 2260 si
3098 2204 3235 2260 forte
3261 2215 3318 2261 et
3354 2206 3451 2277 ipsi
3485 2208 3609 2263 boni

2026 2289 2228 2360 aliquid
2258 2299 2551 2360 operentur
2569 2300 2625 2347 et
2661 2293 2999 2349 emendatius
3029 2303 3210 2366 agant,
3238 2295 3332 2350 sed
3364 2303 3419 2351 et
3456 2296 3607 2363 illud,

2025 2383 2167 2451 quod
2198 2389 2252 2437 et
2291 2382 2346 2437 in
2375 2382 2662 2438 Ezechiele
2710 2383 2971 2454 scriptum
3015 2392 3117 2448 est,
3164 2385 3291 2440 huic
3323 2386 3605 2442 sententia:

2025 2471 2239 2527 videtur
2272 2472 2546 2528 adversari
2577 2493 2590 2528 :
2637 2474 2769 2530 dicit
2797 2474 2941 2529 enim
2971 2491 2986 2529 :
3017 2472 3148 2529 Cum
3172 2476 3413 2530 averterit
3442 2493 3497 2531 se
3513 2492 3610 2546 Ju-

2021 2570 2131 2617 stus
2158 2580 2190 2616 a
2210 2562 2425 2634 justitia
2474 2581 2596 2631 sua,
2625 2573 2675 2619 et
2726 2563 2905 2631 fecerit
2949 2565 3277 2630 iniquitatem
3321 2565 3606 2619 secundum

2021 2667 2196 2717 omnes
2217 2652 2537 2723 iniquitates,
2559 2671 2689 2724 quas
2730 2654 2850 2725 fecit
2893 2654 3128 2724 iniquus,
3175 2671 3351 2710 omnes
3372 2655 3602 2727 justitia:

2020 2741 2154 2812 ejus,
2186 2759 2318 2811 quas
2342 2742 2483 2813 fecit,
2516 2760 2618 2798 non
2645 2745 3188 2798 commemorabuntur
3221 2745 3277 2799 in
3304 2745 3456 2815 lapsu
3482 2746 3599 2817 ejus

2018 2849 2121 2904 quo
2143 2832 2321 2904 lapsus
2346 2843 2444 2900 est,
2468 2834 2558 2890 sed
2602 2835 2658 2889 in
2705 2836 2929 2905 peccatis
2969 2837 3101 2901 suis,
3153 2837 3244 2906 qui
3269 2836 3517 2906 peccavit,
3549 2837 3601 2889 in

2018 2923 2147 2994 ipsis
2199 2925 2449 2979 morietur
2480 2924 2696 2995 (Ezech.
2736 2925 2912 2998 xvm).
2943 2926 3134 2983 Dicent
3160 2927 3304 2982 enim
3331 2945 3345 2981 :
3376 2925 3431 2982 Si
3467 2926 3603 2981 nihil

2021 3030 2087 3069 ex
2137 3013 2348 3084 justitia
2397 3014 2527 3084 justi
2604 3032 2725 3072 cum
2763 3016 2945 3086 lapsus
3000 3018 3164 3073 fuerit
3194 3018 3598 3079 memorabitur,

2023 3106 2290 3177 quomodo
2320 3107 2610 3178 unicuique
2666 3108 2856 3163 reddet
2903 3108 3045 3164 Deus
3105 3110 3400 3164 secundum
3435 3123 3604 3180 opera

334 3182 552 3254 (Matth.
582 3185 651 3254 ιι)
680 3184 1006 3254 Requiretur
1027 3200 1157 3243 sane
1177 3202 1203 3241 a
1227 3189 1546 3258 quibusdam
1565 3207 1662 3247 cur
1676 3192 1792 3248 dies
1806 3194 1912 3260 hic,
1944 3172 1989 3233 C
2021 3172 2154 3251 sua?
2182 3196 2287 3252 Sed
2314 3172 2610 3262 videamus,
2639 3213 2707 3253 ne
2732 3195 2872 3254 forte
2898 3199 3288 3255 absolutionem
3323 3200 3405 3255 sui
3431 3172 3490 3254 id
3515 3213 3599 3254 se-

332 3274 404 3331 de
428 3290 535 3345 quo
559 3277 811 3346 superius
842 3277 1215 3345 bibliothecas-
1235 3281 1576 3351 propheticas
1625 3284 1917 3349 movimus,

332 3371 390 3427 in
416 3372 523 3426 ﬁne
545 3372 731 3427 mundi
764 3379 1001 3429 statutus
1049 3375 1138 3440 sit,
1189 3383 1251 3429 ut
1299 3390 1511 3441 omnes,
1542 3377 1634 3447 qui
1664 3377 1734 3433 ab
1763 3378 1920 3434 initio

331 3464 515 3534 saeculi
547 3480 716 3541 usque
740 3466 797 3519 in
824 3466 985 3520 ﬁnem
1016 3465 1189 3536 ipsius
1216 3465 1457 3522 defuncti
1504 3478 1650 3533 sunt,
1681 3469 1750 3524 ad
1774 3471 1920 3525 hunc

334 3555 585 3613 ultimum
634 3548 775 3612 diem
817 3555 1095 3626 judicandi
1128 3560 1516 3614 reserventur?
1543 3558 1708 3631 Cujus
1737 3561 1813 3616 rei
1843 3561 1922 3616 in-

333 3646 563 3701 teriores
613 3662 806 3713 causas
851 3655 1063 3702 certum
1102 3655 1189 3704 est
1231 3649 1615 3706 secretioribus
1644 3650 1920 3722 mysteriis

334 3738 553 3810 contegi
584 3756 598 3793 :
633 3738 946 3810 Mysterium
980 3756 1099 3794 vero
1125 3742 1260 3811 regis
1287 3741 1602 3796 abscondere
1634 3742 1822 3796 bonum
1844 3752 1918 3797 est

335 3826 490 3898 (Τοῦ.
523 3829 660 3902 xu);
706 3837 886 3884 tamen
943 3829 1341 3900 explanationis
1370 3831 1542 3901 gratia
1571 3832 1836 3896 dicemus,
1862 3833 1917 3887 in

336 3926 601 3987 quantum
653 3918 907 3990 possibile
962 3929 1047 3975 est
1092 3919 1303 3989 paginis
1345 3919 1506 3974 verba
1557 3921 1916 3976 committere.

336 4009 490 4063 Multi
530 4006 771 4079 suntqui
821 4025 889 4064 ex
931 4010 1037 4065 hac
1070 4010 1178 4064 vita
1210 4009 1473 4065 abeuntes
1498 4009 1585 4066 vel
1630 4011 1916 4078 bonorum,

333 4099 425 4154 vel
455 4098 714 4154 malorum
740 4108 945 4169 postse
987 4100 1231 4170 quaedam
1281 4087 1489 4155 semina
1542 4100 1914 4170 reliquerunt;

335 4204 404 4246 ex
436 4189 651 4258 quibus,
691 4189 783 4259 qui
839 4199 1130 4258 supersunt
1179 4189 1443 4255 homines,
1495 4191 1811 4247 occasiones
1834 4189 1918 4245 vel

336 4280 551 4347 salutis,
579 4280 662 4335 vel
701 4280 1346 4350 perditionis,accipiunt,
1379 4281 1528 4336 verbi
1553 4281 1723 4351 gratia
1763 4281 1917 4335 dixe-

338 4372 467 4434 rim,
491 4380 554 4425 ut
581 4380 705 4427 sunt
758 4385 965 4435 omnes,
994 4370 1084 4440 qui
1129 4385 1323 4442 pravas
1356 4379 1533 4425 sectas
1575 4379 1629 4423 et
1659 4369 1862 4423 alienas
1889 4384 1919 4423 a

338 4463 455 4518 Deo
485 4462 624 4516 inter
675 4461 1023 4535 philosophos
1068 4460 1448 4526 condiderunt,
1477 4459 1563 4514 vel
1588 4460 1678 4529 qui
1710 4460 1917 4530 magica

339 4553 648 4624 sacrilegia,
677 4559 770 4606 aut
788 4551 1108 4621 quierrores
1133 4559 1422 4614 astrorum,
1440 4548 1720 4603 etdecreta
1746 4548 1915 4604 ﬁnxe-

338 4653 511 4712 runt;
540 4645 623 4699 vel
650 4653 819 4709 certe,
859 4643 950 4714 qui
973 4642 1114 4714 apud
1135 4655 1232 4695 nos
1255 4647 1505 4695 auctores
1533 4639 1906 4694 luereticorum

338 4749 397 4795 et
423 4753 713 4810 pravorum
759 4726 1066 4810 dogmatum
1100 4732 1254 4788 libris
1297 4732 1458 4786 editis
1500 4731 1782 4799 exstitere,
1834 4729 1918 4784 vel

341 4833 508 4888 etiam
554 4830 647 4900 qui
695 4829 992 4884 schismata
1044 4826 1097 4880 in
1135 4822 1410 4901 Ecclesiis,
1461 4829 1517 4876 et
1570 4820 1826 4889 scandala
1853 4835 1917 4876 ac

341 4924 712 4982 dissensiones
740 4920 950 4991 operati
980 4927 1138 4983 sunt;
1170 4933 1200 4971 e
1228 4912 1501 4970 contrario
1544 4929 1675 4974 vero
1701 4923 1916 4983 aposto-

344 5015 572 5073 licarum
623 5013 925 5067 litterarum
984 5024 1119 5080 Opus
1198 5005 1577 5077 profectusque
1651 5018 1749 5073 per
1812 5002 1914 5056 has

345 5107 613 5173 universae
663 5101 938 5166 Ecclesiae,
989 5108 1045 5153 et
1085 5096 1365 5154 conversio
1413 5095 1479 5149 ad
1517 5094 1711 5173 Deum,
1756 5102 1918 5163 atque

344 5171 653 5265 emendatio
679 5194 843 5248 totius
871 5191 1054 5246 mundi
1077 5196 1179 5253 est;
1211 5200 1438 5258 quorum
1468 5171 1707 5241 omnium
1741 5199 1916 5240 causa:

347 5285 562 5342 nonnisi
594 5300 715 5339 cum
767 5282 933 5352 ipsius
980 5277 1162 5333 mundi
1192 5277 1299 5331 ﬁne
1321 5275 1660 5341 claudentur,
1692 5283 1747 5328 et
1798 5274 1918 5331 ideo

349 5391 457 5433 non
486 5381 631 5431 esset
651 5372 855 5442 justum
881 5368 1140 5438 judicium
1171 5365 1289 5428 Dei,
1337 5364 1510 5419 donec
1536 5361 1603 5417 de
1628 5361 1712 5416 his
1738 5362 1919 5430 singu-

349 5466 421 5523 lis
448 5466 531 5521 vel
558 5467 854 5537 prolectus,
878 5461 961 5517 vel
994 5461 1375 5532 impedimenta
1414 5459 1727 5529 penderent.
1766 5455 1919 5524 Quod

353 5536 409 5619 et
430 5538 716 5627 Apostolus
739 5552 1045 5625 signiﬁcare
1069 5551 1300 5614 videtur,
1341 5564 1465 5604 cum
1493 5548 1643 5614 dicit,
1671 5563 1921 5619 quorum-

361 5654 480 5725 ‘tnm
521 5645 785 5698 hominum
818 5650 1029 5712 peccata
1072 5638 1353 5708 manifesta
1396 5646 1538 5703 sunt,
1575 5636 1920 5708 pra'cedentia

362 5744 430 5819 sit
450 5733 711 5816 judicium
740 5748 753 5797 ;
787 5731 1039 5802 quosdam
1078 5739 1251 5783 autem
1300 5728 1685 5802 subsequuntur
1705 5726 1758 5781 (1
1784 5727 1916 5781 Tim.

1947 4515 1998 4576 D

2021 3286 2138 3357 ipso
2188 3301 2369 3343 sermo
2399 3287 2612 3344 divinus
2666 3288 2922 3344 inveniat.
2969 3288 3027 3345 Si
3079 3291 3428 3346 observemus
3465 3304 3605 3359 quo-

2019 3376 2178 3432 modo
2206 3377 2467 3447 scriptum
2495 3386 2579 3433 est
2632 3380 2774 3448 quod
2808 3378 2981 3435 dicit-z
3012 3379 3143 3434 Cum
3182 3396 3394 3435 aversus
3438 3378 3598 3450 fuerit

2010 3467 2189 3537 justus
2213 3484 2245 3521 a
2262 3467 2474 3536 justitia
2512 3485 2631 3533 sua,
2660 3475 2716 3523 et
2740 3484 2844 3524 non
2875 3468 3163 3536 sufﬁceret,
3194 3485 3315 3525 cum
3341 3470 3551 3525 diceret
3580 3478 3596 3522 :

2013 3544 2152 3611 Cum
2176 3546 2387 3621 aversus
2412 3556 2571 3626 fuerit
2603 3575 2633 3611 a
2648 3559 2859 3627 justitia
2882 3575 3001 3623 sua,
3030 3559 3124 3615 sed
3146 3559 3368 3625 addidit,
3396 3569 3445 3613 et
3465 3558 3601 3628 fece-

2019 3649 2087 3701 rit
2125 3663 2327 3705 omnem
2360 3648 2712 3721 iniquitatem,
2746 3650 3032 3702 secundum
3078 3666 3254 3703 omnes
3296 3649 3599 3720 iniquitates
3660 3698 3661 3701 η

2016 3759 2147 3813 quas
2170 3741 2291 3811 fecit
2317 3744 2549 3813 iniquus,
2581 3741 2635 3795 in
2661 3757 2768 3812 quo
2795 3741 3007 3803 videtur
3036 3739 3265 3794 latenter
3294 3736 3598 3805 hujusmodi

2018 3834 2311 3890 inseruisse
2336 3832 2685 3898 intellectum,
2715 3840 2776 3887 ut
2799 3831 2844 3886 si
2869 3831 3007 3885 forte
3024 3844 3130 3883 non
3161 3828 3457 3884 secundum
3478 3841 3607 3887 0va

2018 3940 2116 3979 nes
2172 3923 2511 3993 iniquitates,
2569 3925 2703 3992 quas
2757 3921 2885 3977 fecit
2912 3921 3151 3990 iniquus,
3181 3919 3370 3975 fecerit
3392 3919 3595 3989 justus,

2019 4031 2125 4071 non
2152 4029 2341 4071 omnes
2365 4014 2592 4083 iustitiae
2635 4013 2752 4084 ejus
2779 4013 2845 4069 de
2875 4010 3133 4068 memoria
3161 4011 3521 4084 auferantur;
3547 4009 3592 4066 si

2018 4119 2148 4159 vero
2197 4119 2387 4160 omnes
2428 4104 2740 4174 iniquitates
2772 4102 2966 4158 fecerit
3015 4116 3150 4172 quas
3200 4101 3438 4171 iniquus,
3466 4108 3594 4154 tunc

1980 4193 2237 4248 tdemum
2266 4204 2454 4248 omnes
2497 4192 2721 4263 iustitiae
2762 4192 2816 4247 in
2865 4190 3017 4261 lapsu
3050 4188 3184 4259 ejus
3221 4190 3287 4245 de
3334 4188 3594 4256 memoria

2019 4285 2433 4341 subtrahuntur.
2474 4284 2600 4339 Haec
2622 4284 2868 4355 quamvis
2895 4282 3245 4338 occultaverit
3267 4281 3319 4336 in
3352 4279 3595 4350 Scriptu-

2022 4377 2097 4431 ris
2124 4375 2357 4446 Spiritus
2390 4385 2609 4431 sanctus
2659 4384 2880 4446 propter
2908 4375 3007 4430 hos
3030 4444 3035 4449 ξ
3061 4374 3150 4445 qui
3201 4372 3415 4427 divitias
3444 4370 3598 4426 boni-

2024 4465 2151 4521 tatis
2201 4473 2258 4521 et
2280 4465 2555 4535 patientiae
2582 4464 2698 4533 ejus
2743 4472 3115 4529 contemnunt,
3146 4477 3252 4517 non
3291 4469 3470 4517 nmen
3500 4474 3596 4530 pe.

2021 4557 2167 4612 nitus
2185 4555 2426 4623 abstulit,
2453 4555 2578 4624 quia
2614 4562 2668 4609 et
2698 4554 2980 4610 thesaurus
3005 4553 3059 4608 in
3085 4567 3215 4623 agro
3243 4549 3593 4606 absconditus

2023 4646 2238 4720 (Matth.
2269 4646 2392 4719 xm)
2428 4662 2535 4701 non
2561 4646 2775 4717 quidem
2815 4647 2882 4701 ab
2931 4645 3181 4700 omnibus
3210 4644 3498 4704 invenitur,
3528 4656 3597 4695 ne

2019 4737 2177 4793 facile
2201 4737 2504 4808 diripiatur,
2529 4745 2585 4791 et
2630 4749 2855 4803 pereat;
2889 4736 3161 4790 invenitur
3191 4742 3370 4788 tamen
3404 4748 3435 4787 a
3466 4747 3593 4800 pru—

2019 4827 2290 4891 dentibus,
2321 4826 2412 4896 qui
2450 4825 2657 4896 possint
2702 4825 2802 4890 ire,
2856 4832 2910 4879 et
2956 4825 3187 4879 vendere
3237 4821 3416 4876 omnia
3468 4834 3588 4888 qua:
3660 4860 3665 4865 .

2019 4917 2238 4987 habent,
2268 4924 2322 4970 et
2349 4930 2531 4970 emere
2555 4930 2739 4986 agrum
2772 4914 2941 4968 illum.
2992 4911 3193 4985 (Greg.)
3231 4911 3383 4964 illum
3415 4909 3467 4963 in
3495 4924 3591 4961 ex-

2021 5013 2198 5061 tremo
2226 5005 2471 5060 examine
2493 5001 2702 5073 justitia
2732 5003 2916 5058 :eterni
2956 5001 3152 5070 judicis
3188 4999 3379 5064 salvat,
3428 5012 3589 5067 quem

2020 5097 2111 5154 hic
2134 5095 2249 5165 ejus
2296 5096 2469 5166 pietas
2522 5095 2591 5148 ab
2621 5091 2909 5147 immundis
2943 5091 3192 5160 operibus
3242 5089 3435 5144 liberat
3464 5104 3479 5152 ;
3509 5087 3589 5141 sin

2023 5202 2151 5243 vero
2177 5186 2243 5239 ad
2271 5185 2373 5240 hoc
2404 5184 2598 5238 salvari
2648 5182 2876 5251 quisque
2929 5180 3019 5234 hic
3044 5179 3302 5234 munditia
3335 5193 3589 5231 manuum

2023 5289 2241 5331 suarum
2269 5271 2525 5334 creditur,
2557 5278 2614 5324 ut
2643 5269 2754 5327 suis
2789 5267 2994 5322 viribus
3043 5267 3301 5321 innocens
3326 5265 3436 5330 ﬁat,
3467 5279 3590 5334 pro-

2023 5363 2111 5419 cul
2160 5361 2322 5416 dubio
2370 5367 2540 5425 errat,
2567 5358 2693 5428 quia
2723 5358 2768 5412 si
2815 5371 3043 5427 superna
3092 5354 3260 5427 gratia
3310 5361 3589 5410 nocentem

2023 5469 2129 5508 non
2179 5450 2463 5522 praevenit,
2515 5463 2785 5518 nunquam
2831 5445 3072 5516 profecto
3125 5446 3378 5509 inveniet,
3426 5458 3588 5514 quem

2024 5551 2329 5600 remuneret
2352 5541 2706 5596 innocentem.
2743 5537 2890 5599 Unde
2919 5544 2972 5590 et
2997 5535 3231 5591 veridica
3247 5534 3441 5606 Moysis
3461 5546 3591 5587 voce

2024 5633 2220 5689 dicitur
2244 5650 2256 5685 :
2290 5630 2585 5701 Nullusque
2607 5628 2746 5699 apud
2772 5639 2819 5682 te
2842 5644 2932 5698 per
2950 5644 3004 5681 se
3025 5628 3268 5679 innocens
3290 5634 3362 5678 est
3388 5622 3586 5697 (Exod.

2026 5720 2232 5796 xxxiv).
2265 5721 2507 5791 Superna
2537 5734 2664 5792 ergo
2690 5718 2860 5789 pietas
2887 5717 3037 5788 prius
3080 5716 3187 5787 agit
3235 5715 3288 5770 in
3316 5714 3468 5770 nobis
3492 5711 3589 5768 ali-
