3998 6202
334 297 466 353 15H

967 293 1027 349 Β.
1069 292 1318 349 RABANI
1352 293 1568 350 MAURl
1605 292 1920 348 AllCliiEP.
1961 291 2266 348 MOGUNT.
2308 293 2591 351 OPERUM
2630 295 2809 352 PARS
2846 296 2931 352 lli.

3447 297 3586 352 1512

333 409 460 482 quid
487 409 604 465 sine
632 407 804 471 nobis,
835 414 896 462 ut
943 407 1298 475 subsequente
1349 419 1561 475 quoque
1611 413 1797 459 nostro
1833 402 1899 458 li—
1929 407 1976 464 Α
2008 403 2362 473 requiramus.
2428 406 2525 462 Est
2573 421 2703 478 ergo
2751 407 2998 477 quietiam
3055 406 3224 478 gloria
3283 409 3582 463 secundum

335 503 464 556 bere
493 498 737 561 arbitrio,
775 496 976 552 bonum
1007 497 1148 566 quod
1167 495 1278 566 jam
1310 495 1634 564 appetimus,
1661 502 1785 564 agat
1808 509 1904 548 no—

335 595 564 658 biscum,
594 590 737 662 quod
765 598 942 643 tamen
972 603 1070 658 per
1099 588 1398 657 impensam
1452 587 1678 657 gratiam
1711 585 1762 639 in
1813 601 1904 642 ex-

336 693 511 737 tremo
560 681 758 752 iudicio
810 678 885 732 ita
945 685 1252 731 remunerat
1303 677 1354 730 in
1393 675 1567 740 nobis,
1609 690 1674 728 ac
1702 675 1745 728 si
1775 675 1904 728 solis

334 771 682 840 processisset
705 783 769 823 ex
797 766 979 831 nobis;
1013 764 1136 834 quia
1173 764 1313 818 enim
1339 761 1517 816 divina
1544 777 1641 816 nos
1669 761 1900 822 bonitas,

335 869 394 913 ut
415 860 724 914 innocentes
745 855 924 918 faciat,
951 854 1230 925 prmvcnit,
1268 851 1459 906 Paulus
1494 853 1586 917 ait,
1613 852 1782 922 gratia
1811 851 1904 904 Dei

333 966 448 1003 sum
495 949 547 1002 id
571 947 708 1018 quod
735 962 846 999 sum
877 943 925 1015 (I
957 943 1079 997 Cor.
1115 942 1202 1014 xv)
1229 958 1244 1006 ;
1277 951 1331 996 et
1364 942 1489 1011 quia
1515 941 1757 996 eamdem
1784 957 1905 1010 gra-

338 1039 462 1090 tiam
505 1045 746 1091 nostrum
786 1033 1011 1087 liberum
1037 1030 1320 1084 arbitrium
1347 1029 1606 1098 sequitur,
1631 1027 1901 1096 adjungit:

338 1129 403 1182 Et
424 1128 593 1198 gratia
618 1126 731 1196 ejus
755 1125 811 1177 in
836 1139 916 1176 me
944 1137 1108 1175 vacua
1139 1109 1248 1173 non"
1271 1119 1392 1187 fuit,
1417 1117 1506 1172 sed
1549 1117 1903 1170 abundantius

333 1217 436 1272 illis
450 1215 686 1270 omnibus
700 1212 949 1274 laboravi;
962 1212 1049 1281 qui
1069 1211 1191 1264 dum
1208 1223 1265 1262 se
1280 1209 1342 1262 de
1357 1224 1413 1262 se
1429 1206 1556 1260 nihil
1569 1220 1686 1260 esse
1700 1205 1906 1272 conspi-

332 1315 501 1370 ceret,
531 1304 646 1358 ait:
681 1300 806 1357 Non
847 1311 1020 1355 autem
1051 1315 1165 1368 ego,
1199 1309 1253 1352 et
1285 1305 1484 1358 tamen,
1523 1293 1665 1363 quod
1695 1307 1753 1347 se
1779 1307 1902 1346 esse

333 1394 534 1465 aliquid
563 1407 686 1449 cum
717 1390 888 1463 gratia
921 1387 1149 1452 invenit,
1181 1385 1444 1455 adjunxit,
1482 1383 1570 1437 sed
1611 1383 1786 1453 gratia
1812 1379 1903 1433 Dei

331 1498 566 1550 mecum;
607 1495 714 1536 non
767 1479 911 1534 enim
961 1478 1167 1533 diceret
1215 1492 1435 1540 mecum,
1467 1475 1510 1528 si
1537 1488 1658 1528 cum
1693 1487 1902 1541 praeve-

333 1577 513 1630 niente
543 1571 716 1643 gratia
743 1570 1078 1640 subsequens
1103 1567 1328 1621 liberum
1359 1565 1638 1619 arbitrium
1678 1578 1780 1618 non
1809 1563 1904 1616 ha-

336 1667 502 1720 beret.
523 1662 597 1718 Ut
615 1677 744 1733 ergo
761 1677 821 1717 se
843 1659 960 1716 sine
979 1659 1151 1730 gratia
1167 1657 1298 1712 nihil
1321 1672 1436 1712 esse
1458 1656 1786 1718 ostenderet,
1805 1655 1900 1721 ait,

2000 495 2334 566 Apostolum,
2391 515 2508 568 (pne
2546 516 2651 554 non
2705 501 3056 571 gloriﬁcatur,
3121 510 3179 556 ut
3231 501 3322 554 illa
3375 519 3496 572 qua:
3527 503 3581 556 in

2000 588 2146 639 vultu
2182 587 2345 658 Moysi
2392 587 2514 654 fuit,
2568 607 2690 659 qum
2717 590 3062 668 dicituresse
3114 591 3410 650 destructa,
3463 607 3582 660 qua:

2001 677 2134 748 legis
2161 679 2336 733 littera
2369 680 2590 752 intelligi
2617 689 2816 749 potest,
2857 681 3062 735 habens
3091 681 3306 750 quidem
3354 681 3578 749 gloriam

2001 783 2412 841 prmceptorum,
2439 775 2534 830 sed
2561 789 2683 842 quae
2708 773 2998 842 glorificari
3036 789 3138 826 non
3171 781 3384 842 potest;
3413 782 3496 827 est
3523 782 3580 827 ct

2002 861 2106 914 alia
2129 863 2320 931 gloria,
2350 878 2469 932 qua:
2506 871 2788 932 permanet
2819 870 2874 916 ct
2902 861 3238 932 glorificatur
3260 862 3316 913 in
3339 861 3576 914 Christo.

2001 955 2303 1028 Cumeuim
2332 955 2662 1012 ascendisset
2699 953 2752 1007 in
2782 961 3020 1007 montem
3057 967 3178 1006 cum
3210 951 3376 1006 Petro
3401 958 3457 1004 et
3483 949 3582 1004 Ja-

2003 1047 2139 1100 cobo
2175 1054 2230 1100 et
2259 1045 2486 1110 Joanne,
2509 1046 2929 1102 trausformalus
2954 1059 3076 1098 esse
3109 1045 3163 1098 iu
3194 1042 3422 1114 gloriam
3449 1041 3584 1096 scri-

2004 1134 2170 1200 bitur,
2195 1145 2250 1188 et
2277 1144 2404 1190 tunc
2425 1144 2808 1205 apparuerunt,
2865 1134 3061 1202 inquit,
3094 1133 3305 1201 Moyses
3331 1139 3386 1184 et
3407 1131 3580 1190 Elius,

2003 1225 2369 1294 colloquentes
2391 1240 2514 1290 cum
2540 1239 2606 1279 eo
2636 1223 2851 1296 (Matth.
2887 1223 3054 1294 xvii);
3096 1237 3192 1292 per
3229 1222 3376 1291 quod
3399 1230 3585 1275 osten-

2003 1317 2150 1370 ditur
2174 1316 2296 1384 quia
2337 1315 2470 1386 lcgis
2497 1323 2552 1368 et
2579 1315 2965 1384 prophetarum
3021 1311 3190 1382 gloria
3241 1320 3371 1365 tunc
3419 1325 3586 1380 appa-

1957 1463 1962 1471 _
2007 1407 2131 1472 ruit,
2157 1422 2278 1460 cum
2304 1406 2552 1461 Christus
2573 1405 2761 1460 fuisset
2794 1403 3210 1458 lrausformatus
3247 1403 3301 1456 in
3327 1401 3584 1471 gloriam,

2006 1504 2063 1550 ut
2091 1496 2232 1550 illius
2283 1495 2450 1566 gloria
2503 1495 2802 1549 illuminata
2857 1493 3141 1563 prophetia
3195 1501 3252 1547 et
3278 1491 3362 1546 lex
3395 1501 3584 1544 amoto

2005 1585 2268 1639 velamine
2292 1585 2483 1638 littera:
2507 1583 2836 1653 intelligatur
2857 1583 2908 1636 iu
2934 1582 3159 1651 spiritu;
3183 1581 3272 1634 illa
3302 1581 3357 1634 in
3377 1581 3465 1634 his
3488 1596 3585 1648 pu-

2007 1679 2165 1729 tanda
2182 1687 2264 1730 est
2293 1676 2385 1729 Dei
2415 1674 2567 1746 [dici]
2585 1674 2776 1744 gloria,
2801 1673 2868 1727 de
2889 1687 2996 1742 qua
3019 1671 3308 1742 Apostolus
3334 1671 3586 1726 scribens

334 1771 436 1808 non
459 1769 586 1824 ego;
615 1760 675 1806 ut
699 1764 826 1805 vero
850 1764 908 1803 se
928 1763 1049 1803 cum
1076 1746 1246 1818 gratia
1266 1754 1544 1816 operatum
1561 1760 1657 1814 per
1675 1745 1899 1798 liberum

2007 1766 2072 1818 ad
2103 1764 2354 1819 llcbricos
2391 1745 2522 1818 dicit
2551 1745 2616 1816 ile
2644 1761 2780 1816 Filio
2815 1761 3002 1834 (Hebr.
3037 1762 3098 1832 l),
3151 1761 3279 1829 quia
3305 1759 3384 1814 sit
3405 1759 3581 1830 splen-

333 1844 614 1899 arbitrium
637 1843 1052 1901 demonstraret,
1076 1838 1339 1908 adjuugit,
1363 1837 1454 1891 sed
1480 1837 1650 1906 gratia
1677 1835 1772 1890 Dei
1798 1851 1904 1888 me-

2007 1857 2106 1909 dor
2127 1854 2310 1925 gloria:
2339 1863 2394 1908 et
2441 1855 2620 1925 imago
2666 1867 2923 1924 expressa
2952 1853 3268 1907 substantia:
3318 1849 3462 1920 ejus,
3489 1867 3586 1920 per

337 1949 474 1986 cum.
507 1929 766 1984 Munditia
800 1929 981 1997 itaque
1003 1942 1254 1981 manuum
1281 1940 1497 1980 suarum
1520 1924 1777 1980 innocens
1797 1939 1906 1978 ser-
1938 1924 2398 2014 rqum’dechm;
2427 1924 2602 2012 ipsum
2656 1943 2857 1998 [οηιεω
2895 1942 3076 2015 gloria,
3106 1942 3324 1997 patrem
3356 1941 3489 2006 dici,
3515 1956 3578 1995 ω

337 2020 566 2084 rabitur,
614 2016 735 2086 quia
764 2015 855 2086 qui
885 2015 974 2070 hic
1016 2013 1341 2084 prrevenitur
1368 2013 1538 2077 dono,
1568 2020 1627 2066 ut
1652 2012 1906 2066 innocens

336 2111 450 2174 ﬁat,
466 2125 587 2164 cum
603 2109 672 2164 ad
689 2107 946 2180 judicium
969 2105 1204 2170 ducitur,
1219 2120 1282 2160 ex
1299 2105 1492 2159 merito
1507 2115 1849 2177 remuneratq
1859 2119 1902 2156 r.

409 2212 506 2270 His
537 2219 623 2287 qui
652 2215 934 2270 secundum
965 2199 1267 2285 patientiam
1291 2214 1409 2268 boni
1448 2213 1616 2284 operis
1641 2257 1656 2282 ,
1685 2214 1906 2285 gloriam

334 2319 380 2362 et
404 2308 668 2370 honorem,
692 2317 736 2359 et
753 2305 1206 2374 incorruptionem,
1224 2304 1572 2378 quwrentibus
1588 2306 1743 2357 vitam
1757 2314 1908 2358 teter-

335 2395 478 2449 naln.
507 2393 738 2466 (Ambr.)
753 2393 1015 2460 Quoniam
1030 2391 1291 2462 judicium
1308 2393 1612 2463 Deijustum
1626 2392 1905 2462 praedicat,

333 2485 492 2556 quale
517 2492 699 2540 autem
725 2484 880 2540 bonis
902 2482 1138 2537 futurum
1162 2489 1263 2547 est,
1291 2481 1608 2537 declaravit:
1636 2482 1734 2536 hos
1753 2481 1906 2546 dicit,

335 2577 429 2649 qui
489 2575 804 2647 patientiam
877 2573 972 2629 Dei
1027 2573 1283 2639 scientes,
1343 2573 1538 2642 partim
1603 2571 1672 2626 ad
1727 2585 1908 2626 corre-

339 2672 596 2741 ptionem,
623 2669 818 2739 partim
849 2667 914 2722 ad
951 2665 1210 2736 majorem
1243 2665 1502 2720 ultionem
1541 2680 1648 2720 non
1695 2679 1753 2718 se
1781 2678 1904 2719 cor-

339 2761 622 2830 rigentium
685 2757 976 2828 protelari,
1020 2757 1262 2828 priorum
1322 2768 1548 2826 operum
1583 2754 1908 2826 pmnitentes

338 2853 476 2905 bene
525 2857 829 2914 versantur,
876 2845 1000 2902 freti
1039 2846 1232 2900 ﬁducia
1283 2843 1430 2912 fidei,
1472 2859 1539 2900 ne
1571 2843 1662 2899 diu
1689 2844 1778 2898 hic
1808 2857 1905 2914 po-

333 2941 422 2996 siti
460 2941 712 2994 damnum
758 2939 1039 2992 incurrant
1080 2937 1357 3007 promissa:
1401 2935 1564 3001 vitm;
1597 2934 1744 2989 dabit
1776 2949 1908 3006 ergo

331 3033 414 3088 eis
463 3032 686 3101 gloriam
729 3039 776 3084 et
809 3031 1081 3092 honorem,
1124 3036 1180 3082 et
1213 3043 1282 3082 ne
1312 3042 1419 3082 non
1469 3027 1573 3081 hoc
1615 3023 1768 3079 valde
1797 3037 1908 3078 ma-

2007 2050 2114 2104 quo
2139 2033 2392 2103 splendor
2414 2033 2598 2104 gloriae.
2627 2033 2797 2087 Filius
2829 2041 3140 2106 generatur,
3185 2031 3342 2100 cujus
3369 2031 3592 2103 partici-

2007 2124 2222 2194 patione
2265 2137 2454 2178 omnes
2502 2131 2767 2177 creatura:
2809 2121 3037 2193 gloriam
3080 2122 3282 2176 habere
3309 2121 3583 2184 dicuntur,

2007 2218 2146 2271 sicut
2173 2215 2240 2269 de
2291 2215 2376 2269 bis
2419 2214 2510 2284 qui
2543 2230 2612 2268 ex
2664 2214 3058 2268 resurrectione
3103 2221 3251 2278 sunt,
3288 2213 3582 2266 scribitur:

2007 2303 2127 2356 Alia
2153 2302 2322 2372 gloria
2345 2301 2470 2355 solis
2502 2300 2632 2373 [alia
2661 2300 2878 2354 claritas
2900 2300 3049 2366 solis,
3073 2299 3230 2372 etc.],
3275 2300 3387 2354 alia
3411 2299 3582 2370 gloria

2007 2391 2169 2458 lunae,
2197 2392 2306 2444 alia
2330 2390 2498 2462 gloria
2521 2391 2795 2445 stellarum
2823 2406 2842 2444 :
2875 2391 3027 2445 stella
3063 2391 3129 2444 ab
3149 2390 3298 2445 stella
3324 2391 3508 2460 diﬁcrt
3528 2391 3584 2444 in

2005 2479 2172 2552 gloria
2201 2480 2249 2551 (1
2266 2479 2387 2535 Cor.
2405 2479 2516 2552 xv).
2537 2477 2731 2534 Verum
2751 2480 2874 2550 quia
2898 2480 2963 2534 de
2982 2480 3176 2548 gloria,
3205 2488 3261 2534 ut
3281 2480 3583 2551 potuimus,

2007 2573 2378 2636 discussimus,
2400 2571 2675 2625 videamus
2721 2570 2852 2639 quid
2884 2579 2940 2625 et
2962 2571 3137 2626 honor
3184 2570 3408 2635 indicet,
3453 2571 3582 2639 quia

2007 2663 2098 2732 qui
2119 2661 2188 2714 ad
2206 2670 2462 2714 aeternam
2483 2659 2648 2713 vitam
2679 2659 2960 2725 festinant,
2982 2649 3094 2714 non
3116 2658 3289 2714 solum
3327 2659 3581 2730 gloriam,

2007 2758 2102 2808 sed
2139 2761 2196 2806 et
2227 2751 2488 2806 honorem
2519 2760 2784 2822 quaerunt.
2837 2751 3110 2821 Scriptum
3156 2761 3239 2806 est
3262 2753 3408 2806 enim
3455 2752 3582 2821 quia

2005 2845 2181 2910 homo,
2205 2859 2322 2896 cum
2346 2844 2401 2898 in
2435 2844 2630 2898 honore
2662 2855 2814 2910 esset,
2840 2861 2944 2898 non
2985 2845 3236 2898 intellexit
3261 2857 3280 2896 :
3308 2861 3586 2915 compara-

2007 2943 2092 2988 tus
2115 2944 2188 2987 est
2207 2933 2461 3004 jumentis
2492 2933 2875 3004 insipientibus,
2897 2944 2944 2988 et
2968 2934 3156 2988 similis
3183 2934 3357 3004 factus
3379 2945 3456 2988 est
3475 2933 3585 2986 illis

2009 3022 2180 3096 (Psal.
2201 3022 2408 3094 sum).
2427 3022 2632 3091 Quaerit
2647 3038 2776 3094 ergo
2800 3024 2946 3078 illum
2965 3025 3223 3080 honorem
3238 3040 3399 3094 quem
3417 3025 3588 3084 habe-

333 3099 496 3190 gnmn
521 3121 590 3176 ad
633 3119 1086 3190 comparationem
1113 3117 1397 3186 praesentis
1445 3115 1570 3170 vitae
1603 3115 1900 3182 videretur,
1929 3099 1976 3163 C
2006 3116 2100 3172 bat
2133 3124 2421 3186 antequam
2451 3117 2855 3186 compararettir
2877 3117 3137 3186 jumentis
3165 3119 3580 3188 insipientibus.

334 3212 460 3280 quia
496 3219 552 3264 et
584 3209 674 3264 hic
697 3207 915 3279 gloriosi
935 3209 1208 3275 videntur,
1239 3216 1292 3264 et
1331 3210 1600 3276 honorati,
1633 3209 1830 3279 adjecit
1855 3219 1904 3264 et

333 3297 793 3368 incorruptionem,
837 3305 898 3350 ut
923 3311 989 3351 ex
1042 3312 1107 3352 eo
1152 3297 1257 3352 alia
1286 3297 1455 3368 gloria
1480 3306 1536 3352 et
1563 3298 1702 3354 alter
1730 3299 1904 3354 honor

333 3384 742 3458 intelligeretur,
796 3384 1010 3455 quando
1073 3384 1406 3454 incorruptio
1443 3385 1604 3440 simul
1623 3385 1900 3441 comitabi-

339 3463 446 3533 tur‘.
485 3475 540 3529 ln
585 3473 837 3545 praesenti
886 3474 1028 3528 enim
1058 3473 1230 3528 honor
1254 3472 1338 3528 vel
1381 3473 1550 3545 gloria
1585 3473 1902 3545 frequenter

337 3563 622 3629 amittitur,
674 3561 798 3631 quia
853 3559 1218 3632 corruptibilis
1247 3571 1351 3626 est,
1407 3563 1500 3632 qui
1533 3563 1647 3631 dat,
1673 3573 1728 3619 et
1757 3565 1900 3634 quod

336 3654 448 3720 dat,
478 3660 534 3708 et
555 3651 648 3723 qui
669 3651 898 3722 accipit;
947 3651 1002 3706 in
1031 3649 1118 3707 die
1150 3651 1295 3707 enim
1317 3650 1504 3722 iudicii
1533 3653 1630 3710 Dei
1660 3655 1901 3711 incorru-

333 3745 536 3817 ptibilis
559 3743 672 3812 jam
699 3743 914 3800 dabitur
941 3743 1116 3799 honor
1145 3753 1200 3798 et
1227 3743 1422 3815 gloria,
1451 3754 1510 3800 ut
1531 3746 1639 3802 sint
1667 3755 1776 3802 tota
1791 3748 1900 3803 vita

331 3845 554 3901 aeterna,
584 3835 700 3908 ipsa
735 3836 879 3890 enim
913 3833 1301 3905 gloriﬁcabitur
1328 3837 1632 3894 substantia
1665 3842 1900 3912 quadam

333 3928 706 3986 immutatione
757 3929 1094 3983 meritorum.
1153 3928 1219 3984 lli
1268 3944 1397 4002 ergo
1441 3940 1690 4001 quaerunt
1732 3934 1898 3989 vitam

331 4027 611 4082 aeternam,
641 4017 734 4088 qui
782 4032 890 4071 non
939 4016 1113 4071 solum
1164 4017 1318 4074 bona:
1373 4018 1724 4088 professionis
1753 4033 1896 4089 sunt,

333 4108 428 4165 sed
467 4115 522 4162 et
548 4107 688 4162 vitae.
723 4105 920 4178 (Oi-ig.)
968 4105 1154 4177 Igitur,
1199 4106 1342 4176 quod
1383 4107 1532 4174 dicit,
1591 4110 1899 4180 patientiam

333 4197 455 4256 boni
501 4196 692 4268 operis,
745 4197 984 4251 ostendit
1017 4195 1255 4252 laborem
1281 4198 1570 4267 quemdam
1595 4207 1652 4255 et
1694 4216 1896 4272 agones

334 4290 618 4350 imminere
670 4289 756 4345 his
789 4291 881 4360 qui
911 4289 1110 4344 bonum
1151 4303 1286 4359 opus
1323 4287 1505 4346 facere
1545 4290 1750 4346 volunt.
1787 4292 1897 4348 Lu-

331 4391 536 4440 ctamen
556 4388 640 4437 est
668 4379 830 4446 enim,
867 4380 1010 4436 sicut
1035 4387 1090 4434 et
1117 4377 1260 4435 idem
1300 4379 1590 4452 Apostolus
1615 4381 1766 4449 dicit,
1793 4399 1898 4439 non

331 4471 582 4527 adversus
613 4484 822 4525 carnem
853 4479 902 4524 et
927 4470 1254 4540 sanguinem,
1285 4471 1375 4526 sed
1415 4471 1662 4529 adversus
1701 4473 1898 4544 princi-

333 4569 488 4632 patus
519 4567 567 4613 et
587 4567 880 4629 potestates,
907 4568 955 4612 et
976 4560 1159 4614 mundi
1179 4560 1338 4628 huius
1364 4571 1584 4618 rectores
1613 4563 1772 4634 (Eph.
1797 4563 1894 4632 vr);

315 4655 440 4712 qua:
466 4657 644 4696 omnm
671 4644 811 4697 bono
831 4645 975 4712 operi
1004 4642 1384 4716 adversantur,
1407 4662 1462 4704 et
1493 4652 1613 4706 ideo
1635 4651 1896 4720 patientia

319 4735 635 4793 necessaria
653 4747 759 4803 est,
781 4737 905 4805 quia
919 4739 1176 4808 scriptum
1205 4757 1220 4796 :
1249 4739 1314 4795 In
1333 4751 1503 4797 vestra
1529 4743 1788 4812 patientia
1803 4761 1898 4800 ac-

317 4825 539 4898 quiretis
565 4826 776 4881 animas
799 4837 998 4882 vestras
1029 4827 1180 4901 (Luc.
1216 4831 1350 4902 xxi).
1377 4831 1670 4888 Videamus
1713 4845 1895 4890 autem

318 4917 464 4988 quod
485 4915 618 4972 dicit
646 4931 782 4989 opus
813 4917 1032 4974 bonum.
1053 4917 1313 4976 Doininus
1339 4925 1388 4974 in
1416 4920 1703 4990 Evangelio
1732 4922 1800 4979 de
1832 4937 1894 4978 ea

321 5009 553 5066 muliere
574 5024 693 5080 quae
711 5011 1044 5071 alabastrum
1065 5013 1320 5080 unguenti
1343 5012 1530 5068 cll'udit
1553 5027 1718 5074 super
1739 5022 1898 5082 caput

331 5099 466 5168 ejus,
497 5099 806 5172 pronuntiat
831 5100 957 5170 quia
988 5114 1116 5169 opus
1155 5097 1596 5170 bonum'operata
1624 5111 1701 5156 est
1727 5083 1781 5156 in
1809 5119 1892 5158 me

333 5189 513 5259 (Joan.
541 5189 640 5261 xu)
666 5205 681 5257 ;
711 5189 998 5260 designans
1027 5187 1166 5259 quod
1191 5189 1280 5258 qui
1317 5191 1478 5246 verbo
1525 5191 1617 5246 Dei
1637 5208 1892 5264 -ungueu-

334 5287 444 5333 tum
471 5279 930 5351 sesuperfuderit,
973 5280 1022 5334 id
1071 5288 1173 5344 est,
1230 5279 1319 5349 qui
1347 5295 1512 5351 opera
1555 5299 1676 5339 cum
1719 5284 1887 5340 verbo

329 5369 635 5435 sociaverit,
697 5370 784 5426 ille
843 5385 979 5440 opus
1033 5370 1231 5425 bonum
1285 5385 1567 5441 operetur;
1630 5375 1888 5432 odoratus

326 5470 560 5526 namque
583 5459 814 5516 edicitur
841 5459 987 5515 omni
1017 5469 1410 5531 unguentorum
1440 5467 1705 5522 suavitate
1731 5469 1901 5538 reple.

327 5552 435 5610 tus,
461 5559 640 5603 sermo
685 5565 808 5604 cum
859 5550 1020 5606 fuerit
1057 5565 1220 5620 opere
1260 5562 1316 5609 et
1344 5556 1556 5612 actibus
1583 5569 1893 5617 exornatus.

323 5633 480 5696 Ruuc
515 5637 644 5708 quid
665 5647 748 5694 est
775 5639 1000 5709 gloriam
1037 5650 1091 5694 et
1140 5640 1596 5714 incorruptionem
1653 5665 1896 5718 quaerere

2003 3205 2056 3260 id
2072 3215 2174 3271 est,
2199 3207 2347 3260 illum
2367 3222 2525 3275 quem
2539 3207 2773 3262 habebat
2803 3209 2854 3260 in
2879 3205 3130 3278 paradiso
3149 3217 3439 3278 antequam
3458 3224 3586 3278 pec-

2000 3307 2168 3364 caret,
2193 3298 2450 3353 honorem
2473 3312 2578 3366 quo
2599 3297 2694 3351 Dei
2716 3311 2901 3352 vocem
2925 3299 3233 3354 merebatur
3247 3299 3435 3352 audire
3453 3339 3468 3364 ,
3483 3297 3560 3354 ho

1999 3403 2186 3442 norem
2208 3405 2314 3458 quo
2336 3389 2566 3458 paradisi
2588 3387 2852 3444 fructibus
2875 3395 2929 3442 et
2950 3387 3092 3459 ligno
3117 3389 3238 3443 vita:
3261 3387 3580 3456 fruebatur;

1999 3479 2095 3533 sed
2124 3479 2454 3547 incorruptio
2482 3477 2610 3548 quid
2635 3477 2837 3532 indicet
2869 3477 2978 3532 cito
3006 3479 3260 3543 sciemus,
3293 3477 3342 3532 si
3361 3477 3508 3547 quod
3527 3478 3580 3532 ei

1997 3568 2326 3622 contrarium
2347 3574 2448 3632 est,
2473 3567 2845 3623 discutiamus.
2872 3568 3205 3639 lucorruptio
3244 3570 3579 3624 contrariam

1997 3656 2160 3712 habet
2183 3657 2583 3726 corruptionem
2609 3673 2624 3723 ;
2642 3657 2914 3728 corruptio
2936 3659 3146 3713 duobus
3165 3673 3235 3714 ex
3249 3661 3425 3714 modis
3439 3661 3576 3714 acci-

2001 3747 2128 3802 dere
2149 3747 2363 3812 dicitur,
2388 3748 2740 3817 corporaliter
2766 3758 2822 3804 et
2841 3749 3158 3820 spiritaliter
3185 3767 3198 3804 :
3222 3750 3582 3818 corporaliter

1999 3836 2389 3906 accidithcum
2423 3837 2664 3893 evenerit
2706 3837 2837 3894 illud
2883 3839 3027 3909 quod
3063 3839 3322 3910 scriptum
3351 3849 3438 3895 cst
3470 3858 3484 3894 :
3515 3839 3579 3896 Si

1997 3930 2114 4001 quis
2135 3929 2380 4001 templum
2403 3928 2504 3984 Dei
2531 3931 2842 4001 corruperit,
2877 3941 3170 4002 corrumpet
3201 3949 3319 3986 eum
3345 3931 3488 3986 Deus
3519 3932 3574 4004 (I

1997 4018 2118 4076 Cor.
2144 4018 2249 4092 in).
2275 4019 2602 4089 Spiritaliter
2627 4033 2778 4087 vero,
2809 4035 2930 4075 cum
2969 4021 3100 4074 illud
3143 4022 3401 4077 aeciderit
3428 4023 3574 4092 quod

1997 4109 2348 4166 nihilominus
2375 4109 2662 4180 Apostolus
2711 4110 2878 4165 dicit:
2915 4109 3110 4164 Vereor
3131 4124 3304 4166 autem
3329 4129 3414 4179 ne,
3435 4115 3574 4170 sicut

1996 4215 2203 4268 serpens
2230 4198 2394 4252 Evam
2423 4198 2628 4252 seduxit
2655 4201 2849 4252 astutia
2877 4215 3002 4263 sua,
3053 4199 3126 4254 sic
3170 4213 3574 4271 corrumpantur

1997 4303 2176 4342 sensus
2192 4297 2289 4340 ves:
2300 4287 2344 4339 ri
2358 4305 2387 4340 a
2400 4287 2729 4358 simplicitate
2740 4286 2888 4356 ﬁdei,
2901 4305 3017 4359 qua:
3030 4299 3106 4343 est
3129 4290 3182 4344 in
3203 4287 3410 4345 Christo
3439 4291 3571 4346 Jesu

1999 4375 2082 4448 (Il
2110 4374 2233 4430 Cor.
2267 4377 2350 4448 ιι).
2394 4376 2452 4430 Si
2479 4379 2600 4447 quis
2626 4392 2756 4448 ergo
2785 4380 2852 4434 ab
2879 4379 2964 4434 his
2995 4395 3114 4449 qua:
3145 4396 3307 4452 supra
3332 4382 3570 4440 diximus

1989 4469 2259 4528 manserit
2285 4483 2514 4540 corpore
2533 4476 2589 4524 et
2613 4470 2808 4540 spiritu
2846 4455 3213 4543 incorruptus,
3264 4474 3368 4530 iste
3397 4477 3570 4532 incor-

1999 4561 2304 4632 ruptionem
2353 4578 2596 4632 quaerere
2641 4565 2856 4632 dicitur,
2887 4580 2993 4636 quo
3038 4569 3245 4624 scilicet
3290 4587 3390 4641 per
3429 4574 3568 4632 hanc

2000 4653 2360 4709 observantia:
2385 4653 2862 4724 incorruptionem,
2885 4657 3056 4726 illam,
3089 4677 3209 4730 quae
3235 4677 3302 4717 ex
3327 4679 3567 4720 resurre—

1998 4745 2176 4801 ctione
2202 4753 2305 4812 est,
2335 4745 2794 4818 incorruptionem
2825 4753 3082 4821 consequi
3105 4743 3396 4810 mereatur.
3424 4756 3563 4826 Quid

1998 4847 2180 4892 autem
2228 4835 2382 4891 detur
2411 4837 2526 4892 haec
2545 4840 2910 4908 qmerentibus
2951 4842 3265 4902 videamus:
3311 4843 3450 4912 Vita,
3482 4849 3564 4902 in-

1997 4929 2132 5000 quit,
2167 4939 2383 4995 atterna,
2412 4928 2503 4984 illa
2533 4931 2598 4984 de
2632 4945 2738 5000 qua
2767 4929 3016 4987 Salvator
3053 4933 3210 4990 docet
3233 4951 3356 4992 eum
3384 4939 3515 4994 dicit
3544 4959 3557 4996 :

1997 5018 2127 5074 Hac
2155 5029 2230 5073 est
2271 5029 2445 5074 autem
2493 5020 2599 5073 vita
2639 5030 2838 5075 interna
2871 5030 2928 5074 ut
2957 5037 3268 5093 cognoscant
3297 5036 3346 5081 te
3391 5029 3558 5082 solum

1993 5124 2168 5162 verum
2186 5105 2374 5174 Deum,
2395 5118 2441 5162 et
2461 5124 2611 5178 quem
2651 5109 2838 5164 misisti
2877 5109 3058 5164 Iesum
3080 5111 3342 5168 Christum
3371 5116 3554 5189 (Joan.

1993 5195 2144 5266 xv");
2179 5210 2274 5266 per
2300 5197 2440 5265 quod
2488 5197 2723 5252 ostendit
2767 5197 2824 5253 in
2871 5199 3143 5269 agnitione
3179 5203 3275 5260 Dei
3317 5215 3373 5260 et
3407 5205 3561 5262 Chri-

1992 5287 2060 5342 sti
2086 5285 2214 5342 Jesu
2257 5287 2381 5341 vita:
2405 5296 2620 5344 aeterna:
2667 5303 2886 5344 manere
2918 5289 3294 5348 substantiam.
3343 5297 3556 5368 Agnitio

1991 5391 2121 5432 vero
2147 5375 2266 5441 Dei,
2299 5377 2566 5446 quomodo
2599 5377 2784 5432 haberi
2818 5379 3006 5448 possit,
3036 5381 3294 5438 docemur
3321 5387 3374 5440 in
3412 5386 3557 5442 Psalo

1991 5468 2114 5533 mis,
2139 5481 2259 5522 cum
2287 5466 2483 5521 dicitur
2508 5485 2520 5518 :
2567 5463 2753 5520 Vacate
2779 5479 2824 5520 et
2853 5467 3014 5523 videte
3045 5473 3288 5540 quoniam
3319 5491 3412 5546 ego
3440 5493 3552 5532 sunt

1993 5555 2130 5610 Deus
2161 5554 2332 5628 (Psal.
2363 5555 2508 5625 XLV).

2065 5646 2159 5700 llis
2185 5663 2299 5700 vero
2319 5649 2408 5717 qui
2435 5665 2498 5700 er
2527 5650 2866 5714 contentione,
2897 5661 2942 5704 et
2967 5653 3057 5721 qui
3077 5653 3312 5724 diffidunt
3333 5658 3548 5724 ueritati,
