3998 6202
393 278 497 333 515

917 276 1460 333 ENARRATIONUM
1502 278 1566 333 IN
1605 277 1753 332 EPP.
1796 274 2002 333 PAULI
2038 277 2164 331 LIB.
2206 279 2245 333 Ι.
2283 311 2351 321 --
2386 280 2451 335 IN
2490 282 2703 339 EPIST.
2744 286 2836 342 AD
2872 287 3036 345 ROM.

3458 294 3598 351 i3”

355 389 596 442 obediant
625 389 905 458 iniquitati,
934 389 1012 442 ira
1040 400 1087 442 et
1114 389 1421 459 indigumio,
1448 391 1735 455 tribulatio,
1759 400 1805 444 et
1830 406 1924 443 un-
1953 392 2000 448 Α
2028 386 2170 443 lucc:
2206 391 2250 443 si
2275 393 2395 460 quis
2414 384 2644 463 aegrotus
2664 408 2850 453 contra
2881 412 3205 472 prmceptum
3232 406 3424 462 medici
3450 424 3597 465 sum-

353 481 546 554 gustia.
580 478 810 550 (Aurinx)
835 479 945 535 Hoc
974 489 1073 543 est,
1116 482 1308 535 iterata
1340 479 1926 552 angustia:dillldentes

353 570 419 624 de
444 567 624 623 futuro
666 568 757 624 Dei
789 567 992 639 judicio
1032 586 1129 640 per
1168 570 1464 635 Christum,
1505 586 1569 625 ac
1595 584 1692 640 per
1717 571 1839 633 hoc,
1872 576 1926 621 et

352 659 664 728 patientiam
694 657 810 727 ejus
844 668 1266 724 contemnentes,
1290 662 1620 715 contendunt
1658 674 1923 715 evacuare

352 742 500 812 illud,
531 764 652 802 cum
682 749 752 803 sit
775 764 957 802 verum
986 757 1041 803 et
1064 749 1286 816 stabile;
1311 750 1523 803 credunt
1572 750 1709 803 enim
1734 749 1924 818 iniqui-

349 842 466 904 tati,
495 840 753 910 iniquitas
805 849 887 894 est
933 841 1072 895 enim
1114 858 1309 912 negare
1339 842 1478 911 quod
1511 840 1653 895 Deus
1685 839 1923 894 futurum

349 932 617 1000 prtedixit.
649 931 772 989 Tria
805 947 932 1003 ergo
981 931 1085 986 alia
1126 932 1302 1001 posuit
1344 930 1707 985 incredulitati
1745 931 1926 985 condi-

347 1037 451 1090 gna
482 1022 683 1084 dicens,
715 1022 794 1075 ira
823 1032 868 1075 et
903 1022 1194 1091 indignatio
1238 1030 1284 1075 et
1314 1022 1575 1091 angustia,
1605 1021 1684 1074 ira
1712 1030 1793 1074 cst
1818 1036 1921 1073 non

348 1112 398 1165 ei
438 1112 527 1181 qui
551 1112 777 1182 judicat,
808 1112 898 1166 sed
932 1112 1003 1166 illi
1039 1112 1130 1180 qui
1156 1096 1450 1181 iudicatur,
1494 1111 1616 1164 dum
1656 1110 1716 1163 lit
1750 1126 1894 1167 rcus.

348 1204 512 1259 Irasci
543 1205 688 1259 enim
726 1205 922 1258 dicitur
964 1204 1126 1269 Deus,
1157 1212 1217 1257 ut
1257 1204 1623 1257 vindicaturus
1649 1196 1947 1256 credatur.~

346 1292 481 1347 Nam
510 1294 603 1349 Dei
631 1304 822 1348 natura
846 1292 916 1346 ab
954 1292 1037 1346 his
1075 1292 1417 1362 passiouibus
1444 1292 1696 1346 immunis
1740 1297 1848 1355 est;
1868 1300 1924 1345 et

348 1391 406 1436 ut
428 1399 534 1436 non
568 1382 739 1437 solum
773 1380 955 1443 irasci.
991 1380 1083 1435 sed
1110 1390 1164 1434 et
1205 1380 1477 1434 vindicare
1518 1381 1792 1442 credatur,
1823 1378 1919 1431 ad-

339 1469 493 1539 jecit,
538 1481 585 1524 et
634 1471 945 1540 indignatio.
998 1467 1299 1537 Indignatio
1346 1476 1450 1532 est,
1478 1482 1639 1536 quam
1675 1467 1918 1520 addendo

345 1574 509 1631 super
535 1552 666 1614 iram
691 1559 942 1631 injqriam
973 1573 1125 1613 suam
1150 1558 1315 1612 Deum
1342 1557 1737 1610 vindicaturum
1760 1555 1921 1625 signi-

349 1650 493 1705 Iicat.
531 1650 793 1720 Augustine
823 1664 950 1704 vero
981 1658 1126 1713 sunt,
1173 1647 1367 1717 quibus
1393 1645 1661 1701 sententia
1689 1644 1920 1699 constri-

347 1751 467 1797 ctus
496 1741 840 1797 tribulabi‘tur
861 1741 913 1794 in
940 1755 1129 1810 paena.

420 1831 587 1901 Super
620 1848 820 1885 omnem
851 1831 1079 1885 animam
1130 1828 1353 1882 hominis
1397 1826 1656 1897 aperantis
1699 1824 1916 1878 malum.

349 1923 403 1976 lu
435 1923 534 1977 hoc
563 1936 725 1991 apere
756 1936 859 1974 non
889 1918 1061 1974 solum
1096 1916 1238 1972 facta
1282 1914 1569 1985 signiﬁcat,
1595 1914 1690 1969 sed
1721 1921 1776 1968 et
1798 1928 1921 1982 pcr-

349 2011 485 2065 tidia:
514 2010 898 2081 professionem
933 2026 946 2062 :
979 2008 1044 2063 de
1073 2006 1346 2062 incredula
1373 2007 1517 2060 enim
1541 2004 1691 2070 dicit,
1719 2012 1773 2058 et
1800 2004 1919 2058 ideo

346 2116 508 2170 super
536 2100 769 2153 animam
799 2098 955 2161 dixit,
988 2105 1048 2151 ut
1086 2096 1379 2166 spiritalem
1404 2108 1621 2165 pinnam
1653 2093 1920 2162 intelligas

346 2202 450 2244 non
470 2188 825 2260 corporalem,
845 2188 968 2259 quia
984 2187 1161 2242 anima
1187 2185 1545 2241 invisibilibus
1557 2184 1733 2255 ptenis
1748 2194 1918 2239 arcta-

346 2283 509 2335 bitur.
541 2280 736 2352 (Orig)
763 2279 1064 2335 Notandum
1088 2293 1217 2333 vero
1236 2276 1379 2346 quod
1408 2275 1695 2346 Apostolus
1720 2275 1774 2329 in
1791 2289 1917 2329 euu-

345 2362 601 2427 merendo
620 2386 807 2442 ptenas
834 2370 1056 2425 meritas
1076 2376 1440 2437 peccatorum,
1473 2381 1578 2420 non
1609 2366 1747 2421 dixit
1779 2366 1913 2419 iram

341 2473 399 2518 et
428 2463 849 2534 indignationem
869 2502 883 2526 ,
909 2468 968 2514 ut
996 2468 1051 2513 et
1076 2460 1178 2513 hoc
1216 2455 1483 2512 referatur
1517 2455 1585 2509 ad
1613 2454 1689 2521 id,
1717 2455 1914 2519 reddet,

342 2555 484 2624 quod
509 2554 753 2624 superius
780 2553 1017 2612 dixerat;
1049 2549 1142 2605 sed
1168 2549 1261 2615 ait,
1289 2547 1382 2602 Ira
1403 2558 1451 2602 et
1481 2547 1791 2616 indignatio,
1825 2548 1918 2600 tri-

343 2644 541 2698 bulatio
568 2652 625 2697 et‘
644 2641 904 2712 angustia.
938 2640 1093 2697 Unde
1132 2639 1220 2707 qui
1259 2635 1518 2707 spiritalis
1547 2644 1649 2697 est,
1682 2642 1736 2689 ct
1761 2634 1919 2688 intel-

342 2736 460 2807 ligit
488 2734 616 2805 quid
646 2733 877 2803 Spiritus
912 2732 1162 2801 loquatur
1189 2730 1241 2783 in
1270 2727 1434 2783 Paulo
1453 2768 1467 2793 ,
1492 2726 1620 2782 dicit
1669 2740 1773 2779 non
1801 2727 1916 2779 lucc

340 2823 651 2895 Apostolum
674 2836 769 2891 per
796 2821 1138 2891 imperitiam,
1167 2819 1260 2874 sed
1280 2834 1378 2889 per
1396 2817 1635 2872 divinam
1666 2816 1914 2884 peritiam

341 2916 749 2986 conscripsisse,
787 2914 1026 2977 scilicet,
1082 2921 1147 2967 ut
1189 2927 1283 2982 per
1328 2910 1444 2965 haec
1490 2909 1797 2964 ostenderet
1851 2924 1914 2962 ea

342 3010 556 3080 quidem
597 3022 715 3077 quze
741 3006 1031 3061 secundum
1062 3004 1375 3074 patientiam
1414 3000 1542 3057 boni
1569 3000 1748 3071 operis
1771 3014 1915 3069 quae-

2026 481 2193 547 pserit
2219 484 2483 538 malorum
2509 485 2749 542 ciborum
2778 505 2988 557 succos,
3016 502 3070 549 et
3116 498 3357 566 corporis
3382 502 3594 558 turbata

2027 570 2283 638 temperie
2316 571 2368 625 in
2406 572 2584 629 febres
2625 586 2678 630 et
2711 578 2762 631 in
2798 581 3063 649 quoslibet
3110 584 3477 651 hujuscemodi
3514 591 3598 645 in-

2024 663 2252 715 currerit
2283 665 2515 730 morbos,
2547 676 2750 721 certum
2781 682 2861 724 est
2890 676 3029 742 quod
3057 690 3160 728 non
3185 691 3280 745 per
3306 680 3594 746 medicum,

2024 750 2117 842 sed
2140 764 2235 818 per
2264 752 2725 823 intemperantiam
2752 773 2954 830 pestem
2988 766 3258 837 languoris
3287 775 3553 842 acceperit
3577 796 3592 831 :

2024 837 2067 932 si
2098 853 2225 891 vero
2256 843 2444 932 medici
2472 858 2735 917 praecepta
2760 855 3084 920 custodiens,
3112 857 3165 910 in
3190 837 3447 929 sospitate
3474 879 3596 932 per-

2024 925 2199 988 duret,
2231 930 2413 999 utique
2440 950 2536 1002 per
2563 940 2827 994 medicum
2877 943 3084 1008 dicetur
3125 925 3324 1005 habere
3362 925 3594 1023 gratiam

2024 1017 2308 1105 sanitatis:
2342 1023 2441 1076 hoc
2492 1040 2617 1095 ergo
2677 1032 2833 1083 modo
2885 1047 3274 1105 consequenter
3328 1017 3595 1101 videbitur

2024 1103 2167 1159 Deus
2190 1107 2303 1175 ipse
2329 1124 2423 1178 per
2450 1128 2508 1166 se
2545 1116 2766 1173 reddere
2794 1121 3077 1193 unicuique
3115 1131 3408 1186 secundum
3430 1149 3592 1204 opera

2019 1209 2138 1275 sua,
2171 1212 2289 1265 quae
2320 1198 2455 1254 bona
2481 1213 2625 1268 sunt,
2654 1208 2789 1261 mala
2818 1220 2992 1265 autem
3021 1218 3206 1271 venire
3228 1198 3593 1293 intelligantur

2022 1300 2127 1340 non
2168 1303 2195 1340 a
2225 1288 2355 1353 Deo,
2384 1293 2475 1345 sed
2497 1309 2561 1347 ex
2583 1298 2830 1364 pessimis
2860 1300 3282 1371 intemperantia:
3309 1288 3483 1369 succis
3532 1309 3594 1370 et

2022 1377 2186 1431 cruda
2240 1382 2507 1447 pravitate
2558 1396 2855 1455 gestorum.
2890 1390 3087 1446 Verum
3133 1405 3186 1449 et
3244 1399 3345 1455 hoc
3393 1403 3589 1471 ipsum,

2008 1468 2163 1536 {quod
2189 1470 2341 1535 dixit,
2364 1474 2453 1543 qui
2494 1492 2559 1528 ex
2585 1480 2905 1534 contentione
2933 1483 3182 1550 difﬁdunt
3229 1468 3434 1557 quidem
3464 1468 3595 1547 reti;-

2022 1558 2139 1624 tati,
2170 1559 2519 1631 obtemperant
2545 1577 2716 1621 autem
2767 1570 3050 1641 iniquitati,
3077 1575 3429 1635 indiscussum
3485 1601 3591 1641 non

2022 1650 2350 1740 omittamus.
2390 1653 2447 1706 In
2476 1655 2560 1710 bis
2603 1657 2745 1711 enim
2795 1660 3019 1729 singulis
3063 1663 3342 1735 lauguorcs
3375 1672 3591 1740 quidem

1951 1727 1996 1785 Β
2024 1739 2217 1795 anima:
2248 1743 2315 1796 ab
2351 1742 2604 1813 Apostolo
2655 1727 3022 1820 designantur,
3053 1727 3277 1823 quorum
3324 1727 3589 1820 medelam

2021 1843 2179 1883 nemo
2224 1831 2476 1899 inveniet,
2530 1836 2630 1889 nisi
2690 1840 2842 1908 prius
2903 1846 3210 1899 morborum
3280 1858 3593 1919 cognoverit

2019 1931 2228 1973 causas.
2255 1920 2321 1974 Et
2363 1922 2483 1978 ideo
2528 1925 2580 1978 in
2637 1927 2835 1983 divinis
2892 1932 3203 2002 Scripturis,
3243 1941 3590 2008 argritudiues

2019 2008 2211 2098 animm
2251 2024 2621 2077 numerantur,
2656 2025 2711 2071 ct
2748 2022 2981 2076 remedia
3015 2025 3410 2096 (lescribttutur,
3438 2035 3585 2098 uthi,

2019 2097 2119 2191 qui
2135 2112 2193 2151 se
2229 2101 2534 2168 apostolicis
2566 2106 2922 2183 subdiderunt
2947 2111 3257 2191 disciplinis,
3280 2132 3342 2171 ex
3368 2119 3449 2173 his
3471 2097 3589 2191 (pira

2019 2186 2216 2256 scripta
2244 2199 2367 2241 sunt
2409 2193 2605 2262 agnitis
2637 2180 2979 2266 languoribus
3009 2180 3120 2257 suis
3154 2180 3347 2273 curati,
3379 2180 3588 2279 possint

2017 2277 2196 2334 dicere
2221 2298 2234 2333 :
2266 2280 2474 2348 Lauda,
2503 2289 2678 2340 anima
2700 2305 2832 2354 mea,
2865 2291 3160 2359 Dominum,
3183 2300 3271 2367 qui
3297 2277 3447 2355 sanat
3471 2320 3586 2358 om-

2018 2368 2406 2461 nes‘languores
2452 2383 2568 2429 tuos
2622 2375 2791 2449 (Psal.
2846 2382 2960 2455 cn).
3005 2384 3151 2440 Unus
3205 2404 3332 2461 ergo
3367 2410 3431 2448 ex
3480 2412 3586 2453 ca":-

2019 2457 2152 2513 teris
2190 2461 2383 2516 anima:
2409 2462 2650 2535 languor,
2682 2477 2734 2520 et
2763 2471 2975 2537 quidem
3006 2457 3291 2542 pessimus,
3314 2486 3587 2540 contentio

2017 2561 2139 2602 esse
2174 2550 2518 2622 intelligenda
2546 2563 2646 2621 est,
2679 2568 2776 2625 per
2811 2574 2969 2628 quam
3006 2577 3162 2618 omne
3204 2582 3337 2636 opus
3361 2587 3588 2640 pravum

2017 2638 2250 2707 geritur;
2306 2655 2402 2710 per
2446 2642 2586 2696 banc
2635 2645 2868 2702 hmrescs
2923 2663 3232 2719 nascuntur,
3290 2638 3386 2726 per
3447 2663 3588 2719 hanc

2017 2729 2310 2785 schismata
2357 2740 2410 2786 et
2434 2734 2612 2788 omnia
2658 2739 2910 2793 scandala
2952 2742 3002 2795 in
3049 2744 3289 2802 ecclesiis
3328 2765 3589 2820 generau-

2019 2825 2124 2884 tur,
2155 2820 2279 2875 dum
2306 2824 2360 2877 bi
2391 2825 2480 2894 qui
2518 2827 2657 2896 apud
2695 2831 3010 2900 semetipsos
3035 2837 3324 2903 prudentes
3361 2848 3502 2906 sunt,
3532 2853 3589 2898 et

2019 2910 2072 3005 in
2094 2924 2379 3005 conspectu
2403 2931 2499 3005 suo
2522 2920 2811 2989 sapientes,
2838 2925 3093 2994 quidquid
3116 2926 3337 2983 libuerit
3353 2948 3450 3002 pro
3471 2933 3586 3005 lege

2019 2998 2330 3092 defendunt.
2361 3004 2428 3058 Et
2456 3004 2579 3061 inde
2602 3008 2680 3073 Iit,
2714 3019 2772 3063 ut
2802 3010 3072 3069 diliidatur
3101 3018 3313 3085 quidem
3348 2998 3583 3092 veritati,

345 3056 556 3080 “unm
601 3056 714 3077 ΓΝ
742 3056 1028 3061 "‘wﬂw
1431 3056 1435 3057 ί
1605 3056 1623 3071 ι
1788 3056 1806 3069 ⁵
2718 3056 2772 3063 _-
2804 3056 3061 3069 η...,..μ....
3141 3056 3313 3073 ...υνιη
3354 3056 3558 3079 mu...“

344 3101 585 3157 rentibus
609 3098 830 3171 gloriam
857 3105 912 3152 et
951 3096 1411 3165 incorruptionem
1438 3093 1707 3149 reddenda
1764 3100 1910 3158 sunt,
1939 3056 1987 3118 (ἶ
2018 3089 2421 3162 obtemperetur
2455 3108 2636 3152 autem
2685 3100 2974 3171 iniquitati.
3008 3056 3251 3164 Diliidere
3280 3125 3441 3180 porro
3488 3064 3587 3184 prd

341 3208 440 3262 per
468 3190 633 3245 Deum
664 3189 836 3252 reddi,
874 3188 926 3241 id
957 3196 1057 3251 est,
1103 3187 1269 3240 vitam
1315 3194 1569 3240 atternam
1600 3202 1613 3237 :
1653 3199 1715 3239 ea
1764 3198 1911 3251 vero,

342 3296 464 3351 qum
491 3284 882 3347 consequentur
925 3291 1034 3340 eos,
1061 3276 1154 3346 qui
1198 3290 1294 3346 per
1331 3275 1730 3330 contentionem
1768 3273 1914 3329 ditii-

342 3374 475 3428 dunt
499 3371 712 3441 quidem
754 3370 991 3433 veritati,
1032 3370 1402 3438 obtemperant
1448 3382 1576 3421 vero
1621 3367 1911 3437 iniquitati,

344 3480 451 3519 non
477 3478 507 3516 a
537 3462 645 3517 Deo
681 3461 819 3525 dari,
850 3459 1001 3528 cujus
1047 3460 1184 3513 dona
1230 3459 1411 3530 utique
1450 3461 1815 3529 permanentia
1859 3468 1914 3515 et

343 3557 460 3625 ipso
494 3554 650 3622 digna
682 3552 944 3618 sunt,-sed
976 3567 1040 3605 ex
1066 3552 1450 3622 consequentia
1486 3561 1759 3621 gestorum
1789 3567 1915 3606 suo-

344 3661 463 3700 rum
492 3645 573 3698 his
626 3644 713 3715 qui
743 3651 1024 3712 operantur
1059 3640 1277 3705 malum,
1300 3641 1381 3694 ira
1411 3651 1457 3695 et
1487 3640 1795 3710 indignatio,
1820 3642 1917 3693 tri-

343 3735 558 3791 butatio.
585 3745 630 3788 et
658 3733 901 3803 angus!ia
936 3732 1057 3796 erit,
1088 3733 1379 3786 secundum
1421 3745 1504 3797 ea,
1542 3746 1661 3800 qua:
1699 3731 1915 3787 thesau-

346 3827 653 3880 rizaverunt
676 3823 917 3892 sibiipsi;
946 3837 1070 3875 nam
1093 3822 1277 3890 utique
1300 3821 1440 3876 sicut
1467 3821 1539 3875 ibi
1564 3821 1730 3876 vitam
1757 3831 1915 3876 aeter-

346 3932 471 3970 nam
502 3930 628 3970 casu
656 3913 960 3985 accusativo
999 3911 1318 3981 protulerat,
1351 3912 1424 3966 ita
1460 3918 1516 3966 et
1542 3912 1631 3965 hic
1678 3911 1813 3965 iram
1859 3919 1915 3966 et

346 4005 766 4076 indignationem
805 4001 1307 4071 tribulationemque
1349 4008 1403 4055 et
1449 4001 1754 4071 angustiam
1784 4016 1914 4057 casu

345 4094 651 4151 accusativo
680 4092 1010 4162 protulisset,
1049 4091 1094 4146 si
1123 4091 1175 4147 id
1217 4091 1283 4147 ad
1313 4092 1584 4147 reddentis
1606 4091 1700 4147 Dei
1728 4107 1915 4162 perso-

298 4240 302 4243 Α
346 4201 470 4240 nam
502 4184 639 4240 ferre
664 4183 949 4248 voluisset,
977 4182 1120 4251 quod
1144 4189 1199 4237 et
1228 4181 1347 4236 aliis
1371 4179 1663 4251 Scriptura:
1684 4181 1817 4237 locis
1843 4181 1917 4237 si—
1937 4165 1979 4213 ⁴

345 4275 546 4329 militer
573 4273 887 4343 intelligitur
922 4271 1210 4343 designari,
1243 4271 1384 4328 sicut
1403 4279 1458 4327 et
1480 4272 1533 4326 in
1558 4272 1733 4342 primo
1775 4270 1917 4330 libro

346 4363 581 4433 Regum,
610 4361 701 4415 ubi
735 4360 867 4416 dicit
890 4359 1148 4415 Dominus
1188 4378 1200 4414 :
1248 4357 1611 4429 Gloriﬁcantes
1655 4378 1737 4414 me
1804 4360 1913 4433 glo-

345 4451 593 4521 riﬁcabo;
620 4460 914 4520 spernentes
935 4466 1014 4503 me
1051 4458 1356 4519 spernentur
1376 4449 1429 4521 (Ι
1457 4448 1584 4520 Reg.
1610 4448 1692 4522 tt),
1720 4452 1774 4504 in
1806 4466 1912 4520 quo

342 4543 623 4599 evidenter
671 4543 968 4598 ostenditur
996 4543 1139 4612 quod
1179 4543 1310 4597 dicit
1358 4542 1618 4598 Dominus
1660 4558 1786 4611 eos,
1821 4546 1913 4615 qui

344 4635 677 4705 gloriﬁcandi
712 4642 856 4699 sunt,
881 4648 978 4704 per
1006 4649 1064 4688 se
1101 4632 1498 4703 glorilicandos,
1541 4635 1607 4690 de
1634 4635 1719 4691 his
1760 4650 1910 4703 vero,

344 4730 436 4799 qui
461 4728 745 4798 spernendi
772 4736 917 4793 sunt,
948 4741 1053 4780 non
1078 4724 1326 4780 retulisse
1353 4726 1420 4780 ad
1447 4741 1525 4791 se,
1550 4726 1644 4781 sed
1671 4726 1912 4784 absolute

343 4819 563 4882 dixisse,
587 4819 709 4888 quia
758 4828 1079 4888 spernentur.
1112 4815 1169 4871 Si
1216 4816 1380 4880 enim,
1408 4824 1468 4871 ut
1512 4819 1653 4873 bona
1689 4834 1789 4889 per
1829 4835 1915 4875 se-

346 4910 633 4979 metipsum
669 4917 908 4978 praestat,
937 4908 1010 4962 ita
1049 4907 1210 4963 etiam
1252 4908 1389 4962 mala
1425 4923 1521 4977 per
1561 4910 1909 4979 semetipsum

345 5001 669 5055 retribueret
712 5001 881 5063 Deus,
930 5013 1261 5067 consequens
1307 5009 1427 5052 erat
1456 5038 1471 5065 ,
1521 5007 1583 5053 ut
1641 5001 1910 5069 quomodo

345 5089 499 5154 dixit,
518 5086 880 5156 Glori/icantes
907 5104 986 5142 me
1004 5087 1327 5158 gloriﬁcabo,
1349 5089 1421 5143 ita
1445 5089 1664 5155 diceret,
1688 5099 1741 5145 et
1767 5105 1914 5160 sper-

346 5188 536 5235 nentes
560 5194 666 5247 me,
691 5194 960 5249 spernam.
985 5178 1091 5234 Sed
1116 5184 1171 5234 et
1203 5179 1255 5232 in
1285 5179 1386 5235 alio
1409 5180 1527 5235 loco
1557 5196 1654 5249 per
1676 5181 1909 5251 prepbe-

348 5280 455 5324 tam
478 5270 652 5324 simile
675 5270 802 5340 quid
832 5271 1044 5324 videtur
1062 5271 1270 5325 ostendi
1303 5271 1354 5323 in
1393 5286 1477 5331 eo,
1529 5272 1669 5338 quod
1716 5272 1771 5325 hi
1818 5271 1907 5340 qui

344 5370 475 5415 eunt
502 5361 556 5414 in
587 5361 785 5432 ignem,
816 5377 921 5417 non
944 5376 973 5414 a
1006 5362 1134 5425 Deo,
1164 5362 1254 5416 sed
1285 5377 1315 5415 a
1349 5362 1652 5430 semetipsis
1683 5378 1805 5416 eum
1831 5364 1911 5417 in-

345 5451 566 5506 veniant
592 5466 902 5516 accensum,
926 5454 1064 5506 sicut
1085 5452 1211 5506 dicit
1236 5452 1399 5505 Isaias
1427 5469 1439 5504 :
1472 5450 1500 5503 1
1508 5461 1573 5514 te,
1622 5450 1911 5505 illuminnte

344 5540 489 5609 ignes
511 5549 718 5606 vestros,
734 5552 779 5595 et
803 5543 1070 5611 ﬂammam
1095 5556 1249 5611 quam
1277 5541 1579 5595 uecendistis
1598 5539 1728 5611 (Isa.
1747 5543 1821 5613 ι).
1843 5540 1912 5599 Ut

350 5632 522 5685 adhuc
547 5632 957 5701 planiorhorum
996 5631 1087 5686 fiat
1116 5633 1439 5695 dissertatio,
1465 5632 1726 5686 addentur
1748 5633 1908 5686 etiam

2016 3195 2122 3234 non
2150 3184 2371 3238 credere
2394 3186 2477 3240 vel
2515 3203 2619 3243 non
2655 3191 3030 3260 obtemperare
3061 3196 3197 3252 solet
3243 3200 3296 3253 in
3345 3198 3587 3271 Scriptu-

2015 3271 2092 3326 ris
2120 3274 2323 3329 sanctis
2361 3275 2610 3344 inveniri,
2635 3280 2774 3335 sicut
2798 3291 2852 3336 et
2886 3283 2940 3337 in
2971 3285 3073 3341 hoc
3101 3286 3241 3353 loco,
3272 3291 3413 3359 quod
3446 3292 3586 3348 forte

2015 3363 2193 3433 aptius
2253 3364 2477 3422 Latinus
2542 3369 2812 3440 interpres
2875 3375 3177 3443 posuisset,
3232 3378 3276 3432 si
3336 3379 3584 3448 dixisset,

2014 3456 2106 3523 qui
2154 3471 2261 3511 non
2296 3457 2551 3513 obediunt
2604 3462 2838 3527 veritati,
2869 3461 2962 3517 scd
3000 3465 3256 3520 obediunt
3294 3468 3584 3538 iniquitati.

2015 3546 2202 3601 Omnis
2236 3561 2362 3617 ergo
2395 3551 2483 3618 qui
2523 3550 2754 3606 alienum
2796 3568 2825 3606 a
2868 3556 3092 3611 veritate
3122 3557 3223 3612 iter
3267 3559 3584 3630 ingreditur,

2013 3650 2117 3691 nec
2136 3638 2379 3706 sequitur
2399 3654 2519 3693 eum
2577 3642 2666 3710 qui
2689 3643 2842 3707 dixit,
2870 3642 2982 3714 Ego
3007 3663 3123 3699 sum
3164 3648 3368 3715 veritas,
3398 3650 3587 3707 ditlidit

2014 3727 2248 3790 veritati,
2280 3735 2335 3780 et
2360 3728 2762 3785 iuobedicnsest
2780 3733 2850 3795 ei;
2875 3734 2953 3787 sic
2977 3736 3065 3804 qui
3084 3751 3187 3789 non
3202 3737 3370 3791 solum
3387 3740 3438 3792 in
3458 3741 3588 3794 acti-

2014 3816 2135 3880 bus,
2159 3817 2252 3869 sed
2275 3824 2330 3870 et
2350 3816 2405 3869 in
2425 3819 2672 3873 sensibus
2702 3829 2755 3872 et
2774 3821 2825 3873 in
2850 3820 2952 3875 ﬁde
2975 3828 3330 3893 errant',quod
3351 3829 3586 3885 maxime

2015 3918 2079 3958 ex
2107 3905 2448 3959 contentione
2480 3907 2757 3976 contingit.
2789 3906 2894 3963 Sed
2920 3919 2974 3964 et
2995 3913 3086 3981 qui
3117 3914 3389 3982 sapientiae
3412 3917 3588 3973 obsis-

2017 4003 2158 4061 tunt,
2189 4003 2246 4049 et
2266 3995 2487 4063 iustitia:
2513 4011 2577 4052 ac
2610 3999 3053 4068 sanetilicationi,
3086 4003 3325 4059 dillidunt
3348 4006 3583 4076 Christo,

2015 4086 2105 4156 qui
2125 4085 2263 4141 sicut
2282 4086 2481 4141 veritas
2502 4098 2604 4152 εει,
2634 4089 2707 4143 ita
2725 4097 2781 4144 et
2798 4091 3079 4159 sapientia,
3104 4093 3177 4147 ita
3201 4103 3253 4148 et
3279 4098 3587 4154 sanctiﬁca-

2017 4177 2095 4231 tio
2114 4184 2229 4242 est;
2264 4191 2372 4232 non
2397 4176 2769 4248 obtemperare
2794 4190 2973 4234 autem
3003 4180 3214 4237 Christo
3233 4223 3247 4248 ,
3268 4183 3358 4254 qui
3378 4184 3585 4255 iustitia

2018 4285 2123 4339 est,
2167 4275 2268 4328 hoc
2300 4281 2405 4337 est,
2435 4272 2805 4343 obtemperare
2848 4274 3138 4345 iniquitati,
3168 4284 3222 4330 et
3261 4276 3344 4331 bis
3373 4277 3585 4336 actibus

2016 4353 2155 4436 quos
2180 4368 2296 4421 sine
2321 4364 2482 4420 dubio
2515 4375 2915 4436 consequuntur
2940 4367 3026 4421 illa
3071 4381 3188 4436 quae
3211 4368 3409 4439 scripta
3436 4381 3578 4435 sunt,

1986 4440 2110 4510 Ἰνα
2136 4464 2182 4509 et
2224 4454 2540 4524 indignatio,
2572 4454 2839 4508 tribulatio
2881 4464 2927 4509 et
2955 4456 3215 4526 angustia.
3255 4457 3331 4512 De
3365 4458 3444 4513 ira
3471 4459 3582 4529 jam

2016 4560 2157 4617 saepe
2202 4545 2437 4600 diximus
2480 4545 2622 4613 quod
2671 4544 2935 4599 interdum
2971 4544 3101 4613 ipse,
3138 4546 3230 4617 qui
3274 4561 3338 4601 ex
3374 4549 3582 4616 peccati

2015 4634 2343 4691 conscientia
2382 4633 2573 4687 animae
2619 4633 2877 4687 incutitur
2916 4634 3209 4701 cruciatus,
3248 4636 3327 4691 ira
3360 4637 3586 4706 appelle-

2014 4733 2123 4779 tur.
2174 4724 2473 4792 Indignatio
2498 4734 2675 4778 autem
2706 4724 2873 4793 ipsius
2898 4724 2992 4780 ira:
3028 4735 3208 4781 ttuuor
3251 4729 3467 4798 quidam
3511 4729 3585 4782 si-

2017 4817 2328 4889 gniﬁcatur,
2355 4826 2409 4871 et
2451 4832 2548 4886 per
2573 4816 2778 4886 singula
2829 4823 3040 4887 quoque
3089 4820 3397 4885 commotio,
3432 4818 3579 4882 utsi,

2014 4910 2163 4966 verbi
2195 4911 2387 4981 gratia,
2411 4910 2603 4964 vulnus
2648 4909 2859 4980 aliquod
2899 4913 3188 4982 pessimum
3230 4911 3365 4966 iram
3416 4926 3582 4981 pona-

2016 5014 2175 5066 mus;
2206 4998 2363 5068 hujus
2401 5008 2579 5054 autem
2628 5008 2808 5053 tumor
2860 5008 2914 5054 et
2960 5001 3233 5065 distentio,
3286 4997 3581 5070 indignatio

2018 5089 2255 5144 vulneris
2286 5087 2599 5158 appelletur.
2657 5086 2954 5141 Tribulatio
2990 5102 3137 5150 vero,
3199 5101 3360 5157 quam
3394 5086 3580 5142 subse-

2016 5180 2198 5247 quitur
2232 5177 2494 5246 angustia,
2528 5192 2636 5230 non
2679 5175 2869 5230 similis
2903 5177 3136 5247 putanda
3164 5184 3248 5230 est
3286 5175 3363 5231 illi
3411 5172 3580 5232 tribu-

2016 5271 2220 5335 lationi,
2251 5271 2316 5324 dc
2342 5285 2444 5338 qua
2465 5270 2594 5323 dicit
2618 5268 2921 5338 Apostolus,
2943 5269 3067 5338 quia
3096 5266 3363 5322 tribulatio
3383 5268 3582 5339 patien-

2015 5365 2139 5416 tiam
2162 5373 2431 5431 operatur;
2457 5360 2544 5414 illa
2568 5361 2710 5414 enim
2735 5360 3139 5415 talistribulatio
3159 5360 3455 5432 angustiam
3472 5375 3577 5415 non

2013 5452 2172 5505 habet
2213 5451 2650 5519 subsequentem,
2681 5449 2818 5503 sicut
2865 5457 2920 5504 et
2948 5448 3060 5518 ipse
3089 5447 3373 5517 Apostolus
3405 5447 3533 5502 dicit
3560 5461 3576 5502 :

2014 5537 2421 5592 Tribulationem
2439 5536 2690 5605 patimur,
2718 5535 2807 5589 sed
2830 5553 2932 5590 non
2948 5538 3315 5606 angustiamur
3345 5533 3429 5608 (ΙΙ
3456 5530 3576 5590 Cor.

2014 5630 2109 5699 Iv.)
2134 5626 2241 5679 Imo
2264 5641 2389 5677 vero
2423 5641 2527 5678 non
2558 5627 2731 5679 solum
2761 5625 2960 5679 nullam
2988 5627 3288 5695 angustiam
3311 5626 3579 5680 tribulntiu
