3998 6202
474 273 613 329 1315

1102 267 1165 321 Β.
1205 259 1457 320 ΒΔΒΑΝΙ
1476 257 1711 314 MAURI
1752 251 2064 310 ARCHIEI’.

2167 248 2413 304 DGUI‘i'f.
2456 244 2740 303 OPERUM
2775 242 2954 297 PARS
2988 238 3073 296 lli.

3586 228 3726 295 ius

469 388 557 443 illa
589 394 922 447 sanctorum,
970 382 1063 437 sed
1093 377 1429 433 latitudinem
1478 373 1673 435 habet;
1706 369 1936 436 denique
1962 363 2043 418 sic
2074 368 2120 422 Α
2152 376 2285 424 rem,
2327 369 2381 413 et
2427 354 2885 425 incorruptionem
2938 350 3325 422 quaerentibus,
3363 348 3478 403 vita
3522 357 3730 404 eterna

471 481 602 536 dicit
619 480 800 550 justus
827 496 839 530 :
870 476 938 530 In
986 472 1321 528 tribulatione
1367 465 1604 521 dilatasti
1633 479 1712 516 me
1738 457 1914 532 (Psal.
1939 455 2046 550 iv).

471 570 528 623 ln
559 549 662 623 hac
694 582 821 639 ergo
854 574 1164 621 sanctorum
1193 560 1372 616 cordis
1412 555 1692 611 latitudine
1743 567 1847 607 non
1874 549 2050 604 solmn

470 661 698 725 habitat,
739 659 833 714 sed
872 654 1169 712 inambulat
1212 652 1371 706 Deus.
1434 648 1491 702 In
1534 653 1877 717 peccatorum
1923 654 2052 695 vero

471 748 744 811 cordibus,
785 747 873 799 ubi
922 742 1180 815 angustia:
1233 746 1377 802 sunt,
1423 739 1551 806 quia
1591 734 1764 789 locum
1790 731 2053 786 dederunt

454 839 687 903 diabolo
729 835 1087 909 ingrediendi,
1117 831 1415 903 ingreditur
1449 827 1687 896 quidem,
1719 823 1811 879 sed
1858 835 1965 875 non
1994 826 2051 873 ut

476 933 705 997 habitet,
755 945 929 999 neque
952 937 1012 982 ut
1037 923 1348 985 inambulet,
1395 917 1655 989 angustia:
1713 914 1856 970 enim
1904 919 2049 975 sunt,

472 1023 565 1078 sed
589 1028 645 1075 ut
670 1021 855 1083 lateat,
883 1025 1135 1085 tanquam
1161 1013 1214 1065 in
1240 1024 1493 1071 caverna,
1518 1014 1602 1060 est
1627 1004 1768 1057 enim
1793 1014 2047 1068 serpens:

474 1112 552 1166 sic
584 1125 711 1181 ergo
734 1110 785 1163 in
810 1123 867 1162 se
893 1104 1081 1159 infelix
1117 1102 1316 1163 anima,
1347 1112 1509 1165 quam
1549 1094 1815 1165 pessimus
1844 1091 1932 1144 hic
1958 1104 2056 1141 an-

474 1203 589 1273 guis
617 1199 915 1259 obsederit,
956 1187 1264 1264 serpentino
1304 1187 1502 1258 frigore
1532 1186 1711 1255 rigens
1737 1181 2052 1245 attrahitur,

471 1271 527 1348 et
556 1296 884 1349 coarctatur,
910 1293 1071 1352 atque
1098 1280 1149 1333 in
1174 1292 1364 1333 omnes
1386 1274 1662 1345 angustias
1681 1271 1907 1340 cogitur.

544 1376 721 1429 Judwi
741 1374 966 1444 primum
997 1380 1043 1423 et
1068 1366 1259 1422 Gra'ci.
1290 1363 1521 1436 (Ambr.)
1560 1362 1788 1430 Semper
1812 1358 2055 1412 Judteum

476 1464 754 1533 anteponit
810 1459 1161 1531 prmrogativa
1215 1456 1467 1517 Patrum,
1525 1460 1583 1506 ut
1628 1458 1721 1504 aut
1768 1457 2057 1503 coronetur

478 1556 702 1625 primus,
718 1561 812 1608 aut
832 1553 1144 1613 damnetur;
1167 1548 1292 1616 quia
1312 1546 1540 1601 credens
1555 1551 1774 1614 propter
1786 1540 2056 1594 Abraham

2151 450 2429 515 reddetur,
2458 447 2548 501 illa
2604 447 2719 500 sine
2762 444 2924 498 dubio
2975 458 3095 513 qua:
3121 441 3273 507 dicit,
3302 436 3417 510 Ego
3471 455 3595 493 sum
3632 439 3737 503 ria,

2148 540 2358 603 veritas,
2394 549 2442 591 et
2477 539 2583 590 vita
2616 534 2796 607 (Ioan.
2825 531 3215 604 xrv);Christus
3251 537 3455 593 autem,
3483 528 3578 597 qui
3627 527 3740 580 vita

2149 637 2349 684 tetcrna
2391 635 2497 692 est,
2534 626 2799 680 bonorum
2836 622 3013 681 omnis
3044 630 3129 676 est
3156 619 3454 691 plenitudo.
3484 617 3741 673 Secundo

2151 718 2206 773 in
2241 716 2360 771 loco
2385 722 2655 785 ponuntur
2682 712 2739 767 bi
2787 714 2878 780 qui
2908 727 2972 765 ex
3001 709 3372 771 contentione,
3397 714 3455 760 et
3476 707 3571 775 qui
3610 704 3746 759 dim-

2151 810 2286 863 dunt
2315 808 2532 877 quidem
2560 804 2793 867 veritati,
2817 804 3192 870 obtemperant
3226 806 3408 853 autem
3436 795 3742 865 iniquitati,

2152 897 2348 967 quibus
2379 896 2457 949 ira
2478 902 2531 949 et
2554 892 2873 963 indignatio,
2897 888 3170 944 tribulatio
3197 896 3253 941 et
3284 888 3536 957 angustia
3564 885 3717 938 iinnii

2153 996 2264 1050 net,
2298 986 2350 1040 id
2378 993 2480 1049 est,
2510 983 2658 1039 omni
2690 983 2744 1037 in
2773 997 2859 1036 me
2878 978 3122 1050 operanti
3152 978 3381 1040 malum,
3408 974 3603 1030 Judazo
3632 976 3739 1043 pri-

2155 1093 2300 1131 mum
2329 1085 2383 1130 et
2406 1074 2619 1129 ϐτεεεο.
2654 1072 2754 1127 His
2794 1079 2973 1125 autem
3021 1068 3227 1123 eisdem
3255 1067 3420 1120 etiam
3474 1067 3743 1118 bonorum

2156 1164 2439 1219 retributio
2524 1163 2681 1217 tertio
2708 1162 2760 1215 in
2792 1160 2911 1215 loco
2936 1158 3053 1229 pari
3082 1173 3203 1212 cum
3234 1156 3592 1229 distinctione
3621 1170 3745 1223 pro-

2156 1258 2403 1319 mittitur,
2437 1270 2558 1309 cum
2588 1252 2723 1308 dicit
2751 1271 2763 1305 :
2797 1249 2979 1305 Gloria
3026 1260 3199 1303 autem
3244 1218 3293 1301 έι
3338 1248 3535 1309 honor,
3565 1218 3747 1315 ert—pa:

2154 1348 2294 1402 omni
2307 1345 2541 1416 aperanti
2559 1341 2969 1407 bonum,Judwo
2989 1340 3212 1407 primum
3233 1335 3485 1390 etCraco
3508 1374 3529 1392 .
3550 1334 3744 1403 (Orig)

2156 1437 2310 1504 Quod
2329 1477 2344 1500 ,
2370 1444 2429 1490 ut
2456 1450 2553 1505 ego
2576 1447 2767 1504 capere
2795 1446 3012 1501 possum
3029 1471 3043 1495 ,
3075 1430 3142 1484 de
3166 1427 3367 1484 Iudaeis
3395 1436 3453 1482 et
3494 1427 3746 1496 gentibus

2157 1529 2311 1592 dicit,
2332 1528 2574 1594 utrisque
2596 1524 2830 1579 nondum
2853 1521 3214 1579 credentibus;
3234 1527 3415 1588 potest
3432 1517 3585 1571 enim
3610 1517 3743 1579 ﬁeri,

481 1606 921 1703 honorificentior
965 1648 1071 1705 est,
1103 1606 1347 1693 difﬁdens
1403 1606 1581 1690 autem
1623 1606 1779 1702 pejus
1820 1637 2060 1684 tractan—
2090 1696 2129 1705 __
2160 1627 2221 1672 ut
2249 1617 2330 1671 vel
2356 1632 2423 1671 ex
2463 1615 2582 1679 liis,
2620 1611 2946 1705 quiin-lege
2980 1617 3135 1674 sunt,
3160 1608 3210 1705 si
3235 1608 3360 1677 quis
3384 1606 3746 1677 persuasione

478 1736 575 1788 dus
597 1742 701 1798 est,
728 1732 852 1803 quia
877 1731 1072 1784 donum
1101 1726 1429 1796 promissum
1506 1696 1759 1776 Patribus
1781 1717 2054 1773 refutavit.

2167 1705 2374 1776 quidem
2396 1700 2667 1757 communi
2687 1699 2901 1774 Christo
2921 1712 3027 1752 non
3051 1696 3520 1765 credit,operetur
3544 1703 3745 1747 tantum

548 1822 729 1878 Gloria
753 1829 926 1874 autem
947 1828 993 1872 et
1015 1819 1181 1871 honor
1203 1824 1249 1869 et
1274 1829 1379 1883 pax
1426 1812 1568 1866 omni
1592 1809 1823 1880 aperanti
1845 1807 2055 1869 bonum,

477 1911 668 1965 Judwo
696 1910 922 1980 primum
950 1917 997 1960 et
1027 1904 1230 1967 Cra-co.
1285 1901 1565 1968 Quomodo
1614 1895 1906 1952 incredulis
1955 1895 2058 1947 tria

480 2000 709 2070 ptenalia
738 1996 939 2069 posuit,
980 1995 1060 2049 sic
1108 2003 1163 2047 et
1210 1992 1457 2046 ﬁdelibus
1509 1988 1613 2043 tria
1659 1984 1965 2056 magniﬁca,
2000 1990 2060 2035 ut

480 2090 734 2145 honorem
788 2085 1022 2139 habeant
1060 2082 1355 2152 geminum,
1402 2078 1558 2148 quasi
1605 2074 1698 2131 ﬁlii
1738 2073 1854 2139 Dei,
1892 2070 2059 2143 gloria

451 2167 663 2235 autem
689 2178 760 2232 sit
795 2192 894 2245 pro
916 2175 1307 2236 immutatit’ine,
1344 2187 1448 2240 pax
1475 2182 1623 2234 vero,
1655 2182 1721 2221 eo
1754 2165 1897 2235 quod
1925 2165 2061 2218 bene

484 2269 726 2322 viventes
753 2263 923 2333 quieti
953 2271 1113 2318 erunt
1161 2261 1213 2314 in
1261 2260 1441 2314 futuro
1471 2257 1615 2311 nulla
1653 2255 2062 2327 perturbatione

482 2353 760 2417 commoti,
814 2352 1031 2422 quippe,
1062 2351 1187 2419 quia
1228 2350 1403 2404 omnis
1430 2349 1590 2402 homo
1623 2360 1653 2399 a
1679 2344 1968 2400 contrariis
2002 2357 2061 2398 se

482 2444 764 2500 abstinens
790 2442 931 2512 apud
959 2440 1202 2495 Judicem
1234 2441 1396 2495 habet
1424 2452 1633 2509 pacem.

554 2533 678 2589 Non
729 2536 866 2588 enim
910 2547 1251 2603 personarum
1302 2530 1533 2599 acceptio
1573 2537 1650 2582 est
1697 2527 1837 2598 apud
1870 2525 2057 2581 Deum.

481 2624 747 2693 Quoniam
777 2622 1016 2678 ostendit
1040 2620 1283 2676 Judmum
1312 2620 1427 2675 sive
1452 2617 1704 2673 Griecum
1731 2632 1837 2672 non
1861 2615 2061 2685 despici

482 2735 511 2773 a
543 2718 676 2782 Deo,
709 2717 754 2771 si
791 2725 970 2770 tamen
1013 2714 1198 2768 credat
1234 2712 1289 2765 in
1319 2708 1620 2772 Christum,
1653 2707 1751 2762 sed
1786 2714 2062 2775 acceptam

485 2809 602 2866 ﬁeri
627 2808 887 2863 ambobus
902 2805 1166 2876 justitiam
1198 2802 1351 2868 ﬁdei,
1380 2801 1460 2856 sic
1482 2800 1679 2854 iterum
1706 2811 1812 2851 non
1840 2797 2065 2850 creden-

485 2909 568 2955 tes
595 2899 797 2969 pariter
827 2912 950 2953 reos
974 2910 1117 2960 esse,
1145 2893 1273 2965 quia
1312 2890 1482 2963 magis
1521 2888 1699 2957 oberit
1725 2885 2066 2943 circumcisio

484 2993 602 3047 sine
631 2991 758 3056 ﬁde,
784 2997 840 3044 et
884 2987 1123 3058 proderit
1153 2981 1470 3054 praeputium
1513 2994 1611 3051 per
1664 2978 1846 3043 ﬁdem,
1879 2991 1942 3032 ac
1967 2990 2065 3046 per

488 3084 589 3138 hoc
610 3083 769 3137 docet
803 3091 1159 3150 personarum
1206 3081 1545 3142 acceptorem
1585 3071 1754 3125 Deum
1784 3082 1891 3122 non
1920 3080 2061 3121 esse.

488 3171 597 3228 Nec
619 3173 761 3227 enim
783 3167 1191 3239 praerogativam
1219 3164 1432 3234 generis
1453 3161 1716 3231 sequitur,
1732 3168 1790 3214 ut
1806 3158 2069 3229 suscipiat

488 3278 652 3318 causa
681 3261 905 3317 Patrum
952 3256 1299 3319 dillideutem,
1329 3261 1422 3306 aut
1452 3251 1673 3321 abjiciat
1698 3265 1728 3303 a
1756 3265 1818 3305 se
1851 3256 2069 3318 propter

487 3351 862 3422 indignitatem
906 3356 1188 3417 parentum
1232 3344 1562 3409 credentem,
1592 3342 1686 3398 sed
1712 3354 2069 3409 unumquem-

489 3460 594 3513 que
620 3440 835 3512 proprio
860 3437 1051 3492 merito
1079 3444 1172 3490 aut
1221 3439 1548 3497 remunerat,
1584 3438 1678 3485 aut
1723 3429 2066 3485 condemnat.

490 3523 693 3593 (υνυς.)
724 3520 859 3575 Tres
882 3528 1062 3573 tamen
1095 3518 1223 3573 milii
1250 3519 1355 3571 hoc
1384 3518 1438 3569 in
1468 3519 1586 3571 loco
1613 3515 1831 3569 ordines
1862 3513 2065 3571 fecisse

493 3616 702 3670 videtur
716 3610 1005 3682 Apostolus
1020 3649 1034 3674 ,
1055 3609 1229 3677 primo
1255 3611 1397 3662 enini
1411 3608 1540 3661 dicit
1554 3607 1619 3661 de
1639 3606 1740 3667 his,
1762 3607 1852 3672 qui
1871 3619 2067 3661 secun-

495 3708 621 3761 dum
661 3703 974 3775 patientiam
1006 3700 1132 3757 boni
1170 3698 1350 3769 operis
1365 3698 1593 3769 gloriam
1623 3705 1679 3752 et
1703 3695 1984 3761 honorem,
2007 3704 2065 3751 et

499 3796 956 3864 incorruptionem
977 3802 1247 3867 quierunt,
1272 3791 1414 3859 quod
1442 3790 1573 3859 ipsis
1601 3787 1790 3843 reddet
1822 3786 1964 3843 Deus
1988 3788 2067 3843 vl-

501 3899 604 3940 tam
632 3900 911 3941 aeternam:
938 3884 1251 3953 patientiam
1290 3893 1472 3936 autem
1516 3878 1639 3934 boni
1665 3880 1847 3949 operis
1877 3879 1931 3933 in
1956 3877 2062 3934 illis

502 3996 619 4033 esse
649 3995 723 4032 cei
743 3990 853 4031 tum
881 3985 984 4040 est,
1017 3978 1108 4045 qui
1135 3989 1335 4044 agones
1376 3983 1432 4027 et
1461 3971 1763 4028 certamina
1792 3968 2073 4040 perferunt

506 4073 736 4142 pietatis,
756 4074 895 4137 quod
910 4084 1069 4136 supra
1087 4067 1437 4136 exposuimus
1452 4063 1729 4118 evidenter
1742 4063 1806 4116 de
1816 4061 2077 4116 Christia-

507 4171 590 4221 nis
610 4168 737 4227 diei,
780 4164 920 4232 apud
951 4178 1086 4232 quos
1110 4171 1374 4230 martyres
1411 4160 1568 4225 ﬁunt;
1608 4161 1868 4227 probatur
1896 4165 2077 4210 autem

506 4261 668 4313 etiam
701 4272 797 4323 per
826 4261 948 4317 hoc,
993 4256 1134 4325 quod
1192 4253 1451 4306 Dominus
1485 4251 1618 4306 dicit
1667 4250 1735 4305 ad
1776 4248 2076 4319 apostolos,

2158 1793 2300 1865 quod
2322 1794 2520 1848 bonum
2545 1799 2647 1854 est,
2668 1788 2934 1857 justitiam
2966 1794 3167 1851 teneat,
3191 1785 3631 1839 misericordiam
3660 1783 3746 1835 di-

2158 1883 2305 1952 ligat,
2341 1881 2648 1936 castitatem
2672 1888 2729 1934 et
2753 1876 3139 1935 continentiam
3180 1884 3385 1939 servet,
3417 1873 3747 1929 modestiam
3798 1923 3803 1927 .

2158 1972 2540 2041 lenitatemque
2558 1969 2849 2034 custodiat,
2873 1976 3035 2035 atque
3055 1980 3213 2020 omne
3237 1979 3377 2034 Opus
3396 1963 3605 2018 bonum
3624 1977 3751 2032 ope-

2159 2072 2332 2126 retur,
2359 2060 2466 2124 hic,
2517 2059 2729 2115 etiamsi
2781 2058 2948 2111 vitam
2970 2070 3077 2110 non
3098 2055 3261 2110 habet
3286 2062 3583 2117 aeternam,
3609 2053 3750 2120 quod

2159 2156 2384 2207 credens
2407 2151 2505 2207 soli
2538 2164 2665 2206 vero
2692 2150 2830 2215 Deo,
2852 2163 2958 2203 non
2984 2145 3214 2202 credidit
3231 2153 3285 2198 et
3307 2143 3449 2197 Filio
3477 2143 3603 2214 ejus
3623 2142 3749 2197 Jan
3790 2204 3799 2219 ι

2159 2244 2395 2310 Christo,
2448 2258 2609 2313 quem
2656 2241 2834 2307 misit;
2859 2248 3036 2294 tamen
3067 2252 3293 2308 operum
3326 2236 3503 2307 gloria
3529 2234 3751 2304 ejus,et

2162 2338 2350 2402 honor,
2376 2343 2430 2391 et
2441 2350 2545 2406 pax
2569 2333 2768 2405 poterit
2794 2347 2900 2387 non
2915 2331 3110 2401 perire.
3130 2327 3236 2384 Sed
3263 2326 3586 2389 ethecus,
3602 2327 3751 2381 idest

2162 2427 2391 2499 gentilis,
2423 2426 2470 2481 si
2498 2441 2622 2482 cum
2653 2425 2823 2496 legem
2853 2437 2960 2477 non
2988 2422 3214 2485 habent,
3242 2419 3357 2490 ipse
3398 2419 3507 2473 sibi
3530 2428 3616 2473 est
3645 2418 3747 2477 lex.

2163 2516 2458 2573 ostendens
2480 2530 2615 2585 opus
2640 2515 2774 2585 legis
2802 2513 2858 2568 in
2883 2512 3045 2568 corde
3069 2526 3167 2566 suo
3193 2520 3247 2565 et
3275 2509 3516 2563 naturali
3542 2509 3749 2562 ratione

2164 2607 2415 2662 immotus
2437 2604 2614 2676 (Rom.
2632 2604 2765 2675 xiv),
2789 2603 2928 2658 sicut
2943 2601 3182 2657 videmus
3210 2599 3504 2656 nonnullos
3528 2600 3591 2655 in
3616 2616 3749 2670 gen-

2164 2697 2327 2761 tibus,
2358 2695 2442 2751 vel
2465 2694 2731 2766 justitiam
2764 2699 2963 2756 teneat,
2985 2690 3071 2746 vel
3099 2690 3406 2745 castitatem
3432 2701 3644 2751 servet,
3672 2689 3750 2740 ve!

2163 2789 2524 2861 prudentiam,
2547 2785 2982 2858 temperantiam,
2997 2783 3426 2851 modestiamque
3444 2783 3747 2835 custodiat:

2164 2880 2270 2935 iste
2294 2880 2420 2935 licet
2448 2879 2655 2934 alienus
2694 2893 2725 2932 a
2753 2877 2864 2931 vita
2908 2874 3156 2931 videatur
3183 2882 3415 2937 aeterna,
3460 2872 3593 2940 quia
3646 2888 3749 2926 non

2166 2971 2339 3027 credit
2391 2970 2627 3036 Christo,
2680 2976 2737 3023 et
2806 2968 3011 3022 intrare
3077 2979 3185 3019 non
3224 2963 3399 3035 possit
3433 2963 3488 3016 in
3523 2968 3749 3031 regnum

2168 3062 2447 3125 calorum,
2475 3060 2602 3129 quia
2624 3067 2840 3115 renatus
2862 3071 2969 3113 non
2991 3066 3162 3111 estex
3182 3069 3321 3123 aqua
3341 3064 3398 3131 et
3420 3051 3656 3122 Spiritu,
3679 3053 3751 3106 ri»

2169 3154 2325 3211 detur
2341 3151 2483 3221 quod
2502 3164 2600 3219 per
2627 3150 2743 3205 haec
2769 3162 2889 3219 qua:
2917 3147 3169 3202 dicuntur
3189 3144 3257 3199 ab
3276 3143 3565 3213 Apostolo,
3588 3144 3753 3197 bono-

2158 3257 2289 3296 rum
2321 3253 2544 3310 operum
2572 3238 2797 3311 gloriam
2821 3244 2879 3292 et
2912 3237 3197 3307 honorem,
3227 3242 3283 3288 et
3304 3248 3497 3304 pacem
3527 3233 3755 3304 perdere

2169 3331 2383 3402 penitus
2399 3345 2502 3384 non
2522 3328 2712 3400 possit.
2735 3327 2793 3384 Si
2812 3327 2955 3383 enim
2973 3326 3264 3383 secundum
3287 3341 3350 3381 ea
3371 3341 3495 3395 qua:
3519 3326 3576 3379 in
3601 3341 3754 3395 supe-

2171 3423 2404 3479 rioribus
2438 3421 2808 3484 disseruimus,
2840 3420 3052 3474 videtur
3073 3417 3362 3489 Apostolus
3384 3418 3752 3473 condemnare

2170 3512 2396 3584 gentiles
2416 3527 2482 3568 ex
2504 3526 2569 3567 eo
2589 3511 2733 3581 quod
2754 3507 2987 3565 naturali
3014 3507 3363 3579 intelligentia
3404 3523 3533 3562 eum
3559 3523 3748 3578 cogno-

2173 3605 2376 3660 vissent
2401 3606 2589 3669 Deum,
2614 3618 2723 3658 non
2751 3601 2897 3657 sicut
2914 3599 3081 3655 Deum
3108 3598 3755 3669 magniﬁcaverunt,qno

2174 3695 2333 3751 modo
2371 3708 2478 3749 non
2507 3702 2757 3764 putamus
2790 3691 2931 3760 quod
2967 3689 3130 3744 etiam
3159 3688 3466 3743 collaudare
3502 3703 3605 3742 eos
3636 3703 3755 3756 pos-

2174 3785 2245 3839 sit
2267 3792 2323 3838 et
2342 3783 2554 3847 debeat,
2579 3782 2626 3836 si
2647 3781 2739 3850 qui
2766 3781 2819 3835 in
2845 3780 2930 3834 his
2948 3786 3332 3850 cognoscentes
3353 3777 3522 3832 Deum
3550 3776 3757 3846 magni-

2177 3873 2371 3929 ﬁcent?
2390 3871 2638 3927 Dubitari
2659 3871 2820 3941 igitur
2854 3884 2961 3923 non
2989 3877 3118 3939 puto
3142 3868 3282 3936 quod
3304 3867 3351 3921 is
3372 3867 3469 3936 qui
3488 3882 3593 3936 pro
3618 3867 3755 3922 malo

2175 3980 2338 4035 opere
2365 3960 2711 4018 condemnari
2743 3960 3049 4024 meruisset,
3085 3957 3130 4013 si
3163 3966 3418 4027 operatus
3442 3967 3592 4012 esset
3622 3972 3756 4028 opus

2174 4054 2400 4119 bonum,
2419 4050 2851 4107 remuneratione
2870 4048 2994 4104 boni
3018 4049 3198 4119 operis
3217 4048 3416 4118 dignus
3434 4047 3751 4102 haberetur.

2179 4143 2339 4200 Vides
2359 4143 2501 4199 enim
2525 4142 2792 4198 dicentem
2813 4140 3124 4211 Apostolum
3146 4139 3271 4209 quia
3291 4154 3472 4192 omnes
3496 4154 3597 4193 nos
3616 4151 3756 4191 stare

2178 4245 2375 4306 oportet
2404 4247 2524 4289 ante
2547 4232 2775 4288 tribunal
2800 4231 3019 4297 Christi,
3050 4242 3105 4285 ut
3135 4240 3355 4301 reportet
3397 4231 3755 4300 unusquisque

508 4320 892 4403 tribulationem
915 4320 1164 4400 hab-abitis
1199 4346 1252 4398 in
1271 4347 1368 4398 hoc
1390 4344 1566 4408 modo,
1609 4354 1654 4397 et
1675 4344 1796 4411 quia
1846 4344 2064 4394 mundus

2180 4325 2391 4395 propria
2413 4324 2665 4394 corporis,
2694 4332 2845 4392 prout
2868 4323 3043 4391 gessit,
3081 4322 3186 4375 sive
3209 4321 3398 4374 bonum
3424 4322 3534 4374 sive
3559 4320 3756 4373 malum

474 4446 483 4474 ‘
508 4439 842 4511 gloriabitur,
861 4455 947 4493 vos
968 4449 1139 4491 autem
1163 4436 1404 4505 lugebitis
1423 4433 1759 4511 (Ιοαιιεχῂιι),
1789 4442 1842 4487 et
1869 4432 2079 4486 addidit

500 4509 618 4589 post
643 4534 832 4588 pauca,
870 4518 925 4571 in
968 4522 1135 4570 vestra
1186 4512 1437 4583 patientia
1489 4509 1813 4581 possidebitis
1867 4511 2070 4563 animas

501 4617 713 4662 vestras.
743 4606 1168 4662 Christianorum
1206 4617 1332 4670 ergo
1380 4609 1463 4656 est
1512 4615 1820 4669 pressuram
1872 4601 1980 4670 pati
2017 4600 2069 4654 in

504 4699 606 4752 hoc
646 4695 858 4758 saeculo,
885 4704 938 4749 et
993 4694 1194 4761 lugere,
1236 4705 1460 4760 quorum
1493 4700 1576 4744 est
1616 4691 1725 4743 vita
1754 4699 1975 4744 asterna.
2005 4690 2071 4745 Et

504 4788 584 4865 vis
612 4785 769 4844 scire,
793 4784 935 4851 quod
967 4780 1162 4835 nullius
1187 4787 1270 4833 est
1298 4779 1405 4833 vita
1431 4785 1647 4842 a'tcrna,
1681 4776 1786 4831 nisi
1813 4777 1930 4847 ejus
1979 4778 2069 4846 qui

502 4875 677 4930 credit
713 4874 765 4927 in
811 4870 1106 4933 Christum,
1148 4869 1270 4923 audi
1325 4867 1619 4921 Salvatoris
1662 4867 1830 4936 ipsius
1884 4881 2069 4921 vocem

501 4966 777 5024 evidenter
814 4963 867 5018 in
916 4958 1217 5030 Evangeliis
1252 4958 1663 5028 designantem:
1697 4955 1825 5011 Ha’c
1864 4968 1939 5011 est
1976 4974 2071 5010 au-

503 5040 603 5112 tem
627 5058 729 5110 vita
757 5063 973 5116 (eterna,
1005 5060 1061 5105 ut
1088 5057 1397 5120 cognoscant
1421 5058 1469 5101 te
1496 5046 1663 5101 solum
1690 5044 1859 5101 verum
1881 5046 2069 5112 Deum,

503 5155 550 5199 et
580 5161 734 5215 quem
760 5142 946 5197 misisti
969 5138 1152 5194 Iesum
1194 5135 1458 5192 Christum
1485 5136 1665 5204 (Joan.
1691 5136 1846 5206 xvii).
1886 5136 2073 5191 Omnis

505 5248 650 5305 ergo,
682 5234 774 5301 qui
806 5248 914 5286 non
939 5229 1157 5299 agnovit
1181 5227 1392 5282 Patrem
1421 5225 1592 5281 solum
1614 5265 1629 5289 ,
1659 5234 1712 5279 et
1742 5224 1933 5279 Filium
1960 5224 2074 5294 ejus

504 5323 687 5380 Jesum
709 5322 1004 5384 Christum,
1032 5320 1237 5374 alienus
1266 5324 1348 5373 est
1367 5318 1433 5370 ab
1462 5316 1761 5371 teteriiitate
1787 5317 1927 5379 vitaz,
1961 5316 2076 5370 haec

506 5421 589 5468 est
610 5416 752 5469 enim
792 5412 905 5482 ipsa
949 5410 1170 5479 agnitio,
1199 5419 1255 5463 et
1303 5407 1434 5462 ﬁdes
1469 5407 1576 5460 vita
1605 5420 1724 5461 esse
1766 5407 2077 5476 designatur

507 5510 724 5555 :eterna.
751 5501 844 5556 Est
868 5500 1028 5570 igitur
1046 5498 1308 5567 plurimus
1336 5497 1424 5551 hic
1451 5494 1876 5551 Christianorum
1902 5495 2072 5563 locus,

511 5589 700 5658 quibus
726 5604 821 5659 per
844 5588 1160 5659 patientiam
1191 5587 1316 5643 boni
1341 5586 1538 5655 operis,
1569 5586 1793 5657 gloriam
1829 5597 1882 5642 et
1906 5587 2075 5643 hono-

2183 4415 2268 4487 (ΙΙ
2295 4414 2415 4470 Cor.
2440 4416 2513 4484 v).
2545 4413 2670 4468 Inde
2711 4413 2941 4482 denique
2985 4420 3071 4466 est
3093 4411 3235 4480 quod
3273 4419 3329 4465 et
3380 4412 3436 4465 in
3493 4410 3599 4465 hoc
3641 4410 3754 4465 loco

2180 4506 2473 4577 subjungit,
2498 4521 2598 4558 non
2637 4505 2775 4559 enim
2806 4519 3145 4573 personarum
3207 4502 3438 4572 acceptio
3486 4511 3566 4556 est
3617 4502 3752 4571 apud

2180 4596 2367 4651 Deum.
2408 4595 2559 4662 Quod
2605 4594 2648 4648 si
2699 4593 2872 4648 adhuc
2908 4593 3003 4647 tibi
3031 4592 3248 4647 dubium
3291 4591 3526 4656 videtur,
3549 4592 3677 4647 audi
3701 4600 3753 4644 α

2183 4689 2374 4743 Petrus
2393 4688 2520 4758 quid
2549 4688 2601 4741 in
2626 4687 2849 4741 Actibus
2871 4683 3234 4754 apostolorum
3264 4684 3607 4753 pronuntiet,
3635 4699 3751 4739 cum

2185 4780 2251 4833 ad
2276 4778 2524 4850 gentilem
2544 4777 2846 4834 Cornelimn
2869 4776 3056 4830 fuisset
3080 4777 3350 4845 ingressus
3367 4793 3381 4828 :
3396 4773 3752 4845 Compertum,

2188 4871 2381 4939 inquit,
2404 4870 2586 4933 habeo,
2617 4868 2755 4939 quod
2796 4867 2933 4921 Deus
2977 4882 3316 4937 personarum
3357 4877 3604 4936 acceptor
3656 4882 3755 4919 non

2178 4970 2283 5023 est,
2306 4960 2394 5013 sed
2421 4960 2475 5013 in
2501 4959 2641 5012 omni
2672 4957 2808 5022 loco,
2834 4968 2882 5011 et
2910 4958 2964 5010 in
2989 4958 3129 5011 omni
3163 4964 3332 5026 gente,
3359 4958 3448 5026 qui
3491 4957 3621 5025 facit
3673 4974 3756 5010 eo-

2178 5049 2435 5103 luntatem
2463 5049 2600 5119 ejus,
2629 5058 2866 5119 acceptus
2891 5058 2967 5102 est
2994 5049 3040 5103 ei
3062 5048 3200 5117 (Act.
3229 5047 3307 5121 ι).
3335 5047 3442 5103 Sed
3468 5047 3636 5116 obiici
3672 5063 3755 5101 ηον

2177 5138 2270 5194 bis
2298 5144 2472 5206 potest
2500 5136 2629 5190 illud
2661 5136 2805 5205 quod
2848 5136 3104 5191 Dominus
3158 5137 3212 5189 in
3255 5135 3551 5205 Evangelia
3579 5136 3753 5191 dicit:

2183 5227 2371 5282 Omnis
2387 5228 2474 5297 qui
2496 5227 2655 5281 credit
2670 5228 2723 5280 in
2738 5243 2817 5281 me
2836 5243 2939 5280 non
2954 5228 3311 5297 judicabitur;
3334 5229 3421 5299 qui
3448 5241 3627 5282 autem
3657 5243 3755 5281 non

2179 5317 2372 5379 credit,
2403 5316 2514 5385 jam
2544 5315 2802 5382 indicatus
2827 5327 2922 5383 est,
2948 5319 3072 5387 quia
3096 5334 3200 5372 non
3230 5319 3394 5370 credit
3441 5319 3497 5371 in
3554 5319 3752 5373 nomine

2180 5393 2438 5477 unigeniti
2464 5403 2585 5459 Filii
2608 5406 2700 5459 Dei
2721 5404 2903 5478 (Joan.
2931 5408 3034 5479 ιιι).
3060 5407 3166 5463 Sed
3188 5409 3470 5464 videamus
3489 5409 3754 5479 quomodo

2180 5512 2292 5552 non
2308 5496 2614 5567 iudicamur
2631 5497 2721 5566 qui
2740 5497 3008 5552 credimus
3030 5498 3263 5564 Christo,
3289 5509 3348 5552 ut
3369 5499 3607 5554 sciamus
3627 5511 3775 5569 (μω-ο

2181 5587 2346 5641 modo
2372 5596 2426 5642 et
2448 5584 2817 5654 illejudicatus
2837 5586 2927 5650 sit,
2950 5589 3039 5655 qui
3071 5603 3175 5643 non
3202 5588 3452 5644 credidit.
3475 5588 3746 5658 Nunquid-
