  <div class='ocr_page' id='page_1' title='image "/cluster/home/n/w/nwhite01/storage/ocr_20150623/111/hvd.32044054759766/662.png"; bbox 0 0 3998 6202; ppageno 0'>
   <div class='ocr_carea' id='block_1_1' title="bbox 335 212 1918 274">
    <p class='ocr_par' dir='ltr' id='par_1_1' title="bbox 335 212 1910 271">
     <span class='ocr_line' id='line_1_1' title="bbox 335 212 1910 271; baseline 0.003 -4"><span class='ocrx_word' id='word_1_1' title='bbox 335 213 469 268; x_wconf 74' lang='grc'><strong>1517</strong></span> <span class='ocrx_word' id='word_1_2' title='bbox 896 213 1440 270; x_wconf 73' lang='lat' dir='ltr'><strong>ENARRATIONUM</strong></span> <span class='ocrx_word' id='word_1_3' title='bbox 1480 214 1547 269; x_wconf 79' lang='lat' dir='ltr'><strong>IN</strong></span> <span class='ocrx_word' id='word_1_4' title='bbox 1588 214 1735 269; x_wconf 79' lang='lat' dir='ltr'><strong>EPP.</strong></span> <span class='ocrx_word' id='word_1_5' title='bbox 1772 212 1910 271; x_wconf 67' lang='lat' dir='ltr'><strong>PAL&#39;?</strong></span> 
     </span>
    </p>
   </div>
   <div class='ocr_carea' id='block_1_2' title="bbox 2022 212 3579 274">
    <p class='ocr_par' dir='ltr' id='par_1_2' title="bbox 2022 215 3579 274">
     <span class='ocr_line' id='line_1_2' title="bbox 2022 215 3579 274; baseline 0.003 -6"><span class='ocrx_word' id='word_1_6' title='bbox 2022 215 2148 269; x_wconf 85' lang='lat' dir='ltr'><strong>LIB.</strong></span> <span class='ocrx_word' id='word_1_7' title='bbox 2191 216 2230 269; x_wconf 82' lang='grc' dir='ltr'><strong>Ι.</strong></span> <span class='ocrx_word' id='word_1_8' title='bbox 2273 246 2339 256; x_wconf 92' lang='lat'>-</span> <span class='ocrx_word' id='word_1_9' title='bbox 2376 216 2443 270; x_wconf 79' lang='lat' dir='ltr'><strong>IN</strong></span> <span class='ocrx_word' id='word_1_10' title='bbox 2478 216 2693 272; x_wconf 81' lang='lat' dir='ltr'><strong>EPIST.</strong></span> <span class='ocrx_word' id='word_1_11' title='bbox 2736 216 2827 271; x_wconf 75' lang='lat' dir='ltr'><strong>AD</strong></span> <span class='ocrx_word' id='word_1_12' title='bbox 2864 217 3030 274; x_wconf 78' lang='lat' dir='ltr'><strong>BOM.</strong></span> <span class='ocrx_word' id='word_1_13' title='bbox 3442 216 3579 273; x_wconf 71' lang='grc'><strong>1518</strong></span> 
     </span>
    </p>
   </div>
   <div class='ocr_carea' id='block_1_3' title="bbox 331 306 3582 412">
    <p class='ocr_par' dir='ltr' id='par_1_3' title="bbox 331 306 3582 412">
     <span class='ocr_line' id='line_1_3' title="bbox 331 306 3582 412; baseline 0.004 -33"><span class='ocrx_word' id='word_1_14' title='bbox 331 339 457 379; x_wconf 87' lang='lat' dir='ltr'><strong>nam</strong></span> <span class='ocrx_word' id='word_1_15' title='bbox 486 332 764 393; x_wconf 88' lang='lat' dir='ltr'><strong>putamus,</strong></span> <span class='ocrx_word' id='word_1_16' title='bbox 792 326 886 394; x_wconf 84' lang='lat' dir='ltr'><strong>qui</strong></span> <span class='ocrx_word' id='word_1_17' title='bbox 920 325 1275 380; x_wconf 66' lang='grc' dir='ltr'><strong>ενοειὶιῑυιτίιίιι</strong></span> <span class='ocrx_word' id='word_1_18' title='bbox 1306 306 1542 392; x_wconf 77' lang='lat' dir='ltr'><strong>Christo,</strong></span> <span class='ocrx_word' id='word_1_19' title='bbox 1571 335 1623 382; x_wconf 89' lang='lat' dir='ltr'><strong>et</strong></span> <span class='ocrx_word' id='word_1_20' title='bbox 1651 336 1771 396; x_wconf 91' lang='lat' dir='ltr'><strong>post</strong></span> <span class='ocrx_word' id='word_1_21' title='bbox 1802 327 1905 383; x_wconf 88' lang='lat' dir='ltr'><strong>hoc</strong></span> <span class='ocrx_word' id='word_1_22' title='bbox 1932 334 1981 390; x_wconf 77' lang='grc' dir='ltr'><strong>Α</strong></span> <span class='ocrx_word' id='word_1_23' title='bbox 2006 328 2144 382; x_wconf 82' lang='lat' dir='ltr'><strong>vinac</strong></span> <span class='ocrx_word' id='word_1_24' title='bbox 2179 328 2434 406; x_wconf 70' lang='lat' dir='ltr'><strong>bonitatis</strong></span> <span class='ocrx_word' id='word_1_25' title='bbox 2478 331 2565 412; x_wconf 81' lang='lat' dir='ltr'><strong>hic</strong></span> <span class='ocrx_word' id='word_1_26' title='bbox 2597 331 2779 398; x_wconf 84' lang='lat' dir='ltr'><strong>lateat,</strong></span> <span class='ocrx_word' id='word_1_27' title='bbox 2843 349 3004 402; x_wconf 88' lang='lat' dir='ltr'><strong>quam</strong></span> <span class='ocrx_word' id='word_1_28' title='bbox 3047 348 3259 405; x_wconf 83' lang='lat' dir='ltr'><strong>semper</strong></span> <span class='ocrx_word' id='word_1_29' title='bbox 3301 335 3582 394; x_wconf 82' lang='lat' dir='ltr'><strong>abscondit</strong></span> 
     </span>
    </p>
   </div>
   <div class='ocr_carea' id='block_1_4' title="bbox 332 417 3580 496">
    <p class='ocr_par' dir='ltr' id='par_1_4' title="bbox 332 417 3580 496">
     <span class='ocr_line' id='line_1_4' title="bbox 332 417 3580 496; baseline 0.003 -24"><span class='ocrx_word' id='word_1_30' title='bbox 332 417 679 473; x_wconf 86' lang='lat' dir='ltr'><strong>homicidium</strong></span> <span class='ocrx_word' id='word_1_31' title='bbox 717 417 797 472; x_wconf 86' lang='lat' dir='ltr'><strong>vel</strong></span> <span class='ocrx_word' id='word_1_32' title='bbox 837 419 1159 475; x_wconf 81' lang='lat' dir='ltr'><strong>adulterium</strong></span> <span class='ocrx_word' id='word_1_33' title='bbox 1185 420 1536 485; x_wconf 77' lang='lat' dir='ltr'><strong>commiserit,</strong></span> <span class='ocrx_word' id='word_1_34' title='bbox 1589 430 1683 475; x_wconf 88' lang='lat' dir='ltr'><strong>aut</strong></span> <span class='ocrx_word' id='word_1_35' title='bbox 1710 419 1905 474; x_wconf 80' lang='lat' dir='ltr'><strong>falsum</strong></span> <span class='ocrx_word' id='word_1_36' title='bbox 2007 417 2321 473; x_wconf 89' lang='lat' dir='ltr'><strong>timentibus</strong></span> <span class='ocrx_word' id='word_1_37' title='bbox 2351 434 2439 485; x_wconf 92' lang='lat' dir='ltr'><strong>se;</strong></span> <span class='ocrx_word' id='word_1_38' title='bbox 2482 420 2727 477; x_wconf 82' lang='lat' dir='ltr'><strong>fortassis</strong></span> <span class='ocrx_word' id='word_1_39' title='bbox 2762 420 2926 486; x_wconf 86' lang='lat' dir='ltr'><strong>enim,</strong></span> <span class='ocrx_word' id='word_1_40' title='bbox 2971 421 3151 477; x_wconf 89' lang='lat' dir='ltr'><strong>obhoc</strong></span> <span class='ocrx_word' id='word_1_41' title='bbox 3208 424 3313 479; x_wconf 89' lang='lat' dir='ltr'><strong>sibi</strong></span> <span class='ocrx_word' id='word_1_42' title='bbox 3346 440 3580 496; x_wconf 89' lang='lat' dir='ltr'><strong>propen-</strong></span> 
     </span>
    </p>
   </div>
   <div class='ocr_carea' id='block_1_5' title="bbox 258 504 3584 587">
    <p class='ocr_par' dir='ltr' id='par_1_5' title="bbox 258 504 3584 587">
     <span class='ocr_line' id='line_1_5' title="bbox 258 504 3584 587; baseline 0.004 -25"><span class='ocrx_word' id='word_1_43' title='bbox 258 574 263 579; x_wconf 31' lang='grc' dir='ltr'><strong>η</strong></span> <span class='ocrx_word' id='word_1_44' title='bbox 335 504 699 562; x_wconf 89' lang='lat' dir='ltr'><strong>testimonium</strong></span> <span class='ocrx_word' id='word_1_45' title='bbox 728 508 947 575; x_wconf 78' lang='lat' dir='ltr'><strong>dixerit,</strong></span> <span class='ocrx_word' id='word_1_46' title='bbox 978 518 1069 563; x_wconf 90' lang='lat' dir='ltr'><strong>aut</strong></span> <span class='ocrx_word' id='word_1_47' title='bbox 1099 509 1300 579; x_wconf 88' lang='lat' dir='ltr'><strong>aliquid</strong></span> <span class='ocrx_word' id='word_1_48' title='bbox 1326 510 1632 577; x_wconf 81' lang='lat' dir='ltr'><strong>hujusmodi</strong></span> <span class='ocrx_word' id='word_1_49' title='bbox 1658 509 1905 581; x_wconf 80' lang='lat' dir='ltr'><strong>gesserit,</strong></span> <span class='ocrx_word' id='word_1_50' title='bbox 2004 508 2202 577; x_wconf 87' lang='lat' dir='ltr'><strong>siorem</strong></span> <span class='ocrx_word' id='word_1_51' title='bbox 2231 524 2414 563; x_wconf 90' lang='lat' dir='ltr'><strong>curam</strong></span> <span class='ocrx_word' id='word_1_52' title='bbox 2458 526 2557 580; x_wconf 92' lang='lat' dir='ltr'><strong>pro</strong></span> <span class='ocrx_word' id='word_1_53' title='bbox 2586 513 2671 567; x_wconf 91' lang='lat' dir='ltr'><strong>bis</strong></span> <span class='ocrx_word' id='word_1_54' title='bbox 2698 514 2786 583; x_wconf 85' lang='lat' dir='ltr'><strong>qui</strong></span> <span class='ocrx_word' id='word_1_55' title='bbox 2824 522 3069 583; x_wconf 90' lang='lat' dir='ltr'><strong>pereunt,</strong></span> <span class='ocrx_word' id='word_1_56' title='bbox 3124 515 3299 571; x_wconf 88' lang='lat' dir='ltr'><strong>inesse</strong></span> <span class='ocrx_word' id='word_1_57' title='bbox 3328 517 3441 587; x_wconf 90' lang='lat' dir='ltr'><strong>ipse</strong></span> <span class='ocrx_word' id='word_1_58' title='bbox 3478 517 3584 574; x_wconf 90' lang='lat' dir='ltr'><strong>Do-</strong></span> 
     </span>
    </p>
   </div>
   <div class='ocr_carea' id='block_1_6' title="bbox 331 598 1905 668">
    <p class='ocr_par' dir='ltr' id='par_1_6' title="bbox 331 598 1905 668">
     <span class='ocr_line' id='line_1_6' title="bbox 331 598 1905 668; baseline 0 -16"><span class='ocrx_word' id='word_1_59' title='bbox 331 613 453 666; x_wconf 77' lang='lat' dir='ltr'><strong>quze</strong></span> <span class='ocrx_word' id='word_1_60' title='bbox 485 612 869 668; x_wconf 89' lang='lat' dir='ltr'><strong>nonnunquam</strong></span> <span class='ocrx_word' id='word_1_61' title='bbox 897 599 1141 653; x_wconf 85' lang='lat' dir='ltr'><strong>videmus</strong></span> <span class='ocrx_word' id='word_1_62' title='bbox 1186 600 1469 654; x_wconf 82' lang='lat' dir='ltr'><strong>admittere</strong></span> <span class='ocrx_word' id='word_1_63' title='bbox 1507 599 1672 655; x_wconf 91' lang='lat' dir='ltr'><strong>etiam</strong></span> <span class='ocrx_word' id='word_1_64' title='bbox 1702 598 1905 664; x_wconf 91' lang='lat' dir='ltr'><strong>ﬁdeles,</strong></span> 
     </span>
    </p>
   </div>
   <div class='ocr_carea' id='block_1_7' title="bbox 332 686 1902 759">
    <p class='ocr_par' dir='ltr' id='par_1_7' title="bbox 332 686 1902 759">
     <span class='ocr_line' id='line_1_7' title="bbox 332 686 1902 759; baseline 0.001 -18"><span class='ocrx_word' id='word_1_65' title='bbox 332 688 457 757; x_wconf 86' lang='lat' dir='ltr'><strong>quia</strong></span> <span class='ocrx_word' id='word_1_66' title='bbox 473 703 570 757; x_wconf 90' lang='lat' dir='ltr'><strong>pro</strong></span> <span class='ocrx_word' id='word_1_67' title='bbox 592 686 677 741; x_wconf 88' lang='lat' dir='ltr'><strong>his</strong></span> <span class='ocrx_word' id='word_1_68' title='bbox 691 688 803 757; x_wconf 88' lang='lat' dir='ltr'><strong>jam</strong></span> <span class='ocrx_word' id='word_1_69' title='bbox 830 704 933 743; x_wconf 91' lang='lat' dir='ltr'><strong>non</strong></span> <span class='ocrx_word' id='word_1_70' title='bbox 943 687 1291 757; x_wconf 89' lang='lat' dir='ltr'><strong>judicabitur,</strong></span> <span class='ocrx_word' id='word_1_71' title='bbox 1314 690 1411 759; x_wconf 84' lang='lat' dir='ltr'><strong>qui</strong></span> <span class='ocrx_word' id='word_1_72' title='bbox 1433 689 1731 745; x_wconf 88' lang='lat' dir='ltr'><strong>crediditin</strong></span> <span class='ocrx_word' id='word_1_73' title='bbox 1745 688 1902 743; x_wconf 87' lang='lat' dir='ltr'><strong>Chri-</strong></span> 
     </span>
    </p>
   </div>
   <div class='ocr_carea' id='block_1_8' title="bbox 307 775 1910 848">
    <p class='ocr_par' dir='ltr' id='par_1_8' title="bbox 307 775 1910 848">
     <span class='ocr_line' id='line_1_8' title="bbox 307 775 1910 848; baseline 0.001 -19"><span class='ocrx_word' id='word_1_74' title='bbox 307 777 456 830; x_wconf 34' lang='lat' dir='ltr'><strong>vsto?</strong></span> <span class='ocrx_word' id='word_1_75' title='bbox 497 775 717 830; x_wconf 85' lang='lat' dir='ltr'><strong>Certum</strong></span> <span class='ocrx_word' id='word_1_76' title='bbox 746 785 828 830; x_wconf 92' lang='lat' dir='ltr'><strong>est</strong></span> <span class='ocrx_word' id='word_1_77' title='bbox 856 778 972 831; x_wconf 75' lang='lat' dir='ltr'><strong>hmc</strong></span> <span class='ocrx_word' id='word_1_78' title='bbox 1012 778 1191 832; x_wconf 82' lang='lat' dir='ltr'><strong>omnia</strong></span> <span class='ocrx_word' id='word_1_79' title='bbox 1226 778 1410 834; x_wconf 90' lang='lat' dir='ltr'><strong>venire</strong></span> <span class='ocrx_word' id='word_1_80' title='bbox 1437 779 1505 834; x_wconf 90' lang='lat' dir='ltr'><strong>ad</strong></span> <span class='ocrx_word' id='word_1_81' title='bbox 1538 778 1822 848; x_wconf 83' lang='lat' dir='ltr'><strong>judicium,</strong></span> <span class='ocrx_word' id='word_1_82' title='bbox 1854 784 1910 832; x_wconf 89' lang='lat' dir='ltr'><strong>et</strong></span> 
     </span>
    </p>
   </div>
   <div class='ocr_carea' id='block_1_9' title="bbox 332 864 1906 937">
    <p class='ocr_par' dir='ltr' id='par_1_9' title="bbox 332 864 1906 937">
     <span class='ocr_line' id='line_1_9' title="bbox 332 864 1906 937; baseline 0.001 -19"><span class='ocrx_word' id='word_1_83' title='bbox 332 865 454 919; x_wconf 88' lang='lat' dir='ltr'><strong>ideo</strong></span> <span class='ocrx_word' id='word_1_84' title='bbox 473 865 552 919; x_wconf 91' lang='lat' dir='ltr'><strong>sic</strong></span> <span class='ocrx_word' id='word_1_85' title='bbox 582 864 957 936; x_wconf 90' lang='lat' dir='ltr'><strong>intelligendus</strong></span> <span class='ocrx_word' id='word_1_86' title='bbox 983 874 1065 921; x_wconf 92' lang='lat' dir='ltr'><strong>est</strong></span> <span class='ocrx_word' id='word_1_87' title='bbox 1091 867 1301 921; x_wconf 86' lang='lat' dir='ltr'><strong>Domini</strong></span> <span class='ocrx_word' id='word_1_88' title='bbox 1335 880 1535 933; x_wconf 87' lang='lat' dir='ltr'><strong>sermo,</strong></span> <span class='ocrx_word' id='word_1_89' title='bbox 1563 883 1720 937; x_wconf 89' lang='lat' dir='ltr'><strong>quem</strong></span> <span class='ocrx_word' id='word_1_90' title='bbox 1757 866 1906 933; x_wconf 85' lang='lat' dir='ltr'><strong>dieit,</strong></span> 
     </span>
    </p>
   </div>
   <div class='ocr_carea' id='block_1_10' title="bbox 320 953 1910 1027">
    <p class='ocr_par' dir='ltr' id='par_1_10' title="bbox 320 953 1910 1027">
     <span class='ocr_line' id='line_1_10' title="bbox 320 953 1910 1027; baseline 0.003 -21"><span class='ocrx_word' id='word_1_91' title='bbox 320 953 423 1027; x_wconf 86' lang='lat' dir='ltr'><strong>qui</strong></span> <span class='ocrx_word' id='word_1_92' title='bbox 449 953 612 1006; x_wconf 83' lang='lat' dir='ltr'><strong>credit</strong></span> <span class='ocrx_word' id='word_1_93' title='bbox 637 954 692 1007; x_wconf 89' lang='lat' dir='ltr'><strong>in</strong></span> <span class='ocrx_word' id='word_1_94' title='bbox 718 970 799 1007; x_wconf 87' lang='lat' dir='ltr'><strong>me</strong></span> <span class='ocrx_word' id='word_1_95' title='bbox 824 971 925 1007; x_wconf 90' lang='lat' dir='ltr'><strong>non</strong></span> <span class='ocrx_word' id='word_1_96' title='bbox 946 954 1297 1023; x_wconf 85' lang='lat' dir='ltr'><strong>judicabitur,</strong></span> <span class='ocrx_word' id='word_1_97' title='bbox 1321 956 1449 1026; x_wconf 85' lang='lat' dir='ltr'><strong>quia</strong></span> <span class='ocrx_word' id='word_1_98' title='bbox 1477 957 1769 1012; x_wconf 90' lang='lat' dir='ltr'><strong>secundum</strong></span> <span class='ocrx_word' id='word_1_99' title='bbox 1807 957 1910 1011; x_wconf 90' lang='lat' dir='ltr'><strong>hoc</strong></span> 
     </span>
    </p>
   </div>
   <div class='ocr_carea' id='block_1_11' title="bbox 331 1043 1913 1115">
    <p class='ocr_par' dir='ltr' id='par_1_11' title="bbox 331 1043 1913 1115">
     <span class='ocr_line' id='line_1_11' title="bbox 331 1043 1913 1115; baseline 0.002 -18"><span class='ocrx_word' id='word_1_100' title='bbox 331 1044 475 1113; x_wconf 91' lang='lat' dir='ltr'><strong>quod</strong></span> <span class='ocrx_word' id='word_1_101' title='bbox 502 1043 730 1099; x_wconf 83' lang='lat' dir='ltr'><strong>credidit</strong></span> <span class='ocrx_word' id='word_1_102' title='bbox 773 1059 877 1098; x_wconf 90' lang='lat' dir='ltr'><strong>non</strong></span> <span class='ocrx_word' id='word_1_103' title='bbox 924 1043 1257 1113; x_wconf 90' lang='lat' dir='ltr'><strong>judicabitur</strong></span> <span class='ocrx_word' id='word_1_104' title='bbox 1296 1046 1450 1115; x_wconf 91' lang='lat' dir='ltr'><strong>quasi</strong></span> <span class='ocrx_word' id='word_1_105' title='bbox 1502 1045 1808 1101; x_wconf 88' lang='lat' dir='ltr'><strong>incredulus</strong></span> <span class='ocrx_word' id='word_1_106' title='bbox 1857 1054 1913 1100; x_wconf 92' lang='lat' dir='ltr'><strong>et</strong></span> 
     </span>
    </p>
   </div>
   <div class='ocr_carea' id='block_1_12' title="bbox 334 1133 1906 1206">
    <p class='ocr_par' dir='ltr' id='par_1_12' title="bbox 334 1133 1906 1206">
     <span class='ocr_line' id='line_1_12' title="bbox 334 1133 1906 1206; baseline 0.001 -19"><span class='ocrx_word' id='word_1_107' title='bbox 334 1133 600 1189; x_wconf 88' lang='lat' dir='ltr'><strong>inﬁdelis:</strong></span> <span class='ocrx_word' id='word_1_108' title='bbox 626 1136 692 1190; x_wconf 90' lang='lat' dir='ltr'><strong>de</strong></span> <span class='ocrx_word' id='word_1_109' title='bbox 720 1136 928 1189; x_wconf 88' lang='lat' dir='ltr'><strong>actibus</strong></span> <span class='ocrx_word' id='word_1_110' title='bbox 949 1150 1077 1190; x_wconf 87' lang='lat' dir='ltr'><strong>vero</strong></span> <span class='ocrx_word' id='word_1_111' title='bbox 1096 1137 1209 1192; x_wconf 89' lang='lat' dir='ltr'><strong>suis</strong></span> <span class='ocrx_word' id='word_1_112' title='bbox 1234 1137 1351 1192; x_wconf 89' lang='lat' dir='ltr'><strong>sine</strong></span> <span class='ocrx_word' id='word_1_113' title='bbox 1375 1136 1906 1206; x_wconf 87' lang='lat' dir='ltr'><strong>dubiojudieabitur:</strong></span> 
     </span>
    </p>
   </div>
   <div class='ocr_carea' id='block_1_13' title="bbox 334 1224 1903 1297">
    <p class='ocr_par' dir='ltr' id='par_1_13' title="bbox 334 1224 1903 1297">
     <span class='ocr_line' id='line_1_13' title="bbox 334 1224 1903 1297; baseline 0.003 -20"><span class='ocrx_word' id='word_1_114' title='bbox 334 1224 409 1278; x_wconf 91' lang='lat' dir='ltr'><strong>ita</strong></span> <span class='ocrx_word' id='word_1_115' title='bbox 435 1240 565 1295; x_wconf 89' lang='lat' dir='ltr'><strong>ergo</strong></span> <span class='ocrx_word' id='word_1_116' title='bbox 590 1232 646 1280; x_wconf 91' lang='lat' dir='ltr'><strong>et</strong></span> <span class='ocrx_word' id='word_1_117' title='bbox 672 1224 761 1279; x_wconf 92' lang='lat' dir='ltr'><strong>ille</strong></span> <span class='ocrx_word' id='word_1_118' title='bbox 793 1224 907 1295; x_wconf 88' lang='lat' dir='ltr'><strong>jam</strong></span> <span class='ocrx_word' id='word_1_119' title='bbox 927 1224 1200 1293; x_wconf 83' lang='lat' dir='ltr'><strong>judicatus</strong></span> <span class='ocrx_word' id='word_1_120' title='bbox 1239 1235 1341 1292; x_wconf 89' lang='lat' dir='ltr'><strong>est,</strong></span> <span class='ocrx_word' id='word_1_121' title='bbox 1403 1229 1494 1297; x_wconf 89' lang='lat' dir='ltr'><strong>qui</strong></span> <span class='ocrx_word' id='word_1_122' title='bbox 1541 1244 1648 1283; x_wconf 93' lang='lat' dir='ltr'><strong>non</strong></span> <span class='ocrx_word' id='word_1_123' title='bbox 1699 1226 1903 1297; x_wconf 82' lang='lat' dir='ltr'><strong>credit,</strong></span> 
     </span>
    </p>
   </div>
   <div class='ocr_carea' id='block_1_14' title="bbox 332 1317 1898 1386">
    <p class='ocr_par' dir='ltr' id='par_1_14' title="bbox 332 1317 1898 1386">
     <span class='ocr_line' id='line_1_14' title="bbox 332 1317 1898 1386; baseline 0.002 -13"><span class='ocrx_word' id='word_1_124' title='bbox 332 1317 629 1373; x_wconf 87' lang='lat' dir='ltr'><strong>secundum</strong></span> <span class='ocrx_word' id='word_1_125' title='bbox 659 1317 761 1371; x_wconf 92' lang='lat' dir='ltr'><strong>hoc</strong></span> <span class='ocrx_word' id='word_1_126' title='bbox 797 1317 938 1386; x_wconf 90' lang='lat' dir='ltr'><strong>quod</strong></span> <span class='ocrx_word' id='word_1_127' title='bbox 964 1332 1071 1371; x_wconf 90' lang='lat' dir='ltr'><strong>non</strong></span> <span class='ocrx_word' id='word_1_128' title='bbox 1101 1318 1361 1384; x_wconf 84' lang='lat' dir='ltr'><strong>credidit;</strong></span> <span class='ocrx_word' id='word_1_129' title='bbox 1394 1327 1449 1373; x_wconf 93' lang='lat' dir='ltr'><strong>et</strong></span> <span class='ocrx_word' id='word_1_130' title='bbox 1471 1319 1613 1374; x_wconf 87' lang='lat' dir='ltr'><strong>sicut</strong></span> <span class='ocrx_word' id='word_1_131' title='bbox 1646 1318 1898 1376; x_wconf 69' lang='lat' dir='ltr'><strong>credenti.</strong></span> 
     </span>
    </p>
   </div>
   <div class='ocr_carea' id='block_1_15' title="bbox 332 1408 1913 1485">
    <p class='ocr_par' dir='ltr' id='par_1_15' title="bbox 332 1408 1913 1485">
     <span class='ocr_line' id='line_1_15' title="bbox 332 1408 1913 1485; baseline 0 -21"><span class='ocrx_word' id='word_1_132' title='bbox 332 1410 379 1464; x_wconf 91' lang='lat' dir='ltr'><strong>si</strong></span> <span class='ocrx_word' id='word_1_133' title='bbox 415 1409 748 1465; x_wconf 80' lang='lat' dir='ltr'><strong>extrinsecus</strong></span> <span class='ocrx_word' id='word_1_134' title='bbox 776 1409 983 1479; x_wconf 83' lang='lat' dir='ltr'><strong>peccati</strong></span> <span class='ocrx_word' id='word_1_135' title='bbox 1026 1408 1225 1478; x_wconf 90' lang='lat' dir='ltr'><strong>aliquid</strong></span> <span class='ocrx_word' id='word_1_136' title='bbox 1249 1410 1600 1473; x_wconf 86' lang='lat' dir='ltr'><strong>commiserit,</strong></span> <span class='ocrx_word' id='word_1_137' title='bbox 1633 1409 1777 1485; x_wconf 85' lang='lat' dir='ltr'><strong>salva</strong></span> <span class='ocrx_word' id='word_1_138' title='bbox 1812 1408 1913 1464; x_wconf 77' lang='lat' dir='ltr'><strong>ﬁde</strong></span> 
     </span>
    </p>
   </div>
   <div class='ocr_carea' id='block_1_16' title="bbox 327 1498 1911 1571">
    <p class='ocr_par' dir='ltr' id='par_1_16' title="bbox 327 1498 1911 1571">
     <span class='ocr_line' id='line_1_16' title="bbox 327 1498 1911 1571; baseline -0.003 -16"><span class='ocrx_word' id='word_1_139' title='bbox 327 1500 590 1571; x_wconf 79' lang='lat' dir='ltr'><strong>judicium</strong></span> <span class='ocrx_word' id='word_1_140' title='bbox 629 1508 846 1564; x_wconf 87' lang='lat' dir='ltr'><strong>manet;</strong></span> <span class='ocrx_word' id='word_1_141' title='bbox 893 1499 969 1553; x_wconf 88' lang='lat' dir='ltr'><strong>ita</strong></span> <span class='ocrx_word' id='word_1_142' title='bbox 1009 1507 1063 1554; x_wconf 86' lang='lat' dir='ltr'><strong>et</strong></span> <span class='ocrx_word' id='word_1_143' title='bbox 1098 1513 1204 1552; x_wconf 91' lang='lat' dir='ltr'><strong>non</strong></span> <span class='ocrx_word' id='word_1_144' title='bbox 1244 1499 1515 1562; x_wconf 88' lang='lat' dir='ltr'><strong>credenti,</strong></span> <span class='ocrx_word' id='word_1_145' title='bbox 1557 1499 1600 1553; x_wconf 91' lang='lat' dir='ltr'><strong>si</strong></span> <span class='ocrx_word' id='word_1_146' title='bbox 1632 1498 1911 1566; x_wconf 85' lang='lat' dir='ltr'><strong>quidboni</strong></span> 
     </span>
    </p>
   </div>
   <div class='ocr_carea' id='block_1_17' title="bbox 333 1587 1910 1663">
    <p class='ocr_par' dir='ltr' id='par_1_17' title="bbox 333 1587 1910 1663">
     <span class='ocr_line' id='line_1_17' title="bbox 333 1587 1910 1663; baseline -0.002 -20"><span class='ocrx_word' id='word_1_147' title='bbox 333 1591 514 1663; x_wconf 83' lang='lat' dir='ltr'><strong>operis</strong></span> <span class='ocrx_word' id='word_1_148' title='bbox 538 1588 728 1659; x_wconf 88' lang='lat' dir='ltr'><strong>egerit,</strong></span> <span class='ocrx_word' id='word_1_149' title='bbox 756 1596 977 1659; x_wconf 74' lang='lat' dir='ltr'><strong>excepta</strong></span> <span class='ocrx_word' id='word_1_150' title='bbox 1026 1587 1359 1654; x_wconf 88' lang='lat' dir='ltr'><strong>inﬁdelitate,</strong></span> <span class='ocrx_word' id='word_1_151' title='bbox 1399 1588 1760 1649; x_wconf 81' lang='lat' dir='ltr'><strong>remuneratio</strong></span> <span class='ocrx_word' id='word_1_152' title='bbox 1805 1602 1910 1641; x_wconf 90' lang='lat' dir='ltr'><strong>non</strong></span> 
     </span>
    </p>
   </div>
   <div class='ocr_carea' id='block_1_18' title="bbox 2007 598 3582 675">
    <p class='ocr_par' dir='ltr' id='par_1_18' title="bbox 2007 598 3582 675">
     <span class='ocr_line' id='line_1_18' title="bbox 2007 598 3582 675; baseline 0.007 -24"><span class='ocrx_word' id='word_1_153' title='bbox 2007 598 2183 653; x_wconf 90' lang='lat' dir='ltr'><strong>minus</strong></span> <span class='ocrx_word' id='word_1_154' title='bbox 2233 598 2289 652; x_wconf 79' lang='lat' dir='ltr'><strong>in</strong></span> <span class='ocrx_word' id='word_1_155' title='bbox 2314 599 2601 671; x_wconf 86' lang='lat' dir='ltr'><strong>Evangelio</strong></span> <span class='ocrx_word' id='word_1_156' title='bbox 2627 604 2881 669; x_wconf 89' lang='lat' dir='ltr'><strong>ostendit,</strong></span> <span class='ocrx_word' id='word_1_157' title='bbox 2921 620 3041 658; x_wconf 89' lang='lat' dir='ltr'><strong>cum</strong></span> <span class='ocrx_word' id='word_1_158' title='bbox 3074 605 3223 670; x_wconf 89' lang='lat' dir='ltr'><strong>dicit,</strong></span> <span class='ocrx_word' id='word_1_159' title='bbox 3272 607 3393 675; x_wconf 90' lang='lat' dir='ltr'><strong>quia</strong></span> <span class='ocrx_word' id='word_1_160' title='bbox 3445 610 3582 662; x_wconf 77' lang='lat' dir='ltr'><strong>venit</strong></span> 
     </span>
    </p>
   </div>
   <div class='ocr_carea' id='block_1_19' title="bbox 2008 686 3577 766">
    <p class='ocr_par' dir='ltr' id='par_1_19' title="bbox 2008 686 3577 766">
     <span class='ocr_line' id='line_1_19' title="bbox 2008 686 3577 766; baseline 0.006 -25"><span class='ocrx_word' id='word_1_161' title='bbox 2008 686 2180 741; x_wconf 83' lang='lat' dir='ltr'><strong>Filius</strong></span> <span class='ocrx_word' id='word_1_162' title='bbox 2202 689 2425 743; x_wconf 76' lang='lat' dir='ltr'><strong>hominis</strong></span> <span class='ocrx_word' id='word_1_163' title='bbox 2454 708 2685 762; x_wconf 75' lang='lat' dir='ltr'><strong>quwrere</strong></span> <span class='ocrx_word' id='word_1_164' title='bbox 2724 702 2769 746; x_wconf 86' lang='lat' dir='ltr'><strong>et</strong></span> <span class='ocrx_word' id='word_1_165' title='bbox 2798 692 3001 747; x_wconf 73' lang='lat' dir='ltr'><strong>sulcare</strong></span> <span class='ocrx_word' id='word_1_166' title='bbox 3023 694 3161 764; x_wconf 84' lang='lat' dir='ltr'><strong>quod</strong></span> <span class='ocrx_word' id='word_1_167' title='bbox 3185 694 3405 763; x_wconf 82' lang='lat' dir='ltr'><strong>perierat</strong></span> <span class='ocrx_word' id='word_1_168' title='bbox 3429 693 3577 766; x_wconf 87' lang='lat' dir='ltr'><strong>(Luc.</strong></span> 
     </span>
    </p>
   </div>
   <div class='ocr_carea' id='block_1_20' title="bbox 2007 778 3585 851">
    <p class='ocr_par' dir='ltr' id='par_1_20' title="bbox 2007 778 3585 851">
     <span class='ocr_line' id='line_1_20' title="bbox 2007 778 3585 851; baseline 0.006 -17"><span class='ocrx_word' id='word_1_169' title='bbox 2007 778 2155 851; x_wconf 71' lang='lat' dir='ltr'><strong>XIX);</strong></span> <span class='ocrx_word' id='word_1_170' title='bbox 2205 788 2260 834; x_wconf 87' lang='lat' dir='ltr'><strong>et</strong></span> <span class='ocrx_word' id='word_1_171' title='bbox 2308 782 2501 836; x_wconf 91' lang='lat' dir='ltr'><strong>iterum</strong></span> <span class='ocrx_word' id='word_1_172' title='bbox 2546 782 2711 837; x_wconf 79' lang='lat' dir='ltr'><strong>dicit‘:</strong></span> <span class='ocrx_word' id='word_1_173' title='bbox 2748 783 2868 838; x_wconf 88' lang='lat' dir='ltr'><strong>Non</strong></span> <span class='ocrx_word' id='word_1_174' title='bbox 2890 802 3005 838; x_wconf 86' lang='lat' dir='ltr'><strong>sum</strong></span> <span class='ocrx_word' id='word_1_175' title='bbox 3031 786 3219 839; x_wconf 83' lang='lat' dir='ltr'><strong>missus</strong></span> <span class='ocrx_word' id='word_1_176' title='bbox 3248 786 3348 839; x_wconf 84' lang='lat' dir='ltr'><strong>nisi</strong></span> <span class='ocrx_word' id='word_1_177' title='bbox 3371 787 3440 839; x_wconf 87' lang='lat' dir='ltr'><strong>ad</strong></span> <span class='ocrx_word' id='word_1_178' title='bbox 3470 805 3585 842; x_wconf 86' lang='lat' dir='ltr'><strong>oves</strong></span> 
     </span>
    </p>
   </div>
   <div class='ocr_carea' id='block_1_21' title="bbox 2007 870 3582 943">
    <p class='ocr_par' dir='ltr' id='par_1_21' title="bbox 2007 870 3582 943">
     <span class='ocr_line' id='line_1_21' title="bbox 2007 870 3582 943; baseline 0.005 -21"><span class='ocrx_word' id='word_1_179' title='bbox 2007 885 2123 937; x_wconf 68' lang='lat' dir='ltr'><strong>qua:</strong></span> <span class='ocrx_word' id='word_1_180' title='bbox 2142 870 2404 939; x_wconf 84' lang='lat' dir='ltr'><strong>perierunt</strong></span> <span class='ocrx_word' id='word_1_181' title='bbox 2427 870 2610 924; x_wconf 84' lang='lat' dir='ltr'><strong>domus</strong></span> <span class='ocrx_word' id='word_1_182' title='bbox 2633 870 2803 925; x_wconf 85' lang='lat' dir='ltr'><strong>Israel</strong></span> <span class='ocrx_word' id='word_1_183' title='bbox 2825 874 3037 943; x_wconf 74' lang='grc' dir='ltr'><strong>(ΜηιιΙε.</strong></span> <span class='ocrx_word' id='word_1_184' title='bbox 3056 873 3130 943; x_wconf 82' lang='lat' dir='ltr'><strong>x);</strong></span> <span class='ocrx_word' id='word_1_185' title='bbox 3161 884 3214 928; x_wconf 89' lang='lat' dir='ltr'><strong>et</strong></span> <span class='ocrx_word' id='word_1_186' title='bbox 3239 875 3402 929; x_wconf 85' lang='lat' dir='ltr'><strong>David</strong></span> <span class='ocrx_word' id='word_1_187' title='bbox 3424 877 3582 930; x_wconf 86' lang='lat' dir='ltr'><strong>dicit:</strong></span> 
     </span>
    </p>
   </div>
   <div class='ocr_carea' id='block_1_22' title="bbox 2010 957 3590 1032">
    <p class='ocr_par' dir='ltr' id='par_1_22' title="bbox 2010 957 3590 1032">
     <span class='ocr_line' id='line_1_22' title="bbox 2010 957 3590 1032; baseline 0.007 -22"><span class='ocrx_word' id='word_1_188' title='bbox 2010 957 2200 1012; x_wconf 85' lang='lat' dir='ltr'><strong>Erravi</strong></span> <span class='ocrx_word' id='word_1_189' title='bbox 2221 960 2351 1013; x_wconf 85' lang='lat' dir='ltr'><strong>sicut</strong></span> <span class='ocrx_word' id='word_1_190' title='bbox 2366 962 2474 1013; x_wconf 81' lang='lat' dir='ltr'><strong>ovis</strong></span> <span class='ocrx_word' id='word_1_191' title='bbox 2490 962 2724 1029; x_wconf 86' lang='lat' dir='ltr'><strong>perdita;</strong></span> <span class='ocrx_word' id='word_1_192' title='bbox 2750 965 2948 1032; x_wconf 80' lang='lat' dir='ltr'><strong>require</strong></span> <span class='ocrx_word' id='word_1_193' title='bbox 2969 981 3170 1018; x_wconf 78' lang='lat' dir='ltr'><strong>serram</strong></span> <span class='ocrx_word' id='word_1_194' title='bbox 3186 975 3352 1031; x_wconf 88' lang='lat' dir='ltr'><strong>tuum,</strong></span> <span class='ocrx_word' id='word_1_195' title='bbox 3371 965 3590 1021; x_wconf 82' lang='lat' dir='ltr'><strong>Domine</strong></span> 
     </span>
    </p>
   </div>
   <div class='ocr_carea' id='block_1_23' title="bbox 2012 1046 3591 1127">
    <p class='ocr_par' dir='ltr' id='par_1_23' title="bbox 2012 1046 3591 1127">
     <span class='ocr_line' id='line_1_23' title="bbox 2012 1046 3591 1127; baseline 0.008 -28"><span class='ocrx_word' id='word_1_196' title='bbox 2012 1046 2182 1119; x_wconf 85' lang='lat' dir='ltr'><strong>(Psal.</strong></span> <span class='ocrx_word' id='word_1_197' title='bbox 2201 1051 2411 1122; x_wconf 78' lang='lat' dir='ltr'><strong>cxvtu).</strong></span> <span class='ocrx_word' id='word_1_198' title='bbox 2430 1049 2535 1106; x_wconf 86' lang='lat' dir='ltr'><strong>Sed</strong></span> <span class='ocrx_word' id='word_1_199' title='bbox 2556 1060 2609 1107; x_wconf 93' lang='lat' dir='ltr'><strong>et</strong></span> <span class='ocrx_word' id='word_1_200' title='bbox 2634 1053 2684 1107; x_wconf 88' lang='lat' dir='ltr'><strong>in</strong></span> <span class='ocrx_word' id='word_1_201' title='bbox 2701 1053 2988 1123; x_wconf 83' lang='lat' dir='ltr'><strong>Evangelio</strong></span> <span class='ocrx_word' id='word_1_202' title='bbox 3004 1056 3258 1111; x_wconf 85' lang='lat' dir='ltr'><strong>drachma</strong></span> <span class='ocrx_word' id='word_1_203' title='bbox 3278 1072 3397 1127; x_wconf 70' lang='lat' dir='ltr'><strong>qum</strong></span> <span class='ocrx_word' id='word_1_204' title='bbox 3417 1059 3591 1127; x_wconf 79' lang='lat' dir='ltr'><strong>perie-</strong></span> 
     </span>
    </p>
   </div>
   <div class='ocr_carea' id='block_1_24' title="bbox 2013 1140 3575 1216">
    <p class='ocr_par' dir='ltr' id='par_1_24' title="bbox 2013 1140 3575 1216">
     <span class='ocr_line' id='line_1_24' title="bbox 2013 1140 3575 1216; baseline 0.006 -25"><span class='ocrx_word' id='word_1_205' title='bbox 2013 1148 2094 1191; x_wconf 87' lang='lat' dir='ltr'><strong>rat</strong></span> <span class='ocrx_word' id='word_1_206' title='bbox 2121 1140 2372 1193; x_wconf 85' lang='lat' dir='ltr'><strong>mundata</strong></span> <span class='ocrx_word' id='word_1_207' title='bbox 2398 1141 2555 1194; x_wconf 86' lang='lat' dir='ltr'><strong>domo</strong></span> <span class='ocrx_word' id='word_1_208' title='bbox 2584 1140 2852 1194; x_wconf 83' lang='lat' dir='ltr'><strong>invenitur</strong></span> <span class='ocrx_word' id='word_1_209' title='bbox 2874 1157 2901 1194; x_wconf 90' lang='lat' dir='ltr'><strong>a</strong></span> <span class='ocrx_word' id='word_1_210' title='bbox 2934 1144 3174 1208; x_wconf 88' lang='lat' dir='ltr'><strong>muliere,</strong></span> <span class='ocrx_word' id='word_1_211' title='bbox 3203 1154 3257 1198; x_wconf 87' lang='lat' dir='ltr'><strong>et</strong></span> <span class='ocrx_word' id='word_1_212' title='bbox 3277 1147 3469 1215; x_wconf 68' lang='lat' dir='ltr'><strong>gaudet</strong></span> <span class='ocrx_word' id='word_1_213' title='bbox 3489 1163 3575 1216; x_wconf 87' lang='lat' dir='ltr'><strong>pa-</strong></span> 
     </span>
    </p>
   </div>
   <div class='ocr_carea' id='block_1_25' title="bbox 2011 1227 3587 1304">
    <p class='ocr_par' dir='ltr' id='par_1_25' title="bbox 2011 1227 3587 1304">
     <span class='ocr_line' id='line_1_25' title="bbox 2011 1227 3587 1304; baseline 0.007 -26"><span class='ocrx_word' id='word_1_214' title='bbox 2011 1235 2097 1281; x_wconf 92' lang='lat' dir='ltr'><strong>ter</strong></span> <span class='ocrx_word' id='word_1_215' title='bbox 2113 1244 2272 1298; x_wconf 88' lang='lat' dir='ltr'><strong>super</strong></span> <span class='ocrx_word' id='word_1_216' title='bbox 2298 1229 2405 1283; x_wconf 87' lang='lat' dir='ltr'><strong>ﬁlio</strong></span> <span class='ocrx_word' id='word_1_217' title='bbox 2422 1227 2639 1296; x_wconf 91' lang='lat' dir='ltr'><strong>juniore</strong></span> <span class='ocrx_word' id='word_1_218' title='bbox 2660 1230 2976 1300; x_wconf 76' lang='lat' dir='ltr'><strong>pmnitente,</strong></span> <span class='ocrx_word' id='word_1_219' title='bbox 2991 1233 3113 1302; x_wconf 82' lang='lat' dir='ltr'><strong>quia</strong></span> <span class='ocrx_word' id='word_1_220' title='bbox 3136 1244 3372 1289; x_wconf 75' lang='lat' dir='ltr'><strong>mortuus</strong></span> <span class='ocrx_word' id='word_1_221' title='bbox 3395 1236 3587 1304; x_wconf 77' lang='lat' dir='ltr'><strong>fuerat,</strong></span> 
     </span>
    </p>
   </div>
   <div class='ocr_carea' id='block_1_26' title="bbox 2011 1321 3594 1400">
    <p class='ocr_par' dir='ltr' id='par_1_26' title="bbox 2011 1321 3594 1400">
     <span class='ocr_line' id='line_1_26' title="bbox 2011 1321 3594 1400; baseline 0.008 -27"><span class='ocrx_word' id='word_1_222' title='bbox 2011 1330 2056 1373; x_wconf 87' lang='lat' dir='ltr'><strong>et</strong></span> <span class='ocrx_word' id='word_1_223' title='bbox 2080 1321 2260 1374; x_wconf 78' lang='lat' dir='ltr'><strong>revixit</strong></span> <span class='ocrx_word' id='word_1_224' title='bbox 2279 1338 2292 1386; x_wconf 92' lang='lat'><strong>;</strong></span> <span class='ocrx_word' id='word_1_225' title='bbox 2315 1324 2565 1392; x_wconf 86' lang='lat' dir='ltr'><strong>perierat,</strong></span> <span class='ocrx_word' id='word_1_226' title='bbox 2582 1334 2629 1376; x_wconf 87' lang='lat' dir='ltr'><strong>et</strong></span> <span class='ocrx_word' id='word_1_227' title='bbox 2647 1325 2880 1378; x_wconf 81' lang='lat' dir='ltr'><strong>inventus</strong></span> <span class='ocrx_word' id='word_1_228' title='bbox 2902 1337 2975 1378; x_wconf 80' lang='lat' dir='ltr'><strong>est</strong></span> <span class='ocrx_word' id='word_1_229' title='bbox 2993 1325 3145 1396; x_wconf 81' lang='lat' dir='ltr'><strong>(Luc.</strong></span> <span class='ocrx_word' id='word_1_230' title='bbox 3161 1329 3252 1397; x_wconf 82' lang='lat' dir='ltr'><strong>xv)</strong></span> <span class='ocrx_word' id='word_1_231' title='bbox 3273 1347 3286 1394; x_wconf 86' lang='lat'><strong>;</strong></span> <span class='ocrx_word' id='word_1_232' title='bbox 3309 1331 3397 1400; x_wconf 88' lang='lat' dir='ltr'><strong>qui</strong></span> <span class='ocrx_word' id='word_1_233' title='bbox 3412 1329 3594 1398; x_wconf 74' lang='lat' dir='ltr'><strong>iunior</strong></span> 
     </span>
    </p>
   </div>
   <div class='ocr_carea' id='block_1_27' title="bbox 2015 1407 3591 1483">
    <p class='ocr_par' dir='ltr' id='par_1_27' title="bbox 2015 1407 3591 1483">
     <span class='ocr_line' id='line_1_27' title="bbox 2015 1407 3591 1483; baseline 0.008 -22"><span class='ocrx_word' id='word_1_234' title='bbox 2015 1407 2169 1469; x_wconf 79' lang='lat' dir='ltr'><strong>illius,</strong></span> <span class='ocrx_word' id='word_1_235' title='bbox 2203 1421 2259 1465; x_wconf 91' lang='lat' dir='ltr'><strong>ut</strong></span> <span class='ocrx_word' id='word_1_236' title='bbox 2289 1427 2389 1479; x_wconf 86' lang='lat' dir='ltr'><strong>ego</strong></span> <span class='ocrx_word' id='word_1_237' title='bbox 2419 1414 2672 1474; x_wconf 86' lang='lat' dir='ltr'><strong>arbitror,</strong></span> <span class='ocrx_word' id='word_1_238' title='bbox 2703 1413 2865 1467; x_wconf 89' lang='lat' dir='ltr'><strong>etiam</strong></span> <span class='ocrx_word' id='word_1_239' title='bbox 2898 1415 3009 1483; x_wconf 90' lang='lat' dir='ltr'><strong>ipse</strong></span> <span class='ocrx_word' id='word_1_240' title='bbox 3050 1419 3343 1472; x_wconf 87' lang='lat' dir='ltr'><strong>secundum</strong></span> <span class='ocrx_word' id='word_1_241' title='bbox 3368 1428 3591 1474; x_wconf 87' lang='lat' dir='ltr'><strong>natura-</strong></span> 
     </span>
    </p>
   </div>
   <div class='ocr_carea' id='block_1_28' title="bbox 2012 1499 3591 1575">
    <p class='ocr_par' dir='ltr' id='par_1_28' title="bbox 2012 1499 3591 1575">
     <span class='ocr_line' id='line_1_28' title="bbox 2012 1499 3591 1575; baseline 0.008 -23"><span class='ocrx_word' id='word_1_242' title='bbox 2012 1499 2244 1575; x_wconf 79' lang='lat' dir='ltr'><strong>lemjam</strong></span> <span class='ocrx_word' id='word_1_243' title='bbox 2280 1502 2452 1557; x_wconf 80' lang='lat' dir='ltr'><strong>fuerat</strong></span> <span class='ocrx_word' id='word_1_244' title='bbox 2481 1503 2672 1573; x_wconf 83' lang='lat' dir='ltr'><strong>legem,</strong></span> <span class='ocrx_word' id='word_1_245' title='bbox 2712 1506 2814 1558; x_wconf 88' lang='lat' dir='ltr'><strong>hoc</strong></span> <span class='ocrx_word' id='word_1_246' title='bbox 2840 1505 2981 1559; x_wconf 90' lang='lat' dir='ltr'><strong>enim</strong></span> <span class='ocrx_word' id='word_1_247' title='bbox 3020 1507 3231 1560; x_wconf 88' lang='lat' dir='ltr'><strong>videtur</strong></span> <span class='ocrx_word' id='word_1_248' title='bbox 3269 1508 3492 1563; x_wconf 88' lang='lat' dir='ltr'><strong>indicari</strong></span> <span class='ocrx_word' id='word_1_249' title='bbox 3538 1511 3591 1564; x_wconf 92' lang='lat' dir='ltr'><strong>iu</strong></span> 
     </span>
    </p>
   </div>
   <div class='ocr_carea' id='block_1_29' title="bbox 2014 1592 3597 1669">
    <p class='ocr_par' dir='ltr' id='par_1_29' title="bbox 2014 1592 3597 1669">
     <span class='ocr_line' id='line_1_29' title="bbox 2014 1592 3597 1669; baseline 0.008 -27"><span class='ocrx_word' id='word_1_250' title='bbox 2014 1604 2078 1642; x_wconf 90' lang='lat' dir='ltr'><strong>co</strong></span> <span class='ocrx_word' id='word_1_251' title='bbox 2127 1592 2265 1659; x_wconf 88' lang='lat' dir='ltr'><strong>quod</strong></span> <span class='ocrx_word' id='word_1_252' title='bbox 2293 1595 2626 1662; x_wconf 88' lang='lat' dir='ltr'><strong>consumpsit</strong></span> <span class='ocrx_word' id='word_1_253' title='bbox 2652 1596 2858 1662; x_wconf 59' lang='lat' dir='ltr'><strong>partem</strong></span> <span class='ocrx_word' id='word_1_254' title='bbox 2882 1606 3120 1664; x_wconf 67' lang='lat' dir='ltr'><strong>paterna:</strong></span> <span class='ocrx_word' id='word_1_255' title='bbox 3145 1599 3455 1653; x_wconf 63' lang='lat' dir='ltr'><strong>substantiae</strong></span> <span class='ocrx_word' id='word_1_256' title='bbox 3476 1616 3597 1669; x_wconf 82' lang='lat' dir='ltr'><strong>quae</strong></span> 
     </span>
    </p>
   </div>
   <div class='ocr_carea' id='block_1_30' title="bbox 336 1673 3598 1751">
    <p class='ocr_par' dir='ltr' id='par_1_30' title="bbox 336 1673 3598 1751">
     <span class='ocr_line' id='line_1_30' title="bbox 336 1673 3598 1751; baseline 0.004 -17"><span class='ocrx_word' id='word_1_257' title='bbox 336 1679 565 1749; x_wconf 84' lang='lat' dir='ltr'><strong>peribit:</strong></span> <span class='ocrx_word' id='word_1_258' title='bbox 582 1678 685 1732; x_wconf 91' lang='lat' dir='ltr'><strong>nisi</strong></span> <span class='ocrx_word' id='word_1_259' title='bbox 712 1677 852 1733; x_wconf 78' lang='lat' dir='ltr'><strong>forte</strong></span> <span class='ocrx_word' id='word_1_260' title='bbox 888 1678 1009 1747; x_wconf 89' lang='lat' dir='ltr'><strong>quis</strong></span> <span class='ocrx_word' id='word_1_261' title='bbox 1037 1677 1239 1747; x_wconf 89' lang='lat' dir='ltr'><strong>aliquid</strong></span> <span class='ocrx_word' id='word_1_262' title='bbox 1268 1692 1431 1747; x_wconf 88' lang='lat' dir='ltr'><strong>grave</strong></span> <span class='ocrx_word' id='word_1_263' title='bbox 1478 1687 1534 1732; x_wconf 89' lang='lat' dir='ltr'><strong>et</strong></span> <span class='ocrx_word' id='word_1_264' title='bbox 1572 1676 1905 1732; x_wconf 82' lang='lat' dir='ltr'><strong>intolerabile</strong></span> <span class='ocrx_word' id='word_1_265' title='bbox 1938 1673 1979 1730; x_wconf 83' lang='grc' dir='ltr'>Β</span> <span class='ocrx_word' id='word_1_266' title='bbox 2007 1692 2128 1733; x_wconf 90' lang='lat' dir='ltr'><strong>eum</strong></span> <span class='ocrx_word' id='word_1_267' title='bbox 2155 1682 2499 1751; x_wconf 85' lang='lat' dir='ltr'><strong>contingebat</strong></span> <span class='ocrx_word' id='word_1_268' title='bbox 2548 1684 2775 1739; x_wconf 87' lang='lat' dir='ltr'><strong>vivendo</strong></span> <span class='ocrx_word' id='word_1_269' title='bbox 2803 1685 3095 1741; x_wconf 84' lang='lat' dir='ltr'><strong>luxuriose.</strong></span> <span class='ocrx_word' id='word_1_270' title='bbox 3144 1687 3249 1742; x_wconf 89' lang='lat' dir='ltr'><strong>Sed</strong></span> <span class='ocrx_word' id='word_1_271' title='bbox 3281 1699 3337 1744; x_wconf 87' lang='lat' dir='ltr'><strong>et</strong></span> <span class='ocrx_word' id='word_1_272' title='bbox 3384 1692 3435 1743; x_wconf 88' lang='lat' dir='ltr'><strong>in</strong></span> <span class='ocrx_word' id='word_1_273' title='bbox 3465 1691 3598 1746; x_wconf 85' lang='lat' dir='ltr'><strong>Eze-</strong></span> 
     </span>
    </p>
   </div>
   <div class='ocr_carea' id='block_1_31' title="bbox 341 1760 1918 1837">
    <p class='ocr_par' dir='ltr' id='par_1_31' title="bbox 341 1760 1918 1837">
     <span class='ocr_line' id='line_1_31' title="bbox 341 1760 1918 1837; baseline -0.001 -16"><span class='ocrx_word' id='word_1_274' title='bbox 341 1770 466 1825; x_wconf 84' lang='lat' dir='ltr'><strong>vclit</strong></span> <span class='ocrx_word' id='word_1_275' title='bbox 495 1769 746 1837; x_wconf 76' lang='lat' dir='ltr'><strong>objicere,</strong></span> <span class='ocrx_word' id='word_1_276' title='bbox 771 1768 987 1823; x_wconf 88' lang='lat' dir='ltr'><strong>utdicat</strong></span> <span class='ocrx_word' id='word_1_277' title='bbox 1011 1782 1133 1821; x_wconf 90' lang='lat' dir='ltr'><strong>eum</strong></span> <span class='ocrx_word' id='word_1_278' title='bbox 1155 1767 1245 1836; x_wconf 89' lang='lat' dir='ltr'><strong>qui</strong></span> <span class='ocrx_word' id='word_1_279' title='bbox 1275 1776 1483 1836; x_wconf 88' lang='lat' dir='ltr'><strong>peccat,</strong></span> <span class='ocrx_word' id='word_1_280' title='bbox 1499 1760 1918 1837; x_wconf 83' lang='lat' dir='ltr'><strong>computandum</strong></span> 
     </span>
    </p>
   </div>
   <div class='ocr_carea' id='block_1_32' title="bbox 340 1858 1937 1939">
    <p class='ocr_par' dir='ltr' id='par_1_32' title="bbox 340 1858 1937 1939">
     <span class='ocr_line' id='line_1_32' title="bbox 340 1858 1937 1939; baseline -0.004 -23"><span class='ocrx_word' id='word_1_281' title='bbox 340 1878 443 1917; x_wconf 90' lang='lat' dir='ltr'><strong>non</strong></span> <span class='ocrx_word' id='word_1_282' title='bbox 475 1876 595 1916; x_wconf 89' lang='lat' dir='ltr'><strong>esse</strong></span> <span class='ocrx_word' id='word_1_283' title='bbox 633 1861 774 1915; x_wconf 87' lang='lat' dir='ltr'><strong>inter</strong></span> <span class='ocrx_word' id='word_1_284' title='bbox 820 1860 1123 1923; x_wconf 86' lang='lat' dir='ltr'><strong>credentes,</strong></span> <span class='ocrx_word' id='word_1_285' title='bbox 1155 1859 1281 1928; x_wconf 90' lang='lat' dir='ltr'><strong>quia</strong></span> <span class='ocrx_word' id='word_1_286' title='bbox 1329 1859 1373 1913; x_wconf 92' lang='lat' dir='ltr'><strong>si</strong></span> <span class='ocrx_word' id='word_1_287' title='bbox 1416 1860 1604 1913; x_wconf 89' lang='lat' dir='ltr'><strong>credat</strong></span> <span class='ocrx_word' id='word_1_288' title='bbox 1646 1858 1788 1926; x_wconf 85' lang='lat' dir='ltr'><strong>quis,</strong></span> <span class='ocrx_word' id='word_1_289' title='bbox 1813 1872 1937 1939; x_wconf 43' lang='lat' dir='ltr'><strong>non:</strong></span> 
     </span>
    </p>
   </div>
   <div class='ocr_carea' id='block_1_33' title="bbox 336 1948 1922 2024">
    <p class='ocr_par' dir='ltr' id='par_1_33' title="bbox 336 1948 1922 2024">
     <span class='ocr_line' id='line_1_33' title="bbox 336 1948 1922 2024; baseline -0.004 -16"><span class='ocrx_word' id='word_1_290' title='bbox 336 1960 544 2024; x_wconf 89' lang='lat' dir='ltr'><strong>peccet,</strong></span> <span class='ocrx_word' id='word_1_291' title='bbox 584 1952 636 2009; x_wconf 85' lang='lat' dir='ltr'><strong>si</strong></span> <span class='ocrx_word' id='word_1_292' title='bbox 684 1965 811 2005; x_wconf 91' lang='lat' dir='ltr'><strong>vero</strong></span> <span class='ocrx_word' id='word_1_293' title='bbox 835 1958 1041 2020; x_wconf 87' lang='lat' dir='ltr'><strong>peccat,</strong></span> <span class='ocrx_word' id='word_1_294' title='bbox 1084 1964 1151 2004; x_wconf 76' lang='lat' dir='ltr'><strong>ex</strong></span> <span class='ocrx_word' id='word_1_295' title='bbox 1192 1949 1296 2003; x_wconf 86' lang='lat' dir='ltr'><strong>hoc</strong></span> <span class='ocrx_word' id='word_1_296' title='bbox 1336 1950 1453 2019; x_wconf 90' lang='lat' dir='ltr'><strong>ipso</strong></span> <span class='ocrx_word' id='word_1_297' title='bbox 1490 1956 1750 2019; x_wconf 81' lang='lat' dir='ltr'><strong>arguatur</strong></span> <span class='ocrx_word' id='word_1_298' title='bbox 1777 1948 1922 2018; x_wconf 89' lang='lat' dir='ltr'><strong>quod</strong></span> 
     </span>
    </p>
   </div>
   <div class='ocr_carea' id='block_1_34' title="bbox 343 2030 1921 2111">
    <p class='ocr_par' dir='ltr' id='par_1_34' title="bbox 343 2030 1921 2111">
     <span class='ocr_line' id='line_1_34' title="bbox 343 2030 1921 2111; baseline -0.004 -14"><span class='ocrx_word' id='word_1_299' title='bbox 343 2059 447 2098; x_wconf 91' lang='lat' dir='ltr'><strong>non</strong></span> <span class='ocrx_word' id='word_1_300' title='bbox 473 2042 675 2098; x_wconf 91' lang='lat' dir='ltr'><strong>credat.</strong></span> <span class='ocrx_word' id='word_1_301' title='bbox 703 2039 809 2096; x_wconf 84' lang='lat' dir='ltr'><strong>Sed</strong></span> <span class='ocrx_word' id='word_1_302' title='bbox 836 2041 951 2094; x_wconf 78' lang='lat' dir='ltr'><strong>haec</strong></span> <span class='ocrx_word' id='word_1_303' title='bbox 977 2054 1139 2111; x_wconf 90' lang='lat' dir='ltr'><strong>quam</strong></span> <span class='ocrx_word' id='word_1_304' title='bbox 1173 2041 1306 2095; x_wconf 88' lang='lat' dir='ltr'><strong>dura</strong></span> <span class='ocrx_word' id='word_1_305' title='bbox 1350 2039 1422 2095; x_wconf 90' lang='lat' dir='ltr'><strong>sit</strong></span> <span class='ocrx_word' id='word_1_306' title='bbox 1465 2038 1751 2103; x_wconf 79' lang='lat' dir='ltr'><strong>sentcntia,</strong></span> <span class='ocrx_word' id='word_1_307' title='bbox 1788 2030 1921 2092; x_wconf 86' lang='lat' dir='ltr'><strong>nulli</strong></span> 
     </span>
    </p>
   </div>
   <div class='ocr_carea' id='block_1_35' title="bbox 343 2129 1921 2207">
    <p class='ocr_par' dir='ltr' id='par_1_35' title="bbox 343 2129 1921 2207">
     <span class='ocr_line' id='line_1_35' title="bbox 343 2129 1921 2207; baseline -0.004 -17"><span class='ocrx_word' id='word_1_308' title='bbox 343 2136 650 2207; x_wconf 87' lang='lat' dir='ltr'><strong>ambiguum</strong></span> <span class='ocrx_word' id='word_1_309' title='bbox 680 2142 842 2204; x_wconf 91' lang='lat' dir='ltr'><strong>puto;</strong></span> <span class='ocrx_word' id='word_1_310' title='bbox 875 2144 1073 2203; x_wconf 86' lang='lat' dir='ltr'><strong>quotus</strong></span> <span class='ocrx_word' id='word_1_311' title='bbox 1097 2132 1242 2187; x_wconf 89' lang='lat' dir='ltr'><strong>enim</strong></span> <span class='ocrx_word' id='word_1_312' title='bbox 1264 2131 1492 2202; x_wconf 89' lang='lat' dir='ltr'><strong>quisque</strong></span> <span class='ocrx_word' id='word_1_313' title='bbox 1530 2129 1832 2186; x_wconf 87' lang='lat' dir='ltr'><strong>invenietur</strong></span> <span class='ocrx_word' id='word_1_314' title='bbox 1866 2129 1921 2185; x_wconf 91' lang='lat' dir='ltr'><strong>in</strong></span> 
     </span>
    </p>
   </div>
   <div class='ocr_carea' id='block_1_36' title="bbox 348 2221 1923 2295">
    <p class='ocr_par' dir='ltr' id='par_1_36' title="bbox 348 2221 1923 2295">
     <span class='ocr_line' id='line_1_36' title="bbox 348 2221 1923 2295; baseline -0.004 -15"><span class='ocrx_word' id='word_1_315' title='bbox 348 2227 529 2291; x_wconf 88' lang='lat' dir='ltr'><strong>terris,</strong></span> <span class='ocrx_word' id='word_1_316' title='bbox 556 2225 646 2295; x_wconf 92' lang='lat' dir='ltr'><strong>qui</strong></span> <span class='ocrx_word' id='word_1_317' title='bbox 670 2225 743 2279; x_wconf 89' lang='lat' dir='ltr'><strong>ita</strong></span> <span class='ocrx_word' id='word_1_318' title='bbox 769 2225 934 2279; x_wconf 90' lang='lat' dir='ltr'><strong>vitam</strong></span> <span class='ocrx_word' id='word_1_319' title='bbox 957 2238 1111 2279; x_wconf 87' lang='lat' dir='ltr'><strong>suam</strong></span> <span class='ocrx_word' id='word_1_320' title='bbox 1172 2222 1345 2286; x_wconf 88' lang='lat' dir='ltr'><strong>libret,</strong></span> <span class='ocrx_word' id='word_1_321' title='bbox 1375 2230 1435 2276; x_wconf 91' lang='lat' dir='ltr'><strong>ut</strong></span> <span class='ocrx_word' id='word_1_322' title='bbox 1459 2222 1513 2277; x_wconf 88' lang='lat' dir='ltr'><strong>in</strong></span> <span class='ocrx_word' id='word_1_323' title='bbox 1540 2221 1687 2276; x_wconf 90' lang='lat' dir='ltr'><strong>nullo</strong></span> <span class='ocrx_word' id='word_1_324' title='bbox 1707 2221 1923 2291; x_wconf 89' lang='lat' dir='ltr'><strong>penitus</strong></span> 
     </span>
    </p>
   </div>
   <div class='ocr_carea' id='block_1_37' title="bbox 347 2306 1920 2389">
    <p class='ocr_par' dir='ltr' id='par_1_37' title="bbox 347 2306 1920 2389">
     <span class='ocr_line' id='line_1_37' title="bbox 347 2306 1920 2389; baseline -0.006 -14"><span class='ocrx_word' id='word_1_325' title='bbox 347 2318 660 2389; x_wconf 84' lang='lat' dir='ltr'><strong>delinquat?</strong></span> <span class='ocrx_word' id='word_1_326' title='bbox 689 2316 796 2374; x_wconf 87' lang='lat' dir='ltr'><strong>Sed</strong></span> <span class='ocrx_word' id='word_1_327' title='bbox 823 2323 881 2372; x_wconf 88' lang='lat' dir='ltr'><strong>et</strong></span> <span class='ocrx_word' id='word_1_328' title='bbox 902 2314 1136 2371; x_wconf 78' lang='lat' dir='ltr'><strong>Joannes</strong></span> <span class='ocrx_word' id='word_1_329' title='bbox 1161 2314 1432 2387; x_wconf 86' lang='lat' dir='ltr'><strong>apostolus</strong></span> <span class='ocrx_word' id='word_1_330' title='bbox 1463 2315 1516 2369; x_wconf 92' lang='lat' dir='ltr'><strong>in</strong></span> <span class='ocrx_word' id='word_1_331' title='bbox 1540 2306 1776 2385; x_wconf 82' lang='lat' dir='ltr'><strong>Epistola</strong></span> <span class='ocrx_word' id='word_1_332' title='bbox 1800 2327 1920 2377; x_wconf 92' lang='lat' dir='ltr'><strong>sua,</strong></span> 
     </span>
    </p>
   </div>
   <div class='ocr_carea' id='block_1_38' title="bbox 338 2402 1922 2478">
    <p class='ocr_par' dir='ltr' id='par_1_38' title="bbox 338 2402 1922 2478">
     <span class='ocr_line' id='line_1_38' title="bbox 338 2402 1922 2478; baseline -0.005 -14"><span class='ocrx_word' id='word_1_333' title='bbox 338 2410 622 2465; x_wconf 85' lang='lat' dir='ltr'><strong>evidenter</strong></span> <span class='ocrx_word' id='word_1_334' title='bbox 676 2408 839 2464; x_wconf 88' lang='lat' dir='ltr'><strong>etiam</strong></span> <span class='ocrx_word' id='word_1_335' title='bbox 873 2406 1177 2478; x_wconf 89' lang='lat' dir='ltr'><strong>opinionem</strong></span> <span class='ocrx_word' id='word_1_336' title='bbox 1224 2404 1533 2475; x_wconf 89' lang='lat' dir='ltr'><strong>hujusmodi</strong></span> <span class='ocrx_word' id='word_1_337' title='bbox 1576 2410 1747 2469; x_wconf 91' lang='lat' dir='ltr'><strong>notat,</strong></span> <span class='ocrx_word' id='word_1_338' title='bbox 1793 2402 1922 2457; x_wconf 89' lang='lat' dir='ltr'><strong>dum</strong></span> 
     </span>
    </p>
   </div>
   <div class='ocr_carea' id='block_1_39' title="bbox 345 2493 1923 2571">
    <p class='ocr_par' dir='ltr' id='par_1_39' title="bbox 345 2493 1923 2571">
     <span class='ocr_line' id='line_1_39' title="bbox 345 2493 1923 2571; baseline -0.006 -13"><span class='ocrx_word' id='word_1_339' title='bbox 345 2501 424 2558; x_wconf 85' lang='lat' dir='ltr'><strong>ait</strong></span> <span class='ocrx_word' id='word_1_340' title='bbox 453 2519 467 2555; x_wconf 89' lang='lat'><strong>:</strong></span> <span class='ocrx_word' id='word_1_341' title='bbox 496 2499 554 2556; x_wconf 88' lang='lat' dir='ltr'><strong>Si</strong></span> <span class='ocrx_word' id='word_1_342' title='bbox 583 2500 701 2571; x_wconf 86' lang='lat' dir='ltr'><strong>quis</strong></span> <span class='ocrx_word' id='word_1_343' title='bbox 729 2500 940 2563; x_wconf 72' lang='lat' dir='ltr'><strong>dixerit,</strong></span> <span class='ocrx_word' id='word_1_344' title='bbox 992 2499 1119 2569; x_wconf 84' lang='lat' dir='ltr'><strong>quia</strong></span> <span class='ocrx_word' id='word_1_345' title='bbox 1162 2505 1430 2568; x_wconf 82' lang='lat' dir='ltr'><strong>peccatum</strong></span> <span class='ocrx_word' id='word_1_346' title='bbox 1486 2511 1591 2549; x_wconf 90' lang='lat' dir='ltr'><strong>non</strong></span> <span class='ocrx_word' id='word_1_347' title='bbox 1637 2493 1808 2558; x_wconf 83' lang='lat' dir='ltr'><strong>habet,</strong></span> <span class='ocrx_word' id='word_1_348' title='bbox 1840 2493 1923 2548; x_wconf 86' lang='lat' dir='ltr'><strong>hic</strong></span> 
     </span>
    </p>
   </div>
   <div class='ocr_carea' id='block_1_40' title="bbox 348 2584 1925 2658">
    <p class='ocr_par' dir='ltr' id='par_1_40' title="bbox 348 2584 1925 2658">
     <span class='ocr_line' id='line_1_40' title="bbox 348 2584 1925 2658; baseline -0.005 -11"><span class='ocrx_word' id='word_1_349' title='bbox 348 2593 573 2651; x_wconf 76' lang='lat' dir='ltr'><strong>mendas;</strong></span> <span class='ocrx_word' id='word_1_350' title='bbox 601 2601 697 2658; x_wconf 83' lang='lat' dir='ltr'><strong>est,</strong></span> <span class='ocrx_word' id='word_1_351' title='bbox 722 2600 769 2646; x_wconf 89' lang='lat' dir='ltr'><strong>et</strong></span> <span class='ocrx_word' id='word_1_352' title='bbox 797 2590 986 2646; x_wconf 77' lang='lat' dir='ltr'><strong>veritas</strong></span> <span class='ocrx_word' id='word_1_353' title='bbox 1012 2589 1069 2644; x_wconf 89' lang='lat' dir='ltr'><strong>in</strong></span> <span class='ocrx_word' id='word_1_354' title='bbox 1109 2606 1171 2645; x_wconf 91' lang='lat' dir='ltr'><strong>eo</strong></span> <span class='ocrx_word' id='word_1_355' title='bbox 1224 2605 1327 2644; x_wconf 89' lang='lat' dir='ltr'><strong>non</strong></span> <span class='ocrx_word' id='word_1_356' title='bbox 1351 2599 1445 2643; x_wconf 85' lang='lat' dir='ltr'><strong>est.</strong></span> <span class='ocrx_word' id='word_1_357' title='bbox 1474 2584 1534 2642; x_wconf 88' lang='lat' dir='ltr'><strong>Si</strong></span> <span class='ocrx_word' id='word_1_358' title='bbox 1581 2586 1925 2655; x_wconf 80' lang='lat' dir='ltr'><strong>confiteamur</strong></span> 
     </span>
    </p>
   </div>
   <div class='ocr_carea' id='block_1_41' title="bbox 345 2674 1925 2752">
    <p class='ocr_par' dir='ltr' id='par_1_41' title="bbox 345 2674 1925 2752">
     <span class='ocr_line' id='line_1_41' title="bbox 345 2674 1925 2752; baseline -0.004 -15"><span class='ocrx_word' id='word_1_359' title='bbox 345 2679 561 2752; x_wconf 76' lang='lat' dir='ltr'><strong>peccata</strong></span> <span class='ocrx_word' id='word_1_360' title='bbox 592 2691 790 2746; x_wconf 89' lang='lat' dir='ltr'><strong>nostra,</strong></span> <span class='ocrx_word' id='word_1_361' title='bbox 817 2678 1064 2735; x_wconf 75' lang='lat' dir='ltr'><strong>habemus</strong></span> <span class='ocrx_word' id='word_1_362' title='bbox 1094 2679 1401 2735; x_wconf 83' lang='lat' dir='ltr'><strong>advocatum</strong></span> <span class='ocrx_word' id='word_1_363' title='bbox 1428 2677 1568 2748; x_wconf 84' lang='lat' dir='ltr'><strong>apud</strong></span> <span class='ocrx_word' id='word_1_364' title='bbox 1594 2674 1808 2730; x_wconf 87' lang='lat' dir='ltr'><strong>Patrem</strong></span> <span class='ocrx_word' id='word_1_365' title='bbox 1832 2674 1925 2730; x_wconf 81' lang='lat' dir='ltr'><strong>Je-</strong></span> 
     </span>
    </p>
   </div>
   <div class='ocr_carea' id='block_1_42' title="bbox 348 2762 1921 2842">
    <p class='ocr_par' dir='ltr' id='par_1_42' title="bbox 348 2762 1921 2842">
     <span class='ocr_line' id='line_1_42' title="bbox 348 2762 1921 2842; baseline -0.006 -16"><span class='ocrx_word' id='word_1_366' title='bbox 348 2788 463 2841; x_wconf 79' lang='lat' dir='ltr'><strong>sum</strong></span> <span class='ocrx_word' id='word_1_367' title='bbox 478 2771 707 2842; x_wconf 84' lang='lat' dir='ltr'><strong>justum,</strong></span> <span class='ocrx_word' id='word_1_368' title='bbox 727 2771 817 2841; x_wconf 86' lang='lat' dir='ltr'><strong>qui</strong></span> <span class='ocrx_word' id='word_1_369' title='bbox 852 2777 1031 2827; x_wconf 67' lang='lat' dir='ltr'><strong>emerat</strong></span> <span class='ocrx_word' id='word_1_370' title='bbox 1072 2785 1167 2839; x_wconf 85' lang='lat' dir='ltr'><strong>pro</strong></span> <span class='ocrx_word' id='word_1_371' title='bbox 1220 2768 1441 2839; x_wconf 74' lang='lat' dir='ltr'><strong>peccatis</strong></span> <span class='ocrx_word' id='word_1_372' title='bbox 1474 2765 1663 2820; x_wconf 86' lang='lat' dir='ltr'><strong>nostris</strong></span> <span class='ocrx_word' id='word_1_373' title='bbox 1690 2762 1739 2836; x_wconf 89' lang='lat'><strong>(1</strong></span> <span class='ocrx_word' id='word_1_374' title='bbox 1761 2763 1921 2818; x_wconf 83' lang='lat' dir='ltr'><strong>Joan.</strong></span> 
     </span>
    </p>
   </div>
   <div class='ocr_carea' id='block_1_43' title="bbox 353 2857 1920 2935">
    <p class='ocr_par' dir='ltr' id='par_1_43' title="bbox 353 2857 1920 2935">
     <span class='ocr_line' id='line_1_43' title="bbox 353 2857 1920 2935; baseline -0.005 -18"><span class='ocrx_word' id='word_1_375' title='bbox 353 2882 390 2928; x_wconf 91' lang='grc' dir='ltr'><strong>ι,</strong></span> <span class='ocrx_word' id='word_1_376' title='bbox 409 2864 490 2935; x_wconf 92' lang='grc' dir='ltr'><strong>ιι).</strong></span> <span class='ocrx_word' id='word_1_377' title='bbox 508 2862 631 2919; x_wconf 62' lang='lat' dir='ltr'><strong>Haec</strong></span> <span class='ocrx_word' id='word_1_378' title='bbox 656 2878 785 2935; x_wconf 89' lang='lat' dir='ltr'><strong>ergo</strong></span> <span class='ocrx_word' id='word_1_379' title='bbox 808 2878 838 2917; x_wconf 92' lang='lat' dir='ltr'><strong>a</strong></span> <span class='ocrx_word' id='word_1_380' title='bbox 867 2861 1022 2918; x_wconf 89' lang='lat' dir='ltr'><strong>nobis</strong></span> <span class='ocrx_word' id='word_1_381' title='bbox 1049 2861 1106 2916; x_wconf 91' lang='lat' dir='ltr'><strong>in</strong></span> <span class='ocrx_word' id='word_1_382' title='bbox 1137 2861 1241 2916; x_wconf 87' lang='lat' dir='ltr'><strong>hoc</strong></span> <span class='ocrx_word' id='word_1_383' title='bbox 1269 2860 1411 2926; x_wconf 91' lang='lat' dir='ltr'><strong>loco,</strong></span> <span class='ocrx_word' id='word_1_384' title='bbox 1442 2866 1600 2930; x_wconf 90' lang='lat' dir='ltr'><strong>prout</strong></span> <span class='ocrx_word' id='word_1_385' title='bbox 1627 2857 1920 2928; x_wconf 89' lang='lat' dir='ltr'><strong>potuimus,</strong></span> 
     </span>
    </p>
   </div>
   <div class='ocr_carea' id='block_1_44' title="bbox 340 2951 1912 3019">
    <p class='ocr_par' dir='ltr' id='par_1_44' title="bbox 340 2951 1912 3019">
     <span class='ocr_line' id='line_1_44' title="bbox 340 2951 1912 3019; baseline -0.007 -12"><span class='ocrx_word' id='word_1_386' title='bbox 340 2952 586 3008; x_wconf 85' lang='lat' dir='ltr'><strong>discussa</strong></span> <span class='ocrx_word' id='word_1_387' title='bbox 616 2962 765 3018; x_wconf 85' lang='lat' dir='ltr'><strong>sum,</strong></span> <span class='ocrx_word' id='word_1_388' title='bbox 789 2951 1259 3005; x_wconf 86' lang='lat' dir='ltr'><strong>considerantibus</strong></span> <span class='ocrx_word' id='word_1_389' title='bbox 1279 2952 1439 3003; x_wconf 81' lang='lat' dir='ltr'><strong>etiam</strong></span> <span class='ocrx_word' id='word_1_390' title='bbox 1473 2951 1622 3016; x_wconf 86' lang='lat' dir='ltr'><strong>illud,</strong></span> <span class='ocrx_word' id='word_1_391' title='bbox 1652 2952 1796 3019; x_wconf 83' lang='lat' dir='ltr'><strong>quod</strong></span> <span class='ocrx_word' id='word_1_392' title='bbox 1824 2953 1912 3006; x_wconf 89' lang='lat' dir='ltr'><strong>di.</strong></span> 
     </span>
    </p>
   </div>
   <div class='ocr_carea' id='block_1_45' title="bbox 347 3041 1912 3114">
    <p class='ocr_par' dir='ltr' id='par_1_45' title="bbox 347 3041 1912 3114">
     <span class='ocr_line' id='line_1_45' title="bbox 347 3041 1912 3114; baseline -0.003 -13"><span class='ocrx_word' id='word_1_393' title='bbox 347 3044 423 3101; x_wconf 91' lang='lat' dir='ltr'><strong>cit</strong></span> <span class='ocrx_word' id='word_1_394' title='bbox 448 3041 739 3113; x_wconf 83' lang='lat' dir='ltr'><strong>Apostolus</strong></span> <span class='ocrx_word' id='word_1_395' title='bbox 770 3043 841 3114; x_wconf 89' lang='lat' dir='ltr'><strong>(c.</strong></span> <span class='ocrx_word' id='word_1_396' title='bbox 875 3041 954 3113; x_wconf 91' lang='grc' dir='ltr'><strong>ιιι)</strong></span> <span class='ocrx_word' id='word_1_397' title='bbox 994 3062 1008 3097; x_wconf 88' lang='lat'><strong>:</strong></span> <span class='ocrx_word' id='word_1_398' title='bbox 1050 3043 1131 3099; x_wconf 82' lang='lat' dir='ltr'><strong>An</strong></span> <span class='ocrx_word' id='word_1_399' title='bbox 1153 3042 1456 3097; x_wconf 73' lang='lat' dir='ltr'><strong>Juda’orttm</strong></span> <span class='ocrx_word' id='word_1_400' title='bbox 1505 3044 1643 3097; x_wconf 88' lang='lat' dir='ltr'><strong>Deus</strong></span> <span class='ocrx_word' id='word_1_401' title='bbox 1684 3053 1912 3109; x_wconf 85' lang='lat' dir='ltr'><strong>tantum,</strong></span> 
     </span>
    </p>
   </div>
   <div class='ocr_carea' id='block_1_46' title="bbox 346 3133 1916 3206">
    <p class='ocr_par' dir='ltr' id='par_1_46' title="bbox 346 3133 1916 3206">
     <span class='ocr_line' id='line_1_46' title="bbox 346 3133 1916 3206; baseline -0.001 -16"><span class='ocrx_word' id='word_1_402' title='bbox 346 3151 518 3190; x_wconf 86' lang='lat' dir='ltr'><strong>nonne</strong></span> <span class='ocrx_word' id='word_1_403' title='bbox 540 3144 590 3189; x_wconf 88' lang='lat' dir='ltr'><strong>et</strong></span> <span class='ocrx_word' id='word_1_404' title='bbox 617 3135 871 3206; x_wconf 83' lang='lat' dir='ltr'><strong>gentium?</strong></span> <span class='ocrx_word' id='word_1_405' title='bbox 902 3133 1018 3188; x_wconf 87' lang='lat' dir='ltr'><strong>Ima</strong></span> <span class='ocrx_word' id='word_1_406' title='bbox 1037 3141 1086 3189; x_wconf 79' lang='lat' dir='ltr'><strong>et</strong></span> <span class='ocrx_word' id='word_1_407' title='bbox 1114 3134 1402 3205; x_wconf 75' lang='lat' dir='ltr'><strong>gentiam?</strong></span> <span class='ocrx_word' id='word_1_408' title='bbox 1435 3144 1492 3188; x_wconf 91' lang='lat' dir='ltr'><strong>ut</strong></span> <span class='ocrx_word' id='word_1_409' title='bbox 1529 3149 1625 3202; x_wconf 88' lang='lat' dir='ltr'><strong>per</strong></span> <span class='ocrx_word' id='word_1_410' title='bbox 1664 3134 1774 3188; x_wconf 68' lang='lat' dir='ltr'><strong>haec</strong></span> <span class='ocrx_word' id='word_1_411' title='bbox 1804 3136 1916 3189; x_wconf 86' lang='lat' dir='ltr'><strong>evi-</strong></span> 
     </span>
    </p>
   </div>
   <div class='ocr_carea' id='block_1_47' title="bbox 349 3224 1910 3295">
    <p class='ocr_par' dir='ltr' id='par_1_47' title="bbox 349 3224 1910 3295">
     <span class='ocr_line' id='line_1_47' title="bbox 349 3224 1910 3295; baseline -0.004 -11"><span class='ocrx_word' id='word_1_412' title='bbox 349 3226 565 3283; x_wconf 88' lang='lat' dir='ltr'><strong>dentior</strong></span> <span class='ocrx_word' id='word_1_413' title='bbox 607 3227 701 3280; x_wconf 79' lang='lat' dir='ltr'><strong>ﬁat</strong></span> <span class='ocrx_word' id='word_1_414' title='bbox 741 3227 1076 3295; x_wconf 78' lang='lat' dir='ltr'><strong>explanatio,</strong></span> <span class='ocrx_word' id='word_1_415' title='bbox 1113 3225 1383 3294; x_wconf 89' lang='lat' dir='ltr'><strong>quomodo</strong></span> <span class='ocrx_word' id='word_1_416' title='bbox 1434 3224 1605 3280; x_wconf 68' lang='lat' dir='ltr'><strong>Judaei</strong></span> <span class='ocrx_word' id='word_1_417' title='bbox 1654 3224 1910 3294; x_wconf 87' lang='lat' dir='ltr'><strong>primum,</strong></span> 
     </span>
    </p>
   </div>
   <div class='ocr_carea' id='block_1_48' title="bbox 350 3317 1913 3388">
    <p class='ocr_par' dir='ltr' id='par_1_48' title="bbox 350 3317 1913 3388">
     <span class='ocr_line' id='line_1_48' title="bbox 350 3317 1913 3388; baseline -0.002 -13"><span class='ocrx_word' id='word_1_418' title='bbox 350 3320 545 3375; x_wconf 88' lang='lat' dir='ltr'><strong>deinde</strong></span> <span class='ocrx_word' id='word_1_419' title='bbox 576 3319 757 3376; x_wconf 70' lang='lat' dir='ltr'><strong>Graeci</strong></span> <span class='ocrx_word' id='word_1_420' title='bbox 786 3326 1057 3388; x_wconf 88' lang='lat' dir='ltr'><strong>ponuntur</strong></span> <span class='ocrx_word' id='word_1_421' title='bbox 1081 3318 1149 3371; x_wconf 90' lang='lat' dir='ltr'><strong>ab</strong></span> <span class='ocrx_word' id='word_1_422' title='bbox 1187 3317 1463 3386; x_wconf 85' lang='lat' dir='ltr'><strong>Apostolo,</strong></span> <span class='ocrx_word' id='word_1_423' title='bbox 1500 3317 1595 3373; x_wconf 89' lang='lat' dir='ltr'><strong>sed</strong></span> <span class='ocrx_word' id='word_1_424' title='bbox 1622 3325 1826 3372; x_wconf 87' lang='lat' dir='ltr'><strong>tantum</strong></span> <span class='ocrx_word' id='word_1_425' title='bbox 1856 3317 1913 3372; x_wconf 91' lang='lat' dir='ltr'><strong>in</strong></span> 
     </span>
    </p>
   </div>
   <div class='ocr_carea' id='block_1_49' title="bbox 348 3408 1922 3480">
    <p class='ocr_par' dir='ltr' id='par_1_49' title="bbox 348 3408 1922 3480">
     <span class='ocr_line' id='line_1_49' title="bbox 348 3408 1922 3480; baseline -0.003 -13"><span class='ocrx_word' id='word_1_426' title='bbox 348 3411 577 3467; x_wconf 88' lang='lat' dir='ltr'><strong>arbitrio</strong></span> <span class='ocrx_word' id='word_1_427' title='bbox 610 3410 834 3480; x_wconf 80' lang='lat' dir='ltr'><strong>legentis</strong></span> <span class='ocrx_word' id='word_1_428' title='bbox 863 3410 935 3465; x_wconf 89' lang='lat' dir='ltr'><strong>sit</strong></span> <span class='ocrx_word' id='word_1_429' title='bbox 962 3408 1191 3480; x_wconf 89' lang='lat' dir='ltr'><strong>probare</strong></span> <span class='ocrx_word' id='word_1_430' title='bbox 1217 3423 1334 3477; x_wconf 70' lang='lat' dir='ltr'><strong>qua!</strong></span> <span class='ocrx_word' id='word_1_431' title='bbox 1353 3408 1492 3462; x_wconf 86' lang='lat' dir='ltr'><strong>dicta</strong></span> <span class='ocrx_word' id='word_1_432' title='bbox 1520 3418 1669 3473; x_wconf 87' lang='lat' dir='ltr'><strong>sunt,</strong></span> <span class='ocrx_word' id='word_1_433' title='bbox 1698 3422 1803 3463; x_wconf 87' lang='lat' dir='ltr'><strong>nos</strong></span> <span class='ocrx_word' id='word_1_434' title='bbox 1823 3423 1922 3463; x_wconf 86' lang='lat' dir='ltr'><strong>au-</strong></span> 
     </span>
    </p>
   </div>
   <div class='ocr_carea' id='block_1_50' title="bbox 354 3501 1923 3575">
    <p class='ocr_par' dir='ltr' id='par_1_50' title="bbox 354 3501 1923 3575">
     <span class='ocr_line' id='line_1_50' title="bbox 354 3501 1923 3575; baseline -0.004 -12"><span class='ocrx_word' id='word_1_435' title='bbox 354 3517 459 3563; x_wconf 88' lang='lat' dir='ltr'><strong>tem</strong></span> <span class='ocrx_word' id='word_1_436' title='bbox 492 3505 646 3575; x_wconf 88' lang='lat' dir='ltr'><strong>plura</strong></span> <span class='ocrx_word' id='word_1_437' title='bbox 673 3502 994 3559; x_wconf 78' lang='lat' dir='ltr'><strong>adduximus</strong></span> <span class='ocrx_word' id='word_1_438' title='bbox 1018 3503 1072 3556; x_wconf 91' lang='lat' dir='ltr'><strong>in</strong></span> <span class='ocrx_word' id='word_1_439' title='bbox 1104 3510 1415 3566; x_wconf 87' lang='lat' dir='ltr'><strong>tractatum,</strong></span> <span class='ocrx_word' id='word_1_440' title='bbox 1445 3516 1512 3554; x_wconf 90' lang='lat' dir='ltr'><strong>ne</strong></span> <span class='ocrx_word' id='word_1_441' title='bbox 1538 3501 1667 3569; x_wconf 89' lang='lat' dir='ltr'><strong>quid</strong></span> <span class='ocrx_word' id='word_1_442' title='bbox 1692 3501 1758 3555; x_wconf 87' lang='lat' dir='ltr'><strong>de</strong></span> <span class='ocrx_word' id='word_1_443' title='bbox 1778 3502 1923 3572; x_wconf 85' lang='lat' dir='ltr'><strong>Apo-</strong></span> 
     </span>
    </p>
   </div>
   <div class='ocr_carea' id='block_1_51' title="bbox 351 3593 1749 3663">
    <p class='ocr_par' dir='ltr' id='par_1_51' title="bbox 351 3593 1749 3663">
     <span class='ocr_line' id='line_1_51' title="bbox 351 3593 1749 3663; baseline -0.005 -9"><span class='ocrx_word' id='word_1_444' title='bbox 351 3600 477 3654; x_wconf 90' lang='lat' dir='ltr'><strong>stoli</strong></span> <span class='ocrx_word' id='word_1_445' title='bbox 504 3613 664 3653; x_wconf 84' lang='lat' dir='ltr'><strong>sensu</strong></span> <span class='ocrx_word' id='word_1_446' title='bbox 700 3597 1060 3651; x_wconf 86' lang='lat' dir='ltr'><strong>indiscussum</strong></span> <span class='ocrx_word' id='word_1_447' title='bbox 1084 3594 1391 3663; x_wconf 84' lang='lat' dir='ltr'><strong>relinquere</strong></span> <span class='ocrx_word' id='word_1_448' title='bbox 1421 3593 1749 3648; x_wconf 78' lang='lat' dir='ltr'><strong>videremur.</strong></span> 
     </span>
    </p>
   </div>
   <div class='ocr_carea' id='block_1_52' title="bbox 426 3687 1919 3761">
    <p class='ocr_par' dir='ltr' id='par_1_52' title="bbox 426 3687 1919 3761">
     <span class='ocr_line' id='line_1_52' title="bbox 426 3687 1919 3761; baseline -0.001 -17"><span class='ocrx_word' id='word_1_449' title='bbox 426 3689 751 3761; x_wconf 78' lang='lat' dir='ltr'><strong>Quicumque</strong></span> <span class='ocrx_word' id='word_1_450' title='bbox 765 3689 905 3743; x_wconf 83' lang='lat' dir='ltr'><strong>enim</strong></span> <span class='ocrx_word' id='word_1_451' title='bbox 923 3688 1035 3742; x_wconf 91' lang='lat' dir='ltr'><strong>sine</strong></span> <span class='ocrx_word' id='word_1_452' title='bbox 1056 3687 1163 3758; x_wconf 80' lang='lat' dir='ltr'><strong>lege</strong></span> <span class='ocrx_word' id='word_1_453' title='bbox 1180 3694 1546 3757; x_wconf 76' lang='lat' dir='ltr'><strong>peccaverunt,</strong></span> <span class='ocrx_word' id='word_1_454' title='bbox 1580 3687 1687 3739; x_wconf 87' lang='lat' dir='ltr'><strong>sine</strong></span> <span class='ocrx_word' id='word_1_455' title='bbox 1710 3687 1816 3758; x_wconf 82' lang='lat' dir='ltr'><strong>lege</strong></span> <span class='ocrx_word' id='word_1_456' title='bbox 1838 3700 1919 3755; x_wconf 68' lang='grc' dir='ltr'><strong>ρει</strong></span> 
     </span>
    </p>
   </div>
   <div class='ocr_carea' id='block_1_53' title="bbox 357 3770 1915 3854">
    <p class='ocr_par' dir='ltr' id='par_1_53' title="bbox 357 3770 1915 3854">
     <span class='ocr_line' id='line_1_53' title="bbox 357 3770 1915 3854; baseline -0.001 -21"><span class='ocrx_word' id='word_1_457' title='bbox 357 3770 774 3854; x_wconf 59' lang='grc' dir='ltr'><strong>τξὺιιηιίΑηιιι.)“.</strong></span> <span class='ocrx_word' id='word_1_458' title='bbox 795 3779 1073 3847; x_wconf 85' lang='lat' dir='ltr'><strong>Quomodo</strong></span> <span class='ocrx_word' id='word_1_459' title='bbox 1090 3787 1265 3847; x_wconf 89' lang='lat' dir='ltr'><strong>potest</strong></span> <span class='ocrx_word' id='word_1_460' title='bbox 1284 3779 1401 3833; x_wconf 88' lang='lat' dir='ltr'><strong>sine</strong></span> <span class='ocrx_word' id='word_1_461' title='bbox 1418 3777 1531 3848; x_wconf 83' lang='lat' dir='ltr'><strong>lege</strong></span> <span class='ocrx_word' id='word_1_462' title='bbox 1547 3779 1781 3848; x_wconf 87' lang='lat' dir='ltr'><strong>peccari,</strong></span> <span class='ocrx_word' id='word_1_463' title='bbox 1802 3791 1915 3833; x_wconf 78' lang='lat' dir='ltr'><strong>curs</strong></span> 
     </span>
    </p>
   </div>
   <div class='ocr_carea' id='block_1_54' title="bbox 365 3868 1929 3940">
    <p class='ocr_par' dir='ltr' id='par_1_54' title="bbox 365 3868 1929 3940">
     <span class='ocr_line' id='line_1_54' title="bbox 365 3868 1929 3940; baseline -0.003 -13"><span class='ocrx_word' id='word_1_464' title='bbox 365 3886 555 3927; x_wconf 84' lang='lat' dir='ltr'><strong>omnes</strong></span> <span class='ocrx_word' id='word_1_465' title='bbox 578 3872 735 3925; x_wconf 86' lang='lat' dir='ltr'><strong>simul</strong></span> <span class='ocrx_word' id='word_1_466' title='bbox 765 3871 961 3924; x_wconf 84' lang='lat' dir='ltr'><strong>subditi</strong></span> <span class='ocrx_word' id='word_1_467' title='bbox 1008 3869 1178 3924; x_wconf 90' lang='lat' dir='ltr'><strong>simus</strong></span> <span class='ocrx_word' id='word_1_468' title='bbox 1213 3870 1311 3940; x_wconf 84' lang='lat' dir='ltr'><strong>legi</strong></span> <span class='ocrx_word' id='word_1_469' title='bbox 1371 3870 1604 3924; x_wconf 87' lang='lat' dir='ltr'><strong>naturali</strong></span> <span class='ocrx_word' id='word_1_470' title='bbox 1635 3869 1660 3922; x_wconf 67' lang='grc' dir='ltr'><strong><em>ἲ</em></strong></span> <span class='ocrx_word' id='word_1_471' title='bbox 1714 3868 1825 3925; x_wconf 88' lang='lat' dir='ltr'><strong>Sed</strong></span> <span class='ocrx_word' id='word_1_472' title='bbox 1859 3868 1929 3923; x_wconf 70' lang='lat' dir='ltr'><strong>d~</strong></span> 
     </span>
    </p>
   </div>
   <div class='ocr_carea' id='block_1_55' title="bbox 348 3957 1906 4036">
    <p class='ocr_par' dir='ltr' id='par_1_55' title="bbox 348 3957 1906 4036">
     <span class='ocr_line' id='line_1_55' title="bbox 348 3957 1906 4036; baseline -0.007 -16"><span class='ocrx_word' id='word_1_473' title='bbox 348 3963 547 4036; x_wconf 73' lang='lat' dir='ltr'><strong>Moysis</strong></span> <span class='ocrx_word' id='word_1_474' title='bbox 561 3962 677 4035; x_wconf 89' lang='lat' dir='ltr'><strong>lege</strong></span> <span class='ocrx_word' id='word_1_475' title='bbox 689 3962 839 4029; x_wconf 88' lang='lat' dir='ltr'><strong>dicit,</strong></span> <span class='ocrx_word' id='word_1_476' title='bbox 857 3962 942 4019; x_wconf 90' lang='lat' dir='ltr'><strong>cui</strong></span> <span class='ocrx_word' id='word_1_477' title='bbox 956 3959 1124 4016; x_wconf 67' lang='lat' dir='ltr'><strong>Judaei</strong></span> <span class='ocrx_word' id='word_1_478' title='bbox 1137 3958 1354 4016; x_wconf 84' lang='lat' dir='ltr'><strong>obnoxii</strong></span> <span class='ocrx_word' id='word_1_479' title='bbox 1376 3964 1523 4023; x_wconf 89' lang='lat' dir='ltr'><strong>sunt,</strong></span> <span class='ocrx_word' id='word_1_480' title='bbox 1539 3957 1666 4011; x_wconf 88' lang='lat' dir='ltr'><strong>dum</strong></span> <span class='ocrx_word' id='word_1_481' title='bbox 1677 3970 1785 4010; x_wconf 90' lang='lat' dir='ltr'><strong>non</strong></span> <span class='ocrx_word' id='word_1_482' title='bbox 1804 3969 1906 4011; x_wconf 80' lang='lat' dir='ltr'><strong>ere</strong></span> 
     </span>
    </p>
   </div>
   <div class='ocr_carea' id='block_1_56' title="bbox 349 4036 1923 4123">
    <p class='ocr_par' dir='ltr' id='par_1_56' title="bbox 349 4036 1923 4123">
     <span class='ocr_line' id='line_1_56' title="bbox 349 4036 1923 4123; baseline -0.006 -15"><span class='ocrx_word' id='word_1_483' title='bbox 349 4054 503 4117; x_wconf 89' lang='lat' dir='ltr'><strong>dunt,</strong></span> <span class='ocrx_word' id='word_1_484' title='bbox 526 4066 627 4107; x_wconf 89' lang='lat' dir='ltr'><strong>nec</strong></span> <span class='ocrx_word' id='word_1_485' title='bbox 647 4060 753 4107; x_wconf 82' lang='lat' dir='ltr'><strong>non</strong></span> <span class='ocrx_word' id='word_1_486' title='bbox 773 4059 829 4106; x_wconf 90' lang='lat' dir='ltr'><strong>et</strong></span> <span class='ocrx_word' id='word_1_487' title='bbox 846 4050 1092 4123; x_wconf 80' lang='lat' dir='ltr'><strong>gentiles,</strong></span> <span class='ocrx_word' id='word_1_488' title='bbox 1112 4049 1204 4105; x_wconf 89' lang='lat' dir='ltr'><strong>sed</strong></span> <span class='ocrx_word' id='word_1_489' title='bbox 1220 4048 1565 4119; x_wconf 86' lang='lat' dir='ltr'><strong>jamdudum;</strong></span> <span class='ocrx_word' id='word_1_490' title='bbox 1591 4036 1713 4115; x_wconf 81' lang='lat' dir='ltr'><strong>quia</strong></span> <span class='ocrx_word' id='word_1_491' title='bbox 1737 4043 1923 4115; x_wconf 66' lang='lat' dir='ltr'><strong>adjun-a</strong></span> 
     </span>
    </p>
   </div>
   <div class='ocr_carea' id='block_1_57' title="bbox 347 4135 1922 4223">
    <p class='ocr_par' dir='ltr' id='par_1_57' title="bbox 347 4135 1922 4223">
     <span class='ocr_line' id='line_1_57' title="bbox 347 4135 1922 4223; baseline -0.005 -24"><span class='ocrx_word' id='word_1_492' title='bbox 347 4159 474 4217; x_wconf 83' lang='lat' dir='ltr'><strong>gere</strong></span> <span class='ocrx_word' id='word_1_493' title='bbox 493 4162 552 4200; x_wconf 86' lang='lat' dir='ltr'><strong>se</strong></span> <span class='ocrx_word' id='word_1_494' title='bbox 566 4143 648 4199; x_wconf 87' lang='lat' dir='ltr'><strong>illi</strong></span> <span class='ocrx_word' id='word_1_495' title='bbox 670 4142 973 4223; x_wconf 66' lang='lat' dir='ltr'><strong>noluerunt.</strong></span> <span class='ocrx_word' id='word_1_496' title='bbox 993 4140 1109 4196; x_wconf 82' lang='lat' dir='ltr'><strong>Non</strong></span> <span class='ocrx_word' id='word_1_497' title='bbox 1132 4141 1412 4195; x_wconf 89' lang='lat' dir='ltr'><strong>credentes</strong></span> <span class='ocrx_word' id='word_1_498' title='bbox 1433 4151 1562 4206; x_wconf 85' lang='lat' dir='ltr'><strong>ergo</strong></span> <span class='ocrx_word' id='word_1_499' title='bbox 1581 4135 1808 4208; x_wconf 86' lang='lat' dir='ltr'><strong>gentiles</strong></span> <span class='ocrx_word' id='word_1_500' title='bbox 1823 4136 1922 4191; x_wconf 89' lang='lat' dir='ltr'><strong>du-</strong></span> 
     </span>
    </p>
   </div>
   <div class='ocr_carea' id='block_1_58' title="bbox 346 4224 1922 4306">
    <p class='ocr_par' dir='ltr' id='par_1_58' title="bbox 346 4224 1922 4306">
     <span class='ocr_line' id='line_1_58' title="bbox 346 4224 1922 4306; baseline -0.007 -15"><span class='ocrx_word' id='word_1_501' title='bbox 346 4235 473 4306; x_wconf 86' lang='lat' dir='ltr'><strong>plici</strong></span> <span class='ocrx_word' id='word_1_502' title='bbox 486 4224 683 4305; x_wconf 81' lang='lat' dir='ltr'><strong>genere</strong></span> <span class='ocrx_word' id='word_1_503' title='bbox 705 4233 839 4288; x_wconf 86' lang='lat' dir='ltr'><strong>ﬁunt</strong></span> <span class='ocrx_word' id='word_1_504' title='bbox 856 4232 950 4294; x_wconf 89' lang='lat' dir='ltr'><strong>rei,</strong></span> <span class='ocrx_word' id='word_1_505' title='bbox 971 4232 1097 4301; x_wconf 89' lang='lat' dir='ltr'><strong>quia</strong></span> <span class='ocrx_word' id='word_1_506' title='bbox 1122 4244 1297 4300; x_wconf 88' lang='lat' dir='ltr'><strong>neque</strong></span> <span class='ocrx_word' id='word_1_507' title='bbox 1318 4230 1420 4300; x_wconf 89' lang='lat' dir='ltr'><strong>legi</strong></span> <span class='ocrx_word' id='word_1_508' title='bbox 1434 4229 1574 4283; x_wconf 78' lang='lat' dir='ltr'><strong>data:</strong></span> <span class='ocrx_word' id='word_1_509' title='bbox 1596 4243 1691 4298; x_wconf 87' lang='lat' dir='ltr'><strong>per</strong></span> <span class='ocrx_word' id='word_1_510' title='bbox 1704 4227 1922 4303; x_wconf 78' lang='lat' dir='ltr'><strong>Moysen</strong></span> 
     </span>
    </p>
   </div>
   <div class='ocr_carea' id='block_1_59' title="bbox 347 4317 1920 4393">
    <p class='ocr_par' dir='ltr' id='par_1_59' title="bbox 347 4317 1920 4393">
     <span class='ocr_line' id='line_1_59' title="bbox 347 4317 1920 4393; baseline -0.005 -13"><span class='ocrx_word' id='word_1_511' title='bbox 347 4335 716 4388; x_wconf 72' lang='lat' dir='ltr'><strong>assensurum,</strong></span> <span class='ocrx_word' id='word_1_512' title='bbox 753 4336 927 4393; x_wconf 89' lang='lat' dir='ltr'><strong>neque</strong></span> <span class='ocrx_word' id='word_1_513' title='bbox 945 4320 1146 4376; x_wconf 85' lang='lat' dir='ltr'><strong>Christi</strong></span> <span class='ocrx_word' id='word_1_514' title='bbox 1175 4319 1400 4391; x_wconf 90' lang='lat' dir='ltr'><strong>gratiam</strong></span> <span class='ocrx_word' id='word_1_515' title='bbox 1428 4324 1773 4388; x_wconf 86' lang='lat' dir='ltr'><strong>receperunt,</strong></span> <span class='ocrx_word' id='word_1_516' title='bbox 1797 4317 1920 4372; x_wconf 91' lang='lat' dir='ltr'><strong>ideo</strong></span> 
     </span>
    </p>
   </div>
   <div class='ocr_carea' id='block_1_60' title="bbox 348 4407 1921 4488">
    <p class='ocr_par' dir='ltr' id='par_1_60' title="bbox 348 4407 1921 4488">
     <span class='ocr_line' id='line_1_60' title="bbox 348 4407 1921 4488; baseline -0.006 -16"><span class='ocrx_word' id='word_1_517' title='bbox 348 4418 570 4488; x_wconf 88' lang='lat' dir='ltr'><strong>dignum</strong></span> <span class='ocrx_word' id='word_1_518' title='bbox 616 4422 723 4480; x_wconf 41' lang='lat' dir='ltr'><strong>est,</strong></span> <span class='ocrx_word' id='word_1_519' title='bbox 754 4424 813 4469; x_wconf 89' lang='lat' dir='ltr'><strong>ut</strong></span> <span class='ocrx_word' id='word_1_520' title='bbox 840 4421 1081 4485; x_wconf 89' lang='lat' dir='ltr'><strong>pereant.</strong></span> <span class='ocrx_word' id='word_1_521' title='bbox 1137 4410 1304 4482; x_wconf 85' lang='lat' dir='ltr'><strong>Igitur</strong></span> <span class='ocrx_word' id='word_1_522' title='bbox 1348 4410 1490 4466; x_wconf 89' lang='lat' dir='ltr'><strong>sicut</strong></span> <span class='ocrx_word' id='word_1_523' title='bbox 1515 4410 1607 4478; x_wconf 89' lang='lat' dir='ltr'><strong>qui</strong></span> <span class='ocrx_word' id='word_1_524' title='bbox 1650 4408 1767 4463; x_wconf 92' lang='lat' dir='ltr'><strong>sine</strong></span> <span class='ocrx_word' id='word_1_525' title='bbox 1802 4407 1921 4479; x_wconf 86' lang='lat' dir='ltr'><strong>lege</strong></span> 
     </span>
    </p>
   </div>
   <div class='ocr_carea' id='block_1_61' title="bbox 350 4498 1918 4576">
    <p class='ocr_par' dir='ltr' id='par_1_61' title="bbox 350 4498 1918 4576">
     <span class='ocr_line' id='line_1_61' title="bbox 350 4498 1918 4576; baseline -0.007 -14"><span class='ocrx_word' id='word_1_526' title='bbox 350 4515 560 4576; x_wconf 84' lang='lat' dir='ltr'><strong>peccat,</strong></span> <span class='ocrx_word' id='word_1_527' title='bbox 575 4505 791 4575; x_wconf 86' lang='lat' dir='ltr'><strong>peribit,</strong></span> <span class='ocrx_word' id='word_1_528' title='bbox 822 4505 896 4558; x_wconf 85' lang='lat' dir='ltr'><strong>ita</strong></span> <span class='ocrx_word' id='word_1_529' title='bbox 928 4511 984 4558; x_wconf 89' lang='lat' dir='ltr'><strong>et</strong></span> <span class='ocrx_word' id='word_1_530' title='bbox 1005 4503 1095 4572; x_wconf 87' lang='lat' dir='ltr'><strong>qui</strong></span> <span class='ocrx_word' id='word_1_531' title='bbox 1127 4502 1245 4556; x_wconf 89' lang='lat' dir='ltr'><strong>sine</strong></span> <span class='ocrx_word' id='word_1_532' title='bbox 1269 4500 1386 4570; x_wconf 78' lang='lat' dir='ltr'><strong>lege</strong></span> <span class='ocrx_word' id='word_1_533' title='bbox 1406 4499 1574 4570; x_wconf 90' lang='lat' dir='ltr'><strong>legem</strong></span> <span class='ocrx_word' id='word_1_534' title='bbox 1601 4498 1918 4563; x_wconf 87' lang='lat' dir='ltr'><strong>servaverit,</strong></span> 
     </span>
    </p>
   </div>
   <div class='ocr_carea' id='block_1_62' title="bbox 344 4590 1923 4669">
    <p class='ocr_par' dir='ltr' id='par_1_62' title="bbox 344 4590 1923 4669">
     <span class='ocr_line' id='line_1_62' title="bbox 344 4590 1923 4669; baseline -0.004 -19"><span class='ocrx_word' id='word_1_535' title='bbox 344 4596 732 4669; x_wconf 79' lang='lat' dir='ltr'><strong>justiﬁcabitur</strong></span> <span class='ocrx_word' id='word_1_536' title='bbox 768 4614 781 4647; x_wconf 89' lang='lat'><strong>:</strong></span> <span class='ocrx_word' id='word_1_537' title='bbox 804 4593 1070 4666; x_wconf 84' lang='lat' dir='ltr'><strong>justitiam</strong></span> <span class='ocrx_word' id='word_1_538' title='bbox 1114 4590 1429 4646; x_wconf 86' lang='lat' dir='ltr'><strong>naturaliter</strong></span> <span class='ocrx_word' id='word_1_539' title='bbox 1462 4605 1712 4655; x_wconf 87' lang='lat' dir='ltr'><strong>servans,</strong></span> <span class='ocrx_word' id='word_1_540' title='bbox 1738 4597 1923 4645; x_wconf 87' lang='lat' dir='ltr'><strong>custos</strong></span> 
     </span>
    </p>
   </div>
   <div class='ocr_carea' id='block_1_63' title="bbox 350 4677 1921 4757">
    <p class='ocr_par' dir='ltr' id='par_1_63' title="bbox 350 4677 1921 4757">
     <span class='ocr_line' id='line_1_63' title="bbox 350 4677 1921 4757; baseline -0.006 -17"><span class='ocrx_word' id='word_1_541' title='bbox 350 4687 488 4757; x_wconf 85' lang='lat' dir='ltr'><strong>legis</strong></span> <span class='ocrx_word' id='word_1_542' title='bbox 514 4696 629 4751; x_wconf 85' lang='lat' dir='ltr'><strong>est;</strong></span> <span class='ocrx_word' id='word_1_543' title='bbox 682 4685 727 4739; x_wconf 88' lang='lat' dir='ltr'><strong>si</strong></span> <span class='ocrx_word' id='word_1_544' title='bbox 757 4685 898 4740; x_wconf 90' lang='lat' dir='ltr'><strong>enim</strong></span> <span class='ocrx_word' id='word_1_545' title='bbox 912 4684 1058 4754; x_wconf 82' lang='lat' dir='ltr'><strong>justo</strong></span> <span class='ocrx_word' id='word_1_546' title='bbox 1084 4698 1186 4735; x_wconf 91' lang='lat' dir='ltr'><strong>non</strong></span> <span class='ocrx_word' id='word_1_547' title='bbox 1212 4690 1287 4736; x_wconf 82' lang='lat' dir='ltr'><strong>est</strong></span> <span class='ocrx_word' id='word_1_548' title='bbox 1309 4679 1392 4735; x_wconf 76' lang='lat' dir='ltr'><strong>lea:</strong></span> <span class='ocrx_word' id='word_1_549' title='bbox 1414 4681 1581 4750; x_wconf 85' lang='lat' dir='ltr'><strong>posita</strong></span> <span class='ocrx_word' id='word_1_550' title='bbox 1613 4679 1663 4750; x_wconf 87' lang='grc'><strong>(1</strong></span> <span class='ocrx_word' id='word_1_551' title='bbox 1692 4678 1826 4732; x_wconf 87' lang='lat' dir='ltr'><strong>Tim.</strong></span> <span class='ocrx_word' id='word_1_552' title='bbox 1855 4677 1921 4749; x_wconf 88' lang='lat' dir='ltr'><strong>t),</strong></span> 
     </span>
    </p>
   </div>
   <div class='ocr_carea' id='block_1_64' title="bbox 352 4770 1925 4846">
    <p class='ocr_par' dir='ltr' id='par_1_64' title="bbox 352 4770 1925 4846">
     <span class='ocr_line' id='line_1_64' title="bbox 352 4770 1925 4846; baseline -0.006 -12"><span class='ocrx_word' id='word_1_553' title='bbox 352 4778 450 4834; x_wconf 82' lang='lat' dir='ltr'><strong>sed</strong></span> <span class='ocrx_word' id='word_1_554' title='bbox 476 4775 718 4846; x_wconf 85' lang='lat' dir='ltr'><strong>injustis,</strong></span> <span class='ocrx_word' id='word_1_555' title='bbox 749 4775 840 4845; x_wconf 91' lang='lat' dir='ltr'><strong>qui</strong></span> <span class='ocrx_word' id='word_1_556' title='bbox 870 4789 976 4829; x_wconf 89' lang='lat' dir='ltr'><strong>non</strong></span> <span class='ocrx_word' id='word_1_557' title='bbox 1004 4779 1209 4845; x_wconf 87' lang='lat' dir='ltr'><strong>peccat,</strong></span> <span class='ocrx_word' id='word_1_558' title='bbox 1253 4771 1459 4827; x_wconf 87' lang='lat' dir='ltr'><strong>amicus</strong></span> <span class='ocrx_word' id='word_1_559' title='bbox 1501 4771 1633 4842; x_wconf 87' lang='lat' dir='ltr'><strong>legis</strong></span> <span class='ocrx_word' id='word_1_560' title='bbox 1655 4777 1769 4836; x_wconf 86' lang='lat' dir='ltr'><strong>est;</strong></span> <span class='ocrx_word' id='word_1_561' title='bbox 1797 4770 1925 4826; x_wconf 86' lang='lat' dir='ltr'><strong>huic</strong></span> 
     </span>
    </p>
   </div>
   <div class='ocr_carea' id='block_1_65' title="bbox 352 4859 1927 4934">
    <p class='ocr_par' dir='ltr' id='par_1_65' title="bbox 352 4859 1927 4934">
     <span class='ocr_line' id='line_1_65' title="bbox 352 4859 1927 4934; baseline -0.005 -13"><span class='ocrx_word' id='word_1_562' title='bbox 352 4865 468 4921; x_wconf 88' lang='lat' dir='ltr'><strong>sola</strong></span> <span class='ocrx_word' id='word_1_563' title='bbox 491 4865 625 4920; x_wconf 89' lang='lat' dir='ltr'><strong>ﬁdes</strong></span> <span class='ocrx_word' id='word_1_564' title='bbox 666 4864 834 4930; x_wconf 76' lang='lat' dir='ltr'><strong>deest,</strong></span> <span class='ocrx_word' id='word_1_565' title='bbox 886 4877 982 4934; x_wconf 86' lang='lat' dir='ltr'><strong>per</strong></span> <span class='ocrx_word' id='word_1_566' title='bbox 1006 4876 1167 4932; x_wconf 91' lang='lat' dir='ltr'><strong>quam</strong></span> <span class='ocrx_word' id='word_1_567' title='bbox 1192 4860 1284 4915; x_wconf 87' lang='lat' dir='ltr'><strong>ﬁat</strong></span> <span class='ocrx_word' id='word_1_568' title='bbox 1314 4859 1603 4930; x_wconf 82' lang='lat' dir='ltr'><strong>perfectus,</strong></span> <span class='ocrx_word' id='word_1_569' title='bbox 1637 4859 1765 4930; x_wconf 87' lang='lat' dir='ltr'><strong>quia</strong></span> <span class='ocrx_word' id='word_1_570' title='bbox 1790 4859 1927 4914; x_wconf 90' lang='lat' dir='ltr'><strong>nihil</strong></span> 
     </span>
    </p>
   </div>
   <div class='ocr_carea' id='block_1_66' title="bbox 354 4948 1925 5026">
    <p class='ocr_par' dir='ltr' id='par_1_66' title="bbox 354 4948 1925 5026">
     <span class='ocr_line' id='line_1_66' title="bbox 354 4948 1925 5026; baseline -0.004 -16"><span class='ocrx_word' id='word_1_571' title='bbox 354 4956 592 5026; x_wconf 87' lang='lat' dir='ltr'><strong>proderit</strong></span> <span class='ocrx_word' id='word_1_572' title='bbox 636 4954 708 5007; x_wconf 90' lang='lat' dir='ltr'><strong>illi</strong></span> <span class='ocrx_word' id='word_1_573' title='bbox 750 4953 889 5023; x_wconf 89' lang='lat' dir='ltr'><strong>apud</strong></span> <span class='ocrx_word' id='word_1_574' title='bbox 920 4951 1200 5005; x_wconf 90' lang='lat' dir='ltr'><strong>Dominum</strong></span> <span class='ocrx_word' id='word_1_575' title='bbox 1255 4950 1523 5005; x_wconf 88' lang='lat' dir='ltr'><strong>abstinere</strong></span> <span class='ocrx_word' id='word_1_576' title='bbox 1554 4965 1583 5004; x_wconf 90' lang='lat' dir='ltr'><strong>a</strong></span> <span class='ocrx_word' id='word_1_577' title='bbox 1613 4948 1925 5013; x_wconf 86' lang='lat' dir='ltr'><strong>contrariis,</strong></span> 
     </span>
    </p>
   </div>
   <div class='ocr_carea' id='block_1_67' title="bbox 358 5038 1925 5116">
    <p class='ocr_par' dir='ltr' id='par_1_67' title="bbox 358 5038 1925 5116">
     <span class='ocr_line' id='line_1_67' title="bbox 358 5038 1925 5116; baseline -0.005 -16"><span class='ocrx_word' id='word_1_578' title='bbox 358 5046 462 5101; x_wconf 84' lang='lat' dir='ltr'><strong>nisi</strong></span> <span class='ocrx_word' id='word_1_579' title='bbox 485 5048 640 5100; x_wconf 85' lang='lat' dir='ltr'><strong>tidem</strong></span> <span class='ocrx_word' id='word_1_580' title='bbox 669 5046 721 5097; x_wconf 88' lang='lat' dir='ltr'><strong>in</strong></span> <span class='ocrx_word' id='word_1_581' title='bbox 753 5044 918 5097; x_wconf 89' lang='lat' dir='ltr'><strong>Deum</strong></span> <span class='ocrx_word' id='word_1_582' title='bbox 959 5041 1247 5110; x_wconf 87' lang='lat' dir='ltr'><strong>acceperit,</strong></span> <span class='ocrx_word' id='word_1_583' title='bbox 1273 5049 1333 5094; x_wconf 89' lang='lat' dir='ltr'><strong>ut</strong></span> <span class='ocrx_word' id='word_1_584' title='bbox 1365 5041 1437 5095; x_wconf 91' lang='lat' dir='ltr'><strong>sit</strong></span> <span class='ocrx_word' id='word_1_585' title='bbox 1451 5038 1630 5108; x_wconf 83' lang='lat' dir='ltr'><strong>justus</strong></span> <span class='ocrx_word' id='word_1_586' title='bbox 1654 5054 1751 5110; x_wconf 90' lang='lat' dir='ltr'><strong>per</strong></span> <span class='ocrx_word' id='word_1_587' title='bbox 1772 5047 1925 5116; x_wconf 87' lang='lat' dir='ltr'><strong>utra-</strong></span> 
     </span>
    </p>
   </div>
   <div class='ocr_carea' id='block_1_68' title="bbox 358 5132 1922 5205">
    <p class='ocr_par' dir='ltr' id='par_1_68' title="bbox 358 5132 1922 5205">
     <span class='ocr_line' id='line_1_68' title="bbox 358 5132 1922 5205; baseline -0.003 -17"><span class='ocrx_word' id='word_1_588' title='bbox 358 5151 484 5205; x_wconf 86' lang='lat' dir='ltr'><strong>que,</strong></span> <span class='ocrx_word' id='word_1_589' title='bbox 534 5136 656 5204; x_wconf 87' lang='lat' dir='ltr'><strong>quia</strong></span> <span class='ocrx_word' id='word_1_590' title='bbox 682 5132 768 5187; x_wconf 88' lang='lat' dir='ltr'><strong>illa</strong></span> <span class='ocrx_word' id='word_1_591' title='bbox 803 5132 1057 5202; x_wconf 90' lang='lat' dir='ltr'><strong>temporis</strong></span> <span class='ocrx_word' id='word_1_592' title='bbox 1078 5132 1284 5200; x_wconf 89' lang='lat' dir='ltr'><strong>justitia</strong></span> <span class='ocrx_word' id='word_1_593' title='bbox 1304 5140 1403 5195; x_wconf 91' lang='lat' dir='ltr'><strong>est,</strong></span> <span class='ocrx_word' id='word_1_594' title='bbox 1435 5134 1550 5187; x_wconf 79' lang='lat' dir='ltr'><strong>haec</strong></span> <span class='ocrx_word' id='word_1_595' title='bbox 1583 5132 1922 5187; x_wconf 74' lang='lat' dir='ltr'><strong>aeternitatis.</strong></span> 
     </span>
    </p>
   </div>
   <div class='ocr_carea' id='block_1_69' title="bbox 360 5222 1929 5295">
    <p class='ocr_par' dir='ltr' id='par_1_69' title="bbox 360 5222 1929 5295">
     <span class='ocr_line' id='line_1_69' title="bbox 360 5222 1929 5295; baseline -0.002 -16"><span class='ocrx_word' id='word_1_596' title='bbox 360 5225 557 5295; x_wconf 74' lang='lat' dir='ltr'><strong>(0rig.)</strong></span> <span class='ocrx_word' id='word_1_597' title='bbox 584 5223 737 5292; x_wconf 82' lang='lat' dir='ltr'><strong>Quod</strong></span> <span class='ocrx_word' id='word_1_598' title='bbox 765 5237 891 5277; x_wconf 83' lang='lat' dir='ltr'><strong>vero</strong></span> <span class='ocrx_word' id='word_1_599' title='bbox 916 5223 1160 5294; x_wconf 88' lang='lat' dir='ltr'><strong>graviore</strong></span> <span class='ocrx_word' id='word_1_600' title='bbox 1187 5223 1450 5276; x_wconf 87' lang='lat' dir='ltr'><strong>sententia</strong></span> <span class='ocrx_word' id='word_1_601' title='bbox 1476 5223 1684 5291; x_wconf 83' lang='lat' dir='ltr'><strong>percuti</strong></span> <span class='ocrx_word' id='word_1_602' title='bbox 1714 5222 1929 5277; x_wconf 88' lang='lat' dir='ltr'><strong>videtur</strong></span> 
     </span>
    </p>
   </div>
   <div class='ocr_carea' id='block_1_70' title="bbox 358 5310 1926 5385">
    <p class='ocr_par' dir='ltr' id='par_1_70' title="bbox 358 5310 1926 5385">
     <span class='ocr_line' id='line_1_70' title="bbox 358 5310 1926 5385; baseline -0.006 -13"><span class='ocrx_word' id='word_1_603' title='bbox 358 5316 407 5372; x_wconf 89' lang='lat' dir='ltr'><strong>is</strong></span> <span class='ocrx_word' id='word_1_604' title='bbox 456 5315 546 5385; x_wconf 88' lang='lat' dir='ltr'><strong>qui</strong></span> <span class='ocrx_word' id='word_1_605' title='bbox 594 5316 714 5369; x_wconf 90' lang='lat' dir='ltr'><strong>sine</strong></span> <span class='ocrx_word' id='word_1_606' title='bbox 760 5314 877 5384; x_wconf 83' lang='lat' dir='ltr'><strong>lege</strong></span> <span class='ocrx_word' id='word_1_607' title='bbox 953 5312 1279 5383; x_wconf 90' lang='lat' dir='ltr'><strong>peccaverit,</strong></span> <span class='ocrx_word' id='word_1_608' title='bbox 1347 5311 1602 5379; x_wconf 88' lang='lat' dir='ltr'><strong>quoniam</strong></span> <span class='ocrx_word' id='word_1_609' title='bbox 1650 5310 1926 5380; x_wconf 90' lang='lat' dir='ltr'><strong>periturus</strong></span> 
     </span>
    </p>
   </div>
   <div class='ocr_carea' id='block_1_71' title="bbox 358 5400 1930 5478">
    <p class='ocr_par' dir='ltr' id='par_1_71' title="bbox 358 5400 1930 5478">
     <span class='ocr_line' id='line_1_71' title="bbox 358 5400 1930 5478; baseline -0.004 -18"><span class='ocrx_word' id='word_1_610' title='bbox 358 5405 753 5478; x_wconf 74' lang='lat' dir='ltr'><strong>pronuntiatur,</strong></span> <span class='ocrx_word' id='word_1_611' title='bbox 820 5418 943 5458; x_wconf 93' lang='lat' dir='ltr'><strong>cum</strong></span> <span class='ocrx_word' id='word_1_612' title='bbox 989 5403 1172 5471; x_wconf 89' lang='lat' dir='ltr'><strong>utique</strong></span> <span class='ocrx_word' id='word_1_613' title='bbox 1243 5409 1298 5455; x_wconf 89' lang='lat' dir='ltr'><strong>et</strong></span> <span class='ocrx_word' id='word_1_614' title='bbox 1344 5400 1691 5456; x_wconf 88' lang='lat' dir='ltr'><strong>miseratione</strong></span> <span class='ocrx_word' id='word_1_615' title='bbox 1737 5401 1930 5470; x_wconf 90' lang='lat' dir='ltr'><strong>aliquis</strong></span> 
     </span>
    </p>
   </div>
   <div class='ocr_carea' id='block_1_72' title="bbox 356 5489 1931 5564">
    <p class='ocr_par' dir='ltr' id='par_1_72' title="bbox 356 5489 1931 5564">
     <span class='ocr_line' id='line_1_72' title="bbox 356 5489 1931 5564; baseline -0.004 -14"><span class='ocrx_word' id='word_1_616' title='bbox 356 5496 554 5564; x_wconf 88' lang='lat' dir='ltr'><strong>dignus</strong></span> <span class='ocrx_word' id='word_1_617' title='bbox 580 5493 836 5554; x_wconf 88' lang='lat' dir='ltr'><strong>videatur,</strong></span> <span class='ocrx_word' id='word_1_618' title='bbox 859 5493 951 5562; x_wconf 90' lang='lat' dir='ltr'><strong>qui</strong></span> <span class='ocrx_word' id='word_1_619' title='bbox 976 5489 1241 5559; x_wconf 89' lang='lat' dir='ltr'><strong>adjutorio</strong></span> <span class='ocrx_word' id='word_1_620' title='bbox 1274 5504 1378 5545; x_wconf 92' lang='lat' dir='ltr'><strong>non</strong></span> <span class='ocrx_word' id='word_1_621' title='bbox 1402 5506 1531 5546; x_wconf 89' lang='lat' dir='ltr'><strong>usus</strong></span> <span class='ocrx_word' id='word_1_622' title='bbox 1563 5500 1646 5546; x_wconf 92' lang='lat' dir='ltr'><strong>est</strong></span> <span class='ocrx_word' id='word_1_623' title='bbox 1666 5491 1820 5560; x_wconf 85' lang='lat' dir='ltr'><strong>legis,</strong></span> <span class='ocrx_word' id='word_1_624' title='bbox 1851 5492 1931 5545; x_wconf 81' lang='lat' dir='ltr'><strong>vi-</strong></span> 
     </span>
    </p>
   </div>
   <div class='ocr_carea' id='block_1_73' title="bbox 359 5582 1931 5655">
    <p class='ocr_par' dir='ltr' id='par_1_73' title="bbox 359 5582 1931 5655">
     <span class='ocr_line' id='line_1_73' title="bbox 359 5582 1931 5655; baseline 0 -18"><span class='ocrx_word' id='word_1_625' title='bbox 359 5587 585 5640; x_wconf 84' lang='lat' dir='ltr'><strong>deamus</strong></span> <span class='ocrx_word' id='word_1_626' title='bbox 612 5600 679 5641; x_wconf 88' lang='lat' dir='ltr'><strong>ne</strong></span> <span class='ocrx_word' id='word_1_627' title='bbox 703 5583 831 5655; x_wconf 85' lang='lat' dir='ltr'><strong>quid</strong></span> <span class='ocrx_word' id='word_1_628' title='bbox 856 5584 1071 5650; x_wconf 87' lang='lat' dir='ltr'><strong>iterum,</strong></span> <span class='ocrx_word' id='word_1_629' title='bbox 1103 5591 1160 5638; x_wconf 91' lang='lat' dir='ltr'><strong>ut</strong></span> <span class='ocrx_word' id='word_1_630' title='bbox 1192 5582 1245 5638; x_wconf 90' lang='lat' dir='ltr'><strong>iu</strong></span> <span class='ocrx_word' id='word_1_631' title='bbox 1282 5583 1489 5639; x_wconf 64' lang='lat' dir='ltr'><strong>caeteris</strong></span> <span class='ocrx_word' id='word_1_632' title='bbox 1518 5583 1817 5649; x_wconf 84' lang='lat' dir='ltr'><strong>docuimus,</strong></span> <span class='ocrx_word' id='word_1_633' title='bbox 1853 5584 1931 5637; x_wconf 87' lang='lat' dir='ltr'><strong>di-</strong></span> 
     </span>
    </p>
   </div>
   <div class='ocr_carea' id='block_1_74' title="bbox 996 5786 1030 5828">
    <p class='ocr_par' dir='ltr' id='par_1_74' title="bbox 996 5786 1030 5828">
     <span class='ocr_line' id='line_1_74' title="bbox 996 5786 1030 5828; baseline 0 0"><span class='ocrx_word' id='word_1_634' title='bbox 996 5786 1030 5828; x_wconf 64' lang='grc' dir='ltr'><strong>κ</strong></span> 
     </span>
    </p>
   </div>
   <div class='ocr_carea' id='block_1_75' title="bbox 1949 4363 1998 4427">
    <p class='ocr_par' dir='ltr' id='par_1_75' title="bbox 1949 4363 1998 4427">
     <span class='ocr_line' id='line_1_75' title="bbox 1949 4363 1998 4427; baseline 0 0"><span class='ocrx_word' id='word_1_635' title='bbox 1949 4363 1998 4427; x_wconf 87' lang='lat' dir='ltr'><strong>D</strong></span> 
     </span>
    </p>
   </div>
   <div class='ocr_carea' id='block_1_76' title="bbox 2020 1768 3599 1845">
    <p class='ocr_par' dir='ltr' id='par_1_76' title="bbox 2020 1768 3599 1845">
     <span class='ocr_line' id='line_1_76' title="bbox 2020 1768 3599 1845; baseline 0.008 -24"><span class='ocrx_word' id='word_1_636' title='bbox 2020 1768 2191 1823; x_wconf 87' lang='lat' dir='ltr'><strong>chiele</strong></span> <span class='ocrx_word' id='word_1_637' title='bbox 2212 1772 2468 1839; x_wconf 84' lang='lat' dir='ltr'><strong>propheta</strong></span> <span class='ocrx_word' id='word_1_638' title='bbox 2490 1771 2705 1843; x_wconf 74' lang='lat' dir='ltr'><strong>(Ezeclt.</strong></span> <span class='ocrx_word' id='word_1_639' title='bbox 2740 1773 2948 1844; x_wconf 62' lang='grc' dir='ltr'><strong>χχχιιι),</strong></span> <span class='ocrx_word' id='word_1_640' title='bbox 2980 1777 3286 1842; x_wconf 89' lang='lat' dir='ltr'><strong>pastoribus</strong></span> <span class='ocrx_word' id='word_1_641' title='bbox 3308 1776 3599 1845; x_wconf 85' lang='lat' dir='ltr'><strong>imputatur</strong></span> 
     </span>
    </p>
   </div>
   <div class='ocr_carea' id='block_1_77' title="bbox 2019 1860 3597 1945">
    <p class='ocr_par' dir='ltr' id='par_1_77' title="bbox 2019 1860 3597 1945">
     <span class='ocr_line' id='line_1_77' title="bbox 2019 1860 3597 1945; baseline 0.007 -33"><span class='ocrx_word' id='word_1_642' title='bbox 2019 1860 2160 1927; x_wconf 90' lang='lat' dir='ltr'><strong>quod</strong></span> <span class='ocrx_word' id='word_1_643' title='bbox 2193 1860 2461 1914; x_wconf 89' lang='lat' dir='ltr'><strong>inﬁrmum</strong></span> <span class='ocrx_word' id='word_1_644' title='bbox 2500 1877 2604 1917; x_wconf 83' lang='lat' dir='ltr'><strong>non</strong></span> <span class='ocrx_word' id='word_1_645' title='bbox 2632 1862 3040 1933; x_wconf 87' lang='lat' dir='ltr'><strong>colligaverunt,</strong></span> <span class='ocrx_word' id='word_1_646' title='bbox 3091 1874 3146 1919; x_wconf 92' lang='lat' dir='ltr'><strong>et</strong></span> <span class='ocrx_word' id='word_1_647' title='bbox 3175 1868 3319 1945; x_wconf 73' lang='lat' dir='ltr'><strong>quod</strong></span> <span class='ocrx_word' id='word_1_648' title='bbox 3359 1869 3597 1937; x_wconf 82' lang='lat' dir='ltr'><strong>perierat</strong></span> 
     </span>
    </p>
   </div>
   <div class='ocr_carea' id='block_1_78' title="bbox 2020 1952 3594 2026">
    <p class='ocr_par' dir='ltr' id='par_1_78' title="bbox 2020 1952 3594 2026">
     <span class='ocr_line' id='line_1_78' title="bbox 2020 1952 3594 2026; baseline 0.007 -23"><span class='ocrx_word' id='word_1_649' title='bbox 2020 1967 2126 2004; x_wconf 89' lang='lat' dir='ltr'><strong>non</strong></span> <span class='ocrx_word' id='word_1_650' title='bbox 2152 1952 2501 2020; x_wconf 63' lang='lat' dir='ltr'><strong>quaesierunt,</strong></span> <span class='ocrx_word' id='word_1_651' title='bbox 2547 1962 2600 2006; x_wconf 90' lang='lat' dir='ltr'><strong>et</strong></span> <span class='ocrx_word' id='word_1_652' title='bbox 2618 1965 2743 2026; x_wconf 85' lang='lat' dir='ltr'><strong>post</strong></span> <span class='ocrx_word' id='word_1_653' title='bbox 2757 1969 2925 2023; x_wconf 88' lang='lat' dir='ltr'><strong>pauca</strong></span> <span class='ocrx_word' id='word_1_654' title='bbox 2961 1955 3074 2023; x_wconf 82' lang='lat' dir='ltr'><strong>ipse</strong></span> <span class='ocrx_word' id='word_1_655' title='bbox 3122 1957 3378 2011; x_wconf 88' lang='lat' dir='ltr'><strong>Dominus</strong></span> <span class='ocrx_word' id='word_1_656' title='bbox 3423 1959 3594 2014; x_wconf 88' lang='lat' dir='ltr'><strong>dicit:</strong></span> 
     </span>
    </p>
   </div>
   <div class='ocr_carea' id='block_1_79' title="bbox 2020 2041 3597 2115">
    <p class='ocr_par' dir='ltr' id='par_1_79' title="bbox 2020 2041 3597 2115">
     <span class='ocr_line' id='line_1_79' title="bbox 2020 2041 3597 2115; baseline 0.005 -20"><span class='ocrx_word' id='word_1_657' title='bbox 2020 2041 2088 2095; x_wconf 85' lang='lat' dir='ltr'><strong>Et</strong></span> <span class='ocrx_word' id='word_1_658' title='bbox 2124 2042 2262 2113; x_wconf 87' lang='lat' dir='ltr'><strong>quod</strong></span> <span class='ocrx_word' id='word_1_659' title='bbox 2302 2043 2474 2113; x_wconf 86' lang='lat' dir='ltr'><strong>periit,</strong></span> <span class='ocrx_word' id='word_1_660' title='bbox 2506 2042 2702 2113; x_wconf 89' lang='lat' dir='ltr'><strong>inquit,</strong></span> <span class='ocrx_word' id='word_1_661' title='bbox 2749 2060 2842 2115; x_wconf 85' lang='lat' dir='ltr'><strong>ego</strong></span> <span class='ocrx_word' id='word_1_662' title='bbox 2887 2046 3168 2114; x_wconf 84' lang='lat' dir='ltr'><strong>requiram.</strong></span> <span class='ocrx_word' id='word_1_663' title='bbox 3215 2045 3597 2105; x_wconf 83' lang='lat' dir='ltr'><strong>Verumtamen</strong></span> 
     </span>
    </p>
   </div>
   <div class='ocr_carea' id='block_1_80' title="bbox 2020 2131 3599 2204">
    <p class='ocr_par' dir='ltr' id='par_1_80' title="bbox 2020 2131 3599 2204">
     <span class='ocr_line' id='line_1_80' title="bbox 2020 2131 3599 2204; baseline 0.004 -19"><span class='ocrx_word' id='word_1_664' title='bbox 2020 2131 2412 2187; x_wconf 90' lang='lat' dir='ltr'><strong>observandum</strong></span> <span class='ocrx_word' id='word_1_665' title='bbox 2451 2141 2535 2186; x_wconf 87' lang='lat' dir='ltr'><strong>est</strong></span> <span class='ocrx_word' id='word_1_666' title='bbox 2603 2132 2745 2202; x_wconf 91' lang='lat' dir='ltr'><strong>quod</strong></span> <span class='ocrx_word' id='word_1_667' title='bbox 2789 2131 2842 2186; x_wconf 93' lang='lat' dir='ltr'><strong>in</strong></span> <span class='ocrx_word' id='word_1_668' title='bbox 2884 2132 2969 2187; x_wconf 91' lang='lat' dir='ltr'><strong>his</strong></span> <span class='ocrx_word' id='word_1_669' title='bbox 3018 2133 3271 2187; x_wconf 90' lang='lat' dir='ltr'><strong>omnibus</strong></span> <span class='ocrx_word' id='word_1_670' title='bbox 3326 2150 3599 2204; x_wconf 90' lang='lat' dir='ltr'><strong>nunquam</strong></span> 
     </span>
    </p>
   </div>
   <div class='ocr_carea' id='block_1_81' title="bbox 2022 2221 3601 2296">
    <p class='ocr_par' dir='ltr' id='par_1_81' title="bbox 2022 2221 3601 2296">
     <span class='ocr_line' id='line_1_81' title="bbox 2022 2221 3601 2296; baseline 0.003 -19"><span class='ocrx_word' id='word_1_671' title='bbox 2022 2221 2161 2277; x_wconf 85' lang='lat' dir='ltr'><strong>Deus</strong></span> <span class='ocrx_word' id='word_1_672' title='bbox 2191 2223 2421 2291; x_wconf 90' lang='lat' dir='ltr'><strong>aliquem</strong></span> <span class='ocrx_word' id='word_1_673' title='bbox 2446 2224 2644 2278; x_wconf 85' lang='lat' dir='ltr'><strong>dicitur</strong></span> <span class='ocrx_word' id='word_1_674' title='bbox 2667 2223 2981 2292; x_wconf 86' lang='lat' dir='ltr'><strong>perdidisse,</strong></span> <span class='ocrx_word' id='word_1_675' title='bbox 3019 2223 3113 2279; x_wconf 89' lang='lat' dir='ltr'><strong>sed</strong></span> <span class='ocrx_word' id='word_1_676' title='bbox 3144 2226 3514 2296; x_wconf 85' lang='lat' dir='ltr'><strong>unusquisque</strong></span> <span class='ocrx_word' id='word_1_677' title='bbox 3532 2243 3601 2283; x_wconf 82' lang='lat' dir='ltr'><strong>ex</strong></span> 
     </span>
    </p>
   </div>
   <div class='ocr_carea' id='block_1_82' title="bbox 2023 2313 3602 2387">
    <p class='ocr_par' dir='ltr' id='par_1_82' title="bbox 2023 2313 3602 2387">
     <span class='ocr_line' id='line_1_82' title="bbox 2023 2313 3602 2387; baseline 0.001 -19"><span class='ocrx_word' id='word_1_678' title='bbox 2023 2328 2080 2368; x_wconf 90' lang='lat' dir='ltr'><strong>se</strong></span> <span class='ocrx_word' id='word_1_679' title='bbox 2105 2313 2214 2383; x_wconf 88' lang='lat' dir='ltr'><strong>pati</strong></span> <span class='ocrx_word' id='word_1_680' title='bbox 2265 2314 2369 2369; x_wconf 89' lang='lat' dir='ltr'><strong>hoc</strong></span> <span class='ocrx_word' id='word_1_681' title='bbox 2394 2313 2535 2383; x_wconf 91' lang='lat' dir='ltr'><strong>quod</strong></span> <span class='ocrx_word' id='word_1_682' title='bbox 2563 2314 2742 2381; x_wconf 89' lang='lat' dir='ltr'><strong>periit,</strong></span> <span class='ocrx_word' id='word_1_683' title='bbox 2790 2325 2851 2370; x_wconf 86' lang='lat' dir='ltr'><strong>ut</strong></span> <span class='ocrx_word' id='word_1_684' title='bbox 2871 2314 2925 2368; x_wconf 94' lang='lat' dir='ltr'><strong>in</strong></span> <span class='ocrx_word' id='word_1_685' title='bbox 2950 2314 3052 2369; x_wconf 88' lang='lat' dir='ltr'><strong>hoc</strong></span> <span class='ocrx_word' id='word_1_686' title='bbox 3073 2315 3189 2383; x_wconf 90' lang='lat' dir='ltr'><strong>ipso</strong></span> <span class='ocrx_word' id='word_1_687' title='bbox 3215 2315 3311 2381; x_wconf 90' lang='lat' dir='ltr'><strong>ait,</strong></span> <span class='ocrx_word' id='word_1_688' title='bbox 3354 2317 3465 2369; x_wconf 83' lang='lat' dir='ltr'><strong>sine</strong></span> <span class='ocrx_word' id='word_1_689' title='bbox 3492 2315 3602 2387; x_wconf 84' lang='lat' dir='ltr'><strong>lege</strong></span> 
     </span>
    </p>
   </div>
   <div class='ocr_carea' id='block_1_83' title="bbox 2020 2402 3599 2476">
    <p class='ocr_par' dir='ltr' id='par_1_83' title="bbox 2020 2402 3599 2476">
     <span class='ocr_line' id='line_1_83' title="bbox 2020 2402 3599 2476; baseline 0.001 -18"><span class='ocrx_word' id='word_1_690' title='bbox 2020 2403 2278 2473; x_wconf 86' lang='lat' dir='ltr'><strong>peribunt,</strong></span> <span class='ocrx_word' id='word_1_691' title='bbox 2291 2414 2348 2462; x_wconf 88' lang='lat' dir='ltr'><strong>et</strong></span> <span class='ocrx_word' id='word_1_692' title='bbox 2366 2406 2496 2459; x_wconf 78' lang='lat' dir='ltr'><strong>venit</strong></span> <span class='ocrx_word' id='word_1_693' title='bbox 2513 2402 2685 2458; x_wconf 85' lang='lat' dir='ltr'><strong>Filius</strong></span> <span class='ocrx_word' id='word_1_694' title='bbox 2706 2403 2927 2459; x_wconf 84' lang='lat' dir='ltr'><strong>hominis</strong></span> <span class='ocrx_word' id='word_1_695' title='bbox 2946 2420 3176 2474; x_wconf 74' lang='lat' dir='ltr'><strong>qumrere</strong></span> <span class='ocrx_word' id='word_1_696' title='bbox 3195 2404 3337 2476; x_wconf 85' lang='lat' dir='ltr'><strong>quod</strong></span> <span class='ocrx_word' id='word_1_697' title='bbox 3353 2407 3599 2474; x_wconf 84' lang='lat' dir='ltr'><strong>perierat,</strong></span> 
     </span>
    </p>
   </div>
   <div class='ocr_carea' id='block_1_84' title="bbox 2022 2494 3629 2566">
    <p class='ocr_par' dir='ltr' id='par_1_84' title="bbox 2022 2494 3629 2566">
     <span class='ocr_line' id='line_1_84' title="bbox 2022 2494 3629 2566; baseline 0.001 -18"><span class='ocrx_word' id='word_1_698' title='bbox 2022 2509 2127 2549; x_wconf 89' lang='lat' dir='ltr'><strong>non</strong></span> <span class='ocrx_word' id='word_1_699' title='bbox 2139 2495 2281 2566; x_wconf 91' lang='lat' dir='ltr'><strong>quod</strong></span> <span class='ocrx_word' id='word_1_700' title='bbox 2302 2494 2627 2564; x_wconf 86' lang='lat' dir='ltr'><strong>perdiderat,</strong></span> <span class='ocrx_word' id='word_1_701' title='bbox 2651 2494 2795 2555; x_wconf 79' lang='lat' dir='ltr'><strong>et,ad</strong></span> <span class='ocrx_word' id='word_1_702' title='bbox 2815 2509 2942 2549; x_wconf 86' lang='lat' dir='ltr'><strong>oves</strong></span> <span class='ocrx_word' id='word_1_703' title='bbox 2962 2494 3202 2564; x_wconf 87' lang='lat' dir='ltr'><strong>perditas</strong></span> <span class='ocrx_word' id='word_1_704' title='bbox 3224 2494 3416 2550; x_wconf 88' lang='lat' dir='ltr'><strong>domus</strong></span> <span class='ocrx_word' id='word_1_705' title='bbox 3437 2494 3629 2565; x_wconf 85' lang='lat' dir='ltr'><strong>Israel,</strong></span> 
     </span>
    </p>
   </div>
   <div class='ocr_carea' id='block_1_85' title="bbox 2022 2583 3599 2654">
    <p class='ocr_par' dir='ltr' id='par_1_85' title="bbox 2022 2583 3599 2654">
     <span class='ocr_line' id='line_1_85' title="bbox 2022 2583 3599 2654; baseline -0.001 -15"><span class='ocrx_word' id='word_1_706' title='bbox 2022 2600 2129 2639; x_wconf 83' lang='lat' dir='ltr'><strong>non</strong></span> <span class='ocrx_word' id='word_1_707' title='bbox 2170 2599 2305 2654; x_wconf 89' lang='lat' dir='ltr'><strong>quas</strong></span> <span class='ocrx_word' id='word_1_708' title='bbox 2349 2584 2658 2654; x_wconf 89' lang='lat' dir='ltr'><strong>perdiderat</strong></span> <span class='ocrx_word' id='word_1_709' title='bbox 2673 2591 2766 2650; x_wconf 82' lang='lat' dir='ltr'><strong>;et</strong></span> <span class='ocrx_word' id='word_1_710' title='bbox 2805 2598 2931 2639; x_wconf 87' lang='lat' dir='ltr'><strong>cum</strong></span> <span class='ocrx_word' id='word_1_711' title='bbox 2959 2583 3073 2654; x_wconf 88' lang='lat' dir='ltr'><strong>ipse</strong></span> <span class='ocrx_word' id='word_1_712' title='bbox 3119 2583 3380 2640; x_wconf 84' lang='lat' dir='ltr'><strong>Dominus</strong></span> <span class='ocrx_word' id='word_1_713' title='bbox 3429 2584 3599 2640; x_wconf 88' lang='lat' dir='ltr'><strong>dicit:</strong></span> 
     </span>
    </p>
   </div>
   <div class='ocr_carea' id='block_1_86' title="bbox 2026 2674 3608 2746">
    <p class='ocr_par' dir='ltr' id='par_1_86' title="bbox 2026 2674 3608 2746">
     <span class='ocr_line' id='line_1_86' title="bbox 2026 2674 3608 2746; baseline 0.001 -15"><span class='ocrx_word' id='word_1_714' title='bbox 2026 2675 2235 2743; x_wconf 86' lang='lat' dir='ltr'><strong>Omnes,</strong></span> <span class='ocrx_word' id='word_1_715' title='bbox 2266 2676 2459 2744; x_wconf 89' lang='lat' dir='ltr'><strong>inquit,</strong></span> <span class='ocrx_word' id='word_1_716' title='bbox 2482 2691 2610 2746; x_wconf 85' lang='lat' dir='ltr'><strong>quos</strong></span> <span class='ocrx_word' id='word_1_717' title='bbox 2629 2674 2818 2729; x_wconf 84' lang='lat' dir='ltr'><strong>dedisti</strong></span> <span class='ocrx_word' id='word_1_718' title='bbox 2851 2675 2977 2729; x_wconf 90' lang='lat' dir='ltr'><strong>mihi</strong></span> <span class='ocrx_word' id='word_1_719' title='bbox 3003 2676 3225 2741; x_wconf 76' lang='lat' dir='ltr'><strong>seruaui,</strong></span> <span class='ocrx_word' id='word_1_720' title='bbox 3253 2685 3300 2730; x_wconf 91' lang='lat' dir='ltr'><strong>et</strong></span> <span class='ocrx_word' id='word_1_721' title='bbox 3326 2674 3502 2730; x_wconf 86' lang='lat' dir='ltr'><strong>nullus</strong></span> <span class='ocrx_word' id='word_1_722' title='bbox 3540 2692 3608 2732; x_wconf 74' lang='lat' dir='ltr'><strong>ea:</strong></span> 
     </span>
    </p>
   </div>
   <div class='ocr_carea' id='block_1_87' title="bbox 2022 2767 3603 2843">
    <p class='ocr_par' dir='ltr' id='par_1_87' title="bbox 2022 2767 3603 2843">
     <span class='ocr_line' id='line_1_87' title="bbox 2022 2767 3603 2843; baseline 0.003 -21"><span class='ocrx_word' id='word_1_723' title='bbox 2022 2768 2095 2822; x_wconf 86' lang='lat' dir='ltr'><strong>eis</strong></span> <span class='ocrx_word' id='word_1_724' title='bbox 2123 2768 2275 2837; x_wconf 74' lang='lat' dir='ltr'><strong>periit</strong></span> <span class='ocrx_word' id='word_1_725' title='bbox 2308 2767 2488 2839; x_wconf 78' lang='lat' dir='ltr'><strong>(Joan.</strong></span> <span class='ocrx_word' id='word_1_726' title='bbox 2530 2768 2687 2837; x_wconf 79' lang='lat' dir='ltr'><strong>xvn),</strong></span> <span class='ocrx_word' id='word_1_727' title='bbox 2733 2784 2840 2825; x_wconf 87' lang='lat' dir='ltr'><strong>non</strong></span> <span class='ocrx_word' id='word_1_728' title='bbox 2869 2770 3021 2833; x_wconf 78' lang='lat' dir='ltr'><strong>dixit,</strong></span> <span class='ocrx_word' id='word_1_729' title='bbox 3034 2770 3251 2828; x_wconf 86' lang='lat' dir='ltr'><strong>nullum.</strong></span> <span class='ocrx_word' id='word_1_730' title='bbox 3273 2787 3339 2827; x_wconf 78' lang='lat' dir='ltr'><strong>ex</strong></span> <span class='ocrx_word' id='word_1_731' title='bbox 3365 2772 3446 2827; x_wconf 87' lang='lat' dir='ltr'><strong>eis</strong></span> <span class='ocrx_word' id='word_1_732' title='bbox 3478 2788 3603 2843; x_wconf 89' lang='lat' dir='ltr'><strong>per-</strong></span> 
     </span>
    </p>
   </div>
   <div class='ocr_carea' id='block_1_88' title="bbox 2025 2855 3605 2932">
    <p class='ocr_par' dir='ltr' id='par_1_88' title="bbox 2025 2855 3605 2932">
     <span class='ocr_line' id='line_1_88' title="bbox 2025 2855 3605 2932; baseline 0.004 -20"><span class='ocrx_word' id='word_1_733' title='bbox 2025 2855 2154 2912; x_wconf 89' lang='lat' dir='ltr'><strong>didi.</strong></span> <span class='ocrx_word' id='word_1_734' title='bbox 2207 2856 2347 2914; x_wconf 89' lang='lat' dir='ltr'><strong>Sane</strong></span> <span class='ocrx_word' id='word_1_735' title='bbox 2372 2858 2543 2917; x_wconf 88' lang='lat' dir='ltr'><strong>sicubi</strong></span> <span class='ocrx_word' id='word_1_736' title='bbox 2581 2860 2808 2928; x_wconf 88' lang='lat' dir='ltr'><strong>perdere</strong></span> <span class='ocrx_word' id='word_1_737' title='bbox 2832 2860 2976 2916; x_wconf 89' lang='lat' dir='ltr'><strong>Deus</strong></span> <span class='ocrx_word' id='word_1_738' title='bbox 3012 2860 3234 2928; x_wconf 87' lang='lat' dir='ltr'><strong>dicitur,</strong></span> <span class='ocrx_word' id='word_1_739' title='bbox 3283 2877 3383 2932; x_wconf 93' lang='lat' dir='ltr'><strong>pro</strong></span> <span class='ocrx_word' id='word_1_740' title='bbox 3421 2876 3605 2932; x_wconf 87' lang='lat' dir='ltr'><strong>repro-</strong></span> 
     </span>
    </p>
   </div>
   <div class='ocr_carea' id='block_1_89' title="bbox 2021 2951 3584 3024">
    <p class='ocr_par' dir='ltr' id='par_1_89' title="bbox 2021 2951 3584 3024">
     <span class='ocr_line' id='line_1_89' title="bbox 2021 2951 3584 3024; baseline 0.001 -19"><span class='ocrx_word' id='word_1_741' title='bbox 2021 2951 2153 3007; x_wconf 84' lang='lat' dir='ltr'><strong>bare</strong></span> <span class='ocrx_word' id='word_1_742' title='bbox 2184 2953 2351 3024; x_wconf 80' lang='lat' dir='ltr'><strong>magis</strong></span> <span class='ocrx_word' id='word_1_743' title='bbox 2380 2953 2623 3007; x_wconf 75' lang='lat' dir='ltr'><strong>invenies</strong></span> <span class='ocrx_word' id='word_1_744' title='bbox 2655 2956 2881 3020; x_wconf 86' lang='lat' dir='ltr'><strong>dictum,</strong></span> <span class='ocrx_word' id='word_1_745' title='bbox 2915 2955 3059 3010; x_wconf 72' lang='lat' dir='ltr'><strong>sicut</strong></span> <span class='ocrx_word' id='word_1_746' title='bbox 3087 2971 3210 3010; x_wconf 88' lang='lat' dir='ltr'><strong>cum</strong></span> <span class='ocrx_word' id='word_1_747' title='bbox 3238 2955 3369 3011; x_wconf 88' lang='lat' dir='ltr'><strong>dicit</strong></span> <span class='ocrx_word' id='word_1_748' title='bbox 3399 2973 3413 3010; x_wconf 87' lang='lat'><strong>:</strong></span> <span class='ocrx_word' id='word_1_749' title='bbox 3450 2955 3584 3009; x_wconf 82' lang='lat' dir='ltr'><strong>Per-</strong></span> 
     </span>
    </p>
   </div>
   <div class='ocr_carea' id='block_1_90' title="bbox 2019 3045 3581 3117">
    <p class='ocr_par' dir='ltr' id='par_1_90' title="bbox 2019 3045 3581 3117">
     <span class='ocr_line' id='line_1_90' title="bbox 2019 3045 3581 3117; baseline 0.001 -20"><span class='ocrx_word' id='word_1_750' title='bbox 2019 3045 2142 3097; x_wconf 90' lang='lat' dir='ltr'><strong>dam</strong></span> <span class='ocrx_word' id='word_1_751' title='bbox 2152 3047 2466 3114; x_wconf 81' lang='lat' dir='ltr'><strong>sapientiam</strong></span> <span class='ocrx_word' id='word_1_752' title='bbox 2485 3047 2824 3116; x_wconf 76' lang='lat' dir='ltr'><strong>sapientium,</strong></span> <span class='ocrx_word' id='word_1_753' title='bbox 2843 3057 2892 3102; x_wconf 89' lang='lat' dir='ltr'><strong>et</strong></span> <span class='ocrx_word' id='word_1_754' title='bbox 2911 3049 3228 3105; x_wconf 76' lang='lat' dir='ltr'><strong>intellectum</strong></span> <span class='ocrx_word' id='word_1_755' title='bbox 3247 3047 3581 3117; x_wconf 78' lang='lat' dir='ltr'><strong>prudentium</strong></span> 
     </span>
    </p>
   </div>
   <div class='ocr_carea' id='block_1_91' title="bbox 2015 3135 3580 3209">
    <p class='ocr_par' dir='ltr' id='par_1_91' title="bbox 2015 3135 3580 3209">
     <span class='ocr_line' id='line_1_91' title="bbox 2015 3135 3580 3209; baseline 0 -19"><span class='ocrx_word' id='word_1_756' title='bbox 2015 3137 2298 3206; x_wconf 80' lang='lat' dir='ltr'><strong>reprobabo</strong></span> <span class='ocrx_word' id='word_1_757' title='bbox 2328 3135 2382 3207; x_wconf 92' lang='grc' dir='ltr'><strong>(ι</strong></span> <span class='ocrx_word' id='word_1_758' title='bbox 2399 3137 2521 3193; x_wconf 80' lang='lat' dir='ltr'><strong>Cor.</strong></span> <span class='ocrx_word' id='word_1_759' title='bbox 2557 3139 2617 3209; x_wconf 88' lang='lat' dir='ltr'><strong>l).</strong></span> <span class='ocrx_word' id='word_1_760' title='bbox 2639 3139 2790 3206; x_wconf 86' lang='lat' dir='ltr'><strong>Quod</strong></span> <span class='ocrx_word' id='word_1_761' title='bbox 2822 3148 3002 3195; x_wconf 89' lang='lat' dir='ltr'><strong>autem</strong></span> <span class='ocrx_word' id='word_1_762' title='bbox 3019 3137 3154 3195; x_wconf 89' lang='lat' dir='ltr'><strong>dicit</strong></span> <span class='ocrx_word' id='word_1_763' title='bbox 3175 3141 3298 3208; x_wconf 82' lang='lat' dir='ltr'><strong>quis</strong></span> <span class='ocrx_word' id='word_1_764' title='bbox 3330 3146 3580 3208; x_wconf 85' lang='lat' dir='ltr'><strong>quotquot</strong></span> 
     </span>
    </p>
   </div>
   <div class='ocr_carea' id='block_1_92' title="bbox 2014 3230 3584 3301">
    <p class='ocr_par' dir='ltr' id='par_1_92' title="bbox 2014 3230 3584 3301">
     <span class='ocr_line' id='line_1_92' title="bbox 2014 3230 3584 3301; baseline -0.003 -16"><span class='ocrx_word' id='word_1_765' title='bbox 2014 3231 2070 3285; x_wconf 87' lang='lat' dir='ltr'><strong>in</strong></span> <span class='ocrx_word' id='word_1_766' title='bbox 2107 3230 2215 3301; x_wconf 84' lang='lat' dir='ltr'><strong>lege</strong></span> <span class='ocrx_word' id='word_1_767' title='bbox 2240 3239 2606 3299; x_wconf 80' lang='lat' dir='ltr'><strong>peccaverunt,</strong></span> <span class='ocrx_word' id='word_1_768' title='bbox 2633 3247 2725 3300; x_wconf 82' lang='lat' dir='ltr'><strong>per</strong></span> <span class='ocrx_word' id='word_1_769' title='bbox 2751 3230 2910 3301; x_wconf 84' lang='lat' dir='ltr'><strong>legem</strong></span> <span class='ocrx_word' id='word_1_770' title='bbox 2923 3230 3327 3301; x_wconf 71' lang='lat' dir='ltr'><strong>judicabantur,</strong></span> <span class='ocrx_word' id='word_1_771' title='bbox 3348 3230 3584 3293; x_wconf 88' lang='lat' dir='ltr'><strong>intuere,</strong></span> 
     </span>
    </p>
   </div>
   <div class='ocr_carea' id='block_1_93' title="bbox 2019 3321 3586 3395">
    <p class='ocr_par' dir='ltr' id='par_1_93' title="bbox 2019 3321 3586 3395">
     <span class='ocr_line' id='line_1_93' title="bbox 2019 3321 3586 3395; baseline -0.003 -18"><span class='ocrx_word' id='word_1_772' title='bbox 2019 3338 2085 3377; x_wconf 90' lang='lat' dir='ltr'><strong>ne</strong></span> <span class='ocrx_word' id='word_1_773' title='bbox 2117 3323 2256 3377; x_wconf 82' lang='lat' dir='ltr'><strong>forte</strong></span> <span class='ocrx_word' id='word_1_774' title='bbox 2288 3324 2583 3378; x_wconf 86' lang='lat' dir='ltr'><strong>secundum</strong></span> <span class='ocrx_word' id='word_1_775' title='bbox 2618 3323 2885 3395; x_wconf 82' lang='lat' dir='ltr'><strong>vindictas</strong></span> <span class='ocrx_word' id='word_1_776' title='bbox 2904 3326 3000 3378; x_wconf 81' lang='lat' dir='ltr'><strong>has</strong></span> <span class='ocrx_word' id='word_1_777' title='bbox 3018 3336 3137 3392; x_wconf 64' lang='lat' dir='ltr'><strong>quae</strong></span> <span class='ocrx_word' id='word_1_778' title='bbox 3159 3321 3211 3376; x_wconf 92' lang='lat' dir='ltr'><strong>in</strong></span> <span class='ocrx_word' id='word_1_779' title='bbox 3242 3323 3357 3390; x_wconf 88' lang='lat' dir='ltr'><strong>lege</strong></span> <span class='ocrx_word' id='word_1_780' title='bbox 3384 3321 3586 3387; x_wconf 78' lang='lat' dir='ltr'><strong>scripta</strong></span> 
     </span>
    </p>
   </div>
   <div class='ocr_carea' id='block_1_94' title="bbox 2024 3411 3585 3484">
    <p class='ocr_par' dir='ltr' id='par_1_94' title="bbox 2024 3411 3585 3484">
     <span class='ocr_line' id='line_1_94' title="bbox 2024 3411 3585 3484; baseline -0.004 -14"><span class='ocrx_word' id='word_1_781' title='bbox 2024 3424 2173 3479; x_wconf 81' lang='lat' dir='ltr'><strong>sunt,</strong></span> <span class='ocrx_word' id='word_1_782' title='bbox 2204 3415 2401 3484; x_wconf 84' lang='lat' dir='ltr'><strong>quibus</strong></span> <span class='ocrx_word' id='word_1_783' title='bbox 2432 3415 2728 3483; x_wconf 81' lang='lat' dir='ltr'><strong>agebantur</strong></span> <span class='ocrx_word' id='word_1_784' title='bbox 2764 3414 2985 3483; x_wconf 80' lang='lat' dir='ltr'><strong>judicia,</strong></span> <span class='ocrx_word' id='word_1_785' title='bbox 3019 3414 3108 3467; x_wconf 90' lang='lat' dir='ltr'><strong>ubi</strong></span> <span class='ocrx_word' id='word_1_786' title='bbox 3149 3413 3368 3483; x_wconf 86' lang='lat' dir='ltr'><strong>lapidari</strong></span> <span class='ocrx_word' id='word_1_787' title='bbox 3417 3411 3500 3465; x_wconf 90' lang='lat' dir='ltr'><strong>vel</strong></span> <span class='ocrx_word' id='word_1_788' title='bbox 3531 3411 3585 3464; x_wconf 91' lang='lat' dir='ltr'><strong>in</strong></span> 
     </span>
    </p>
   </div>
   <div class='ocr_carea' id='block_1_95' title="bbox 2023 3492 3588 3576">
    <p class='ocr_par' dir='ltr' id='par_1_95' title="bbox 2023 3492 3588 3576">
     <span class='ocr_line' id='line_1_95' title="bbox 2023 3492 3588 3576; baseline -0.004 -17"><span class='ocrx_word' id='word_1_789' title='bbox 2023 3505 2202 3576; x_wconf 87' lang='lat' dir='ltr'><strong>ignem</strong></span> <span class='ocrx_word' id='word_1_790' title='bbox 2231 3505 2393 3570; x_wconf 88' lang='lat' dir='ltr'><strong>tradi,</strong></span> <span class='ocrx_word' id='word_1_791' title='bbox 2416 3504 2497 3558; x_wconf 89' lang='lat' dir='ltr'><strong>vel</strong></span> <span class='ocrx_word' id='word_1_792' title='bbox 2518 3492 2790 3561; x_wconf 65' lang='lat' dir='ltr'><strong>civitatein</strong></span> <span class='ocrx_word' id='word_1_793' title='bbox 2820 3506 3007 3574; x_wconf 80' lang='lat' dir='ltr'><strong>refugii</strong></span> <span class='ocrx_word' id='word_1_794' title='bbox 3041 3506 3212 3567; x_wconf 89' lang='lat' dir='ltr'><strong>adire,</strong></span> <span class='ocrx_word' id='word_1_795' title='bbox 3240 3503 3319 3557; x_wconf 87' lang='lat' dir='ltr'><strong>vel</strong></span> <span class='ocrx_word' id='word_1_796' title='bbox 3353 3502 3459 3556; x_wconf 89' lang='lat' dir='ltr'><strong>alia</strong></span> <span class='ocrx_word' id='word_1_797' title='bbox 3487 3503 3588 3555; x_wconf 81' lang='lat' dir='ltr'><strong>hu-</strong></span> 
     </span>
    </p>
   </div>
   <div class='ocr_carea' id='block_1_96' title="bbox 2019 3595 3586 3668">
    <p class='ocr_par' dir='ltr' id='par_1_96' title="bbox 2019 3595 3586 3668">
     <span class='ocr_line' id='line_1_96' title="bbox 2019 3595 3586 3668; baseline -0.005 -17"><span class='ocrx_word' id='word_1_798' title='bbox 2019 3597 2252 3668; x_wconf 86' lang='lat' dir='ltr'><strong>jusmodi</strong></span> <span class='ocrx_word' id='word_1_799' title='bbox 2273 3598 2381 3668; x_wconf 90' lang='lat' dir='ltr'><strong>pati</strong></span> <span class='ocrx_word' id='word_1_800' title='bbox 2400 3596 2755 3666; x_wconf 86' lang='lat' dir='ltr'><strong>jubebantur,</strong></span> <span class='ocrx_word' id='word_1_801' title='bbox 2780 3597 2852 3653; x_wconf 91' lang='lat' dir='ltr'><strong>ita</strong></span> <span class='ocrx_word' id='word_1_802' title='bbox 2871 3598 2940 3653; x_wconf 90' lang='lat' dir='ltr'><strong>sit</strong></span> <span class='ocrx_word' id='word_1_803' title='bbox 2960 3606 3015 3651; x_wconf 87' lang='lat' dir='ltr'><strong>et</strong></span> <span class='ocrx_word' id='word_1_804' title='bbox 3034 3598 3296 3664; x_wconf 83' lang='lat' dir='ltr'><strong>judicium</strong></span> <span class='ocrx_word' id='word_1_805' title='bbox 3321 3595 3586 3660; x_wconf 83' lang='lat' dir='ltr'><strong>futurum,</strong></span> 
     </span>
    </p>
   </div>
   <div class='ocr_carea' id='block_1_97' title="bbox 1990 3679 3588 3759">
    <p class='ocr_par' dir='ltr' id='par_1_97' title="bbox 1990 3679 3588 3759">
     <span class='ocr_line' id='line_1_97' title="bbox 1990 3679 3588 3759; baseline -0.003 -19"><span class='ocrx_word' id='word_1_806' title='bbox 1990 3690 2279 3759; x_wconf 87' lang='lat' dir='ltr'><strong>-quoniam</strong></span> <span class='ocrx_word' id='word_1_807' title='bbox 2311 3688 2529 3757; x_wconf 84' lang='lat' dir='ltr'><strong>quidem</strong></span> <span class='ocrx_word' id='word_1_808' title='bbox 2577 3699 2698 3759; x_wconf 83' lang='lat' dir='ltr'><strong>typo</strong></span> <span class='ocrx_word' id='word_1_809' title='bbox 2726 3697 2779 3741; x_wconf 91' lang='lat' dir='ltr'><strong>et</strong></span> <span class='ocrx_word' id='word_1_810' title='bbox 2812 3679 3015 3742; x_wconf 55' lang='lat' dir='ltr'><strong>umbrte</strong></span> <span class='ocrx_word' id='word_1_811' title='bbox 3047 3685 3352 3741; x_wconf 70' lang='lat' dir='ltr'><strong>cwlestium</strong></span> <span class='ocrx_word' id='word_1_812' title='bbox 3401 3683 3588 3737; x_wconf 85' lang='lat' dir='ltr'><strong>deser-</strong></span> 
     </span>
    </p>
   </div>
   <div class='ocr_carea' id='block_1_98' title="bbox 2030 3772 3633 3848">
    <p class='ocr_par' dir='ltr' id='par_1_98' title="bbox 2030 3772 3633 3848">
     <span class='ocr_line' id='line_1_98' title="bbox 2030 3772 3633 3848; baseline -0.005 -15"><span class='ocrx_word' id='word_1_813' title='bbox 2030 3778 2142 3833; x_wconf 80' lang='lat' dir='ltr'><strong>vire</strong></span> <span class='ocrx_word' id='word_1_814' title='bbox 2163 3778 2417 3833; x_wconf 89' lang='lat' dir='ltr'><strong>dicuntur</strong></span> <span class='ocrx_word' id='word_1_815' title='bbox 2440 3778 2517 3844; x_wconf 89' lang='lat' dir='ltr'><strong>bi,</strong></span> <span class='ocrx_word' id='word_1_816' title='bbox 2548 3780 2642 3848; x_wconf 86' lang='lat' dir='ltr'><strong>qui</strong></span> <span class='ocrx_word' id='word_1_817' title='bbox 2673 3778 2774 3832; x_wconf 86' lang='lat' dir='ltr'><strong>sub</strong></span> <span class='ocrx_word' id='word_1_818' title='bbox 2808 3779 2920 3848; x_wconf 82' lang='lat' dir='ltr'><strong>lege</strong></span> <span class='ocrx_word' id='word_1_819' title='bbox 2949 3787 3093 3842; x_wconf 87' lang='lat' dir='ltr'><strong>sunt,</strong></span> <span class='ocrx_word' id='word_1_820' title='bbox 3155 3790 3224 3829; x_wconf 83' lang='lat' dir='ltr'><strong>ne</strong></span> <span class='ocrx_word' id='word_1_821' title='bbox 3255 3774 3392 3828; x_wconf 78' lang='lat' dir='ltr'><strong>forte</strong></span> <span class='ocrx_word' id='word_1_822' title='bbox 3427 3772 3589 3828; x_wconf 88' lang='lat' dir='ltr'><strong>simili</strong></span> <span class='ocrx_word' id='word_1_823' title='bbox 3612 3786 3633 3797; x_wconf 70' lang='grc'><strong>“</strong></span> 
     </span>
    </p>
   </div>
   <div class='ocr_carea' id='block_1_99' title="bbox 2028 3864 3588 3938">
    <p class='ocr_par' dir='ltr' id='par_1_99' title="bbox 2028 3864 3588 3938">
     <span class='ocr_line' id='line_1_99' title="bbox 2028 3864 3588 3938; baseline -0.004 -16"><span class='ocrx_word' id='word_1_824' title='bbox 2028 3868 2260 3938; x_wconf 88' lang='lat' dir='ltr'><strong>quadam</strong></span> <span class='ocrx_word' id='word_1_825' title='bbox 2296 3870 2509 3923; x_wconf 87' lang='lat' dir='ltr'><strong>ratione</strong></span> <span class='ocrx_word' id='word_1_826' title='bbox 2540 3878 2731 3937; x_wconf 80' lang='lat' dir='ltr'><strong>agatur</strong></span> <span class='ocrx_word' id='word_1_827' title='bbox 2759 3878 2811 3923; x_wconf 86' lang='lat' dir='ltr'><strong>et</strong></span> <span class='ocrx_word' id='word_1_828' title='bbox 2838 3869 2949 3938; x_wconf 88' lang='lat' dir='ltr'><strong>jam</strong></span> <span class='ocrx_word' id='word_1_829' title='bbox 2984 3867 3222 3920; x_wconf 82' lang='lat' dir='ltr'><strong>futurum</strong></span> <span class='ocrx_word' id='word_1_830' title='bbox 3243 3864 3508 3932; x_wconf 85' lang='lat' dir='ltr'><strong>judicium</strong></span> <span class='ocrx_word' id='word_1_831' title='bbox 3534 3865 3588 3916; x_wconf 89' lang='lat' dir='ltr'><strong>in</strong></span> 
     </span>
    </p>
   </div>
   <div class='ocr_carea' id='block_1_100' title="bbox 2020 3951 3599 4026">
    <p class='ocr_par' dir='ltr' id='par_1_100' title="bbox 2020 3951 3599 4026">
     <span class='ocr_line' id='line_1_100' title="bbox 2020 3951 3599 4026; baseline 0.001 -17"><span class='ocrx_word' id='word_1_832' title='bbox 2020 3968 2117 4010; x_wconf 84' lang='lat' dir='ltr'><strong>eos</strong></span> <span class='ocrx_word' id='word_1_833' title='bbox 2141 3954 2232 4024; x_wconf 89' lang='lat' dir='ltr'><strong>qui</strong></span> <span class='ocrx_word' id='word_1_834' title='bbox 2260 3952 2831 4024; x_wconf 68' lang='lat' dir='ltr'><strong>praevaricati&#39;i‘uerint</strong></span> <span class='ocrx_word' id='word_1_835' title='bbox 2857 3953 3049 4025; x_wconf 87' lang='lat' dir='ltr'><strong>legem.</strong></span> <span class='ocrx_word' id='word_1_836' title='bbox 3081 3951 3279 4025; x_wconf 66' lang='grc' dir='ltr'><strong>(θήρ.)</strong></span> <span class='ocrx_word' id='word_1_837' title='bbox 3308 3953 3440 4009; x_wconf 91' lang='lat' dir='ltr'><strong>Cum</strong></span> <span class='ocrx_word' id='word_1_838' title='bbox 3469 3970 3599 4026; x_wconf 89' lang='lat' dir='ltr'><strong>ergo</strong></span> 
     </span>
    </p>
   </div>
   <div class='ocr_carea' id='block_1_101' title="bbox 2023 4040 3600 4114">
    <p class='ocr_par' dir='ltr' id='par_1_101' title="bbox 2023 4040 3600 4114">
     <span class='ocr_line' id='line_1_101' title="bbox 2023 4040 3600 4114; baseline -0.001 -15"><span class='ocrx_word' id='word_1_839' title='bbox 2023 4044 2264 4099; x_wconf 91' lang='lat' dir='ltr'><strong>diversas</strong></span> <span class='ocrx_word' id='word_1_840' title='bbox 2292 4044 2345 4098; x_wconf 91' lang='lat' dir='ltr'><strong>in</strong></span> <span class='ocrx_word' id='word_1_841' title='bbox 2378 4042 2676 4114; x_wconf 91' lang='lat' dir='ltr'><strong>Scripturis</strong></span> <span class='ocrx_word' id='word_1_842' title='bbox 2703 4042 2807 4097; x_wconf 93' lang='lat' dir='ltr'><strong>dici</strong></span> <span class='ocrx_word' id='word_1_843' title='bbox 2837 4040 3092 4097; x_wconf 78' lang='lat' dir='ltr'><strong>claruerit</strong></span> <span class='ocrx_word' id='word_1_844' title='bbox 3113 4042 3279 4114; x_wconf 86' lang='lat' dir='ltr'><strong>leges,</strong></span> <span class='ocrx_word' id='word_1_845' title='bbox 3324 4044 3369 4099; x_wconf 92' lang='lat' dir='ltr'><strong>si</strong></span> <span class='ocrx_word' id='word_1_846' title='bbox 3400 4044 3520 4112; x_wconf 92' lang='lat' dir='ltr'><strong>quis</strong></span> <span class='ocrx_word' id='word_1_847' title='bbox 3547 4046 3600 4098; x_wconf 89' lang='lat' dir='ltr'><strong>in</strong></span> 
     </span>
    </p>
   </div>
   <div class='ocr_carea' id='block_1_102' title="bbox 2024 4131 3602 4205">
    <p class='ocr_par' dir='ltr' id='par_1_102' title="bbox 2024 4131 3602 4205">
     <span class='ocr_line' id='line_1_102' title="bbox 2024 4131 3602 4205; baseline 0.002 -17"><span class='ocrx_word' id='word_1_848' title='bbox 2024 4144 2235 4188; x_wconf 88' lang='lat' dir='ltr'><strong>tantum</strong></span> <span class='ocrx_word' id='word_1_849' title='bbox 2281 4148 2470 4188; x_wconf 88' lang='lat' dir='ltr'><strong>omnes</strong></span> <span class='ocrx_word' id='word_1_850' title='bbox 2490 4134 2590 4189; x_wconf 87' lang='lat' dir='ltr'><strong>bas</strong></span> <span class='ocrx_word' id='word_1_851' title='bbox 2616 4131 2895 4204; x_wconf 82' lang='lat' dir='ltr'><strong>refugerit,</strong></span> <span class='ocrx_word' id='word_1_852' title='bbox 2934 4141 2994 4187; x_wconf 90' lang='lat' dir='ltr'><strong>ut</strong></span> <span class='ocrx_word' id='word_1_853' title='bbox 3015 4133 3178 4188; x_wconf 87' lang='lat' dir='ltr'><strong>etiam</strong></span> <span class='ocrx_word' id='word_1_854' title='bbox 3206 4134 3465 4189; x_wconf 88' lang='lat' dir='ltr'><strong>naturalis</strong></span> <span class='ocrx_word' id='word_1_855' title='bbox 3489 4134 3602 4205; x_wconf 87' lang='lat' dir='ltr'><strong>ipsa</strong></span> 
     </span>
    </p>
   </div>
   <div class='ocr_carea' id='block_1_103' title="bbox 2023 4223 3603 4295">
    <p class='ocr_par' dir='ltr' id='par_1_103' title="bbox 2023 4223 3603 4295">
     <span class='ocr_line' id='line_1_103' title="bbox 2023 4223 3603 4295; baseline 0.001 -18"><span class='ocrx_word' id='word_1_856' title='bbox 2023 4223 2110 4279; x_wconf 80' lang='lat' dir='ltr'><strong>lex</strong></span> <span class='ocrx_word' id='word_1_857' title='bbox 2133 4224 2253 4293; x_wconf 62' lang='lat' dir='ltr'><strong>quae</strong></span> <span class='ocrx_word' id='word_1_858' title='bbox 2284 4223 2415 4277; x_wconf 89' lang='lat' dir='ltr'><strong>nulli</strong></span> <span class='ocrx_word' id='word_1_859' title='bbox 2463 4223 2576 4279; x_wconf 81' lang='lat' dir='ltr'><strong>fere</strong></span> <span class='ocrx_word' id='word_1_860' title='bbox 2623 4223 2794 4288; x_wconf 90' lang='lat' dir='ltr'><strong>deest,</strong></span> <span class='ocrx_word' id='word_1_861' title='bbox 2841 4223 2923 4277; x_wconf 83' lang='lat' dir='ltr'><strong>vel</strong></span> <span class='ocrx_word' id='word_1_862' title='bbox 2952 4238 3047 4293; x_wconf 89' lang='lat' dir='ltr'><strong>per</strong></span> <span class='ocrx_word' id='word_1_863' title='bbox 3073 4223 3328 4278; x_wconf 86' lang='lat' dir='ltr'><strong>duritiam</strong></span> <span class='ocrx_word' id='word_1_864' title='bbox 3379 4223 3460 4278; x_wconf 87' lang='lat' dir='ltr'><strong>vel</strong></span> <span class='ocrx_word' id='word_1_865' title='bbox 3506 4239 3603 4295; x_wconf 88' lang='lat' dir='ltr'><strong>per</strong></span> 
     </span>
    </p>
   </div>
   <div class='ocr_carea' id='block_1_104' title="bbox 2025 4315 3604 4382">
    <p class='ocr_par' dir='ltr' id='par_1_104' title="bbox 2025 4315 3604 4382">
     <span class='ocr_line' id='line_1_104' title="bbox 2025 4315 3604 4382; baseline 0.002 -11"><span class='ocrx_word' id='word_1_866' title='bbox 2025 4315 2437 4371; x_wconf 87' lang='lat' dir='ltr'><strong>crassitudinem</strong></span> <span class='ocrx_word' id='word_1_867' title='bbox 2498 4315 2677 4370; x_wconf 87' lang='lat' dir='ltr'><strong>cordis</strong></span> <span class='ocrx_word' id='word_1_868' title='bbox 2735 4315 3019 4370; x_wconf 89' lang='lat' dir='ltr'><strong>obliterata</strong></span> <span class='ocrx_word' id='word_1_869' title='bbox 3049 4315 3102 4370; x_wconf 91' lang='lat' dir='ltr'><strong>in</strong></span> <span class='ocrx_word' id='word_1_870' title='bbox 3142 4331 3206 4371; x_wconf 87' lang='lat' dir='ltr'><strong>eo</strong></span> <span class='ocrx_word' id='word_1_871' title='bbox 3248 4315 3512 4382; x_wconf 87' lang='lat' dir='ltr'><strong>videatur,</strong></span> <span class='ocrx_word' id='word_1_872' title='bbox 3549 4324 3604 4374; x_wconf 89' lang='lat' dir='ltr'><strong>et</strong></span> 
     </span>
    </p>
   </div>
   <div class='ocr_carea' id='block_1_105' title="bbox 2025 4404 3604 4479">
    <p class='ocr_par' dir='ltr' id='par_1_105' title="bbox 2025 4404 3604 4479">
     <span class='ocr_line' id='line_1_105' title="bbox 2025 4404 3604 4479; baseline 0.002 -19"><span class='ocrx_word' id='word_1_873' title='bbox 2025 4404 2241 4470; x_wconf 87' lang='lat' dir='ltr'><strong>abolita,</strong></span> <span class='ocrx_word' id='word_1_874' title='bbox 2289 4406 2356 4460; x_wconf 89' lang='lat' dir='ltr'><strong>de</strong></span> <span class='ocrx_word' id='word_1_875' title='bbox 2388 4405 2493 4459; x_wconf 91' lang='lat' dir='ltr'><strong>isto</strong></span> <span class='ocrx_word' id='word_1_876' title='bbox 2515 4412 2692 4473; x_wconf 87' lang='lat' dir='ltr'><strong>potest</strong></span> <span class='ocrx_word' id='word_1_877' title='bbox 2723 4404 2893 4459; x_wconf 89' lang='lat' dir='ltr'><strong>videri</strong></span> <span class='ocrx_word' id='word_1_878' title='bbox 2925 4406 3125 4459; x_wconf 89' lang='lat' dir='ltr'><strong>dictum</strong></span> <span class='ocrx_word' id='word_1_879' title='bbox 3171 4406 3315 4476; x_wconf 91' lang='lat' dir='ltr'><strong>quod</strong></span> <span class='ocrx_word' id='word_1_880' title='bbox 3342 4406 3461 4461; x_wconf 90' lang='lat' dir='ltr'><strong>sine</strong></span> <span class='ocrx_word' id='word_1_881' title='bbox 3490 4406 3604 4479; x_wconf 85' lang='lat' dir='ltr'><strong>lege</strong></span> 
     </span>
    </p>
   </div>
   <div class='ocr_carea' id='block_1_106' title="bbox 2026 4493 3604 4565">
    <p class='ocr_par' dir='ltr' id='par_1_106' title="bbox 2026 4493 3604 4565">
     <span class='ocr_line' id='line_1_106' title="bbox 2026 4493 3604 4565; baseline 0.001 -16"><span class='ocrx_word' id='word_1_882' title='bbox 2026 4502 2243 4565; x_wconf 88' lang='lat' dir='ltr'><strong>pereat;</strong></span> <span class='ocrx_word' id='word_1_883' title='bbox 2268 4493 2590 4562; x_wconf 77' lang='lat' dir='ltr'><strong>iudicandus</strong></span> <span class='ocrx_word' id='word_1_884' title='bbox 2615 4508 2744 4548; x_wconf 89' lang='lat' dir='ltr'><strong>vero</strong></span> <span class='ocrx_word' id='word_1_885' title='bbox 2769 4507 2864 4563; x_wconf 85' lang='lat' dir='ltr'><strong>per</strong></span> <span class='ocrx_word' id='word_1_886' title='bbox 2888 4493 3057 4564; x_wconf 88' lang='lat' dir='ltr'><strong>legem</strong></span> <span class='ocrx_word' id='word_1_887' title='bbox 3081 4495 3290 4549; x_wconf 88' lang='lat' dir='ltr'><strong>dicatur</strong></span> <span class='ocrx_word' id='word_1_888' title='bbox 3316 4494 3363 4549; x_wconf 92' lang='lat' dir='ltr'><strong>is</strong></span> <span class='ocrx_word' id='word_1_889' title='bbox 3391 4494 3482 4565; x_wconf 91' lang='lat' dir='ltr'><strong>qui</strong></span> <span class='ocrx_word' id='word_1_890' title='bbox 3503 4496 3604 4550; x_wconf 90' lang='lat' dir='ltr'><strong>sub</strong></span> 
     </span>
    </p>
   </div>
   <div class='ocr_carea' id='block_1_107' title="bbox 2028 4584 3606 4654">
    <p class='ocr_par' dir='ltr' id='par_1_107' title="bbox 2028 4584 3606 4654">
     <span class='ocr_line' id='line_1_107' title="bbox 2028 4584 3606 4654; baseline 0.002 -16"><span class='ocrx_word' id='word_1_891' title='bbox 2028 4584 2142 4654; x_wconf 89' lang='lat' dir='ltr'><strong>lege</strong></span> <span class='ocrx_word' id='word_1_892' title='bbox 2166 4585 2314 4649; x_wconf 85' lang='lat' dir='ltr'><strong>vivit,</strong></span> <span class='ocrx_word' id='word_1_893' title='bbox 2351 4584 2477 4654; x_wconf 90' lang='lat' dir='ltr'><strong>quia</strong></span> <span class='ocrx_word' id='word_1_894' title='bbox 2507 4594 2563 4638; x_wconf 90' lang='lat' dir='ltr'><strong>et</strong></span> <span class='ocrx_word' id='word_1_895' title='bbox 2581 4584 2868 4654; x_wconf 83' lang='lat' dir='ltr'><strong>Apostolus</strong></span> <span class='ocrx_word' id='word_1_896' title='bbox 2890 4593 3225 4640; x_wconf 87' lang='lat' dir='ltr'><strong>contestatur</strong></span> <span class='ocrx_word' id='word_1_897' title='bbox 3250 4600 3466 4642; x_wconf 90' lang='lat' dir='ltr'><strong>omnem</strong></span> <span class='ocrx_word' id='word_1_898' title='bbox 3499 4588 3606 4641; x_wconf 78' lang='lat' dir='ltr'><strong>cir-</strong></span> 
     </span>
    </p>
   </div>
   <div class='ocr_carea' id='block_1_108' title="bbox 2029 4674 3606 4746">
    <p class='ocr_par' dir='ltr' id='par_1_108' title="bbox 2029 4674 3606 4746">
     <span class='ocr_line' id='line_1_108' title="bbox 2029 4674 3606 4746; baseline 0.001 -17"><span class='ocrx_word' id='word_1_899' title='bbox 2029 4674 2423 4729; x_wconf 87' lang='lat' dir='ltr'><strong>cumcidentcm</strong></span> <span class='ocrx_word' id='word_1_900' title='bbox 2482 4688 2562 4739; x_wconf 87' lang='lat' dir='ltr'><strong>se,</strong></span> <span class='ocrx_word' id='word_1_901' title='bbox 2622 4674 2747 4743; x_wconf 88' lang='lat' dir='ltr'><strong>quia</strong></span> <span class='ocrx_word' id='word_1_902' title='bbox 2791 4675 3003 4729; x_wconf 90' lang='lat' dir='ltr'><strong>debitor</strong></span> <span class='ocrx_word' id='word_1_903' title='bbox 3049 4677 3119 4729; x_wconf 92' lang='lat' dir='ltr'><strong>sit</strong></span> <span class='ocrx_word' id='word_1_904' title='bbox 3171 4676 3436 4730; x_wconf 66' lang='lat' dir='ltr'><strong>universae</strong></span> <span class='ocrx_word' id='word_1_905' title='bbox 3471 4676 3606 4746; x_wconf 86' lang='lat' dir='ltr'><strong>legis</strong></span> 
     </span>
    </p>
   </div>
   <div class='ocr_carea' id='block_1_109' title="bbox 2030 4762 3607 4841">
    <p class='ocr_par' dir='ltr' id='par_1_109' title="bbox 2030 4762 3607 4841">
     <span class='ocr_line' id='line_1_109' title="bbox 2030 4762 3607 4841; baseline 0.001 -23"><span class='ocrx_word' id='word_1_906' title='bbox 2030 4763 2287 4819; x_wconf 64' lang='lat' dir='ltr'><strong>faciendae</strong></span> <span class='ocrx_word' id='word_1_907' title='bbox 2332 4762 2475 4833; x_wconf 81' lang='lat' dir='ltr'><strong>(Gal.</strong></span> <span class='ocrx_word' id='word_1_908' title='bbox 2520 4762 2595 4841; x_wconf 71' lang='grc' dir='ltr'><strong>ν),</strong></span> <span class='ocrx_word' id='word_1_909' title='bbox 2635 4762 2816 4836; x_wconf 57' lang='lat' dir='ltr'><strong>(Anq)</strong></span> <span class='ocrx_word' id='word_1_910' title='bbox 2863 4763 2994 4832; x_wconf 83' lang='lat' dir='ltr'><strong>Quis</strong></span> <span class='ocrx_word' id='word_1_911' title='bbox 3039 4765 3234 4820; x_wconf 84' lang='lat' dir='ltr'><strong>audeat</strong></span> <span class='ocrx_word' id='word_1_912' title='bbox 3267 4766 3470 4831; x_wconf 88' lang='lat' dir='ltr'><strong>dicere,</strong></span> <span class='ocrx_word' id='word_1_913' title='bbox 3512 4763 3607 4819; x_wconf 80' lang='lat' dir='ltr'><strong>Ju-</strong></span> 
     </span>
    </p>
   </div>
   <div class='ocr_carea' id='block_1_110' title="bbox 2032 4856 3605 4928">
    <p class='ocr_par' dir='ltr' id='par_1_110' title="bbox 2032 4856 3605 4928">
     <span class='ocr_line' id='line_1_110' title="bbox 2032 4856 3605 4928; baseline -0.003 -15"><span class='ocrx_word' id='word_1_914' title='bbox 2032 4857 2197 4923; x_wconf 73' lang='lat' dir='ltr'><strong>dzeos,</strong></span> <span class='ocrx_word' id='word_1_915' title='bbox 2246 4858 2339 4928; x_wconf 91' lang='lat' dir='ltr'><strong>qui</strong></span> <span class='ocrx_word' id='word_1_916' title='bbox 2379 4857 2431 4911; x_wconf 92' lang='lat' dir='ltr'><strong>in</strong></span> <span class='ocrx_word' id='word_1_917' title='bbox 2460 4856 2578 4928; x_wconf 87' lang='lat' dir='ltr'><strong>lege</strong></span> <span class='ocrx_word' id='word_1_918' title='bbox 2602 4866 2834 4926; x_wconf 79' lang='lat' dir='ltr'><strong>peccant</strong></span> <span class='ocrx_word' id='word_1_919' title='bbox 2878 4870 2984 4910; x_wconf 90' lang='lat' dir='ltr'><strong>non</strong></span> <span class='ocrx_word' id='word_1_920' title='bbox 3007 4871 3127 4911; x_wconf 85' lang='lat' dir='ltr'><strong>esse</strong></span> <span class='ocrx_word' id='word_1_921' title='bbox 3158 4856 3446 4924; x_wconf 88' lang='lat' dir='ltr'><strong>perituros,</strong></span> <span class='ocrx_word' id='word_1_922' title='bbox 3481 4868 3605 4909; x_wconf 91' lang='lat' dir='ltr'><strong>cum</strong></span> 
     </span>
    </p>
   </div>
   <div class='ocr_carea' id='block_1_111' title="bbox 2032 4941 3605 5014">
    <p class='ocr_par' dir='ltr' id='par_1_111' title="bbox 2032 4941 3605 5014">
     <span class='ocr_line' id='line_1_111' title="bbox 2032 4941 3605 5014; baseline -0.003 -12"><span class='ocrx_word' id='word_1_923' title='bbox 2032 4949 2085 5002; x_wconf 88' lang='lat' dir='ltr'><strong>in</strong></span> <span class='ocrx_word' id='word_1_924' title='bbox 2122 4947 2397 5003; x_wconf 72' lang='lat' dir='ltr'><strong>Christum</strong></span> <span class='ocrx_word' id='word_1_925' title='bbox 2423 4963 2528 5001; x_wconf 91' lang='lat' dir='ltr'><strong>non</strong></span> <span class='ocrx_word' id='word_1_926' title='bbox 2552 4947 2900 5009; x_wconf 87' lang='lat' dir='ltr'><strong>crediderint,</strong></span> <span class='ocrx_word' id='word_1_927' title='bbox 2953 4944 3386 5014; x_wconf 86' lang='lat' dir='ltr'><strong>quandoquidem</strong></span> <span class='ocrx_word' id='word_1_928' title='bbox 3409 4941 3477 4996; x_wconf 90' lang='lat' dir='ltr'><strong>de</strong></span> <span class='ocrx_word' id='word_1_929' title='bbox 3500 4941 3605 4997; x_wconf 86' lang='lat' dir='ltr'><strong>illis</strong></span> 
     </span>
    </p>
   </div>
   <div class='ocr_carea' id='block_1_112' title="bbox 2032 5031 3604 5108">
    <p class='ocr_par' dir='ltr' id='par_1_112' title="bbox 2032 5031 3604 5108">
     <span class='ocr_line' id='line_1_112' title="bbox 2032 5031 3604 5108; baseline -0.003 -17"><span class='ocrx_word' id='word_1_930' title='bbox 2032 5037 2232 5091; x_wconf 89' lang='lat' dir='ltr'><strong>dictum</strong></span> <span class='ocrx_word' id='word_1_931' title='bbox 2250 5045 2356 5100; x_wconf 80' lang='lat' dir='ltr'><strong>est,</strong></span> <span class='ocrx_word' id='word_1_932' title='bbox 2388 5052 2485 5107; x_wconf 90' lang='lat' dir='ltr'><strong>per</strong></span> <span class='ocrx_word' id='word_1_933' title='bbox 2507 5037 2675 5108; x_wconf 87' lang='lat' dir='ltr'><strong>legem</strong></span> <span class='ocrx_word' id='word_1_934' title='bbox 2704 5035 3087 5104; x_wconf 77' lang='lat' dir='ltr'><strong>iudicabuntur</strong></span> <span class='ocrx_word' id='word_1_935' title='bbox 3114 5042 3171 5088; x_wconf 93' lang='lat' dir='ltr'><strong>ut</strong></span> <span class='ocrx_word' id='word_1_936' title='bbox 3193 5033 3450 5103; x_wconf 83' lang='lat' dir='ltr'><strong>pereant?</strong></span> <span class='ocrx_word' id='word_1_937' title='bbox 3471 5031 3604 5087; x_wconf 85' lang='lat' dir='ltr'><strong>Nam</strong></span> 
     </span>
    </p>
   </div>
   <div class='ocr_carea' id='block_1_113' title="bbox 2032 5123 3607 5203">
    <p class='ocr_par' dir='ltr' id='par_1_113' title="bbox 2032 5123 3607 5203">
     <span class='ocr_line' id='line_1_113' title="bbox 2032 5123 3607 5203; baseline -0.003 -21"><span class='ocrx_word' id='word_1_938' title='bbox 2032 5128 2076 5182; x_wconf 89' lang='lat' dir='ltr'><strong>si</strong></span> <span class='ocrx_word' id='word_1_939' title='bbox 2118 5128 2270 5198; x_wconf 87' lang='lat' dir='ltr'><strong>pejor</strong></span> <span class='ocrx_word' id='word_1_940' title='bbox 2308 5130 2413 5182; x_wconf 90' lang='lat' dir='ltr'><strong>erit</strong></span> <span class='ocrx_word' id='word_1_941' title='bbox 2454 5128 2696 5203; x_wconf 83' lang='lat' dir='ltr'><strong>conditio</strong></span> <span class='ocrx_word' id='word_1_942' title='bbox 2738 5126 3087 5180; x_wconf 88' lang='lat' dir='ltr'><strong>nescientium</strong></span> <span class='ocrx_word' id='word_1_943' title='bbox 3122 5139 3280 5193; x_wconf 89' lang='lat' dir='ltr'><strong>quam</strong></span> <span class='ocrx_word' id='word_1_944' title='bbox 3325 5123 3607 5177; x_wconf 81' lang='lat' dir='ltr'><strong>scientium</strong></span> 
     </span>
    </p>
   </div>
   <div class='ocr_carea' id='block_1_114' title="bbox 2033 5213 3609 5290">
    <p class='ocr_par' dir='ltr' id='par_1_114' title="bbox 2033 5213 3609 5290">
     <span class='ocr_line' id='line_1_114' title="bbox 2033 5213 3609 5290; baseline -0.002 -19"><span class='ocrx_word' id='word_1_945' title='bbox 2033 5221 2201 5288; x_wconf 88' lang='lat' dir='ltr'><strong>legem</strong></span> <span class='ocrx_word' id='word_1_946' title='bbox 2234 5219 2354 5283; x_wconf 92' lang='lat' dir='ltr'><strong>Dei,</strong></span> <span class='ocrx_word' id='word_1_947' title='bbox 2389 5219 2663 5290; x_wconf 89' lang='lat' dir='ltr'><strong>quomodo</strong></span> <span class='ocrx_word' id='word_1_948' title='bbox 2699 5232 2885 5271; x_wconf 90' lang='lat' dir='ltr'><strong>verum</strong></span> <span class='ocrx_word' id='word_1_949' title='bbox 2920 5217 3023 5271; x_wconf 90' lang='lat' dir='ltr'><strong>erit</strong></span> <span class='ocrx_word' id='word_1_950' title='bbox 3060 5215 3199 5285; x_wconf 92' lang='lat' dir='ltr'><strong>quod</strong></span> <span class='ocrx_word' id='word_1_951' title='bbox 3236 5216 3287 5269; x_wconf 92' lang='lat' dir='ltr'><strong>in</strong></span> <span class='ocrx_word' id='word_1_952' title='bbox 3322 5213 3609 5283; x_wconf 80' lang='lat' dir='ltr'><strong>Evangelia</strong></span> 
     </span>
    </p>
   </div>
   <div class='ocr_carea' id='block_1_115' title="bbox 2036 5303 3609 5376">
    <p class='ocr_par' dir='ltr' id='par_1_115' title="bbox 2036 5303 3609 5376">
     <span class='ocr_line' id='line_1_115' title="bbox 2036 5303 3609 5376; baseline -0.003 -15"><span class='ocrx_word' id='word_1_953' title='bbox 2036 5308 2293 5362; x_wconf 87' lang='lat' dir='ltr'><strong>Dominus</strong></span> <span class='ocrx_word' id='word_1_954' title='bbox 2342 5309 2459 5361; x_wconf 89' lang='lat' dir='ltr'><strong>ait:</strong></span> <span class='ocrx_word' id='word_1_955' title='bbox 2503 5305 2693 5360; x_wconf 70' lang='lat' dir='ltr'><strong>Servus</strong></span> <span class='ocrx_word' id='word_1_956' title='bbox 2731 5305 2818 5376; x_wconf 81' lang='lat' dir='ltr'><strong>qui</strong></span> <span class='ocrx_word' id='word_1_957' title='bbox 2857 5308 3014 5359; x_wconf 77' lang='lat' dir='ltr'><strong>nescit</strong></span> <span class='ocrx_word' id='word_1_958' title='bbox 3049 5305 3361 5358; x_wconf 76' lang='lat' dir='ltr'><strong>voluntatem</strong></span> <span class='ocrx_word' id='word_1_959' title='bbox 3410 5303 3609 5357; x_wconf 82' lang='lat' dir='ltr'><strong>domini</strong></span> 
     </span>
    </p>
   </div>
   <div class='ocr_carea' id='block_1_116' title="bbox 2032 5392 3537 5470">
    <p class='ocr_par' dir='ltr' id='par_1_116' title="bbox 2032 5392 3537 5470">
     <span class='ocr_line' id='line_1_116' title="bbox 2032 5392 3537 5470; baseline -0.005 -15"><span class='ocrx_word' id='word_1_960' title='bbox 2032 5402 2135 5466; x_wconf 87' lang='lat' dir='ltr'><strong>sui,</strong></span> <span class='ocrx_word' id='word_1_961' title='bbox 2167 5412 2213 5454; x_wconf 90' lang='lat' dir='ltr'><strong>et</strong></span> <span class='ocrx_word' id='word_1_962' title='bbox 2238 5400 2358 5470; x_wconf 83' lang='lat' dir='ltr'><strong>facit</strong></span> <span class='ocrx_word' id='word_1_963' title='bbox 2384 5400 2541 5469; x_wconf 83' lang='lat' dir='ltr'><strong>digna</strong></span> <span class='ocrx_word' id='word_1_964' title='bbox 2560 5397 3009 5468; x_wconf 71' lang='lat' dir='ltr'><strong>plagis‘htapulabit</strong></span> <span class='ocrx_word' id='word_1_965' title='bbox 3037 5399 3217 5468; x_wconf 78' lang='lat' dir='ltr'><strong>paucis</strong></span> <span class='ocrx_word' id='word_1_966' title='bbox 3240 5396 3389 5467; x_wconf 84' lang='lat' dir='ltr'><strong>(Luc.</strong></span> <span class='ocrx_word' id='word_1_967' title='bbox 3415 5392 3537 5465; x_wconf 78' lang='lat' dir='ltr'><strong>xu),</strong></span> 
     </span>
    </p>
   </div>
   <div class='ocr_carea' id='block_1_117' title="bbox 2107 5487 3615 5563">
    <p class='ocr_par' dir='ltr' id='par_1_117' title="bbox 2107 5487 3615 5563">
     <span class='ocr_line' id='line_1_117' title="bbox 2107 5487 3615 5563; baseline -0.005 -17"><span class='ocrx_word' id='word_1_968' title='bbox 2107 5492 2176 5546; x_wconf 81' lang='lat' dir='ltr'><strong>Et</strong></span> <span class='ocrx_word' id='word_1_969' title='bbox 2205 5493 2493 5563; x_wconf 82' lang='lat' dir='ltr'><strong>quicunque</strong></span> <span class='ocrx_word' id='word_1_970' title='bbox 2522 5493 2576 5546; x_wconf 89' lang='lat' dir='ltr'><strong>in</strong></span> <span class='ocrx_word' id='word_1_971' title='bbox 2603 5490 2712 5561; x_wconf 79' lang='lat' dir='ltr'><strong>lege</strong></span> <span class='ocrx_word' id='word_1_972' title='bbox 2734 5499 3089 5561; x_wconf 80' lang='lat' dir='ltr'><strong>peccaverunt,</strong></span> <span class='ocrx_word' id='word_1_973' title='bbox 3114 5506 3204 5559; x_wconf 86' lang='lat' dir='ltr'><strong>per</strong></span> <span class='ocrx_word' id='word_1_974' title='bbox 3222 5489 3380 5560; x_wconf 83' lang='lat' dir='ltr'><strong>legem</strong></span> <span class='ocrx_word' id='word_1_975' title='bbox 3394 5487 3615 5558; x_wconf 79' lang='lat' dir='ltr'><strong>judica-</strong></span> 
     </span>
    </p>
   </div>
   <div class='ocr_carea' id='block_1_118' title="bbox 2039 5573 3608 5652">
    <p class='ocr_par' dir='ltr' id='par_1_118' title="bbox 2039 5573 3608 5652">
     <span class='ocr_line' id='line_1_118' title="bbox 2039 5573 3608 5652; baseline -0.004 -16"><span class='ocrx_word' id='word_1_976' title='bbox 2039 5585 2246 5637; x_wconf 83' lang='lat' dir='ltr'><strong>buntur.</strong></span> <span class='ocrx_word' id='word_1_977' title='bbox 2301 5581 2531 5652; x_wconf 75' lang='lat' dir='ltr'><strong>(Amer</strong></span> <span class='ocrx_word' id='word_1_978' title='bbox 2576 5581 2839 5649; x_wconf 79' lang='lat' dir='ltr'><strong>Quoniam</strong></span> <span class='ocrx_word' id='word_1_979' title='bbox 2891 5579 3056 5637; x_wconf 74' lang='lat' dir='ltr'><strong>Judzei</strong></span> <span class='ocrx_word' id='word_1_980' title='bbox 3091 5579 3257 5650; x_wconf 84' lang='lat' dir='ltr'><strong>legem</strong></span> <span class='ocrx_word' id='word_1_981' title='bbox 3294 5578 3510 5641; x_wconf 77' lang='lat' dir='ltr'><strong>habent,</strong></span> <span class='ocrx_word' id='word_1_982' title='bbox 3550 5573 3608 5630; x_wconf 75' lang='lat' dir='ltr'><strong>in</strong></span> 
     </span>
    </p>
   </div>
  </div>
