3998 6202
432 267 590 378 "illi.
1038 312 1100 368 B.
1143 307 1394 364 ιιΑΒΑΝι
1433 303 1650 360 MAURI
1689 299 2003 356 Aliilllllii’.
2035 298 2052 350 J

2158 272 2340 350 :uivr.
2377 288 2660 346 OPliltL'ii
2701 284 2880 340 rans
2919 283 3001 338 ιιι.
3541 274 3676 332 1528

433 449 537 504 qua
568 429 712 486 salus
736 427 839 481 illis
865 424 1132 494 promissa
1172 431 1286 481 est;
1320 435 1427 472 non
1455 404 1759 472 credentes.
1787 411 1864 462 vel
1893 424 1996 463 non
2028 415 2078 472 Α
2105 406 2180 458 ita
2209 413 2264 460 et
2294 418 2416 458 eum
2446 399 2710 462 diliidunt,
2741 396 2950 466 pejores
2976 392 3316 448 inveniuntur
3339 409 3356 444 :
3385 387 3511 460 plus
3535 389 3683 444 enim

1972 497 1983 504 .
2126 495 2161 504 ..
2231 494 2264 504 ι.
2340 502 2347 504 .
2471 493 2482 504 ι
2651 491 2663 504 ι
2714 490 2726 504 ι
2783 488 2799 504 ι
2859 488 2893 504 ο.
2977 501 2993 504 -
3019 485 3145 504 -,ε-ε.
3217 497 3372 504 _---__
3422 480 3511 504 __:
3544 479 3683 504 ---ΑΔ

785 479 1108 585 promissum
1139 525 1235 580 per
1266 479 1858 577 legemjudicabuntur,
1904 497 2004 552 sub
2110 494 2356 566 displicet
2393 493 2487 564 qui
2522 491 2666 562 quod
2713 488 2920 553 habuit,
2971 485 3172 588 amisit,
3211 497 3377 588 quam
3417 480 3514 586 σιξιί
3540 479 3684 550 quod

433 573 846 680 qua‘vixcruu-t:
877 605 991 672 ipsa
1011 573 1155 657 enini
1177 573 1484 660 accusante,
1509 589 2007 664 pcenasexsolvcnt,
2115 604 2222 644 non
2265 587 2525 658 speravit,
2563 582 2820 652 consequi
2866 596 2972 636 non
2997 577 3206 648 potuit;
3248 575 3352 630 iste
3387 573 3536 630 enim
3575 585 3680 628 nor

441 667 563 754 nam
579 713 744 770 prope
758 667 972 767 gravior
984 692 1288 747 Judmorum
1305 703 1463 744 causa
1479 693 1561 742 est
1595 682 1733 754 apud
1755 696 1848 748 eos
1869 680 2012 749 ipsos
2117 680 2336 736 intravit
2363 679 2418 733 in
2443 675 2669 748 regiam,
2719 671 2809 728 ille
2827 671 2972 726 foras
2999 667 3197 723 missus
3216 675 3320 721 est.

442 805 602 858 quam
629 785 928 857 gentilium.
970 781 1122 836 Sicut
1143 780 1288 835 enim
1325 777 1608 832 credentes
1635 770 2012 844 praeferuntur,

415 1023 436 1052 '
1419 1013 1826 1128 LIBER
1916 999 2693 1120 SECUNDUS.

877 1271 1223 1340 SEQUITUR
1261 1267 1486 1324 CAPUT
1521 1266 1584 1320 ll.
2120 1252 2304 1309 moria:
2363 1245 2701 1318 receptaculo
2753 1239 3070 1299 continere?
3133 1237 3244 1294 Sed
3273 1235 3582 1340 Isciendum.

529 1361 647 1416 Non
676 1359 810 1412 enim
837 1325 1098 1408 aiidilbres
1119 1351 1243 1420 legis
1259 1349 1390 1419 justi
1413 1357 1531 1402 sunt
1556 1344 1695 1414 apud
1725 1343 1907 1406 Deum,
1930 1340 2020 1394 sed
2121 1339 2441 1398 rationalem
2491 1335 2684 1390 anima
2734 1333 3009 1397 virtutem,
3064 1342 3161 1384 cor
3208 1326 3387 1382 solere
3430 1325 3710 1381 nominari

454 1454 677 1523 factores
699 1449 824 1516 tegis
847 1415 1298 1514 justiﬁcabunmr.
1337 1435 1570 1509 (Ambr.)
1600 1433 1714 1489 Hoc
1739 1433 1871 1488 dicit
1896 1430 2022 1500 quia
2125 1430 2431 1489 testimonia
2455 1441 2602 1483 sanae
2637 1421 3003 1486 conscientiae,
3049 1427 3112 1474 ut
3133 1415 3424 1523 Apostolus
3453 1415 3713 1523 dici't‘ens

592 1539 646 1595 hi
675 1505 806 1608 justi
837 1505 962 1590 sunt
983 1505 993 1511 I
1014 1531 1103 1600 qni
1138 1505 1364 1584 audiunt
1393 1527 1586 1596 legem,
1645 1523 1741 1578 sed
1773 1521 1864 1592 qui
1901 1534 2024 1575 cre-
2122 1524 2218 1594 qui
2250 1519 2574 1589 descriptam
2613 1513 2891 1571 continent
2927 1511 2982 1567 iu
3009 1505 3493 1608 cordibus-legem.
3562 1505 3714 1560 Unde

456 1597 591 1688 dunt
627 1597 975 1684 in'Christum
1021 1597 1178 1691 quem
1205 1619 1284 1672 lex
1311 1616 1574 1689 promisit,
1630 1623 1688 1669 et
1710 1615 1814 1669 hoc
1837 1619 1924 1668 est
1950 1609 2029 1664 fa—
2131 1612 2497 1672 necessarium
2542 1608 2751 1663 videtur
2785 1603 3086 1667 discutere,
3124 1600 3253 1672 quid
3274 1597 3416 1654 istud
3448 1599 3526 1653 sit
3552 1599 3716 1668 .quod

457 1737 584 1779 cere
610 1721 804 1790 legem.
859 1688 1056 1770 Omnis
1070 1723 1247 1765 autem
1275 1688 1378 1762 nun
1416 1705 1544 1760 facit
1566 1704 1757 1775 legem,
1807 1701 1899 1770 qui
1924 1713 2027 1754 non
2061 1705 2107 1764 Β
2132 1701 2516 1761 conscientiam
2542 1696 2828 1770 Apostolus
2854 1702 3031 1758 vocat,
3082 1701 3334 1747 utrumne
3360 1689 3468 1744 alia
3498 1689 3573 1744 si;
3609 1688 3714 1742 an-

460 1810 636 1868 credit
676 1806 804 1877 legi,
874 1805 998 1858 dum
1035 1817 1140 1855 non
1181 1799 1370 1866 recipit
1419 1796 1506 1851 cui
1548 1795 1630 1849 lex
1665 1791 2029 1848 testimonium

455 1901 750 1976 perhibuit.
806 1897 906 1964 Qui
935 1903 1114 1949 autem
1135 1893 1188 1946 in
1217 1891 1333 1960 lege
1357 1889 1570 1943 videtur
1603 1901 1709 1940 non
1739 1897 1884 1946 esse,
1906 1881 2030 1951 quia

463 1973 872 2048 incircumcisus
899 1994 983 2040 est
1010 1997 1190 2045 carne,
1241 1979 1414 2036 credit
1434 1987 1613 2032 autem
1664 1975 1716 2029 iu
1738 1973 2029 2037 Christum,

467 2081 555 2136 hic
593 2077 786 2133 fecisse
820 2075 992 2144 legem
1043 2071 1274 2134 dicitur,
1328 2078 1383 2123 et
1435 2067 1523 2122 ille
1567 2064 1657 2136 qui
1707 2083 1766 2121 se
1805 2062 1936 2118 dicit
1979 2061 2034 2114 in

466 2175 580 2243 lege
595 2184 740 2226 esse.
791 2168 844 2223 id
865 2174 948 2222 est
991 2163 1226 2223 Judaeus.
1255 2159 1470 2216 auditor
1503 2158 1635 2228 legis
1664 2157 1743 2221 ﬁt,
1798 2151 2033 2209 non-fa—

467 2273 607 2328 ctor,
657 2261 781 2332 quia
813 2274 918 2313 non
949 2257 1122 2313 credit
1146 2254 1200 2309 in
1231 2253 1504 2310 Christum
1533 2250 1791 2319 scriptum
1821 2247 1874 2301 in
1897 2245 2034 2315 lege,

469 2354 610 2411 sicut
636 2352 770 2408 dixit
797 2348 1072 2418 Philippus
1115 2345 1183 2400 ad
1205 2340 1500 2397 Nathanael
1530 2338 1714 2411 (Joan.
1743 2336 1784 2408 ι)
1819 2349 1834 2389 :
1872 2333 2038 2402 Quem

468 2445 670 2514 sciupsit
696 2441 898 2513 Moyses
920 2440 975 2494 in
1000 2437 1110 2508 lege
1132 2445 1178 2490 et
1195 2435 1474 2507 prophetw,
1523 2431 1810 2486 inuenimus
1831 2427 2033 2482 Iesum.

469 2533 680 2609 (Greg.)
729 2532 806 2586 illi
835 2531 940 2586 duo
979 2527 1225 2598 discipuli
1268 2526 1322 2580 in
1349 2523 1638 2594 Evangelio
1681 2519 1834 2593 (Luc.
1866 2517 2038 2589 xxrv),

474 2627 565 2698 qui
613 2633 735 2696 post
765 2619 1214 2678 resurrectionem
1253 2615 1465 2672 Domini
1491 2629 1614 2669 cum
1641 2627 1707 2668 eo
1759 2610 1813 2665 in
1839 2611 1923 2664 via
1957 2622 2044 2664 co-

472 2718 820 2780 mitabantur,
871 2713 940 2768 ad
973 2710 1262 2782 hospitium
1291 2707 1438 2762 illum
1481 2704 1732 2767 invitant,
1800 2713 2044 2756 mensam

473 2817 697 2880 ponunt,
722 2807 871 2864 cibos
897 2803 1145 2867 oﬁ‘erunt,
1195 2810 1252 2856 et
1284 2801 1450 2856 Deum
1479 2813 1639 2868 quem
1667 2797 1720 2852 in
1749 2793 2046 2866 Scriptura:

477 2915 647 2958 sacrae
677 2896 1009 2968 expositione
1060 2908 1168 2948 non
1204 2896 1590 2964 cognoverunt,
1639 2886 1694 2941 in
1737 2883 1893 2956 panis
1936 2880 2048 2936 fra-

477 2993 654 3048 ctione
676 2995 1026 3060 cognoscunt.
1052 2983 1330 3039 Audienda
1353 2995 1483 3051 ergo
1497 2985 1762 3051 praecepta
1785 2973 1902 3038 Dei,
1928 2971 2048 3027 illu-

2135 1809 2239 1866 qua
2281 1787 2580 1848 substantia
2602 1800 2764 1858 quam
2789 1799 2884 1840 cor
2910 1784 2994 1840 vel
3019 1783 3220 1848 anima,
3265 1783 3383 1837 haec
3405 1781 3554 1835 enim
3581 1793 3714 1834 con-

2137 1884 2381 1947 scientia,
2415 1890 2473 1936 et
2494 1879 2624 1935 alibi
2645 1878 2862 1946 dicitur,
2917 1875 3042 1946 quia
3071 1873 3452 1944 reprehendat,
3492 1885 3604 1924 non
3625 1884 3709 1924 re-

2139 1971 2518 2046 prehendatur,
2555 1977 2612 2024 et
2630 1967 2837 2038 iudicet
2861 1965 3158 2031 hominem,
3181 1978 3286 2020 non
3308 1962 3424 2034 ipsa
3445 1961 3740 2034 iudicetur.

2140 2066 2277 2121 sicut
2310 2064 2388 2118 ait
2413 2061 2647 2117 Joannes
2673 2075 2686 2112 :
2716 2056 2774 2114 Si
2799 2055 3135 2120 conscientia,
3181 2053 3376 2122 inquit.
3407 2059 3590 2105 nostra
3613 2065 3718 2102 non

2141 2153 2478 2227 reprehendat
2507 2167 2623 2215 nos,
2642 2149 2890 2219 ﬁduciam
2911 2145 3157 2200 habemus
3186 2145 3255 2198 ad
3282 2141 3454 2198 Deum
3479 2141 3532 2215 (Ι
3557 2141 3721 2196 locu.

2111 2249 2248 2322 -m).
2280 2248 2348 2302 Et
2371 2246 2567 2301 iterum
2593 2243 2707 2313 ipse
2741 2239 2939 2296 Paulus
2964 2237 3090 2293 alibi
3118 2236 3268 2301 dicit,
3325 2235 3453 2303 quia
3473 2231 3722 2305 gloriatio

2144 2349 2322 2398 nostra
2365 2338 2476 2394 haec
2515 2333 2984 2400 est,testimonium
3012 2329 3341 2385 conscientia:
3391 2339 3592 2382 nostra
3636 2326 3720 2398 (ll

2146 2433 2269 2489 Cor.
2298 2431 2360 2503 ι).
2391 2429 2526 2496 Quia
2546 2442 2676 2498 ergo
2705 2434 2906 2480 tantam
2932 2421 3048 2492 ejus
3072 2421 3228 2478 video
3249 2420 3585 2482 libertatem,
3607 2433 3724 2488 qur

2149 2525 2203 2580 in
2236 2521 2392 2578 bonis
2416 2519 2634 2591 quidem
2660 2516 2824 2587 gestis
2845 2514 3074 2586 gaudeat
3098 2527 3333 2584 semper,
3381 2520 3439 2566 et
3465 2508 3726 2571 exsultet,

2149 2615 2203 2670 in
2225 2611 2381 2668 malis
2408 2623 2536 2667 vero
2561 2625 2667 2664 non
2708 2613 2985 2678 arguatur,
3008 2603 3104 2660 sed
3127 2603 3300 2673 ipsam
3325 2599 3594 2667 animam,
3641 2599 3728 2654 cui

2151 2706 2410 2769 cohaeret,
2444 2699 2802 2772 reprehendat
2837 2705 2892 2752 ct
2916 2705 3129 2766 arguat.

2224 2793 2596 2850 Testimonium
2653 2788 2897 2844 reddente
2939 2784 3043 2842 illis
3099 2781 3420 2840 conscientia
3473 2783 3730 2854 ipsorum.

2153 2883 2364 2957 (Greg.)
2414 2881 2567 2950 Quod
2608 2888 2786 2934 autem
2817 2877 2966 2942 dicit,
3006 2881 3342 2930 contestante
3393 2871 3729 2928 conscientia

2155 2971 2689 3039 illorum,secundum
2713 2967 2862 3026 illum
2889 2967 3063 3023 locum
3091 2965 3327 3036 loquitur
3347 2962 3582 3020 Joannis
3604 2979 3730 3035 apo-

480 3083 668 3138 minati
696 3049 800 3136 min
820 3087 968 3144 sunt,
998 3075 1242 3132 faciendo
1271 3049 1721 3135 illuminati‘sunt,
1750 3067 1876 3137 quia
1909 3063 2048 3119 scri-
2078 3049 2123 3112 Ο
2155 3064 2280 3122 stoli
2313 3078 2420 3134 quo
2439 3063 2516 3118 ait
2545 3080 2557 3116 :
2594 3059 2947 3122 Dilectissimi,
2997 3059 3041 3112 si
3064 3073 3154 3112 cor
3193 3065 3430 3110 nostrum
3480 3073 3581 3110 nos
3629 3067 3734 3112 non

483 3181 636 3243 ptum
679 3178 784 3233 est,
829 3183 933 3222 non
983 3166 1250 3220 auditores
1270 3162 1398 3234 legis
1432 3159 1870 3232 justi/icabuntur
1909 3153 2050 3225 apud

484 3259 673 3324 Deum,
725 3256 814 3310 sed
855 3255 1076 3324 factores
1125 3251 1252 3322 legis
1295 3249 1744 3320 justi/icabuntur.
1800 3244 2054 3314 Quisquis

485 3361 618 3416 ergo
673 3343 786 3397 vult
831 3342 1013 3396 audita
1059 3339 1376 3410 intelligere,
1423 3336 1642 3392 festinet
1667 3349 1734 3389 ea
1775 3349 1894 3402 quae
1943 3331 2055 3401 jam

487 3436 786 3506 intelligere
819 3435 991 3505 potuit
1020 3445 1181 3502 opere
1224 3430 1476 3500 implere;
1502 3442 1630 3484 ecce
1658 3427 1920 3481 Dominus
1961 3439 2057 3480 co-

487 3529 666 3602 gnitus
708 3543 814 3581 non
852 3535 936 3580 est
969 3525 1094 3580 dum
1121 3522 1447 3592 loqueretur,
1497 3527 1554 3574 et
1581 3518 1832 3588 dignatus
1859 3524 1942 3572 est
1965 3529 2059 3570 co-

489 3619 675 3692 gnosci
703 3621 828 3673 dum
855 3617 1112 3688 pascitur.

563 3711 691 3764 Cum
710 3709 845 3764 enim
871 3716 1060 3779 gentes,
1083 3720 1199 3776 quae
1215 3701 1377 3774 legem
1393 3716 1496 3758 non
1519 3699 1726 3764 habent,
1751 3693 2061 3752 naturaliter

480 3811 596 3860 aut!
628 3796 757 3861 legis
786 3807 907 3850 sunt
939 3797 1164 3864 faciunt.
1199 3794 1401 3848 Gentes
1425 3791 1768 3847 Christianos
1799 3787 1930 3842 dicit
1950 3785 2058 3840 alio

483 3888 600 3942 loco
627 3904 640 3940 :
661 3885 813 3941 Vobis
830 3887 963 3941 enim
981 3886 1098 3940 diro
1121 3884 1356 3952 gentibus
1376 3881 1510 3942 (Col.
1530 3885 1566 3952 ι)
1588 3880 1678 3952 qui
1695 3875 2059 3935 incircumcisi

485 3986 660 4048 nequ“
695 3978 1030 4038 neomcnias,
1055 3990 1230 4044 neque
1262 3975 1569 4034 sabbatum.
1606 3985 1781 4040 neque
1808 3979 2058 4023 escarum

486 4066 658 4132 legem
682 4076 925 4128 servant,
945 4076 997 4121 et
1017 4065 1153 4121 duce
1171 4073 1392 4127 natura,
1416 4061 1644 4118 credunt
1688 4059 1744 4113 in
1803 4055 1972 4110 Deum
2003 4062 2060 4108 et

485 4159 782 4226 Christum,
804 4159 854 4214 id
881 4169 964 4214 est
987 4159 1040 4214 in
1058 4157 1269 4212 Patrem
1290 4165 1344 4211 et
1361 4154 1584 4220 Filium;
1602 4152 1706 4206 hoc
1725 4156 1808 4203 est
1820 4147 1962 4200 enim
1983 4147 2062 4200 le—

487 4266 608 4324 gem
630 4265 868 4316 scrvare,
893 4251 1168 4305 dominum
1192 4249 1327 4314 legis
1368 4259 1680 4316 agnoscere.
1707 4241 1886 4296 Prima
1914 4238 2058 4294 enim

2151 3153 2510 3226 reprehendat,
2547 3151 2721 3221 major
2738 3157 2812 3204 est
2841 3147 2982 3203 Deus
3015 3147 3342 3201 conscientia
3372 3157 3593 3213 ποίει-ιε,
3626 3157 3734 3202 etc.

2155 3244 2351 3318 (Δηώ.)
2389 3242 2547 3299 Teste
2573 3240 2830 3296 interiore
2848 3237 3176 3294 conscientia
3201 3251 3298 3291 sua
3327 3237 3584 3302 credunt,
3611 3239 3735 3307 quia

2154 3336 2353 3393 conscii
2378 3334 2480 3390 sibi
2528 3340 2653 3390 sunt
2675 3330 2963 3388 convenire
2981 3329 3096 3385 sibi
3123 3329 3266 3400 quod
3291 3329 3546 3384 credunt.
3597 3329 3730 3386 Con-

2154 3445 2347 3502 gruum
2377 3433 2462 3484 est
2485 3428 2628 3484 enim
2653 3431 2916 3482 creaturae
2940 3421 3162 3479 credere
3195 3429 3250 3477 et
3297 3423 3548 3477 venerari
3578 3438 3736 3478 suum

2156 3521 2512 3586 conditorem,
2542 3533 2642 3574 nec
2669 3514 2959 3572 absurdum
2987 3521 3071 3570 est
3135 3522 3197 3568 ut
3229 3513 3508 3570 dominum
3546 3529 3739 3570 servus

2156 3617 2433 3683 agnoscat.

2231 3701 2298 3758 Et
2318 3702 2452 3756 inter
2479 3715 2535 3756 se
2558 3697 2956 3772 cogitationibus
2979 3697 3195 3754 invicem
3225 3695 3622 3762 accusantibus,
3643 3707 3734 3750 est

2157 3793 2313 3848 etiam
2341 3790 2728 3862 defendentibus
2772 3789 2828 3844 in
2851 3789 2936 3842 die
2954 3805 3059 3858 qua
3088 3787 3349 3859 judicabit
3370 3785 3517 3840 Deus
3530 3785 3735 3840 occulte

2159 3885 2442 3945 hominum,
2489 3882 2774 3938 secundum
2818 3879 3159 3950 Eeangelium
3201 3895 3372 3933 meum
3417 3875 3737 3952 perlatus

2160 3975 2424 4029 Christum
2455 3971 2746 4027 Dominum‘
2771 3979 3024 4026 nostrum.
3055 3967 3320 4036 Quoniam
3350 3964 3572 4022 Iudaeos
3628 3963 3730 4021 dif-

2162 4065 2384 4118 ﬁdentes
2421 4073 2531 4132 'per
2565 4061 2736 4127 legem
2770 4061 2908 4117 dixit
2933 4059 3251 4131 iudicandos
3279 4057 3415 4125 fore,
3471 4058 3563 4114 lex
3590 4059 3733 4114 enim

2164 4155 2280 4210 illos
2329 4154 2626 4217 accusabit,
2698 4152 2950 4223 quoniam
2990 4149 3262 4208 Christum
3309 4148 3416 4205 illis
3461 4147 3734 4220 promisit,

2162 4257 2320 4313 quem
2350 4243 2650 4298 venientem
2703 4241 2943 4311 recipere
2971 4241 3277 4295 noluerunt.
3317 4237 3524 4294 Gentes
3553 4247 3734 4294 autem

488 4346 776 4416 sapientiae
793 4359 914 4414 pars
935 4344 1050 4398 haec
1071 4351 1174 4404 est.
1207 4343 1397 4396 timere
1423 4339 1589 4393 Deum
1621 4335 1838 4390 Patrem
1857 4346 1924 4387 es
1957 4343 2064 4400 quo
2096 4395 2140 4416 ἢ
2164 4349 2284 4404 qua:
2303 4333 2474 4405 legem
2491 4333 2673 4402 utique
2699 4347 2800 4386 non
2832 4329 3051 4395 habent,
3074 4345 3170 4400 per
3187 4327 3577 4385 conscientiam
3600 4328 3738 4398 indi-

489 4395 834 4495 suhtomnia,
853 4437 909 4484 et
930 4425 1220 4482 Dominum
1235 4423 1417 4480 Iesum
1433 4421 1628 4477 Filium
1651 4419 1768 4490 ejus
1784 4433 1882 4490 per
1900 4395 2061 4490 quem
2090 4395 2142 4455 θ
2163 4395 2428 4482 έςὼιιηιῖιι·
2447 4425 2492 4478 si
2530 4395 2751 4478 credere
2785 4395 3090 4476 noluerint:
3116 4419 3354 4474 Primum
3393 4395 3616 4488 quidem
3641 4433 3735 4473 ae-

490 4527 616 4575 sunt
639 4519 820 4575 omnia
850 4536 864 4574 :
893 4519 1006 4588 ipsa
1021 4517 1165 4572 enim
1197 4523 1387 4570 natura
1421 4513 1640 4585 proprio
1655 4511 1858 4582 judicio
1893 4511 2059 4568 Crea-

491 4619 662 4664 torem
689 4624 844 4664 suum
877 4607 1116 4680 agnoscit
1141 4622 1250 4661 non
1282 4621 1380 4676 per
1411 4605 1606 4675 legem,
1649 4603 1744 4660 sed
1771 4617 1870 4672 per
1895 4602 2061 4658 ratio-

490 4715 615 4755 nem
639 4708 844 4754 naturae
874 4716 886 4752 :
917 4713 1054 4768 opus
1094 4698 1235 4754 enim
1263 4696 1507 4766 opiﬁcem
1534 4694 1708 4750 cernit
1733 4693 1788 4747 in
1815 4707 1892 4748 se.

567 4786 637 4841 Hi
666 4786 828 4858 legem
868 4803 970 4841 non
991 4786 1230 4841 habentes
1259 4787 1358 4857 ipsi
1377 4786 1474 4840 sibi
1501 4796 1618 4840 sunt
1639 4783 1744 4849 lem,
1778 4784 1866 4854 qui
1895 4791 2066 4837 osten-

491 4879 620 4933 dunt
641 4895 769 4950 opus
791 4876 916 4950 legis
937 4878 1185 4947 scriptum
1198 4876 1253 4930 in
1278 4876 1520 4930 cordibus
1533 4876 1662 4930 suis.
1687 4874 1832 4929 Idem
1854 4885 2081 4936 sensus.‘

493 4969 616 5040 quia
647 4969 774 5023 dum
799 4976 992 5022 natura
1017 4966 1151 5022 duce
1170 4966 1414 5031 credunt,
1443 4980 1578 5036 opus
1600 4964 1732 5036 legis
1756 4965 2064 5028 ostendunt,

495 5076 600 5115 non
630 5074 725 5128 per
751 5059 1008 5123 litteram,
1038 5057 1133 5113 sed
1159 5071 1256 5126 per
1272 5055 1673 5112 conscientiam.
1698 5052 1846 5124 Opus
1886 5061 2066 5107 autem

496 5149 628 5220 legis
655 5159 736 5204 est
761 5149 913 5215 ﬁdes,
935 5163 1096 5218 quam
1123 5162 1246 5202 cum
1273 5146 1433 5201 dictis
1455 5145 1675 5200 exhibet
1697 5143 2067 5208 Deo,naturali

493 5239 700 5311 judicio
744 5239 981 5293 ostendit
1004 5237 1350 5307 semetipsum
1381 5235 1552 5306 legem
1597 5233 1700 5290 sibi
1749 5248 1892 5298 esse,
1941 5233 2069 5304 quia

498 5330 642 5402 quod
693 5331 910 5386 mandat
977 5329 1242 5390 lex.ultro
1277 5328 1426 5394 facit,
1479 5335 1540 5382 ut
1598 5326 1783 5382 credat
1827 5325 1882 5380 in
1909 5324 2071 5379 Chri-

503 5429 666 5476 stum.
696 5419 892 5492 (0rig.)
913 5419 1066 5485 Quod
1110 5428 1286 5472 autem
1316 5419 1466 5483 dicit,
1494 5419 1550 5472 in
1576 5416 1839 5480 cordibus,
1863 5430 1969 5474 non
1989 5421 2074 5469 est

506 5515 797 5581 putandum
828 5511 954 5581 quia
983 5511 1034 5564 in
1063 5512 1304 5566 membro
1331 5511 1571 5581 corporis
1596 5511 1738 5580 quod
1762 5523 1856 5564 eor
1894 5505 2074 5576 appel-

506 5599 666 5662 latur,
698 5599 782 5654 lex
817 5599 1015 5667 scripta
1049 5599 1294 5664 dicatur;
1323 5601 1462 5656 unde
1489 5601 1632 5654 enim
1656 5613 1804 5662 caro,
1837 5603 1930 5652 aut
1955 5605 2074 5650 tan-

508 5696 590 5742 tos
622 5689 918 5758 prudentia:
949 5701 1139 5743 sensus
1176 5691 1345 5758 possit
1371 5692 1635 5754 emittere,
1673 5698 1764 5743 aut
1792 5697 1938 5742 tanto
1966 5699 2076 5739 tue-

2162 4521 2440 4569 cusatores
2479 4520 2638 4566 erunt
2679 4510 2905 4582 gentiles
2941 4510 3224 4567 credentes
3267 4515 3372 4564 non
3397 4508 3734 4575 credentium

2121 4635 2124 4638 ~
2161 4605 2460 4675 gentilium,
2506 4603 2646 4657 sicut
2669 4599 2868 4656 Iudaeis
2895 4615 3000 4656 non
3027 4599 3374 4656 credentibus
3397 4599 3532 4654 dicit
3561 4597 3736 4654 Domi-

2161 4705 2266 4747 nus
2288 4693 2355 4747 de
2371 4691 2648 4762 discipulis
2669 4691 2802 4754 suis,
2818 4690 2924 4761 ipsi
2936 4689 3146 4760 judices
3173 4699 3324 4744 erunt
3345 4689 3501 4744 vestri
3519 4687 3734 4758 (παίω.

2162 4782 2284 4853 xu);
2314 4783 2437 4852 quia
2453 4781 2674 4850 perﬁdia
2701 4779 3006 4835 Judzeorum
3026 4779 3360 4850 iudicabitur
3387 4777 3495 4833 ﬁde
3519 4788 3738 4849 aposto-

2165 4873 2356 4936 lorum,
2407 4873 2496 4942 qui
2531 4887 2654 4927 cum
2683 4887 2749 4926 ex
2780 4872 2908 4942 ipsis
2949 4879 3152 4936 essent,
3205 4871 3314 4925 illis
3351 4867 3738 4947 dimdentibus,

2165 4965 2522 5020 crediderunt.
2583 4962 2783 5018 Deinde
2810 4961 3223 5033 cogitationibus
3253 4961 3367 5016 suis
3403 4960 3742 5016 accusabun-

2166 5065 2255 5111 tur
2288 5054 2545 5126 gentiles,
2590 5053 2634 5108 si
2683 5051 2986 5122 compuncti
3031 5049 3304 5106 Creatoris
3342 5049 3501 5105 ﬁdem
3553 5059 3613 5106 et
3635 5052 3740 5105 virs

2169 5154 2336 5200 tutem
2359 5145 2646 5198 noluerunt
2672 5143 2914 5207 credere,
2949 5151 3004 5194 et
3030 5140 3075 5194 si
3105 5151 3326 5210 stupore
3361 5141 3604 5208 quodam
3637 5155 3738 5193 non

2169 5234 2528 5298 considerant,
2575 5241 2634 5286 ut
2670 5232 2894 5286 credant
2931 5230 3111 5286 verbis
3136 5239 3194 5286 et
3231 5231 3396 5300 gestis
3423 5230 3740 5296 Dominicis,

2169 5323 2513 5378 defendentes
2540 5337 2599 5377 se
2623 5320 2951 5376 conscientia
2997 5320 3051 5374 in
3091 5319 3182 5374 die
3215 5319 3427 5390 iudicii,
3467 5319 3599 5390 quia
3640 5334 3741 5376 non

2169 5415 2423 5485 cogitarit
2448 5429 2506 5468 se
2543 5413 2740 5468 debere
2777 5413 3027 5482 credere;
3059 5420 3114 5467 et
3140 5411 3417 5483 iudicetur
3449 5427 3556 5468 non
3591 5412 3738 5483 quasi

2171 5503 2497 5567 malevolus,
2548 5503 2643 5557 sed
2692 5504 2847 5572 quasi
2887 5503 3142 5574 ignorans
3181 5520 3194 5556 :
3243 5517 3350 5557 non
3399 5512 3583 5557 tamen
3629 5504 3741 5558 sine

2169 5611 2328 5665 pmna
2381 5595 2609 5657 futuros,
2636 5595 2762 5663 quia
2813 5595 2866 5650 id
2909 5609 3015 5650 non
3064 5595 3192 5651 licet
3221 5595 3493 5667 ignorare.
3545 5593 3739 5650 Gentes

2172 5684 2315 5738 enim
2341 5684 2535 5754 duplici
2570 5697 2767 5751 genere
2801 5681 3068 5753 signiﬁcat
3111 5695 3218 5738 tam
3257 5686 3543 5738 credeuzos
3583 5697 3734 5754 quam
