3998 6202
276 312 407 370 1521

849 302 1397 363 ENARRATIONUM
1432 301 1497 358 IN
1536 300 1682 358 EPP.
1723 298 1930 357 PAULI
1963 298 2089 355 LIB.
2132 298 2195 353 ll.
2232 330 2301 339 —
2333 298 2398 356 lN
2432 300 2650 359 EPIST.
2690 300 2783 359 AD
2820 301 2986 360 ROB.

3392 309 3532 366 1522

274 439 386 480 non
439 416 739 476 credentes.
798 414 1059 486 Superius
1111 415 1257 469 enim
1309 414 1376 469 de
1424 413 1673 485 gentibus
1730 427 1850 467 creo
1881 418 1929 475 Α
1956 410 2227 467 discutere
2277 414 2496 483 appetit,
2539 414 2651 484 jam
2700 430 2797 484 pro
2847 414 3003 485 culpa
3050 417 3294 486 punitum
3335 425 3532 479 cernit.

274 513 529 570 dentibus
563 510 726 575 dicit,
764 519 957 578 postea
992 515 1170 561 autem
1214 505 1443 576 subjecit
1475 505 1641 560 etiam
1672 503 1738 558 de
1775 503 1862 558 his

274 604 524 676 gentibus
559 615 683 672 qua;
715 615 821 654 non
851 599 1185 663 credunt,-ut
1219 597 1360 653 sicut
1397 596 1557 652 etiam
1604 609 1701 665 per
1732 610 1862 651 con-

275 694 558 751 scientiam
588 706 740 747 suam
770 689 1054 744 laudantur
1080 688 1382 752 credentes,
1422 686 1495 740 ita
1520 694 1577 740 et
1617 700 1716 756 per
1732 700 1865 739 con-

274 784 559 841 scientiam
601 794 753 835 suam
793 786 1116 833 accusentur
1138 776 1455 832 diﬁidentes.
1517 775 1656 830 Puto
1696 774 1862 829 etiam

276 874 355 928 sic
377 886 535 941 posse
564 867 813 938 intelligi,
843 866 889 922 si
919 874 1028 920 tota
1080 866 1308 935 quaestio
1344 865 1410 920 de
1432 864 1683 935 gentibus
1736 877 1862 918 cre-

277 963 532 1018 dentibus
558 959 762 1013 dixisse
792 956 1068 1022 credatur,
1118 955 1373 1026 quoniam
1403 954 1545 1025 quod
1578 955 1689 1009 ait:
1724 952 1865 1019 Quid

278 1052 404 1106 mihi
426 1051 491 1104 de
507 1050 592 1103 his
609 1047 699 1119 qui
719 1046 849 1115 [oris
870 1056 990 1100 sunt
998 1046 1241 1116 judicare
1258 1046 1284 1099 7
1302 1044 1353 1117 (Ι
1369 1044 1491 1099 Cor.
1517 1042 1596 1115 v.)
1628 1043 1695 1098 Et
1718 1060 1731 1096 :
1760 1040 1866 1108 Qui

279 1162 382 1199 non
402 1143 703 1208 crediderit,
751 1141 945 1211 inquit,
990 1141 1107 1211 jam
1145 1140 1420 1210 judicatus
1439 1150 1514 1195 est
1542 1139 1727 1211 (Joan.
1758 1138 1864 1210 Ill),

278 1246 334 1292 et
362 1237 485 1306 quia
513 1251 617 1289 non
643 1242 911 1303 resurgent
939 1233 1087 1304 impii
1113 1233 1167 1288 in
1187 1232 1395 1302 judicio
1438 1229 1610 1303 (Psal.
1644 1231 1705 1303 ι).
1739 1231 1869 1285 Sine

279 1329 397 1399 lege
433 1328 579 1383 enim
616 1335 925 1397 peccantes,
957 1326 1074 1379 sine
1122 1322 1240 1394 lege
1264 1332 1318 1378 et
1345 1321 1619 1394 peribunt,
1665 1337 1728 1377 ac
1771 1337 1869 1391 per

279 1422 384 1477 hoc
411 1428 536 1474 ante
561 1417 795 1474 tribunal
821 1416 1023 1472 Christi
1062 1423 1208 1471 stare
1232 1431 1338 1469 non
1367 1423 1642 1485 poterunt,
1665 1421 1721 1468 et
1749 1412 1871 1467 red-

280 1514 410 1569 dere
436 1526 649 1575 causas,
707 1509 833 1578 quia
862 1515 1209 1578 resurgentes
1258 1506 1526 1560 ducentur
1570 1505 1637 1559 ad
1668 1504 1871 1576 gehen-

280 1620 429 1659 nam.
497 1602 576 1656 llli
602 1600 746 1655 enim
797 1613 935 1671 quos
979 1598 1112 1652 dicit
1162 1596 1395 1652 invicem
1451 1594 1872 1667 cogitationibus

280 1696 395 1752 suis
427 1692 673 1750 accusari
719 1700 812 1746 aut
845 1688 1059 1746 defendi
1112 1688 1166 1743 in
1215 1688 1303 1743 die
1335 1686 1528 1757 iudicii
1568 1686 1684 1749 Dei,
1713 1684 1873 1741 Chri-

2032 501 2095 556 Si
2115 512 2289 557 autem
2314 512 2370 557 tu
2383 501 2604 558 Judwus
2630 506 3034 575 cognominaris.
3068 506 3302 579 (Ambr.l
3328 510 3537 582 Cogno-

1962 604 2086 645 mcn
2129 588 2299 646 Judaei
2325 600 2428 657 est,
2475 593 2603 662 quia
2633 609 2698 649 ex
2730 596 3086 668 praerogativa
3110 608 3395 667 parentum
3430 612 3532 670 est,

1962 689 2020 735 ut
2058 681 2307 735 dicantur
2341 682 2617 750 lsraelitm,
2666 694 2723 739 et
2774 695 2950 742 tamen
2997 688 3041 743 si
3081 696 3252 745 totum
3307 693 3538 751 velimus

1963 772 2107 841 quod
2133 772 2199 826 ad
2230 788 2447 828 causam
2468 775 2720 843 pertinet,
2749 780 3229 848 comprehendere,
3244 798 3539 853 cognomen

1963 864 2238 936 tripartito
2264 880 2461 932 genere
2510 867 2869 937 signiﬁcatum
2924 871 3183 929 debemus
3236 877 3540 934 advertere.

1964 952 2203 1008 Primum
2226 955 2353 1025 quia
2379 954 2471 1009 lilii
2493 966 2618 1011 sunt
2640 957 2888 1024 Abrahie,
2917 964 3007 1031 qui
3031 979 3128 1034 per
3150 964 3272 1021 ﬁdei
3293 982 3405 1022 suae
3435 985 3546 1025 me-

1966 1042 2130 1097 ritum
2162 1050 2317 1114 pater
2335 1046 2544 1114 positus
2568 1055 2653 1101 est
2677 1058 2991 1105 cunctarum
3032 1055 3290 1123 gentium.
3345 1057 3549 1113 Deinde

1964 1142 2187 1204 propter
2209 1133 2395 1202 Jacob,
2449 1137 2540 1206 qui
2570 1142 2982 1208 augmentandae
3021 1144 3144 1199 ﬁdei
3181 1147 3351 1217 gratia
3386 1149 3547 1205 Israel

1967 1227 2263 1297 appellatus
2287 1236 2370 1282 est
2392 1246 2405 1283 :
2432 1238 2610 1300 empta
2626 1231 2769 1285 enim
2790 1234 2960 1300 patris
2981 1235 3213 1306 dignitas
3236 1240 3552 1296 nobilitatur

1968 1316 2023 1369 in
2051 1316 2194 1372 ﬁliis.
2248 1318 2433 1373 Tertio
2463 1332 2569 1374 non
2603 1321 2776 1393 magis
2806 1333 3026 1394 propter
3055 1324 3269 1395 Judam,
3298 1333 3392 1386 sed
3421 1348 3547 1402 pru-

1968 1417 2091 1478 pter
2111 1407 2406 1476 Christum,
2440 1412 2564 1482 quia
2588 1428 2655 1467 ex
2680 1412 2817 1469 Juda
2840 1426 2991 1472 ortus
3014 1427 3095 1472 est
3120 1423 3414 1478 secundum
3438 1442 3556 1481 car-

1970 1513 2116 1563 nem,
2145 1498 2314 1554 Judzei
2338 1504 2809 1572 cognominantur,
2844 1508 2966 1577 quia
3000 1509 3052 1562 in
3078 1508 3214 1566 Juda
3243 1513 3346 1567 hoc
3385 1515 3552 1586 signi—

1970 1590 2187 1645 ﬁcatum
2217 1600 2298 1646 est
2320 1592 2463 1662 quod
2489 1592 2727 1650 futurum
2750 1605 2868 1651 erat
2893 1600 2945 1652 in
2977 1599 3214 1657 Christo.
3237 1602 3445 1659 Dictum
3474 1616 3558 1661 cst

1971 1682 2114 1737 enim
2140 1700 2152 1735 :
2184 1683 2355 1739 ludas
2386 1686 2482 1739 erit
2503 1686 2614 1740 dua:
2637 1697 2839 1754 vester;
2867 1697 2921 1743 et
2951 1709 2963 1743 :
2994 1689 3159 1758 Juda,
3184 1702 3232 1748 te
3254 1695 3556 1751 collaudem

278 1787 440 1841 stiani
472 1794 597 1840 sunt
618 1785 671 1839 bi
698 1783 789 1853 qui
816 1781 1129 1837 discordant
1156 1778 1310 1834 aﬁde
1335 1779 1633 1843 Catholica,
1660 1778 1873 1833 diverse
1906 1762 1951 1822 Β
1976 1774 2167 1843 fratres
2214 1776 2292 1828 lm’
2341 1774 2493 1845 (Gen-
2524 1777 2719 1844 XLIX):
2762 1795 2881 1850 qua:
2933 1780 3052 1837 laus
3095 1783 3219 1838 data
3259 1784 3412 1840 Iudae
3455 1803 3559 1842 ηοιι

280 1878 580 1934 sentientes
629 1876 694 1930 de
719 1874 957 1940 Christo,
1006 1879 1099 1927 aut
1141 1872 1207 1925 de
1235 1885 1396 1926 sensu
1437 1870 1569 1941 legis
1619 1870 1672 1924 in
1704 1870 1873 1924 tradi-

281 1970 429 2023 tione
469 1965 759 2031 Ecclesiaa,
813 1964 928 2019 sive
962 1962 1351 2033 Cataphryges,
1411 1962 1525 2018 sive
1565 1959 1869 2025 Novatiani,

278 2058 394 2113 sive
425 2054 730 2121 Donatiani,
773 2062 860 2109 aut
883 2052 1065 2109 caeteri
1100 2052 1339 2108 haeretici
1372 2070 1384 2106 :
1427 2052 1621 2121 borum
1669 2052 1875 2123 cogita-

278 2149 459 2204 tiones
496 2147 730 2201 invicem
771 2159 830 2200 se
856 2143 1191 2200 accusabunt
1233 2143 1286 2197 in
1318 2143 1404 2197 die
1426 2140 1639 2211 judicii.
1700 2140 1757 2196 Si
1793 2128 1876 2196 in-

278 2239 485 2294 tcllexit
535 2239 658 2308 quis
695 2251 878 2292 veram
931 2250 1052 2291 esse
1098 2233 1431 2291 Catholicam
1476 2234 1656 2301 ﬁdem,
1704 2244 1760 2289 et
1806 2250 1878 2289 ne

279 2329 563 2383 videretur
586 2325 909 2382 emendatus
942 2323 1094 2394 sequi
1125 2322 1319 2388 noluit,
1346 2323 1677 2378 erubescens
1724 2323 1790 2377 ab
1811 2337 1879 2377 eo

279 2420 427 2491 quod
477 2420 569 2475 diu
610 2419 782 2473 tenuit
810 2418 1083 2483 recedere,
1136 2416 1192 2471 in
1214 2416 1302 2471 die
1325 2415 1513 2487 judicii
1552 2415 1880 2486 cogitatione

274 2527 377 2568 sua
425 2511 787 2567 accusabitur.
825 2510 950 2564 Duae
979 2508 1177 2564 etenim
1206 2507 1560 2579 cogitationes
1587 2506 1640 2560 in
1662 2505 1882 2561 homine

274 2616 341 2660 sc
366 2602 596 2658 invicem
636 2600 985 2664 accusabunt,
1008 2598 1146 2653 bona
1182 2606 1237 2653 et
1278 2597 1437 2652 mala.
1461 2596 1611 2651 Bona
1663 2604 1883 2651 accusat

277 2694 500 2760 malam,
520 2692 647 2763 quia
666 2691 994 2747 contradixit
1013 2690 1256 2756 veritati;
1282 2688 1421 2744 mala
1448 2689 1643 2744 iterum
1665 2696 1884 2743 accusat

274 2787 500 2851 bonam,
530 2784 658 2856 quia
683 2798 790 2839 non
817 2789 999 2839 secuta
1016 2788 1118 2848 est,
1136 2790 1193 2836 ut
1223 2783 1423 2846 sensit;
1451 2790 1507 2835 et
1520 2795 1616 2850 per
1629 2779 1742 2834 haec
1762 2792 1885 2834 con-

277 2878 529 2934 stituitur
550 2891 700 2942 reus,
723 2873 815 2946 qui
834 2874 1095 2944 cogitavit
1121 2873 1363 2930 sentiens
1391 2874 1585 2929 bonam
1608 2881 1666 2929 et
1698 2887 1885 2929 veram

279 2984 405 3027 esse
427 2968 723 3025 Ecclesium
750 2967 1174 3031 Catholicam,et
1197 2966 1497 3036 permansit
1514 2966 1565 3020 in
1587 2965 1779 3021 bieresi
1800 2966 1886 3022 vel

278 3061 614 3115 schismate:
665 3056 783 3127 ejus
809 3066 989 3111 autem
1026 3056 1378 3127 cogitationes
1419 3071 1477 3113 se
1512 3056 1742 3112 invicem
1792 3058 1883 3114 de-

1972 1866 2254 1936 probatur,
2305 1868 2398 1922 sed
2429 1866 2669 1934 Christo,
2718 1886 2878 1941 quem
2923 1888 3112 1929 omnes
3156 1878 3402 1947 quoridie
3452 1878 3564 1947 lau-

1971 1960 2103 2015 dant
2149 1960 2201 2016 hi
2250 1975 2385 2030 quos
2430 1960 2629 2017 fratres
2666 1978 2793 2018 suos
2826 1963 3080 2034 dignatus
3121 1946 3205 2022 est
3251 1946 3558 2041 appellare:

1975 2049 2089 2120 ipse
2141 2050 2284 2104 enim
2312 2050 2446 2105 dixit
2489 2051 2849 2107 mulieribus:
2879 2053 2961 2109 Ite
3006 2065 3054 2109 et
3099 2056 3256 2112 dicite
3306 2057 3561 2128 fratribus

1976 2141 2128 2207 meis,
2181 2141 2307 2212 quia
2343 2142 2583 2211 prmeedo
2613 2157 2701 2196 ros
2720 2143 2774 2197 in
2801 2142 3081 2199 Galila'am
3104 2145 3319 2215 (Matth.
3340 2152 3558 2219 xxviii).

1977 2228 2110 2297 Quis
2141 2230 2284 2285 enim
2309 2245 2416 2285 non
2452 2229 2632 2286 laudet
2660 2247 2802 2297 eum,
2834 2232 2990 2303 cujus
3026 2235 3351 2293 beneﬁcium
3375 2238 3566 2312 [Forte

1976 2318 2262 2393 beneﬁcio]
2296 2320 2477 2375 vivit?
2525 2322 2814 2393 Apostolus
2860 2340 2988 2397 ergo
3035 2328 3135 2382 sub
3159 2328 3261 2384 hac
3286 2329 3566 2401 signiﬁca-

1980 2414 2125 2469 tione
2148 2455 2163 2480 ,
2201 2416 2325 2485 quia
2355 2415 2621 2486 posterior
2646 2431 2889 2480 numero,
2932 2419 3026 2473 sed
3052 2420 3345 2489 perfectior
3371 2424 3570 2479 merito

1978 2515 2081 2573 est,
2114 2515 2284 2563 totum
2319 2508 2489 2563 voluit
2522 2509 2899 2578 comprehendi
2934 2528 2946 2565 :
2979 2512 3122 2582 quod
3150 2512 3318 2570 Judari
3344 2531 3450 2570 non
3482 2518 3570 2572 in--

1981 2599 2303 2671 telligentes,
2338 2615 2532 2656 nomen
2558 2600 2662 2656 sibi
2688 2601 2921 2657 carnalis
2951 2601 3105 2659 Iuda:
3132 2604 3445 2661 defendunt.

2056 2690 2123 2745 Et
2169 2690 2444 2762 reguieseis
2473 2690 2528 2745 in
2557 2690 2687 2762 lege,
2716 2702 2763 2747 et
2789 2691 3032 2763 gloriaris
3073 2695 3127 2749 in
3176 2693 3306 2760 Deo,
3340 2705 3390 2750 et
3435 2701 3570 2754 nosli

1986 2780 2299 2837 uoluntatem
2329 2783 2463 2853 ejus,
2502 2792 2551 2836 et
2592 2783 2780 2854 probas
2817 2784 3030 2838 utiliora
3070 2786 3353 2841 instructus
3382 2806 3473 2858 per
3496 2787 3572 2842 le-

1983 2889 2119 2945 gem.
2148 2873 2263 2928 Non
2299 2886 2551 2946 magnum
2579 2874 2734 2929 valde
2758 2875 2927 2930 videri
2950 2864 3098 2940 'vult,
3135 2876 3179 2931 si
3208 2875 3423 2933 Judams
3451 2894 3566 2933 crc«

1986 2963 2103 3029 dat;
2128 2962 2322 3034 quippe
2355 2979 2478 3018 cum
2515 2963 2587 3019 sit
2618 2963 2914 3019 instructus
2941 2979 3039 3035 per
3068 2963 3237 3038 legem
3264 2983 3276 3019 :
3300 2967 3569 3037 periculo~

1988 3069 2106 3109 sum
2137 3062 2316 3109 autem
2357 3054 2509 3110 valde
2538 3055 2582 3110 si
2622 3071 2727 3111 non
2758 3055 2975 3121 credat;
3003 3055 3193 3112 ducem
3231 3058 3373 3112 enim
3407 3058 3573 3113 habet

278 3148 521 3216 tendent,
549 3150 639 3221 qui
670 3122 884 3219 semper
913 3150 1015 3204 hoc
1037 3122 1315 3219 cogitavit,
1352 3156 1550 3219 putans
1578 3147 1709 3204 utile
1736 3149 1879 3219 quod
1908 3122 1953 3185 ί)
1984 3147 2177 3218 legem.
2203 3145 2308 3202 Sed
2337 3155 2395 3201 ut
2417 3159 2760 3218 praeponatur
2784 3148 3031 3213 credens,
3058 3148 3306 3203 meritum
3328 3148 3458 3204 facit
3478 3166 3573 3221 pa-

279 3252 505 3298 secutus
536 3248 658 3306 est;
703 3240 949 3296 dicturus
977 3249 1062 3295 est
1108 3240 1254 3295 enim
1298 3253 1514 3310 semper
1544 3257 1555 3292 :
1588 3238 1647 3293 ln
1672 3240 1882 3308 cogita-

281 3331 521 3387 tionibus
560 3330 698 3385 meis
733 3330 837 3385 boc
878 3329 1059 3400 putavi
1108 3328 1242 3384 utile
1268 3329 1412 3399 quod
1463 3339 1682 3415 secutus
1733 3342 1877 3391 sum,

279 3423 400 3478 h-ec
437 3422 536 3476 luit
589 3420 723 3475 ﬁdes
748 3434 889 3476 mea.
931 3419 1031 3475 llic
1070 3419 1325 3475 leviorem
1373 3419 1595 3475 habebit
1631 3433 1877 3484 causam,

278 3514 531 3583 quamvis
549 3509 950 3566 emendandum
986 3510 1088 3575 sit,
1120 3509 1247 3580 quia
1277 3509 1608 3565 conscientia
1638 3524 1736 3564 sua
1770 3525 1879 3563 non

279 3603 632 3659 accusabitur
680 3602 735 3658 in
772 3600 861 3656 die
891 3597 1105 3669 judicii.
1151 3598 1266 3654 Hoc
1300 3600 1461 3654 modo
1492 3599 1881 3669 iudicabuntur

279 3695 496 3751 occulta
524 3694 803 3750 hominum
835 3694 889 3748 in
914 3693 1002 3748 die
1021 3691 1208 3761 iudicii
1240 3692 1332 3747 Dei
1369 3707 1468 3763 per
1491 3690 1674 3747 Jesum
1718 3692 1878 3748 Chri-

282 3796 428 3843 stum
463 3786 748 3841 Dominum
778 3793 1044 3843 nostrum.
1107 3782 1309 3857 (Orig.)
1357 3782 1876 3851 Rectumjudicium

282 3880 382 3934 Dei
406 3892 528 3933 esse
554 3878 679 3949 quis
706 3878 936 3942 dubitet,
963 3877 1055 3931 ubi
1083 3886 1455 3942 accusatores,
1479 3885 1537 3931 et
1561 3876 1881 3932 defensores

284 3968 632 4036 adhibentur,
659 3977 716 4024 et
741 3969 940 4024 testes?
967 3969 1034 4023 Et
1050 3968 1267 4039 quidem
1290 3969 1356 4023 de
1382 3967 1650 4036 hocjusto
1672 3967 1880 4035 judicio

284 4078 386 4117 nos
414 4063 660 4117 homines
683 4060 960 4131 capiamus
998 4059 1324 4131 exemplum,
1365 4074 1465 4115 nec
1500 4068 1750 4131 putemus
1781 4076 1881 4114 uu-

282 4167 450 4225 quam
497 4153 613 4207 siue
642 4161 935 4208 accusante
990 4160 1047 4206 et
1071 4150 1414 4216 defendente,
1461 4160 1517 4207 et
1545 4149 1882 4217 testibusju-

283 4255 430 4303 stum
475 4245 662 4300 haberi
709 4259 868 4314 posse
904 4243 1191 4313 judicium.
1248 4243 1450 4300 Deinde
1482 4242 1772 4299 videndum
1798 4250 1882 4297 est

283 4335 638 4407 quomodoin
666 4334 755 4389 illa
777 4335 885 4400 die,
917 4349 1040 4389 cum
1063 4333 1328 4404 judicabit
1356 4333 1501 4390 Deus
1536 4333 1748 4391 occulta
1784 4333 1879 4388 ho-

283 4428 516 4490 minum,
557 4425 915 4495 cogitationes
939 4424 1025 4479 vel
1052 4426 1385 4480 accusabunt
1409 4425 1644 4479 animam
1674 4424 1757 4479 vel
1782 4425 1876 4480 de-

285 4514 530 4580 fendent,
560 4530 667 4570 non
683 4514 868 4584 utique
894 4513 996 4569 illae
1015 4513 1373 4585 cogitationes
1396 4528 1517 4583 quae
1540 4522 1665 4569 tunc
1690 4524 1870 4580 erunt,

284 4607 381 4662 sed
405 4608 523 4662 istm
536 4621 655 4676 qua:
680 4621 824 4661 nunc
845 4615 971 4662 sunt
1000 4606 1053 4660 in
1073 4605 1245 4661 nobis.
1270 4605 1403 4661 Cum
1425 4605 1568 4661 enim
1595 4606 1708 4661 sive
1736 4607 1874 4662 bona

286 4698 401 4751 sive
430 4696 572 4751 mala
624 4697 949 4768 cogitamus,
998 4696 1147 4750 velut
1171 4696 1225 4750 in
1255 4696 1492 4763 caeteris,
1522 4697 1595 4751 ita
1637 4697 1689 4751 in
1712 4698 1877 4753 corde

285 4798 476 4844 nostro
518 4799 628 4844 tam
674 4792 937 4844 bonarum
982 4803 1147 4859 quam
1183 4789 1447 4844 malarum
1488 4790 1875 4859 cogitationum

283 4891 429 4936 noue
457 4882 701 4951 quiedam
747 4889 803 4937 et
825 4880 1100 4952 signacula
1122 4880 1518 4951 relinquuntur,
1541 4896 1660 4951 quae
1690 4883 1741 4937 in
1781 4898 1875 4936 oc-

283 4973 437 5029 culto
468 4988 612 5027 nunc
637 4973 874 5043 pectoris
909 4981 1034 5027 sunt
1062 4973 1254 5041 posita,
1310 4973 1363 5027 in
1395 4972 1481 5026 illa
1520 4971 1610 5028 die
1645 4972 1875 5028 revelari

285 5064 546 5119 dicuntur
572 5080 602 5117 a
647 5064 793 5119 nullo
821 5064 927 5119 alio
955 5064 1056 5119 nisi
1088 5064 1157 5120 ab
1181 5079 1248 5120 eo
1286 5065 1377 5133 qui
1402 5065 1549 5121 solus
1577 5074 1755 5136 potest
1781 5083 1875 5122 oc-

287 5152 434 5208 culta
489 5153 767 5207 hominum
812 5154 971 5216 scire,
1001 5168 1234 5223 quorum
1283 5154 1558 5224 signorum
1611 5155 1694 5210 vel
1741 5172 1879 5226 qua-

287 5260 409 5299 rum
456 5252 706 5299 notarum
751 5258 945 5299 causas
987 5259 1109 5298 non°
1137 5244 1302 5299 latere
1344 5245 1534 5311 Deum,
1566 5247 1732 5302 etiam
1787 5263 1883 5303 no-

286 5346 400 5390 stra
430 5335 762 5391 conscientia
802 5336 1216 5392 contestabitur.
1243 5335 1446 5408 (Greg.)
1482 5338 1625 5409 Ergo
1651 5339 1778 5409 quia
1817 5340 1876 5394 ﬁ-

286 5426 423 5482 delis
458 5427 688 5497 quisque
736 5427 1092 5496 cogitationes
1145 5428 1198 5482 in
1232 5426 1441 5495 judicio
1485 5431 1696 5499 exquiri
1751 5432 1878 5486 sub-

287 5516 455 5574 tiliter
488 5533 593 5572 non
629 5519 872 5589 ignorat,
915 5521 1263 5587 semetipsum
1286 5518 1556 5576 introrsus
1580 5519 1876 5576 discutiens

287 5616 414 5664 ante
440 5605 705 5678 judicium
759 5609 1109 5664 vehementer
1144 5608 1441 5674 examinat,
1494 5618 1555 5665 ut
1595 5611 1876 5665 districtus

283 5698 447 5769 iudex
487 5715 553 5755 eo
590 5700 700 5770 jam
761 5700 1106 5770 tranquillius
1148 5701 1347 5765 veniat,
1393 5717 1501 5772 quo
1552 5717 1675 5758 eum
1712 5717 1873 5772 quem

615 5793 887 5853 Ρηιιοι..
934 5791 1095 5853 CXI.

1984 3247 2147 3302 trum,
2176 3239 2299 3309 quia
2332 3240 2578 3309 quamvis
2603 3239 2795 3309 aliquis
2832 3255 2928 3309 per
2970 3256 3028 3296 se
3060 3240 3272 3307 ﬂoreat,
3300 3243 3572 3301 erubescit

1984 3337 2165 3383 tamen
2198 3329 2249 3383 in
2290 3330 2423 3384 suis.

2052 3415 2389 3490 Conﬁdisque
2410 3429 2459 3474 te
2479 3419 2649 3490 ipsum
2690 3420 2875 3475 ducem
2922 3438 3033 3476 esse
3072 3438 3347 3490 ca'corum,
3397 3424 3573 3480 lumen

1982 3523 2160 3561 eorum
2185 3510 2274 3580 qui
2312 3509 2369 3562 in
2413 3510 2633 3565 tenebris
2662 3521 2803 3576 sunt,
2848 3511 3160 3566 eruditorem
3190 3513 3571 3584 insipientium,

1983 3603 2291 3671 magistrum
2335 3604 2636 3671 infantium,
2663 3604 2933 3658 habentem
2989 3605 3214 3675 formam
3254 3607 3485 3662 scientia!
3521 3618 3569 3661 et

1982 3694 2217 3746 veritatis
2249 3694 2301 3746 in
2333 3693 2459 3763 lege.
2486 3691 2625 3747 Vera
2651 3703 2777 3748 sunt
2804 3695 2938 3759 hinc,
2972 3694 3095 3764 quia
3128 3695 3259 3767 legis
3284 3698 3575 3751 documen-

1983 3792 2094 3837 tum
2132 3784 2235 3837 hoc
2282 3767 2394 3847 est,
2444 3783 2660 3838 erudire
2701 3784 2980 3854 imperitos
3029 3794 3084 3838 et
3141 3785 3250 3840 Deo
3301 3787 3571 3857 subjicere

1981 3874 2267 3944 profanos,
2322 3874 2406 3927 vel
2467 3875 2535 3928 ab
2579 3874 2895 3930 idololatriae
2940 3875 3149 3930 cultura
3205 3876 3398 3946 impios
3446 3895 3572 3950 pro-

1982 3966 2256 4028 missione,
2290 3978 2409 4033 quaz
2440 3963 2579 4018 facta
2618 3980 2716 4033 per
2741 3963 2910 4035 legem
2948 3973 3049 4030 est,
3077 3963 3145 4019 ad
3175 3964 3413 4022 melioris
3455 3969 3573 4037 spei

1984 4052 2233 4107 ﬁduciam
2263 4067 2574 4121 provocare.
2605 4052 2769 4108 Recte
2797 4054 2957 4123 igitur
2990 4054 3251 4125 gloriatur
3290 4055 3343 4110 in
3381 4056 3465 4111 bis
3498 4056 3574 4112 lc-

1981 4146 2064 4215 gis
2086 4144 2296 4209 dOl'tOl',
2334 4145 2460 4215 quia
2493 4144 2717 4200 formam
2757 4146 2976 4201 tradidit
3002 4145 3265 4201 veritatis.
3298 4146 3354 4203 Si
3386 4157 3564 4204 autem

1983 4255 2090 4293 non
2121 4239 2323 4307 recepit
2350 4254 2472 4293 eum
2505 4253 2663 4307 quem
2706 4238 2793 4294 lex
2829 4240 3097 4309 promisit,
3143 4240 3341 4295 frustra
3372 4242 3569 4313 gloria-

1984 4341 2070 4386 tur
2089 4329 2156 4385 de
2181 4329 2296 4401 lege
2322 4328 2408 4382 cui
2438 4327 2685 4398 injuriain
2719 4329 2867 4396 facit,
2894 4330 3019 4385 dum
3055 4330 3331 4386 Christum
3362 4338 3571 4405 spernit

1981 4419 2302 4489 promissum
2334 4419 2385 4472 iu
2412 4418 2549 4489 lege,
2576 4427 2630 4473 et
2659 4417 2888 4487 uecjam
2909 4421 3151 4477 eruditur
3179 4423 3284 4479 crit
3312 4424 3569 4511 insipien-

1987 4514 2139 4577 tium,
2155 4527 2252 4566 nec
2274 4510 2528 4581 magister
2545 4508 2848 4578 infantium,
2869 4526 2970 4568 nec
2985 4512 3166 4568 lumen
3186 4529 3374 4570 eorum
3402 4508 3492 4586 qui
3516 4516 3572 4573 in

1985 4602 2222 4655 tenebris
2236 4608 2380 4665 sunt,
2395 4600 2486 4655 scd
2505 4601 2608 4655 dux
2631 4601 2871 4658 omnium
2893 4603 3082 4659 borum
3098 4604 3164 4658 ad
3187 4605 3565 4675 perditionem.

2056 4691 2160 4758 Qui
2185 4709 2305 4763 ergo
2336 4692 2496 4747 alium
2518 4693 2692 4762 doces,
2720 4697 2937 4767 teipsum
2965 4714 3067 4751 non
3096 4697 3267 4754 doces.
3315 4698 3427 4756 Hoc
3459 4711 3564 4764 est,

1984 4794 2038 4839 tu
2067 4784 2157 4854 qui
2201 4783 2426 4855 gentiles
2460 4788 2643 4857 arguis
2679 4789 2821 4858 quozl
2865 4788 2981 4844 sine
3024 4787 3140 4861 lege
3175 4799 3230 4844 et
3280 4792 3390 4845 Deo
3417 4800 3565 4855 sunt,

1984 4874 2216 4945 teipsmn
2253 4890 2358 4928 non
2388 4877 2571 4945 arguis
2602 4890 2616 4928 :
2650 4875 2896 4933 diﬁidcns
2938 4879 3085 4933 enim
3137 4879 3203 4934 de
3247 4878 3462 4935 Christo
3501 4879 3554 4933 in

1978 4967 2094 5038 lege
2119 4967 2408 5037 promisso,
2446 4972 2496 5023 iu
2535 4969 2739 5025 eisdem
2765 4986 2884 5041 qua:
2914 4972 3095 5041 arguis
3125 4971 3401 5025 inveniris.

2052 5059 2153 5123 Qui
2195 5059 2454 5128 pricdicas
2496 5077 2599 5115 non
2634 5059 3168 5129 furandum,furaris.
3216 5060 3373 5117 Facis
3415 5060 3561 5117 enim

1980 5149 2122 5217 quod
2164 5149 2426 5218 praedicas
2458 5150 2574 5205 ﬁeri
2623 5166 2730 5205 non
2761 5151 2986 5216 debere;
3034 5152 3160 5206 dum
3211 5153 3353 5207 enim
3402 5151 3567 5208 ﬁdem

1981 5242 2184 5297 Christi
2210 5259 2307 5313 per
2336 5244 2530 5298 malam
2578 5245 3075 5315 interpretationem
3110 5247 3362 5319 subripis,
3400 5264 3566 5320 negas

1982 5336 2257 5393 Christum
2288 5339 2569 5395 Dominum
2594 5347 2835 5394 nostrum
2861 5341 2914 5395 in
2946 5341 3063 5413 lege
3094 5344 3436 5412 promissum.

2056 5429 2160 5494 Qui
2199 5429 2330 5482 dicis
2378 5446 2481 5482 non
2523 5419 2910 5496 marchandutil'}
2951 5432 3243 5486 mwrharis.
3280 5432 3566 5488 Adulteros

1983 5527 2162 5574 autem
2212 5520 2408 5590 legem,
2457 5521 2671 5590 quando
2714 5521 2998 5579 veritatem
3045 5522 3245 5579 Christi
3295 5523 3457 5590 tollis,
3509 5535 3568 5582 et

1984 5611 2321 5666 mendacium
2362 5611 2546 5682 ponis;
2575 5613 2714 5668 unde
2752 5613 2858 5668 alio
2878 5613 2997 5670 loco
3029 5615 3157 5671 dicit
3189 5631 3203 5669 :
3229 5614 3559 5672 Adulteram-

1988 5718 2065 5757 res
2102 5702 2242 5757 verbi
2266 5700 2354 5773 (ll
2375 5700 2497 5757 Cor.
2533 5702 2615 5774 ll).

3052 5795 3127 5854 te
