3998 6202
436 290 592 348 ’ὶῦἳῦ

1079 283 1140 340 Β.
1182 280 1432 336 RABANI
1470 277 1687 334 ΜΑυηί
1728 276 2044 333 ARClllEP.
2088 274 2392 334 MOGUNT.
2434 273 2716 333 OPERUM
2753 273 2933 330 PARS
2969 272 3056 329 lli.

3561 278 3697 334 £51!

515 401 624 469 Qui
653 397 938 456 ersecvan's
970 391 1474 461 idola,sncrilegium
1519 389 1670 458 facis.
1717 387 2023 459 Sacrilegus
2050 399 2098 457 Α
2127 387 2262 441 raris
2283 403 2302 453 ;
2324 385 2414 458 qui
2435 386 2567 442 dicis
2605 403 2708 441 non
2741 386 3124 451 maecliandum,
3149 386 3443 441 mmharis.
3477 385 3630 454 Quod
3657 393 3702 446 si

443 512 506 551 es
532 492 748 566 quando
766 487 1059 549 Christum,
1088 499 1246 553 quem
1273 481 1359 536 lex
1398 490 1453 535 et
1478 478 1821 550 propheticus
1843 493 2022 533 sermo
2122 480 2307 546 etiam,
2338 487 2397 532 ut
2437 492 2822 548 nonnunquam
2870 476 2988 532 ﬁeri
3032 476 3201 542 solet,
3250 490 3480 531 munera
3525 478 3701 534 oblata

449 589 618 642 Deum
645 577 929 649 signiﬁcat,
966 590 1151 644 negas.
1177 573 1315 627 Dicit
1335 572 1479 626 enim
1509 570 1674 625 lsaias
1699 586 1712 622 :
1742 568 1878 634 Quia
1899 568 1952 621 in
1974 576 2024 622 te
2123 573 2255 640 Deo,
2283 581 2339 629 et
2384 571 2580 644 stipem
2625 571 2679 625 in
2725 585 2856 625 usus
2897 584 3190 640 pauperum
3223 568 3424 629 datam,
3466 569 3535 624 ad
3575 587 3705 640 pro-

445 688 542 742 est,
571 684 618 729 et
657 688 760 728 non
785 678 858 724 est
906 667 1044 720 Deus
1087 673 1276 736 prwter
1314 672 1400 716 te:
1432 670 1486 714 tu
1531 659 1668 714 enim
1710 658 1851 713 Deus
1877 674 1947 721 es,
1973 667 2021 712 et

447 766 820 826 nesciebamus,
861 759 1001 813 Deus
1052 755 1218 810 Israel
1263 753 1504 809 Salvator
1536 751 1670 823 (Isa.
1699 749 1844 823 xcv).
1870 748 2021 803 Nun-

448 860 576 930 quid
602 857 766 914 Judaei
795 855 860 908 de
890 853 999 907 Deo
1021 850 1183 904 Patre
1205 849 1453 903 dicebant
1479 865 1492 900 :
1524 845 1601 899 Tu
1622 862 1674 900 es
1699 845 1834 899 enim
1855 843 2018 908 Deus,

445 959 491 1001 et
515 945 900 1006 nesciebamus;
925 955 1044 996 cum
1077 946 1185 992 tota
1215 937 1299 992 lex
1327 937 1421 992 Dei
1443 935 1620 990 Patris
1647 935 2020 990 auctoritatem

445 1037 716 1106 praedicet,
751 1049 817 1087 ex
855 1046 960 1102 quo
1003 1036 1128 1086 sunt
1157 1027 1373 1082 omnia?
1400 1025 1506 1080 Sed
1547 1025 1670 1095 quia
1720 1023 1884 1078 Filius
1927 1022 2018 1077 Dei

443 1139 655 1195 semper
687 1123 901 1192 quidem
945 1118 1209 1188 apparuit,
1243 1115 1441 1170 latebat
1480 1123 1656 1168 autem
1697 1113 1818 1182 quis
1853 1120 2018 1176 esset,

445 1234 567 1270 eum
615 1223 735 1285 post
774 1211 1222 1267 resurrectionem
1257 1206 1598 1277 cognoscitur
1627 1204 1928 1272 diciturque
1969 1203 2018 1255 ei

449 1311 498 1363 in
523 1307 859 1364 confessione
884 1323 896 1357 :
929 1302 1005 1356 Tu
1029 1319 1081 1356 es
1105 1301 1242 1354 enim
1257 1299 1418 1362 Deus,
1441 1307 1490 1351 et
1516 1296 1888 1350 nesciebamus.
1918 1293 2017 1360 Qui

445 1402 587 1456 enim
617 1397 904 1469 putabatur
934 1394 987 1448 in
1017 1391 1131 1463 lege
1164 1397 1370 1443 tantum
1399 1385 1616 1456 angelus
1641 1394 1696 1440 et
1730 1385 1836 1438 dux
1863 1398 2019 1438 exer—

444 1493 585 1546 citus
612 1488 860 1546 Domini:
888 1495 943 1539 at
966 1498 1086 1538 cum
1108 1480 1418 1551 intelligitur
1439 1492 1559 1532 esse
1588 1476 1754 1530 Filius
1785 1475 1902 1540 Dei,
1935 1474 2016 1528 di-

441 1583 588 1638 citur
611 1581 754 1636 enim
779 1593 899 1632 cum
922 1575 1215 1647 gratiarum
1240 1573 1451 1627 actione
1476 1585 1488 1623 :
1517 1569 1594 1622 Tu
1615 1585 1669 1622 es
1696 1566 2017 1632 enim'Deus,

441 1683 488 1726 et
507 1669 877 1726 nesciebamus.
901 1665 1004 1720 Per
1016 1665 1118 1718 hoc
1141 1677 1268 1734 ergo
1283 1661 1548 1732 signiﬁcat
1569 1659 1690 1727 quia
1718 1659 1831 1727 ipse
1853 1667 2016 1721 esset,

2119 665 2236 734 pria
2258 664 2404 720 lucra
2431 665 2787 726 converteret,
2811 668 2956 714 recte
2975 657 3024 710 ei
3047 658 3281 712 dicitur:
3308 657 3412 723 Qui
3437 659 3706 715 abomina-

2121 756 2193 810 ris
2218 755 2362 809 idola
2381 795 2397 821 ,
2418 751 2748 822 sacrilegium
2780 750 2933 819 facis.
2965 747 3022 804 Si
3053 764 3180 804 vero
3203 750 3366 803 etiam
3396 759 3586 819 aperta
3617 752 3705 806 in-

2120 854 2302 900 currat
2343 843 2652 916 Opprobria,
2691 849 2744 895 et
2779 841 2855 896 de
2897 841 3122 894 avaritia
3147 839 3262 908 ejus
3286 849 3452 910 atque
3501 842 3706 914 iniquis

2114 935 2332 1006 judiciis
2346 945 2402 990 et
2417 934 2727 991 temulentia
2749 933 3014 1004 publicam
3036 932 3148 1000 jam
3167 941 3349 986 teneat
3365 942 3574 999 notam,
3605 937 3704 990 de-

2121 1028 2416 1082 honoratur
2454 1025 2595 1080 Deus
2634 1025 2686 1078 in
2727 1023 2936 1078 actibus
2959 1021 3103 1090 ejus;
3133 1033 3337 1077 etcum
3383 1025 3575 1079 doctor
3602 1026 3708 1082 Ec-

2119 1118 2296 1174 clesiae
2322 1118 2442 1173 talis
2465 1133 2605 1180 esse,
2629 1115 2842 1186 populis
2882 1115 3201 1181 innotuerit,
3243 1131 3440 1171 nomen
3471 1117 3569 1171 Dei
3593 1117 3708 1172 bla-

2119 1210 2431 1280 sphematur
2474 1209 2527 1263 in
2574 1207 2851 1278 gentibus;
2904 1208 3037 1261 certi
3088 1217 3210 1262 sunt
3253 1208 3400 1262 enim
3444 1210 3708 1278 magistro

2119 1299 2324 1355 similes
2351 1314 2470 1354 esse
2507 1298 2814 1368 discipulos.
2853 1297 3086 1352 Possunt
3132 1305 3313 1353 tamen
3358 1299 3478 1354 haec
3514 1301 3708 1355 eadem

2120 1392 2280 1447 tertio
2309 1391 2447 1456 loco,
2482 1391 2642 1446 etiam
2674 1390 2940 1444 haereticis
2971 1389 3143 1460 aptari
3169 1408 3182 1443 :
3222 1401 3277 1444 et
3307 1391 3413 1461 ipsi
3439 1392 3588 1445 enim
3621 1407 3710 1446 co—

2120 1476 2499 1549 gnominantur
2544 1477 2864 1542 Christiani,
2905 1487 2960 1531 et
3007 1477 3247 1532 nonnulli
3294 1493 3488 1532 eorum
3542 1481 3708 1533 etiam

2119 1570 2289 1642 legem
2321 1580 2558 1634 tenuere,
2581 1585 2678 1639 per
2703 1585 2860 1640 quam
2880 1569 3148 1636 instructi,
3187 1570 3440 1624 ductores
3483 1585 3544 1625 se
3590 1586 3710 1626 esse

2121 1671 2438 1718 caeterorum
2466 1669 2520 1716 et
2548 1660 2834 1731 magistros
2877 1659 3157 1714 infantium
3201 1660 3551 1730 proﬁtentur,
3579 1677 3710 1730 pro-

437 1762 533 1831 qui
570 1767 891 1832 apparuerat
927 1755 1142 1825 quidem
1171 1750 1497 1822 patriarchis
1525 1750 1579 1803 in
1611 1747 1801 1812 Deum,
1825 1755 2019 1814 etpost
2052 1742 2094 1800 Β
2121 1754 2320 1808 bantur
2338 1751 2549 1806 utiliora
2586 1765 2705 1820 quae
2740 1749 2912 1804 latere
2955 1749 3026 1826 ab
3067 1749 3453 1806 ecclesiasticis
3500 1752 3707 1807 dicunt.

444 1860 755 1910 incarnatus
774 1859 876 1914 est,
895 1848 986 1903 sed
1010 1861 1112 1901 non
1138 1845 1314 1900 fuerat
1336 1841 1640 1896 intellectus
1662 1839 1729 1893 ab
1746 1837 2014 1893 omnibus.

461 1941 488 1954 “’
515 1944 618 2010 Qui
671 1944 725 1997 in
774 1940 881 2009 lege
925 1936 1190 2007 gloriaris,
1234 1949 1325 2004 per
1367 1930 1840 2002 pra'varicationem
1892 1926 2020 1996 legis

437 2040 608 2093 Deum
664 2036 964 2091 inhonoras.
1021 2029 1413 2085 Prrevaricator
1470 2026 1603 2096 legis
1655 2039 1755 2089 es,
1803 2021 2020 2093 quando

439 2141 658 2184 sensum
683 2125 836 2195 legis,
861 2122 952 2192 qui
980 2121 1045 2176 de
1071 2118 1442 2174 incarnatione
1464 2123 1518 2171 et
1543 2114 1822 2170 divinitate
1859 2111 2017 2168 Chri-

437 2221 505 2274 sti
528 2232 632 2284 esr,
656 2215 919 2287 praeteris,
941 2222 996 2268 et
1023 2211 1188 2267 Deum
1217 2225 1325 2266 non
1345 2210 1600 2271 honoras,
1631 2205 1757 2261 dum
1780 2204 2021 2259 testimo-

431 2311 590 2366 nium
629 2307 766 2376 ejus,
807 2304 948 2376 quod
983 2302 1130 2358 dedit
1179 2301 1246 2357 de
1286 2298 1426 2354 Filio
1470 2313 1591 2364 suo,
1627 2312 1734 2352 non
1780 2294 2014 2364 recipis:

439 2403 554 2471 ipse
583 2400 726 2455 enim
755 2397 889 2451 dixit
913 2410 927 2449 :
959 2391 1059 2448 Hic
1087 2401 1158 2447 est
1187 2389 1358 2445 Filius
1395 2405 1540 2444 meus
1565 2386 1806 2442 dilectus.

515 2489 720 2544 Nomen
747 2488 883 2542 enim
912 2484 1004 2538 Dei
1032 2499 1122 2552 per
1141 2498 1227 2537 vos
1253 2479 1637 2550 blasphematur
1660 2477 1795 2533 inter
1821 2482 2018 2546 gentes,

433 2583 570 2635 sicut
601 2579 850 2648 scriptum
879 2584 974 2629 est.
1003 2572 1129 2627 llzec
1175 2570 1305 2626 dicit
1351 2569 1519 2624 Isaias
1560 2566 1842 2638 propheta,
1893 2564 2022 2635 quia

441 2686 635 2728 nomen
680 2669 775 2724 Dei
816 2666 1218 2736 blasphematur
1244 2662 1386 2716 inter
1411 2666 1632 2730 gentes,
1675 2656 1892 2727 quando
1928 2653 2022 2709 Ju-

439 2763 583 2816 daeos
625 2773 724 2828 pro
745 2755 920 2812 noxiis
964 2753 1076 2808 suis
1104 2751 1330 2807 traditos
1370 2749 1472 2804 sibi
1510 2763 1618 2802 non
1647 2746 2017 2810 advertebant,

439 2849 533 2905 sed
559 2847 715 2903 idolis
737 2845 848 2902 suis
871 2843 1074 2898 dabant
1100 2840 1319 2912 glorias,
1343 2838 1498 2910 quasi
1518 2837 1828 2892 Judaaorum
1852 2834 2019 2888 Deum

435 2937 692 2992 vicissent
731 2936 787 2990 in
819 2932 1053 2998 Judtcis;
1109 2933 1184 2986 ita
1250 2939 1306 2986 et
1362 2939 1602 2999 tempore
1655 2925 2020 2997 apostolorum

439 3029 532 3085 Dei
578 3043 773 3084 nomen
813 3023 1286 3096 blasphemabatur
1315 3023 1368 3076 in
1409 3021 1645 3087 Christo,
1691 3020 1818 3090 quia
1848 3017 2018 3073 Judaei

2125 1841 2232 1897 Sed
2270 1841 2357 1897 isti
2388 1840 2642 1910 quoniam
2681 1838 2932 1894 furantur
2960 1822 3123 1893 verba
3150 1839 3268 1905 Dei,
3292 1849 3346 1894 et
3374 1840 3708 1896 intellectum

2122 1949 2311 1990 eorum
2345 1947 2599 2003 perversa
2633 1930 2972 2000 expositione
2999 1931 3344 2000 subripiunt,
3399 1941 3454 1987 et
3497 1933 3710 1986 adulte-

2121 2042 2240 2081 rum
2267 2025 2388 2080 ﬁdei
2415 2038 2632 2080 sensum
2677 2022 2745 2076 ad
2777 2035 3027 2091 sponsam
3076 2020 3276 2075 Christi
3322 2021 3628 2076 Ecclesium
3658 2023 3712 2076 in

2122 2119 2300 2188 regios
2329 2116 2592 2171 thalamos
2618 2115 2898 2178 inducunt,
2926 2121 3073 2168 recte
3106 2113 3172 2167 ad
3200 2127 3295 2168 eos
3319 2113 3520 2168 dicitur
3551 2132 3564 2166 :
3608 2114 3714 2178 Qui

2119 2209 2376 2281 pra'dicas
2406 2223 2508 2261 non
2537 2204 2846 2276 furandum,
2881 2203 3111 2273 furaris;
3140 2202 3229 2273 qui
3273 2202 3408 2256 dicis
3442 2219 3552 2256 non
3594 2219 3717 2256 sne-

2121 2300 2404 2364 chandum,
2435 2298 2708 2352 macharis
2724 2314 2744 2363 ;
2771 2306 2818 2350 et
2840 2297 2929 2367 qui
2961 2296 3330 2350 abominantur
3351 2295 3522 2360 idola,
3549 2296 3720 2348 sat-ria

2121 2390 2311 2462 legium
2335 2391 2683 2456 committunt,
2724 2387 2958 2458 pretiosa
2986 2401 3112 2440 vasa
3148 2386 3214 2440 de
3260 2385 3464 2456 templo
3511 2386 3631 2449 Dei,
3665 2386 3718 2440 id

2122 2489 2226 2546 est,
2252 2495 2396 2535 vera:
2437 2478 2559 2534 ﬁdei
2587 2478 2910 2550 margaritas
2958 2477 3012 2531 in
3047 2477 3344 2546 Scripturis
3391 2480 3601 2532 sanctis
3629 2477 3718 2532 fu-

2123 2582 2331 2638 rantes,
2361 2585 2458 2644 per
2483 2587 2619 2642 quos
2652 2581 2709 2627 et
2754 2586 2948 2626 nomen
2985 2571 3080 2626 Dei
3119 2570 3529 2639 blasphematur
3573 2571 3721 2625 inter

2122 2675 2331 2736 gentes,
2360 2664 2486 2719 dum
2507 2671 2654 2719 casta
2680 2672 2733 2718 et
2760 2663 2984 2718 honesta
3007 2661 3261 2716 Ecclesiae
3288 2663 3570 2732 dogmata,
3596 2677 3721 2716 cor-

2123 2756 2296 2826 ruptis
2323 2770 2388 2811 ac
2415 2755 2661 2825 turpibus
2707 2753 2978 2809 maculant
3013 2753 3280 2810 haeretica:
3307 2756 3600 2824 pravitatis
3624 2772 3716 2810 er-

2123 2847 2356 2902 roribus.
2385 2846 2465 2900 Ex
2504 2845 2610 2901 illis
2636 2846 2780 2900 enim
2824 2853 2879 2900 et
2919 2843 3237 2900 infanticidii
3269 2853 3326 2900 et
3361 2845 3583 2910 incesti,
3613 2861 3721 2901 c3-

2126 2945 2473 3006 terorumquc
2503 2936 2756 2991 similium
2793 2936 3054 2992 scelerum
3088 2936 3283 3006 probra
3332 2937 3402 2990 ad
3451 2938 3718 2992 invidiam

2125 3035 2325 3084 sancta:
2354 3027 2631 3098 religionis
2656 3035 2841 3080 exorta
2888 3034 3034 3080 sunt.
3079 3025 3368 3081 Sciendum
3411 3036 3598 3081 tamen
3631 3037 3719 3081 est

438 3123 716 3176 Christum
745 3121 913 3175 Deum
928 3091 1186 3188 iiegando
1219 3114 1666 3185 blasphemabant
1699 3120 1751 3167 et
1780 3110 2015 3175 Patrem,

2125 3119 2240 3173 haec
2258 3091 2571 3188 Apostolum
2601 3133 2696 3187 per
2719 3117 2945 3182 ironiam
2963 3117 3143 3171 dicere
3164 3117 3228 3170 ad
3249 3116 3466 3171 Judmos
3491 3135 3508 3170 :
3540 3132 3718 3186 neque

439 3213 578 3265 sicut
602 3209 731 3264 dicit
759 3207 1057 3262 Dominus:
1089 3203 1192 3270 Qui
1225 3220 1306 3258 me
1347 3204 1546 3273 recipit,
1577 3218 1680 3255 non
1711 3217 1790 3253 me
1817 3199 2016 3268 recipit,

439 3302 527 3356 sed
552 3317 669 3354 eum
709 3299 797 3370 qui
838 3314 920 3352 me
949 3297 1089 3350 misit
1121 3295 1272 3367 (Luc.
1305 3293 1417 3365 1x);
1460 3301 1516 3347 et
1551 3291 1672 3347 ideo
1701 3291 1843 3346 inter
1887 3304 2020 3360 gen-

433 3403 524 3447 tes
565 3388 1078 3460 hlasphemabatur,
1132 3385 1259 3456 quia
1309 3382 1652 3439 credentibus
1701 3379 2018 3452 gentilibus,

434 3481 608 3538 Judaei
652 3479 882 3535 suadere
910 3478 1222 3533 nitebantur
1253 3473 1526 3530 Christum
1562 3473 1729 3527 Deum
1768 3485 1873 3524 non
1902 3485 2022 3525 cre-

421 3573 693 3638 dendum,
715 3567 1176 3638 utblasphemium
1192 3564 1430 3637 gentium
1449 3579 1478 3616 a
1490 3561 1688 3617 Judacis
1701 3561 1783 3616 vel
1807 3559 2021 3616 Photini

421 3664 754 3722 auctoribus
775 3662 847 3717 sit
869 3659 1191 3733 profectum.
1209 3655 1403 3729 (0rig.)
1422 3654 1618 3709 Verum
1647 3655 1762 3708 lucc
1790 3651 2022 3723 Aposto-

423 3758 523 3813 alus
543 3756 758 3828 quidem
771 3754 837 3810 ad
851 3767 974 3810 eum
995 3751 1084 3820 qui
1101 3749 1336 3814 nomine,
1353 3762 1458 3803 non
1480 3760 1662 3816 opere,
1681 3742 1895 3799 Judaaus
1915 3750 2020 3810 est,

443 3845 908 3917 dicit:pertincre
951 3842 1118 3899 etiam
1149 3849 1328 3894 tamen
1379 3837 1449 3893 ad
1489 3850 1704 3892 omnem
1748 3834 2020 3889 hominem

421 3946 688 4011 possunt,
719 3935 773 3990 in
801 3949 907 4004 quo
937 3941 1144 3989 tantum
1173 3944 1366 3986 nomen
1397 3927 1669 3998 religionis
1713 3924 2022 4005 et_pidtatis

437 4038 549 4096 est;
582 4043 746 4100 opera
774 4035 956 4082 autem
979 4034 1034 4080 et
1074 4022 1322 4088 scientia,
1350 4029 1406 4076 et
1449 4019 1582 4075 ﬁdes
1613 4018 1784 4083 deest,
1816 4026 1871 4072 et
1905 4017 2022 4072 ideo

439 4121 642 4192 majore
660 4135 789 4175 cura
808 4120 924 4174 haec
945 4117 997 4171 in
1021 4117 1173 4172 nobis
1189 4115 1319 4185 ipsis
1339 4127 1500 4183 quam
1514 4113 1565 4166 in
1583 4113 1714 4182 ipsis
1737 4111 1823 4165 his
1844 4110 1933 4179 qui
1955 4109 2023 4164 ad

439 4211 598 4266 ﬁdem
640 4209 842 4266 Christi
885 4223 992 4263 non
1040 4206 1283 4272 veniunt,
1331 4205 1598 4259 discutere
1630 4203 1902 4264 debemus,
1954 4216 2022 4255 ne

416 4304 562 4374 quis
603 4314 870 4368 nostrum,
911 4300 1002 4372 qui
1027 4313 1122 4370 per
1157 4298 1316 4352 ﬁdem
1345 4295 1545 4352 Christi
1576 4303 1628 4349 et
1658 4292 2023 4348 circumcisio-

433 4410 564 4449 nem
595 4395 648 4448 in
673 4392 939 4463 baptismo
965 4389 1144 4443 datam
1173 4401 1334 4442 verus
1354 4384 1568 4440 Judzcus
1590 4382 1811 4439 effectus
1832 4393 1936 4448 est,
1968 4392 2023 4438 ct

439 4487 494 4540 in
525 4485 638 4556 lege
663 4483 862 4540 Christi
887 4481 1196 4552 requiescit,
1219 4478 1478 4550 gloriatur
1506 4492 1719 4548 quoque
1745 4492 1826 4544 se,
1857 4475 2022 4530 idolo-

431 4592 558 4630 rum
603 4589 788 4629 errore
821 4572 1064 4643 depulso,
1118 4570 1400 4642 agnovisse
1444 4568 1634 4633 Deum,
1670 4576 1724 4622 et
1770 4565 1884 4635 ejus
1921 4567 2021 4622 sibi

443 4666 741 4720 innotuisse
782 4663 1130 4717 voluntatem.
1169 4659 1287 4716 Scit
1309 4659 1451 4714 enim
1483 4661 1713 4729 probare
1757 4659 1897 4728 quod
1924 4658 2023 4713 bo-

442 4772 568 4810 num
598 4762 652 4810 et
678 4752 1072 4823 beneplacitum
1109 4759 1269 4806 estet
1312 4749 1644 4819 perfectum;
1675 4759 1816 4804 eteo
1856 4765 2024 4818 usque

430 4849 707 4920 pervenit,
737 4856 794 4902 ut
822 4854 967 4902 esset
1000 4847 1106 4900 dux
1138 4853 1194 4900 et
1221 4844 1409 4900 doctor
1427 4842 1700 4908 Ecclesiae,
1736 4842 1802 4896 ad
1829 4841 2027 4896 illumi-

431 4943 650 4998 .nandos
674 4955 768 4996 eos
797 4939 884 5010 qui
918 4939 970 4993 in
1003 4938 1223 4993 scientia
1256 4937 1384 4993 caeci
1415 4943 1559 5002 sunt,
1583 4944 1640 4990 et
1678 4935 2021 4990 instruendus

443 5033 694 5102 parvulos
735 5032 788 5087 in
825 5029 1061 5095 Christo,
1105 5042 1172 5082 ne
1200 5027 1264 5091 is,
1295 5027 1534 5096 inquam,
1568 5025 1691 5080 talis
1719 5027 1853 5081 alios
1898 5027 2020 5096 qui-

444 5125 562 5180 dem
593 5125 720 5180 velit
753 5125 946 5180 docere
986 5118 1300 5184 districtius,
1329 5125 1385 5173 et
1415 5117 1480 5172 de
1524 5117 1610 5172 his
1639 5133 1774 5187 quos
1806 5117 2024 5172 instruit

439 5230 710 5270 summam
729 5212 1061 5283 disciplinam
1089 5209 1356 5267 castitatis
1377 5208 1615 5279 exigere,
1645 5207 1758 5278 ipse
1787 5223 1916 5286 vero
1935 5209 2022 5262 in-

445 5304 812 5374 temperantiae
847 5303 979 5357 vitio
1020 5310 1072 5357 et
1100 5299 1408 5371 cupiditatis
1457 5307 1729 5370 urgeatur,
1772 5314 2019 5353 nonnun»

445 5407 607 5461 quam
656 5393 822 5449 etiam
872 5391 1101 5447 flammis
1137 5389 1364 5446 occulta:
1411 5387 1646 5446 libidinis
1683 5400 1888 5446 :estuet.
1940 5391 2022 5446 Ad

451 5480 748 5549 huiusmodi
798 5497 927 5553 ergo
983 5482 1257 5538 hominem
1324 5478 1645 5551 apostolicus
1703 5481 1789 5535 hic
1845 5496 2022 5536 sermo

447 5583 810 5641 competenter
839 5581 1072 5643 aptatur,
1099 5572 1284 5628 dicens
1313 5571 1362 5625 ei
1393 5589 1405 5624 :
1441 5569 1516 5624 Tu
1547 5571 1635 5641 qui
1663 5571 1813 5625 doces
1835 5569 2020 5635 alium,

440 5665 664 5733 “ipsum
693 5683 798 5719 non
825 5665 1009 5731 doces;
1042 5666 1131 5736 qui
1159 5664 1415 5736 prwdicas
1462 5681 1561 5718 non
1602 5663 1908 5733 furandum,
1940 5664 2023 5734 fu-

2048 4442 2099 4500 D

2123 3209 2264 3264 enim
2291 3209 2383 3279 qui
2412 3224 2539 3263 vere
2568 3207 2858 3278 requiescit
2887 3209 2940 3262 in
2967 3207 3103 3278 lege,
3134 3215 3190 3261 et
3212 3207 3553 3278 gloriaturin
3581 3210 3713 3274 Deo,

2122 3310 2178 3356 et
2203 3301 2397 3372 probat
2435 3299 2670 3365 utiliora,
2713 3301 2827 3355 haec
2853 3314 2970 3368 qua:
3007 3307 3322 3354 enumerata
3359 3309 3484 3353 sunt
3536 3300 3719 3356 facere

2123 3391 2426 3448 credendus
2452 3398 2554 3445 est.

2193 3480 2532 3538 Circumcisio
2583 3483 2792 3552 quidem
2841 3482 3082 3554 prodest,
3131 3483 3177 3536 si
3239 3490 3404 3552 legem
3449 3486 3714 3537 observes.

2123 3572 2360 3647 (Ambr.)
2395 3574 2579 3630 Potest
2591 3575 2694 3630 dici
2724 3589 2755 3630 e
2779 3585 2965 3630 contra
2987 3574 3076 3630 :Si
3098 3575 3321 3645 prodest
3343 3576 3714 3641 circumcisio,

2121 3680 2219 3721 cur
2261 3666 2730 3736 praetermittitur?
2777 3665 2882 3721 Sed
2912 3665 3136 3736 prodest
3159 3666 3203 3720 si
3228 3666 3402 3736 legem
3431 3667 3714 3722 observes.

2123 3755 2374 3811 Tenenda
2389 3772 2518 3827 ergo
2554 3757 2898 3812 circumcisio
2928 3767 3032 3823 est,
3059 3767 3116 3812 et
3146 3767 3205 3812 ut
3230 3757 3399 3826 possit
3428 3760 3714 3828 prodesse,

2123 3847 2384 3903 servanda
2406 3858 2485 3902 est
2513 3848 2620 3902 lex.
2636 3848 2773 3915 Quid
2794 3865 2922 3920 ergo
2950 3850 3225 3920 prohibuit
3245 3851 3388 3920 quod
3422 3852 3710 3920 prodesse,

2123 3936 2170 3990 si
2211 3936 2293 3990 lex
2325 3947 2590 4004 servetur,
2665 3939 2934 3992 ostendit?
2979 3936 3203 3992 Videtur
3239 3953 3369 4008 ergo
3417 3938 3564 3992 male
3591 3954 3716 4008 pro-

2123 4028 2349 4083 hibitum
2375 4068 2390 4094 ,
2421 4029 2560 4097 quod
2594 4045 2699 4083 non
2729 4045 2826 4098 per
2856 4046 2913 4084 se
2939 4029 3208 4099 displicet,
3238 4029 3331 4084 sed
3359 4044 3460 4099 per
3489 4028 3716 4085 alterius

2123 4117 2502 4187 negligentiam
2541 4117 2793 4172 frustrari
2820 4119 3036 4173 dicitur.

2196 4209 2259 4264 Si
2302 4219 2474 4263 autem
2519 4211 2891 4281 praevaricator
2935 4211 3062 4280 legis
3098 4213 3202 4276 sis,
3244 4209 3578 4266 circumcisio
3623 4220 3714 4264 tu

2122 4303 2435 4372 prwputium
2463 4301 2605 4372 facta
2651 4312 2743 4357 est.
2777 4302 2890 4358 Hoc
2917 4314 3000 4358 est
3027 4305 3168 4373 quod
3198 4303 3348 4366 dicit,
3381 4304 3509 4372 quia
3551 4306 3596 4358 si
3629 4303 3708 4357 les

2126 4403 2340 4449 servata
2362 4410 2466 4449 non
2493 4393 2671 4458 fuerit,
2699 4393 2914 4450 Judaius
2935 4395 3150 4466 gentilis
3176 4395 3426 4451 efﬁcitur.
3463 4395 3572 4450 Sed
3603 4398 3710 4451 cir-

2124 4486 2508 4540 cmncisionem
2559 4501 2658 4556 pro
2689 4501 2886 4556 genere
2935 4487 3115 4556 posuit
3162 4486 3414 4552 Abrahae,
3473 4488 3601 4555 quia
3646 4503 3709 4540 ex

2123 4574 2396 4629 Abraham
2443 4575 2822 4639 circumcisio;
2869 4589 2968 4629 nec
3011 4576 3155 4629 enim
3182 4584 3397 4644 poterat
3440 4575 3711 4628 aediﬁcare

2125 4680 2243 4734 quae
2271 4667 2629 4720 destruxcrat.
2663 4663 2774 4720 lloc
2802 4665 2945 4720 enim
2974 4666 3051 4719 ait
3079 4676 3138 4718 ut
3159 4666 3348 4720 doceat
3385 4674 3516 4719 tuuc
3547 4665 3710 4734 prod-

2125 4769 2244 4808 esse
2275 4770 2338 4808 ex
2374 4769 2571 4824 genere
2604 4753 2835 4808 Ahraha:
2868 4768 3006 4818 esse,
3037 4754 3082 4808 si
3110 4754 3196 4808 lex
3219 4765 3494 4818 servetur,
3525 4755 3577 4808 id
3607 4764 3710 4818 est,

2126 4844 2170 4899 si
2200 4843 2252 4898 in
2284 4842 2498 4899 Christo
2526 4843 2799 4910 credatur,
2845 4845 2938 4914 qui
2980 4845 3277 4914 promissus
3321 4857 3404 4899 est
3454 4845 3708 4909 Abrahsr,

2126 4938 2250 5008 quia
2276 4947 2328 4992 et
2358 4953 2512 4992 suum
2564 4937 2811 4991 meritum
2851 4938 3049 4992 habent
3080 4936 3359 5005 justiﬁcati
3393 4953 3495 5007 per
3530 4939 3708 5004 ﬁdem,

2126 5035 2181 5082 et
2204 5027 2406 5082 honore
2433 5035 2646 5096 patrum
2680 5027 3074 5091 sublimantur;
3105 5027 3281 5080 omnis
3308 5026 3452 5080 enim
3481 5027 3633 5081 salus
3661 5029 3712 5080 in

2126 5119 2242 5189 lege
2277 5119 2343 5173 de
2365 5119 2581 5175 Christo
2610 5129 2711 5176 est.
2745 5119 2844 5174 llic
2872 5136 3000 5189 ergo
3028 5127 3213 5174 servat
3248 5119 3438 5189 legem,
3470 5120 3561 5186 qui
3597 5135 3714 5175 cre-

2128 5213 2208 5267 dit
2232 5213 2283 5266 in
2301 5212 2548 5279 Christo;
2575 5214 2620 5266 si
2650 5222 2827 5268 autem
2852 5228 2956 5267 non
2977 5213 3172 5276 credit,
3191 5221 3562 5279 transgressor
3582 5210 3715 5280 legis

2129 5313 2231 5369 est,
2262 5305 2386 5374 quia
2415 5320 2519 5358 non
2551 5305 2736 5374 recipit
2766 5305 3060 5368 Christum,
3090 5319 3250 5372 quem
3293 5302 3377 5357 lex
3407 5303 3476 5355 ad
3516 5301 3715 5371 justiﬁ-

2127 5394 2391 5448 cationem
2436 5402 2718 5448 venturum
2775 5395 2994 5458 cecinit,
3043 5408 3206 5461 quam
3256 5393 3371 5461 ipsa
3423 5391 3561 5446 dare
3605 5407 3714 5445 non

2127 5485 2327 5555 potuit;
2357 5493 2410 5539 et
2432 5484 2564 5539 nihil
2596 5483 2669 5538 illi
2694 5484 2934 5553 proderit
2957 5485 3060 5538 dici
3112 5483 3278 5537 ﬁlium
3304 5482 3556 5546 Abrahze,
3587 5483 3713 5551 quia

2129 5573 2218 5629 hic
2245 5573 2538 5628 secundum
2582 5573 2833 5628 meritum
2857 5573 2995 5627 ﬁlius
3034 5581 3118 5626 est
3146 5573 3400 5635 Abrahae,
3431 5572 3524 5640 qui
3554 5571 3710 5624 ﬁdem

2130 5666 2394 5735 sequitur,
2445 5681 2542 5736 per
2571 5681 2733 5736 quam
2784 5665 2895 5721 Deo
2943 5665 3136 5737 dignus
3163 5664 3372 5720 exstitit
3412 5663 3706 5718 Abraham.
