3998 6202
358 273 497 328 1525

917 265 1461 324 ENARRATIO'NUM
1499 267 1567 322 IN
1609 266 1755 323 EPP.
1797 267 2001 324 PAULI
2039 267 2166 323 LIB.
2209 267 2269 321 ll.
2305 299 2370 306 —
2399 267 2462 321 IN
2502 267 2714 323 EPIST.
2757 267 2848 323 AD
2889 271 3051 327 ROM.

3451 271 3586 330 1526

357 385 510 442 Unde
551 382 666 436 ait:
698 379 1037 436 Circumcisio
1074 391 1164 433 tua
1197 380 1507 450 praeputium
1541 380 1683 447 facta
1720 391 1832 443 est,
1869 381 1919 434 id
1950 387 1996 443 Α
2024 379 2184 434 batur
2213 379 2464 448 imagine.
2497 379 2736 450 Denique
2769 390 2958 437 octava
2987 385 3072 438 die
3097 385 3332 454 parvulis
3365 387 3592 443 dabatur

353 483 459 539 est,
485 471 668 543 gentili
700 470 893 525 similis
915 469 1088 524 lactus
1109 485 1192 533 es,
1222 484 1329 522 non
1351 469 1577 524 credens
1601 470 1653 524 in
1677 483 1800 523 eum
1831 470 1921 539 qui

354 570 407 623 in
434 568 587 636 signo
614 563 1042 620 circumcisionis
1073 561 1215 616 ﬁlius
1238 562 1537 632 promissus
1563 569 1641 615 est
1668 559 1920 615 Abrahze.

423 656 484 711 Si
513 656 674 725 igitur
687 654 999 723 praeputium
1018 651 1249 720 justitias
1277 649 1402 721 legis
1446 650 1726 714 custodiat,
1759 665 1928 703 nonne

350 745 662 818 prtrputium
687 743 830 796 illius
867 742 921 796 in
955 741 1395 795 circumcisionem
1443 740 1805 810 reputabitur?
1836 738 1926 793 Ju-

351 836 500 890 stitia
537 835 672 906 legis
697 833 830 888 fides
853 841 936 886 est
961 829 1288 895 Christiana,
1314 831 1450 884 sicut
1479 829 1582 884 alio
1604 829 1723 884 loco
1753 829 1884 884 dicit
1910 847 1923 882 :

357 923 505 979 Finis
535 923 660 994 legis
681 922 919 977 Christus
941 922 1009 974 ad
1027 921 1284 991 justitiam
1315 921 1454 974 omni
1479 920 1707 974 credenti
1745 919 1924 990 (Rom.

351 1011 433 1082 ι).
477 1013 599 1066 Ideo
641 1008 984 1065 manifestum
1032 1017 1116 1063 est
1160 1009 1285 1077 quia
1320 1008 1364 1063 si
1407 1008 1621 1078 gentilis
1651 1007 1832 1063 credat
1872 1007 1926 1060 in

351 1101 646 1166 Christum,
676 1099 738 1154 fit
761 1098 901 1154 illius
925 1099 1178 1164 Abrahar,
1203 1098 1294 1168 qui
1323 1107 1477 1168 pater
1495 1109 1579 1154 est
1604 1098 1746 1154 fidei.

422 1209 490 1262 Et
506 1209 767 1279 jttdicabit
796 1208 850 1261 id
889 1207 1026 1280 quod
1061 1223 1125 1262 ea:
1153 1217 1343 1260 natura
1384 1217 1456 1261 est
1500 1208 1832 1278 prccputium,
1878 1218 1928 1262 et

349 1301 512 1372 legem
549 1302 842 1371 perﬁciens,
864 1310 934 1365 te,
962 1300 1052 1370 qui
1100 1316 1192 1371 per
1219 1299 1445 1352 litteram
1491 1308 1539 1352 et
1576 1301 1932 1354 circumcisio-

352 1408 468 1444 nem
505 1391 875 1460 prwvaricator
919 1406 972 1443 es
1023 1389 1168 1460 legis.
1219 1387 1459 1443 Credens
1510 1389 1746 1459 gentilis,
1794 1389 1929 1444 duce

351 1495 567 1550 natura,
609 1492 662 1538 tn
704 1482 998 1550 Christum,
1045 1484 1363 1539 condemnat
1401 1483 1665 1551 Judarum,
1710 1486 1798 1541 cui
1841 1486 1927 1541 lex

349 1579 673 1646 promiserat
693 1577 990 1643 Christum,
1013 1585 1068 1632 et
1085 1576 1383 1631 advenienti
1407 1577 1456 1632 ei
1482 1579 1702 1634 credere
1734 1580 1926 1636 noluit.

354 1667 565 1734 Quanta
593 1682 722 1738 ergo
747 1667 957 1738 gentilis
980 1667 1171 1738 dignus
1201 1677 1284 1722 est
1306 1666 1493 1737 gloria,
1519 1669 1609 1737 qui
1637 1683 1736 1738 per
1756 1670 1926 1725 solam

2027 471 2120 540 qui
2150 469 2283 524 nihil
2328 470 2513 540 utique
2540 472 2718 528 adhuc
2746 474 2925 543 operis
2953 484 3192 544 agerent.
3223 475 3373 542 Quod
3401 479 3444 534 si
3473 478 3595 548 quis

2026 562 2185 617 nobis
2225 561 2465 631 proferat
2493 561 2618 617 illud
2653 566 2793 634 quod
2832 566 2886 620 in
2928 568 3190 638 principio
3225 568 3346 624 libri
3387 570 3486 627 Job
3529 575 3597 630 de

2025 653 2181 707 laude
2205 653 2321 723 ejus
2341 653 2573 723 positum
2603 664 2707 720 est,
2737 655 2825 710 ubi
2866 657 3035 712 dicit:
3061 657 3131 712 Et
3162 669 3273 714 erat
3312 659 3414 714 Job
3442 663 3596 718 homo

2025 757 2202 805 verax,
2232 741 2344 796 sine
2379 741 2610 812 querela,
2619 743 2788 813 justus
2816 744 2910 798 Dei
2937 747 3126 814 cultor,
3164 749 3424 806 abstinens
3450 769 3504 806 se
3531 754 3594 807 ab

2028 831 2168 884 omni
2208 847 2261 884 re
2293 830 2434 884 mala
2464 831 2585 902 (Job
2647 832 2708 902 ι),
2757 849 2854 890 cur
2874 839 3210 906 prmcedente
3255 839 3380 894 boni
3417 843 3598 912 operis

2027 919 2182 976 laude
2223 920 2276 975 in
2331 921 2520 976 ultimo
2554 923 2680 976 mali
2720 926 3046 981 continentia
3092 940 3441 984 numeretur:
3470 931 3599 987 illud

2027 1011 2168 1080 quod
2187 1011 2422 1067 arbitror
2437 1010 2668 1081 judicari
2694 1017 2834 1084 quod
2863 1031 3002 1087 saepe
3023 1017 3135 1073 fieri
3161 1020 3315 1088 solet,
3337 1022 3460 1092 quia
3485 1021 3601 1093 plu-

2029 1099 2152 1154 rimi
2192 1101 2466 1156 hominum
2501 1110 2666 1174 agunt
2702 1104 2916 1174 quidem
2960 1122 3080 1176 quae
3125 1111 3261 1167 bona
3307 1121 3452 1180 sunt,
3494 1114 3600 1169 mi-

2027 1200 2214 1246 sceant
2242 1201 2417 1246 tamen
2441 1193 2643 1262 aliquid
2664 1204 2718 1250 et
2743 1198 2922 1265 operis
2944 1199 3099 1266 mali;
3127 1203 3283 1269 pauci
3310 1220 3440 1260 vero
3461 1207 3602 1261 sicut

2027 1281 2147 1347 Job,
2195 1283 2287 1352 qui
2319 1283 2390 1338 ita
2433 1298 2652 1340 veraces
2705 1295 2762 1340 et
2803 1287 3316 1359 irreprehensibilcs,
3353 1294 3427 1349 ita
3468 1297 3600 1366 justi

2029 1379 2153 1425 sunt
2166 1381 2221 1426 et
2233 1373 2466 1429 cultores
2490 1374 2605 1441 Dei,
2629 1385 2690 1430 ut
2714 1377 2829 1432 brec
2848 1379 3024 1432 omnia
3051 1390 3271 1451 agentes
3299 1385 3604 1441 abstineant

2027 1478 2088 1518 se
2111 1464 2180 1519 ab
2206 1467 2350 1521 omni
2379 1481 2436 1522 ne
2461 1468 2618 1523 mala.
2650 1467 2706 1524 Si
2735 1485 2882 1542 ergo,
2907 1471 3098 1541 inquit,
3123 1475 3507 1543 praevaricator
3525 1477 3603 1532 sis

2027 1555 2194 1624 legis,
2244 1557 2382 1612 sicut
2423 1575 2584 1630 supra
2646 1562 3010 1632 exposuimus,
3063 1580 3168 1620 non
3223 1568 3432 1639 agendo
3484 1584 3604 1638 qua:

2028 1649 2169 1704 bona
2196 1657 2338 1714 sunt,
2364 1650 2700 1707 circumcisio
2725 1661 2813 1707 tua
2838 1655 3155 1725 praeputium
3186 1656 3325 1713 facta
3352 1666 3452 1724 est,
3475 1660 3602 1714 dum

356 1766 602 1811 naturam
634 1755 896 1811 intellexit
926 1764 1226 1821 auctorem,
1255 1757 1392 1811 sicut
1421 1757 1550 1812 dicit
1577 1757 1767 1813 Petrus
1795 1775 1928 1829 apo-
1957 1745 2003 1804 Β
2030 1747 2086 1794 ει
2129 1740 2233 1796 hoc
2267 1742 2359 1797 'ibi
2391 1743 2532 1812 ειυθά
2573 1744 2844 1799 absum"?
2889 1761 2919 1798 ³
2966 1746 3107 1802 ῖηθίο
3132 1749 3278 1803 Visus
3324 1765 3402 1816 θεν
3442 1763 3605 1820 Ope”

353 1847 520 1902 stolus
551 1865 563 1900 :
592 1848 867 1901 Auctorem
919 1862 1036 1900 vero
1080 1847 1196 1901 vita:
1245 1847 1574 1916 interfecistis
1619 1846 1756 1919 (Act.
1806 1849 1922 1922 tn);

355 1946 502 1991 mnto
528 1937 698 2008 magis
731 1937 1032 2006 puniendus
1075 1935 1293 1991 Judaeus
1323 1946 1426 2001 est,
1475 1937 1565 2007 qui
1613 1952 1786 2008 neque
1832 1953 1930 2008 per

356 2036 624 2090 naturam,
653 2040 826 2097 neque
850 2040 946 2096 per
981 2025 1152 2097 legem
1194 2025 1465 2082 Christum
1495 2027 1715 2099 agnovit
1740 2037 1926 2084 aucto-

353 2133 487 2172 rem.
536 2116 758 2190 (0rig.)
793 2117 922 2185 Quae
964 2117 1034 2173 sit
1059 2117 1428 2184 circumcisio,
1462 2133 1621 2188 quam
1676 2122 1930 2190 prodesse

352 2209 482 2263 dicit
521 2209 840 2279 Apostolus,
893 2207 979 2264 vel
1029 2225 1149 2280 quae
1188 2210 1359 2280 prosit
1406 2208 1522 2272 lex,
1565 2209 1610 2264 si
1656 2211 1927 2265 custodia-

355 2307 463 2360 tur,
488 2297 770 2368 diligenter
792 2297 1170 2366 requirendum
1215 2298 1445 2363 videtur,
1467 2307 1528 2352 ut
1553 2313 1675 2353 eum
1706 2299 1821 2353 hzee
1847 2299 1930 2353 in-

356 2389 745 2453 tellexerimus,
775 2389 1044 2460 possimus
1070 2398 1125 2444 et
1141 2389 1471 2445 circumcidi.
1503 2389 1709 2459 Quippe
1729 2390 1772 2444 si
1799 2404 1926 2460 pro-

357 2480 477 2537 dest
507 2481 846 2536 circumcisio
867 2481 1160 2535 secundum
1181 2481 1405 2536 verbum
1431 2479 1670 2552 Apostoli
1704 2481 1930 2536 dicentis

354 2571 483 2642 quia
526 2571 847 2626 circumcisio
895 2572 1134 2642 prodest,
1184 2572 1230 2625 si
1277 2571 1438 2641 legem
1483 2571 1768 2636 custodias,
1815 2572 1930 2642 ipse

358 2665 642 2734 Apostolus
670 2665 722 2718 in
749 2663 1201 2734 consequentibus
1220 2665 1400 2729 docet,
1423 2665 1546 2733 quia
1567 2681 1668 2718 non
1699 2664 1790 2718 illa
1813 2680 1929 2736 qute

357 2755 412 2808 in
452 2753 726 2822 manifesto
765 2761 840 2807 est
891 2753 945 2806 in
987 2769 1143 2807 carne
1179 2753 1526 2818 circumcisio,
1573 2754 1664 2808 sed
1705 2753 1927 2808 circum-

297 2890 303 2895 .
357 2846 482 2899 cisio
512 2845 683 2898 cordis
714 2861 806 2914 per
829 2844 1090 2915 spiritum,
1118 2861 1221 2898 non
1254 2861 1346 2915 per
1371 2844 1597 2900 litteram
1622 2846 1786 2916 facta,
1810 2845 1930 2899 lau-

357 2938 472 2990 dem
500 2953 603 2990 non
628 2935 692 2990 ab
713 2935 1006 2990 hominibus
1035 2935 1208 3001 habet,
1237 2936 1328 2989 sed
1347 2952 1412 2990 ea:
1438 2935 1548 2990 Deo
1563 2953 1583 3002 ;
1613 2945 1667 2991 et
1699 2936 1824 2991 alibi
1851 2936 1931 2990 di-

357 3029 466 3083 cit:
500 3029 684 3083 Videte
718 3027 1184 3084 circumcisionem
1215 3044 1227 3080 :
1275 3041 1372 3082 nos
1409 3029 1552 3082 enim
1605 3043 1791 3083 sumus
1823 3029 1930 3084 cir-

357 3122 633 3184 cumcisio,
659 3121 750 3190 qui
775 3121 962 3190 spiritu
991 3119 1104 3175 Deo
1129 3120 1418 3186 servimus,
1451 3128 1505 3176 et
1543 3136 1649 3175 non
1689 3120 1741 3174 in
1768 3135 1932 3175 carne

356 3213 697 3267 confidimus.
739 3210 881 3273 Haec.
911 3219 970 3265 ut
1009 3212 1224 3281 opinor,
1263 3221 1348 3266 est
1388 3212 1742 3286 circumcisio‘
1771 3227 1930 3281 quam

358 3305 611 3375 prodesse
653 3303 785 3358 dicit
829 3304 1133 3374 Apostolus,
1177 3303 1224 3357 si
1269 3302 1428 3374 legem
1477 3304 1738 3359 custodias
1776 3317 1931 3359 :non

357 3393 526 3465 legem
561 3394 774 3459 litterae,
807 3395 960 3465 cujus
1002 3395 1186 3465 utique
1233 3395 1696 3450 circumcisionem
1731 3395 1785 3449 in
1815 3411 1934 3451 car-

358 3501 428 3540 ne
475 3500 580 3540 non
612 3485 828 3554 recipis,
881 3485 973 3538 sed
994 3483 1164 3554 legem
1193 3483 1435 3554 Spiritus,
1457 3484 1748 3539 secundum
1769 3499 1931 3555 quam

358 3576 760 3631 circumcideris
787 3575 980 3640 corde;
1009 3574 1181 3628 littera
1201 3575 1336 3628 enim
1363 3575 1574 3639 occidit,
1601 3576 1814 3645 spiritus
1837 3592 1934 3629 au-

358 3677 458 3720 tem
479 3667 702 3736 viviﬁrat
725 3666 808 3738 (11
837 3665 958 3719 Cor.
990 3665 1098 3738 tu),
1117 3667 1240 3736 quia
1268 3675 1323 3722 et
1343 3666 1425 3720 lex
1450 3667 1542 3722 Dei
1574 3684 1677 3723 non
1701 3668 1933 3724 refertur

358 3765 659 3811 atramento
691 3757 915 3826 scripta,
959 3757 1052 3812 sed
1093 3757 1260 3828 digito
1301 3757 1418 3822 Dei,
1463 3757 1554 3828 qui
1598 3765 1682 3812 est
1715 3759 1935 3828 spiritus

358 3846 496 3915 ejus,
523 3857 578 3903 et
604 3863 708 3903 non
739 3847 790 3902 in
816 3847 1012 3904 tabulis
1036 3847 1279 3919 lapideis,
1303 3849 1396 3903 sed
1429 3848 1481 3901 in
1512 3848 1708 3903 tabulis
1733 3849 1930 3903 cordis.

361 3939 558 3995 Verum
596 3947 775 4010 potest
815 3940 970 3995 nobis
991 3939 1175 4008 objici,
1204 3938 1358 4010 quasi
1385 3938 1674 4008 Apostolus
1701 3939 1928 3994 circum-

360 4028 619 4084 cisionem
634 4029 888 4100 prodesse
911 4027 1061 4084 dicit'.
1080 4029 1207 4096 Qua:
1231 4030 1416 4099 utique
1437 4044 1541 4084 non
1565 4027 1665 4082 alia
1687 4029 1936 4100 intelligi-

362 4130 450 4176 tur
473 4135 612 4184 esse,
644 4134 804 4189 quam
832 4120 1023 4175 animae
1049 4120 1296 4191 purgatio
1327 4127 1382 4174 et
1405 4118 1634 4188 abjeetio
1663 4121 1931 4176 vitiorum.

362 4209 643 4280 Quomodo
665 4211 812 4266 addit
834 4211 1008 4267 adhuc
1030 4212 1101 4266 ita
1121 4212 1334 4266 demum
1359 4215 1614 4282 prodesse
1635 4211 1935 4282 hujusmodi

360 4304 845 4370 circumeisionem,
887 4307 931 4358 si
969 4304 1132 4375 legem
1184 4305 1482 4370 custodias,
1517 4320 1637 4360 cum
1670 4305 1784 4359 hzec
1824 4305 1938 4376 ipsa

362 4393 700 4450 circumcisio
723 4409 826 4448 nou
853 4394 954 4448 nisi
977 4407 1042 4448 ex
1072 4393 1202 4464 legis
1229 4394 1567 4449 observantia
1610 4393 1724 4449 fieri
1751 4395 1935 4450 videa-

366 4495 472 4541 tur.
498 4480 600 4540 Sed
629 4485 837 4540 intuere
860 4499 926 4539 ne
955 4483 1092 4539 forte
1116 4485 1431 4540 abscindere
1459 4487 1614 4550 vitia,
1641 4495 1696 4540 et
1721 4502 1936 4541 cessum

362 4593 392 4631 a
453 4576 609 4632 malis
669 4578 1133 4633 circumcisionem
1185 4577 1490 4648 signiticet:
1539 4593 1699 4648 agere
1755 4586 1933 4634 autem

361 4684 482 4737 qua:
510 4669 649 4723 bona
677 4677 822 4735 sunt,
852 4677 908 4723 et
933 4669 1141 4724 eilicere
1172 4684 1292 4740 qua:
1319 4669 1552 4737 perfecta
1591 4677 1734 4733 sunt,
1759 4677 1937 4724 custo-

362 4761 479 4814 dire
512 4760 582 4814 sit
621 4759 822 4830 legem;
852 4775 1023 4829 neque
1050 4759 1193 4814 enim
1241 4759 1294 4814 in
1335 4775 1400 4814 eo
1443 4758 1701 4830 perfectio
1734 4769 1838 4824 est,
1887 4762 1932 4814 si

363 4858 608 4905 cessetur
628 4865 657 4902 a
687 4849 860 4913 malis,
889 4851 984 4905 sed
1013 4850 1065 4904 in
1093 4865 1158 4905 eo
1185 4851 1230 4905 si
1264 4860 1490 4918 agantur
1518 4852 1678 4912 bona,
1706 4851 1845 4906 sicut
1878 4851 1931 4904 in

366 4939 580 4994 Psalmo
599 4939 898 4995 evidentius
921 4939 1295 5009 perducemur,
1313 4957 1435 4996 cum
1457 4941 1655 4996 dicitur
1679 4960 1690 4995 :
1721 4941 1935 4996 Declina

365 5049 397 5084 a
431 5031 604 5097 malo;
630 5040 814 5088 etnon
843 5032 930 5087 hic
971 5032 1141 5097 stetit,
1175 5033 1267 5087 sed
1291 5032 1516 5097 addidit,
1551 5042 1597 5086 et
1635 5032 1720 5102 fac
1745 5032 1936 5085 bonum

368 5119 540 5192 (Psal.
565 5121 770 5190 xxxvi).
804 5121 1064 5177 Similiter
1090 5137 1218 5193 ergo
1245 5130 1298 5176 et
1326 5121 1630 5192 Apostolus,
1662 5129 1846 5191 utpote
1883 5121 1932 5174 in

368 5211 454 5266 his
479 5211 740 5277 imbutus,
768 5212 843 5266 ita
868 5213 1083 5268 demum
1123 5212 1252 5267 dicit
1280 5213 1533 5282 prodesse
1570 5212 1933 5268 circumciso-

367 5317 490 5357 nem
535 5313 590 5358 et
615 5303 972 5374 abjectionem
1019 5304 1304 5368 malorum,
1357 5303 1403 5358 si
1450 5305 1722 5360 custodias
1767 5304 1934 5374 legem

367 5388 659 5459 bonorum;
695 5408 868 5464 neque
911 5394 1052 5450 enim
1087 5395 1353 5462 perfectus
1381 5394 1500 5463 quis
1525 5408 1646 5449 esse
1672 5401 1846 5463 potest
1889 5395 1934 5467 si

367 5483 504 5539 nihil
533 5485 700 5554 egerit
730 5485 874 5549 mali,
903 5486 996 5540 sed
1025 5487 1069 5540 si
1098 5485 1297 5555 aliquid
1326 5485 1496 5556 egerit
1536 5485 1681 5540 boni.
1706 5483 1858 5538 Unde
1881 5491 1936 5538 et

369 5572 483 5646 ipsa
522 5575 880 5640 circumcisio,
907 5591 1028 5645 quze
1077 5574 1239 5630 ﬁebat
1273 5576 1326 5630 iu
1353 5590 1535 5640 carne,
1583 5589 1691 5630 non
1733 5574 1935 5644 absque

370 5665 528 5736 hujus
558 5667 920 5738 intelligentia:
945 5683 1102 5737 quam
1151 5682 1294 5722 nunc
1321 5668 1637 5738 exponimus
1667 5665 1936 5735 significa-

2030 1839 2153 1895 fidei
2179 1849 2233 1894 et
2256 1839 2479 1908 iustitiae
2519 1855 2624 1894 non
2667 1841 2842 1911 agenti
2875 1842 2940 1895 ad
2984 1843 3348 1900 infidelitatem
3394 1855 3607 1917 reputa-

2030 1937 2146 1993 tur;
2171 1945 2343 1999 neque
2366 1932 2505 1984 enim
2526 1930 2777 1999 possibile
2798 1938 2881 1984 est
2901 1931 3059 1986 alicui
3085 1934 3356 1988 carnalem
3381 1937 3605 1992 circum-

2027 2019 2286 2074 eisionem
2322 2034 2536 2074 rursum
2579 2020 2633 2074 in
2674 2021 2996 2091 prmputium
3044 2023 3203 2090 verti,
3253 2039 3375 2080 cum
3419 2026 3606 2099 utique

2028 2109 2266 2164 abscissa
2288 2109 2530 2179 praeputii
2569 2125 2735 2164 carne
2762 2110 2902 2165 ultra
2934 2112 3109 2166 redire
3135 2127 3240 2168 non
3284 2115 3475 2184 possit.
3514 2115 3607 2172 Di-

2027 2201 2187 2270 gnius
2218 2215 2346 2272 ergo
2385 2211 2440 2255 et
2471 2201 2770 2257 evidentius
2799 2202 3130 2276 intelligitur,
3159 2207 3301 2275 quod
3326 2208 3606 2264 continen-

2028 2289 2102 2343 tia
2126 2288 2252 2343 mali
2277 2289 2474 2359 operis,
2503 2306 2621 2360 qua:
2642 2306 2739 2362 per
2759 2293 3224 2350 circumcisionem
3251 2297 3604 2369 signiﬁcatur.

2028 2383 2072 2437 si
2101 2397 2262 2454 opera
2290 2385 2409 2439 fidei
2441 2400 2546 2439 non
2562 2385 2857 2452 habeat,ad
2883 2389 3273 2444 immunditiam
3305 2401 3602 2463 reputetur.

2031 2473 2136 2530 Sed
2167 2477 2220 2531 in
2246 2476 2506 2541 Ecclesia,
2556 2477 2646 2548 qui
2697 2494 2794 2550 per
2827 2480 3053 2550 gratiam
3096 2483 3345 2553 baptismi
3374 2485 3606 2542 circum-

2029 2570 2245 2636 ciditur,
2291 2571 2335 2626 si
2368 2579 2488 2642 post
2516 2571 2631 2626 hate
2668 2573 3052 2640 przevaricator
3091 2575 3160 2629 sit
3205 2574 3336 2638 legis
3381 2576 3606 2645 Christi,

2029 2661 2370 2717 circumcisio
2416 2662 2664 2731 baptismi
2715 2663 2781 2717 ad
2825 2663 3158 2720 infidelitatis
3198 2667 3246 2721 ei
3285 2671 3605 2740 prmputium

2030 2753 2382 2824 reputabitur,
2410 2754 2536 2824 quia
2564 2763 2618 2809 et
2647 2753 2780 2810 ﬁdes
2807 2754 2924 2810 sine
2951 2757 3206 2825 operibus
3233 2767 3444 2814 mortua
3475 2761 3607 2817 diei-

2031 2851 2139 2909 tur,
2170 2852 2224 2899 et
2251 2843 2375 2898 mali
2401 2843 2562 2900 villici
2601 2859 2726 2915 pars
2766 2860 2887 2900 cum
2937 2847 3239 2904 infidelibus
3279 2851 3529 2920 ponitur;
3562 2853 3608 2908 si

2029 2943 2207 2989 autem
2240 2935 2556 3006 praeputium
2578 2936 2817 3006 justitias
2845 2937 2975 3006 legis
3007 2939 3292 3006 custodiat,
3327 2958 3504 2998 nonne
3527 2942 3610 3014 ju-

2030 3025 2230 3081 dicabit
2259 3026 2312 3081 id
2338 3025 2479 3094 quod
2501 3040 2568 3080 ex
2592 3033 2780 3080 natura
2807 3035 2890 3081 est
2917 3031 3259 3099 przeputium,
3293 3032 3462 3104 legem
3485 3051 3611 3104 per-

1959 3103 2004 3164 C
2035 3114 2242 3179 ficiens,
2263 3122 2334 3180 te,
2365 3113 2454 3185 qui
2478 3129 2574 3184 per
2593 3114 2824 3170 litteram
2851 3124 2908 3171 et
2927 3103 3386 3177 circumcisionem
3409 3103 3614 3194 prima-

2032 3209 2235 3264 ricator
2257 3223 2317 3263 es
2345 3209 2516 3278 legis?
2545 3207 2805 3278 Superius
2833 3210 2965 3264 dixit
2995 3212 3121 3281 quia
3155 3213 3290 3269 duos
3313 3213 3524 3274 Judmos
3555 3229 3609 3275 et

2032 3299 2164 3354 duas
2185 3301 2624 3359 circumcisiones
2653 3303 2894 3359 discutiit
2935 3304 3221 3374 Apostolus
3239 3348 3254 3372 ,
3285 3316 3339 3363 et
3372 3326 3515 3367 nunc
3541 3313 3608 3367 de

2031 3389 2256 3456 carnali,
2286 3407 2427 3446 nunc
2451 3407 2579 3448 vero
2606 3393 2670 3448 de
2695 3393 2920 3464 spiritali
2949 3406 3355 3452 commemorat.
3392 3399 3612 3455 Videtur

2031 3497 2162 3552 ergo
2189 3483 2240 3537 in
2270 3485 2524 3553 presenti
2566 3481 2684 3540 loco
2723 3488 3041 3556 pneputium
3070 3487 3248 3543 dicere
3276 3498 3461 3561 gentes
3489 3506 3610 3562 qua:

2032 3574 2084 3628 in
2114 3577 2432 3645 praeputium
2456 3577 2637 3632 carnis
2663 3577 2730 3632 ad
2758 3577 2916 3632 fidem
2943 3577 3143 3634 Christi
3167 3591 3449 3650 venerunt,
3476 3599 3610 3655 quas

2031 3665 2201 3736 legem
2257 3665 2548 3736 spiritalem
2601 3677 2878 3722 serVantes
2915 3671 3188 3740 componit
3233 3680 3286 3726 et
3334 3684 3612 3743 comparat

2031 3754 2258 3820 Iudaeis,
2292 3756 2382 3825 qui
2430 3769 2527 3826 per
2570 3756 2803 3810 litteram
2835 3766 2889 3810 et
2932 3757 3394 3815 circumcisioncm
3433 3763 3612 3819 carnis

2033 3845 2480 3913 przevarieatores
2501 3853 2627 3899 sunt
2653 3845 2807 3916 legis,
2831 3854 2966 3915 ques
2987 3855 3041 3899 et
3069 3846 3392 3914 judicandos
3418 3851 3487 3905 ab
3526 3851 3611 3906 his

2034 3936 2179 3999 dicit,
2214 3937 2266 3989 in
2296 3937 2493 4006 quibus
2523 3952 2626 3990 non
2649 3937 2828 3991 carnis
2854 3937 3211 4004 circumcisio,
3237 3941 3329 3994 sed
3353 3940 3486 4013 legis
3517 3943 3611 3999 ob-

2035 4028 2272 4082 servatio
2323 4033 2425 4082 est.
2484 4027 2776 4082 Possumus
2832 4036 3011 4082 autem
3064 4043 3131 4083 ex
3181 4029 3282 4084 hac
3327 4047 3608 4102 compara-

2037 4121 2182 4176 tione
2212 4119 2379 4175 etiam
2423 4129 2639 4176 nostros
2685 4120 2737 4174 in
2789 4119 3028 4175 Ecclesia
3059 4135 3431 4188 commouere,
3462 4125 3611 4181 verbi

2037 4226 2196 4266 causa
2229 4229 2241 4263 :
2276 4211 2320 4266 si
2351 4212 2591 4266 dicamus
2618 4211 2672 4266 in
2715 4212 2974 4282 prmputio
3000 4212 3175 4267 adhuc
3203 4228 3324 4269 esse
3361 4216 3614 4271 catechu-

2039 4316 2224 4356 menos
2253 4311 2346 4354 aut
2371 4303 2534 4356 etiam
2563 4302 2806 4372 gentiles,
2833 4311 2887 4357 et
2911 4303 3258 4359 circumcisus
3284 4320 3404 4361 esse
3430 4306 3611 4363 fideles

2039 4410 2134 4466 per
2170 4395 2396 4464 gratiam
2444 4395 2716 4464 baptismi.
2759 4394 2815 4448 Si
2847 4409 2975 4465 ergo
3017 4396 3474 4461 catechumenus,
3519 4401 3610 4469 qui

2038 4487 2274 4541 nondum
2316 4499 2415 4555 per
2453 4484 2679 4556 gratiam
2704 4483 2900 4538 lavacri
2933 4485 3283 4540 circumcisus
3309 4495 3408 4549 est,
3443 4486 3611 4559 legem

2037 4575 2239 4631 Chri.ti
2297 4583 2509 4638 servet,
2562 4572 2802 4642 justitias
2870 4581 2925 4627 et
2992 4574 3244 4629 mandata
3311 4577 3610 4641 custodiat,

2037 4682 2217 4721 nonne
2242 4681 2308 4722 ex
2331 4663 2956 4735 comparationejudicat
2981 4681 3102 4720 eum
3149 4667 3238 4736 qui
3273 4667 3443 4724 fidelis
3483 4667 3614 4725 dici-

2034 4764 2122 4812 tur
2145 4767 2200 4812 et
2226 4766 2492 4827 praecepta
2519 4771 2622 4810 non
2651 4763 2828 4810 servat
2856 4769 2919 4811 ae
2942 4755 3111 4824 legem
3139 4753 3339 4811 Christi
3366 4765 3422 4811 et
3465 4773 3616 4812 mau-

2036 4849 2160 4903 data
2195 4847 2527 4904 contemnit?
2554 4847 2794 4915 Denique
2820 4855 2876 4901 et
2917 4847 3029 4917 ipse
3066 4846 3325 4901 Dominus
3355 4847 3567 4902 dicebat
3597 4867 3609 4902 :

2044 4937 2242 5010 Regina
2265 4939 2445 4993 Austri
2473 4948 2645 5008 surget
2680 4940 2732 4992 in
2757 4939 2963 5008 judicio
2991 4955 3108 4991 cum
3133 4939 3462 5009 generatione
3493 4940 3610 5004 hac,

2041 5038 2086 5081 et
2114 5028 2473 5082 condemnabit
2502 5044 2638 5090 eam,
2661 5029 2784 5096 quia
2813 5028 2946 5080 venit
2975 5044 3007 5079 a
3033 5025 3224 5094 ﬁnibus
3251 5035 3403 5080 terrm
3431 5027 3616 5082 audire

2041 5118 2348 5188 sapientiam
2377 5116 2671 5172 Salomonis
2705 5116 2918 5186 (Matth.
2953 5116 3070 5186 xtl).

2113 5208 2236 5262 Non
2277 5209 2414 5262 enim
2445 5210 2533 5279 qui
2564 5209 2617 5261 in
2642 5208 2916 5276 manifesto
2941 5207 3160 5261 Juda'us
3187 5219 3283 5272 est,
3317 5225 3477 5278 neque
3501 5227 3616 5280 qua:
3659 5207 3672 5216 ”

2042 5299 2218 5369 palam
2237 5300 2292 5352 in
2311 5314 2467 5353 carne
2486 5298 2830 5361 circumcisio,
2855 5298 2944 5350 sed
2967 5298 3055 5368 qui
3081 5299 3134 5351 in
3161 5300 3363 5352 occulto
3397 5299 3617 5355 Judwus

2043 5399 2140 5454 est,
2169 5400 2218 5444 et
2240 5389 2566 5443 circumcisio
2590 5389 2760 5442 cordis
2791 5405 2844 5440 in
2873 5389 3076 5457 spiritu,
3103 5404 3205 5442 non
3241 5388 3432 5451 littera,
3465 5389 3616 5460 cujus

2042 5478 2158 5532 laus
2185 5495 2286 5533 non
2323 5493 2388 5532 ea:
2427 5477 2740 5540 hominibus,
2783 5478 2873 5531 sed
2900 5493 2966 5532 ea:
2997 5476 3102 5532 Deo
3127 5487 3221 5532 est.
3254 5477 3437 5549 (Aug.)
3465 5478 3619 5546 Quod

2043 5581 2222 5626 autem
2258 5570 2407 5633 dicit,
2453 5569 2658 5638 spiritu,
2691 5584 2792 5622 non
2829 5568 3020 5633 littera,
3051 5569 3154 5623 hoc
3204 5577 3288 5623 est
3331 5576 3390 5623 ut
3423 5585 3619 5625 secun-

2043 5665 2168 5718 dum
2197 5662 2464 5735 spiritum,
2491 5675 2594 5714 non
2619 5660 2910 5716 secundum
2937 5660 3078 5730 quod
3109 5661 3270 5714 habet
3303 5659 3502 5728 littera,
3527 5660 3611 5714 lex
