3998 6202
408 284 573 342 T527

1049 280 1129 336 Β.
1172 280 1421 339 MBAN]
1459 280 1679 339 MAURI
1717 279 2037 337 ARCHIEP.
2079 279 2389 337 MOGUN'I'.
2429 277 2713 336 OPERUM
2750 277 2929 334 PARS
2965 275 3052 335 ιη.

3554 280 3690 340 1328

419 396 786 472 intelligatur,
821 402 962 468 quod
990 398 1250 468 contingit
1282 399 1390 454 illis
1422 398 1514 469 qui
1541 398 2007 454 circumcisionem
2036 402 2084 460 Α
2112 395 2205 450 sed
2231 394 2438 466 eloquia
2476 395 2595 450 Dei.
2627 395 2782 451 Unde
2813 396 2899 450 via
2941 395 3096 450 nobis
3130 394 3291 449 datur
3334 393 3688 466 intelligendi,

434 488 608 560 magis
628 486 915 545 carnaliter
940 503 1103 556 quam
1142 487 1456 556 spiritaliter
1474 495 1829 556 acceperunt;
1869 486 2011 556 quod

420 589 618 635 autem
660 578 809 641 dicit,
857 578 1009 648 cujus
1056 576 1173 632 laus
1218 594 1324 632 non
1363 593 1430 631 ea:
1462 576 1778 643 hominibus,
1817 576 1907 630 sed
1948 592 2014 629 ea;

432 669 568 735 Deo,
598 668 674 724 illi
704 667 952 723 convenit
1004 668 1147 736 quod
1194 675 1288 733 att,
1329 668 1421 738 qui
1466 668 1522 721 in
1564 676 1761 721 secreto
1790 666 2013 722 Judwus

424 772 528 819 est.
562 759 793 834 (Ambr.)
815 758 1040 815 Non-est
1063 760 1372 826 obscurum,
1402 759 1529 830 quia
1548 758 2012 814 circumcisionem

432 854 615 909 carnis
650 861 811 924 negat
843 852 1056 908 laudem
1096 852 1297 907 habere
1334 852 1475 922 apud
1510 852 1680 907 Deum
1720 851 1843 923 (nec
1866 852 2010 907 enim

420 944 704 999 Abraham
735 943 855 998 ideo
875 941 1203 1012 justilicatus
1237 948 1339 1005 est,
1363 940 1489 1011 quia
1531 940 1882 996 circumcisus
1906 947 2010 1005 est,

428 1035 526 1092 sed
562 1034 689 1106 quia
719 1034 949 1090 credidit
971 1032 1298 1103 justifieatus
1325 1043 1426 1097 est,
1457 1040 1643 1101 postea
1686 1040 1867 1087 autem
1904 1031 2014 1087 cir—

431 1124 702 1181 cumcisus
720 1121 847 1194 est),
877 1123 1055 1177 cordis
1077 1130 1256 1176 autem
1270 1121 1747 1177 circumcisionem
1770 1121 2013 1176 laudabi-

425 1218 539 1275 lem
575 1231 696 1273 esse
734 1216 877 1286 apud
916 1216 1108 1271 Deum.
1144 1214 1542 1270 Circumcidere
1567 1217 1712 1269 enim
1748 1228 1866 1278 cor,
1895 1228 2013 1268 am-

420 1315 614 1379 putato
637 1320 844 1372 errore,
866 1319 1161 1375 agnoscere
1188 1312 1271 1359 est
1297 1304 1607 1360 Creatorem
1629 1310 1726 1366 ;-et
1752 1303 1879 1372 quia
1903 1302 2011 1357 cir-

426 1397 689 1455 cumcisio
731 1396 911 1451 cordis
964 1395 1144 1450 futura
1190 1404 1336 1462 erat,
1384 1394 1591 1466 primus
1633 1394 1843 1465 Moyses
1885 1393 2005 1447 ait:

421 1488 797 1546 Circumcidise
820 1487 1068 1542 duritiam
1097 1487 1271 1542 cordis
1293 1489 1445 1541 vestri
1468 1486 1647 1559 (Deut.
1669 1486 1756 1558 x);
1785 1494 1841 1541 et
1860 1484 2009 1541 lere-

422 1593 568 1632 tutas
592 1576 873 1632 similiter:
906 1576 1276 1631 Circumcidite
1292 1577 1605 1647 prwputium
1645 1575 1816 1630 cordis
1856 1576 2008 1631 vestri

419 1666 563 1739 μεθ’.
598 1665 694 1739 tv).
725 1665 839 1725 Hoc
882 1667 1012 1723 dicit
1035 1665 1235 1723 Judmis
1260 1666 1399 1723 idola
1438 1667 1825 1736 sequentibus;
1863 1666 2006 1721 vela-

2111 487 2255 557 quod
2285 488 2370 542 his
2402 489 2493 559 qui
2533 487 2715 559 legunt
2748 496 2804 543 et
2854 503 2963 542 non
2990 486 3313 559 intelligunt,
3340 497 3399 544 et
3431 488 3693 560 leguutet

2112 593 2220 632 nou
2251 578 2508 644 credunt,
2555 578 2738 633 littera
2766 587 2877 633 sola
2909 577 2981 632 sit
3008 578 3214 634 credita
3246 578 3356 640 illa,
3392 579 3460 633 de
3483 595 3589 651 qua
3610 580 3695 636 di-

2111 667 2509 737 citApostolus,
2531 669 2656 738 quia
2679 667 2854 722 littera
2872 669 3058 722 occidit
3073 666 3128 739 (1
3131 668 3157 721 I
3176 667 3301 723 Cor.
3334 670 3452 735 tu);
3476 671 3694 741 eloquia

2111 764 2292 811 autem
2317 756 2411 811 Dei
2436 756 2542 811 illis
2569 756 2678 811 sint
2707 755 2936 821 credita,
2974 756 3065 825 qui
3106 756 3469 827 intelligentes
3491 768 3548 813 et
3575 774 3697 814 cre-

2112 851 2302 905 dentes
2320 850 2407 905 his
2429 866 2547 920 qua:
2566 848 2776 921 Moyses
2798 850 3037 920 scripsit,
3062 851 3289 905 credunt
3313 860 3369 904 et
3389 852 3610 907 Christo
3627 853 3691 909 si-

2112 951 2208 997 cut
2246 950 2301 997 et
2347 942 2603 996 Dominus
2637 941 2805 995 dicit:
2838 941 2991 1006 Quod
3022 941 3068 994 si
3102 939 3459 994 credidissem
3501 950 3548 995 et
3593 942 3696 1012 ipsi

2113 1030 2304 1101 Moysi,
2328 1031 2605 1085 crederetis
2628 1031 2806 1100 utique
2825 1039 2871 1083 et
2898 1029 3028 1082 mihi
3052 1046 3070 1082 :
3091 1029 3157 1082 de
3177 1044 3261 1083 me
3287 1029 3427 1082 enim
3451 1025 3544 1082 ille
3563 1030 3690 1082 seri-

2109 1121 2208 1191 psit
2253 1121 2433 1193 (Joan.
2476 1120 2552 1191 v).
2597 1119 2701 1175 Sed
2736 1127 2853 1175 esto
2884 1120 3082 1174 habeat
3115 1118 3348 1190 amplius
3378 1118 3610 1174 Judaeus
3643 1120 3695 1173 in

2110 1210 2328 1276 litteris,
2356 1211 2553 1266 habeat
2572 1210 2751 1280 aliqua
2777 1210 2831 1264 in
2859 1210 3092 1279 eloquiis
3118 1209 3232 1264 Dei.
3260 1208 3517 1279 Nunquid
3542 1211 3699 1280 peni-

2111 1309 2198 1355 tus
2219 1300 2575 1370 reliquerunt,
2604 1300 2658 1355 hi
2681 1301 2774 1370 qui
2797 1315 2864 1354 ex
2903 1302 3151 1370 gentibus
3171 1301 3398 1355 veniunt
3426 1304 3501 1355 ad
3532 1300 3695 1355 Chri—

2109 1401 2275 1456 stum,
2317 1407 2388 1446 an
2423 1401 2478 1446 et
2514 1392 2644 1462 ipsis
2671 1401 2757 1448 est
2788 1392 2879 1446 ubi
2909 1392 3159 1447 habitant
3182 1391 3388 1461 aliquid
3426 1392 3697 1462 amplius?

2106 1481 2247 1537 Audi
2274 1483 2556 1537 Dominum
2578 1482 2845 1537 dicentem
2866 1483 2935 1537 ad
2956 1482 3330 1538 centurionem
3355 1498 3422 1539 ex
3443 1483 3697 1551 gentibus

2110 1574 2417 1629 credentem
2450 1592 2462 1627 :
2493 1574 2654 1628 Amen
2683 1574 2803 1627 dico
2826 1574 2987 1638 vobis,
3019 1575 3144 1644 quia
3168 1591 3262 1629 nec
3279 1575 3335 1628 in
3372 1573 3546 1628 Israel
3567 1585 3695 1627 tau-

2110 1675 2217 1721 tam
2258 1666 2416 1736 ﬁdem
2454 1667 2625 1721 inveni
2670 1666 2822 1733 (Luc.
2860 1665 3000 1739 Vlll).
3038 1666 3168 1721 Vide
3194 1680 3326 1737 ergo
3353 1667 3443 1721 ubi
3478 1668 3695 1721 venitur

425 1771 553 1812 men
587 1762 671 1810 est
712 1755 855 1813 enim
882 1755 1029 1810 circa
1045 1770 1166 1821 cor,
1214 1756 1359 1826 quod
1399 1770 1694 1811 conversus
1723 1756 1801 1811 ad
1825 1754 2011 1810 Domi-
2037 1752 2085 1813 B
2113 1757 2181 1811 ad
2209 1755 2392 1821 tidem,
2421 1764 2681 1825 quantum
2719 1756 2949 1826 amplius
2977 1756 3212 1812 habeant
3233 1766 3441 1828 gentes,
3480 1758 3691 1827 dequi-

420 1865 559 1904 num
592 1847 958 1914 circumcidet,
989 1847 1116 1917 quia
1141 1847 1274 1904 ﬁdes
1299 1848 1474 1902 aufert
1508 1847 1760 1904 nebulam
1784 1847 2007 1912 erroris,

427 1949 484 1995 et
532 1939 720 1995 tribuit
766 1938 1060 2009 perfectam
1103 1937 1199 1993 Dei
1244 1937 1605 2009 cognitionem
1648 1938 1705 1992 in
1753 1937 2010 2009 mysterio

423 2041 629 2091 sancta:
658 2030 955 2094 Trinitatis,
993 2031 1137 2101 quod
1184 2030 1515 2100 incognitum
1546 2037 1667 2084 erat
1708 2044 1740 2083 a
1777 2027 2005 2084 saeculis.

412 2122 598 2195 illujus
622 2138 751 2196 ergo
788 2121 1218 2179 circumcisionis
1252 2122 1371 2176 laus
1404 2136 1473 2177 ex
1507 2121 1619 2177 Deo
1661 2130 1767 2187 est,
1797 2120 2007 2178 occulta

404 2214 764 2281 hominibus;
790 2212 969 2269 cordis
991 2213 1136 2268 enim
1164 2213 1440 2279 meritum,
1462 2212 1606 2284 quod
1633 2212 1824 2283 aspicit
1841 2213 2006 2278 Deus,

423 2321 532 2359 non
566 2305 765 2361 carnis.
796 2303 927 2360 Nam
955 2304 1261 2361 Judaeorum
1296 2303 1413 2361 laus
1443 2319 1512 2359 ex
1542 2304 1848 2359 hominibus
1873 2313 1958 2359 est
1988 2319 2003 2357 :

404 2395 723 2465 (gloriantur
747 2395 889 2451 enim
912 2395 968 2450 in
996 2395 1177 2450 carnis
1198 2394 1632 2459 circumcisione,
1659 2394 1801 2465 quod
1824 2408 1890 2449 ex
1916 2408 2009 2465 pa-

420 2486 599 2541 tribus
626 2485 727 2553 sit;
757 2484 901 2543 unde
931 2485 1073 2541 inter
1091 2493 1282 2542 extera
1310 2485 1386 2540 ait
1410 2502 1424 2539 :
1449 2484 1519 2538 Et
1542 2484 1712 2556 gloria
1732 2484 1787 2539 in
1806 2487 2007 2554 puden-

420 2577 508 2633 dis
535 2593 716 2632 eorum
741 2578 831 2651 qui
855 2587 1058 2632 terrena
1081 2577 1289 2648 sapiunt
1314 2575 1482 2650 (Phil.
1507 2576 1617 2650 tu),
1644 2577 1747 2632 hoc
1773 2585 1889 2642 est,
1912 2577 2004 2647 qui

408 2668 887 2725 circumcisionem
909 2667 1090 2723 carnis
1114 2667 1336 2738 gloriam
1362 2674 1554 2738 putant
1578 2685 1592 2722 :
1618 2675 1831 2721 terrena
1857 2666 2004 2722 enim

424 2760 565 2832 sapit
593 2759 685 2829 qui
713 2759 767 2814 in
797 2773 963 2815 carne
989 2757 1280 2829 gloriatur;
1308 2757 1401 2828 qui
1430 2772 1562 2812 vero
1583 2756 1638 2812 in
1662 2756 1854 2827 spiritu
1884 2755 2003 2827 glo-

421 2852 614 2917 riatur,
666 2847 825 2920 hujus
874 2849 992 2906 laus
1039 2864 1107 2905 ex
1157 2848 1270 2906 Deo
1314 2856 1430 2917 est;
1462 2847 1653 2919 spiritu
1696 2847 1842 2903 enim
1894 2862 2004 2902 non

2109 1848 2210 1903 bus
2229 1847 2335 1902 alio
2357 1847 2476 1903 loco
2500 1848 2758 1903 Dominus
2784 1849 2952 1904 dicit:
2988 1848 3126 1915 Quia
3154 1852 3354 1905 ueniat:
3374 1850 3440 1905 ab
3470 1852 3693 1915 oriente,

2106 1946 2156 1992 et
2184 1937 2484 2004 occidente,
2511 1947 2559 1992 et
2592 1956 2625 1993 a
2652 1948 2882 2010 quatuor
2915 1942 3075 1994 uentis
3098 1949 3271 2005 teme,
3306 1952 3355 1996 et
3391 1942 3693 1996 recumbat

2108 2044 2227 2081 cum
2262 2027 2546 2094 Abraham,
2574 2038 2621 2083 et
2664 2028 2843 2095 Isaac,
2885 2040 2936 2085 et
2957 2030 3123 2085 Jacob
3151 2032 3206 2084 in
3239 2049 3398 2102 regno
3423 2032 3557 2095 Dei;
3593 2034 3696 2101 ﬁlii

2106 2129 2281 2174 autem
2314 2120 2457 2189 regni
2483 2120 2760 2189 ejicientur
2793 2122 2850 2175 in
2889 2122 3128 2177 tenebras
3157 2123 3442 2179 exteriores
3470 2122 3690 2194 (Hattlt.

2106 2210 2203 2278 vr).
2254 2210 2355 2267 Ubi
2402 2226 2531 2282 ergo
2566 2212 2632 2266 ad
2690 2211 2837 2284 leges
2863 2214 3081 2268 venitur
3111 2221 3169 2269 et
3215 2214 3444 2281 litteras,
3489 2214 3698 2271 habent

2105 2300 2276 2357 Judaei
2325 2300 2554 2371 amplius
2608 2301 2836 2356 multum
2882 2317 2981 2373 per
3022 2317 3240 2358 omnem
3287 2302 3565 2357 modum:
3602 2305 3695 2359 ubi

2105 2405 2236 2447 vero
2262 2390 2482 2446 venitur
2507 2392 2573 2447 ad
2609 2392 2791 2459 ﬁdem,
2816 2402 2874 2447 ut
2897 2408 2961 2448 ex
2989 2395 3397 2463 comparatione
3432 2395 3692 2461 dixerim,

2104 2480 2307 2537 habent
2338 2481 2569 2551 amplius
2595 2491 2782 2554 gentes
2837 2483 3062 2538 multum
3088 2500 3185 2554 per
3205 2499 3423 2540 omnem
3444 2487 3692 2541 modum.

2104 2571 2508 2642 Requirendum
2530 2589 2663 2629 sane
2686 2582 2789 2641 est,
2821 2574 2865 2630 si
2896 2574 3059 2631 etiam
3082 2574 3373 2631 Samaritis
3399 2577 3695 2632 dicendum

2105 2670 2190 2720 est
2209 2663 2401 2733 primis
2425 2664 2629 2720 credita
2657 2680 2779 2721 esse
2799 2664 3012 2735 eloquia
3038 2666 3152 2731 Dei,
3180 2667 3439 2737 quoniam
3466 2667 3693 2738 quidem

2104 2754 2269 2811 etiam
2297 2755 2438 2825 apud
2466 2754 2611 2826 ipsos
2641 2755 2727 2810 lex
2757 2754 2926 2827 Moysi
2958 2757 3164 2811 servari
3190 2757 3426 2813 videtur.
3452 2757 3566 2813 Sed
3590 2757 3697 2813 illis

2104 2859 2207 2917 ego
2227 2860 2296 2900 ne
2321 2845 2491 2916 ipsam
2520 2846 2738 2916 quidem
2762 2846 3023 2914 litteram,
3051 2862 3173 2916 qua:
3190 2848 3445 2903 occidere
3463 2849 3705 2913 dicitur,

2102 2937 2363 2992 creditam
2394 2936 2653 3004 dixerim,
2694 2938 2827 2993 dicit
2851 2937 2996 2994 enim
3036 2939 3104 2994 de
3133 2939 3216 2994 eis
3244 2942 3517 3010 propheta
3548 2958 3563 2993 :
3600 2938 3697 2995 Ver

1041 3031 1268 3089 CAPUT
1296 3031 1381 3088 ΙΙΙ.
2031 3087 2068 3099 Α
2102 3027 2185 3083 Itis
2216 3029 2306 3099 qui
2332 3039 2582 3099 spernunt
2607 3038 2834 3083 montem
2867 3028 3021 3095 Sion,
3047 3039 3097 3084 et
3130 3032 3404 3099 conﬁdunt
3436 3033 3493 3085 in
3518 3042 3695 3086 manu

420 3151 658 3209 Ostendit
709 3152 765 3204 in
811 3165 914 3220 quo
959 3148 1139 3220 ,ἔτιᾴωὶ
1186 3156 1348 3220 erant_
1381 3146 1671 3220 gentilibus;
1718 3145 1995 3220 meliores.
2025 3087 2070 3148 Ο
2102 3119 2363 3220 ἕαξπξπίξε
2396 3121 2576 3188 Mm"
2606 3120 2705 3220 πῖθ’
2735 3120 2841 3191 Ῐρεί
2878 3122 3076 3220 (ιυίιξυθ
3102 3137 3161 3177 δε
3193 3122 3462 3220 ξιίςιιοθρ
3490 3123 3693 3220 “utilis

468 3223 715 3292 .probans
745 3209 852 3274 tam
885 3218 1101 3290 gentiles
1123 3233 1281 3288 quam
1313 3209 1532 3271 Judwos
1561 3217 1793 3288 indigere
1828 3217 2001 3287 gratia
2102 3211 2195 3267 Dei
2227 3209 2435 3265 faciunt
2472 3211 2818 3281 repudiantes
2847 3212 3159 3283 prophetas.
3192 3213 3298 3269 Sed
3324 3224 3382 3269 et
3418 3215 3693 3272 haereticis

490 3292 708 3345 Christi.
2099 3301 2193 3372 qui
2238 3301 2577 3372 iniquitatem
2608 3301 2902 3372 loquuntur
2937 3304 2993 3359 in
3034 3304 3329 3372 excelsum,
3359 3315 3418 3361 et
3445 3308 3541 3376 qui
3585 3307 3692 3362 im-

2097 3394 2299 3464 pietate
2329 3408 2425 3448 sua
2454 3392 2703 3449 dividunt
2729 3394 2990 3450 unitatem
3020 3394 3271 3463 deitatis,
3299 3405 3356 3453 et
3386 3398 3482 3468 qui
3514 3398 3689 3469 legem

423 2957 587 2997 carne
616 2941 873 3009 creditur.

476 3400 637 3468 .Quid
665 3400 803 3455 enim
825 3397 1051 3468 amplius
1077 3406 1152 3451 est
1170 3395 1205 3449 .1
1212 3396 1385 3463 udwo,
1409 3404 1501 3451 aut
1525 3411 1642 3467 qute
1667 3394 1869 3451 utilitas
1891 3397 1998 3450 cir-

400 3490 785 3549 .-cumcisionis?
835 3488 1063 3544 Multum
1100 3503 1205 3559 per.
1232 3503 1438 3541 omnem
1480 3486 1717 3543 modum.
1756 3483 1998 3541 Primum
2099 3484 2167 3540 ab
2202 3483 2511 3555 Evangeliis
2529 3494 2827 3554 separant,
2883 3500 2991 3541 non
3037 3487 3267 3543 dixerim
3314 3491 3519 3544 credita
3566 3506 3691 3547 esse

397 3584 627 3656 quidem
665 3582 789 3655 quia
820 3580 1021 3637 credita
1060 3590 1180 3634 sunt
1221 3577 1329 3633 illis
1366 3576 1572 3649 eloquia
1599 3576 1720 3632 Dei.
1761 3577 1998 3651 (Ambr.)
2098 3573 2309 3642 eloquia
2346 3572 2465 3637 Dei,
2488 3586 2588 3642 pro
2625 3587 2691 3627 eo
2718 3574 2861 3643 quod
2891 3574 3073 3628 divina
3106 3575 3365 3644 apudeos
3410 3577 3689 3633 volumina

420 3677 558 3744 Quia
585 3690 706 3730 cum
739 3672 905 3728 multa
937 3672 1047 3728 sint
1072 3685 1195 3741 qua:
1217 3669 1287 3725 ad
1310 3668 1779 3726 honoriﬁcentiam
1806 3675 1862 3724 et
1889 3685 2002 3725 me—
2099 3662 2267 3734 relegi
2299 3661 2566 3717 videntur.
2598 3660 2707 3717 Sed
2731 3663 2857 3733 quia
2885 3663 3021 3717 nihil
3048 3664 3105 3719 iu
3138 3664 3224 3719 his
3250 3667 3498 3721 sentiunt
3524 3670 3690 3738 spiri-

394 3769 597 3824 .ritum.
617 3764 1173 3838 pertincautiseminis
1198 3762 1450 3829 Abrahm,
1483 3762 1588 3817 hoc
1617 3773 1798 3817 tamen
1820 3761 1999 3817 solum
2100 3755 2229 3820 tale,
2253 3754 2389 3810 nihil
2422 3752 2533 3809 Deo
2560 3753 2779 3826 dignum
2796 3795 2813 3821 ,
2843 3754 3015 3811 solam
3038 3755 3179 3827 apud
3202 3773 3299 3813 eos
3331 3774 3455 3827 qua:
3481 3762 3690 3816 occidit

2098 3846 2287 3901 haberi
2334 3846 2570 3901 litteram
2601 3845 2855 3901 dixerim.
2886 3845 3085 3901 Verum
3115 3848 3162 3902 si
3192 3848 3334 3903 forte
3355 3846 3532 3905 Judaei
3565 3850 3686 3905 nol-

2099 3940 2213 3995 lent
2251 3940 2495 4011 recipere
2519 3938 2763 4009 Apostoli
2819 3938 2994 3995 nostri
3028 3941 3353 3996 sententiam
3382 3982 3400 4008 ,
3436 3957 3563 4011 qua
3599 3944 3687 3997 di-

2099 4034 2174 4087 cit
2200 4032 2325 4100 quia
2365 4030 2546 4085 littera
2573 4029 2706 4100 legis
2731 4029 2954 4096 occidit,
2987 4037 3045 4085 et
3077 4029 3329 4098 injuriam
3357 4041 3556 4102 putant
3582 4034 3688 4103 legi

2098 4127 2237 4192 ﬁeri,
2265 4128 2310 4182 si
2337 4126 2632 4181 secundum
2655 4126 2891 4180 litteram
2919 4127 3102 4195 sperni
3137 4127 3404 4194 videatur,
3437 4140 3686 4186 reverta-

2098 4232 2220 4272 mur
2259 4217 2327 4271 ad
2356 4216 2529 4285 ipsum
2564 4214 2805 4288 Moysen,
2834 4224 2891 4271 et
2911 4216 3193 4273 videamus
3222 4218 3336 4288 ipse
3359 4233 3528 4288 quam
3573 4236 3689 4274 ma-

2097 4321 2254 4376 gnam
2276 4303 2472 4361 fecerit
2495 4305 2732 4361 litteram
2760 4305 2919 4375 legis,
2943 4306 3036 4377 qui
3060 4322 3182 4362 cum
3204 4309 3506 4378 accepisset
3533 4312 3687 4365 tabu—

2099 4397 2179 4452 las
2221 4397 2479 4468 lapideas,
2524 4398 2815 4468 inscriptas
2843 4398 3011 4469 digito
3041 4398 3161 4464 Dei,
3202 4409 3415 4455 tantum
3457 4403 3685 4459 honoris

2096 4489 2290 4545 detulit
2331 4489 2522 4544 littera:
2566 4489 2720 4559 legis,
2763 4497 2825 4544 ut
2859 4489 3148 4560 projiceret
3183 4491 3250 4545 de
3286 4493 3543 4550 manibus
3570 4496 3683 4550 suis

2095 4583 2326 4649 tabulas,
2362 4589 2416 4639 et
2445 4582 2841 4638 comminueret
2865 4581 3082 4652 quidem
3107 4582 3277 4655 digito
3301 4583 3396 4640 Dei
3419 4586 3680 4657 scriptas,

2092 4689 2196 4730 nec
2223 4682 2430 4729 tantum
2460 4688 2559 4744 pro
2580 4673 2683 4729 hoc
2707 4672 3002 4744 impietatis
3029 4673 3183 4744 culpa
3209 4683 3432 4732 notatus
3461 4678 3554 4732 sit.
3588 4680 3681 4735 Vt"-

2094 4766 2190 4821 des
2231 4782 2361 4837 ergo
2397 4767 2541 4835 quod
2576 4781 2684 4820 non
2727 4764 2897 4820 solum
2940 4764 3140 4821 Paulus
3179 4767 3391 4837 spernit
3438 4769 3679 4827 litteram

417 3868 608 3932 aperte
635 3866 919 3923 memorat,
946 3856 1072 3928 quia
1109 3854 1361 3910 maximae
1379 3852 1568 3909 laudis
1591 3868 1779 3909 eorum
1801 3860 1907 3920 est,
1938 3861 2001 3907 ut

418 3954 587 4025 legem
614 3966 711 4024 per
752 3946 1285 4019 quamaddisrerent
1319 3951 1528 4000 rectum
1555 3960 1586 3999 a
1602 3958 1866 4013 perverso
1894 3944 2000 4001 dis-

393 4046 684 4115 .tinguere,
722 4039 869 4111 digni
905 4036 1284 4107 iudicarentur
1317 4036 1581 4106 accipere,
1622 4042 1684 4090 ut
1715 4044 1841 4105 post
1893 4038 1999 4092 hoc

398 4134 648 4205 primum
662 4141 859 4187 caetera
882 4127 1062 4199 qualia
1083 4125 1435 4196 sint,,possiut
1459 4123 1708 4195 intelligi.
1731 4123 1996 4192 Quoniam

415 4233 596 4279 autem
644 4221 843 4277 Judazis
892 4218 1220 4282 carualibm,
1272 4215 1325 4271 id
1369 4224 1454 4272 est
1500 4215 1814 4282 incredulis,
1856 4216 1997 4271 nihil

392 4317 678 4388 ,prolicerc
722 4313 1089 4371 testimonium
1120 4310 1334 4381 generis
1368 4311 1630 4378 ostendit,
1672 4326 1743 4367 ne
1782 4326 1994 4377 omnes,

411 4407 466 4463 id
492 4414 602 4472 est,
647 4414 702 4459 ct
731 4404 1013 4459 credentes
1053 4401 1191 4456 male
1223 4408 1487 4457 tractasse
1509 4402 1804 4468 videretur,
1836 4402 1995 4457 docet

411 4496 638 4555 multum
664 4495 793 4550 utile
817 4509 939 4548 esse
973 4492 1172 4549 Judaeis
1191 4493 1535 4549 credentibus
1551 4532 1566 4559 ,
1588 4494 1718 4564 quia
1746 4493 1843 4548 ﬁlii
1865 4501 1992 4548 sunt

413 4588 665 4642 Abrahae.
703 4585 798 4640 llis
818 4585 960 4639 enim
993 4585 1205 4655 eloquia
1227 4585 1319 4640 Dei
1356 4595 1482 4641 sunt
1506 4586 1732 4654 credita,
1758 4588 1885 4642 dum
1909 4588 1988 4642 le-

412 4696 555 4751 gem,
585 4695 704 4749 quaz
734 4677 973 4748 peccatis
1010 4677 1287 4731 hominum
1315 4677 1677 4746 obsoleverat,
1709 4680 1865 4749 quasi
1890 4680 1990 4734 im-

412 4786 552 4842 pune
578 4777 897 4840 peccaretur
922 4767 1063 4836 apud
1107 4766 1299 4831 Deum,
1328 4768 1523 4823 merito
1554 4777 1768 4838 patrum
1811 4770 1987 4824 refor-

411 4869 610 4918 matam
637 4860 928 4931 accipiunt,
956 4866 1012 4913 et
1038 4857 1264 4928 populus
1288 4858 1383 4912 Dei
1411 4868 1689 4915 vocantur.
1719 4859 1989 4932 Egyptus
2093 4857 2249 4930 legis,
2271 4858 2363 4913 sed
2386 4857 2553 4913 multo
2576 4867 2707 4913 ante
2729 4874 2853 4914 eum
2879 4858 3086 4931 Moyses
3110 4868 3164 4914 et
3189 4861 3419 4930 sprevit,
3439 4871 3499 4918 et
3526 4864 3679 4933 abie-

412 4958 869 5024 quoqueproptcr
902 4948 1128 5017 injurias
1157 4947 1369 5003 illorum
1406 4948 1634 5005 diversis
1659 4949 1832 5022 plagis
1863 4967 1991 5022 ρετ-ι
2095 4953 2191 5019 cit,
2213 4963 2269 5007 et
2288 4952 2542 5007 contrivit
2562 4951 2768 5007 litteras
2784 4951 2939 5023 legis,
2960 4953 3061 5007 hoc
3081 4952 3199 5008 sine
3223 4953 3390 5009 dubio
3407 4954 3524 5025 jam
3551 4965 3680 5014 tunc

410 5046 632 5109 cutitur,
684 5042 893 5099 etulein
942 5056 1079 5112 pane
1122 5040 1395 5105 cibantur,
1442 5041 1694 5098 omnibus
1740 5046 1991 5115 gentibus
2092 5042 2415 5111 designans,
2446 5040 2589 5111 quod
2624 5041 2798 5097 honor
2823 5050 2878 5097 et
2919 5043 3092 5097 virtus
3121 5041 3254 5115 legis
3281 5061 3390 5100 non
3428 5059 3575 5104 esset
3625 5052 3678 5105 in

412 5136 606 5192 terrori
654 5144 800 5198 sunt,
850 5140 1083 5188 testante
1128 5132 1230 5186 hoc
1260 5131 1412 5188 Raab
1448 5132 1734 5189 meretrice
1758 5153 1771 5188 :
1794 5136 1991 5205 quibus
2091 5133 2306 5198 litteris,
2337 5135 2430 5190 sed
2460 5136 2513 5188 in
2541 5133 2751 5205 spiritu.
2778 5132 2883 5189 Sed
2904 5144 2958 5188 et
2990 5134 3246 5190 Dominus
3274 5137 3328 5191 in
3358 5136 3676 5210 Evangelia,

410 5228 573 5282 etiam
622 5225 871 5280 Salvator
912 5222 1160 5279 Christus
1211 5223 1279 5277 ad
1333 5224 1817 5283 sanetilicalionem
1860 5245 1989 5299 pro-
2092 5241 2218 5281 cum
2242 5227 2381 5283 dicit
2405 5227 2473 5283 ad
2497 5226 2718 5283 Iudaeos
2742 5243 2758 5281 :
2785 5226 3073 5297 Auferetur
3095 5242 3129 5281 a
3154 5225 3297 5279 vobis
3314 5241 3538 5294 regnant
3562 5225 3681 5291 Dei,

409 5318 611 5371 missus
635 5323 738 5369 est.
766 5314 891 5368 ldeo
919 5314 1015 5378 ait,
1042 5317 1272 5367 multum
1293 5312 1427 5367 utile
1445 5312 1645 5371 Judaeis
1666 5335 1761 5388 per
1781 5336 1984 5376 omnem
2090 5328 2141 5374 et
2166 5321 2383 5375 dabitur
2395 5321 2541 5391 genti
2566 5320 2784 5390 facienti
2811 5318 3019 5389 {ructus
3043 5320 3157 5380 eius
3178 5317 3527 5390 (ισωωιι),
3542 5330 3681 5388 pulo

410 5406 650 5468 modum,
674 5404 797 5475 quia
824 5404 917 5458 lilii
964 5413 1090 5457 sunt
1109 5402 1339 5458 Abraha:
1369 5421 1382 5458 :
1407 5414 1811 5475 anteponuntur
1838 5412 1983 5466 enim
2090 5412 2231 5482 quod
2261 5426 2479 5466 sensum
2511 5409 2643 5479 legis
2679 5422 2898 5477 regnum
2931 5410 3023 5463 Dei
3066 5410 3281 5474 dixerit,
3326 5413 3420 5481 qui
3460 5414 3675 5470 ablatus

410 5495 679 5564 gentibus,
707 5496 801 5552 sed
841 5495 885 5549 si
924 5492 1172 5548 credunt.
1210 5492 1409 5566 (Orig.)
1442 5493 1551 5551 Sed
1578 5505 1634 5553 et
1665 5499 1768 5555 hoc
1811 5501 1983 5572 ipsum
2091 5511 2174 5559 est
2198 5500 2461 5566 aludznis,
2485 5499 2827 5554 manentibus
2844 5499 2983 5568 apud
3005 5499 3125 5554 illos
3146 5500 3276 5555 solis
3299 5501 3498 5559 liztcris
3517 5504 3670 5577 legis,

410 5583 557 5656 quod
596 5584 745 5649 dicit,
768 5585 892 5655 quia
926 5584 1125 5638 credita
1155 5594 1277 5638 sunt
1298 5583 1404 5639 illis
1423 5587 1629 5660 eloquia
1659 5590 1778 5658 Dei,
1803 5596 1983 5650 consi-
2088 5603 2145 5650 et
2178 5596 2335 5649 datus
2362 5601 2447 5647 est
2476 5592 2724 5663 gentibus
2750 5593 2839 5661 qui
2872 5600 3092 5661 possent
3119 5607 3216 5663 per
3242 5593 3404 5651 ﬁdem
3435 5595 3671 5654 fructum

396 5668 709 5730 durandum
735 5681 812 5726 est
839 5672 963 5744 quia
987 5689 1095 5728 non
1119 5674 1328 5730 dixerat
1352 5674 1558 5734 litteras
1581 5695 1700 5736 esse
1722 5683 1983 5752 creditas,
2089 5684 2311 5757 spiritus
2326 5681 2535 5740 tacere.
