3998 6202
312 358 453 417 1529

841 368 1395 434 ENARBATIONUM
1425 378 1492 433 IN
1532 380 1678 435 EPP.
1723 382 1928 439 PAULI
1961 384 2087 439 LIB.
2129 384 2191 440 ll.
2232 418 2300 426 —
2336 386 2404 442 IN
2439 386 2656 475 EPIS'I}
2696 390 2788 446 AD
2823 392 2989 450 R051.

3422 400 3560 455 1550
3582 414 3591 425 '

536 468 672 577 enim
690 479 735 577 si
755 481 967 577 quidam
989 483 1197 541 illorum
1216 505 1318 543 non
1340 490 1712 547 crediderunt?
1734 490 1787 547 Ν
1792 509 1887 547 un-
1920 498 1960 555 Α
1993 495 2225 551 minibus
2247 494 2443 552 dicitur
2459 516 2472 553 :
2489 468 2693 556 Fuisti:
2709 502 2991 573 aliquando
3012 504 3233 560 tenebra:
3250 505 3461 577 (Ephes.
3486 512 3583 577 v)..

307 567 438 637 quid
463 569 804 625 incredulitas
832 572 1044 629 illorum
1081 576 1241 646 ﬁdem
1270 579 1370 633 Dei
1393 583 1704 639 evacuabit?
1730 584 1883 639 absit.

312 660 549 731 (Ambr.)
590 660 729 728 Non,
760 664 952 734 inquit,
985 669 1110 737 quia
1134 670 1300 740 aliqui
1332 669 1637 729 Iudaeorum
1667 675 1889 732 credere

311 750 602 807 uoluerunt
643 769 765 824 qua:
800 755 942 811 Deus
970 760 1220 827 promisit
1247 760 1371 818 ﬁliis
1397 762 1651 831 Abrahae,
1685 766 1889 823 idcirco

309 841 748 912 pI-aejudicahitur
773 849 984 904 caeteris
1013 849 1212 907 Iudaeis
1232 867 1301 907 ne
1314 853 1457 925 digni
1487 856 1736 911 dicantur
1748 858 1892 913 acci-

311 949 441 1005 pere
462 938 607 1006 quod
636 939 886 1008 promisit
911 941 1052 996 Deus
1080 942 1348 1006 ﬁdelibus,
1374 945 1573 1017 quippe
1591 962 1714 1002 cum
1745 946 1905 1015 facta~

313 1027 387 1083 sit
424 1028 735 1099 promissio,
783 1040 844 1086 ut
878 1034 1221 1092 credentibus
1245 1035 1552 1107 proﬁceret.
1591 1038 1761 1109 Igitur
1782 1053 1892 1095 non

314 1119 631 1189 indignatus
656 1121 798 1178 Deus
835 1132 1057 1195 propter
1098 1126 1310 1182 illorum
1359 1128 1656 1197 perﬁdiam,
1688 1130 1744 1199 ω
1783 1138 1889 1197 est,

310 1208 640 1279 Judaeorum,
688 1214 838 1270 dabit
867 1215 1091 1286 reliquis
1140 1220 1480 1275 credentibus
1531 1221 1697 1276 vitam
1735 1231 1894 1276 teter-

312 1319 463 1371 nam,
515 1320 681 1375 quam
728 1307 979 1376 promisit
1024 1305 1258 1364 futuram
1304 1324 1403 1380 per
1452 1310 1611 1366 ﬁdem
1654 1310 1889 1378 Christi;

312 1396 439 1465 quia
468 1396 559 1465 qui
592 1411 700 1452 non
729 1398 1092 1466 crediderunt,
1130 1401 1231 1471 ipsi
1260 1417 1317 1457 se
1352 1401 1598 1474 indignos
1627 1403 1891 1469 fecerunt,

314 1489 432 1544 sine
477 1487 794 1561 prtejtudicio
831 1500 1165 1547 cmterorum.
1207 1491 1301 1548 liis
1345 1494 1501 1550 dictis
1548 1494 1896 1550 commendat

314 1580 602 1636 credentes
641 1580 877 1649 Judzeos,
918 1585 1043 1653 quia
1092 1585 1227 1640 nihil
1256 1586 1409 1642 obest
1452 1586 1540 1651 iis,
1576 1586 1701 1656 quia
1741 1585 1892 1641 multi

312 1686 382 1725 ex
434 1672 538 1729 illis
582 1674 806 1731 credere
847 1676 1157 1733 noluerunt.
1184 1678 1370 1734 Fidem
1400 1680 1493 1735 Dei
1520 1680 1604 1735 vel
1644 1696 1764 1736 eam
1807 1681 1892 1735 in-

314 1764 649 1837 telligimus,
700 1783 862 1839 quam
922 1769 1078 1825 ﬁdem
1130 1769 1293 1825 habet
1354 1771 1496 1828 Deus
1559 1773 1644 1829 his
1699 1773 1895 1845 quibus

1991 589 2130 645 Ecce
2186 592 2361 646 omnis
2408 591 2569 649 homo
2618 597 2885 663 mendax;
2938 597 3047 653 Deo
3096 612 3275 653 autem
3324 599 3521 655 dicitur
3547 620 3580 655 :.

1991 676 2144 749 Apud
2165 689 2215 735 te
2249 681 2368 751 fons
2400 684 2519 738 vita:
2554 694 2601 739 et
2641 686 2696 740 in
2729 684 2924 741 lumine
2961 697 3049 742 tuo
3078 688 3359 742 videbimus
3390 688 3565 745 lumen

1992 769 2164 841 (Psal.
2206 771 2410 845 xxxv);
2446 782 2502 829 et
2534 776 2658 845 quia
2711 776 2858 832 soius
2908 779 3048 833 Deus
3091 793 3276 844 verax,
3309 778 3583 850 quoniam.

1990 861 2133 916 Deus
2158 862 2251 916 lux
2277 873 2351 917 est
2374 873 2422 917 et
2457 865 2678 920 tenebrae
2708 868 2761 921 in
2788 885 2846 921 eo
2871 885 2972 923 non
2994 879 3110 924 sunt
3125 863 3467 934 ullaaUJoan.
3487 869 3527 942 ι)
3545 888 3579 938 ;-

1990 951 2237 1008 homines
2270 954 2531 1021 tenebrae,
2574 954 2717 1012 Deus
2745 956 2868 1023 lux;
2909 960 3068 1016 homo
3108 961 3338 1017 mendax
3362 1002 3378 1025 ,
3426 960 3568 1019 Deus

1991 1058 2188 1112 verax;
2223 1045 2439 1115 quando
2469 1046 2575 1101 erit
2619 1046 2781 1102 homo
2805 1063 2991 1116 verax,
3026 1050 3252 1106 accedite
3280 1050 3349 1104 ad
3378 1069 3495 1106 eum
3518 1059 3568 1106 et

1990 1133 2364 1192 illuminamini
2392 1133 2565 1209 (Psal.
2591 1139 2803 1211 xxxtn).
2828 1139 2941 1195 Hoc
2962 1155 3091 1211 ergo
3106 1141 3273 1197 voluit
3289 1139 3568 1214 Scriptura

1992 1240 2328 1299 monstrare,
2357 1233 2480 1303 quia
2511 1232 2687 1289 omnis
2713 1234 2897 1299 homo,
2921 1250 3144 1306 prorsus
3169 1237 3366 1302 omnis,
3392 1251 3583 1306 quan-v

1994 1333 2105 1379 tum
2137 1325 2205 1380 ad
2240 1324 2411 1396 ipsum
2438 1325 2707 1381 hominem
2731 1328 2997 1396 pertinet,
3028 1327 3260 1382 mendax
3286 1338 3401 1391 est;
3442 1343 3588 1382 nam.

1993 1432 2098 1473 non
2128 1426 2211 1473 est
2239 1416 2500 1483 mendax,
2544 1418 2647 1473 nisi
2685 1419 2750 1473 de
2778 1433 2875 1474 suo
2897 1458 2912 1484 ,
2942 1432 3039 1474 nec
3066 1418 3234 1474 habet
3260 1417 3464 1490 aliquid
3502 1417 3569 1473 de

1994 1527 2114 1578 suo,
2134 1512 2236 1568 nisi
2259 1520 2319 1567 ut
2342 1513 2412 1568 sit
2439 1513 2668 1569 mendax
2694 1528 2716 1567 ι
2733 1528 2835 1568 ιιοιι
2857 1513 2983 1584 quia
3009 1529 3114 1568 non
3135 1520 3315 1583 potest
3338 1527 3459 1569 esse
3482 1527 3573 1567 ve-

1994 1617 2089 1656 rax
2108 1643 2123 1669 ,
2157 1601 2251 1657 sed
2280 1601 2406 1673 quia
2441 1618 2549 1658 non
2574 1602 2637 1658 de
2663 1618 2759 1658 suo
2784 1603 2890 1658 erit
2917 1617 3113 1667 verax,
3151 1601 3272 1657 ideo
3302 1609 3362 1656 ut
3383 1601 3453 1657 sit
3480 1616 3585 1654 ιιι--

1997 1708 2093 1747 rax
2125 1711 2137 1747 :
2168 1690 2409 1760 Credidi,
2435 1702 2647 1765 propter
2672 1693 2810 1763 quod
2841 1691 3044 1746 locutus
3067 1708 3183 1746 sum
3213 1688 3385 1763 (Psal.
3421 1691 3596 1759 cxv),_

1999 1783 2124 1839 tolle
2146 1783 2222 1840 illi
2242 1783 2459 1852 credidi,
2498 1783 2665 1838 omnis
2695 1784 2848 1838 homo
2873 1783 3116 1838 mendax.
3140 1780 3279 1837 Cum
3298 1782 3442 1837 enim
3480 1796 3567 1837 re—

314 1857 487 1911 ονείιίῑ
522 1857 735 1927 eloquia
765 1874 898 1925 sua;
936 1861 1021 1917 νει
1047 1876 1165 1917 eam
1206 1862 1366 1919 ﬁdem
1398 1880 1504 1935 qua
1529 1866 1754 1921 (ἔτετίυηῑ
1779 1864 1888 1920 Deo
1922 1861 1963 1919 Β
1992 1875 2219 1932 cesserit
2250 1891 2281 1930 a
2320 1874 2548 1931 veritate
2578 1875 2690 1941 Dei,
2728 1874 3028 1930 remanebit
3058 1873 3113 1929 in
3144 1872 3421 1928 mendacio
3448 1887 3596 1938 suo,,

316 1947 373 2001 hi
411 1947 503 2016 qui
530 1949 614 2013 ,ab
650 1963 718 2004 eo
752 1950 966 2021 eloquia
1009 1952 1188 2007 divina
1220 1954 1539 2025 suscipiunt.
1573 1955 1892 2013 Commone-

314 2056 442 2096 mur
458 2056 618 2112 ergo,
649 2050 712 2098 ut
740 2042 1029 2101 inﬁdelitas
1055 2059 1242 2101 eorum
1264 2046 1355 2116 qui
1385 2046 1468 2102 vel
1500 2063 1606 2104 non
1632 2049 1896 2104 accedunt

315 2132 385 2189 ad
431 2132 612 2201 ﬁdem,
649 2135 739 2191 vel
754 2136 1009 2193 decidunt
1047 2153 1116 2195 ex
1151 2153 1235 2205 ea,
1259 2138 1304 2195 si
1331 2139 1472 2196 forte
1510 2141 1769 2197 irrideant
1794 2158 1895 2198 nos

314 2239 481 2296 opera
528 2225 650 2282 ﬁdei
696 2234 939 2298 agentes,
965 2228 1050 2285 vel
1095 2245 1218 2286 eum
1263 2230 1590 2304 jejuuamus,
1641 2234 1725 2288 vel
1771 2249 1894 2289 cum

315 2316 721 2374 misericordias
752 2319 999 2384 facimus,
1045 2318 1130 2376 vel
1169 2336 1293 2378 cum
1336 2322 1528 2378 studiis
1574 2332 1631 2379 et
1665 2324 1767 2395 legi
1801 2325 1897 2381 Dei

316 2421 543 2477 cperam
579 2409 772 2466 damus
804 2409 890 2466 vel
926 2411 1092 2467 etiam
1133 2426 1255 2467 cum
1283 2427 1379 2483 pro
1407 2415 1670 2486 martyrio
1694 2413 1897 2472 Christi

319 2506 591 2559 tonuenta
606 2497 933 2567 suﬁ’erimus,
956 2501 1364 2559 meminerimus
1386 2518 1618 2574 semper,
1637 2504 1763 2575 quia
1785 2505 1904 2560 inﬁ-

318 2588 516 2648 delitas
531 2605 722 2647 eorum
743 2590 901 2648 ﬁdem
922 2592 1020 2650 Dei
1040 2607 1161 2664 quae
1174 2595 1230 2650 in
1246 2593 1403 2650 nobis
1426 2603 1510 2651 est
1529 2609 1638 2651 non
1655 2605 1896 2652 evacuat.

390 2679 489 2736 Est
531 2682 669 2737 enim
696 2682 838 2738 Deus
863 2701 1041 2750 verax,
1073 2685 1242 2740 omnis
1270 2694 1448 2741 autem
1468 2686 1623 2743 homo
1652 2687 1898 2755 mendax,

318 2773 463 2830 sicut
495 2774 746 2846 scriptum
779 2784 890 2834 est:
915 2777 986 2836 Ut
1003 2776 1314 2849 justiﬁeeris
1334 2780 1399 2849 ,ἄη
1421 2779 1745 2835 sermonibus
1777 2781 1901 2847 tuis,

320 2875 371 2921 et
410 2867 623 2933 uineae,
649 2883 766 2922 cum
795 2867 1082 2939 iudicaris.
1126 2868 1196 2926 Ut
1220 2868 1531 2927 ﬁrmaretur
1567 2872 1711 2943 quod
1739 2886 1902 2944 supra

322 2960 476 3023 dixit,
514 2960 656 3030 quod
685 2960 826 3016 Deus
866 2961 923 3016 in
961 2962 1323 3032 promissione
1368 2978 1466 3019 sua
1495 2963 1669 3020 ﬁdelis
1697 2971 1808 3031 est,
1851 2972 1906 3020 et

321 3051 502 3108 omnis
531 3051 692 3107 homo
716 3050 971 3118 mendax,
1000 3051 1303 3124 exemplum
1326 3053 1700 3125 propheticum
1726 3054 1908 3111 subdit

321 3158 393 3199 ex
423 3142 632 3213 psalmo
669 3143 1143 3214 quinquagesimo,
1182 3160 1289 3215 quo
1313 3153 1369 3202 et
1390 3145 1564 3204 Deum
1585 3147 1766 3204 verbis
1792 3148 1905 3204 suis

317 3208 629 3305 iustiﬁcari,
685 3208 747 3289 et
804 3208 1077 3290 hominem
1130 3208 1450 3293 mendacem
1512 3208 1975 3295 incredulitatisC

324 3341 489 3382 causa
516 3325 767 3398 signavit.
786 3325 1087 3398 Utrumque
1114 3328 1259 3384 enim
1284 3328 1481 3401 legitur
1516 3330 1571 3386 in
1594 3329 1731 3386 libro
1746 3329 1902 3385 Psal-

325 3431 566 3483 mornm,
617 3417 745 3488 quia
780 3417 939 3473 Deus
951 3419 1130 3490 justus
1176 3427 1230 3475 et
1257 3434 1426 3476 verax
1476 3428 1580 3488 est,
1630 3429 1687 3477 et
1732 3422 1907 3477 omnis

324 3508 490 3564 homo
511 3508 765 3563 mendax.
798 3508 1110 3565 Mendaeem
1141 3510 1416 3567 hominem
1460 3511 1592 3567 dicit
1628 3512 1752 3568 dum
1800 3527 1908 3568 non

325 3597 501 3653 credit
534 3598 678 3668 quod
728 3598 979 3668 promisit
1015 3598 1188 3666 Deus;
1229 3614 1433 3673 negans
1466 3600 1608 3656 enim
1655 3601 1907 3656 daturum

325 3690 496 3745 Deum
522 3688 666 3760 quod
707 3690 975 3761 promisit,
1003 3691 1228 3747 mendax
1260 3701 1371 3759 est;
1409 3691 1591 3748 multis
1627 3707 1692 3747 ex
1731 3691 1910 3748 causis

328 3781 498 3837 Deum
525 3780 839 3863 mendacem
867 3783 1215 3851 pronuntiat,
1243 3783 1457 3854 quando
1483 3784 1765 3855 promissis
1795 3784 1910 3855 ejus

331 3888 437 3928 non
466 3872 662 3929 credit.
684 3871 854 3942 Igitur
878 3887 1094 3928 omnem
1116 3874 1388 3930 hominem
1420 3876 1733 3930 mendacem
1755 3875 1907 3940 dicit,

330 3968 424 4038 qui
453 3967 646 4024 diﬁidit
681 3965 750 4025 de
787 3969 1070 4038 promissis
1098 3967 1211 4023 Dei.
1243 3966 1476 4025 Maxime
1510 3977 1690 4023 tamen
1720 3966 1787 4023 ad
1812 3967 1909 4023 Ju-

333 4059 478 4114 dzeos
502 4060 606 4115 hoc
636 4061 887 4131 pertinet,
904 4073 1145 4130 quorum
1188 4072 1412 4113 causam
1442 4065 1638 4113 tractat
1664 4058 1767 4113 hoc
1791 4055 1911 4113 loco

331 4149 650 4220 Apostolus,
685 4153 774 4221 qui
801 4150 1046 4206 videntes
1073 4148 1346 4206 Christum
1364 4190 1378 4215 ,
1408 4157 1741 4219 negaverunt
1768 4149 1911 4204 hunc

332 4254 455 4295 esse
483 4254 643 4311 quem
668 4241 916 4312 promisit
942 4240 1104 4305 Deus,
1137 4254 1202 4294 ac
1226 4254 1324 4310 per
1344 4239 1446 4295 hoc
1472 4239 1761 4295 mendaces
1782 4253 1911 4309 pro-

334 4334 678 4390 nuntiantur:
697 4334 839 4390 Deus
851 4342 1030 4389 autem
1044 4348 1208 4389 verax
1222 4340 1323 4399 est,
1339 4334 1463 4405 quia
1479 4332 1911 4388 misitChristum

335 4426 473 4480 sicut
506 4425 776 4494 promisit.
800 4424 868 4479 Et
895 4425 974 4480 sie
1002 4424 1170 4479 vincit
1194 4440 1317 4480 cum
1339 4421 1635 4492 iudicatur,
1666 4425 1793 4495 quia
1816 4424 1913 4479 da-

334 4516 415 4572 bit
434 4516 576 4586 quod
595 4515 819 4571 daturus
833 4523 1063 4585 negatur
1085 4533 1100 4570 :
1131 4516 1258 4571 dum
1278 4517 1421 4571 enim
1449 4530 1555 4571 non
1577 4517 1627 4571 ei
1644 4516 1907 4584 creditur,

336 4607 568 4663 mendax
582 4607 874 4679 indicatur.
897 4606 989 4662 Ille
1007 4614 1187 4663 autem
1207 4623 1328 4663 cum
1352 4608 1445 4663 dat
1473 4609 1615 4680 quod
1642 4608 1916 4680 indicatur

337 4714 446 4754 non
468 4698 713 4764 daturus,
742 4699 928 4767 vincit,
957 4698 1249 4755 ostendens
1268 4714 1328 4754 se
1351 4714 1619 4766 veracem,
1641 4699 1788 4755 illum
1814 4715 1914 4754 au-

339 4798 446 4843 tem
474 4790 787 4845 mendaeem
809 4831 825 4857 ,
857 4790 948 4861 qui
990 4806 1096 4845 non
1131 4790 1303 4845 credit
1330 4790 1507 4847 verbis
1535 4790 1668 4861 ejus.
1701 4789 1916 4848 Videbit

338 4881 482 4934 enim
514 4878 608 4935 Dei
630 4879 821 4935 Filium
848 4881 903 4936 in
927 4879 1209 4951 majestate
1234 4896 1395 4951 quem
1418 4889 1612 4952 negat;
1639 4880 1841 4936 videbit
1861 4888 1918 4936 et

340 4971 525 5025 carnis
554 4973 1024 5039 resurrectionem,
1048 4980 1102 5027 et
1124 4971 1259 5027 sciet
1275 4971 1472 5028 vietam
1494 4987 1613 5027 esse
1633 4970 1915 5042 perﬁdiam

340 5060 724 5132 pollicitatione
763 5071 816 5117 et
859 5062 1085 5117 veritate
1115 5061 1210 5116 Dei
1259 5060 1461 5134 [Forte,
1505 5074 1603 5131 per
1623 5060 1781 5116 ﬁdem
1802 5060 1919 5132 pol-

341 5150 547 5206 licitam
567 5156 622 5205 et
645 5151 927 5206 veritatem
954 5151 1093 5224 Dei].
1127 5151 1261 5206 Nam
1285 5161 1340 5207 et
1362 5150 1609 5207 Christus
1630 5168 1755 5208 eum
1775 5151 1922 5222 judi-

342 5249 498 5297 catus
525 5248 630 5308 est,
653 5241 784 5297 vicit
812 5260 825 5295 :
853 5242 1035 5312 inique
1062 5244 1207 5297 enim
1232 5243 1445 5297 occisus
1466 5251 1570 5305 est,
1593 5250 1649 5296 et
1669 5258 1820 5296 reum
1845 5242 1923 5296 fe-

340 5330 416 5384 cit
438 5328 709 5384 diabolum
731 5344 890 5400 quem
911 5328 1025 5399 iam
1051 5346 1157 5386 non
1177 5331 1449 5400 peccando
1472 5340 1840 5400 superaverat,
1863 5342 1923 5387 ut

341 5421 581 5476 secundo
626 5422 805 5477 vietus
845 5424 1141 5489 amitteret,
1183 5438 1318 5492 quos
1357 5424 1573 5477 tenebat
1615 5423 1669 5476 in
1710 5422 1919 5488 inieris,

341 5511 447 5569 hoc
468 5521 590 5579 est,
624 5513 748 5583 quia
773 5514 948 5568 omnis
981 5514 1140 5568 homo
1174 5514 1423 5579 mendax,
1457 5513 1600 5568 Deus
1629 5520 1809 5568 autem
1837 5529 1925 5569 so-

345 5605 431 5661 lus
451 5620 643 5661 verax.
682 5605 822 5675 Ergo
852 5605 896 5661 si
935 5606 1079 5661 Deus
1107 5620 1273 5659 verax
1299 5613 1353 5660 et
1376 5603 1521 5660 solus
1542 5619 1727 5669 verax,
1750 5607 1926 5660 omnis

344 5709 529 5756 autem
575 5700 738 5755 homo
789 5700 1039 5764 mendax,
1088 5701 1229 5754 unde
1265 5700 1369 5755 erit.
1397 5699 1559 5754 homo
1586 5712 1749 5754 verax
1773 5739 1788 5765 ,
1822 5699 1924 5754 nisi

349 5790 641 5848 accesserit
674 5791 740 5846 ad
771 5806 900 5845 eum
920 5791 1007 5861 qui
1038 5804 1144 5845 non
1169 5798 1249 5846 est
1272 5789 1534 5846 mendax?
1562 5788 1801 5859 Denique
1829 5790 1925 5845 ho-

1993 1967 2248 2039 quoniam
2287 1966 2378 2038 qui
2418 1963 2649 2036 loquitur
2692 1964 3055 2029 mendacium,
3111 1961 3175 2016 de
3211 1978 3308 2016 suo
3345 1961 3576 2032 loquitur

1995 2058 2178 2131 (Joan.
2222 2056 2360 2130 vui).
2389 2055 2486 2111 Dic
2510 2070 2641 2126 ergo
2672 2072 2685 2108 :
2720 2052 2859 2120 Quid
2902 2053 3185 2107 retribuam
3216 2050 3440 2105 Domino
3478 2067 3572 2121 pro

1996 2148 2234 2204 omnibus
2274 2164 2391 2220 qua:
2434 2146 2671 2201 retribuit
2706 2144 2873 2199 mihi?
2900 2140 3070 2216 (Psal.
3105 2140 3251 2214 cxv.)
3281 2141 3337 2196 In
3376 2155 3595 2212 pavore-

1996 2240 2140 2295 enim
2167 2254 2288 2293 meo
2314 2237 2446 2305 dixi,
2473 2243 2528 2292 et
2546 2250 2732 2292 verum
2764 2234 2895 2299 dixi,
2925 2233 3094 2287 omnis
3125 2232 3278 2286 homo
3314 2230 3601 2292 mendax;

1998 2328 2093 2385 sed
2120 2327 2382 2384 retribuet
2401 2326 2533 2381 mihi
2555 2341 2661 2382 non
2681 2339 2895 2396 poenam
2922 2339 3017 2395 pro
3040 2322 3343 2386 mendacio,
3365 2320 3460 2376 sed
3480 2321 3577 2375 bo-

1998 2435 2126 2475 num
2146 2433 2247 2490 pro
2273 2416 2439 2484 malo,
2468 2425 2524 2473 et
2545 2415 2893 2489 justiﬁeando
2916 2415 3172 2486 impium,
3192 2412 3318 2469 fecit
3339 2413 3405 2467 de
3427 2426 3577 2467 men-

1999 2508 2133 2564 daee
2153 2523 2420 2563 veracem.
2446 2507 2560 2579 Ego
2580 2516 2755 2562 autem
2778 2506 2888 2560 dixi
2914 2506 2968 2559 in
2990 2505 3189 2560 επεὶ(ιεὶ
3209 2520 3323 2559 mea
3346 2516 3366 2555 :
3391 2500 3602 2557 Omnis.

1999 2599 2153 2653 homo
2186 2598 2432 2653 mendax.
2467 2597 2717 2652 Exstasin
2761 2608 3020 2668 pavorem
3053 2594 3203 2659 dicit,
3245 2606 3403 2663 quem
3429 2605 3577 2646 com-

2002 2689 2333 2745 minantibus
2368 2687 2833 2759 perseeutoribus,
2884 2694 2939 2743 et
2979 2682 3412 2756 impendentibus
3453 2695 3579 2753 pas-

2002 2779 2265 2844 sionibus,
2302 2779 2536 2834 humana
2581 2776 2869 2833 inﬁrmitas
2898 2776 3122 2848 patitur.
3161 2772 3273 2830 Hoc
3311 2773 3457 2829 enim
3496 2772 3580 2827 in-

2004 2874 2316 2946 telligimus,
2354 2873 2479 2944 quia
2511 2872 2565 2928 in
2593 2873 2700 2928 isto
2730 2871 2939 2943 psalmo
2958 2887 3061 2926 vox
3086 2880 3381 2942 martyrum
3413 2883 3582 2939 appa-

2005 2973 2122 3032 ret;
2170 2980 2295 3019 nam
2325 2963 2511 3020 etalio
2548 2963 2707 3019 modo
2737 2963 2933 3019 dicitur
2969 2960 3223 3026 exstasis,
3269 2975 3390 3014 cum
3426 2973 3585 3013 mens

2004 3072 2111 3112 non
2146 3071 2346 3127 pavore
2367 3054 2619 3122 alienata,
2661 3054 2761 3110 sed
2784 3053 2962 3125 aliqua
2990 3050 3343 3124 inspiratione
3371 3049 3577 3106 revela-

2006 3148 2168 3204 tionis
2197 3148 2532 3215 absumitur;
2567 3149 2895 3204 conterritus
2926 3146 3088 3212 enim,
3125 3144 3400 3216 perspexit
3424 3143 3597 3198 inﬁr-.

2006 3241 2247 3296 mitatem
2292 3256 2473 3305 suam,
2515 3247 2570 3296 et
2605 3240 2740 3295 vidit
2770 3255 2875 3296 non
2904 3239 2970 3294 de
2998 3254 3059 3295 se
3095 3237 3199 3293 sibi
3229 3252 3351 3293 esse
3378 3251 3582 3307 prresu-

2004 3330 2282 3387 mendum.
2325 3329 2596 3397 Quantum
2638 3330 2784 3385 enim
2814 3329 2880 3384 ad
2918 3330 3091 3401 ipsum
3113 3326 3385 3383 hominem
3412 3325 3584 3397 perti-

2006 3431 2100 3480 net
2125 3423 2355 3480 mendax
2379 3429 2482 3490 est,
2511 3421 2606 3480 sed
2628 3421 2801 3495 gratia
2825 3420 2922 3475 Dei
2948 3436 3112 3477 verax
3134 3416 3358 3474 etfectns
3377 3423 3458 3474 est
3475 3458 3488 3481 ,
3516 3431 3585 3471 ne

2005 3514 2278 3585 pressuris
2317 3513 2655 3569 inimicorum
2687 3511 2917 3578 cedens,
2954 3525 3061 3566 non
3100 3509 3414 3580 loqueretur
3437 3505 3582 3578 quod

2009 3603 2332 3671 crediderat,
2356 3604 2451 3660 sed
2467 3610 2711 3677 negaret,
2734 3602 2872 3658 sicut
2895 3603 3057 3657 Petro
3083 3600 3301 3666 accidit,
3326 3598 3587 3670 quoniam

2010 3694 2077 3749 de
2105 3709 2163 3749 se
2193 3701 2630 3765 prtesumpserat.
2656 3691 2888 3747 Proinde
2907 3690 3186 3746 verissime
3214 3689 3414 3744 dictum
3445 3695 3527 3741 est
3570 3704 3583 3740 :

2012 3783 2196 3840 Omnis
2241 3785 2394 3838 homo
2438 3783 2685 3838 mendax.
2729 3782 2785 3837 in
2839 3791 3042 3837 tantum
3079 3782 3223 3835 enim
3267 3794 3396 3834 non.
3428 3787 3607 3835 erunt'

2011 3858 2320 3937 mendaces,
2354 3874 2408 3928 in
2428 3881 2688 3944 quantum
2715 3889 2821 3928 non
2852 3881 3011 3928 erunt
3038 3872 3305 3936 homines,
3329 3870 3583 3942 quoniam

2011 3965 2084 4020 dii
2122 3972 2284 4019 erunt
2309 3972 2364 4018 et
2389 3962 2483 4018 ﬁlii
2521 3962 2804 4018 Altissimi.
2840 3959 2906 4016 υτ
2922 3959 3267 4032 justiﬁcen‘s,
3297 3957 3491 4027 inQuit,
3530 3959 3605 4012 in.

2012 4055 2470 4120 sermonibustuis,
2493 4065 2541 4109 et
2560 4053 2881 4110 vincasdum
2897 4051 3183 4123 judicaris.
3211 4049 3349 4119 Quid
3377 4055 3462 4103 est
3484 4049 3588 4103 hoc

2012 4151 2251 4208 futurum
2275 4150 2514 4223 iudicem
2536 4150 2923 4223 iudicandum?
2950 4148 3304 4205 Judicandum
3334 4163 3360 4202 a
3391 4161 3591 4218 pecca-

2013 4243 2222 4299 toribus
2245 4242 2452 4314 1ustum
2484 4252 2539 4298 et
2559 4243 2613 4298 in
2643 4258 2708 4298 eo
2732 4241 3035 4297 vincentem
3071 4257 3082 4293 :
3115 4238 3240 4309 quia
3263 4236 3393 4308 quid
3417 4237 3469 4290 in
3500 4235 3592 4292 illo

2012 4334 2361 4404 iudicaretur,
2405 4349 2511 4391 nou
2559 4341 2698 4389 erat.
2733 4331 2869 4387 lluie
2910 4332 3092 4401 itaque
3122 4329 3324 4384 nullum
3371 4327 3591 4383 babenti

2014 4434 2298 4496 peccatum
2344 4425 2483 4481 dicit
2516 4424 2570 4479 in
2616 4423 2904 4495 prtesentia
2936 4421 3196 4492 propheta
3226 4418 3394 4474 David
3433 4437 3447 4472 :
3477 4417 3597 4472 Tibi

2016 4517 2116 4573 soli
2152 4518 2357 4589 peccaui
2372 4527 2420 4572 et
2447 4519 2644 4571 malum
2666 4531 2842 4570 coram
2871 4524 2940 4580 te,
2967 4521 3068 4569 etc.
3102 4509 3274 4585 (Psal.
3306 4512 3382 4585 ι).
3417 4509 3591 4581 Supe—

2019 4624 2109 4664 ras
2142 4608 2284 4665 enim
2320 4622 2510 4665 omnes
2548 4606 2816 4671 homines,
2854 4619 3042 4660 omnes
3064 4603 3303 4675 iudices;
3339 4611 3394 4657 et
3414 4603 3505 4673 qui
3533 4617 3592 4658 se

2014 4705 2169 4769 putat
2187 4698 2391 4785 justum
2416 4712 2601 4753 coram
2626 4703 2677 4751 te
2700 4695 2931 4767 iniustus
2959 4702 3080 4761 est;
3112 4694 3287 4749 vineis
3311 4709 3443 4767 ergo
3468 4708 3590 4747 cum

2010 4778 2304 4858 iudicaris;
2330 4803 2573 4859 superas,
2597 4788 2719 4856 quin
2745 4785 2865 4856 plus
2883 4801 2944 4842 es
2962 4800 3124 4855 quam
3146 4778 3394 4842 homines
3416 4792 3471 4839 et
3496 4798 3595 4853 per

2016 4889 2071 4934 te
2101 4879 2227 4934 facti
2258 4887 2384 4933 sunt
2408 4876 2670 4933 homines.

2089 4971 2148 5026 Si
2176 4981 2351 5025 autem
2378 4971 2635 5040 iniustitia
2659 4982 2838 5026 nostra
2852 4970 3218 5041 Deijustitiam
3245 4964 3593 5028 commendat,

2022 5062 2148 5133 quid
2169 5062 2401 5116 dicemus
2416 5062 2442 5115 ?
2468 5060 2721 5133 Nunquid
2740 5061 2949 5132 iniquus
2970 5059 3134 5125 Deus,
3158 5058 3246 5129 qui
3281 5054 3438 5125 infert
3459 5054 3597 5109 iram.

2024 5152 2332 5225 (secundum
2365 5150 2624 5206 hominem
2660 5149 2820 5221 dico).
2866 5150 3034 5204 Absit.
3073 5146 3276 5221 (Amb.)
3305 5145 3417 5201 Hoc
3437 5141 3603 5213 juxta

2023 5256 2239 5297 sensum
2252 5241 2529 5312 prophetae
2541 5240 2985 5309 dicitApostolus.
3003 5238 3169 5293 David
3187 5246 3364 5292 autem
3381 5235 3596 5307 quando

2024 5340 2344 5402 peccaverat
2381 5346 2544 5388 causa
2566 5330 2710 5388 Uria:
2721 5329 2945 5397 liethazi,
2962 5331 3140 5386 sciens
3165 5329 3293 5399 quia
3310 5325 3611 5399 promissio.

2023 5421 2398 5491 peccatoribus
2437 5421 2555 5476 dari
2593 5436 2700 5476 non
2728 5427 2925 5492 potest,
2962 5426 3153 5475 exorat
3185 5425 3247 5471 nt
3282 5414 3609 5485 justiﬁeatio

2028 5512 2316 5567 verborum
2343 5512 2397 5566 in
2425 5512 2520 5567 Dei
2550 5511 2733 5566 vincat
2774 5510 3034 5583 judicium
3074 5522 3182 5579 quo
3211 5506 3522 5576 iudicantur
3542 5505 3597 5558 hi

2028 5603 2118 5672 qui
2141 5608 2387 5672 peccant,
2411 5611 2467 5657 et
2496 5601 2845 5671 pmnitentem
2876 5598 3132 5655 reformet
3152 5595 3515 5657 sanctiﬁcans,
3542 5602 3602 5648 ut

2029 5695 2119 5748 det
2147 5694 2195 5748 ei
2228 5693 2372 5763 quod
2405 5692 2568 5762 justis
2601 5705 2659 5746 se
2683 5692 2931 5745 daturum
2966 5686 3238 5761 promisit.
3267 5684 3344 5740 Ac
3366 5700 3466 5755 per
3498 5684 3603 5738 hoc

2030 5786 2281 5858 subiecit,
2331 5782 2391 5841 Si
2425 5793 2598 5855 autem
2636 5782 2897 5853 injustitia
2958 5790 3136 5836 nostra
3197 5778 3467 5851 iustitiam
3508 5774 3612 5829 Det
