3998 6202
426 312 546 366 1331

1057 307 1119 361 Β.
1161 306 1411 362 RABANI
1452 306 1667 363 MAURI
1707 306 2022 362 ARCHIEP.
2067 307 2374 364 MOGUNT.
2415 308 2698 367 OPERUM
2736 310 2916 366 PARS
2951 311 3034 366 ιιι.

3541 317 3675 371 1559.

419 429 765 490 commendat,
787 433 843 479 et
868 427 1092 494 reliqua.
1124 421 1181 476 Id
1205 431 1309 488 est,
1333 423 1377 478 si
1397 423 1521 492 quia
1550 437 1649 478 nos
1677 431 1992 493 peccatores
2021 426 2066 484 A
2095 433 2183 477 tur
2211 425 2379 490 Deus,
2419 425 2507 494 qui
2541 425 2678 480 iram
2707 426 3016 484 hominibus
3043 429 3257 494 inl'erat,
3292 445 3415 484 cum
3443 448 3542 502 per
3576 434 3674 487 ho-

418 532 626 582 sumus,
669 515 810 570 Deus
849 513 1207 582 iustiﬁcatur,
1253 513 1468 583 iniquus
1503 513 1608 568 erit
1647 513 1692 568 si
1735 511 1990 567 vindicet.

418 608 553 664 Nam
577 608 621 664 si
649 606 912 679 iniustitia
948 614 1134 660 nostra
1165 605 1212 659 ei
1240 605 1546 676 proliceret,
1571 605 1686 660 sine
1713 604 1875 660 dubio
1897 604 1994 658 ini-

419 716 559 772 quus
595 707 748 766 erat,
797 698 843 754 si
883 699 1168 752 damnaret
1210 705 1530 766 peccantes,
1565 697 1689 766 quia
1731 695 1993 766 iniustitia

2094 514 2299 568 minum
2327 515 2644 585 iniustitiam
2672 531 2824 571 suam
2848 517 3115 588 justitiam
3147 519 3328 573 videat
3357 522 3672 590 approbari.

2095 602 2154 659 Si
2201 605 2345 659 enim
2393 613 2610 671 nostra,
2657 606 2762 661 hoc
2797 616 2899 672 est,
2949 607 3228 662 hominum
3272 607 3536 676 iniustitia
3578 611 3673 667 Dei

2085 698 2353 769 justitiam
2381 701 2759 766 commendat,
2789 715 2892 755 non
2919 701 3108 770 utique
3143 716 3300 771 paena
3321 701 3468 772 digni
3500 704 3680 760 homi-

419 801 602 847 nostra
631 792 801 846 Deum
840 788 967 844 facit
987 787 1216 858 iustum,
1263 788 1306 842 si
1339 787 1688 858 peccantibus
1718 786 1874 841 nobis
1903 786 1996 840 det
2093 807 2189 846 nes
2216 792 2559 856 videbuntur,
2587 807 2682 862 per
2708 806 2843 862 quos
2860 791 3069 862 iustitia
3097 793 3191 846 Dei
3212 793 3552 861 probabilior
3573 795 3674 850 ha-

419 884 560 954 quod
599 880 849 952 promisit
879 878 1116 934 sanctis:
1153 878 1279 948 quia
1310 877 1554 947 quamvis
1584 885 1893 947 peccatores
1922 875 1994 930 si-

419 989 560 1039 mus,
576 973 934 1029 reformamur
956 979 1135 1024 tamen
1159 984 1256 1040 per
1269 967 1666 1037 paenitentiam,
1683 976 1740 1020 ut
1756 981 1859 1020 non
1877 965 1990 1036 iam

415 1072 760 1134 peccatores,
793 1063 886 1118 sed
924 1062 1091 1118 abluti
1120 1061 1530 1131 promissionem
1562 1074 1870 1114 mereamur
1896 1073 1990 1111 ac-

415 1157 615 1227 cipere.
658 1155 773 1211 Non
813 1171 942 1226 ergo
972 1155 1058 1209 hic
1094 1169 1286 1208 sensus
1316 1161 1397 1206 est
1426 1151 1479 1204 in
1510 1150 1690 1204 verbis
1715 1148 1992 1220 propheta:

418 1250 604 1314 David,
639 1265 762 1304 cum
792 1247 922 1303 dicit
950 1261 966 1300 :
996 1245 1111 1299 Tibi
1139 1243 1237 1298 soli
1265 1243 1468 1315 peccavi
1499 1252 1546 1296 et
1578 1242 1773 1295 malum
1815 1256 1990 1293 coram

415 1351 464 1394 te
485 1340 604 1410 feci,
632 1348 688 1394 ut
709 1338 1006 1407 iustiﬁceris
1033 1338 1087 1390 in
1105 1335 1426 1391 sermonibus
1451 1333 1574 1396 tuis,
1597 1342 1645 1386 et
1668 1331 1844 1386 vincas
1874 1346 1992 1383 cum

406 1431 690 1501 judicaris,
714 1431 804 1500 qui
837 1428 1218 1484 malevolorum
1245 1427 1522 1483 hominum
1543 1440 1708 1496 prava
1726 1423 1992 1492 interpre-

416 1522 619 1578 tatione
644 1521 925 1586 asseritur,
961 1529 1019 1574 ut
1049 1528 1270 1590 peccata
1291 1519 1570 1574 hominum
1596 1527 1652 1572 et
1684 1515 1808 1571 mali
1837 1523 1992 1570 actus

416 1614 509 1669 Dei
528 1611 917 1682 iustiﬁcatione
946 1611 1266 1682 proﬁciant,
1299 1618 1357 1664 et
1390 1623 1486 1679 per
1515 1606 1653 1662 mala
1681 1615 1870 1662 nostra
1896 1605 1993 1660 bo-

2091 877 2268 942 betur,
2305 888 2360 934 et
2386 878 2606 934 clarior.
2647 877 2755 933 Sed
2783 877 2939 943 absit,
2979 879 3178 949 inquit,
3213 888 3275 933 ut
3305 881 3413 934 hoc
3439 881 3513 934 ita
3537 883 3679 936 reci-

2090 969 2301 1038 piamus
2335 970 2579 1039 iniquum
2622 969 2794 1024 videri
2836 969 3003 1024 Deum
3047 970 3136 1039 qui
3166 970 3378 1040 iudicat
3416 972 3558 1026 iram
3583 973 3677 1026 ad-

2093 1073 2280 1114 versus
2314 1059 2591 1125 homines;
2617 1061 2886 1129 quomodo
2915 1062 3061 1116 enim
3106 1059 3345 1131 iniustus
3369 1063 3675 1132 putabitur,

2090 1147 2183 1218 qui
2219 1141 2429 1219 iudicat
2476 1151 2756 1218 mundum,
2805 1166 2928 1205 cum
2974 1151 3028 1206 in
3070 1153 3188 1224 ipso
3215 1154 3438 1208 nomine
3473 1152 3678 1221 iudicis

2089 1242 2423 1306 ostendatur,
2454 1243 2586 1298 nihil
2610 1244 2726 1298 sine
2746 1243 2950 1314 iudicio
2984 1245 3186 1313 facere;
3219 1247 3311 1303 ubi
3329 1258 3518 1304 autem
3529 1248 3680 1318 iudi-

2090 1333 2233 1386 cium
2259 1342 2361 1398 est,
2389 1341 2600 1387 constat
2621 1348 2740 1388 esse
2761 1333 3049 1402 iustitiam,
3077 1351 3108 1390 a
3125 1334 3338 1404 iustitia
3355 1353 3599 1406 namque
3624 1347 3680 1393 et

2084 1424 2270 1494 iudex,
2302 1433 2354 1479 et
2369 1425 2633 1495 iudicium
2657 1427 2991 1482 nominatur.
3024 1427 3080 1482 Si
3105 1443 3236 1499 ergo
3259 1436 3318 1481 ut
3343 1427 3554 1496 iniusti,
3587 1431 3676 1483 in-

2090 1517 2228 1586 quit,
2256 1532 2355 1572 nos
2382 1517 2652 1573 aﬁirmare
2691 1519 3024 1588 conﬁngunt,
3065 1521 3266 1576 veritas
3298 1521 3396 1575 Dei
3427 1522 3484 1576 in
3520 1538 3677 1577 men-

2089 1608 2243 1664 dacio
2287 1607 2600 1676 abundavit,
2652 1610 2922 1680 superﬂue
2977 1627 3078 1682 ego
3116 1621 3371 1682 tanquam
3416 1623 3682 1682 peccator

416 1719 518 1759 nus
574 1710 850 1774 appareat,
909 1710 964 1758 et
1023 1699 1284 1770 iniustitia
1343 1709 1526 1754 nostra
1586 1697 1734 1752 illum
1783 1694 1990 1764 iustum
2016 1769 2057 1778 __
2082 1697 2320 1766 iudicor.
2369 1697 2476 1754 Sed
2507 1699 2636 1754 illud
2676 1701 2847 1772 magis
2884 1701 3154 1758 videbitur
3187 1705 3242 1759 in
3283 1721 3392 1775 quo
3421 1707 3679 1778 blasphe-

412 1769 681 1851 ostendat.
734 1792 996 1861 Quoniam
1041 1769 1226 1860 itaque
1276 1791 1490 1859 iniquus
1545 1803 1650 1843 non
1692 1795 1776 1842 est
1819 1785 1985 1850 Deus,
2016 1769 2062 1829 Β
2091 1799 2240 1846 mant
2264 1807 2398 1857 nos,
2427 1792 2632 1862 inquit,
2671 1769 2823 1863 quasi
2851 1795 2956 1850 hoc
2980 1797 3263 1854 videamur
3291 1769 3504 1865 dicere,
3537 1769 3598 1856 ᾆι
3632 1804 3679 1857 εί

413 1904 535 1944 tum
578 1889 778 1959 irrogat
811 1887 967 1952 iram,
997 1885 1108 1955 iam
1151 1899 1256 1938 non
1295 1881 1535 1953 peccatis
1565 1879 1766 1935 nostris
1789 1877 1990 1949 iustiﬁ-

413 1987 611 2032 catur:
665 1978 790 2047 quia
825 1977 870 2032 si
915 1976 1151 2047 peccatis
1192 1971 1824 2042 nostrisiustiﬁcaretur.
1888 1969 1990 2026 ini-

411 2088 551 2144 quus
577 2080 720 2128 esset
769 2072 812 2126 si
840 2071 1138 2125 vindicaret
1172 2088 1184 2120 :
1225 2067 1319 2123 sed
1361 2066 1486 2136 quia
1515 2080 1620 2119 non
1649 2073 1734 2119 est
1773 2063 1990 2133 iniquus

411 2181 534 2220 cum
571 2164 827 2230 vindicat,
855 2162 1198 2218 manifestum
1225 2169 1310 2216 est
1339 2160 1464 2229 quia
1496 2157 1761 2229 iniustitia
1801 2165 1987 2210 nostra

410 2257 506 2313 Dei
528 2255 797 2326 iustitiam
813 2273 919 2311 non
944 2254 1308 2310 commendat.
1337 2251 1394 2306 Si
1426 2258 1607 2306 autem
1635 2247 1986 2304 commenda-

410 2358 516 2414 ret,
545 2364 652 2404 non
679 2348 1002 2412 vindicaret,
1033 2347 1156 2416 quia
1194 2343 1373 2413 iustus
1404 2352 1506 2396 est.
1532 2340 1610 2395 Ac
1647 2346 1867 2409 propter
1885 2337 1988 2391 hoc

408 2439 636 2510 subiecit
662 2459 677 2496 :
705 2439 1008 2496 Secundum
1053 2438 1333 2500 hominem,
1385 2434 1580 2504 inquit,
1623 2431 1762 2485 dico.
1819 2430 1985 2495 Absit,

409 2535 514 2589 hoc
541 2540 645 2598 est,
665 2532 824 2598 absit,
854 2547 922 2586 ne
946 2531 1092 2585 Deus
1122 2529 1337 2598 iniquus
1360 2526 1591 2588 dicatur,
1615 2522 1740 2594 quia
1763 2521 1864 2575 hoc
1892 2521 1988 2575 ho-

412 2623 548 2680 mini
567 2623 824 2694 competit
849 2637 1009 2693 quem
1042 2628 1253 2675 constat
1278 2626 1335 2673 et
1359 2631 1544 2670 errare
1572 2622 1627 2669 et
1654 2612 1786 2677 falli,
1814 2619 1869 2666 et
1891 2610 1988 2664 fal-

411 2713 522 2771 lere
552 2732 567 2770 :
599 2729 722 2769 nam
756 2712 901 2767 Deus
937 2708 1288 2766 immutabilis
1315 2713 1642 2780 perseverat,
1669 2717 1769 2758 nec
1809 2709 1989 2774 potest

411 2821 520 2862 non
540 2819 722 2859 amare
744 2818 864 2875 qua:
894 2800 1040 2856 fecit.

478 2893 726 2966 Alioquin
757 2891 1016 2966 quomodo
1043 2888 1303 2960 judicabit
1342 2887 1480 2943 Deus
1521 2886 1658 2940 hunc
1705 2881 1990 2938 mundum?

411 2990 466 3044 lu
495 2989 599 3045 hoc
628 2989 744 3044 loco
775 2985 1027 3040 mundum
1049 2984 1296 3040 homines
1322 2981 1411 3052 qui
1446 2979 1500 3034 in
1525 2977 1724 3032 mundo
1755 2982 1883 3031 sunt
1913 2973 1984 3028 di-

409 3081 507 3145 cit,
532 3082 672 3137 sicut
697 3089 752 3134 et
781 3077 908 3132 alibi
935 3076 1160 3146 legimus
1183 3073 1306 3145 quia
1335 3072 1500 3126 omnis
1527 3068 1751 3124 mundus
1782 3066 1838 3120 in
1873 3082 1984 3118 ma-

2089 1880 2291 1936 veritas
2321 1882 2412 1937 Dei
2445 1881 2498 1936 in
2525 1882 2802 1938 hominum
2837 1886 3118 1942 mendacio
3145 1889 3319 1959 magis
3343 1891 3677 1957 ostenditur,

2089 1978 2144 2026 et
2166 1970 2375 2041 iustitia
2407 1971 2526 2040 eius
2548 1987 2644 2042 per
2671 1973 2948 2029 hominum
2975 1976 3299 2048 iniustitiam
3339 1982 3679 2051 comproba-

2089 2073 2200 2130 tur,
2244 2065 2502 2122 faciamus
2545 2082 2674 2138 ergo
2711 2084 2807 2124 nos
2842 2069 3007 2136 mala,
3035 2080 3094 2125 ut
3129 2087 3198 2127 ex
3224 2075 3384 2130 malis
3415 2077 3681 2132 eveniant

2087 2159 2251 2222 bona,
2278 2167 2332 2213 et
2357 2161 2688 2216 mentiamur
2714 2179 2837 2224 nos,
2865 2172 2926 2218 ut
2946 2179 3013 2218 ex
3044 2175 3233 2222 nostro
3260 2170 3556 2224 mendacio
3582 2171 3679 2227 Dei

2087 2249 2288 2305 veritas
2327 2249 2611 2305 clarescat.
2646 2251 2753 2307 Sed
2783 2253 2900 2308 haec
2936 2254 3155 2323 quidam
3182 2257 3249 2311 de
3273 2256 3432 2312 nobis
3465 2259 3684 2314 conﬁn-

2086 2348 2218 2410 gunt
2255 2339 2691 2410 blasphemantes
2732 2357 2860 2406 nos,
2904 2344 3046 2412 quod
3078 2345 3234 2413 quasi
3272 2361 3340 2400 ex
3386 2347 3563 2417 ipsius
3587 2363 3680 2402 as-

2087 2431 2343 2487 sertionis
2391 2441 2589 2488 nostra:
2628 2435 3017 2503 consequentia
3040 2435 3158 2491 htec
3182 2437 3268 2491 vel
3302 2437 3411 2492 diei
3439 2439 3526 2493 vel
3551 2455 3685 2495 con-

2087 2524 2238 2594 sequi
2267 2525 2568 2588 videantur,
2601 2526 2745 2595 quod
2777 2527 2918 2581 ratio
2943 2527 3216 2598 dogmatis
3247 2531 3423 2585 nostri
3454 2533 3686 2586 omnino

2086 2630 2193 2669 non
2222 2614 2434 2684 recipit,
2471 2615 2561 2684 qui
2586 2614 2790 2684 justum
2825 2625 2881 2671 et
2919 2633 3110 2672 verum
3146 2618 3502 2690 intelligimus
3535 2621 3686 2690 iudi-

2087 2722 2205 2762 cem
2239 2707 2439 2772 Deum;
2470 2716 2525 2760 et
2555 2707 2759 2764 idcirco
2790 2707 3046 2765 fortassis
3081 2726 3187 2766 non
3218 2710 3360 2765 dixit
3386 2712 3686 2782 Apostolus

2085 2801 2230 2872 quod
2268 2817 2366 2857 nos
2409 2801 2662 2857 homines
2697 2801 2883 2870 iniusti
2931 2803 3375 2859 commendemus
3399 2803 3682 2874 iustitiam

2085 2893 2202 2957 Dei,
2241 2893 2333 2948 sed
2363 2892 2439 2948 ait
2467 2911 2481 2947 :
2515 2891 2573 2948 Si
2601 2894 2860 2963 injustitia
2891 2906 3070 2950 nostra
3109 2894 3208 2949 Dei
3234 2895 3516 2965 justitiam
3542 2914 3685 2951 con-

2084 2986 2330 3050 mendat,
2377 2996 2438 3039 ut
2470 2986 2784 3041 ostenderet
2824 3001 2931 3042 non
2980 2987 3148 3042 Deum
3198 2987 3541 3052 hominibus,
3585 2988 3686 3043 sed

2080 3075 2347 3146 iustitiam
2376 3076 2654 3147 iniustitia
2694 3092 2815 3133 esse
2839 3078 3174 3132 contrariam
3205 3096 3219 3132 :
3258 3077 3445 3134 induci
3497 3088 3684 3133 autem

409 3136 550 3242 tigno
579 3168 780 3242 positus
817 3175 891 3222 est
939 3136 1014 3238 (Iv
1027 3136 1301 3234 Joanﬁv).
1335 3161 1488 3229 Quod
1524 3159 1708 3228 utique
1736 3154 1984 3211 homines
2011 3136 2056 3198 Ο
2080 3136 2398 3222 hominibus
2427 3136 2566 3222 iram
2597 3184 2695 3238 ριμο
2723 3183 2789 3224 eo
2815 3169 2957 3240 quod
2985 3169 3038 3223 in
3062 3169 3365 3238 semelipsis
3387 3168 3571 3224 locum
3599 3170 3685 3223 in-

411 3260 502 3330 qui
547 3259 600 3313 in
631 3258 734 3313 hoc
777 3255 976 3311 mundo
1023 3253 1267 3308 habitant
1306 3251 1361 3306 in
1393 3248 1598 3304 malitia
1625 3261 1744 3302 esse
1783 3244 1987 3316 positos

409 3346 676 3411 ostendit,
714 3359 900 3399 verum
929 3353 1012 3397 est
1032 3383 1046 3407 ,
1075 3341 1200 3411 quia
1229 3356 1337 3394 non
1365 3347 1483 3394 erat
1503 3337 1730 3406 iustum,
1763 3343 1822 3389 ut
1839 3333 1986 3403 iudi-

411 3447 560 3493 caret
603 3436 746 3491 Deus
788 3433 941 3506 quasi
976 3440 1315 3503 peccatorem
1348 3428 1606 3483 mundum
1630 3469 1645 3491 ,
1684 3428 1730 3482 si
1766 3433 1984 3496 peccata

410 3533 528 3604 eius
572 3530 675 3601 ipsi
714 3527 1069 3600 proﬁcerent,
1119 3534 1179 3580 ut
1223 3523 1350 3578 dum
1391 3532 1523 3578 nutu
1554 3521 1670 3592 eius
1698 3527 1986 3591 peccantes

413 3624 628 3680 veniam
661 3630 980 3693 sequuntur,
1019 3620 1163 3674 Deus
1190 3619 1363 3674 bonus
1385 3617 1686 3680 videretur;
1717 3622 1775 3668 ut
1802 3612 1846 3669 si
1880 3628 1986 3666 non

411 3724 843 3787 pecearent,non
874 3713 1146 3767 videretur
1159 3709 1338 3780 iustus
1369 3727 1381 3764 :
1417 3708 1460 3764 si
1487 3707 1629 3763 enim
1653 3723 1756 3761 non
1781 3711 1987 3776 peccet,

413 3820 520 3860 non
558 3803 805 3859 habendo
848 3801 932 3858 cui
969 3801 1229 3865 remittat,
1261 3814 1367 3854 non
1408 3809 1528 3854 erat
1569 3797 1758 3851 bonus.
1791 3793 1987 3866 (υτ-ξς.)

415 3897 519 3952 Per
558 3911 773 3954 omnem
819 3909 1051 3965 namque
1088 3891 1340 3963 Epistola:
1373 3888 1530 3958 huius
1569 3897 1772 3943 textum
1809 3885 1989 3942 dicere

413 3985 529 4042 vult
555 4001 675 4056 quae
702 3983 865 4039 fuerit
897 3982 982 4038 vel
1019 3989 1145 4036 ante
1183 3979 1472 4034 adventum
1497 3976 1697 4032 Christi
1729 3975 1874 4030 salus
1900 3989 1986 4029 se-

415 4076 648 4134 cundum
668 4074 841 4147 legem
863 4071 1188 4136 viventibus,
1215 4069 1296 4124 vel
1325 4068 1592 4138 quomodo
1615 4081 1710 4136 per
1739 4064 1987 4120 Salvato-

416 4173 496 4228 ris
523 4170 808 4226 adventum
857 4179 1043 4220 rursus
1079 4172 1134 4218 et
1182 4162 1612 4218 incredulitatem
1641 4157 1814 4213 Israel
1845 4155 1990 4210 salus

417 4263 664 4332 gentibus
695 4256 1035 4321 conferatur;
1058 4263 1114 4310 et
1139 4269 1355 4308 rursum
1383 4249 1524 4323 quod
1554 4264 1725 4320 neque
1754 4263 1820 4304 ex
1851 4246 1989 4301 inte-

418 4370 514 4425 gro
543 4360 748 4424 gentes,
781 4351 885 4406 nisi
907 4347 998 4420 qui
1022 4346 1371 4409 crediderint,
1399 4345 1617 4400 veniant
1638 4342 1705 4396 ad
1735 4340 1986 4425 salutem,

419 4458 592 4514 neque
619 4458 686 4498 ex
719 4443 927 4510 integro
953 4437 1235 4506 abiiciatur
1257 4433 1444 4499 Israel,
1474 4434 1566 4488 sed
1606 4406 1845 4502 reliquiis:
1871 4444 1988 4484 cre-

418 4537 654 4592 dentium
684 4534 846 4590 salva:
876 4533 1010 4586 ﬁant
1035 4546 1048 4584 :
1071 4541 1127 4586 et
1155 4531 1273 4585 ideo
1295 4527 1572 4591 contusus,
1595 4534 1650 4580 ut
1680 4525 1812 4589 dixi,
1843 4523 1989 4578 vide-

419 4636 508 4680 tur
545 4624 678 4679 ordo
713 4621 960 4686 dicendi,
1006 4620 1131 4674 dum
1178 4618 1518 4674 diversitates
1555 4615 1891 4671 credentium
1937 4620 1992 4666 et

321 4703 330 4714 ’
418 4732 525 4772 non
575 4712 905 4770 credentium
955 4712 1127 4782 partis
1186 4709 1465 4778 utriusque
1514 4706 1876 4777 persequitur.
1931 4703 1989 4758 ln

417 4806 613 4878 quibus
645 4802 948 4858 necessario
975 4814 1279 4855 sermonem
1317 4797 1582 4852 convertit
1617 4803 1673 4850 et
1701 4794 1767 4849 ad
1798 4793 1988 4858 Deum,

415 4911 475 4956 ut
501 4899 588 4953 his
607 4895 856 4951 omnibus
876 4892 1303 4962 assumptionum
1331 4890 1803 4960 rcpulsionumque
1834 4885 1988 4942 dilic-

418 4991 610 5048 rentiis
655 5003 780 5043 vera
803 4986 1020 5057 quidem
1046 4993 1095 5038 et
1117 4983 1248 5054 iusti
1277 4983 1369 5037 Dei
1400 4983 1592 5036 doceat
1621 4995 1738 5034 esse
1760 4976 1984 5046 iudicia.

417 5083 642 5138 Multum
669 5088 846 5135 autem
886 5077 944 5132 in
973 5076 1286 5131 hominibus
1317 5073 1591 5128 abundare
1621 5069 1906 5133 mendacii,
1936 5076 1992 5123 et

417 5175 539 5230 ideo
569 5172 703 5229 dicit
733 5190 745 5224 :
779 5170 858 5225 Sit
881 5179 1055 5223 autem
1081 5168 1222 5222 Deus
1245 5183 1422 5232 verax,
1454 5163 1620 5218 omnis
1644 5173 1815 5216 autem
1837 5161 1989 5214 homo

417 5263 662 5326 mendax,
686 5263 817 5316 sicut
845 5261 1095 5331 scriptum
1122 5270 1216 5325 est,
1245 5269 1300 5312 ut
1317 5257 1626 5330 justi/iceris
1655 5256 1708 5308 in
1731 5255 1988 5309 sermoni-

418 5355 512 5410 bus
551 5354 676 5419 tuis,
713 5362 761 5407 et
801 5352 975 5406 vincas
1011 5368 1130 5404 cum
1146 5350 1409 5420 judicaris
1437 5347 1608 5422 (Psal.
1643 5347 1718 5420 L).
1754 5347 1835 5402 Ad
1876 5349 1992 5403 haec

417 5465 546 5517 ergo
579 5463 721 5503 nunc
745 5446 952 5512 videns,
979 5459 1136 5513 posse
1165 5443 1270 5498 sibi
1298 5458 1328 5498 e
1378 5443 1652 5498 contrario
1693 5441 1991 5497 verisimili-

418 5549 500 5597 ter
523 5539 704 5609 obiici,
725 5537 848 5609 quia
879 5538 925 5593 si
959 5546 1019 5591 ut
1048 5537 1188 5591 Deus
1216 5549 1379 5588 verax
1406 5533 1496 5597 sit,
1528 5533 1840 5588 mendacem
1872 5548 1992 5588 esse

421 5645 632 5685 omnem
676 5630 947 5685 hominem
987 5643 1202 5682 necesse
1238 5635 1343 5690 est,
1385 5636 1440 5679 et
1467 5625 1510 5681 si
1539 5625 1748 5696 iustitia
1772 5625 1864 5678 Dei
1895 5639 1992 5695 per

350 5793 362 5805 .
418 5720 698 5779 hominum
727 5718 1047 5788 iniustitiam.
1069 5719 1498 5784 commendetur,
1529 5717 1758 5788 iniustus
1789 5716 1992 5771 videhi~

2083 3257 2308 3328 iustitiae
2333 3257 2599 3314 dederint.
2639 3258 2755 3313 Non
2787 3274 2915 3331 ergo
2946 3257 3180 3327 iniustus
3205 3259 3485 3314 videbitur
3514 3259 3679 3324 Deus,

2088 3351 2181 3421 qui
2208 3359 2291 3407 est
2329 3351 2558 3422 iustitia,
2591 3367 2715 3406 eum
2743 3350 2996 3406 irascitur
3023 3351 3287 3406 adversus
3327 3351 3680 3422 iniustitiam,

2090 3441 2176 3496 cui
2206 3457 2328 3496 eum
2365 3455 2464 3497 nec
2498 3442 2651 3497 decet
2684 3457 2804 3498 esse
2833 3443 3155 3513 propitium;
3189 3444 3279 3498 sed
3308 3446 3567 3512 pervenit
3598 3444 3683 3499 ira

2089 3532 2203 3588 haec
2241 3532 2404 3586 etiam
2449 3531 2503 3586 in
2541 3533 2813 3598 homines,
2854 3533 2945 3604 qui
2973 3549 3031 3588 se
3063 3534 3341 3588 ministros
3369 3535 3683 3604 iniustitize,

2090 3623 2177 3678 cui
2231 3623 2375 3678 Deus
2421 3623 2696 3687 irascitur,
2757 3625 3122 3693 praebuerunt.
3183 3624 3368 3694 Neque
3420 3625 3571 3680 enim
3626 3627 3683 3680 in

2090 3711 2236 3766 nullo
2286 3721 2464 3781 potest
2511 3713 2805 3768 subsistere
2851 3713 3117 3783 iniustitia
3173 3713 3256 3768 vel
3293 3711 3552 3782 iustitia;
3587 3717 3682 3770 sed

2090 3801 2233 3857 sicut
2271 3799 2481 3869 iustitia
2517 3801 2741 3856 ell‘ectus
2765 3810 2851 3858 est
2870 3803 3003 3872 iusti
3042 3803 3280 3873 rectique
3305 3805 3522 3873 operis,
3562 3822 3684 3875 qua:

2089 3892 2266 3963 primo
2297 3891 2351 3946 in
2376 3893 2510 3957 Deo,
2540 3900 2652 3946 tum
2678 3893 2842 3947 etiam
2873 3893 2926 3948 in
2975 3893 3062 3948 his
3085 3895 3178 3963 qui
3211 3895 3498 3949 imitantur
3530 3912 3681 3961 extat,

2092 3983 2384 4047 invenitur,
2436 3982 2510 4036 ita
2553 3991 2608 4036 et
2641 3981 2906 4051 iniustitia
2946 3983 3174 4039 ell‘ectus
3211 3995 3296 4040 est
3335 3983 3526 4054 iniusti
3560 4002 3686 4056 pra-

2088 4073 2250 4142 vique
2295 4073 2494 4143 opcris,
2542 4089 2662 4144 qua:
2704 4074 2879 4144 primo
2914 4075 2968 4130 in
3005 4075 3240 4141 diabolo,
3277 4085 3388 4131 tum
3416 4079 3586 4132 etiam
3629 4080 3684 4133 in

2089 4163 2175 4218 his
2208 4163 2300 4234 qui
2341 4178 2464 4218 eum
2505 4163 2693 4220 volunt
2735 4165 2938 4220 imitari
2985 4166 3431 4235 deprehenditur,
3464 4177 3519 4223 et
3559 4171 3684 4224 ideo

2091 4253 2250 4324 digne
2277 4252 2356 4309 eis
2380 4253 2456 4306 ira
2481 4261 2815 4308 memoratur
2835 4253 3379 4325 inferri,quamvisex
3411 4257 3683 4326 iniustitia

2091 4363 2276 4403 eorum
2294 4387 2308 4410 ,
2341 4345 2490 4401 velut
2516 4361 2582 4401 ex
2612 4348 2886 4403 contrario
2909 4348 3159 4404 videatur
3188 4349 3280 4403 Dei
3310 4351 3578 4407 claruisse
3596 4354 3684 4423 iu-

2092 4437 2257 4492 stitia.
2288 4436 2545 4492 Poterant
2571 4453 2838 4508 namque,
2882 4438 3023 4494 sicut
3064 4449 3390 4509 receperunt
3418 4442 3472 4495 in
3505 4457 3566 4496 se
3603 4443 3681 4495 ar-

2095 4531 2293 4585 fectum
2324 4527 2507 4600 iniusti
2553 4527 2814 4599 pravique
2862 4529 3065 4599 operis,
3106 4529 3278 4584 multo
3322 4533 3498 4603 magis
3545 4534 3679 4588 recti

2089 4619 2329 4688 iustique
2359 4619 2616 4688 recipere.
2641 4616 2792 4672 Juste
2813 4618 2979 4688 igitur
3001 4633 3032 4672 a
3052 4619 3164 4674 Deo
3185 4619 3266 4674 ira
3291 4636 3459 4690 super
3488 4637 3681 4678 omnes

2098 4710 2345 4765 homines
2369 4708 2547 4763 induci
2575 4708 2793 4763 dicitur.

2169 4801 2226 4857 Si
2250 4804 2384 4856 enim
2416 4802 2604 4855 ueritas
2646 4801 2743 4855 Dei
2776 4802 2830 4856 in
2854 4818 2966 4856 meo
3008 4801 3277 4856 mendacio
3306 4802 3597 4858 abundarit
3626 4806 3679 4859 in

2095 4893 2316 4964 yloriam
2347 4892 2530 4962 ipsius,
2570 4892 2694 4962 quid
2723 4892 2896 4945 adhuc
2938 4901 2985 4946 et
3031 4909 3122 4962 ego
3153 4901 3403 4963 tanquam
3438 4905 3680 4963 peccator

2080 4982 2337 5054 judicor?
2354 4981 2587 5052 (Ambr.)
2605 4980 2940 5036 Manifestum
2956 4982 3172 5051 estquia
3187 4982 3233 5035 si
3257 4982 3320 5036 ad
3337 4983 3570 5053 gloriam
3585 4987 3679 5041 Dei

2090 5075 2304 5147 proﬁcit
2330 5074 2666 5129 mendacium
2688 5074 2990 5139 hominum,
3013 5081 3074 5128 ut
3098 5073 3186 5128 ille
3219 5075 3372 5128 solus
3399 5091 3561 5131 verus
3587 5092 3682 5148 ap-

2091 5173 2309 5237 pareat,
2359 5172 2672 5236 peccatores
2715 5179 2822 5218 non
2853 5173 2977 5219 sunt
3018 5163 3232 5219 dicendi
3276 5165 3368 5234 qui
3412 5177 3677 5234 peccant;

2091 5258 2217 5328 quia
2239 5274 2344 5312 non
2371 5256 2667 5323 voluntate,
2691 5257 2784 5312 sed
2806 5256 3035 5328 impulsu
3055 5258 3173 5329 eius
3197 5259 3529 5315 videbuntur
3549 5277 3675 5332 pec-

2093 5363 2218 5403 care
2249 5365 2260 5400 :
2288 5347 2432 5418 quod
2463 5347 2622 5401 absit.

2164 5439 2231 5493 Et
2257 5456 2382 5505 non,
2403 5439 2533 5492 sicut
2557 5437 2990 5508 blasphemamur,
3020 5447 3067 5493 et
3102 5439 3234 5492 sicut
3275 5441 3425 5494 aiunt
3449 5457 3545 5496 nos
3569 5443 3681 5511 qui-

2093 5533 2216 5585 dam
2249 5529 2442 5595 dicere,
2473 5529 2730 5599 faciamus
2781 5527 2923 5582 mala
2970 5539 3026 5582 ut
3069 5531 3274 5583 ueniant
3319 5529 3474 5583 bona.
3527 5530 3680 5585 Nunc

2093 5624 2265 5694 aperit
2285 5637 2513 5692 quorum
2535 5636 2696 5676 causa
2721 5621 2834 5675 haec
2870 5620 3099 5676 sollicite
3136 5630 3338 5676 etcum
3373 5624 3678 5678 reverentia

2091 5713 2346 5784 disputat.
2379 5712 2418 5766 A
2451 5712 2718 5782 perversis
2771 5712 2916 5768 enim
2941 5714 3041 5769 hoc
3076 5714 3449 5784 opponebatur
3471 5755 3488 5778 ,
3524 5713 3679 5784 quasi
