3998 6202
316 352 458 407 1355

847 347 1402 406 ENARRATIONUM
1441 347 1509 405 IN
1550 347 1700 404 EPP.
1743 345 1950 406 PAULI
1987 345 2116 403 LIB.
2156 347 2220 402 ll.
2260 380 2327 388 —
2363 348 2432 405 ΙΝ
2472 348 2693 406 ΕΗΞΤ.
2736 350 2833 406 AD
2869 348 3035 408 nou.

3450 355 3607 411 ιδδι».

312 465 406 520 hic
432 471 578 520 esset
607 476 800 519 sensus
844 464 1253 534 prmdicantium
1296 464 1670 521 remissionem
1709 477 1901 535 pecca-
1929 465 1978 523 A
2008 462 2165 519 uibus
2209 472 2341 535 puto
2384 463 2711 521 sufficienter
2750 466 2971 523 ostendi
3002 465 3145 537 quod
3176 465 3322 523 aliud
3358 470 3432 524 sit
3466 484 3594 539 pec-

313 565 519 620 torum,
543 564 607 608 ut
632 552 875 609 facerent
908 555 1052 610 mala
1103 565 1160 611 et
1188 556 1436 613 venirent
1477 555 1641 622 bona,
1681 556 1785 611 hoc
1821 563 1906 610 est

314 652 626 717 peccarent,
662 654 722 700 ut
740 646 1064 704 remittendo
1102 648 1208 704 illis
1232 648 1376 705 Deus
1408 648 1682 705 videretur
1707 650 1904 715 bonus,

314 738 615 794 secundum
643 752 766 808 qua:
789 753 953 809 supra
982 739 1126 795 dicta
1156 750 1282 796 sunt
1305 758 1320 795 :
1345 741 1487 812 quod
1511 741 1905 812 blasphemiam

313 831 569 904 appellat,
585 838 642 887 et
662 830 847 903 abjicit
865 847 897 887 a
921 847 1084 889 sensu
1110 834 1307 890 divinat
1329 834 1606 890 doctrinm.
1629 832 1740 890 Nec
1760 836 1907 889 enim

316 937 546 995 peccare
584 921 785 979 debere
809 922 945 980 lldes
975 925 1219 990 tradidit,
1262 925 1463 996 quippe
1493 940 1618 982 cum
1634 922 1908 994 judicatu-

314 1032 437 1073 rum
461 1017 629 1073 Deum
651 1016 941 1088 praedicet;
970 1019 1066 1075 sed
1094 1016 1534 1090 delinquentibus
1561 1018 1817 1084 consulit,
1847 1026 1909 1074 ut

314 1117 638 1181 recuperata
686 1107 880 1178 salute,
928 1111 1029 1166 sub
1074 1109 1173 1166 Dei
1214 1110 1332 1183 lege
1376 1111 1623 1168 viventes
1658 1110 1770 1183 jam
1800 1125 1906 1166 non

313 1180 562 1270 peccent.
605 1198 840 1270 Ideoque
865 1199 1117 1271 subjecit,
1166 1180 1406 1269 Quorum
1448 1180 1908 1272 damnatioOjttsta

314 1303 412 1347 est.
437 1292 494 1348 ld
516 1300 620 1357 est,
657 1292 851 1348 horum
886 1293 1167 1349 hominum
1199 1295 1290 1365 qui
1316 1295 1665 1352 aemulatione
1692 1294 1908 1350 invidiae

316 1383 462 1439 istud
491 1383 559 1438 de
603 1383 760 1439 nobis
807 1384 1254 1456 interpretantur,
1300 1384 1445 1454 quod
1485 1400 1651 1456 supra
1701 1385 1908 1441 dictum

315 1486 426 1543 est,
455 1476 735 1533 damnatio
773 1475 920 1546 justa
944 1486 1049 1533 est.
1079 1476 1206 1533 llzee
1232 1476 1380 1533 enim
1406 1475 1689 1548 jactahant
1711 1474 1904 1542 Judzei,

315 1579 379 1625 ιιι
425 1570 730 1626 doctrinam
773 1570 1128 1640 apostolicam
1162 1569 1614 1635 criminarentur,
1665 1569 1909 1626 dicentes

313 1663 460 1734 quod
488 1678 611 1719 cum
642 1662 1021 1719 remissionem
1054 1671 1409 1734 peccatorum
1438 1662 1756 1732 praedicant,
1786 1678 1909 1734 pec-

2006 570 2150 621 care,
2193 556 2339 613 aliud
2375 568 2718 629 peccatorem
2760 574 2882 615 esse
2910 576 2923 613 :
2956 567 3013 614 ut
3040 567 3222 629 potest
3271 560 3416 615 enim
3471 561 3591 619 ﬁeri

2005 665 2194 707 omnes
2213 651 2577 722 peccaverint,
2593 652 2806 708 etiamsi
2830 652 3001 708 sancti
3018 651 3223 707 fuerint
3243 671 3255 707 :
3283 653 3407 723 quia
3430 666 3592 711 nemo

2006 742 2239 799 mundus
2268 757 2299 797 a
2331 743 2519 809 sorde,
2552 759 2652 800 nec
2686 745 2731 800 si
2773 744 2933 800 unius
2971 744 3076 800 diei
3118 742 3281 800 fuerit
3309 745 3421 800 vita
3449 743 3590 814 ejus.

2006 834 2141 903 Quis
2183 835 2328 892 enim
2368 843 2453 892 est
2493 837 2586 907 qui
2618 845 2711 892 aut
2748 837 2801 892 in
2838 835 3006 904 facto,
3046 845 3140 893 aut
3176 837 3231 893 in
3273 838 3465 904 verbo,
3499 844 3596 893 aut

2007 927 2099 998 qui
2136 927 2488 985 cautissimus
2532 936 2682 985 certe
2728 939 2832 997 est,
2887 930 2972 985 vel
3015 929 3069 984 in
3113 928 3444 1003 cogitatione
3481 944 3592 986 non

2006 1019 2353 1091 peccaverit?
2390 1029 2448 1077 et
2488 1020 2611 1077 ideo
2644 1020 2780 1076 dixit
2824 1036 3078 1091 peccasse
3129 1023 3348 1093 quidem
3398 1021 3595 1079 merito

2007 1128 2199 1171 omnes
2224 1112 2495 1180 dicentur,
2534 1122 2849 1185 peccatores
2884 1123 3066 1169 autem
3102 1113 3230 1169 facti
3252 1129 3358 1170 non
3382 1129 3592 1177 omnes,

2008 1204 2105 1261 sed
2146 1205 2303 1261 multi
2354 1203 2582 1278 (Ausim)
2622 1203 2867 1260 Primum
2914 1206 3058 1259 enim
3097 1204 3315 1261 Graecos
3357 1204 3597 1262 ostendit

2010 1313 2154 1365 reus,
2181 1298 2337 1370 juxta
2365 1298 2539 1371 legem
2563 1305 2791 1363 natum,
2825 1304 2883 1352 et
2906 1297 3052 1366 quod
3081 1311 3254 1368 neque
3289 1296 3463 1367 legem
3500 1312 3598 1351 na-

2010 1398 2145 1445 tura;
2172 1397 2228 1445 et
2256 1388 2400 1462 quod
2431 1403 2607 1460 neque
2628 1388 2798 1461 legem
2826 1387 2997 1459 Moysi
3030 1386 3363 1459 receperint;
3405 1402 3597 1457 quam-

2008 1481 2197 1536 obrem
2211 1481 2447 1551 pessima
2462 1485 2651 1537 eorum
2675 1490 2731 1536 et
2754 1478 3171 1553 pergravissima
3188 1494 3373 1534 causa.
3394 1477 3603 1533 Deinde

2010 1573 2177 1628 etiam
2203 1570 2418 1629 Judteos
2443 1573 2681 1630 ostendit
2704 1587 2847 1639 reos,
2882 1572 2976 1642 qui
3006 1571 3106 1627 sub
3134 1570 3254 1642 lege
3283 1569 3377 1626 Dei
3418 1570 3601 1625 vivere

2010 1663 2298 1731 videntur,
2325 1678 2390 1720 ac
2433 1662 2536 1720 sibi
2561 1663 2760 1720 merito
2799 1670 3015 1735 patrum
3055 1660 3399 1718 defenderint
3427 1660 3605 1733 digni-

314 1755 475 1809 candi
503 1754 744 1809 fomitem
767 1756 1068 1826 praebeant,
1097 1762 1156 1809 ut
1175 1755 1327 1825 quasi
1357 1755 1536 1811 securi
1566 1754 1815 1811 homines
1840 1755 1907 1811 de
1942 1819 1980 1826 _
2012 1762 2212 1821 tatem,
2243 1767 2310 1810 ex
2345 1769 2411 1811 eo
2445 1754 2713 1825 praecipue
2749 1753 2893 1826 quod
2929 1752 3343 1824 promissionem
3383 1757 3599 1822 patrum

315 1845 701 1915 promissione,
740 1819 992 1918 prompte
1027 1819 1317 1917 peccaram
1348 1864 1362 1900 :
1394 1861 1516 1902 cum
1543 1854 1758 1902 constet
1782 1854 1908 1917 post
1942 1819 1984 1879 Β
2011 1819 2336 1916 spreverint,
2366 1819 2463 1900 Dei
2501 1819 2731 1916 gratiam
2765 1819 2833 1900 in
2868 1819 3082 1900 irritum
3128 1819 3475 1900 deducentes.
3512 1839 3605 1896 Ad

315 1945 596 2008 acceptam
639 1934 804 1993 fidem
850 1937 1213 2007 periculosum
1250 1952 1375 1994 esse
1415 1951 1667 2009 peccare,
1712 1945 1769 1993 et
1806 1937 1911 1994 hoc
2009 1951 2174 2007 quam
2208 1951 2323 1992 rem
2346 1935 2667 1992 firmandam
2711 1935 3019 2005 exemplum
3066 1933 3443 2006 propheticum
3472 1931 3604 1988 sub-

314 2026 941 2098 praedici'credentibus.
991 2026 1177 2101 (Aug.)
1227 2027 1425 2101 Utique
1470 2028 1643 2100 gratia
1675 2029 1750 2097 id,
1777 2043 1906 2100 quo,
2009 2028 2149 2085 didit
2175 2043 2243 2084 ex
2268 2028 2476 2098 psalmo
2508 2026 2669 2083 tertio
2694 2027 2906 2083 decimo
2936 2027 3125 2083 dicens
3154 2045 3168 2079 :

315 2129 375 2177 ut
400 2122 514 2194 jam
547 2121 678 2177 [lant
721 2122 862 2179 bona
890 2122 959 2178 ab
984 2122 1065 2179 eis
1111 2124 1203 2193 qui
1248 2122 1486 2179 fecerant
1512 2122 1679 2190 mala,
1713 2138 1820 2181 non
1850 2129 1910 2178 ut
2081 2119 2231 2177 Sicut
2257 2121 2507 2193 scriptum
2532 2130 2608 2175 est
2640 2116 2815 2190 (Psal.
2850 2118 2997 2190 xui),
3033 2119 3157 2191 quia
3186 2134 3292 2173 non
3319 2127 3397 2173 est
3413 2116 3609 2189 justus

313 2222 666 2285 perseverent
697 2215 753 2271 in
779 2214 958 2281 malis,
1000 2225 1056 2271 et
1081 2215 1232 2271 reddi
1264 2215 1368 2272 sibi
1395 2216 1709 2272 existiment
1737 2215 1903 2271 bona.
2008 2212 2306 2283 quisquam.
2357 2210 2439 2267 Ab
2499 2208 2762 2282 iujustitia
2807 2210 2973 2280 etrapit
3020 2206 3161 2263 mala
3198 2221 3364 2279 opera
3404 2222 3598 2263 eorum

313 2306 432 2362 Non
457 2307 639 2378 itaque
661 2307 861 2363 debent
884 2289 1096 2362 dicere:
1116 2303 1406 2363 Faciamus
1430 2305 1592 2371 mala,
1610 2307 1909 2363 utveuiant
2008 2320 2350 2371 enumerare,
2380 2314 2436 2361 et
2459 2304 2656 2375 partim
2680 2303 2868 2376 pejora
2887 2301 3175 2372 subjicere,
3202 2306 3263 2355 ut
3285 2296 3605 2356 manifesta-

313 2398 486 2465 bona;
514 2397 609 2454 sed
639 2415 653 2452 :
679 2396 932 2453 Fecimus
957 2395 1120 2463 mala,
1146 2404 1204 2453 et
1220 2405 1486 2453 venerunt
1506 2394 1668 2463 bona,
1687 2396 1800 2469 jam
1824 2396 1906 2452 fa-
2010 2406 2095 2453 ret
2133 2397 2187 2453 in
2219 2397 2305 2453 his
2340 2396 2543 2451 nullam
2573 2411 2725 2468 spem
2755 2394 2950 2461 videri,
2982 2393 3088 2449 nisi
3118 2393 3407 2464 implorent
3435 2393 3611 2449 mise—-

312 2490 527 2547 ciamus
571 2490 738 2559 bona,
779 2498 839 2546 ut
881 2491 938 2546 in
984 2488 1167 2546 futuro
1208 2490 1407 2547 saeculo
1446 2490 1775 2561 recipiamus
1808 2506 1908 2562 pro
2009 2489 2300 2547 ricordiam
2324 2488 2550 2554 Christi,
2574 2489 2666 2560 qui
2693 2496 2911 2561 peccata
2933 2485 3191 2544 dimittat.
3219 2484 3422 2541 Deinde
3453 2483 3600 2554 adje-

312 2582 474 2639 bonis
519 2583 682 2651 bona,
731 2583 823 2654 qui
852 2582 909 2638 in
937 2583 1041 2640 hoc
1071 2581 1269 2640 saeculo
1299 2581 1594 2656 recipimus
1616 2598 1720 2654 pro
1749 2584 1908 2641 malis
2008 2586 2125 2642 cit:
2159 2584 2283 2641 Non
2319 2595 2396 2641 est
2425 2583 2741 2657 intelligens.
2790 2583 2993 2639 Verum
3047 2590 3132 2639 est
3174 2583 3301 2655 quia
3353 2582 3401 2637 si
3442 2581 3613 2637 daret:

313 2672 478 2729 bona.
1814 2744 1820 2752 .
2007 2690 2231 2749 operam
2261 2675 2584 2748 intelligere,
2614 2674 2847 2746 injustas
2879 2689 2987 2730 non
3016 2684 3183 2730 esset.

390 2764 533 2833 Quid
577 2782 700 2838 ergo
742 2765 1092 2837 prtecellimus
1128 2768 1256 2825 eos?
1287 2767 1658 2840 Nequaquam.
1686 2766 1906 2825 Causati
2080 2768 2205 2825 Non
2228 2778 2305 2825 est
2333 2770 2600 2841 requirens
2630 2768 2934 2824 Demittunt.
2982 2766 3094 2823 Nec
3134 2768 3279 2824 istud
3321 2768 3597 2826 occultum

313 2858 456 2913 enim
497 2874 680 2914 sumus
727 2856 948 2914 Judteos
981 2869 1031 2915 et
1070 2857 1287 2915 Grecos
1336 2876 1516 2916 omnes
1551 2861 1647 2916 sub
1694 2871 1905 2931 peccato
2007 2867 2121 2925 est,
2174 2860 2302 2931 quia
2354 2859 2400 2915 si
2451 2858 2777 2932 intelligeret
2806 2859 2936 2929 quid
2986 2859 3291 2931 prodesset,
3323 2868 3603 2931 quareret

313 2966 446 3005 esse.
465 2949 702 3022 (Ambr.)
724 2949 841 3008 Hoc
867 2959 971 3019 est,
997 2950 1128 3022 quid
1158 2951 1335 3008 adhuc
1366 2953 1722 3009 immoramur
1743 2951 1906 3008 latius
2006 2948 2176 3005 Deum
2211 2969 2223 3004 :
2250 2955 2306 3005 et
2332 2965 2441 3006 non
2465 2950 2607 3005 sicut
2631 2950 2815 3021 Asaph
2846 2965 2946 3006 rex
2969 2949 3130 3017 Iuda,
3159 2951 3251 3021 qui
3282 2959 3405 3023 post
3427 2950 3596 3007 multa

313 3036 624 3109 loquentes?
651 3037 1001 3097 Ostendimus
1035 3041 1184 3097 enim
1213 3040 1441 3097 redditis
1467 3041 1650 3097 causis
1675 3049 1785 3096 tam
1810 3039 1905 3095 Ju—
2005 3038 2102 3094 Dei
2152 3038 2419 3096 beneﬁcia
2470 3040 2552 3096 sic
2596 3039 2924 3110 depravatus
2956 3048 3060 3104 est,
3114 3049 3173 3096 ut
3224 3040 3597 3097 inﬁrmitatem

313 3130 461 3187 datos
512 3146 678 3202 quam
723 3132 963 3200 Graecos,
1010 3133 1064 3189 id
1111 3140 1196 3189 est
1228 3132 1494 3203 gentiles,
1540 3146 1731 3189 omnes
1779 3146 1904 3187 reos
1928 3175 1977 3241 C
2004 3130 2202 3200 pedum
2253 3146 2479 3202 passus,
2533 3131 2796 3202 propheta
2845 3142 3136 3202 prteseuze,
3193 3147 3301 3187 non
3329 3139 3602 3203 quaereret

787 3225 810 3241 .
904 3234 917 3241 -
964 3240 973 3241 ,
1028 3225 1137 3241 ,η
1258 3238 1297 3241 ν-
1541 3222 1602 3241 ,τι
1722 3223 1893 3241 ιηη
2013 3221 2173 3241 η----,
2215 3220 2468 3241 una,

313 3238 438 3283 esse
468 3241 481 3278 :
514 3224 742 3295 ideoque
785 3225 987 3281 frustra
1028 3225 1203 3298 legem
1246 3238 1487 3282 servare.
1536 3222 1741 3296 (Greg.)
1768 3223 1901 3280 Cum
1930 3220 1977 3241 "
2012 3221 2181 3277 Deum
2211 3220 2334 3294 (III
2361 3221 2489 3294 Reg.
2522 3222 2633 3294 xv).

311 3313 517 3371 Paulus
568 3315 847 3387 apostolus
895 3316 963 3372 ad
1011 3314 1288 3373 Romanos
1335 3315 1543 3372 scribat
1586 3312 1807 3370 Iudaeos
1850 3322 1905 3370 et
2083 3310 2279 3367 Omnes
2326 3311 2716 3368 declinaverunt
2768 3314 2959 3381 simul,
3012 3313 3224 3370 inutiles
3275 3313 3403 3384 [acti
3451 3323 3596 3368 sunt.

314 3403 538 3462 Gnaeos
560 3420 752 3463 omnes
776 3407 876 3463 sub
904 3415 1128 3478 peccato
1158 3420 1301 3474 esse,
1352 3405 1624 3478 quomodo
1670 3406 1811 3463 idem
1853 3406 1906 3460 in
2011 3401 2209 3476 (Orig.)
2253 3401 2407 3471 Quod
2436 3411 2617 3459 autem
2659 3403 2811 3471 dicit,
2867 3406 3001 3461 mihi
3049 3405 3265 3463 videtur
3305 3406 3448 3477 quod
3492 3424 3595 3462 non

314 3499 769 3570 subsequentibus
805 3515 915 3555 non
956 3501 1284 3569 omnes,sed
1318 3502 1540 3567 multos,
1585 3516 1684 3571 per
1725 3500 1911 3556 inohe-
2011 3496 2209 3553 dicitur
2232 3494 2556 3564 declinasse,
2593 3496 2695 3553 nisi
2734 3498 2780 3553 is
2816 3498 2909 3568 qui
2936 3498 3226 3569 aliquando
3253 3500 3306 3554 in
3334 3501 3424 3556 via
3446 3510 3596 3556 recta

315 3591 578 3647 dieutiam
605 3592 767 3648 unius
791 3591 1032 3648 hominis
1066 3600 1383 3665 peccatores
1411 3591 1693 3657 constitui,
1724 3590 1912 3646 definit
2012 3588 2182 3644 stetit.
2227 3587 2383 3646 Unde
2423 3602 2643 3661 apparet
2676 3590 2911 3661 primum
2939 3590 3069 3647 illud
3099 3601 3311 3647 natum:
3353 3592 3595 3647 rationa-

313 3680 506 3739 dicens
530 3701 543 3739 :
577 3682 727 3740 Sicut
765 3701 859 3756 per
888 3684 1295 3740 inobedientiam
1343 3684 1503 3740 unius
1532 3683 1761 3739 hominis
1791 3697 1911 3751 pec-
2010 3681 2138 3738 bilis
2164 3696 2321 3751 opus,
2356 3682 2499 3752 quod
2525 3697 2557 3735 a
2586 3682 2700 3737 Deo
2722 3681 2924 3737 factum
2953 3690 3059 3748 est,
3092 3680 3259 3738 fuisse
3287 3692 3516 3749 rectum,
3545 3691 3608 3737 et

316 3783 521 3828 calores
559 3775 830 3829 constituti
865 3783 1009 3841 sunt,
1046 3774 1122 3830 ita
1163 3783 1212 3830 et
1246 3790 1338 3844 per
1362 3774 1520 3829 unius
1563 3771 1910 3828 obedientiam
2014 3774 2067 3828 iu
2121 3773 2207 3827 via
2253 3780 2401 3827 recta
2451 3772 2728 3828 Creatoris
2771 3774 2941 3844 ipsius
2973 3790 3199 3830 munere
3248 3773 3593 3831 collocatum.

320 3864 447 3931 iusti
486 3865 871 3920 constituentur
904 3865 1056 3920 multi
1088 3864 1266 3938 (Rom.
1300 3865 1391 3937 v)?
1419 3864 1746 3920 Peccatores
1770 3875 1910 3931 quo-
2014 3863 2123 3920 Sed
2176 3864 2302 3934 quia
2344 3864 2413 3919 ab
2458 3865 2563 3920 hac
2605 3865 2674 3920 ad
2721 3864 2913 3920 laevum
2954 3867 3163 3935 peccati
3211 3866 3314 3920 iter
3347 3866 3595 3932 detorsit,

290 3956 483 4012 .mudo
530 3956 683 4011 multi
710 3964 768 4011 et
815 3972 922 4012 non
976 3971 1171 4013 omnes
1234 3956 1544 4022 videantur,
1603 3970 1727 4011 cum
1767 3953 1911 4008 idem
2013 3952 2208 4008 merito
2250 3968 2394 4008 nunc
2439 3953 2640 4008 dicitur
2671 3952 2994 4019 declinasse,
3040 3954 3182 4010 sicut
3227 3953 3475 4025 exemplo
3515 3966 3599 4011 est

319 4048 596 4119 apostolus
629 4049 763 4105 dicit
790 4067 804 4104 :
835 4049 971 4118 Quia
998 4064 1191 4107 omnes
1229 4056 1615 4122 peccaverunt,
1647 4046 1915 4105 debemus
2012 4043 2220 4115 primus
2249 4044 2413 4100 homo
2441 4041 2635 4111 Adam,
2664 4043 2756 4116 qui
2784 4044 2851 4100 de
2879 4045 3113 4115 paradisi
3148 4046 3233 4101 via
3260 4053 3410 4101 recta
3437 4047 3602 4104 male-

319 4140 608 4196 ostcmlere
662 4140 807 4196 aliud
856 4156 1149 4213 peccasse,
1199 4141 1343 4197 aliud
1387 4147 1731 4213 peccatorem
1768 4157 1909 4199 esse.
2014 4135 2170 4194 suadi
2258 4135 2448 4192 fraude
2515 4137 2787 4208 serpentis
2862 4137 2929 4193 ad
2985 4153 3181 4208 pravas
3227 4148 3284 4195 et
3327 4148 3599 4198 tortuosas

319 4230 585 4289 Peccator
634 4232 833 4289 dicitur
862 4235 932 4300 is,
959 4233 1054 4305 qui
1084 4232 1255 4289 multa
1290 4231 1650 4304 delinquendo
1693 4234 1747 4287 in
1777 4249 1910 4289 con-
2015 4227 2266 4286 mortalis
2311 4227 2435 4284 vitat
2484 4220 2708 4285 semitas
2750 4228 3061 4286 declinavit.
3107 4230 3335 4304 (Ambr.)
3385 4229 3598 4288 Nemini

321 4323 661 4380 suetudinem
681 4331 758 4391 et,
777 4323 924 4379 utita
946 4326 1145 4392 dicam,
1162 4325 1398 4382 studium
1413 4325 1673 4396 peccandi
1687 4322 1802 4393 jam
1821 4338 1915 4380 ve-
2015 4319 2237 4377 dubium
2256 4319 2387 4391 quin
2413 4336 2604 4377 omnes
2629 4335 2737 4378 non
2761 4331 3068 4392 quaerentes
3105 4322 3297 4389 Deum,
3339 4323 3601 4380 inclinen-

323 4414 437 4481 nit;
462 4415 603 4472 sicut
634 4432 667 4472 e
702 4418 978 4474 contrario
995 4416 1179 4487 justus
1202 4434 1310 4476 non
1327 4419 1526 4475 dicitur
1558 4419 1605 4476 is
1637 4419 1729 4490 qui
1746 4418 1915 4474 semel
2014 4421 2127 4479 tur,
2152 4419 2213 4467 ut
2233 4412 2495 4468 auxilium
2520 4414 2801 4483 requirant
2824 4430 2854 4470 a
2876 4415 3117 4471 vanitate
3142 4434 3156 4471 :
3181 4417 3394 4472 vanitas
3414 4428 3597 4473 autem

324 4516 419 4601 aut
448 4506 531 4563 bis
559 4507 762 4601 aliquid
796 4507 1024 4578 justitiae
1067 4508 1279 4578 fecerit,
1300 4509 1544 4601 sedille
1578 4510 1669 4581 qui
1696 4525 1913 4601 semper
1935 4537 1991 4601 D
2015 4512 2099 4601 εει
2125 4504 2349 4601 idolum,
2387 4504 2773 4601 ideo_inutiles
2807 4505 2968 4601 tluut.
2996 4505 3139 4601 lstos
3169 4522 3359 4564 omnes
3387 4516 3599 4601 etkpro-

315 4593 466 4663 juste
494 4599 723 4669 agendo,
778 4614 876 4655 usu
917 4607 973 4655 et
1010 4600 1404 4657 consuetudine
1422 4598 1695 4671 justitiam
1722 4600 1908 4656 habet.
1935 4593 1982 4601 '
2015 4596 2179 4669 pheta
2199 4595 2466 4654 Jeremias
2494 4595 2761 4669 signiﬁcat
2790 4596 2979 4654 dicens
3006 4598 3149 4655 inter
3175 4609 3407 4657 caetera:
3445 4599 3599 4659 Tune

325 4686 463 4742 Nam
492 4688 538 4743 si
567 4689 691 4758 quis
719 4688 774 4744 iu
801 4690 1013 4745 caeteris
1055 4689 1168 4745 fere
1207 4689 1520 4747 hominibus
1558 4690 1793 4762 injustus
1817 4690 1907 4757 sit,
2014 4705 2205 4747 omnes
2236 4691 2645 4747 insurrexerunt
2675 4691 2729 4746 in
2755 4693 3075 4762 prophetam
3097 4693 3329 4762 Domini,
3359 4695 3603 4751 volentes

326 4778 495 4833 semel
521 4789 704 4834 autem
729 4780 813 4834 vel
841 4780 926 4836 bis
947 4780 1150 4852 aliquid
1172 4781 1306 4851 justi
1330 4782 1510 4853 operis
1538 4783 1696 4854 gerit,
1728 4782 1830 4837 iste
1856 4782 1911 4836 in
2014 4783 2265 4840 occidere
2285 4800 2438 4850 eum;
2466 4793 2522 4841 et
2543 4785 2819 4856 sequitur:
2852 4783 3035 4843 Omnis
3059 4796 3233 4843 autem
3253 4788 3475 4860 populus
3498 4806 3602 4843 non

325 4884 393 4925 eo
421 4869 641 4940 quidem
663 4886 825 4942 opere
847 4873 900 4929 iu
927 4888 1035 4945 quo
1056 4872 1323 4943 justitiam
1353 4876 1543 4943 tenuit,
1570 4873 1719 4944 juste
1738 4876 1914 4947 egisse
2016 4876 2248 4946 permisit
2278 4876 2395 4931 illos
2437 4876 2572 4948 (Jer.
2604 4876 2776 4951 xxvi).
2809 4876 2952 4950 Ergo
2975 4894 3165 4935 omnes
3185 4879 3336 4945 dicit,
3368 4879 3461 4935 sed
3489 4894 3604 4933 ma-

326 4962 623 5029 dieeretur,
657 4980 763 5020 non
786 4972 967 5021 tamen
998 4982 1061 5021 ex
1093 4967 1197 5021 hoc
1209 4961 1391 5034 justus
1415 4966 1807 5038 appellabitur;
1839 4966 1915 5022 ita
2019 4964 2140 5020 los:
2173 4974 2227 5020 ct
2257 4980 2472 5033 omnes,
2519 4967 2616 5023 scd
2654 4968 2852 5034 bonos;
2897 4984 3069 5038 neque
3105 4969 3273 5035 enim,
3312 4970 3437 5039 quia
3474 4970 3605 5026 dicit

326 5065 384 5114 et
420 5055 602 5127 justus
644 5074 901 5129 peccasse
935 5060 1154 5131 quidem
1186 5060 1408 5126 dicitur,
1453 5060 1498 5116 si
1528 5058 1730 5129 aliquid
1760 5073 1911 5115 com-
2020 5071 2195 5111 omnes
2245 5055 2657 5122 declinaverunt,
2710 5065 2876 5112 totam
2904 5057 3119 5126 penitus
3145 5056 3357 5126 plebem
3390 5057 3600 5130 signifi-

327 5151 538 5208 miserit
579 5151 871 5223 aliquando
913 5157 1058 5225 quod
1088 5169 1194 5210 non
1242 5154 1404 5221 licet;
1457 5171 1565 5211 non
1619 5162 1798 5208 tamen
1848 5167 1917 5207 ex
2018 5155 2129 5211 cat,
2176 5144 2272 5201 sed
2317 5145 2457 5201 hanc
2509 5153 2721 5216 partem
2772 5144 2945 5214 plebis
2989 5142 3139 5199 sicut
3168 5150 3227 5199 et
3269 5156 3602 5203 memoratus

327 5243 434 5299 hoc
475 5252 730 5313 peccator
771 5245 1152 5316 appellabitur,
1198 5246 1291 5316 qui
1340 5246 1601 5317 peccandi
1652 5260 1808 5300 usum
1860 5252 1916 5301 et
2016 5241 2282 5312 propheta
2310 5239 2499 5305 refert,
2525 5240 2578 5294 in
2614 5254 2719 5311 qua
2744 5253 2937 5294 omnes
2962 5237 3089 5294 mali
3115 5239 3552 5296 secendiderunt
3586 5256 3613 5296 ε

331 5337 778 5395 consuetudinem
810 5355 916 5395 non
951 5349 1117 5396 tenet.
1154 5338 1309 5396 Sicut
1334 5348 1393 5395 et
1420 5340 1664 5396 medicus
1695 5354 1801 5394 non
1827 5336 1919 5393 ille
2020 5346 2236 5402 semper
2260 5329 2410 5386 enim
2436 5329 2545 5386 duo
2572 5328 2755 5401 populi
2795 5337 2921 5385 sunt
2956 5330 3008 5386 in
3037 5345 3143 5385 una
3175 5329 3350 5400 plebe.
3392 5328 3491 5387 llic
3519 5340 3605 5388 est

330 5427 550 5495 dicitur,
595 5430 688 5500 qui
714 5438 772 5487 et
792 5430 988 5488 leviter
1034 5441 1206 5504 ruptae
1234 5431 1431 5502 capitis
1459 5430 1570 5485 cuti
1607 5430 1712 5486 scit
1744 5429 1921 5499 impo-
2024 5438 2154 5495 ergo
2179 5423 2424 5495 populus,
2458 5436 2619 5493 quem
2666 5422 2914 5493 increpat
2962 5421 3245 5489 Dominus,
3264 5421 3364 5479 sub
3390 5422 3611 5479 nomine

331 5534 461 5575 uere
500 5535 777 5589 araneam,
812 5532 907 5578 aut
943 5523 1038 5593 qui
1080 5531 1348 5580 tumorem
1378 5522 1622 5579 vulneris
1656 5537 1798 5593 aqua
1826 5537 1921 5579 ca-
2024 5513 2322 5571 Jerusalem
2364 5514 2588 5570 dicens:
2618 5512 2938 5579 Jerusalem,
2976 5511 3295 5579 Jerusalem,
3326 5530 3445 5586 quae
3470 5514 3607 5569 occi-

331 5606 441 5665 lida
478 5607 681 5677 fovere,
723 5613 974 5684 quamvis
1018 5613 1183 5668 etiam
1216 5614 1321 5671 hoc
1350 5613 1635 5669 medicina:
1673 5628 1794 5670 esse
1836 5615 1920 5671 vi-
2027 5609 2108 5664 dis
2129 5606 2409 5678 prophetas
2438 5605 2653 5675 (Matth.
2683 5604 2839 5678 χχιιι)
2865 5622 2878 5671 ;
2909 5613 2966 5660 et
2986 5604 3093 5661 alio
3113 5604 3233 5663 loco
3258 5625 3271 5661 :
3298 5604 3608 5671 Generatio,

332 5700 562 5769 deatur;
618 5705 713 5761 sed
746 5704 835 5760 ille
879 5705 1082 5760 dicitur
1126 5705 1390 5770 medicus,
1440 5705 1535 5775 qui
1581 5721 1762 5769 usum,
1809 5714 1923 5762 stu-
2026 5702 2123 5766 ait,
2146 5700 2285 5755 mala
2310 5710 2359 5755 et
2384 5699 2625 5755 adultera
2650 5697 3077 5769 (Mattlt.xtt),et
3103 5699 3253 5753 natio
3274 5698 3601 5769 viperarum.

333 5791 484 5850 dium
510 5804 564 5852 et
593 5796 932 5870 disciplinam
969 5798 1130 5854 habet
1172 5796 1442 5854 medendi.
1471 5797 1547 5853 Ex
1579 5799 1775 5868 quibus
1803 5814 1922 5855 om-
2028 5794 2102 5849 De
2140 5792 2446 5866 bujusmodi
2489 5793 2735 5864 queritur
2763 5800 2820 5846 ct
2854 5788 2968 5862 jam
2996 5792 3257 5863 propheta
3299 5790 3493 5859 Isaias,
3526 5787 3607 5843 div-
3668 5826 3673 5833 .
