3998 6202
418 199 554 256 1355
1043 203 1106 260 Β.
1144 203 1396 264 RABANI
1435 208 1654 270 MAURI
1693 212 1918 270 ARCllll

2049 215 2360 278 IIOGUNT.
2399 223 2683 286 OPERUM
2717 230 2899 292 PARS
2937 233 3022 292 ΙΙΙ.
3519 246 3656 314 1336

414 329 546 371 cens
633 313 725 420 ’V'a:
745 317 1176 420 gentilieccalrici
1192 360 1207 383 ,
1231 321 1416 374 semini
1431 323 1652 392 pessimo
1675 322 1880 396 [semini
1895 341 1982 379 ne-
2009 325 2060 386 Α
2085 335 2139 382 et
2169 330 2468 402 iuturbata;
2493 339 2668 396 omnis
2696 341 2840 396 enim
2867 343 3006 398 bona
3033 344 3142 400 vita
3170 350 3459 420 tranquilla
3492 364 3581 412 est
3607 365 3660 414 et

411 401 594 507 fuam]
629 403 762 507 (1δαί
787 405 982 507 1)..Per
1019 407 1214 463 malam
1263 411 1406 466 enim
1455 413 1806 481 voluntatem,
1856 416 1982 471 dum
2083 428 2234 478 actus
2257 401 2480 482 modesti
2511 427 2598 484 isti
2631 441 2755 486 sunt
2789 432 3020 502 pacifici,
3058 446 3174 507 etp
3209 401 3659 504 risms-iIJa;

411 494 618 552 fructus
647 497 814 552 malos
835 495 1060 564 faciunt,
1088 515 1270 557 semen
1295 505 1586 572 pessimum
1609 515 1754 572 sunt,
1778 515 1833 561 et
1855 508 1982 578 quia
2080 508 2268 566 Deum.
2317 512 2395 569 Illi
2411 531 2539 586 ergo
2579 518 2696 574 hmo
2736 494 2978 579 nolentes
3005 494 3182 592 iscire,
3208 494 3656 600 elegerunt—via;

409 589 751 699 sivoi‘ueriu't
774 599 1000 699 possunt
1024 594 1284 699 converti,
1314 609 1414 650 vox
1439 596 1898 699 probatoApostoli
1924 599 1980 653 in
2078 604 2502 674 tribulationum,
2533 625 2631 680 per
2661 627 2820 681 quam
2845 615 2955 670 itur
2986 617 3053 672 ad
3083 589 3409 688 gehennam.
3451 589 3655 699 (Origii

408 677 515 734 alia
545 679 777 781 [Epistola
805 681 1032 781 dicentis
1061 701 1074 736 :
1103 682 1413 781 Enn-tusci
1455 703 1547 741 nos
1569 687 1852 759 aliquando
1877 707 1975 745 na-
2077 695 2180 764 Qui
2223 699 2462 768 quolibet
2489 677 2746 759 seandalo
2771 705 3004 761 animam
3034 723 3064 762 a
3084 677 3206 765 Deo
3229 677 3510 781 separant,

405 778 535 863 tura
553 769 650 839 ﬁlii
675 771 768 824 ira:
790 771 923 863 sicut
941 781 998 863 et
1027 775 1202 863 caeteri
1228 774 1443 846 (Ephes.
1477 777 1558 850 ιι).
2074 791 2396 861 sanguiuum
2442 795 2829 863 nominantur;
2872 798 3013 854 sicut
3039 801 3186 856 enim
3212 769 3654 862 homicida'dici;

479 855 603 965 Ν.οἾ
627 861 814 965 estqui
841 861 1004 965 faciat
1031 862 1246 965 bpnum,
1278 883 1380 965 non
1403 878 1478 965 est
1503 886 1664 965 usque
1686 871 1756 926 ad
1788 887 1969 926 unum.
2073 887 2161 935 tur
2181 855 2279 935 ille
2314 883 2406 953 qui
2445 900 2640 954 corpus
2680 887 2749 943 ab
2788 855 2966 945 anima
2992 855 3648 965 separat:qiia:i;it—i;.

403 947 606 1049 (tt-mh.)
624 949 758 1049 Quia
783 951 1025 1022 neglecto
1051 954 1162 1009 Deo
1191 955 1408 1049 inutiles
1435 957 1567 1049 facti
1593 967 1738 1026 sunt,
1769 961 1970 1016 bonum
2071 977 2178 1037 tur,
2212 971 2284 1026 ita
2309 947 2364 1028 et
2389 947 2558 1032 multo
2583 977 2746 1032 etiam
2776 981 2956 1036 verius
2976 947 3071 1038 ιιιὲ
3085 947 3370 1042 homicida

398 1041 584 1146 utique
611 1041 796 1146 facere
822 1059 926 1100 non
951 1054 1204 1117 possunt;
1226 1046 1336 1118 iam
1358 1048 1502 1104 enim
1549 1051 1824 1122 depravati
1843 1067 1970 1126 pro-
2067 1069 2170 1128 est,
2213 1064 2304 1131 qui
2340 1065 2575 1121 animam
2600 1082 2631 1122 a
2655 1084 2781 1125 vera
2821 1071 2933 1126 vita
2958 1085 3191 1143 separat,
3224 1091 3348 1146 quas

397 1129 662 1242 ﬁci‘puti‘n
688 1134 860 1205 pejus.
1643 1233 1666 1242 _
1897 1233 1932 1242 __
2066 1129 2460 1242 Pedes—mutem
2506 1155 2610 1212 hoc
2650 1157 2702 1212 in
2740 1158 2859 1216 loco
2894 1129 3651 1242 ιιιοεῖηιειὶῖέέίάἷιιῖιῖιῖιξέ

467 1225 774 1330 Sepulcrum
815 1239 997 1330 patens
1040 1240 1114 1285 est
1158 1241 1580 1330 guttur-eorum.
1635 1233 1754 1289 Jam
1803 1233 1964 1290 malis
2063 1237 2196 1294 dicit
2240 1239 2550 1313 Propheta:
2582 1245 2690 1302 Mei
2737 1259 2912 1304 autem
2953 1269 3082 1322 pene
3134 1225 3260 1308 moli
3292 1225 3441 1312 'sunt
3461 1225 3648 1330 ‘pedes

392 1319 901 1418 mancipati-bonos,
918 1321 964 1376 si
983 1330 1166 1393 posset
1187 1323 1322 1388 fieri,
1342 1323 1602 1379 devorare
1622 1325 1962 1391 volebant,ut
2063 1326 2236 1397 (Psal.
2270 1334 2481 1407 uxrn),
2523 1337 2627 1393 hoc
2667 1346 2752 1394 est
2795 1319 3078 1398 consilium
3125 1361 3232 1416 quo
3271 1319 3502 1418 agimus,
3541 1353 3648 1409 iter

391 1410 532 1465 sicut
557 1409 862 1482 sepulcrum
894 1423 1044 1484 patet
1069 1413 1136 1468 ad
1163 1415 1466 1485 recipienda
1493 1417 1775 1480 cadavera,
1805 1415 1878 1470 ita
1905 1422 1960 1470 et
2060 1419 2202 1476 vitae.
2230 1421 2508 1493 Contritio,
2533 1426 2726 1498 inquit,
2755 1439 2807 1484 et
2827 1431 3108 1501 infelicitas
3135 1409 3190 1489 in
3219 1409 3560 1507 uiisveoruns,
3595 1454 3646 1497 et

398 1504 658 1559 adversus
699 1505 868 1560 bonos
906 1514 1091 1577 guttur
1127 1522 1332 1562 eorum.
1373 1505 1567 1580 (Orig)
1621 1507 1842 1562 Videtur
1863 1521 1958 1562 au—
2056 1512 2195 1566 viam
2237 1514 2382 1584 pacis
2424 1533 2527 1570 non
2563 1531 2931 1589 cognouerunt.
2957 1521 3112 1578 Unde
3137 1525 3266 1580 dicit
3295 1525 3352 1580 in
3379 1504 3640 1600 psalmis:

386 1605 494 1652 tem
519 1596 714 1654 Paulus
735 1599 838 1654 hoc
862 1599 914 1654 in
942 1598 1060 1654 loco
1090 1600 1263 1671 majus
1284 1599 1482 1670 aliquid
1514 1600 1566 1655 in
1593 1600 1732 1666 istis,
1757 1601 1823 1655 de
1844 1599 1956 1670 qui-
1983 1669 2026 1688 -
2057 1598 2163 1656 Cor
2192 1604 2472 1659 contritum
2493 1615 2540 1660 et
2566 1607 2902 1663 humiliatum
2927 1611 3068 1666 Deus
3098 1629 3203 1668 non
3231 1596 3435 1685 spernit
3461 1615 3639 1688 (Psal.

382 1687 483 1770 bus
505 1702 684 1744 sermo
697 1698 800 1755 est,
825 1690 1109 1744 ostendere
1123 1669 1387 1757 criminis,
1403 1705 1525 1746 cum
1539 1706 1634 1746 eos
1648 1689 1950 1761 sepulcrum
1981 1669 2029 1732 8
2056 1690 2140 1766 1.);
2175 1693 2268 1749 sed
2295 1694 2438 1752 illam
2465 1697 2598 1752 dicit
2631 1700 3032 1768 contritionem,
3074 1719 3177 1774 qua
3204 1669 3524 1775 peccatores
3557 1709 3641 1765 di—

380 1795 489 1836 non
529 1788 727 1836 tectum
760 1795 932 1851 neque
962 1790 1304 1851 coopertum,
1345 1784 1438 1839 sed
1477 1793 1659 1854 patens
1687 1782 1947 1853 appellat;
2053 1793 2250 1840 cuntur
2293 1797 2576 1843 conterere
2609 1787 2798 1860 iugum
2837 1791 3049 1848 Domini
3077 1802 3132 1848 et
3159 1796 3432 1866 projicere
3460 1815 3493 1853 a
3519 1815 3638 1854 eer-

379 1873 559 1928 clausa
581 1874 723 1928 enim
745 1873 990 1944 sepulcra
1005 1874 1275 1942 dicuntur,
1289 1891 1422 1946 quos
1439 1877 1824 1947 aliquantulum
1845 1893 1948 1949 pu-

377 1966 476 2020 dor
495 1965 709 2022 cohibet
725 1966 901 2036 palam
924 1966 1254 2038 delinquere,
1269 1969 1576 2054 etproferre
1591 1970 1658 2025 ad
1677 1970 1946 2042 publicum

375 2056 601 2112 crimina
651 2073 747 2114 sua
792 2075 806 2110 :
849 2066 1040 2128 patens
1083 2075 1212 2115 vero
1256 2060 1560 2132 sepulcrum
1605 2063 1860 2118 dicuntur
1889 2063 1944 2118 hi

374 2149 467 2218 qui
510 2148 876 2214 immunditias
917 2166 1042 2207 suas
1094 2159 1149 2207 et
1191 2153 1528 2224 impuritates
1566 2154 1622 2209 in
1663 2155 1944 2230 propatulo

370 2239 602 2308 habent;
627 2241 822 2312 quibus
847 2242 1134 2298 assiduitas
1157 2251 1212 2298 et
1236 2259 1365 2299 usus
1389 2244 1672 2311 scelerum,
1695 2245 1839 2316 quod
1861 2253 1944 2301 est

369 2331 426 2388 in
452 2332 608 2388 malis
632 2332 896 2399 ultimum,
931 2335 1094 2390 etiam
1124 2335 1534 2391 commissorum
1559 2337 1939 2392 verecundiam

368 2425 614 2492 sustulit,
660 2434 719 2480 ut
747 2426 860 2497 jam
901 2442 1008 2482 non
1053 2428 1298 2498 aperiant
1314 2443 1377 2484 os
1399 2445 1556 2484 suum
1585 2436 1640 2484 et
1662 2427 1938 2499 proferant

365 2518 589 2574 verbum
634 2518 750 2586 Dei,
795 2521 1018 2576 verbum
1062 2521 1265 2589 vivum,
1313 2522 1407 2578 sed
1459 2523 1706 2594 aperiant
1753 2533 1938 2595 guttur

363 2625 570 2674 eorum,
602 2617 656 2667 et
684 2608 964 2680 proferant
991 2613 1214 2670 verbum
1241 2623 1533 2682 mortuum,
1565 2617 1789 2671 verbum
1819 2614 1934 2671 dia-

361 2701 490 2766 boli,
518 2717 622 2757 non
643 2703 711 2759 de
741 2703 922 2770 corde,
954 2704 1048 2760 sed
1074 2705 1139 2760 de
1167 2706 1431 2778 sepulcro.

429 2795 645 2867 Linguis
677 2796 788 2852 suis
814 2795 990 2852 dolose
1010 2797 1250 2870 agebant.
1289 2796 1522 2872 (Ambr.)
1551 2799 1652 2868 Qui
1675 2807 1782 2856 tam
1809 2815 1928 2855 ma-

357 2887 424 2942 lis
455 2887 708 2958 operibus
736 2889 1119 2957 adsueverant,
1143 2905 1264 2962 quae
1285 2891 1662 2962 loquebantur,
1694 2893 1748 2948 in
1776 2890 1928 2949 falla-

2049 1875 2258 1960 vicibus
2288 1878 2419 1934 suis.
2470 1877 2733 1936 Similiter
2757 1889 2810 1938 et
2837 1882 3146 1956 infelicitas,
3191 1887 3276 1943 vel
3319 1890 3468 1944 sicut
3504 1892 3634 1948 alibi

2048 1967 2265 2039 legitur,
2289 1971 2502 2026 miseria
2527 1973 2899 2045 accipiendum
2928 1987 3030 2042 est,
3071 1993 3178 2050 qua
3204 1981 3374 2036 miser
3402 1980 3633 2039 eﬂectus

2046 2069 2132 2114 est
2173 2060 2336 2116 homo
2371 2070 2426 2117 et
2472 2063 2688 2131 infelix,
2737 2066 2827 2138 qui
2854 2083 2970 2120 cum
2997 2068 3051 2122 in
3077 2069 3271 2126 honore
3311 2084 3487 2137 esset,
3524 2091 3630 2128 non

2043 2149 2318 2216 intellexit,
2347 2155 2438 2207 sed
2457 2166 2789 2225 comparatus
2827 2165 2904 2213 est
2932 2157 3188 2229 jumentis
3231 2161 3626 2232 insipientibus,

2041 2249 2092 2296 et
2115 2241 2300 2297 similis
2329 2243 2501 2313 factus
2532 2257 2606 2300 est
2641 2248 2717 2303 eis
2766 2245 2940 2320 (Psal.
2959 2251 3170 2325 ηνιιι).
3201 2253 3267 2308 Et
3296 2255 3444 2308 viam
3473 2258 3627 2325 pacis

2040 2346 2148 2386 non
2178 2345 2566 2406 cognoverunt.
2595 2336 2705 2394 Pax
2736 2350 2919 2396 nostra
2947 2341 3197 2400 Christus
3221 2349 3335 2411 est;
3368 2347 3460 2401 via
3488 2364 3626 2420 ergo

2037 2423 2205 2492 pacis,
2222 2425 2308 2478 via
2323 2425 2524 2484 Christi
2543 2438 2646 2485 est.
2675 2429 2780 2487 Sed
2809 2433 2910 2488 etsi
2941 2436 3271 2505 accipiamus
3303 2439 3452 2508 quod
3493 2454 3624 2510 pec-

2036 2523 2272 2582 catores,
2301 2516 2427 2573 dum
2452 2520 2705 2576 vitiorum
2732 2523 2888 2578 bellis
2913 2540 3127 2595 semper
3142 2535 3427 2598 urgentur,
3473 2531 3621 2584 viam

2032 2605 2185 2674 pacis
2197 2605 2466 2676 ignorant,
2483 2619 2628 2667 recte
2643 2611 3009 2684 intelligimus.
3022 2615 3162 2671 Dicit
3179 2618 3324 2672 enim
3339 2617 3618 2690 Propheta

2033 2693 2100 2748 ad
2128 2694 2412 2754 Dominum
2431 2717 2445 2753 :
2463 2697 2583 2756 Pax
2603 2702 2767 2758 multa
2795 2705 3128 2777 diligentibus
3155 2725 3342 2764 nomen
3361 2719 3537 2775 tuam,
3565 2721 3616 2765 et

2030 2800 2136 2841 non
2179 2796 2256 2841 est
2304 2786 2411 2844 illis
2465 2792 2774 2848 scandalum
2836 2794 3007 2866 (Psal.
3057 2795 3269 2869 cxvm).
3301 2797 3409 2852 Sed
3438 2807 3497 2854 et
3522 2798 3617 2854 ille

2026 2875 2256 2948 populus
2283 2879 2375 2950 qui
2401 2881 2468 2936 de
2492 2880 2726 2955 Egypto
2761 2886 2983 2941 eductus
3010 2895 3126 2953 est,
3157 2888 3300 2942 viam
3336 2889 3495 2959 pacis
3530 2889 3646 2944 in-'

356 2977 438 3032 cia
468 2985 641 3032 erant.
671 2976 865 3051 (0rig.)
889 2978 1052 3035 Dolus
1077 2989 1158 3036 est
1177 2997 1298 3038 cum
1328 2981 1470 3036 aliud
1493 2982 1612 3050 quis
1635 2981 1814 3054 lingua
1841 2983 1918 3038 lo-

2027 2967 2214 3035 cessit,
2241 2977 2302 3024 ut
2328 2969 2380 3024 in
2414 2977 2612 3027 terram
2642 2976 3074 3046 repromissionis
3108 2979 3335 3046 veniret,
3364 2987 3420 3034 et
3453 2979 3614 3035 habi-

2030 3065 2168 3082 ιιι-Αι
2195 3058 2243 3082 ε...
2269 3056 2553 3082 ἰη----1-Α-
2607 3079 2709 3082 An,“
2736 3065 2751 3082 ρ
2797 3074 2812 3082 -
2860 3081 2863 3082 ,
2954 3077 2990 3082 κ-
3033 3075 3046 3082 -
3164 3069 3177 3082 ο
3212 3070 3226 3082 ο
3384 3071 3397 3081 -
3497 3071 3510 3082 ο
3591 3077 3604 3082 -

353 3067 560 3136 quitur,
583 3076 639 3122 et
667 3068 808 3123 aliud
835 3069 1043 3126 volutat
1064 3071 1118 3126 in
1142 3071 1302 3127 corde
1341 3085 1356 3124 :
1396 3071 1539 3141 quod
1572 3072 1776 3126 crimen
1806 3088 1927 3127 nes-

353 3157 438 3212 cio
486 3158 543 3232 si
580 3159 666 3214 vel
694 3159 872 3230 iustos
911 3175 1153 3231 quosque
1187 3170 1242 3216 et
1287 3161 1490 3218 electos
1525 3162 1793 3232 relinquat
1833 3163 1925 3218 im-

352 3229 564 3304 munes.
589 3247 694 3303 Sed
722 3258 850 3319 puto
877 3229 1020 3320 quod
1047 3229 1184 3306 alius
1209 3251 1353 3322 plus,
1381 3252 1518 3307 alius
1545 3229 1742 3313 minus,
1767 3267 1924 3308 nemo

352 3350 532 3395 tamen
562 3340 636 3396 sit
660 3341 729 3396 ab
756 3341 860 3396 hoc
889 3341 956 3396 ad
982 3340 1280 3411 perfectum
1317 3357 1505 3414 purus,
1534 3341 1637 3396 nisi
1665 3341 1752 3396 ille
1777 3341 1924 3397 solus

349 3434 418 3489 de
437 3449 546 3504 quo
563 3433 822 3504 scriptum
843 3442 958 3489 est.
978 3432 1082 3500 Qui
1108 3443 1376 3504 peccatum
1404 3449 1507 3488 non
1534 3432 1674 3504 fecit,
1713 3449 1805 3488 nec
1834 3433 1923 3488 do-

347 3534 437 3581 tus
461 3527 702 3580 inuentus
723 3534 798 3582 est
826 3527 882 3581 in
907 3543 996 3582 ore
1027 3527 1143 3598 ejus
1173 3525 1226 3600 (Ι
1253 3527 1370 3582 Pet.
1399 3529 1485 3599 ιι).

425 3613 697 3670 Venenum
724 3614 965 3686 aspidum
998 3615 1092 3670 sub
1125 3615 1278 3671 labiis
1312 3633 1516 3673 eorum.
1545 3617 1780 3691 (Ambr.)
1808 3617 1922 3674 Hoc

346 3706 495 3774 dicit,
550 3707 678 3780 quia
726 3707 890 3762 verba
935 3705 1246 3777 huiusmodi
1295 3708 1575 3765 hominum
1621 3709 1920 3780 muscipula

344 3805 487 3852 sunt.
517 3797 599 3851 Ad
630 3797 732 3852 hoc
769 3796 912 3852 enim
939 3795 1256 3868 loquuntur,
1278 3807 1336 3853 ut
1365 3799 1657 3870 decipiant,
1693 3807 1754 3855 ut
1779 3801 1920 3856 sicut

339 3905 440 3960 per
481 3891 621 3946 labia
665 3891 933 3961 serpentis
976 3905 1242 3946 venenum
1284 3891 1604 3959 infunditur,
1635 3893 1710 3947 ita
1742 3900 1796 3949 et
1821 3909 1920 3965 per

345 3982 485 4038 labia
513 3998 700 4038 eorum
730 3982 884 4037 dolus
908 3990 963 4037 et
983 3982 1486 4039 circuniventiones.
1513 3983 1708 4058 (θήρ.)
1733 3985 1920 4040 Potest

348 4073 518 4144 accipi
562 4073 664 4129 hoc
693 4081 748 4128 et
775 4071 841 4128 de
885 4070 970 4128 his
1011 4073 1104 4142 qui
1153 4072 1548 4128 calumniarum
1593 4075 1915 4130 commentis

339 4163 768 4236 circumveniunt
787 4163 1063 4228 homines;
1086 4171 1265 4234 potest
1291 4172 1348 4218 et
1365 4165 1432 4220 de
1456 4164 1540 4221 his
1565 4165 1656 4236 qui
1686 4181 1784 4236 per
1812 4167 1917 4222 hm-

343 4253 568 4309 reticam
607 4254 906 4312 doctrinam
939 4268 1148 4310 veneno
1188 4253 1385 4311 diaboli
1412 4252 1666 4312 infectam
1705 4257 1914 4312 animas

337 4345 613 4416 decipiunt
631 4345 976 4418 simplicium.

409 4436 644 4502 Quorum
666 4453 722 4491 os
744 4437 1106 4493 maledictione
1131 4447 1179 4494 et
1202 4438 1556 4494 antaritudine
1577 4439 1786 4510 plenum
1807 4450 1902 4495 est.

337 4527 572 4601 (:imbr.)
593 4526 931 4583 Manifestum
953 4537 1054 4596 est,
1077 4529 1202 4600 quia
1219 4538 1406 4584 contra
1429 4531 1598 4585 bonos
1613 4529 1738 4585 mali
1760 4545 1906 4586 sem-

333 4635 434 4690 per
461 4617 743 4675 maledicta
767 4626 824 4674 et
844 4634 1026 4675 amara
1051 4631 1356 4692 proponunt
1379 4623 1433 4677 in
1459 4623 1762 4678 convicium
1791 4623 1907 4678 illo-

333 4728 452 4767 rum
477 4719 891 4782 prorumpentes
940 4721 993 4766 et
1014 4712 1424 4769 detractionem.
1449 4713 1646 4786 (0rig.)
1693 4715 1907 4770 Maledi-

330 4806 457 4862 Ctio.
481 4803 617 4860 Huic
643 4810 824 4858 tamen
849 4810 905 4858 et
925 4801 1230 4859 amaritudo
1253 4802 1616 4874 coniungitur,
1649 4807 1774 4877 quia
1834 4823 1902 4862 ex

329 4893 622 4950 iracundiae
668 4891 791 4948 felle
831 4893 1166 4963 depromitur
1208 4908 1222 4948 :
1265 4909 1362 4964 per
1396 4893 1727 4950 iracundiam
1759 4897 1902 4950 enim

328 5002 391 5042 ac
436 4985 676 5041 furorem
719 4984 788 5040 ad
838 4983 1265 5040 maledicendum
1315 4985 1496 5057 lingua
1543 4985 1898 5057 compellitur.

407 5074 616 5131 Veloces
662 5075 816 5147 pedes
854 5092 1034 5130 eorum
1061 5075 1131 5129 ad
1163 5073 1896 5148 effundendum,sanguinem.

327 5166 562 5239 (Ambr.)
605 5166 720 5222 Hoc
743 5166 812 5221 de
833 5181 966 5222 nece
995 5167 1379 5238 prophetarum
1407 5166 1565 5232 dixit,
1597 5182 1732 5237 quos
1757 5167 1898 5222 occi-

325 5258 518 5312 derunt
549 5257 797 5326 impigre,
833 5256 901 5310 ad
930 5258 1128 5312 bonum
1176 5272 1388 5328 segnes,
1439 5257 1506 5312 ad
1551 5257 1897 5326 parricidium

324 5347 558 5404 veloces.
597 5347 852 5404 Conlritio
883 5357 928 5401 ct
965 5347 1244 5418 infelicitas
1282 5349 1337 5402 in
1364 5349 1458 5402 uiis
1501 5365 1698 5402 eorum.
1749 5348 1891 5417 Quo-

321 5439 466 5491 niam
511 5438 660 5494 citati
705 5447 864 5493 erant
897 5437 964 5493 ad
1001 5438 1480 5506 malefaciendum,
1524 5440 1627 5494 iter
1656 5439 1894 5510 ipsorum

320 5525 408 5582 vel
459 5542 705 5596 gressum
755 5527 1064 5582 tribulatum
1101 5537 1156 5583 et
1202 5528 1470 5585 Infelicem
1519 5529 1890 5598 pronuntiant.

321 5616 390 5671 Et
428 5615 562 5670 viam
605 5617 748 5685 pacis
781 5633 882 5670 non
919 5629 1284 5688 cognoverunt.
1347 5619 1440 5674 Via
1467 5621 1616 5690 pacis
1645 5619 1783 5676 lenis
1809 5629 1890 5677 est

2030 3065 2174 3113 taret
2195 3058 2247 3112 in
2263 3056 2580 3126 Jerusalem,
2597 3079 2718 3135 quae
2735 3065 3118 3136 interpretatur
3130 3069 3257 3124 visio
3276 3071 3444 3136 pacis,
3464 3071 3612 3126 sicut

2026 3159 2081 3206 et
2103 3150 2377 3221 Propheta
2408 3153 2539 3208 dicit
2565 3168 2581 3208 :
2611 3153 2811 3210 Factus
2839 3165 2914 3212 est
2949 3159 3004 3211 in
3039 3175 3168 3230 pace
3203 3159 3348 3214 locus
3376 3161 3530 3230 ejus,
3558 3170 3612 3216 et

2025 3243 2278 3300 habitatio
2317 3245 2432 3316 ejus
2462 3247 2517 3300 in
2554 3246 2688 3302 Sion
2718 3245 2890 3320 (Psal.
2939 3249 3124 3321 Lxxv).
3163 3249 3383 3306 Plenius
3415 3260 3611 3306 autem

2023 3336 2168 3390 viam
2205 3336 2358 3406 pacis
2387 3339 2660 3408 agnoscit,
2703 3339 2794 3409 qui
2822 3339 2888 3394 ad
2916 3339 3152 3396 caelestis
3177 3339 3479 3396 Jerusalem
3509 3341 3610 3396 hac

2021 3425 2318 3483 bitaculum
2342 3429 2528 3494 tendit,
2561 3437 2621 3483 ut
2641 3428 2708 3484 ad
2733 3438 2974 3485 sanctam
2996 3430 3268 3486 civitatem
3291 3430 3390 3486 Dei
3412 3432 3609 3486 viven-

2022 3518 2092 3572 tis
2129 3519 2402 3575 ascendat.
2441 3517 2564 3576 Non
2587 3530 2662 3576 cst
2702 3523 2860 3576 timor
2888 3521 2986 3576 Dei
3030 3533 3150 3578 ante
3179 3522 3358 3578 oculos
3393 3539 3600 3579 eorum.

2021 3606 2288 3675 Quoniam
2330 3607 2636 3678 huiusmodi
2661 3611 2782 3666 sine
2809 3627 2970 3668 sensu
3010 3620 3157 3678 sunt,
3204 3613 3300 3668 Dei
3345 3613 3606 3670 timorem

2019 3715 2126 3755 non
2150 3699 2368 3755 habent.
2394 3699 2614 3755 Initium
2632 3703 2903 3773 sapientia:
2922 3705 3080 3758 timor
3100 3703 3306 3758 Domini
3321 3702 3521 3778 (Επεὶ.
3535 3705 3603 3776 ι),

2018 3791 2150 3848 dicit
2179 3791 2454 3848 Salomon.
2492 3793 2560 3848 Et
2583 3810 2689 3850 non
2720 3795 2857 3850 dixit
2895 3797 3144 3852 timorem
3193 3797 3289 3852 Dei
3335 3799 3439 3854 hos
3490 3815 3602 3854 non

2016 3883 2240 3950 habere,
2262 3883 2358 3940 sed
2385 3901 2488 3940 non
2514 3894 2610 3951 est,
2639 3885 2831 3956 inquit,
2857 3885 3013 3940 timor
3034 3885 3133 3942 Dei
3156 3895 3276 3941 ante
3296 3887 3483 3942 oculos
3505 3905 3598 3942 eo-

2017 3991 2132 4030 rum
2161 3990 2180 4028 :
2203 3975 2443 4031 videntes
2483 3977 2627 4031 enim
2675 3984 2785 4032 tam
2823 3977 3057 4050 maligna
3091 3993 3254 4048 opera
3278 3994 3375 4034 sua
3399 3989 3458 4034 et
3489 3995 3599 4034 non

2015 4067 2318 4132 horrentes,
2360 4067 2607 4122 timorem
2656 4066 2751 4121 Dei
2803 4067 3058 4123 dicuntur
3096 4077 3221 4124 ante
3254 4068 3448 4123 oculos
3489 4084 3599 4123 non

2015 4156 2236 4212 habere.
2275 4154 2462 4228 (Aug.)
2508 4156 2640 4212 Item
2681 4157 2787 4212 alio
2828 4158 2990 4213 modo
3026 4177 3040 4212 :
3082 4156 3205 4212 Non
3241 4168 3338 4223 est,
3393 4158 3596 4230 inquit,

2011 4251 2103 4322 qui
2133 4251 2298 4320 faciat
2329 4250 2516 4304 bonum
2540 4289 2554 4314 ,
2587 4264 2690 4304 non
2719 4259 2792 4305 est
2821 4266 2980 4322 usque
3001 4251 3072 4305 ad
3101 4267 3282 4305 unum.
3313 4249 3498 4322 Usque
3526 4251 3598 4304 ad

1935 4373 1990 4434 Β
2016 4356 2198 4409 unum,
2245 4340 2330 4396 vel
2367 4356 2490 4396 cum
2539 4340 2656 4412 ipso
2691 4357 2797 4395 uno
2832 4349 3008 4412 potest
3047 4341 3292 4412 intelligi,
3321 4348 3386 4395 ut
3415 4341 3599 4434 nullus

2014 4434 2293 4490 hominum
2347 4433 2709 4504 intelligatur,
2739 4433 2824 4488 vel
2857 4443 3055 4503 praeter
3079 4445 3246 4486 unum
3269 4442 3330 4486 ut
3360 4432 3598 4502 accipia-

2013 4531 2104 4578 tur
2147 4522 2404 4578 Dominus
2452 4521 2721 4578 Cbristus.
2773 4521 2928 4577 Sicut
2973 4521 3248 4578 dicimus:
3288 4520 3400 4576 Iste
3457 4535 3595 4589 ager

2013 4631 2183 4686 usque
2209 4617 2276 4672 ad
2298 4630 2450 4672 mare
2493 4623 2599 4672 est.
2633 4614 2750 4671 Non
2789 4615 2972 4684 utique
3012 4615 3173 4670 simul
3209 4626 3595 4686 computamus

2011 4717 2066 4763 et
2097 4722 2262 4763 mare.
2295 4707 2364 4762 Et
2391 4707 2492 4763 iste
2527 4715 2612 4763 est
2649 4707 2841 4763 melior
2869 4707 3191 4773 intellectus,
3219 4713 3280 4760 ut
3304 4719 3472 4760 nemo
3503 4706 3592 4760 in-

2011 4799 2283 4870 telligatur
2310 4799 2499 4854 fecisse
2521 4799 2818 4855 bonitatem
2845 4813 3016 4868 usque
3043 4798 3110 4852 ad
3138 4797 3436 4862 Christum,
3459 4797 3592 4866 quia

2010 4907 2116 4947 non
2146 4899 2324 4962 potest
2349 4892 2578 4962 quisque
2604 4892 2884 4948 hominum
2915 4891 3093 4946 facere
3116 4891 3442 4955 bonitatem,
3479 4889 3590 4943 nisi

2008 4985 2124 5054 ipse
2161 4983 2576 5049 monstraverit;
2606 4991 2661 5039 et
2703 4983 2832 5038 illud
2874 4997 3062 5038 verum
3103 4991 3211 5048 est,
3249 4981 3376 5050 quia
3410 4995 3594 5051 usque

2005 5073 2147 5142 quod
2167 5072 2397 5143 quisque
2430 5081 2721 5144 cognoscat
2747 5088 2914 5128 unum
2941 5071 3131 5136 Deum,
3162 5086 3267 5127 non
3296 5080 3476 5142 potest
3509 5070 3594 5124 fa-

2004 5179 2128 5222 cere
2173 5163 2498 5220 bonitatem.‘
2534 5163 2840 5235 Sepulcrum
2865 5175 3047 5235 patens
3068 5174 3144 5219 est
3173 5172 3354 5234 guttur
3377 5179 3584 5218 eorum.

2003 5256 2110 5310 Aut
2149 5255 2419 5311 voracitas
2467 5255 2803 5326 signiﬁcatur
2858 5257 3120 5311 inhiantis
3165 5256 3324 5326 gulae,
3380 5264 3477 5310 aut
3529 5255 3584 5310 in

2001 5345 2256 5418 allegoria
2307 5344 2436 5415 quia
2485 5344 2759 5411 occidunt,
2805 5353 2862 5401 et
2900 5345 3052 5414 quasi
3095 5345 3360 5400 devorant
3405 5343 3584 5399 inter-

1998 5437 2171 5493 fectos
2218 5450 2334 5501 eos,
2381 5435 2578 5506 quibus
2627 5451 2850 5492 suorum
2900 5451 3112 5508 morum
3158 5435 3581 5506 perversitatem

1996 5529 2363 5600 persuadent:
2403 5529 2490 5583 cui
2521 5528 2694 5584 simile
2741 5538 2826 5585 est
2857 5530 3184 5592 econtrario,
3227 5529 3378 5600 quod
3413 5527 3582 5582 Petro

1996 5621 2197 5676 dictum
2221 5627 2322 5686 est,
2357 5619 2532 5674 Macta
2569 5629 2620 5673 et
2665 5619 2926 5676 manduca
2957 5619 3094 5694 (Act.
3121 5616 3200 5691 χ),
3239 5627 3300 5674 ιιι
3332 5619 3388 5674 in
3416 5633 3576 5675 suam
