3998 6202
270 343 296 397 1
309 342 412 398 557

798 341 1344 401 ENARRATlONUM
1380 344 1447 400 IN
1487 343 1636 400 EPP.
1678 344 1883 402 PAULI
1920 343 2048 400 LIB.
2085 345 2145 401 ll.
2187 378 2254 386 ——
2291 347 2359 403 ΙΝ
2393 348 2610 408 EPIST.
2651 352 2745 409 AD
2779 353 2947 411 ROM.

3382 362 3522 421 1538

272 459 435 514 tidem
466 463 522 512 et
566 455 737 511 bonos
781 471 959 513 mores
999 466 1187 529 gentes
1231 466 1589 514 converteret.
1628 458 1844 527 Linguis
1872 461 1920 518 Α
1949 466 2007 512 ut
2045 475 2151 514 non
2190 472 2404 519 nostras
2446 479 2570 519 cum
2612 466 2886 534 docemus,
2936 468 3032 524 sed
3072 471 3243 527 sancti
3290 470 3525 543 Spiritus

272 550 386 604 suis
428 545 607 603 dolose
657 547 895 617 agebant.
946 546 1140 602 Comes
1167 556 1249 603 est
1277 549 1561 603 voracibus
1589 548 1845 612 adulatio,

272 648 331 695 et
355 637 607 693 omnibus
635 637 812 691 malis.
855 635 1114 691 Venenum
1160 638 1401 707 aspiciunt
1436 638 1534 693 sub
1572 636 1726 692 labiis
1756 654 1835 692 eo-

274 749 412 786 rum.
456 729 733 786 Venenum
754 728 997 784 dolosum
1025 729 1176 784 dicit.
1207 730 1467 799 Aspidum
1493 738 1697 793 autem,
1721 729 1847 798 quia

271 824 466 878 nolunt
501 819 690 875 audire
728 830 997 890 praecepta
1040 820 1192 890 legis,
1227 821 1368 875 sicut
1405 819 1620 889 aspides
1662 819 1850 873 nolunt

271 913 460 967 audire
494 911 656 967 verba
688 909 1013 964 incantantis
1041 926 1055 963 :
1092 909 1236 979 quod
1277 908 1331 962 in
1356 907 1462 962 alio
1496 907 1705 977 psalmo
1737 907 1847 962 evi-

274 1002 493 1058 dentius
515 1000 732 1065 dicitur,
757 1014 981 1069 quorum
1017 1015 1075 1053 os
1116 997 1481 1053 maledictione
1508 1006 1556 1050 et
1584 997 1846 1050 amaritu-

271 1095 394 1148 dine
421 1094 630 1163 plenum
651 1099 747 1154 est,
774 1091 881 1144 hoc
906 1097 1010 1154 est,
1038 1103 1302 1143 venenum
1332 1087 1578 1156 aspidum
1608 1100 1624 1140 :
1653 1084 1848 1169 veloces

268 1183 424 1254 pedes
462 1197 642 1235 eorum
680 1180 749 1233 ad
793 1179 1167 1249 eﬁ'undendum
1213 1180 1519 1249 sanguinem
1558 1184 1848 1233 consuetu~

271 1276 394 1330 dine
438 1270 811 1327 malefaciendi
849 1287 862 1325 :
891 1270 1138 1324 contritio
1168 1279 1215 1324 et
1236 1267 1519 1339 infelicitas
1544 1267 1599 1321 in
1630 1266 1725 1321 viis
1752 1282 1845 1320 eo-

269 1382 424 1431 rum;
469 1378 662 1421 omnes
707 1363 852 1418 enim
895 1361 1159 1416 malorum
1210 1360 1488 1416 hominum
1534 1359 1635 1414 viae
1674 1357 1847 1428 plenae

267 1465 399 1513 sunt
439 1454 717 1509 laboribus
758 1462 815 1507 et
855 1452 1095 1507 miseria.
1140 1451 1266 1507 Ideo
1302 1450 1565 1506 Dominus
1606 1448 1842 1504 clamat:

277 1545 458 1600 Venite
484 1545 552 1599 ad
575 1560 674 1611 me,
711 1543 801 1614 qui
837 1542 1110 1608 laboratis,
1136 1550 1183 1596 et
1206 1558 1300 1612 ego
1330 1557 1417 1596 vos
1448 1539 1700 1609 reﬁciam.
1727 1537 1847 1592 Tol-

264 1638 357 1693 lite
396 1637 586 1708 jugum
626 1651 821 1701 meum,
869 1644 917 1689 et
953 1634 1134 1689 discite
1175 1651 1209 1687 a
1250 1650 1352 1697 me,
1388 1631 1513 1702 quia
1554 1630 1694 1685 mitis
1726 1645 1843 1684 sum

264 1741 316 1786 et
341 1728 553 1785 humilis
578 1728 732 1783 corde
753 1740 772 1778 :
783 1727 975 1798 jugum
997 1727 1133 1780 enim
1156 1740 1326 1779 meum
1347 1740 1505 1779 suave
1524 1731 1623 1788 est,
1652 1729 1700 1775 et
1728 1737 1845 1775 sar-

1948 549 2255 604 sententias
2270 552 2630 620 proferamus.

2021 634 2230 691 Scimus
2272 649 2445 693 autem
2485 643 2732 711 quamam
2788 661 3109 718 quwcunque
3161 648 3246 702 lea:
3291 650 3526 721 loquitur

1948 726 2029 780 llis
2059 729 2149 798 qui
2181 729 2237 783 in
2267 729 2376 801 lege
2417 742 2575 796 sunt,
2604 733 2854 805 loquitur.
2897 738 3146 812 (Aulim)
3176 740 3522 796 Manifestum

1947 824 2028 871 est
2053 818 2179 887 quia
2210 819 2309 873 hos
2335 821 2578 890 increpat
2620 823 2704 878 lex
2736 827 2827 894 qui
2855 834 2910 879 et
2935 828 3166 896 primum
3200 845 3303 883 non
3343 831 3520 885 credi—

1949 907 2144 964 derunt
2168 912 2290 966 duci
2329 928 2426 967 suo
2473 914 2660 985 Moysi,
2686 931 2861 984 neque
2900 919 3174 988 prophetis
3206 922 3521 991 parentibus

1948 998 2082 1064 suis,
2118 1014 2254 1069 quos
2278 1011 2336 1056 et
2361 1013 2746 1073 persequentes
2783 1008 3133 1075 occiderunt,
3183 1025 3356 1080 neque
3385 1027 3517 1081 apo-

1947 1087 2100 1143 stolis
2127 1091 2367 1161 cognatis
2398 1093 2510 1148 suis
2534 1095 2827 1149 secundum
2863 1112 3102 1164 carnem,
3133 1115 3359 1169 quorum
3389 1118 3517 1157 san-

1947 1178 2164 1248 guinem
2189 1179 2516 1248 effuderunt,
2547 1197 2761 1253 semper
2791 1186 2939 1256 impii
2969 1196 3026 1241 et
3054 1188 3106 1242 in
3135 1189 3303 1245 Deum
3341 1194 3518 1247 rebel-

1945 1266 2047 1332 les,
2098 1277 2159 1323 ut
2194 1284 2292 1339 per
2328 1272 2496 1343 legem
2528 1275 2867 1329 damnentur.
2916 1275 3068 1332 Sicut
3105 1281 3247 1333 enim
3281 1285 3521 1339 omnium

1946 1357 2209 1413 malorum
2255 1376 2359 1414 una
2396 1370 2480 1416 est
2516 1377 2678 1417 causa
2710 1364 2765 1418 in
2790 1365 2951 1430 malo,
3002 1367 3073 1419 ita
3112 1375 3168 1421 et
3202 1377 3519 1425 cunctorum

1944 1446 2207 1502 bonorum
2254 1449 2310 1503 in
2347 1451 2490 1505 bono
2520 1470 2532 1504 :
2560 1452 2614 1505 in
2655 1452 2773 1507 istis
2810 1468 2939 1523 ergo
2980 1455 3220 1509 omnium
3258 1458 3516 1513 similium

1944 1537 2192 1607 arguitur
2234 1538 2452 1592 malum.
2499 1539 2626 1596 Hzec
2679 1543 2748 1597 ad
2797 1541 3103 1599 Iudaeorum
3148 1548 3518 1604 confusionem

1942 1629 2237 1697 pertinent,
2288 1630 2379 1699 qui
2408 1630 2511 1685 sibi
2539 1639 2595 1686 et
2628 1632 2944 1703 parentibus
2984 1635 3101 1691 suis
3149 1637 3517 1693 testimonium

1942 1732 2009 1773 ex
2036 1717 2154 1789 lege
2180 1716 2443 1774 ferebant.

264 1821 386 1877 cina
406 1837 522 1875 mea
538 1819 663 1875 levis
677 1829 754 1873 est
778 1819 994 1892 (Matth.
1020 1818 1117 1889 XI).
1142 1816 1210 1870 Et
1228 1817 1368 1870 uiam
1385 1816 1530 1886 pacis
1553 1829 1658 1867 non
1684 1828 1843 1883 agno—
1866 1806 1918 1867 B
2016 1805 2088 1862 Ut
2111 1824 2262 1863 omne
2290 1826 2346 1864 os
2365 1809 2685 1878 obstruatttr,
2714 1823 2763 1868 et
2782 1816 3022 1871 subditus
3044 1818 3141 1886 ﬁat
3172 1819 3342 1872 omnis
3368 1835 3518 1872 mun-

264 1921 469 1969 uerunt.
510 1910 664 1967 Hanc
698 1911 886 1981 utique
919 1925 1081 1980 quam
1117 1907 1396 1972 Dominus,
1439 1914 1498 1961 ut
1525 1905 1658 1971 dixi,
1686 1919 1839 1960 com-

267 2012 554 2068 memorat,
597 2003 655 2058 in
691 2003 821 2074 jugo
888 2002 1039 2059 suavi
1084 2009 1140 2057 et
1182 2000 1396 2057 sarcina
1442 1998 1564 2055 levi.
1610 1997 1737 2052 Non
1764 2008 1840 2051 est

264 2096 426 2150 timor
451 2095 550 2149 Dei
587 2105 708 2149 ante
738 2094 915 2150 oculos
955 2110 1156 2149 eorum.
1193 2093 1287 2149 Isti
1316 2109 1420 2149 non
1460 2092 1679 2158 dicunt,
1716 2091 1842 2145 Non

263 2195 340 2241 est
372 2184 533 2250 Deus,
563 2185 658 2241 sed
689 2194 868 2241 tamen
898 2200 1005 2241 non
1031 2186 1224 2241 timent
1252 2184 1439 2239 Deum.
1474 2181 1671 2256 (θήῃ.)
1698 2181 1843 2237 Prte-

263 2276 499 2331 diximus
521 2273 636 2344 jam
660 2276 802 2345 quod
843 2276 899 2330 in
935 2277 1038 2331 hac
1064 2274 1304 2346 Epistola
1332 2273 1549 2339 Paulus,
1578 2273 1726 2327 velut
1751 2286 1841 2325 ar-

263 2368 410 2423 biter
432 2369 648 2437 quidam
677 2368 821 2423 inter
857 2383 952 2424 eos
991 2369 1085 2439 qui
1124 2384 1190 2423 ex
1227 2367 1641 2424 circumcisione
1665 2365 1841 2421 credi-

262 2457 481 2525 derunt,
523 2467 580 2515 et
610 2475 705 2516 eos
726 2460 818 2530 qui
847 2475 914 2516 ex
940 2460 1213 2532 gentibus,
1243 2468 1506 2529 temperet
1534 2471 1837 2513 sermonem

262 2565 480 2621 semper
504 2559 560 2606 et
581 2550 762 2619 librct,
785 2559 841 2608 et
866 2568 1009 2608 nunc
1038 2553 1159 2618 hos,
1186 2568 1332 2607 nunc
1352 2551 1491 2616 illos,
1535 2552 1588 2606 in
1617 2551 1840 2620 quibus-

261 2640 387 2696 dam
418 2643 664 2698 videatur
682 2658 931 2714 arguere,
960 2651 1015 2699 et
1039 2657 1254 2699 sursum
1278 2656 1379 2712 per
1400 2640 1637 2712 singulas
1656 2647 1838 2711 partes

260 2742 520 2803 certaque
552 2747 650 2803 spe
676 2734 1048 2804 promissionis
1081 2735 1293 2788 animae.
1350 2732 1488 2801 Quia
1525 2747 1655 2803 ergo
1689 2732 1837 2786 visus

260 2823 439 2879 fuerat
480 2825 534 2879 in
572 2825 942 2895 superioribus
986 2825 1199 2892 dicere,
1244 2824 1498 2894 quoniam
1543 2823 1592 2879 si
1625 2836 1836 2892 praepu-

259 2913 396 2968 tium
419 2914 686 2985 justitiam
718 2915 855 2987 legis
891 2916 1177 2980 custodiat,
1196 2913 1460 2985 iudicabit
1494 2927 1618 2968 eum
1655 2912 1748 2983 qui
1779 2911 1833 2966 in

257 3004 670 3061 circumcisione
715 3006 1102 3076 praevaricator
1153 3013 1237 3062 est
1282 3005 1435 3078 legis,
1488 3020 1701 3061 rursum
1737 3019 1832 3061 eos

257 3108 396 3166 quos
416 3096 799 3152 humiliaverat
820 3096 1003 3152 levare
1031 3096 1237 3151 addidit
1261 3115 1273 3150 :
1294 3096 1434 3161 Quid
1455 3112 1577 3167 ergo
1602 3095 1828 3166 amplius

1942 1898 2043 1954 dus
2063 1900 2196 1957 Deo.
2224 1900 2338 1957 Hoc
2366 1903 2514 1968 dicit,
2537 1905 2660 1973 quia
2689 1904 2888 1963 Judaeis
2914 1909 2965 1962 in
3007 1911 3244 1978 peccatis
3290 1911 3520 1965 constri-

1942 1986 2065 2057 ctis,
2101 1994 2276 2048 omnis
2305 1995 2540 2050 mundus
2562 1996 2809 2051 subditus
2836 1998 2896 2051 lit
2916 1998 3046 2052 Deo.
3080 1998 3216 2053 Nulli
3246 2001 3389 2054 enim
3417 2000 3517 2055 du-

1940 2081 2089 2136 bium
2119 2090 2234 2149 est,
2269 2085 2614 2154 quinpagani
2642 2087 2821 2142 obruti
2850 2089 2957 2143 sint
3000 2089 3211 2145 delictis
3246 2099 3303 2144 et
3329 2091 3517 2160 impie-

1942 2173 2165 2238 tatibus,
2215 2191 2280 2229 ac
2308 2190 2407 2245 per
2444 2177 2548 2231 hoc
2593 2184 2737 2233 totus
2784 2180 3014 2235 mundus
3062 2181 3172 2235 Deo
3211 2190 3515 2250 prostratus

1941 2261 2044 2327 sit,
2077 2273 2134 2318 ut
2158 2264 2329 2332 possit
2354 2266 2424 2319 ad
2462 2266 2848 2337 indulgentiam
2895 2268 3212 2338 pervenire,
3248 2268 3373 2338 quia
3399 2284 3516 2322 om—

1940 2352 2025 2407 nis
2056 2355 2283 2410 mundus
2309 2353 2478 2411 Judad
2498 2366 2652 2411 erant
2681 2366 2737 2412 et
2771 2359 3019 2428 gentiles,
3050 2376 3079 2412 a
3100 2360 3297 2429 quibus
3335 2372 3516 2429 segre-

1939 2440 2049 2512 gati
2096 2452 2223 2498 sunt
2265 2444 2469 2500 ﬁdeles.
2520 2446 2744 2513 Quando
2770 2462 2897 2518 ergo
2925 2447 3158 2514 Judzeos,
3203 2449 3293 2518 qui
3341 2449 3510 2520 legem

1939 2541 2268 2602 aceeperuut
2310 2548 2338 2586 a
2379 2534 2511 2599 Deo,
2554 2543 2611 2590 et
2655 2537 2853 2604 quibus
2898 2536 3040 2592 facta
3092 2538 3379 2608 promissio
3407 2547 3510 2605 est,

1936 2625 2174 2694 peccatis
2212 2625 2407 2693 probat
2446 2626 2739 2691 obnoxios,
2791 2628 3010 2683 dubium
3055 2643 3160 2683 non
3198 2638 3283 2683 est
3325 2645 3512 2684 omnes

1938 2714 2156 2771 Grzecos
2181 2730 2302 2771 reos
2321 2729 2442 2772 esse
2474 2718 2686 2772 mortis.
2713 2716 3071 2784 Quamobrem
3098 2735 3112 2773 :
3146 2717 3313 2772 Omne
3342 2735 3398 2772 os
3422 2717 3513 2771 ob-

1935 2814 2199 2872 struatur,
2224 2807 2319 2871 ait,
2343 2817 2392 2861 et
2411 2806 2651 2862 subditus
2689 2808 2782 2877 fiat
2804 2810 2972 2863 omnis
2991 2809 3217 2863 mundus
3237 2809 3368 2874 Deo,
3384 2809 3510 2863 dum

1932 2914 2120 2955 omnes
2143 2901 2222 2955 rei
2243 2901 2524 2971 approbati
2563 2902 2806 2974 indigent
2844 2903 3211 2958 misericordia
3233 2903 3368 2971 Dei,
3402 2912 3510 2958 tam

1930 2991 2121 3058 Judaei,
2149 3008 2314 3062 quam
2363 2994 2528 3049 etiam
2576 2992 2768 3050 Graeci.
2803 2994 3003 3067 (θήῃ.)
3035 2995 3139 3050 Sed
3172 2998 3512 3066 requiramus

1934 3096 2150 3136 omnem
2167 3084 2445 3148 mundum,
2472 3083 2561 3137 hic
2592 3083 2722 3152 quid
2748 3084 3111 3152 appellaverit.
3134 3084 3507 3154 Nunquidnam

257 3194 334 3239 est
359 3184 570 3248 ludam,
608 3195 701 3239 aut
725 3201 843 3257 qua:
880 3186 1082 3241 utilitas
1120 3186 1575 3240 circumcisionis.’
1608 3185 1830 3239 multum
1859 3174 1904 3236 C
1938 3173 2220 3242 Putabit!!!“
2266 3173 2443 3228 omnis
2491 3174 2721 3228 mundus
2763 3175 2837 3228 ita
2890 3184 3140 3229 terrenus
3186 3175 3273 3230 hic
3311 3175 3508 3229 debere

254 3292 349 3345 per
376 3292 589 3331 omnem.
606 3277 815 3331 modum
840 3289 862 3329 :
885 3278 1051 3347 primo
1079 3276 1286 3349 quidem
1326 3276 1449 3347 quia
1479 3276 1678 3330 credita
1714 3284 1834 3330 sunt

252 3365 362 3420 illis
389 3366 594 3438 eloquia
645 3367 763 3422 Dei.
814 3367 943 3423 Post
980 3368 1095 3424 haec
1141 3383 1263 3424 cum
1314 3368 1404 3423 hic
1441 3375 1834 3437 consequenter

254 3459 502 3526 quaedam
542 3457 734 3514 fuisset
759 3467 1077 3529 prosecutus
1132 3458 1358 3524 addidit,
1404 3474 1546 3513 nunc
1574 3468 1627 3514 et
1657 3459 1827 3514 dicit:

254 3548 395 3616 Quid
440 3564 571 3620 ergo
611 3559 855 3606 tenemus
895 3549 1167 3619 amplius?
1207 3551 1414 3605 causati
1457 3551 1602 3605 enim
1645 3565 1831 3605 sumus

251 3638 469 3696 Judaeos
496 3648 553 3697 et
582 3641 801 3697 Graecos
837 3656 1026 3697 oumes
1051 3641 1152 3697 sub
1172 3650 1397 3712 peccato
1425 3656 1564 3697 esse.
1601 3640 1755 3709 Quod
1782 3640 1828 3695 si

252 3748 443 3788 omnes
476 3733 579 3788 sub
619 3742 840 3803 peccato
888 3743 1032 3799 sunt,
1080 3748 1185 3790 non
1228 3734 1333 3789 erit
1374 3733 1621 3788 elationis
1665 3748 1830 3789 causa

253 3823 348 3877 uni
372 3823 662 3879 adversum
702 3825 889 3891 alium,
917 3839 1040 3881 cum
1069 3834 1293 3893 uterque
1314 3838 1422 3879 non
1446 3838 1513 3878 ex
1543 3839 1640 3878 sua
1664 3823 1827 3892 justi-

253 3914 352 3978 tia,
374 3915 469 3969 sed
492 3929 559 3970 ex
588 3914 683 3968 Dei
708 3914 1079 3969 misericordia
1107 3913 1290 3968 veniat
1315 3913 1384 3968 ad
1409 3912 1657 3967 salutem.
1699 3911 1828 3965 Pro-

249 4001 400 4058 bavit
432 4017 560 4074 ergo
583 4002 801 4059 Gnaeos
831 4003 1069 4073 quidem,
1103 4002 1157 4058 id
1190 4011 1273 4058 est
1309 4001 1555 4073 gentiles,
1584 4016 1705 4057 esse
1727 4000 1829 4056 sub

250 4103 475 4163 peccato
509 4110 630 4149 cum
678 4096 789 4150 ait:
822 4095 1064 4150 Dicentes
1112 4096 1249 4151 enim
1293 4113 1349 4150 se
1390 4112 1502 4151 esse
1545 4096 1823 4166 sapientes,

248 4184 396 4238 stulti
422 4186 549 4255 {acti
571 4196 711 4251 sunt,
742 4196 789 4241 et
813 4196 1147 4241 mutaverunt
1170 4187 1392 4259 gloriam
1413 4185 1826 4257 incorruptibilis

248 4271 349 4326 Dei
375 4273 429 4326 in
468 4273 864 4328 similitudinem
911 4275 1156 4345 imaginis
1204 4275 1555 4346 corruptibilis
1600 4275 1826 4329 hominis

247 4376 297 4420 et
336 4365 626 4432 uolucrum,
651 4376 701 4421 et
726 4367 1144 4438 quadrupedum,
1170 4378 1218 4422 et
1237 4368 1573 4439 serpentium.
1604 4363 1827 4436 Propter

245 4459 387 4529 quod
425 4458 645 4512 tradidit
678 4476 765 4514 eos
808 4459 1063 4515 Dominus
1105 4461 1161 4514 in
1198 4460 1469 4529 reprobum
1508 4474 1737 4522 sensum,
1768 4468 1823 4512 et

247 4547 475 4617 reliqua.
505 4547 718 4603 Judaeos
741 4564 869 4603 vero
893 4548 1016 4604 cum
1041 4549 1172 4603 dicit
1198 4568 1211 4603 :
1243 4547 1302 4604 Si
1318 4558 1493 4603 autem
1516 4559 1572 4602 tu
1600 4546 1824 4603 Iudaeus

245 4639 656 4708 cognominaris,
677 4648 727 4692 et
757 4640 1033 4709 requiescis
1058 4640 1113 4693 in
1138 4638 1264 4710 lege,
1291 4648 1345 4695 et
1375 4639 1604 4709 reliqua,
1627 4639 1825 4710 quibus

242 4727 456 4783 addidit
476 4745 489 4781 :
515 4726 617 4792 Qui
639 4746 761 4799 ergo
780 4730 933 4784 doces
947 4729 1135 4794 alium,
1157 4730 1379 4800 teipsurn
1401 4746 1505 4784 non
1524 4733 1710 4796 doces;
1731 4731 1824 4801 qui

238 4819 504 4891 pradicas
546 4836 651 4873 non
688 4821 993 4890 furandum,
1017 4822 1235 4891 furaris,
1266 4830 1371 4876 etc.
1399 4819 1529 4877 Post
1559 4823 1671 4878 htec
1693 4838 1824 4895 ergo

242 4908 398 4974 dicit,
445 4910 571 4979 quia
610 4912 813 4964 causati
855 4922 1038 4966 sumus
1076 4910 1299 4966 ludwos
1325 4921 1375 4965 et
1408 4909 1620 4967 Grtecos
1644 4929 1822 4968 omnes

239 5001 341 5056 sub
368 5011 578 5071 peccato
614 5018 744 5056 esse.
776 5002 905 5057 Post
927 5004 1043 5059 haec
1071 5018 1229 5069 vero,
1268 5012 1328 5057 ut
1364 5004 1413 5059 ei
1442 4990 1613 5060 moris
1636 5015 1722 5061 est
1759 5006 1826 5061 de

242 5092 545 5164 Scripturis
571 5095 773 5150 sanctis
800 5095 916 5149 vult
943 5095 1233 5161 allirmare,
1268 5111 1390 5166 qum
1421 5097 1635 5152 dixerat
1662 5097 1822 5153 simul

239 5193 301 5239 et
327 5183 642 5239 doctoribus
667 5185 923 5241 Ecclesiae
947 5186 1151 5255 praebet
1180 5186 1509 5256 exemplum,
1534 5196 1595 5242 ut
1620 5203 1684 5241 ea
1703 5203 1824 5257 quae

241 5274 538 5344 loquuntur
572 5275 639 5330 ad
666 5275 919 5344 populum
946 5291 1055 5330 non
1084 5276 1316 5346 propriis
1343 5285 1667 5347 praesumpta
1696 5293 1822 5332 sen-

243 5365 453 5430 tentiis,
482 5364 576 5419 scd
609 5365 806 5421 divinis
834 5367 1038 5420 munita
1072 5367 1400 5428 testimoniis
1420 5366 1719 5437 proferant.
1760 5367 1820 5422 Si

237 5455 387 5511 enim
428 5457 542 5525 ipse
572 5463 750 5512 tantus
777 5472 844 5512 ac
870 5457 994 5512 talis
1019 5457 1308 5527 Apostolus
1331 5459 1706 5513 auctoritatem
1736 5459 1819 5513 di-

236 5552 458 5600 ctorum
506 5560 726 5600 suorum
755 5545 999 5602 subicere
1017 5561 1175 5618 posse
1200 5561 1307 5602 non
1337 5549 1530 5614 credit,
1576 5550 1680 5604 nisi
1725 5551 1823 5606 do—

234 5652 365 5700 ceat
409 5644 463 5697 in
504 5643 621 5715 lege
659 5652 713 5699 et
750 5643 1028 5713 prophetis
1075 5643 1278 5713 scripta
1324 5658 1445 5698 esse
1484 5659 1604 5713 quae
1653 5645 1819 5710 dicit,

237 5744 447 5804 quanto
492 5736 664 5806 tliagis
702 5750 803 5791 nos
832 5735 1053 5791 minime
1082 5734 1185 5790 hoc
1224 5735 1516 5791 observare
1544 5736 1816 5803 debemus,

1936 3262 2160 3333 intelligi
2182 3263 2354 3329 locus,
2383 3271 2442 3318 ut
2469 3272 2526 3318 et
2550 3265 2796 3329 arbores,
2820 3274 2876 3321 et
2900 3265 3100 3334 lapides
3136 3273 3191 3320 et
3216 3266 3416 3328 herbae,
3445 3281 3509 3320 ac

1935 3354 2140 3408 semina
2167 3361 2223 3408 et
2244 3352 2433 3423 platea:
2461 3369 2581 3424 qua:
2604 3354 2657 3408 in
2689 3354 2805 3423 ipso
2831 3362 2957 3409 sunt
2988 3355 3194 3423 pariter
3218 3354 3507 3408 nominatae

1933 3448 2076 3504 sint?
2123 3456 2306 3518 partes
2333 3449 2478 3503 enim
2506 3450 2691 3503 mundi
2729 3448 2888 3519 huius
2920 3464 3040 3503 esse
3086 3448 3290 3520 singula
3323 3448 3510 3502 viden-

1933 3552 2043 3595 tur.
2075 3538 2191 3594 Non
2214 3540 2453 3595 arbitror
2479 3540 2552 3594 ita
2585 3541 2894 3610 quempiam
2919 3541 3155 3610 ineptum
3196 3540 3422 3595 inveniri
3448 3548 3508 3593 ut

1932 3629 2048 3685 haec
2075 3631 2245 3699 possit
2269 3645 2533 3686 asserere.
2570 3630 2757 3686 Restat
2796 3631 2959 3700 igitur
2995 3639 3057 3684 ut
3096 3645 3308 3685 omnem
3343 3646 3501 3683 mun-

1930 3724 2056 3779 dum
2084 3764 2100 3789 ,
2157 3740 2316 3781 omne
2368 3724 2689 3779 rationabile
2748 3724 2947 3778 animal
3005 3726 3187 3788 dicat,
3255 3732 3312 3778 et
3365 3724 3505 3778 sicut

1928 3830 2089 3871 omne
2114 3817 2255 3884 quod
2281 3815 2653 3871 irrationabile
2675 3823 2779 3881 est,
2802 3816 3069 3884 excipitur
3093 3829 3159 3869 ex
3190 3815 3290 3868 hoc
3318 3829 3499 3879 sensu,

1928 3912 2004 3966 ita
2067 3912 2210 3966 nulla
2256 3912 2387 3965 mihi
2424 3912 2640 3967 videtur
2691 3911 2760 3965 ab
2819 3911 2921 3965 bac
2975 3908 3281 3964 conditione
3338 3907 3506 3961 ratio-

1928 4003 2125 4058 nabilis
2172 4011 2419 4058 creatura
2471 4006 2682 4060 secerni
2716 4005 2932 4059 :omnis
2966 4019 3097 4074 ergo
3144 4003 3374 4057 mundus
3408 4001 3504 4056 ob-

1927 4095 2121 4151 noxius
2155 4096 2214 4150 lit
2245 4095 2354 4151 Deo
2384 4110 2483 4166 per
2508 4096 2611 4151 hoc
2653 4097 2796 4166 quod
2824 4095 2993 4165 legem
3036 4092 3333 4148 naturalem
3365 4092 3504 4147 insc-

1925 4190 2035 4243 ruit
2057 4189 2326 4255 omnibus,
2351 4191 2417 4243 de
2439 4189 2635 4259 quibus
2663 4199 2719 4244 et
2744 4189 2797 4243 in
2818 4187 2924 4242 alio
2952 4186 3070 4241 loco
3106 4185 3237 4241 dicit
3281 4181 3502 4257 (Philip.

1925 4296 1965 4335 ιι
1998 4284 2053 4351 ),
2084 4281 2225 4349 quod
2250 4282 2307 4334 in
2344 4281 2551 4334 nomine
2577 4281 2705 4335 Iesu
2734 4297 2883 4335 omne
2907 4296 3038 4350 genu
3072 4279 3310 4347 ﬂectetur
3348 4275 3499 4329 caele-
3524 4284 3543 4300 ⁸

1923 4371 2084 4425 stium
2112 4380 2159 4425 et
2187 4372 2509 4424 terrestrium
2538 4380 2586 4425 et
2614 4371 2959 4440 infernarum.
3012 4369 3179 4439 (Aug.
3204 4368 3223 4439 )
3271 4366 3500 4422 Conclu-

1928 4462 2000 4516 sit
2028 4461 2307 4531 Scriptura
2355 4463 2538 4517 omnia
2586 4463 2688 4517 sub
2722 4470 2964 4532 peccato,
3013 4469 3072 4514 ut
3116 4459 3403 4530 promissio
3432 4474 3496 4513 ex

1850 4520 1903 4579 Β
1930 4554 2034 4609 [ide
2060 4520 2186 4608 Jesu
2212 4553 2416 4608 Christi
2445 4554 2667 4608 daretur
2697 4520 3040 4608 credentibus
3068 4567 3082 4605 :
3111 4520 3207 4619 ita,
3252 4551 3500 4608 Domine.

1926 4644 2000 4698 ita
2024 4642 2125 4707 fac,
2166 4642 2479 4699 misericors
2504 4642 2747 4706 Domine,
2789 4643 2994 4711 impera
3025 4642 3167 4712 quod
3198 4658 3305 4696 non
3332 4641 3504 4712 possit

1925 4735 2166 4803 impleri;
2210 4734 2319 4790 imo
2350 4735 2577 4804 impera,
2609 4734 2752 4805 quod
2785 4748 2889 4787 non
2932 4733 3037 4788 nisi
3073 4748 3170 4802 per
3210 4741 3354 4787 tuam
3379 4747 3492 4800 gra-

1925 4825 2057 4878 tiam
2086 4824 2255 4893 possit
2282 4824 2490 4893 impleri
2518 4841 2532 4877 :
2569 4830 2629 4877 ut
2652 4837 2773 4877 cum
2801 4823 3044 4878 homines
3078 4837 3176 4892 per
3212 4836 3339 4877 suas
3359 4824 3501 4873 vires

1926 4914 2221 4984 adimplere
2242 4914 2620 4983 nequiverunt,
2647 4926 2809 4967 omne
2826 4927 2889 4967 os
2908 4915 3243 4975 obstruatur,
3267 4919 3319 4962 et
3341 4925 3502 4962 nvnm

1927 5004 2029 5060 sibi
2063 5020 2289 5074 magnus
2316 5005 2594 5068 videatur,
2643 5003 2752 5059 sint
2778 5018 2970 5058 omnes
2999 5001 3241 5071 parvuli,
3290 5010 3345 5055 et
3376 5016 3502 5054 reus

1928 5098 2022 5152 ﬂat
2061 5099 2240 5153 omnis
2280 5098 2513 5152 mundus
2547 5098 2666 5163 tibi,
2707 5097 2834 5166 quia
2863 5111 2972 5151 non
3012 5094 3401 5163 justiﬁeabitur
3436 5110 3500 5148 ex

1924 5191 2043 5261 lege
2069 5190 2246 5243 omnis
2278 5204 2407 5243 caro
2435 5204 2617 5243 coram
2646 5196 2717 5242 te.

1997 5282 2257 5348 Quoniam
2291 5282 2500 5352 quidem
2550 5297 2651 5334 non
2655 5279 3115 5349 justiﬁcabiturea:
3128 5276 3365 5347 operibus
3378 5275 3504 5345 legis

1928 5373 2096 5426 omnis
2121 5388 2244 5424 caro
2272 5387 2450 5424 coram
2489 5370 2621 5424 Deo.
2662 5369 2815 5437 Quod
2841 5379 3023 5425 autem
3062 5370 3195 5425 dicit
3234 5368 3358 5438 quia
3394 5382 3497 5420 non

1922 5466 2308 5537 justiﬁcabitur
2350 5467 2403 5520 in
2452 5464 2570 5536 lege
2616 5465 2794 5519 omnis
2840 5479 2968 5519 caro
3007 5478 3190 5518 coram
3233 5462 3359 5524 illo,
3404 5474 3503 5529 per

1928 5559 2097 5626 legem
2119 5555 2264 5611 enim
2295 5555 2531 5626 cognitio
2557 5556 2787 5624 peccati,
2817 5563 2873 5610 et
2902 5563 3097 5609 cmtera
3121 5554 3341 5615 similia,
3382 5565 3501 5622 quas

1928 5647 2144 5717 quidam
2173 5651 2367 5714 putant
2391 5644 2442 5697 in
2473 5643 2852 5699 contumeliam
2882 5644 3014 5716 legis
3038 5642 3361 5715 objicienda,
3388 5639 3499 5697 sol-

1928 5736 2073 5792 licite
2096 5735 2228 5791 satis
2267 5734 2496 5805 legenda
2519 5741 2676 5801 sunt,
2719 5743 2779 5791 ut
2808 5750 2983 5807 neque
3023 5735 3107 5791 lex
3151 5734 3216 5791 ab
3243 5732 3503 5806 Apostolo
