3998 6202
491 357 628 414 ίῒῦθ

1121 352 1180 405 Β.
1226 348 1475 404 RABANI
1515 346 1733 404 MAURI
1773 343 2089 401 ARCIIIEP.
2135 340 2440 397 MOGUNT.
2483 338 2762 395 OPERUM
2805 335 2984 392 PARS
3021 331 3112 390 ιιι.

3619 333 3756 387 13H)

491 468 791 540 improbata
824 462 1070 520 videatur
1093 503 1107 527 ,
1144 476 1318 532 neque
1361 460 1565 515 homini
1607 440 1888 513 arbitrium
1933 456 2064 510 lihe-
2094 459 2137 514 Α
2170 453 2461 524 perfectam
2494 468 2678 522 pacem
2712 452 2764 506 in
2807 451 3204 505 resurrectione
3237 449 3425 540 tribuit
3452 489 3468 512 ,
3502 463 3756 540 qum”:

493 534 612 615 rum
644 559 715 612 sit
739 555 993 610 ablatum.
1029 554 1208 622 Itaque
1249 561 1480 621 quatuor
1516 553 1647 605 istos
1672 549 1870 620 gradus
1895 548 2069 601 homi—
2168 545 2404 616 perfecta
2477 544 2670 598 bonam
2742 541 3070 596 voluntatem
3131 539 3502 609 consequitur.
3573 534 3758 592 Gloria

497 667 531 706 n
555 668 622 704 uu
654 649 1059 716 distinguamus,
1087 653 1211 697 ante
1235 643 1424 712 legem,
1454 642 1552 695 sub
1573 641 1710 706 lege,
1743 639 1841 692 sub
1866 637 2063 706 gratia,

497 745 549 796 in
602 758 748 810 pace.
802 741 938 790 Ante
987 736 1180 804 legem,
1240 734 1515 801 sequimur
1573 729 2068 798 concupiscentiam

497 833 696 891 carnis,
731 830 828 881 sub
872 828 985 894 lege
1016 825 1280 878 trahimur
1308 824 1375 876 ab
1412 838 1498 885 ea,
1527 823 1627 875 sub
1653 821 1826 890 gratia
1858 836 1957 873 nec
1988 835 2071 873 se-

499 923 714 992 quimur
744 934 861 971 eam
898 932 994 970 nec
1028 917 1290 968 trahimur
1318 914 1385 967 ab
1412 929 1505 977 ea,
1549 914 1600 964 in
1641 926 1770 980 pace
1816 911 1959 964 nulla
1989 917 2074 964 est

497 1011 932 1079 concupiscentia
957 1009 1157 1062 carnis.
1188 1007 1326 1059 Ante
1362 1005 1530 1073 legem
1562 1019 1689 1073 ergo
1718 1020 1821 1057 non
1864 1020 2070 1074 pugna-

501 1117 643 1163 mus,
681 1100 807 1168 quia
837 1114 943 1150 non
990 1099 1163 1150 solum
1200 1095 1627 1164 concupiscimus
1666 1103 1720 1147 et
1765 1109 2070 1162 peccamus,

502 1195 596 1248 sed
624 1193 789 1246 etiam
816 1191 1175 1258 approbamus
1199 1196 1450 1257 peccata;
1483 1187 1580 1240 sub
1607 1187 1720 1254 lege
1751 1202 2073 1254 pugnamus,

503 1283 600 1338 sed
629 1283 895 1336 vincimur
924 1299 937 1332 :
968 1278 1200 1332 fatemur
1232 1279 1376 1333 enim
1416 1278 1554 1331 mala
1590 1292 1708 1332 esse
1739 1293 1860 1330 cum
1893 1276 2077 1343 utique

505 1373 756 1426 nolumus
783 1372 990 1434 facere;
1021 1370 1115 1424 sed
1147 1369 1272 1436 quia
1316 1369 1551 1422 nondum
1577 1377 1661 1421 est
1688 1367 1881 1435 gratia,
1920 1381 2080 1434 supe-

507 1477 712 1516 ramur.
760 1461 817 1514 lu
845 1460 950 1514 isto
980 1460 1147 1530 gradu
1174 1459 1475 1512 ostenditur
1513 1456 1666 1511 nobis
1695 1456 1963 1525 quomodo
1996 1455 2080 1525 ja-

508 1566 746 1614 ceamus,
788 1559 842 1604 et
870 1551 994 1604 dum
1030 1563 1247 1618 surgere
1277 1549 1550 1609 nolumus,
1588 1555 1644 1601 et
1665 1547 1926 1611 cadimus,
1961 1563 2081 1616 gra-

513 1646 630 1698 vius
659 1644 945 1714 aﬁligimur
965 1683 981 1707 ,
1013 1642 1135 1696 inde
1162 1643 1263 1696 hoc
1287 1641 1518 1696 dicitur:
1552 1639 1659 1693 Lex
1693 1639 1999 1692 subintravit
2025 1647 2079 1690 ut

512 1735 801 1788 abundaret
850 1734 1093 1787 delictum
1137 1732 1320 1800 (Rom.
1359 1732 1451 1802 v).
1501 1732 1626 1785 Inde
1670 1738 1746 1794 et,
1787 1730 1929 1799 quod
1975 1743 2080 1782 non

2171 638 2313 692 enim
2361 637 2416 690 in
2465 633 2678 688 excelsis
2725 631 2851 693 Deo,
2905 643 2951 685 et
3005 632 3059 683 in
3099 640 3238 682 terra
3294 645 3401 698 pas:
3452 628 3758 682 hominibus

2172 730 2317 782 bona:
2369 725 2645 781 voluntatis
2685 722 2842 791 (Luc.
2897 722 2994 793 ιι
3042 719 3285 792 [Anth]
3316 719 3433 773 Non
3485 719 3609 773 ideo
3656 720 3759 772 mi-

2173 821 2318 873 nime
2347 817 2666 888 jnstiﬁcatos
2695 815 2941 869 homines
2985 814 3179 868 asserit
3227 813 3368 881 apud
3399 814 3592 875 Deum,
3635 815 3762 880 quia

2175 911 2344 978 legem
2393 907 2617 976 justitia:
2662 921 2765 960 non
2795 913 3149 959 servaverunt
3194 903 3246 957 in
3293 905 3616 972 prmeeptis,
3671 904 3764 957 sed

2175 1003 2300 1072 quia
2321 1008 2717 1054 sacramentum
2739 996 2982 1067 mysterii
3011 996 3128 1059 Dei,
3156 995 3298 1063 quod
3321 1004 3407 1049 est
3433 997 3489 1048 in
3519 995 3760 1057 Christo,

2177 1093 2399 1148 credere
2451 1089 2737 1144 noluerunt
2782 1108 2795 1140 ;
2837 1103 2934 1157 per
2983 1087 3086 1140 hoc
3130 1085 3274 1139 enim
3324 1085 3575 1140 decrevit
3627 1085 3766 1138 Deus

2173 1183 2457 1258 justiﬁcari
2509 1162 2805 1243 hominem,
2854 1195 2958 1234 non
3009 1194 3105 1248 per
3132 1177 3327 1247 legem,
3377 1177 3508 1244 quia
3566 1177 3656 1230 lex
3705 1177 3767 1228 ad

2180 1287 2390 1345 tempus
2407 1273 2690 1341 justiticat,
2715 1288 2818 1324 non
2837 1270 2975 1339 apud
2999 1269 3185 1322 Deum.
3205 1268 3328 1322 Ideo
3347 1268 3523 1336 legem
3545 1282 3768 1321 servan-

2184 1381 2262 1426 tes
2290 1369 2340 1421 in
2368 1379 2628 1436 tempore,
2655 1365 2785 1434 justi
2826 1365 3076 1416 dicuntur
3104 1377 3207 1414 non
3233 1361 3374 1430 apud
3407 1359 3606 1419 Deum.
3647 1361 3767 1428 quia

2184 1460 2316 1514 ﬁdes
2363 1473 2460 1526 per
2501 1470 2662 1524 quam
2693 1451 3061 1519 jnstiﬁcantur
3111 1451 3356 1505 homines
3401 1451 3551 1517 apud
3576 1449 3767 1511 Deum,

2185 1566 2290 1604 non
2321 1557 2404 1602 est
2437 1547 2489 1600 in
2513 1546 2612 1600 eis.
2664 1544 2832 1613 Major
2868 1543 3011 1596 enim
3045 1540 3177 1594 ﬁdes
3191 1549 3283 1596 est
3303 1556 3470 1609 quam
3512 1539 3622 1604 lex,
3645 1540 3766 1608 quia

2186 1641 2270 1694 lex
2294 1638 2362 1692 ad
2390 1653 2486 1691 nos
2516 1635 2766 1705 pertinet,
2798 1633 2929 1688 ﬁdes
2950 1632 3016 1686 ad
3047 1632 3234 1686 Deum.
3267 1631 3480 1685 Idcirco
3513 1631 3602 1686 lex
3639 1639 3771 1684 tem-

2187 1729 2426 1800 poralem
2456 1726 2619 1782 habet
2651 1724 2940 1793 justitiam,
2983 1723 3112 1778 ﬁdes
3151 1731 3432 1778 aeternam.
3484 1722 3626 1776 Nam
3655 1737 3771 1776 om-

514 1826 750 1894 positum
776 1835 858 1879 est
899 1840 995 1894 per
1034 1824 1204 1893 legem
1232 1823 1467 1892 cognitio
1510 1822 1749 1890 peccati;
1794 1836 1898 1874 non
1939 1820 2082 1873 enim
2114 1833 2160 1892 Β
2191 1835 2311 1873 nem
2359 1832 2578 1872 carnem
2623 1816 2808 1870 dicens
2852 1828 3068 1869 omnem
3104 1813 3375 1868 hominem
3418 1813 3771 1883 signiﬁcavit,

514 1918 710 1971 ablatio
740 1918 944 1985 peccati
973 1926 1080 1980 est,
1112 1917 1236 1985 quia
1267 1932 1362 1985 per
1387 1915 1554 1969 solam
1577 1915 1805 1984 gratiam
1843 1911 2086 1966 aufertur

517 2016 817 2076 peccatum.
859 2007 1006 2059 Bona
1059 2021 1187 2075 ergo
1235 2006 1353 2071 lex,
1397 2007 1522 2075 quia
1563 2020 1627 2058 ea
1659 2012 1804 2058 vetat
1843 2018 1963 2072 qua:
1999 2018 2090 2057 ve-

519 2104 677 2158 tanda
707 2111 851 2163 sunt,
889 2113 944 2155 et
969 2118 1031 2156 ea
1054 2100 1209 2169 jubet
1235 2116 1353 2170 qum
1379 2099 1614 2169 jubenda
1637 2107 1796 2153 sunt:
1844 2097 1939 2152 sed
1966 2111 2089 2151 eum

519 2193 804 2262 quisquam
835 2192 977 2244 illam
1008 2192 1213 2245 viribus
1239 2190 1352 2245 suis
1382 2198 1532 2259 putat
1561 2189 1819 2259 implere,
1859 2203 1967 2242 non
1995 2201 2092 2256 per

519 2283 749 2352 gratiam
786 2283 1089 2335 liberatoris
1138 2281 1250 2345 sui,
1294 2281 1426 2334 nihil
1476 2281 1524 2334 ei
1563 2279 1783 2348 prodest
1833 2279 1920 2332 illa
1956 2292 2093 2348 pne-

519 2375 774 2442 sumptio,
823 2375 929 2428 imo
953 2374 1115 2428 etiam
1150 2383 1353 2427 tantum
1393 2381 1567 2437 nocet,
1616 2381 1673 2426 ut
1705 2371 2091 2426 vehementiori

521 2465 777 2532 peccandi
823 2465 1088 2520 desiderio
1135 2465 1398 2534 rapiatur,
1444 2477 1498 2520 et
1541 2466 1594 2518 in
1641 2464 1878 2534 peccatis
1929 2463 2090 2517 etiam

521 2553 903 2620 prmvaricator
942 2554 1243 2607 inveniatur
1273 2572 1285 2606 :
1317 2553 1405 2607 ubi
1428 2555 1573 2607 enim
1613 2569 1717 2608 non
1750 2561 1832 2608 est
1857 2553 1962 2617 lex,
1992 2567 2094 2607 nec

521 2643 909 2710 pragvaricatio.
945 2642 1036 2698 Sic
1059 2660 1186 2713 ergo
1205 2643 1391 2711 jacens
1417 2659 1538 2698 cum
1563 2659 1622 2697 se
1650 2645 1876 2711 quisque
1899 2657 2096 2712 cogno-

523 2734 661 2786 verit
683 2749 778 2800 per
805 2735 1036 2802 seipsum
1079 2749 1298 2803 surgere
1329 2750 1432 2787 non
1463 2733 1694 2796 valeret,
1743 2733 1991 2801 imploret
2034 2733 2098 2786 li-

523 2821 789 2874 beratoris
829 2822 1104 2875 auxilium.
1154 2821 1314 2875 Venit
1358 2838 1486 2890 ergo
1543 2823 1712 2892 gratia
1769 2836 1888 2891 qua:
1935 2821 2098 2875 donet

525 2921 748 2980 peccata
779 2913 1074 2980 prseterita,
1105 2920 1159 2965 et
1199 2920 1482 2966 conantem
1519 2912 1770 2980 adjuvet,
1816 2917 1872 2964 et
1901 2910 2100 2963 tribuat

523 3001 842 3055 eharitatem
861 3001 1100 3067 justitize,
1129 3010 1183 3055 et
1206 3001 1415 3054 auferat
1442 3009 1660 3054 metum.
1693 2999 1846 3066 Quod
1873 3015 1994 3053 cum
2016 2997 2095 3064 ﬁt,

528 3092 738 3146 tametsi
779 3091 1042 3146 desideria
1084 3092 1326 3160 quaedam
1359 3092 1558 3154 carnis,
1605 3091 1731 3144 dum
1775 3090 1825 3143 in
1858 3091 1961 3143 hac
1988 3089 2097 3142 vita

2189 1913 2330 1967 sicut
2355 1919 2410 1966 et
2450 1911 2707 1978 propheta
2755 1910 2922 1963 Isaias
2969 1909 3082 1962 ait:
3111 1907 3177 1961 Et
3207 1908 3396 1962 uidebit
3445 1909 3626 1961 omnis
3655 1925 3774 1962 care

2189 2001 2420 2056 salutare
2451 1999 2545 2052 Dei
2567 1999 2709 2070 (Isa.
2743 2015 2826 2064 Ll;
2859 1997 2985 2051 Luc.
3019 2005 3134 2068 ut),
3159 1997 3211 2051 id
3236 2006 3337 2062 est,
3362 1998 3572 2052 videbit
3604 1997 3775 2051 omnis

2190 2093 2351 2147 homo
2381 2092 2653 2147 Christum
2680 2091 2868 2155 Deum,
2896 2090 2946 2143 in
2987 2105 3094 2159 quo
3132 2088 3280 2144 salus
3316 2091 3572 2144 omnium
3599 2091 3773 2143 conti-

2191 2191 2368 2237 netur.
2416 2181 2482 2235 Et
2511 2181 2714 2234 idcirco
2765 2181 2817 2234 in
2868 2195 3030 2234 carne
3065 2181 3440 2250 signiﬁcantur
3493 2181 3624 2250 quia
3660 2196 3776 2248 pee-

2192 2275 2329 2328 eatis
2381 2273 2595 2327 obnoxii
2643 2281 2811 2326 sunt:
2848 2272 2988 2326 sicut
3048 2271 3191 2326 enim
3237 2271 3448 2340 justitia
3508 2270 3776 2340 spiritales

2193 2363 2344 2428 facit,
2373 2364 2446 2416 ita
2472 2371 2528 2416 et
2554 2361 2746 2416 delicta
2775 2361 3044 2424 carnales,
3073 2370 3132 2414 ut
3181 2375 3248 2414 ex
3303 2368 3425 2413 actu
3459 2375 3666 2414 nomen
3697 2376 3777 2413 ac-

2193 2457 2359 2527 cipiat
2394 2457 2574 2510 bomo.
2605 2455 2737 2508 Nam
2784 2455 2908 2523 quia
2949 2453 3092 2507 aliud
3131 2463 3216 2506 est
3257 2466 3442 2504 coram
3487 2451 3604 2504 Deo
3629 2452 3778 2520 justi.

2195 2547 2365 2610 ﬁcari,
2399 2545 2541 2599 aliud
2565 2561 2746 2599 coram
2783 2545 3107 2605 hominibus,
3135 2543 3235 2596 hoc
3267 2552 3370 2604 est,
3401 2542 3467 2594 ad
3497 2557 3779 2610 compara-

2199 2638 2396 2691 tionem
2442 2637 2669 2689 aliorum
2717 2636 2993 2689 hominum
3020 2675 3036 2698 ,
3085 2642 3262 2703 potest
3307 2634 3446 2686 alius
3494 2633 3667 2686 homo
3693 2633 3778 2701 qui

2196 2726 2530 2780 emendatius
2567 2725 2759 2779 vixerit
2772 2723 2950 2793 justus
2974 2725 3141 2778 videri
3167 2741 3181 2788 ;
3219 2725 3286 2778 ad
3310 2726 3779 2793 comparationem

2197 2829 2377 2874 autem
2414 2819 2506 2874 Dei
2551 2835 2656 2873 non
2693 2819 2864 2874 solum
2909 2821 3070 2874 homo
3102 2835 3204 2873 non
3243 2819 3667 2887 jnstilieabitur,
3691 2819 3781 2874 sed

2198 2917 2252 2964 et
2293 2910 2434 2964 sicut
2469 2907 2570 2962 Job
2610 2909 2784 2963 dixit:
2820 2908 2998 2964 Stella:
3041 2919 3215 2963 autem
3256 2927 3358 2964 non
3403 2923 3531 2963 sunt
3572 2911 3781 2963 munda

2199 3015 2374 3052 coram
2401 2999 2510 3068 ipso
2539 2998 2698 3069 (Job.
2727 2999 2898 3069 xxv),
2933 3014 3052 3067 quae
3092 2999 3278 3067 utique
3306 3014 3497 3054 coram
3533 3000 3654 3070 ipso
3690 3015 3782 3053 no-

2199 3089 2282 3143 bis
2317 3090 2527 3143 mundae
2557 3096 2702 3152 sunt,
2736 3089 2838 3144 hoc
2866 3098 2966 3152 est,
3012 3090 3080 3144 ad
3106 3089 3576 3159 comparationem
3611 3091 3783 3146 homi-

525 3201 732 3252 sumus,
760 3187 1020 3239 adversus
1055 3185 1300 3254 spiritum
1338 3193 1577 3238 nostrum
1598 3190 1854 3253 pugnant,
1889 3191 1949 3236 ut
1974 3197 2095 3237 eum
2125 3177 2170 3239 C
2201 3194 2328 3232 num
2372 3177 2585 3232 mundae
2626 3178 2912 3244 habentur,
2943 3195 3008 3234 ac
3043 3191 3242 3236 sanctae
3273 3196 3288 3234 :
3323 3182 3392 3235 ad
3420 3186 3785 3254 comparatio-

528 3277 726 3331 ducant
763 3277 814 3330 in
849 3284 1161 3344 peccatum,
1196 3290 1299 3329 non
1334 3284 1512 3328 tamen
1544 3275 1626 3328 his
1653 3275 1934 3328 desideriis
1958 3290 2093 3329 con-

531 3368 769 3422 sentiens
798 3369 1312 3436 spiritus,quouiam
1337 3377 1419 3421 est
1447 3367 1584 3420 ﬁxus
1615 3367 1668 3419 in
1697 3366 1867 3436 gratia
1896 3375 1950 3420 et
1971 3368 2099 3421 cha-

529 3458 690 3511 ritate
721 3455 836 3520 Dei,
881 3457 1081 3510 desinit
1109 3472 1331 3526 peccare
1361 3474 1374 3508 :
1405 3472 1510 3510 non
1551 3457 1692 3510 enim
1733 3457 1786 3510 in
1816 3457 1932 3526 ipso
1956 3457 2100 3512 desi-

529 3546 678 3600 derio
697 3561 884 3614 pravo,
914 3547 1006 3600 sed
1038 3548 1088 3599 in
1110 3555 1292 3600 nostra
1315 3547 1666 3601 consensione
1689 3562 2006 3616 peccamus:
2031 3550 2099 3603 ad

531 3636 634 3690 hoc
673 3635 812 3689 valet
855 3637 997 3705 quod
1051 3637 1181 3691 dicit
1223 3638 1364 3692 idem
1395 3638 1726 3707 Apostolus:
1759 3638 1880 3693 Non
1929 3651 2098 3710 regnet

527 3738 793 3797 peccatum
841 3729 894 3780 in
929 3738 1096 3782 vestro
1146 3731 1354 3783 mortali
1387 3746 1600 3798 corpore
1644 3730 1712 3782 ad
1757 3731 2096 3785 obediendum

528 3818 955 3886 concupiscentiis
995 3820 1109 3889 ejus
1139 3819 1324 3886 (Rom.
1377 3821 1485 3890 vn).
1539 3819 1634 3875 Hic
1676 3821 1819 3875 enim
1863 3822 2101 3877 ostendit

527 3923 646 3961 esse
683 3909 968 3974 desideria,
1009 3911 1202 3980 quibus
1241 3926 1344 3965 non
1384 3910 1682 3966 obediendo
1728 3920 2007 3980 peccatum
2044 3912 2098 3965 in

529 3997 685 4052 nobis
717 4013 940 4068 regnare
964 4015 1068 4052 non
1098 4001 1354 4064 sinimus;
1390 4002 1484 4054 sed
1509 4001 1761 4070 quoniam
1791 4003 1865 4056 ita
1890 4002 2099 4056 deside-

527 4087 606 4140 ria
638 4087 837 4151 carnis,
889 4088 954 4140 de
999 4088 1176 4142 carnis
1223 4089 1548 4144 mortalitate
1591 4100 1903 4155 nascuntur,
1936 4107 2096 4160 quam

526 4178 793 4231 trahimus
840 4193 906 4231 ex
955 4180 1126 4247 primo
1169 4188 1390 4248 peccato
1443 4181 1599 4250 primi
1649 4181 1901 4246 hominis,
1958 4181 2099 4236 unde

492 4267 818 4321 .carnaliter
858 4271 1162 4332 nascimur,
1208 4285 1313 4323 non
1342 4269 1594 4324 ﬁnientur
1630 4271 1744 4325 haec
1773 4271 1876 4324 nisi
1914 4285 2098 4326 resur-

525 4363 766 4416 rectione
795 4364 1035 4430 corporis
1071 4363 1371 4426 immutata,
1417 4362 1504 4416 illa
1543 4379 1661 4432 qua:
1692 4363 1847 4417 nobis
1871 4364 2098 4432 promit-

531 4459 714 4505 tnntur
752 4453 1109 4505 meruerimus
1147 4453 1234 4506 ubi
1263 4451 1498 4520 perfecta
1528 4467 1631 4522 pax
1669 4454 1805 4516 erit,
1849 4449 2010 4520 quam
2043 4453 2095 4504 in

523 4550 718 4608 quarto
745 4543 908 4611 gradu
952 4543 1347 4597 constituimus.
1394 4543 1517 4598 Ideo
1562 4545 1656 4607 ait,
1699 4544 1925 4612 perfecta
1967 4561 2092 4613 pax,
2123 4523 2174 4582 θ

529 4633 653 4701 quia
679 4633 810 4686 nihil
841 4634 992 4688 nobis
1021 4636 1240 4700 resistit,
1283 4652 1388 4690 non
1423 4638 1800 4692 resistentibus
1823 4638 1950 4701 Deo,
1994 4639 2096 4692 hoc

526 4734 630 4789 est,
661 4727 802 4796 quod
827 4726 957 4780 dicit
989 4728 1270 4798 Apostolus
1301 4745 1314 4784 :
1355 4728 1556 4800 Corpus
1586 4732 1790 4801 quidem
1833 4742 2096 4786 mortuum

527 4826 600 4869 est
636 4829 843 4887 propter
880 4830 1179 4887 peccatum;
1218 4821 1429 4885 spiritus
1467 4832 1640 4874 autem
1687 4823 1788 4874 vita
1829 4831 1939 4887 est,
1977 4840 2098 4891 pro-

524 4917 640 4978 pter
673 4908 959 4978 justitiam.
1010 4908 1068 4963 Si
1110 4927 1230 4980 ergo
1265 4910 1492 4979 Spiritus
1531 4911 1642 4980 ejus
1690 4913 1779 4980 qui
1827 4913 2096 4966 suscitavit

524 4999 707 5054 Jesum
753 5019 784 5054 a
812 5003 1049 5065 mortuis,
1081 5002 1276 5055 habitat
1307 5003 1360 5056 in
1392 5002 1549 5065 vobis,
1578 5002 1666 5072 qui
1688 5003 1954 5056 suscitavit
1987 5005 2097 5072 spi-

528 5103 687 5146 ritum
714 5093 846 5161 ejus,
899 5093 1172 5161 viviﬁcabit
1215 5102 1262 5147 et
1292 5093 1536 5148 mortalia
1571 5111 1787 5164 corpora
1814 5106 1980 5150 vestra
2008 5112 2100 5163 per

530 5182 910 5236 iultabitantem
952 5181 1206 5252 Spiritum
1251 5185 1366 5254 ejus
1416 5186 1469 5238 in
1510 5185 1651 5239 vobis
1700 5185 1898 5258 (Rom.
1933 5187 2094 5258 vm).

531 5267 784 5325 Liberum
827 5288 954 5342 ergo
995 5274 1275 5328 arbitrium
1304 5275 1540 5343 perfecte
1579 5274 1681 5327 fuit
1728 5275 1780 5327 in
1800 5275 1973 5344 primo
2001 5275 2098 5329 ho-

531 5361 697 5416 mine.
739 5361 796 5416 ln
831 5363 986 5417 nobis
1025 5373 1228 5428 autem,
1275 5375 1399 5421 ante
1447 5367 1672 5438 gratiam
1706 5381 1808 5420 non
1846 5375 1929 5421 est
1963 5367 2099 5422 lihe-

535 5466 651 5505 rutn
679 5451 961 5506 arbitrium
991 5462 1049 5506 ut
1075 5470 1178 5508 non
1201 5469 1503 5523 peccemus,
1533 5456 1626 5510 sed
1655 5464 1858 5509 tantum
1886 5464 1944 5509 ut
1972 5472 2098 5526 pec-

533 5557 658 5596 care
704 5543 966 5608 nolimus;
1015 5546 1186 5614 gratia
1232 5559 1360 5599 vero
1410 5543 1591 5610 ellicit,
1637 5553 1696 5599 ut
1741 5561 1845 5600 non
1892 5553 2097 5599 tantum

536 5628 760 5684 velimus
791 5640 933 5686 recte
962 5631 1140 5687 facere
1159 5673 1173 5698 ,
1200 5633 1296 5686 sed
1324 5633 1486 5688 etiam
1514 5635 1780 5704 possimus
1798 5674 1812 5699 ,
1841 5650 1944 5688 non
1973 5635 2101 5688 viri-

536 5720 635 5770 bus
664 5721 882 5789 nostris,
912 5723 1005 5778 sed
1045 5723 1348 5798 liberatoris
1375 5725 1602 5791 auxilio,
1629 5724 1720 5797 qui
1758 5725 1911 5782 nobis
1934 5724 2098 5781 etiam

2196 3283 2319 3322 nem
2355 3283 2482 3322 vero
2501 3267 2594 3322 Dei
2623 3269 2834 3322 mundae
2856 3285 2976 3324 esse
3005 3286 3108 3325 non
3137 3279 3382 3340 possunt.

2266 3356 2374 3411 Per
2400 3356 2561 3428 legem
2599 3360 2737 3411 enim
2766 3360 2988 3429 cognitio
3024 3363 3219 3431 peccati
3269 3362 3287 3433 (
3311 3363 3559 3436 Ambr.).
3590 3364 3698 3419 Per
3727 3365 3786 3419 ﬁ-

2197 3451 2319 3506 dem
2345 3459 2523 3506 autem
2570 3449 2821 3516 abolitio;
2853 3452 2975 3506 ideo
3021 3453 3290 3521 sequenda
3333 3453 3468 3509 ﬁdes
3512 3466 3620 3509 est.
3663 3457 3786 3523 Qa:

2198 3552 2280 3598 est
2301 3544 2417 3598 haec
2449 3543 2530 3598 lex
2556 3559 2653 3614 per
2680 3559 2841 3614 quam
2872 3545 3004 3600 dicit
3027 3547 3297 3616 cognitum
3319 3559 3441 3601 esse
3467 3559 3784 3616 peccatum,

2199 3643 2252 3689 et
2304 3637 2576 3706 cognitum
2616 3638 2920 3705 quomodo?
2950 3639 3204 3694 Videmus
3249 3641 3395 3694 enim
3437 3651 3664 3697 veteres
3687 3658 3785 3696 non

2199 3725 2475 3796 ignorasse
2521 3739 2822 3796 peceatum,
2870 3731 2998 3800 quia
3047 3739 3104 3785 et
3151 3729 3348 3802 Josepb
3411 3733 3464 3786 in
3508 3750 3785 3788 carcerem

2199 3815 2394 3869 missus
2440 3827 2542 3882 est,
2598 3817 2722 3872 licet
2773 3833 2871 3888 per
2911 3819 3366 3884 calumniampet
3413 3824 3686 3892 pineerna
3734 3833 3785 3879 et

2197 3906 2367 3974 pistor
2396 3907 2692 3964 Pharaonis
2717 3924 2880 3964 causa
2909 3912 3137 3980 peccati.
3169 3911 3448 3977 Quomodo
3480 3930 3620 3984 ergo
3650 3915 3785 3970 late-

2198 3997 2326 4051 bant
2352 4000 2604 4068 peccata?
2627 3999 2839 4070 Triplex
2885 4001 3102 4071 quidem
3131 4001 3216 4056 lex
3245 4011 3348 4066 est,
3381 4004 3456 4058 ita
3505 4015 3570 4059 ut
3615 4007 3787 4076 prima

2198 4103 2344 4156 pars,
2391 4089 2456 4143 de
2521 4089 2871 4145 Sacramento
2903 4092 3200 4147 divinitatis
3249 4093 3319 4147 sit
3354 4093 3492 4158 Dei;
3551 4099 3788 4151 secus-th

2197 4187 2376 4231 autem
2420 4194 2540 4248 quae
2590 4181 2837 4251 congruit
2877 4181 2983 4251 legi
3032 4183 3284 4248 naturali,
3329 4199 3452 4253 qua:
3502 4185 3788 4242 interdicit

2199 4279 2516 4336 peccatum;
2543 4271 2699 4324 tertia
2732 4287 2860 4327 vero
2887 4270 3151 4327 factorum
3174 4273 3330 4345 legis,
3359 4275 3413 4328 id
3435 4286 3524 4330 est
3549 4278 3789 4340 sabbati,

2199 4359 2508 4423 neomenize,
2526 4361 2972 4427 circumeisionis,
2988 4372 3094 4418 etc.
3111 4363 3236 4418 Haec
3249 4379 3386 4435 ergo,
3395 4364 3481 4420 lex
3494 4367 3787 4430 naturalis,

2199 4467 2317 4520 qua:
2354 4469 2449 4522 per
2478 4453 2712 4524 Moysem
2747 4456 2943 4525 partim
2968 4457 3283 4522 reformata,
3312 4460 3512 4526 partim
3541 4474 3644 4528 pro
3675 4460 3791 4528 ejus

2200 4545 2520 4599 auctoritate
2567 4545 2778 4599 ﬁrmata
2832 4547 2887 4600 in
2933 4547 3080 4602 vitiis
3135 4548 3475 4613 cobibendis,
3504 4554 3789 4620 cognitam

2201 4631 2329 4687 fecit
2352 4644 2662 4703 peccatum,
2713 4649 2820 4688 non
2867 4637 3011 4705 quod
3050 4636 3263 4702 lateret,
3319 4637 3465 4692 sicut
3509 4639 3650 4703 dixi,
3696 4640 3788 4693 sed

2201 4725 2436 4778 ostendit
2459 4735 2679 4794 peccata
2705 4742 2824 4796 qua:
2853 4727 3011 4792 ﬁunt,
3046 4743 3152 4782 non
3178 4729 3399 4798 impune
3429 4729 3618 4784 futura
3649 4732 3789 4800 apud

2202 4816 2392 4882 Deum,
2425 4832 2490 4872 ne
2521 4817 2659 4874 forte
2685 4821 2805 4889 quis
2826 4821 2894 4874 ad
2923 4828 3135 4891 tempus
3162 4821 3422 4887 evadens,
3451 4822 3635 4893 legem
3665 4824 3788 4878 illu-

2204 4908 2338 4963 sisse
2369 4918 2663 4978 putaretur.
2696 4909 2809 4965 Hoc
2832 4919 2918 4966 est
2935 4911 3080 4980 quod
3107 4911 3192 4966 lex
3215 4912 3474 4968 ostendit.

2276 4999 2431 5054 Nunc
2482 5018 2596 5056 vero
2645 5003 2758 5057 sine
2784 5002 2893 5074 lege
2922 5004 3131 5073 justitia
3176 5003 3274 5058 Dei
3307 5004 3654 5074 manifestata
3679 5017 3787 5065 est.

2204 5092 2552 5145 testimonium
2580 5092 2774 5147 habens
2800 5111 2832 5146 a
2865 5092 2974 5163 lege
3007 5102 3056 5147 et
3087 5095 3369 5164 prophetis.
3403 5096 3674 5164 Apertum
3707 5106 3789 5150 est

2205 5181 2327 5248 quia
2358 5180 2566 5249 justitia
2605 5181 2699 5236 Dei
2739 5182 2855 5236 sine
2895 5183 3009 5252 lege
3052 5184 3322 5254 apparuit,
3361 5184 3459 5237 sed
3501 5185 3626 5240 sine
3671 5186 3786 5254 lege

2205 5273 2436 5336 sabbati,
2484 5283 2538 5328 et
2582 5274 3029 5339 circumeisionis,
3079 5285 3134 5330 et
3179 5276 3506 5339 neomeniae,
3554 5288 3613 5332 et
3665 5279 3785 5331 vin-

2204 5362 2383 5426 dictte,
2433 5378 2536 5416 non
2579 5371 2756 5416 tamen
2794 5363 2909 5418 sine
2940 5373 3277 5420 sacramento
3317 5365 3628 5420 divinitatis
3669 5367 3784 5430 Dei,

2204 5454 2398 5522 quippe
2425 5468 2542 5506 eum
2567 5453 2775 5521 justitia
2800 5453 2894 5508 Dei
2917 5455 2984 5508 de
3018 5464 3359 5510 sacramento
3386 5455 3479 5510 Dei
3510 5459 3607 5510 sit.
3653 5457 3786 5510 Nam

2207 5545 2418 5613 quando
2463 5559 2597 5612 quos
2641 5543 2725 5598 lex
2771 5561 2892 5600 reos
2938 5550 3174 5612 tenebat,
3198 5547 3411 5614 justitia
3451 5549 3548 5604 Dei
3585 5550 3791 5617 ignovit

2207 5634 2334 5696 illis,
2359 5634 2475 5687 sine
2505 5633 2618 5704 lege
2647 5633 2831 5702 utique
2861 5636 2963 5690 hoc
2988 5635 3134 5701 fecit,
3156 5637 3281 5706 quia
3311 5637 3367 5692 in
3397 5651 3537 5706 quos
3562 5637 3650 5692 lex
3673 5638 3790 5690 vin-

2206 5723 2449 5779 dicatura
2469 5733 2606 5788 erat,
2623 5724 2837 5780 donavit
2869 5725 2972 5781 illis
3000 5736 3297 5796 peccatum.
3323 5726 3385 5782 Et
3421 5743 3491 5782 ne
3519 5728 3624 5783 hoc
3649 5727 3793 5782 forte
