3998 6202
254 386 381 441 1541

777 378 1326 436 ENABRATIONUM
1365 378 1432 432 IN
1474 375 1620 431 EPP.
1658 376 1864 433 PAULI
1901 376 2028 431 LIB.
2069 375 2134 430 ll.
2174 406 2243 417 —
2279 375 2346 430 ΙΝ
2387 375 2603 432 EPIST.
2646 376 2738 432 AD
2774 375 2943 435 ROM.

3370 379 3512 434 15η

247 508 440 551 contra
486 493 658 564 legem
706 489 908 545 factum
957 498 1264 560 putaretur,
1314 486 1512 556 adjecit
1555 487 1820 556 justitiam
1851 494 1896 551 Α
1926 497 2036 540 tam
2060 484 2325 556 profunda
2353 487 2648 555 sitjustitia
2677 489 2771 544 Dei
2798 497 2853 543 et
2877 487 3104 557 judicra,
3139 498 3195 544 ut
3223 493 3510 560 Apostolus

248 587 345 642 Dei
396 581 762 640 testimonium
808 581 1006 634 habere
1043 595 1108 634 ex
1139 580 1255 650 lege
1295 588 1349 634 et
1387 578 1690 648 prophetis,
1727 579 1828 632 hoc

249 687 355 742 est,
385 674 511 747 quia
539 674 654 744 ipsa
691 672 779 727 lex
822 688 890 726 ex
929 671 1032 726 alia
1063 682 1216 741 parte
1244 671 1372 724 olim
1409 671 1552 725 istud
1590 669 1828 724 futurum

249 771 498 832 dixerat;
531 767 658 836 quia
701 775 958 820 venturus
999 773 1116 817 erat
1141 764 1229 832 qui
1268 763 1514 817 homines
1552 763 1826 817 salvaret:

250 860 392 930 quod
422 859 524 929 legi
571 870 888 910 concessum
921 869 1026 908 non
1064 862 1212 917 erat;
1245 861 1300 905 ut
1330 861 1551 921 peccata
1581 853 1825 906 donaret.

249 954 372 1008 lJeo
395 958 574 1004 autem
609 945 819 1017 justitia
869 945 960 998 Dei
999 945 1141 997 dicta
1172 953 1276 1008 est,
1305 958 1424 1012 qua:
1455 942 1667 995 videtur
1707 955 1828 994 esse

250 1037 652 1101 misericordia;
683 1035 809 1104 quia
850 1033 918 1087 de
957 1031 1315 1101 promissione
1340 1032 1604 1102 originem
1644 1030 1825 1093 habet,

249 1143 448 1190 etcum
470 1129 796 1200 promissum
824 1126 916 1179 Dei
945 1124 1207 1188 redditur,
1234 1123 1444 1191 justitia
1479 1123 1572 1176 Dei
1608 1121 1824 1176 dicitur.

247 1220 461 1277 iustitia
509 1226 595 1272 est
621 1216 800 1281 enim,
821 1215 957 1284 lquia
988 1213 1254 1268 redditum
1291 1221 1376 1268 est
1403 1213 1546 1282 quod
1592 1211 1826 1281 promis-

250 1330 371 1368 sum
403 1321 516 1375 est;
548 1319 600 1363 et
627 1323 747 1362 eum
778 1307 1004 1374 suscipit
1030 1305 1403 1373 confugientes
1427 1305 1494 1358 ad
1511 1319 1567 1358 se
1593 1303 1824 1373 justitia,

249 1402 465 1464 dicitur,
511 1400 638 1469 quia
684 1412 790 1451 non
846 1397 1118 1465 suscipere
1166 1396 1423 1464 iniquitas
1473 1401 1575 1448 est.
1609 1393 1825 1465 (Aug.)

249 1494 446 1547 Omnes
471 1491 886 1560 praevaricantes
913 1489 1088 1558 gratia
1118 1487 1411 1541 Salvatoris
1441 1486 1662 1551 invenit,
1694 1486 1828 1542 alios

250 1583 448 1652 majus,
473 1580 610 1635 alios
632 1580 844 1634 minus:
871 1587 1078 1647 quanto
1103 1578 1246 1632 enim
1263 1577 1396 1647 legis
1419 1568 1592 1643 major
1614 1577 1666 1630 in
1688 1591 1825 1646 quo-

1933 580 2110 634 dicit:
2145 579 2316 646 Quam
2357 579 2719 635 inscrutabilia
2763 591 2882 635 sunt
2915 582 3124 651 judicia
3173 581 3274 637 Dei
3319 581 3508 654 (llam.

1932 667 2038 738 x1)!
2073 667 2178 724 Sed
2211 677 2266 724 et
2295 668 2571 738 Sapientia
2602 670 2674 724 ita
2709 671 2776 724 ad
2800 670 3046 724 homines
3066 670 3320 740 loquitur,
3355 675 3508 741 quasi

1930 775 2036 812 non
2067 760 2238 828 possit
2276 758 2484 826 justitia
2515 759 2608 814 Dei
2655 769 2861 815 natura:
2893 761 3057 815 solius
3085 761 3318 816 motibus
3356 763 3506 827 sciri,

1929 851 2022 905 sed
2069 866 2166 921 per
2217 851 2478 906 doctrina:
2521 852 2758 908 studiqu
2812 855 3015 921 quaeri;
3069 863 3125 909 et
3155 855 3276 908 ideo
3328 854 3504 907 dicit:

1929 939 2124 994 Discite
2136 940 2423 1008 justitiam,
2451 942 2540 1010 qui
2555 941 2814 1010 judicatis
2846 942 3018 996 orbem
3041 943 3193 1013 (Sap.
3217 943 3286 1012 ι).
3312 943 3510 1010 Quam-

1928 1029 2115 1082 obrem
2145 1029 2211 1082 ad
2241 1029 2336 1083 Dei
2360 1028 2628 1097 justitiam
2659 1031 3087 1098 cognoscendam
3127 1032 3259 1085 nihil
3290 1047 3510 1102 prorsus

1927 1119 2279 1187 Opitulabitur
2307 1119 2390 1172 lex
2417 1130 2644 1183 natura},
2661 1121 2872 1174 etiamsi
2902 1121 3147 1175 videatur
3164 1122 3363 1190 aliquid
3391 1136 3508 1176 sen-

1930 1209 2032 1263 tire
2060 1209 2126 1262 de
2159 1209 2388 1263 humana
2434 1209 2665 1278 justitia.
2718 1210 2807 1263 llla
2837 1211 2979 1264 enim
3029 1210 3110 1264 lex
3164 1221 3339 1280 potest
3385 1228 3508 1266 sen-

1929 1299 2030 1352 tire
2078 1299 2206 1368 quid
2255 1299 2395 1353 inter
2434 1300 2674 1354 homines
2703 1299 2908 1368 justum
2955 1301 3060 1362 sit,
3110 1310 3169 1354 ut
3210 1303 3350 1370 quod
3390 1301 3506 1369 ipse

1925 1391 2048 1460 quis
2076 1391 2188 1461 pati
2221 1406 2326 1444 non
2361 1390 2494 1453 vult,
2524 1392 2625 1445 hoc
2655 1406 2722 1445 ne
2751 1390 2998 1459 proximo
3043 1389 3224 1444 faciat.
3258 1389 3508 1458 Nunquid

1925 1481 2244 1535 naturaliter
2267 1489 2445 1551 potest
2467 1483 2654 1536 sentiri
2695 1481 2762 1536 de
2791 1481 2880 1534 illa
2906 1479 3139 1548 justitia,
3171 1497 3291 1549 qum
3325 1481 3455 1534 dicit
3484 1497 3500 1536 :

1939 1569 2116 1625 Videte
2143 1588 2206 1626 ne
2225 1572 2436 1640 faciatis
2455 1573 2724 1641 justitiam
2745 1581 2964 1626 vestram
2988 1587 3165 1624 coram
3187 1571 3505 1634 hominibus,

250 1689 356 1741 quo
380 1671 645 1741 cognitio,
691 1677 842 1724 tanto
872 1669 1049 1723 minor
1078 1668 1285 1737 peccati
1313 1669 1625 1732 excusatio,
1679 1676 1828 1721 tanto
1925 1673 1973 1716 et
2002 1672 2059 1716 ut
2106 1664 2301 1717 nesciat
2341 1664 2554 1718 sinistra
2603 1674 2696 1717 tua
2740 1665 2867 1734 quid
2905 1663 3069 1732 faciat
3111 1665 3326 1718 dextera
3371 1664 3511 1717 tua?

250 1761 585 1817 manifestior
610 1757 1002 1830 praevaricatio.
1042 1757 1300 1812 Restabat
1337 1773 1467 1828 ergo
1494 1767 1554 1811 ut
1596 1757 1827 1812 homini-
1928 1751 2164 1823 (Matth.
2217 1752 2337 1825 vi.)
2386 1753 2513 1809 Haec
2539 1761 2593 1809 et
2634 1752 2940 1822 hujusmodi
2981 1753 3128 1823 justa
3165 1755 3370 1809 dictare
3400 1769 3509 1808 non

248 1853 351 1908 bus
396 1867 501 1906 non
532 1865 650 1911 sua,
688 1849 780 1903 sed
809 1848 926 1912 Dei,
962 1848 1015 1902 id
1043 1857 1146 1913 est,
1190 1863 1222 1902 a
1253 1847 1362 1903 Deo
1402 1850 1595 1903 donata
1619 1848 1824 1916 justitia
1856 1833 1902 1892 Β
1933 1851 2109 1914 potest
2151 1843 2233 1897 lex
2291 1852 2518 1908 naturze,
2559 1853 2615 1898 et
2653 1846 2774 1899 ideo
2818 1844 2950 1898 dicit
2989 1843 3312 1914 Apostolus:
3348 1842 3506 1897 Nunc

249 1943 579 1999 subveniret.
614 1941 764 1997 Unde
791 1941 867 1994 ait
907 1939 1232 2010 Apostolus:
1265 1939 1370 1993 Per
1394 1939 1555 2010 legem
1600 1940 1826 2009 cognitio
1927 1945 2102 1990 autem
2129 1936 2241 1990 sine
2269 1934 2400 2006 lege,
2444 1944 2651 1991 natura:
2690 1936 2918 2002 scilicet,
2956 1936 3166 2005 justitia
3213 1935 3305 1989 Dei
3337 1937 3509 1989 mani-

248 2033 442 2105 peccati
470 2051 482 2086 :
512 2047 618 2087 non
647 2046 776 2102 ergo
805 2029 1024 2092 oblatio,
1057 2030 1149 2085 sed
1176 2029 1429 2100 cognitio.
1460 2029 1616 2084 Nunc
1653 2039 1828 2084 autem

247 2125 359 2178 sine
386 2123 513 2194 lege,
541 2123 738 2192 inquit,
773 2121 985 2192 justitia
1011 2121 1107 2174 Dei
1134 2121 1471 2190 manifestata
1499 2131 1596 2186 est,
1639 2121 1825 2190 testifi-

249 2224 368 2269 cata
389 2229 482 2282 per
511 2212 673 2284 legem
698 2222 747 2266 et
768 2211 1065 2281 prophetas.
1113 2210 1345 2266 Proinde
1370 2212 1535 2266 etiam
1565 2212 1668 2266 iste
1696 2212 1824 2266 sub-

241 2303 440 2372 junxit,
473 2313 743 2373 propterea
765 2301 926 2355 dilexi
956 2302 1273 2366 testimonia,
1303 2310 1557 2371 tanquam
1580 2302 1783 2356 diceret
1807 2319 1822 2357 :

248 2395 514 2462 Quoniam
544 2395 653 2458 lex,
685 2395 800 2448 sive
824 2393 880 2447 in
910 2392 1163 2462 paradiso
1192 2392 1338 2457 data,
1363 2392 1478 2446 sive
1508 2391 1826 2447 naturaliter

248 2488 432 2554 insita,
459 2487 572 2542 sive
606 2487 660 2542 in
692 2487 885 2542 litteris
913 2487 1270 2558 promulgata,
1297 2487 1716 2556 praevaricantes
1748 2487 1827 2543 fe-

247 2577 321 2633 cit
347 2591 536 2632 omnes
575 2585 890 2646 peccatores
926 2584 1122 2641 terrae;
1176 2586 1459 2646 propterea
1486 2577 1647 2632 dilexi
1676 2577 1827 2633 testi-

247 2668 427 2722 monia
457 2675 574 2732 tua,
603 2683 722 2737 quae
760 2676 889 2722 sunt
928 2668 980 2722 in
1011 2667 1128 2738 lege
1159 2677 1247 2722 tua
1289 2669 1355 2723 de
1391 2670 1563 2739 gratia
1597 2678 1684 2724 tua
1707 2711 1722 2732 ,
1765 2677 1824 2724 ut

247 2773 355 2812 non
383 2757 454 2810 sit
477 2756 530 2810 in
557 2772 644 2811 me
672 2755 883 2825 justitia
911 2772 1054 2821 mea,
1083 2757 1176 2812 sed
1207 2767 1318 2824 tua,
1353 2759 1435 2814 lex
1473 2761 1616 2814 enim
1630 2761 1697 2815 ad
1724 2762 1826 2816 hoc

245 2848 468 2917 prodest
487 2855 546 2902 ut
576 2847 758 2902 mittat
785 2848 852 2902 ad
877 2849 1130 2919 gratiam.
1171 2848 1287 2903 Non
1317 2850 1488 2904 solum
1516 2852 1661 2906 enim
1681 2850 1824 2922 quod

245 2947 534 2993 attestatur
565 2938 957 2994 manifestanda
1005 2939 1212 3008 justitia
1259 2941 1384 3006 Dei,
1416 2957 1536 3010 quae
1565 2943 1681 2999 sine
1708 2944 1825 3015 lege

245 3039 351 3094 est,
374 3044 562 3084 verum
580 3031 744 3084 etiam
770 3031 874 3086 hoe
899 3030 1038 3100 ipso,
1059 3031 1203 3100 quod
1228 3032 1648 3102 praevaricantes
1669 3033 1818 3098 fecit,

245 3123 320 3177 ita
351 3130 408 3176 ut
432 3129 489 3178 et
510 3122 673 3176 etiam
702 3122 880 3176 littera
918 3121 1168 3188 occidat;
1204 3121 1272 3176 ad
1304 3121 1664 3178 vivificantem
1695 3123 1809 3194 Spi-

243 3215 409 3269 ritum
438 3213 729 3284 confugere
759 3213 1007 3270 timorem
1029 3213 1331 3283 compellit,
1380 3229 1478 3284 per
1505 3229 1664 3284 quem
1693 3231 1821 3285 pee-

243 3314 490 3359 catorum
517 3304 762 3358 deleatur
784 3303 1127 3367 universitas,
1156 3311 1211 3356 et
1234 3311 1383 3358 recte
1405 3302 1669 3358 factorum
1694 3306 1824 3360 cha-

243 3392 378 3447 ritas
407 3393 719 3462 inspiretur.
771 3392 876 3447 Per
895 3390 1081 3463 legem,
1125 3393 1317 3460 inquit,
1365 3393 1563 3462 agnitio
1601 3395 1821 3463 peccati.

241 3482 261 3552 (
291 3479 439 3552 Orig.
469 3481 487 3552 )
516 3483 651 3535 Dum
691 3497 788 3551 per
814 3481 986 3552 legem
1019 3481 1229 3536 Domini
1262 3482 1394 3550 quid
1433 3483 1698 3552 agendum
1725 3483 1818 3549 sit,

240 3572 373 3642 quid
401 3573 696 3628 cavendum
725 3573 915 3638 simul,
943 3581 999 3627 et
1035 3575 1162 3642 quid
1185 3581 1468 3643 peccatum
1501 3574 1592 3638 sit,
1619 3582 1674 3628 et
1694 3575 1821 3643 quid

242 3679 351 3717 non
380 3665 482 3729 sit,
514 3666 878 3736 agnoscimus,
901 3681 1009 3720 non
1034 3681 1182 3736 ergo,
1204 3677 1264 3720 ut
1294 3666 1534 3721 hazretiei
1557 3666 1723 3721 Deum
1744 3667 1823 3722 le-

244 3755 330 3824 gis
353 3767 632 3821 aceusant,
662 3757 805 3810 mala
834 3755 983 3812 radix
1011 3767 1093 3812 est
1115 3757 1222 3822 let,
1251 3769 1306 3812 et
1333 3757 1475 3812 mala
1503 3758 1687 3822 arbor,
1725 3772 1822 3827 per

242 3860 406 3913 quam
432 3847 636 3915 peccati
680 3847 829 3902 venit
855 3848 1096 3916 agnitio:
1133 3849 1258 3917 quia
1285 3864 1393 3902 non
1441 3847 1579 3904 dixit
1605 3863 1672 3901 ea:
1710 3847 1820 3917 lege

240 3936 438 4005 agnitio
484 3937 702 4006 peccati,
756 3937 851 3992 sed
886 3954 978 4007 per
1002 3937 1196 4007 legem,
1223 3947 1282 3992 ut
1306 3939 1448 3992 scias
1474 3952 1582 3992 non
1607 3951 1675 3992 ex
1704 3937 1818 4006 ipsa

240 4032 448 4089 ortum,
496 4025 590 4081 sed
626 4041 722 4095 per
762 4025 931 4095 ipsam
979 4027 1221 4098 agnitum
1253 4042 1373 4082 esse
1412 4034 1716 4096 peccatum,
1760 4036 1820 4080 ut

239 4115 394 4169 verbi
421 4115 614 4185 gratia,
633 4117 676 4170 si
694 4116 1015 4179 diceremus,
1044 4131 1141 4187 per
1159 4123 1329 4170 artem
1359 4116 1641 4172 medicinae
1662 4115 1821 4170 datur

238 4205 515 4276 languoris
544 4206 766 4276 agnitio,
816 4207 1182 4276 nunquidnam
1225 4207 1497 4262 videretur
1528 4207 1628 4262 tibi
1655 4221 1818 4261 causa

236 4295 512 4364 languoris
558 4309 678 4350 esse
731 4295 1014 4360 medicina,
1045 4297 1169 4365 quia
1224 4311 1320 4366 per
1365 4297 1533 4366 ipsam
1583 4295 1820 4365 qualitas

236 4384 511 4454 languoris
539 4385 889 4455 agnoscitur?
936 4385 1039 4440 Sed
1069 4387 1209 4442 sicut
1234 4397 1443 4442 constat
1474 4388 1676 4442 bonam
1701 4403 1820 4443 esse

1926 2026 2118 2096 festata
2147 2034 2244 2090 est,
2275 2026 2628 2080 testimonium
2650 2025 2844 2080 habens
2871 2026 2997 2096 legis
3027 2025 3197 2095 Moysi
3218 2035 3264 2078 et
3287 2026 3507 2094 prop/te-

1925 2125 2121 2180 larum,
2146 2116 2201 2169 in
2218 2116 2415 2184 quibus
2444 2125 2668 2172 sanctus
2692 2115 2924 2186 Spiritus
2939 2116 3106 2170 multa
3122 2131 3217 2186 per
3233 2115 3432 2185 figuras
3451 2125 3508 2169 et

1923 2207 2211 2276 atniginata
2235 2207 2301 2261 de
2323 2207 2534 2278 justitia
2565 2209 2660 2263 Dei
2690 2209 3004 2278 scripserat.
3040 2209 3106 2262 Et
3139 2207 3262 2262 nolo
3295 2208 3508 2263 mireris

1925 2298 2068 2367 quod
2091 2313 2254 2352 unum
2278 2300 2593 2354 vocabulum
2624 2299 2782 2371 legis,
2807 2300 3042 2354 secundo
3078 2301 3132 2354 in
3173 2301 3360 2354 eodem
3389 2300 3507 2355 leto

1924 2389 2402 2458 positum,diversa
2419 2391 2706 2462 signiﬁcet.
2721 2391 3028 2446 Invenimus
3042 2392 3182 2446 hanc
3206 2408 3326 2447 esse
3352 2391 3469 2446 Scri
3485 2420 3504 2432 -

1924 2490 2093 2551 pturae
2114 2484 2557 2537 consuetudinem
2583 2493 2638 2537 et
2669 2483 2722 2536 in
2753 2483 2874 2537 aliis
2897 2482 3047 2548 locis,
3084 2492 3139 2537 ut
3167 2485 3238 2538 ibi
3270 2502 3283 2537 :
3316 2482 3506 2537 Nonne

1926 2588 2011 2626 vos
2041 2569 2214 2623 dicitis
2241 2574 2366 2642 quia
2396 2573 2567 2627 adhuc
2587 2584 2816 2644 quatuor
2841 2589 3039 2628 menses
3068 2587 3212 2640 sunt,
3245 2585 3302 2630 ut
3333 2576 3500 2629 veniat

1924 2662 2104 2716 messis
2125 2663 2150 2715 ?
2175 2673 2221 2716 et
2250 2662 2442 2716 elevate
2483 2663 2661 2717 oculos
2701 2675 2918 2728 vestros,
2945 2675 2992 2718 et
3036 2665 3201 2719 videte
3242 2667 3496 2736 regiones,

1924 2761 2048 2830 quia
2083 2760 2216 2814 albte
2254 2768 2375 2812 sunt
2417 2758 2486 2812 ad
2528 2773 2762 2812 messem.
2812 2757 3012 2830 (Joan.
3064 2759 3180 2830 iv.)
3224 2759 3412 2814 Nonne
3453 2767 3509 2812 et

1925 2851 2029 2906 hoc
2056 2850 2175 2906 loco
2204 2849 2396 2904 messis
2421 2848 2657 2903 secundo
2686 2849 2984 2912 nominata,
3010 2849 3185 2918 primo
3213 2849 3281 2902 ad
3319 2864 3508 2917 corpo-

1927 2942 2094 2997 ralem
2137 2955 2368 2996 messem
2423 2939 2675 3004 refertur,
2726 2940 2966 2995 secundo
3006 2955 3134 2992 vero
3173 2939 3239 2993 ad
3288 2939 3506 3008 spirita-

1925 3033 2074 3088 lem?
2120 3034 2194 3088 Ita
2227 3034 2278 3087 in
2309 3033 2411 3088 hoc
2447 3032 2563 3087 loco
2596 3031 2886 3102 Apostolus
2928 3046 3050 3087 cum
3086 3032 3201 3085 sine
3231 3031 3347 3100 lege
3374 3031 3503 3086 dicit

1920 3123 2186 3193 justitiam
2217 3123 2576 3185 manifestari,
2620 3131 2828 3176 naturte
2866 3123 2953 3176 lex
2983 3121 3298 3190 intelligitur
3335 3139 3347 3174 :
3380 3136 3502 3176 cum

1926 3232 2056 3271 vero
2085 3217 2235 3281 dicit,
2285 3214 2581 3283 Testiﬁcata
2611 3231 2643 3267 a
2669 3213 2779 3284 lege
2807 3223 2853 3266 et
2876 3214 3168 3284 prophetis,
3216 3212 3382 3282 Moysi
3424 3212 3504 3266 le-

1923 3321 2044 3378 gem
2073 3306 2340 3377 designat.
2389 3304 2514 3358 llzec
2543 3319 2672 3375 ergo
2704 3303 2916 3372 justitia
2948 3303 3067 3366 Dei,
3093 3317 3214 3372 qua:
3246 3312 3327 3356 est
3348 3301 3507 3356 Chri-

1924 3405 2058 3460 stus,
2111 3393 2493 3449 manifestatnr
2531 3394 2648 3447 sine
2687 3393 2801 3462 lege
2835 3393 3052 3462 quidem
3102 3392 3356 3456 naturali,
3398 3406 3504 3446 non

1923 3497 2102 3543 tamen
2143 3489 2260 3542 sine
2303 3487 2418 3557 lege
2449 3486 2615 3558 Moysi
2664 3486 2747 3541 vel
2797 3486 3110 3557 prophetis:
3139 3486 3229 3539 dat
3261 3487 3405 3539 enim
3449 3483 3500 3538 ei

1923 3581 2292 3636 testimonium
2337 3579 2445 3644 lex,
2502 3580 2642 3634 sicut
2685 3586 2740 3632 et
2793 3579 2906 3648 ipse
2949 3578 3079 3633 dicit
3120 3596 3134 3632 :
3175 3576 3501 3633 Scrutamini

1923 3669 2246 3742 Scripturas,
2269 3680 2317 3724 et
2355 3671 2482 3739 ipsa:
2503 3678 2626 3723 sunt
2665 3686 2783 3731 aute
2813 3671 3163 3723 testimonium
3190 3670 3409 3724 reddunt
3437 3669 3502 3722 de

1921 3776 2003 3815 me
2039 3760 2242 3831 (Joan.
2270 3775 2301 3812 v
2336 3759 2377 3830 ).
2432 3759 2565 3813 Nam
2613 3758 2700 3812 lex
2733 3759 2950 3827 quidem
3005 3761 3270 3814 naturalis
3321 3768 3501 3829 potest

1920 3850 2235 3906 occasiones
2255 3851 2494 3919 praebere
2532 3857 2588 3902 et
2610 3849 2941 3903 intellectum
2970 3851 3098 3904 dare
3118 3889 3133 3914 ,
3161 3857 3220 3903 ut
3239 3851 3493 3915 diximus,

1923 3940 2007 3994 vel
2033 3939 2100 3994 ad
2127 3954 2191 3994 ea
2219 3954 2339 4008 qua:
2368 3939 2510 3992 inter
2533 3953 2722 3992 omnes
2743 3940 2827 4009 agi
2855 3939 3081 4008 arquitas
3102 3939 3293 4007 poscit,
3323 3941 3404 3992 vel
3427 3941 3493 3993 ad

1920 4032 2026 4085 hoc
2049 4031 2244 4098 ipsum,
2279 4037 2337 4083 ut
2367 4044 2485 4084 esse
2515 4029 2714 4084 sentiat
2751 4029 2937 4084 Deum.
2971 4031 3045 4085 De
3068 4029 3283 4084 Christo
3315 4041 3494 4084 autem

1919 4121 2044 4191 quia
2083 4121 2153 4175 sit
2179 4120 2349 4175 Filius
2387 4119 2481 4174 Dei
2519 4120 2722 4174 sentire
2765 4119 3085 4174 naturaliter
3119 4122 3240 4189 quis
3282 4123 3498 4190 potest?

1916 4212 2043 4268 Ideo
2067 4226 2196 4282 ergo
2220 4211 2336 4266 sine
2362 4212 2462 4264 hac
2477 4211 2593 4280 lege
2605 4211 2820 4281 justitia
2845 4211 2964 4273 Dei,
2981 4225 3098 4278 quae
3120 4222 3200 4265 est
3227 4212 3493 4274 Christus,

1919 4301 2259 4357 manifestata
2287 4311 2388 4364 est,
2419 4300 2707 4356 testificata
2732 4317 2799 4356 ex
2829 4302 2944 4372 lege
2972 4302 3136 4373 Moysi
3168 4311 3222 4357 et
3256 4307 3490 4373 prophe-

1921 4391 2008 4445 tis.
2061 4391 2260 4446 Verum
2319 4390 2632 4459 priusquam
2676 4392 2743 4444 ad
2792 4393 3072 4461 sequentia
3121 4408 3494 4462 properemus,

237 4473 581 4538 medicinam,
609 4488 729 4543 qua:
757 4473 1089 4541 aegritudinis
1120 4475 1526 4544 intelligentiam
1569 4483 1814 4544 praestat,
1844 4517 1895 4577 Β
1919 4484 2213 4538 omittenda
2261 4497 2366 4537 non
2404 4485 2614 4538 videtur
2649 4500 2716 4540 ne
2749 4485 2863 4540 haec
2907 4487 3123 4555 quidem
3165 4489 3497 4554 observatio,

235 4578 342 4632 qua
365 4563 532 4632 possit
554 4564 710 4618 vitari
752 4563 1056 4627 infirmitas,
1082 4565 1156 4619 ita
1194 4574 1248 4620 et
1277 4565 1364 4619 lex
1391 4566 1532 4620 bona
1567 4575 1679 4630 est,
1724 4582 1819 4634 per

235 4670 401 4723 quam
427 4665 707 4724 peccatum
751 4657 1169 4726 deprehenditur
1207 4666 1262 4712 et
1293 4658 1617 4729 agnoscitur.
1664 4655 1823 4713 Nune

235 4757 418 4800 autem
447 4747 561 4802 sine
589 4748 705 4820 lege
728 4747 940 4818 justitia
964 4749 1061 4805 Dei
1090 4749 1434 4806 manifestata
1453 4757 1554 4804 est.
1581 4749 1708 4803 Taie
1737 4755 1823 4801 est

232 4852 365 4907 ergo
407 4839 552 4908 quod
578 4839 730 4902 dicit,
778 4857 884 4896 non
926 4841 1066 4897 sicut
1101 4857 1196 4911 per
1235 4841 1404 4912 legem
1454 4841 1656 4911 agnitio
1693 4854 1822 4910 pec-

231 4929 362 4993 cati,
410 4929 486 4984 ita
514 4937 569 4985 et
610 4931 972 4988 manifestatio
1002 4932 1225 5001 justitite
1264 4935 1358 4989 Dei
1385 4950 1483 5003 per
1510 4933 1681 5004 legem
1728 4931 1814 4998 fit,

231 5020 328 5074 sed
383 5021 498 5075 sine
553 5022 668 5092 lege
711 5023 1088 5078 manifestatur
1133 5025 1344 5094 justitia
1399 5024 1492 5078 Dei
1511 5041 1543 5096 ;,
1593 5030 1817 5094 poterat

229 5112 377 5167 enim
401 5122 606 5169 naturte
648 5115 730 5170 lex
762 5131 988 5186 arguere
1029 5117 1231 5186 peccati
1276 5125 1521 5171 naturam
1542 5157 1556 5182 ,
1587 5126 1641 5171 et
1667 5116 1817 5172 noti-

232 5203 368 5257 tiam
395 5204 512 5273 ejus
535 5205 822 5260 ostendere
847 5225 859 5261 :
897 5205 1106 5275 justitia
1136 5218 1314 5262 autem
1345 5208 1438 5263 Dei
1465 5210 1813 5280 supergredi-

233 5302 326 5346 tur
357 5301 411 5346 et
438 5296 803 5363 supereminet
852 5297 954 5352 hoc
994 5297 1350 5368 quodcunque
1385 5314 1535 5352 mens
1570 5300 1813 5354 humana

230 5381 364 5438 solis
419 5386 753 5443 naturalibus
803 5390 1054 5444 sensibus
1113 5397 1290 5459 potest
1356 5391 1561 5444 rimari.
1621 5391 1814 5461 Neque

230 5471 377 5526 enim
405 5473 601 5528 sutiicit
623 5476 690 5529 ad
718 5477 1116 5547 intelligendam
1147 5486 1202 5532 et
1229 5479 1672 5533 considerandam
1697 5495 1813 5533 non

229 5578 610 5634 quamcunque
654 5567 942 5621 humanam
967 5608 982 5631 ,
1035 5570 1129 5624 sed
1178 5571 1348 5638 ipsam
1388 5569 1482 5625 Dei
1511 5572 1812 5642 justitiam,

229 5664 287 5709 et
311 5654 512 5724 judicia
543 5673 662 5727 qua:
690 5674 755 5712 ex
788 5660 901 5729 ipsa
929 5659 1258 5720 descendunt
1284 5702 1301 5727 ,
1342 5663 1408 5719 de
1438 5665 1634 5732 quibus
1673 5664 1814 5718 diei-

227 5756 353 5812 tur,
399 5748 523 5819 quia
554 5760 678 5805 sunt
699 5752 918 5821 abyssus
947 5751 1110 5808 multa
1139 5751 1159 5826 (
1189 5752 1335 5809 Psal.
1364 5756 1566 5825 xxxv),
1601 5763 1653 5809 et
1678 5755 1804 5826 quia

1924 4578 2066 4646 quod
2101 4578 2152 4631 in
2182 4587 2406 4646 peccato
2445 4577 2658 4646 quidem
2691 4577 3018 4648 agnitionem
3045 4583 3215 4646 posui,
3259 4582 3309 4634 in
3335 4581 3498 4650 justi-

1927 4666 1996 4719 tia
2036 4681 2162 4720 vero
2211 4666 2719 4722 manifestationem.
2746 4667 2917 4723 Omne
2944 4669 3086 4738 quod
3118 4672 3500 4726 manifestatur

1921 4760 2008 4815 lux
2037 4771 2120 4817 est
2147 4779 2160 4814 :
2190 4762 2306 4816 etsi
2332 4762 2471 4830 quod
2513 4761 2888 4817 manifestatur
2912 4763 2998 4818 lux
3038 4773 3143 4829 est,
3186 4774 3488 4834 peccatum,

1921 4854 2061 4921 quod
2089 4853 2180 4907 lux
2215 4869 2321 4908 non
2348 4863 2452 4918 est,
2491 4870 2596 4909 non
2620 4855 3014 4920 manifestatur,
3046 4859 3138 4911 sed
3159 4860 3485 4928 agnoscitur.

1919 4943 2030 5012 Ego
2075 4944 2152 4999 sic
2200 4946 2407 5013 accipio
2441 4955 2496 5000 et
2531 4946 2658 5000 illud
2686 4965 2698 5000 :
2730 4946 2880 5000 Nihil
2913 4947 3172 5000 occultum
3213 4949 3352 5018 quod
3387 4966 3488 5000 non

1919 5032 2294 5101 manifestetur,
2331 5051 2424 5088 nec
2448 5045 2701 5103 opertum,
2731 5036 2869 5105 quod
2915 5052 3017 5088 non
3065 5035 3331 5088 reveletur.
3383 5035 3487 5089 Sed

1918 5122 1986 5176 ad
2012 5125 2342 5194 propositum
2391 5134 2743 5179 revertamur.
2797 5123 2904 5178 Lex
2952 5139 3081 5192 ergo
3120 5133 3176 5178 et
3211 5127 3490 5193 prOphctte

1919 5221 2087 5287 testes
2113 5223 2232 5268 sunt
2257 5214 2480 5281 justitia:
2520 5215 2635 5278 Dei,
2665 5230 2786 5283 quae
2813 5214 3022 5283 justitia
3052 5231 3148 5284 per
3171 5215 3326 5269 fidem
3360 5216 3488 5271 Jesu

1919 5303 2118 5357 Christi
2168 5302 2542 5357 tnanifestatur
2571 5303 2631 5356 in
2651 5318 2839 5358 omnes
2867 5305 3172 5368 credentes,
3208 5307 3259 5359 in
3293 5308 3492 5375 quibus

1919 5393 2062 5446 nulla
2084 5400 2168 5447 est
2205 5392 2478 5447 distinctio
2520 5401 2699 5446 utrum
2727 5409 2792 5447 ex
2821 5391 3017 5448 Judteis
3047 5411 3116 5448 an
3141 5411 3207 5450 ex
3240 5398 3496 5466 gentibus

1919 5484 2160 5538 credant.
2203 5482 2419 5536 Iustitia
2445 5497 2617 5536 autem
2649 5484 2746 5537 Dei
2787 5501 2880 5553 per
2911 5485 3067 5552 ﬁdem
3109 5487 3236 5540 Jesu
3265 5487 3490 5544 Christi.

1920 5573 2172 5645 (Ambr.)
2197 5573 2335 5640 Quid
2365 5574 2508 5627 enim
2559 5574 2702 5628 aliud
2749 5590 2844 5643 per
2891 5574 3046 5629 fidem
3094 5575 3221 5631 Jesu
3259 5576 3489 5644 Christi,

1921 5665 2019 5720 nisi
2046 5665 2172 5734 quia
2210 5665 2322 5734 ipsa
2355 5665 2445 5718 Dei
2480 5663 2687 5733 justitia
2721 5663 3082 5720 manifestatio
3125 5665 3326 5722 Christi
3356 5669 3490 5724 est!

1920 5755 2022 5810 Per
2053 5756 2211 5811 fidem
2248 5755 2393 5810 enim
2435 5738 2830 5825 pradicationis
2857 5755 2983 5812 Jesu
3011 5757 3212 5815 Christi
3239 5762 3490 5831 agnosci-
