3998 6202
476 375 615 431 13ιὸ

1116 372 1177 428 Β.
1219 370 1467 427 MBAN!
1502 370 1717 428 MAURI
1756 371 2070 427 ARCHIEP.
2111 368 2422 426 MOCUNT.
2462 367 2745 427 OPERUM
2780 370 2961 426 PARS
2996 370 3081 426 Ill.

3589 372 3727 429 if.“

477 498 563 543 tur
586 487 785 543 donum
818 486 1016 547 dudum
1054 486 1378 555 promissum
1407 498 1438 537 a
1464 482 1611 548 Deo,
1656 482 1740 538 vel
1786 482 2038 537 sumitur.
2068 485 2115 544 Α
2142 479 2329 532 domus
2364 479 2617 533 orationis
2652 480 2923 533 vocabitur
2947 481 3003 533 in
3037 481 3281 536 carnibus
3311 482 3557 553 gestibus
3589 483 3726 540 "se.

474 576 542 630 In
573 593 748 631 omnes
777 585 825 630 et
850 591 1005 644 super
1033 591 1208 628 omnes
1235 575 1324 644 qui
1351 574 1584 628 credunt.
1614 572 1729 629 Hoc
1751 581 1855 639 est,
1883 588 2045 642 super

476 685 662 726 oumes
688 669 899 726 Judmos
933 677 986 724 et
1016 668 1230 724 Graecos
1260 668 1541 724 credentes
1570 669 1737 724 videri
1764 669 1857 723 Dei
1882 669 2043 737 justi-

478 761 627 813 tiam.
665 760 785 813 Non
818 760 953 812 enim
982 769 1055 812 est
1083 759 1346 812 distinctio
1368 774 1387 811 :
1411 774 1586 811 omnes
1612 768 1967 827 peccaverunt,
1994 766 2044 811 et

478 859 622 918 egent
666 848 831 917 gloria
861 847 976 901 Dei.
1008 849 1141 914 Quia
1170 849 1378 902 dixerat
1420 863 1581 918 super
1612 863 1798 903 omnes
1837 846 2049 903 Judteos

480 949 535 993 et
552 938 766 992 Graecos
786 937 881 991 Dei
902 936 1316 1004 essejnstitiam,
1335 948 1393 992 ιιι
1412 941 1519 994 hoc
1528 939 1799 1009 probaret,
1817 939 2010 1008 adjecit
2029 957 2045 971 ο

482 1027 671 1081 Omnes
712 1028 848 1081 enim
883 1037 1240 1097 peccaverunt.
1268 1027 1378 1082 lloe
1415 1029 1740 1099 generaliter
1774 1029 2047 1100 accipien-

480 1118 636 1181 dum,
665 1125 721 1171 ut
750 1117 1114 1187 intelligantur
1141 1126 1244 1171 tam
1272 1117 1437 1172 Judaei
1473 1134 1632 1188 quam
1663 1118 1871 1176 Graeci:
1910 1119 2051 1175 unde

481 1208 577 1271 ait,
601 1223 703 1261 non
719 1218 793 1260 est
820 1207 1117 1272 distinctio;
1147 1222 1321 1261 omnes
1351 1209 1493 1263 enim
1533 1210 1621 1263 hic
1648 1210 2052 1278 comprehendit

480 1299 641 1351 etiam
664 1306 718 1350 et
738 1305 977 1360 sanctos,
1005 1305 1061 1349 ut
1086 1298 1395 1352 ostenderet
1424 1299 1552 1352 nihil
1587 1298 1853 1368 profuisse
1878 1298 2050 1368 legem

482 1387 600 1441 sine
622 1388 756 1452 ﬁde;
786 1386 863 1441 sic
884 1388 1025 1442 enim
1050 1388 1134 1442 lex
1155 1389 1277 1442 data
1301 1397 1402 1453 est,
1432 1398 1492 1443 ut
1520 1389 1652 1445 ﬁdes
1672 1400 1813 1446 esset
1838 1392 1892 1445 in
1915 1391 2050 1463 lege,

484 1492 603 1544 qua:
645 1475 880 1530 futuram
920 1486 1163 1546 speraret
1204 1478 1452 1532 salutem.
1504 1479 1861 1545 Quamobrem
1908 1496 2054 1536 mors

483 1565 683 1621 Christi
705 1567 953 1620 omnibus
973 1566 1209 1635 proﬁcit,
1244 1568 1369 1637 quia
1393 1578 1448 1622 et
1478 1568 1565 1623 hic
1594 1569 1647 1621 in
1682 1569 1897 1634 saeculo,
1927 1570 2055 1638 quid

484 1655 809 1710 credendum
832 1664 882 1710 et
901 1657 1291 1710 observandum
1317 1666 1419 1723 est,
1446 1658 1648 1723 docuit,
1674 1666 1731 1713 et
1753 1660 1821 1714 de
1847 1657 2057 1713 inferno

485 1761 674 1801 omnes
705 1747 922 1816 eripuit.
961 1746 1153 1801 Omnes
1183 1750 1317 1801 enim
1369 1759 1705 1818 peccaverunt
1737 1763 1757 1802 :
1779 1749 1872 1804 sed
1912 1749 2057 1803 solus

2143 570 2274 639 LVI).
2321 568 2578 636 Quamvis
2623 571 2768 625 enim
2810 570 3087 626 Judaismo
3125 570 3266 627 facta
3300 574 3597 642 promissio
3636 575 3727 638 sit,

2144 661 2237 715 sed
2271 662 2528 730 praescius
2564 661 2703 715 Deus
2740 676 2804 716 eo
2832 662 2977 729 quod
3000 662 3199 717 donum
3228 663 3346 735 ejus
3378 666 3728 735 reprobamri

2145 759 2327 805 essent
2348 751 2498 821 impii
2524 751 2694 805 Judazi
2714 790 2729 815 ,
2759 762 2947 822 gentes
2981 766 3041 806 se
3079 754 3147 806 ad
3173 754 3583 822 percipiendam
3608 771 3735 825 grao

2149 840 2275 894 tiam
2305 856 2456 895 suam
2486 841 2734 909 promisit
2758 842 3066 906 admittere,
3102 858 3333 912 quarum
3378 845 3732 901 aemulatione

2148 928 2201 982 in
2254 930 2391 984 iram
2434 931 3016 996 missi,cruciarentur
3066 933 3213 1001 impii
3266 931 3460 989 Judaei.
3509 934 3577 990 In
3635 938 3733 990 hoc

2147 1028 2373 1090 tempore
2394 1062 2409 1085 ,
2462 1022 2516 1076 id
2563 1031 2673 1086 est,
2730 1031 2970 1091 tempore
2998 1030 3182 1077 nostro
3206 1037 3314 1092 quo
3349 1024 3500 1078 dedit
3538 1024 3686 1080 Deus
3714 1067 3731 1091 ,

2148 1114 2292 1183 quod
2320 1113 2451 1167 olim
2480 1113 2804 1182 promiserat
2828 1112 3062 1168 dandum
3090 1122 3332 1182 tempore
3357 1130 3470 1184 quo
3505 1116 3680 1171 dedit.

2223 1208 2290 1263 Ut
2317 1210 2385 1262 sit
2416 1210 2525 1278 ipse
2541 1210 2742 1280 justus,
2768 1210 3070 1280 justi/ianus
3113 1227 3230 1266 eum
3277 1213 3370 1282 qui
3409 1229 3480 1267 ea:
3517 1215 3631 1282 ﬁde
3660 1226 3735 1269 est

2149 1300 2276 1355 Iesu
2304 1298 2519 1355 Christi.
2552 1298 2718 1354 Recte
2745 1301 2840 1364 ait,
2873 1300 2999 1369 quia
3037 1310 3095 1354 ut
3119 1302 3191 1356 sit
3208 1301 3392 1369 justus
3419 1303 3575 1358 dedit
3592 1305 3739 1373 (ιιωά

2152 1390 2401 1461 promisit
2431 1408 2443 1443 :
2476 1392 2580 1445 hoc
2607 1399 2785 1445 autem
2814 1391 3063 1461 promisit
3079 1392 3377 1461 justiﬁcare
3412 1408 3477 1449 se
3510 1396 3739 1449 creden-

2153 1492 2235 1536 tes
2263 1483 2316 1536 in
2347 1482 2582 1538 Christo.
2610 1482 2752 1537 Dicit
2778 1490 2956 1536 autem
2995 1483 3048 1536 in
3099 1482 3351 1538 Habacue
3379 1484 3616 1540 :lustus
3643 1503 3737 1539 ea.

2154 1582 2257 1627 tem
2277 1588 2343 1627 ea:
2368 1571 2474 1643 ﬁde
2498 1560 2611 1626 mea
2641 1573 2759 1626 vivit
2784 1572 2802 1644 (
2828 1571 3033 1626 Habac.
3074 1572 3178 1644 ιι),
3203 1580 3267 1628 ιιι
3288 1572 3416 1629 dum
3442 1574 3542 1629 Dei
3576 1575 3740 1630 ﬁdem

2157 1665 2317 1720 habet
2343 1672 2399 1718 et
2422 1664 2644 1726 Christi.
2673 1664 2743 1718 sit
2759 1662 2957 1732 justus.
2998 1664 3087 1719 Fit
3116 1680 3249 1736 ergo
3276 1681 3377 1736 per
3410 1668 3745 1737 repropitia—

2159 1755 2357 1808 tionem
2385 1755 2663 1826 sanguinis
2689 1753 2888 1809 Christi
2914 1755 3160 1810 remissio
3178 1755 3612 1825 praecedentium
3650 1755 3743 1811 de-

486 1838 602 1892 sine
635 1847 857 1907 peccato
891 1839 1035 1892 venit
1063 1839 1151 1906 qui
1192 1854 1290 1893 nos
1328 1848 1639 1907 peccatores
1678 1839 1902 1893 invenit.
1944 1839 2057 1893 Hoc
2085 1831 2133 1889 Β
2162 1845 2410 1900 lictorum
2436 1844 2489 1898 in
2513 1844 3011 1900 sustentationeDei
3025 1844 3095 1898 ad
3119 1846 3492 1900 ostensionem
3516 1846 3747 1915 justiti:

485 1930 798 1998 Apostolus:
823 1928 1013 1983 Omnes
1029 1930 1167 1982 enim
1176 1941 1511 1999 peccaverunt
1530 1940 1577 1984 et
1595 1940 1741 2000 egent
1762 1930 1928 2001 gloria
1942 1930 2056 1996 Dei,

487 2022 679 2088 utipse
704 2020 913 2084 liberet,
942 2036 1045 2074 non
1070 2028 1147 2085 tu,
1172 2021 1297 2089 quia
1328 2029 1379 2075 tu
1412 2029 1466 2075 te
1490 2022 1722 2076 liberare
1743 2037 1848 2076 non
1876 2032 2057 2091 potes;

488 2110 694 2179 indiges
725 2110 1016 2166 liberatore
1034 2152 1049 2176 ,
1078 2111 1205 2180 quid
1232 2119 1314 2166 est
1341 2112 1482 2180 quod
1518 2122 1569 2167 te
1591 2110 1803 2179 jactus?
1828 2114 1957 2182 quid
1979 2122 2063 2168 est

488 2203 630 2271 quod
652 2202 718 2256 de
746 2201 861 2272 lege
884 2209 942 2255 et
963 2202 1028 2255 de
1046 2200 1256 2272 justitia
1284 2202 1606 2271 prtesumis?
1634 2201 1766 2258 Vide
1795 2218 1954 2274 ergo,
1981 2213 2064 2258 at-

492 2295 650 2350 tende
668 2309 790 2348 eum
811 2294 902 2363 qui
926 2294 1083 2352 dicit:
1098 2290 1436 2347 Coudelector
1455 2295 1591 2347 enim
1615 2293 1724 2365 lege
1741 2293 1860 2360 Dei,
1879 2310 2065 2348 secun-

490 2385 615 2438 dum
646 2385 942 2438 interiorem
963 2384 1243 2448 hominem,
1269 2394 1399 2449 etc.,
1430 2400 1602 2453 usque
1627 2386 1752 2440 dum
1780 2387 1856 2441 ait
1881 2405 1894 2440 :
1933 2387 2064 2453 Quis

492 2491 573 2527 me
599 2473 832 2527 liberabit
860 2473 925 2526 de
956 2489 1169 2541 corpore
1204 2473 1388 2526 mortis
1416 2472 1575 2542 hujus
1597 2474 1622 2526 ζ)
1652 2476 1823 2543 gratia
1850 2474 1945 2528 Dei
1974 2492 2067 2544 per

492 2565 675 2620 Iesum
697 2565 961 2619 Christum
987 2564 1263 2619 Dominum
1286 2575 1519 2618 nostram
1540 2565 1718 2635 (Rom.
1745 2565 1863 2638 vn).
1888 2565 2067 2632 Quare

495 2659 665 2728 gratia
683 2657 709 2710 2
733 2656 859 2725 quia
891 2656 1060 2727 gratis
1085 2656 1263 2710 datur.
1296 2655 1475 2722 Quare
1509 2657 1678 2726 gratis
1712 2656 1912 2710 datur?
1939 2657 2067 2726 quia

496 2748 688 2801 merita
706 2758 794 2800 tua
817 2762 921 2800 non
943 2754 1359 2816 prmcesserunt,
1373 2747 1465 2800 sed
1486 2745 1747 2802 beneﬁcia
1763 2747 1858 2802 Dei
1873 2756 2070 2818 tepue-

495 2845 780 2891 venerunt.
810 2836 887 2890 llli
916 2851 1043 2907 ergo
1067 2836 1234 2906 gloria
1271 2837 1360 2906 qui
1402 2852 1500 2891 nos
1534 2836 1748 2892 liberat.
1782 2836 2071 2907 Justi/icati

496 2931 660 3000 gratis
680 2946 772 2999 per
791 2930 1017 2999 gratiam
1042 2930 1227 3000 ipsius.
1256 2927 1543 2984 iustiﬁcati
1574 2939 1700 2985 sunt
1724 2931 1913 3001 gratis,
1944 2931 2070 2999 quia

500 3020 630 3074 nihil
645 3029 952 3089 operantes,
971 3036 1143 3090 neque
1155 3021 1325 3075 vicem
1347 3020 1649 3086 reddentes,
1662 3022 1774 3075 sola
1795 3022 1898 3077 ﬁde
1914 3021 2073 3090 justi-

503 3112 646 3166 ﬁcati
676 3121 801 3165 sunt
829 3112 967 3165 dono
1002 3111 1114 3164 Dei.
1158 3110 1263 3165 Per
1297 3113 1692 3181 redemptionem
1714 3154 1729 3179 ,
1769 3130 1884 3183 qtae
1910 3124 1985 3167 est
2017 3116 2071 3167 iu

500 3202 707 3257 Christo
742 3202 890 3256 Jesu.
936 3201 1176 3257 Gratiam
1207 3203 1300 3257 Dei
1340 3203 1393 3257 in
1432 3204 1648 3259 Christo
1672 3220 1792 3260 esse
1820 3213 2069 3271 testatur,

503 3297 627 3363 quia
650 3296 922 3349 voluntate
937 3294 1030 3349 Dei
1052 3311 1080 3348 a
1099 3295 1321 3351 Christo
1334 3298 1593 3367 redempti
1617 3313 1819 3360 sumus,
1839 3308 1897 3351 ut
1910 3315 2069 3353 manu

505 3384 655 3438 missi
679 3383 1121 3451 justiﬁcaremur,
1146 3386 1288 3439 sicut
1309 3385 1375 3437 ad
1389 3385 1628 3451 Galatas,
1651 3386 1814 3440 dicit:
1837 3386 2073 3441 Christus

504 3495 598 3531 nos
627 3478 855 3540 redemit,
888 3475 1119 3531 oﬁ‘erens
1144 3490 1203 3531 se
1232 3492 1330 3547 pro
1360 3477 1531 3532 nobis.
1563 3478 1816 3533 Permisit
1843 3480 1986 3532 enim
2014 3494 2075 3533 se

507 3568 718 3624 diabolo
743 3568 1003 3630 smvieuti,
1031 3569 1124 3623 sed
1147 3569 1465 3639 impraeseio.
1493 3570 1694 3625 Putans
1723 3580 1900 3626 autem
1921 3571 2078 3626 Chri-

508 3670 648 3713 stum
675 3674 734 3712 se
764 3674 922 3728 posse
949 3659 1202 3723 retinere,
1230 3660 1391 3715 veluti
1424 3662 1629 3731 accepit
1648 3676 1800 3727 cum;
1829 3664 1921 3717 sed
1949 3664 2076 3732 quia

506 3753 760 3804 virtutem
789 3747 906 3818 ejus
932 3750 1072 3804 ferre
1107 3766 1212 3804 non
1249 3752 1452 3822 potuit,
1489 3768 1677 3806 omnes
1700 3768 1835 3822 quos
1867 3755 2080 3809 tenebat

509 3843 667 3896 simul
703 3858 824 3896 cum
860 3842 947 3897 illo
981 3844 1179 3897 atuisit.

584 3933 749 3998 Quem
777 3935 1043 4003 proposuit
1070 3933 1210 3988 Deus
1239 3935 1626 4005 propitiatorem
1654 3935 1796 4004 ﬁdei.
1840 3936 1953 3991 Hoc
1999 3936 2083 3991 di-

510 4027 583 4087 cit
612 4028 735 4096 quia
764 4028 816 4081 in
840 4027 1054 4082 Christo
1087 4029 1359 4097 proposuit
1388 4030 1527 4083 Deus
1546 4069 1559 4093 ,
1595 4030 1644 4082 id
1679 4039 1791 4095 est,
1820 4031 2101 4100 disposuit.

511 4119 799 4187 propitium
826 4134 883 4173 se
918 4117 1156 4172 futurum
1188 4119 1423 4173 humano
1455 4120 1657 4191 generi,
1688 4123 1732 4175 si
1775 4123 1979 4175 credat.
2015 4121 2082 4177 lu

513 4212 765 4278 sanguine
792 4209 973 4273 ipsius.
1004 4208 1125 4263 Ideo
1153 4209 1207 4263 in
1229 4210 1489 4279 sanguine
1524 4211 1691 4279 ipsius
1715 4251 1729 4275 ,
1755 4212 1880 4281 quia
1911 4219 2085 4266 morte.

515 4299 632 4369 ejus
658 4300 868 4356 liberati
894 4315 1098 4365 sumus,
1126 4310 1187 4355 ut
1213 4301 1585 4356 manifestaret
1609 4302 1756 4355 illum
1786 4311 2082 4368 mortuum,

515 4399 570 4443 et
607 4400 831 4445 mortem
861 4392 1110 4461 passione
1137 4390 1251 4460 ejus
1287 4393 1586 4446 damnaret.
1627 4392 1708 4446 Ad
1744 4394 2085 4447 ostensiouem

515 4480 732 4548 iustitia»
754 4498 884 4547 sum,
912 4482 1014 4536 hoc
1035 4490 1117 4536 est
1137 4490 1197 4535 ut
1218 4483 1539 4551 promissum
1570 4499 1724 4538 suum
1750 4483 1922 4553 palam
1946 4483 2086 4537 iaee—

518 4580 618 4634 ret,
647 4587 753 4642 quo
774 4587 870 4626 nos
893 4588 921 4626 a
944 4574 1179 4642 peccatis
1208 4574 1480 4641 liberaret,
1506 4576 1646 4630 sicut
1673 4584 1797 4629 ante
1823 4576 2086 4645 promise-

518 4676 631 4732 rat;
659 4668 800 4738 quod
823 4676 932 4721 tum
954 4683 1072 4722 eum
1097 4669 1355 4737 implevit,
1375 4670 1578 4740 justum
1604 4684 1661 4724 se
1678 4670 1929 4723 ostendit.
1956 4667 2089 4721 Pro-

518 4768 631 4830 pter
660 4760 978 4828 propositum
1006 4759 1406 4827 procedentium
1430 4759 1734 4813 delictorum
1760 4761 1813 4813 in
1840 4760 2092 4829 patientia

522 4849 637 4902 Dei.
679 4848 868 4903 Sciens
912 4849 1053 4902 Deus
1085 4849 1414 4918 propositum
1458 4849 1802 4916 benignitatis
1841 4863 1951 4902 suae
1984 4863 2092 4917 quo

520 4941 729 4996 censuit
777 4938 1149 5010 peccatoribus
1198 4937 1483 4993 subvenire
1510 4980 1525 5003 ,
1566 4946 1674 4991 tam
1723 4939 1808 4993 his
1843 4939 1933 5006 qui
1972 4945 2097 4992 sunt

525 5035 663 5103 apud
702 5047 960 5101 superos,
1014 5047 1176 5101 quam
1221 5032 1314 5100 qui
1368 5032 1419 5084 in
1477 5029 1688 5085 inferno
1729 5029 2089 5095 tenebantur,

524 5132 781 5193 utrosque
826 5123 1129 5178 diutissime
1175 5123 1528 5193 exspectavit,
1582 5136 1849 5176 evacuans
1879 5129 2096 5175 senten-

527 5216 678 5279 tiam,
702 5230 807 5284 qua
828 5215 1034 5284 justum
1060 5215 1275 5269 videtur
1295 5229 1484 5269 omnes
1510 5214 1751 5277 damnari
1786 5231 1799 5266 :
1830 5222 1889 5266 ut
1916 5222 2095 5267 osten-

526 5307 678 5362 deret
732 5307 885 5361 nobis
908 5346 923 5371 ,
951 5306 1092 5375 quod
1128 5306 1256 5359 olim
1305 5306 1618 5360 decreverat
1666 5304 1893 5357 liberare
1926 5317 2094 5373 genus

528 5397 819 5451 humanum
841 5411 938 5465 per
956 5396 1252 5458 Christum,
1275 5394 1673 5463 sicutpromisit
1696 5409 1791 5464 per
1808 5390 2093 5447 Jeremiam

527 5489 845 5560 prophetam
876 5488 1061 5541 dicens
1109 5501 1123 5540 :
1155 5484 1424 5555 Propitius
1453 5502 1541 5539 ero
1575 5484 1936 5555 iniquitatibus
1979 5481 2097 5535 illo-

532 5595 685 5644 rum,
735 5590 784 5632 et
831 5578 1139 5633 delictorum
1189 5578 1399 5631 illorum
1445 5593 1546 5630 non
1596 5574 1924 5628 memorabor
1962 5571 2096 5643 (Jer.

537 5669 709 5739 xm).
750 5670 817 5723 Et
858 5684 925 5723 ne
973 5667 1112 5722 forte
1142 5668 1244 5723 hoc
1272 5668 1471 5721 donum
1509 5665 1639 5721 solis
1666 5663 1864 5719 ludatis
1898 5661 2100 5734 promi-

539 5762 675 5817 sisse
712 5764 1018 5829 videretur,
1063 5779 1163 5833 per
1215 5761 1405 5817 Isaiam
1456 5760 1587 5816 dicit
1635 5778 1648 5813 :
1708 5758 1905 5813 Domus
1963 5772 2099 5828 mea,

2161 1949 2289 1989 sum.
2317 1933 2650 1988 Sustentatio
2678 1933 2770 1988 Dei
2797 1940 2881 1988 est
2899 1933 2989 1987 ubi
3014 1941 3272 2003 peccator
3289 1949 3399 1989 non
3424 1937 3619 1989 statim
3640 1950 3741 2004 pu-

2161 2024 2308 2077 nitur
2327 2032 2384 2077 ut
2409 2032 2619 2092 peccat,
2640 2023 2734 2078 sed
2753 2022 3047 2078 secundum
3068 2023 3211 2093 quod
3236 2024 3436 2078 ibidem
3449 2025 3745 2094 Apostolus

2161 2114 2320 2178 dixit,
2342 2129 2437 2182 per
2460 2114 2772 2183 patientiam
2795 2114 2889 2168 Dei
2911 2114 3198 2169 adducitur
3217 2114 3285 2168 ad
3312 2115 3698 2184 ptenitentiam
3722 2133 3740 2168 :

2162 2204 2216 2259 in
2243 2204 2345 2259 hoc
2378 2204 2497 2259 loco
2534 2204 2817 2258 ostendere
2864 2203 3061 2258 dicitur
3100 2203 3371 2272 justitiam
3388 2219 3553 2258 suam
3578 2204 3740 2258 Deus.

2164 2296 2307 2350 Bene
2322 2304 2503 2349 autem
2527 2294 2672 2349 addit
2699 2295 2753 2347 in
2775 2294 2872 2348 hoc
2891 2304 3136 2363 tempore.
3159 2294 3451 2349 Praemia
3477 2294 3629 2349 enim
3648 2309 3745 2349 sa-

2162 2389 2266 2445 culi
2300 2396 2536 2458 tempore
2579 2388 2630 2441 in
2666 2387 3053 2441 sustentationc
3073 2396 3158 2442 est
3170 2385 3379 2454 justitia
3407 2384 3509 2441 Dei
3539 2427 3557 2450 ,
3578 2385 3745 2441 futuri

2166 2496 2293 2535 vero
2340 2480 2395 2534 in
2427 2479 2813 2542 retributione;
2863 2478 3068 2547 justum
3105 2491 3341 2546 namque
3374 2477 3522 2546 apud
3564 2478 3747 2532 Domi-

2165 2586 2294 2625 num
2324 2570 2495 2625 visum
2522 2578 2627 2634 est,
2657 2580 2710 2623 ut
2738 2568 2863 2637 quia
2890 2566 3131 2621 futurum
3177 2566 3433 2622 steculum
3487 2568 3561 2621 ad
3605 2566 3749 2635 judi-

2167 2663 2310 2718 cimn
2348 2668 2631 2725 statuerat,
2664 2674 2901 2729 prteseus
2948 2658 3328 2713 sustentationi
3380 2666 3435 2713 et
3468 2659 3751 2728 patientia:

2168 2755 2480 2823 deputaret;
2515 2767 2636 2805 nam
2671 2752 2715 2804 si
2748 2750 2964 2821 puniret
3007 2748 3062 2802 in
3090 2748 3193 2802 hoc
3222 2759 3468 2818 tempore
3497 2757 3753 2817 peccato-

2168 2860 2303 2908 rem,
2333 2843 2536 2910 justum
2563 2855 2669 2896 non
2690 2840 2964 2895 videretur
2993 2838 3184 2893 iterum
3210 2839 3276 2892 ad
3296 2838 3569 2908 judicium
3590 2853 3750 2907 quan

2168 2936 2420 3006 numerat
2461 2947 2727 2997 evocare;
2775 2932 2821 2986 si
2865 2945 2997 2985 vero
3036 2936 3302 2984 sustentet
3325 2937 3387 2984 et
3409 2929 3659 2998 patiatur
3696 2928 3751 2982 in

2169 3025 2421 3096 praesenti
2460 3023 2677 3086 sarculo,
2718 3027 2866 3075 recte
2900 3022 3006 3075 erit
3042 3019 3222 3087 justus
3256 3017 3429 3074 iudex
3457 3019 3516 3073 in
3548 3018 3752 3072 futuro.

2172 3116 2439 3171 Justiﬁcat
2467 3130 2595 3184 ergo
2621 3130 2747 3168 eum
2803 3114 2895 3184 qui
2948 3128 3015 3167 ex
3066 3112 3167 3167 ﬁde
3221 3119 3330 3174 est,
3382 3111 3531 3166 sicut
3584 3119 3643 3163 et
3693 3110 3757 3162 de

2173 3206 2441 3260 Abraham
2471 3207 2748 3273 scriptum,
2786 3204 2911 3272 quia
2940 3201 3159 3255 credidit
3211 3200 3483 3253 Abraham
3546 3198 3663 3251 Deo
3708 3207 3755 3250 et

2173 3307 2467 3369 reputatum
2492 3306 2567 3351 est
2591 3298 2639 3349 ei
2667 3296 2735 3349 ad
2752 3295 3054 3364 justitiam;
3083 3294 3207 3361 quia
3229 3293 3275 3346 si
3302 3291 3587 3345 Abraham
3634 3303 3757 3344 cre-

2174 3387 2330 3453 didit,
2361 3402 2426 3441 ex
2457 3386 2560 3440 ﬁde
2584 3385 2910 3454 justiﬁcatus
2933 3392 3017 3438 est
3042 3401 3054 3436 :
3082 3396 3421 3452 consequens
3444 3381 3571 3435 sine
3596 3380 3758 3433 duino

2175 3480 2321 3544 erit,
2356 3488 2497 3533 etut
2525 3495 2666 3534 nunc
2708 3479 2800 3548 qui
2848 3477 3079 3532 credidit
3120 3477 3229 3531 Deo
3270 3489 3368 3545 per
3416 3474 3589 3530 ﬁdem
3632 3472 3760 3529 .lcsn

2176 3568 2378 3626 Christi
2400 3568 2726 3640 justiﬁcetur
2753 3584 2875 3623 cum
2906 3568 3050 3625 ﬁdeli
3075 3569 3369 3623 Abraham.

2251 3660 2349 3714 Ubi
2377 3670 2453 3714 est
2479 3677 2600 3730 ergo
2630 3659 2872 3730 gloriatio
2894 3669 2986 3713 tua
3011 3661 3036 3714 Ρ
3078 3659 3307 3714 Exclusit
3332 3669 3431 3712 est.
3460 3658 3575 3712 Per
3602 3676 3758 3728 quem

2178 3751 2384 3822 legem?
2412 3750 2699 3805 Factorum
2721 3751 2747 3804 7
2774 3749 2898 3804 Non
2920 3789 2934 3814 ,
2988 3750 3078 3803 sed
3113 3766 3205 3820 per
3237 3748 3401 3819 legem
3430 3749 3585 3817 ﬁdei.
3616 3750 3760 3803 Red—

2180 3844 2289 3897 dita
2335 3843 2545 3898 ratione
2587 3843 2653 3896 ad
2697 3858 2791 3897 eos
2834 3842 3106 3910 loquitur,
3151 3842 3242 3909 qui
3272 3849 3441 3910 agunt
3466 3842 3573 3894 sub
3604 3841 3762 3910 lege,

2180 3935 2322 4003 quod
2374 3935 2492 3989 sine
2537 3949 2698 3989 causa
2730 3934 3028 4005 gloriantur
3054 3972 3069 3997 ,
3122 3932 3460 3987 blandientes
3498 3932 3607 3987 sibi
3662 3933 3764 3985 sub

2180 4023 2318 4093 lege,
2340 4032 2397 4077 et
2420 4032 2699 4093 propterea
2732 4022 2873 4091 quod
2901 4038 3070 4093 genus
3096 4021 3204 4076 sint
3230 4019 3485 4085 Abrahae,
3514 4021 3766 4076 ridi-uta

2182 4131 2286 4169 non
2310 4114 2595 4185 justiﬁcari
2625 4114 2896 4169 hominem
2923 4113 3064 4182 apud
3091 4112 3256 4166 Deum
3298 4111 3403 4165 nisi
3432 4125 3533 4180 per
3580 4112 3763 4166 ﬁdem.

2183 4208 2518 4260 Arbitramur
2543 4206 2680 4260 enim
2717 4205 3007 4274 justiﬁcari
3033 4204 3293 4258 hominem
3331 4219 3424 4273 per
3456 4203 3624 4272 ﬁdem
3652 4203 3766 4257 sine

2183 4298 2424 4368 operibus
2465 4296 2611 4366 legis.
2651 4294 2916 4350 Geutilem
2962 4293 3093 4348 dicit
3143 4293 3415 4347 hominem
3463 4308 3567 4362 pro
3615 4303 3768 4347 certo

2185 4389 2392 4453 haberi,
2412 4387 2552 4455 quod
2572 4384 2897 4454 justiﬁcetur
2922 4386 3167 4449 credens,
3191 4383 3336 4437 nulla
3360 4383 3575 4437 faciens
3602 4398 3766 4454 opera

2188 4482 2335 4552 legis,
2375 4482 2428 4535 id
2458 4488 2569 4545 est,
2590 4480 2709 4535 sine
2730 4479 3167 4541 circumcisione,
3195 4486 3287 4531 aut
3318 4477 3645 4539 neomeniis,
3675 4488 3767 4530 aut

2190 4573 2535 4629 veneratione
2581 4572 2809 4626 sabbati.
2849 4570 3035 4643 (Aug.)
3079 4569 3215 4624 Nam
3255 4576 3414 4623 erant
3454 4570 3683 4636 quidem
3714 4568 3767 4621 in

2191 4665 2309 4736 lege
2350 4664 2441 4733 qui
2478 4664 2544 4718 de
2572 4662 2824 4731 operibus
2866 4661 2998 4732 legis
3049 4658 3453 4730 gloriabantur,
3504 4672 3634 4726 quae
3661 4656 3772 4710 for-

2194 4766 2337 4811 tasse
2372 4771 2479 4809 non
2513 4753 2830 4817 dilectione,
2859 4752 2954 4807 sed
2990 4751 3183 4805 timore
3207 4749 3501 4812 faciebant,
3532 4756 3594 4801 et
3618 4748 3768 4801 vole-

2193 4848 2323 4902 bant
2348 4861 2406 4900 se
2430 4844 2605 4914 justos
2631 4843 2819 4909 videri,
2849 4850 2906 4897 et
2934 4841 3170 4910 praeponi
3207 4839 3462 4907 gentibus
3483 4854 3610 4907 qua
3637 4852 3773 4907 opm

2193 4937 2327 5009 legis
2350 4952 2455 4992 non
2476 4934 2736 4992 fecerant.
2769 4934 3056 5004 Apostolus
3080 4940 3260 4987 autem
3282 4931 3592 5000 praedicans
3612 4930 3774 4983 ﬁdem

2193 5027 2462 5098 gentibus,
2488 5040 2612 5080 cum
2641 5039 2736 5079 eos
2769 5025 2859 5093 qui
2888 5021 3218 5079 accedebant
3246 5020 3313 5074 ad
3356 5019 3651 5072 Dominum
3698 5019 3775 5069 vi-

2193 5119 2345 5173 deret
2364 5115 2688 5186 justiﬁeatos
2717 5127 2784 5168 ex
2815 5113 2919 5169 ﬁde
2938 5154 2954 5179 ,
2987 5122 3045 5167 ut
3066 5111 3181 5181 jam
3219 5110 3349 5180 quia
3377 5109 3773 5169 crediderant,

2193 5211 2332 5265 bene
2353 5216 2728 5279 operarentur,
2751 5221 2857 5260 non
2884 5206 3008 5275 quia
3039 5204 3177 5257 bene
3205 5200 3412 5270 operati
3450 5208 3583 5254 sunt
3607 5239 3624 5264 ,
3659 5213 3779 5250 ere-

2195 5301 2324 5355 dere
2370 5305 2727 5362 mererentur,
2767 5295 3091 5351 exclamavit
3128 5306 3374 5354 securus,
3410 5300 3469 5343 et
3502 5290 3619 5344 ait:
3642 5288 3778 5355 Quia

2199 5398 2375 5460 potest
2394 5387 2680 5457 justiﬁcari
2729 5388 2888 5441 homo
2913 5401 2980 5439 ex
3012 5384 3115 5438 ﬁde
3138 5423 3154 5448 ,
3198 5382 3318 5436 sine
3341 5381 3605 5450 operibus
3626 5380 3777 5448 legis.

2200 5492 2258 5536 ut
2286 5482 2359 5536 illi
2389 5481 2562 5549 magis
2595 5495 2702 5534 non
2738 5478 2939 5533 fuerint
2971 5477 3101 5545 justi
3127 5517 3142 5539 ,
3180 5476 3272 5544 qui
3308 5473 3454 5543 quod
3484 5472 3777 5534 faciebam,

2205 5573 2395 5628 timore
2433 5570 2723 5632 faciebant,
2754 5584 2875 5623 cum
2909 5568 3039 5621 ﬁdes
3067 5581 3164 5637 per
3197 5564 3545 5619 dilectionem
3585 5575 3778 5630 opere-

2205 5673 2294 5719 tur
2317 5664 2369 5717 in
2397 5662 2578 5727 corde,
2610 5661 2824 5714 etiamsi
2852 5658 2984 5713 loris
3009 5673 3115 5713 non
3138 5657 3252 5711 exit
3276 5668 3466 5726 Opere.

2277 5754 2356 5813 An
2392 5752 2705 5808 Judazorum
2729 5760 2932 5806 tantum
2974 5747 3363 5805 Deus?Nomte
3407 5756 3457 5801 et
3500 5744 3737 5816 gentium
3761 5741 3789 5796 3
