3998 6202
295 207 434 265 1545
825 215 1372 277 ENARRATIONUM
1408 219 1474 274 IN
1511 219 1661 276 EPP.
1700 218 1903 278 PAULI
1942 219 2069 276 LIB.
2110 220 2174 275 ll.
2207 246 2285 261 ·-
2315 219 2383 276 IN
2423 220 2642 278 EPIST.
2684 222 2777 279 AD
2815 223 2982 281 ROM.
3408 230 3547 285 iﬁlli

290 328 398 380 imo
419 335 469 380 et
485 325 729 395 gentium.
750 325 986 398 (Ambu)
1002 326 1132 383 Sine
1144 328 1306 384 dubio
1320 329 1558 385 omnium
1573 330 1866 386 Deusunus
1893 332 1942 392 Α
1969 336 2026 383 et
2046 328 2430 386 convenienter
2453 330 2506 386 in
2528 331 2983 400 consequentibus
3013 332 3195 402 ponit:
3220 334 3302 389 An
3320 335 3545 395 Iudico-

290 424 395 471 est.
427 414 535 472 Nec
554 415 697 470 enim
721 416 819 471 soli
841 415 1009 472 Judaei
1036 426 1259 487 possunt
1279 419 1382 474 sibi
1404 419 1703 485 vindicare,
1724 421 1867 489 quod
1968 434 2086 472 rum
2106 417 2249 472 Deus
2264 428 2466 474 tantum
2480 420 2506 474 ?
2522 420 2712 475 Nonne
2732 429 2779 474 et
2802 422 3069 492 gentium?
3092 422 3211 478 Imo
3229 435 3278 480 et
3293 429 3541 496 gentium.

290 509 431 564 Deus
469 506 682 562 iilorum
709 547 724 572 ,
755 524 861 562 non
894 509 1058 562 etiam
1085 510 1323 580 gentium
1350 511 1440 575 sit,
1478 526 1599 566 cum
1624 511 1867 581 relegant
1969 507 2232 573 Quoniam
2285 509 2498 578 quidem
2550 527 2683 564 unus
2734 510 2871 565 Deus
2896 551 2912 577 ,
2956 513 3046 582 qui
3083 513 3393 582 justi/ienuit
3442 520 3545 571 cir-

289 603 358 657 ab
384 616 492 655 uno
509 601 682 655 Adam
703 603 954 655 omniuml
967 616 1086 657 esse
1105 603 1392 673 originem,
1430 610 1485 657 et
1524 603 1725 658 nullum
1767 603 1866 657 ad-

1969 599 2336 654 cumcisionem
2361 617 2427 654 ea:
2445 602 2568 670 ﬁde,
2597 612 2645 655 et
2665 604 2977 671 pra’putium
3004 620 3097 674 per
3114 604 3291 672 fidem.
3309 606 3544 681 (Ambr.)

288 708 484 748 venam
512 693 781 747 volentem
820 692 885 746 ad
911 693 1082 764 legem
1114 693 1406 760 accedere,
1432 694 1727 764 prohiberi.
1766 694 1868 748 De;

287 783 449 852 nique
495 781 756 852 aliquanti
799 782 1050 837 exierunt
1090 798 1212 838 cum
1265 783 1371 839 illis
1415 784 1469 838 in
1515 797 1758 837 eremum
1799 783 1867 836 de

285 871 554 942 Egyptiis
577 910 592 936 ,
624 885 761 940 quos
798 873 1075 941 suscipere
1108 874 1369 944 jubentur
1390 913 1404 937 ,
1435 880 1643 928 tantum
1674 881 1734 927 ut
1759 872 1866 928 cir-

286 962 742 1024 cumciderentur,
761 970 818 1016 et
836 964 1041 1031 pariter
1051 978 1173 1017 cum
1199 963 1302 1018 illis
1316 963 1539 1018 ederent
1566 979 1755 1034 azyma
1780 963 1863 1017 vel

282 1052 508 1121 pascha,
545 1064 645 1105 nec
676 1065 783 1106 non
812 1060 868 1106 et
892 1052 1200 1107 Cornelium
1230 1054 1429 1109 donum
1459 1054 1555 1108 Dei
1592 1054 1865 1122 accepisse

283 1143 538 1212 gentilem
578 1142 716 1214 (Act.
755 1141 813 1215 κ)
855 1160 962 1199 non
1004 1144 1391 1214 judaizantem,
1424 1155 1479 1201 et
1516 1147 1660 1216 quod
1703 1145 1864 1215 justi-

282 1233 477 1291 ﬁcatus
520 1233 593 1287 sit
641 1233 822 1288 divino
869 1236 1176 1292 testimonio
1224 1236 1630 1307 comprobatum
1657 1278 1672 1304 ,
1724 1240 1864 1293 sicut

282 1329 336 1382 in
364 1327 592 1383 Psalmis
619 1328 878 1398 scriptum
914 1337 999 1383 est
1043 1347 1056 1382 :
1098 1328 1248 1383 Viam
1282 1330 1572 1399 iniquitatis
1620 1347 1799 1387 amove
1828 1349 1862 1387 α

282 1435 365 1473 me
386 1418 404 1489 (
429 1416 575 1472 Psal.
606 1433 774 1474 cxvm
796 1417 845 1489 );
876 1419 1077 1490 etquis
1100 1420 1184 1474 lex
1210 1419 1478 1476 factorum
1515 1421 1857 1488 subintravit,

283 1519 344 1565 ut
371 1511 672 1565 abundaret
696 1511 971 1575 delictum,
1003 1511 1267 1581 sequitur,
1290 1520 1346 1566 et
1371 1513 1500 1567 dicit
1526 1530 1539 1566 :
1574 1513 1640 1567 Et
1668 1514 1733 1567 de
1751 1513 1860 1583 lege

282 1608 374 1652 tua
412 1599 656 1653 miserere
702 1602 824 1655 mei.
881 1601 998 1667 Qua
1054 1601 1170 1671 lege
1214 1602 1317 1657 nisi
1366 1603 1481 1673 lege
1522 1603 1682 1660 ﬁdei?
1717 1604 1854 1659 Audi

1964 688 2024 745 In
2050 690 2459 745 circumcisione
2483 689 2698 747 Iudaeos
2728 693 2998 764 Signiﬁcat
3035 710 3101 751 eo
3139 696 3282 764 quod
3324 710 3392 750 ex
3441 697 3546 753 ﬁde

1965 780 2342 850 promissionis
2384 780 2663 849 Justiﬁcati
2707 791 2850 846 sunt,
2904 785 3188 840 credentes
3235 797 3377 841 nunc
3423 803 3546 844 esse

1966 869 2263 934 Christum,
2289 886 2450 940 quem
2482 872 2539 925 in
2574 872 2690 942 lege
2738 874 3067 941 promiserat
3105 876 3284 942 Deus;
3320 878 3372 931 in
3403 894 3544 947 prae-

1964 958 2117 1030 putio
2147 974 2275 1015 vero
2310 968 2500 1032 gentes
2523 961 2791 1030 signiﬁcat
2816 979 2914 1033 per
2945 964 3103 1019 ﬁdem
3135 966 3337 1021 Christi
3382 966 3542 1036 iusti-

1966 1048 2155 1103 ﬁcatos
2182 1050 2323 1119 apud
2349 1049 2518 1104 Deum
2543 1066 2557 1103 :
2584 1060 2692 1104 tam
2717 1052 2859 1105 enim
2889 1053 3116 1123 gentiles
3140 1071 3302 1123 quam
3327 1055 3544 1115 Judatos

1964 1152 2073 1192 non
2103 1138 2260 1192 aliter
2287 1153 2449 1206 quam
2484 1139 2770 1193 credentes
2812 1140 3171 1208 justiﬁcavit;
3225 1145 3351 1211 quia
3399 1146 3543 1201 enim

1963 1226 2202 1279 omnium
2229 1242 2368 1282 unus
2392 1236 2476 1281 est
2497 1229 2668 1292 Deus,
2696 1243 2801 1281 una
2830 1229 3041 1284 ratione
3062 1246 3250 1286 omnes
3280 1232 3542 1300 iustiﬁca-

1962 1316 2059 1370 vit.
2092 1317 2231 1383 Quid
2258 1333 2387 1389 ergo
2432 1320 2654 1387 prodest
2681 1321 2861 1375 carnis
2890 1321 3265 1389 circumcisio,
3293 1333 3386 1378 aut
3415 1327 3543 1394 quid

1962 1410 2118 1464 obest
2164 1413 2504 1480 praeputium,
2548 1413 2765 1481 quando
2821 1414 3139 1481 dignitatem
3182 1427 3237 1471 et
3289 1418 3543 1474 meritum

1961 1515 2069 1554 non
2097 1500 2230 1557 facit
2261 1502 2365 1557 nisi
2392 1502 2565 1560 ﬁdes?
2599 1501 2799 1576 (Oi-ig.)
2828 1504 2947 1560 Non
2985 1506 3129 1560 enim
3168 1508 3301 1561 mihi
3330 1509 3544 1562 videtur

1961 1591 2227 1661 superﬂua
2275 1595 2412 1664 apud
2450 1611 2574 1649 eum
2623 1596 2810 1651 haberi
2869 1598 2971 1652 ista
3009 1599 3404 1668 praepositionis
3450 1617 3543 1669 per

280 1688 594 1758 Apostolum
621 1707 635 1742 :
669 1688 770 1743 Ubi
794 1703 869 1745 εει
911 1691 1157 1762 gloriatio
1187 1694 1323 1773 ωαξ
1359 1670 1592 1748 Εέειαεα
1622 1704 1717 1749 εει,
1753 1693 1860 1749 Per
1886 1670 1933 1728 Β
1960 1686 2329 1751 commutatio,
2351 1687 2477 1755 quia
2506 1688 2810 1744 invenimus
2849 1690 2917 1743 ab
2963 1704 3030 1744 eo
3067 1698 3123 1744 et
3148 1690 3202 1744 in
3234 1691 3355 1745 aliis
3386 1691 3539 1756 locis,

281 1795 439 1850 quam
469 1780 633 1849 legem
656 1781 681 1833 .9
718 1779 1005 1835 Factorum
1025 1783 1050 1835 ?
1076 1782 1201 1837 Non
1224 1799 1244 1837 :
1270 1783 1361 1837 sed
1389 1800 1483 1853 per
1504 1783 1666 1855 legem
1707 1785 1853 1854 fidei.

283 1867 412 1923 [late
437 1878 522 1924 est
556 1869 641 1924 lex
671 1870 791 1925 ﬁdei
817 1886 922 1940 qua
954 1872 1225 1928 credimus
1263 1881 1319 1929 et
1349 1889 1567 1930 oramus
1612 1891 1711 1946 per
1738 1892 1862 1947 gra-

284 1959 415 2014 tiam
437 1960 592 2014 nobis
612 1960 824 2025 donari,
849 1968 908 2015 ut
929 1961 1190 2018 iaciamus
1211 1965 1355 2034 quod
1378 1979 1477 2035 per
1497 1967 1861 2036 nosmetipsos

283 2050 513 2119 implere
541 2064 646 2104 non
677 2065 977 2120 possumus,
1025 2069 1088 2106 ne
1116 2054 1417 2123 ignorantes
1458 2055 1555 2109 Dei
1593 2057 1860 2126 justitiam

283 2149 331 2193 et
390 2148 624 2193 nostram
672 2139 894 2195 uolentes
940 2143 1251 2196 consumere
1274 2181 1290 2205 ,
1327 2142 1554 2213 justitiw
1600 2145 1698 2199 Dei
1756 2161 1861 2201 non

280 2230 446 2284 simus
494 2229 734 2299 subjecti.
779 2229 837 2283 In
865 2230 982 2301 lege
1009 2230 1191 2301 itaque
1215 2230 1483 2288 factorum
1521 2244 1606 2289 est
1642 2235 1737 2290 Dei
1771 2234 1862 2303 ju-

281 2321 463 2375 bentis
480 2321 726 2392 justitia;
774 2322 827 2376 in
868 2321 985 2392 lege
1010 2332 1187 2378 autem
1214 2324 1337 2379 ﬁdei
1367 2326 1736 2381 subvenientis
1761 2328 1863 2382 mi-

284 2411 600 2466 sericordia.
634 2411 831 2483 (θήῃ.)
852 2412 1102 2468 Imminet
1122 2415 1287 2484 igitur
1308 2417 1465 2470 nobis
1483 2419 1572 2486 qui
1594 2417 1859 2490 integram

282 2515 406 2555 esse
453 2500 777 2571 scripturam
822 2502 1062 2571 Apostoli
1088 2518 1349 2559 conamur
1395 2519 1659 2571 asserere,
1689 2516 1745 2561 et
1773 2520 1863 2562 or-

284 2590 412 2644 dine
437 2606 535 2645 suo
560 2600 752 2645 cuncta
779 2602 1030 2648 constare
1055 2634 1070 2656 ,
1101 2601 1158 2648 ut
1192 2594 1534 2664 requiramus
1579 2599 1701 2666 quis
1745 2599 1862 2653 sine

284 2682 541 2750 operibus
564 2682 679 2737 sola
710 2681 814 2736 ﬁtle
834 2682 1164 2751 justiﬁcatus
1192 2686 1282 2741 sit.
1314 2685 1584 2752 Quantum
1605 2689 1770 2760 igitur
1792 2690 1861 2744 ad

286 2773 595 2844 exemplum
611 2776 863 2844 pertinet,
889 2774 1134 2831 suﬁieere
1161 2778 1396 2832 arbitror
1426 2778 1574 2833 illum
1597 2780 1859 2836 latronem

284 2866 381 2936 qui
419 2882 540 2922 cum
570 2867 785 2923 Christo
819 2867 1112 2923 cruciﬁxus
1142 2868 1433 2924 clamavit:
1463 2871 1683 2926 Domine
1706 2864 1858 2940 Iesu,

284 2970 541 3014 memento
563 2962 662 3013 mei
687 2976 805 3014 cum
826 2963 1089 3016 uenerisin
1105 2978 1317 3032 regnum
1337 2973 1483 3017 tuum
1512 2961 1663 3036 (Luc.
1680 2968 1859 3039 χχιιι).

1961 1789 2066 1828 non
2087 1783 2145 1828 ut
2172 1775 2324 1840 libet,
2358 1776 2452 1831 sed
2479 1778 2832 1833 observanter
2857 1780 2971 1834 haec
2994 1780 3192 1849 posita,
3214 1789 3271 1845 et
3294 1798 3543 1838 necessa-

1961 1864 2043 1917 rio
2085 1863 2442 1919 diﬁ‘erentiam
2475 1865 2836 1923 distinctionis
2877 1870 3038 1940 hujus
3080 1886 3202 1926 esse
3246 1882 3539 1938 servatam,

1960 1954 2099 2009 sicut
2123 1969 2246 2009 eum
2270 1957 2336 2010 de
2358 1955 2469 2011 Deo
2492 1956 2737 2025 loquens,
2763 1960 2894 2014 dicit
2918 1979 2931 2014 :
2957 1959 3221 2026 Quoniam
3245 1978 3309 2016 ea:
3330 1964 3462 2033 ipso,
3491 1973 3539 2018 et

1959 2061 2051 2114 per
2070 2046 2242 2114 ipsum
2280 2058 2329 2100 et
2369 2047 2423 2100 in
2460 2048 2573 2116 ipso
2611 2059 2733 2103 sunt
2771 2051 2967 2104 omnia.
3011 2050 3146 2106 Cum
3181 2052 3383 2107 dicitur
3409 2093 3424 2117 ,
3477 2070 3543 2109 ea;

1960 2135 2095 2205 ipso,
2137 2136 2436 2205 principale
2483 2138 2684 2208 aliquid
2713 2139 2872 2210 hujus
2905 2142 3303 2211 praepositionis
3344 2144 3542 2200 indicio

1959 2224 2172 2281 videtur
2195 2226 2444 2293 ostendi;
2483 2243 2607 2283 cum
2643 2243 2799 2296 vero,
2821 2244 2917 2296 per
2948 2231 3148 2301 ipsum,
3193 2231 3420 2298 dicitur,
3453 2248 3541 2288 se-

1960 2315 2176 2385 quentis
2199 2331 2401 2382 causae,
2434 2318 2486 2372 id
2514 2325 2600 2373 est
2626 2318 2744 2389 ejus
2772 2335 2893 2389 qua:
2919 2330 3041 2390 post
3066 2321 3413 2392 principalem
3435 2331 3540 2389 est,

1960 2406 2310 2478 intelligentia
2349 2407 2692 2479 designatur,
2744 2419 2805 2464 ut
2852 2411 3001 2465 verbi
3059 2426 3254 2477 causa,
3299 2411 3543 2468 dicamus

1961 2501 2104 2569 quod
2131 2501 2228 2566 ait,
2259 2517 2325 2555 ea:
2348 2502 2483 2571 ipso,
2519 2512 2567 2557 et
2594 2520 2689 2574 per
2714 2505 2908 2574 ipsum,
2933 2516 2980 2559 et
3007 2506 3063 2559 in
3099 2507 3212 2577 ipso
3232 2509 3427 2562 omnia.
3461 2507 3547 2561 Et:

1960 2592 2095 2662 ipso,
2125 2591 2311 2662 prima:
2338 2594 2629 2648 creationis
2649 2596 2910 2660 omnium,
2941 2605 2996 2651 et
3038 2597 3143 2651 hoc
3189 2597 3364 2667 ipsum
3393 2596 3538 2666 quod

1961 2699 2082 2754 quas
2101 2693 2244 2750 sunt,
2258 2700 2325 2740 ex
2343 2686 2453 2740 Deo
2471 2700 2591 2741 esse
2611 2696 2914 2758 eruperunt,
2933 2688 3345 2757 signiﬁcantiam
3362 2690 3540 2755 dedit;

1962 2793 2054 2847 per
2081 2778 2275 2847 ipsum,
2305 2779 2448 2848 quod
2474 2792 2539 2832 ea
2566 2794 2685 2851 qua:
2716 2780 2868 2849 prius
2894 2779 3037 2835 facta
3065 2780 3299 2844 fuerant,
3341 2794 3543 2851 regun-

1965 2876 2052 2923 tur
2079 2878 2135 2923 et
2155 2870 2538 2940 dispensantur
2566 2886 2661 2941 per
2685 2886 2809 2926 eum
2851 2887 2881 2925 a
2926 2887 3035 2941 quo
3076 2871 3401 2926 subsistendi
3443 2871 3545 2925 ini-

1966 2960 2098 3014 tium
2127 2960 2484 3026 subtrahunt;
2523 2961 2578 3014 in
2600 2962 2732 3032 ipso,
2764 2962 2907 3031 quod
2938 2962 2993 3016 hi
3021 2960 3114 3031 qui
3167 2961 3280 3031 jam
3312 2959 3543 3015 correcti

284 3048 399 3103 Nec
421 3049 564 3103 aliud
597 3050 887 3119 quidquam
917 3052 1241 3107 describitur
1277 3051 1402 3108 boni
1436 3034 1615 3122 operis
1651 3054 1768 3124 ejus
1806 3034 1860 3111 in
1891 3034 1935 3096 (ἶ
1966 3058 2021 3104 et
2043 3049 2317 3105 emendati
2360 3058 2522 3115 sunt,
2554 3051 2608 3104 in
2635 3050 2806 3119 ipsius
2844 3050 3178 3120 perfectione
3218 3049 3543 3105 consistunt.

284 3139 592 3211 Evangeliis
620 3180 634 3206 ,
680 3143 774 3197 sed
818 3158 918 3212 pro
948 3144 1052 3200 hac
1078 3145 1189 3199 sola
1221 3146 1326 3201 ﬁde
1356 3147 1433 3201 ait
1472 3148 1522 3202 ei
1562 3149 1818 3205 Dominus
1846 3166 1859 3203 :

284 3232 452 3285 Amen
476 3231 594 3285 dico
621 3233 735 3298 tibi,
765 3234 918 3287 hodie
946 3251 1146 3290 mecum
1174 3239 1278 3291 eris
1300 3238 1354 3291 in
1374 3240 1621 3308 paradiso
1646 3241 1860 3314 (Ibid.).

284 3323 550 3390 Apteiuus
578 3339 723 3378 nunc
758 3339 934 3379 causae
976 3325 1136 3395 hujus
1176 3327 1404 3386 latronis
1432 3331 1599 3386 verba
1637 3334 1863 3401 apostoli

285 3409 439 3463 Pauli
464 3451 482 3475 ,
519 3419 578 3465 et
600 3413 846 3468 dicamus
870 3416 938 3470 ad
965 3415 1208 3472 Judaeum
1241 3437 1253 3472 :
1289 3417 1388 3473 Ubi
1413 3430 1489 3475 est
1520 3438 1642 3493 ergo
1665 3424 1864 3493 gloria-

287 3501 365 3554 tio
384 3510 477 3555 tua
493 3502 519 3554 Ρ
539 3500 781 3568 Certum,
807 3505 933 3573 quia
957 3506 1173 3562 exclusa
1197 3516 1311 3575 est;
1341 3510 1558 3566 exclusa
1580 3522 1663 3566 est
1686 3525 1865 3568 autem

289 3611 402 3650 non
430 3612 528 3665 per
557 3597 726 3668 legem
770 3614 1055 3669 operum,
1082 3603 1174 3657 sed
1214 3620 1307 3674 per
1346 3605 1519 3676 legem
1563 3606 1719 3673 ﬁdei;
1770 3624 1869 3680 per

290 3685 451 3739 Iidem
489 3688 635 3741 enim
658 3688 992 3759 justiﬁcatus
1020 3701 1104 3747 est
1147 3694 1234 3749 hic
1268 3694 1408 3753 latro
1454 3698 1572 3753 sine
1614 3702 1869 3769 operibus

288 3774 449 3845 legis,
474 3778 602 3846 quia
627 3794 792 3850 super
834 3783 937 3838 hoc
974 3784 1233 3841 Dominus
1264 3802 1368 3841 non
1413 3790 1699 3858 requisivit
1740 3792 1870 3862 quid

289 3868 441 3936 prius
475 3878 731 3938 operatus
757 3882 936 3938 esset,
962 3890 1060 3930 nec
1097 3879 1431 3946 exspectavit
1477 3880 1606 3948 quid
1643 3882 1824 3951 Operis
1850 3920 1867 3948 ,

290 3971 413 4010 cum
455 3959 791 4027 credidisset,
829 3964 1089 4033 expleret,
1128 3966 1222 4021 sed
1264 3968 1378 4021 sola
1421 3967 1761 4025 confessione
1778 3969 1869 4040 ju-

290 4045 583 4103 stiﬁcatum
622 4053 874 4106 comitem
927 4054 1029 4108 sibi
1078 4069 1202 4110 eum
1245 4059 1556 4127 paradisum
1601 4060 1873 4132 ingressu-

292 4152 389 4192 rus
410 4141 724 4210 assumpsit.
760 4140 885 4196 Sola
931 4143 1100 4214 igitur
1132 4145 1277 4215 justa
1304 4147 1554 4217 gloriatio
1581 4154 1666 4204 est
1689 4150 1741 4204 in
1766 4150 1873 4206 ﬁde

292 4232 473 4286 erucis
509 4231 715 4289 Christi
742 4275 757 4300 ,
798 4250 918 4304 quae
954 4237 1191 4293 excludit
1226 4254 1442 4296 omnem
1486 4242 1631 4296 illam
1672 4243 1874 4314 gloria-

294 4322 518 4388 tionem,
540 4339 661 4393 quae
684 4325 960 4381 descendit
987 4341 1051 4381 ex
1081 4330 1334 4398 Oper-ibus
1353 4330 1506 4402 legis.
1537 4333 1660 4388 Haec
1690 4342 1871 4390 autem

292 4413 453 4468 nobis
476 4415 622 4470 dicta
644 4428 771 4472 sunt
795 4434 895 4488 pro
920 4434 985 4474 eo
1015 4422 1159 4490 quod
1198 4430 1454 4492 tanquam
1489 4423 1872 4497 interrogantis

293 4519 545 4559 scrutone
570 4506 706 4560 dixit
732 4508 1020 4578 Apostolus
1045 4528 1058 4563 :
1095 4509 1194 4565 Ubi
1221 4522 1437 4584 estergo
1471 4515 1714 4585 gloriatio
1739 4527 1830 4572 tua
1848 4519 1874 4573 1’

292 4604 351 4650 et
379 4597 447 4651 ad
476 4597 593 4653 haec
619 4599 722 4654 sibi
754 4601 868 4669 ipse
892 4602 1185 4672 respondit,
1210 4603 1423 4658 exclusa
1445 4615 1556 4672 est;
1578 4615 1635 4660 et
1658 4622 1874 4663 rursum

294 4691 451 4759 quasi
487 4693 601 4761 ipse
629 4694 921 4767 interroget
938 4697 1035 4762 ait,
1067 4695 1174 4752 Per
1194 4714 1352 4769 quam
1376 4698 1538 4768 legem
1561 4700 1585 4752 ἴ
1607 4698 1874 4772 Operam;

294 4794 355 4841 et
377 4787 655 4855 respondit
686 4786 786 4843 sibi
813 4789 935 4859 ipsi,
970 4789 1113 4856 Non,
1150 4791 1241 4844 sed
1276 4807 1369 4861 per
1396 4791 1558 4861 legem
1589 4791 1735 4861 ﬁdei.
1775 4793 1877 4846 Ar-

297 4879 558 4933 bitrantur
595 4880 735 4934 enim
783 4880 1073 4952 justiﬁcari
1110 4883 1370 4937 hominem
1411 4900 1505 4954 per
1551 4883 1708 4952 [idem
1765 4883 1879 4939 sine

297 4972 541 5041 operibus
593 4971 741 5044 legis.
777 4975 853 5029 De
886 4976 972 5030 his
1006 4974 1120 5044 jam
1149 4977 1398 5046 superius
1444 4976 1697 5032 diximus.
1724 4975 1878 5044 Quod

293 5078 431 5122 vero
458 5066 622 5121 etiam
655 5068 909 5137 praesenti
950 5067 1068 5123 loco
1098 5068 1327 5122 duarum
1382 5067 1562 5137 legum
1611 5069 1741 5123 facit
1779 5069 1880 5123 ite-

298 5171 423 5212 rum
474 5158 836 5222 mentionem,
877 5166 935 5212 et
970 5158 1101 5213 dicit
1141 5157 1310 5227 legem
1357 5172 1583 5227 operum
1620 5166 1678 5212 et
1704 5158 1876 5229 legem

299 5249 452 5316 ﬁdei,
490 5252 777 5306 considera
816 5252 978 5306 etiam
1004 5251 1120 5322 ipse
1148 5250 1239 5320 qui
1277 5251 1432 5321 legis,
1477 5259 1660 5306 utrum
1690 5253 1757 5307 ad
1800 5252 1878 5307 le-

299 5357 426 5416 gem
472 5341 644 5415 Iloysi
672 5354 730 5398 et
752 5342 925 5414 legem
972 5344 1270 5399 naturalem
1324 5358 1506 5398 sermo
1556 5343 1647 5399 hic
1687 5344 1880 5402 debeat

300 5436 577 5503 inclinari,
613 5452 681 5491 an
710 5437 777 5491 ad
816 5436 986 5506 legem
1014 5435 1237 5502 litterm,
1285 5444 1341 5490 et
1385 5435 1559 5506 legem
1611 5436 1877 5505 spiritus:

300 5531 432 5601 quia
458 5528 544 5583 lex
573 5527 764 5584 litterae
792 5527 1005 5592 occidit,
1025 5536 1254 5582 mortem
1278 5536 1555 5596 operatur,
1584 5526 1669 5581 lex
1698 5535 1879 5582 autem

301 5626 527 5697 spiritus
553 5627 677 5682 vitae
705 5624 899 5679 liberat
926 5639 957 5678 a
982 5622 1101 5693 lege
1128 5622 1333 5691 peccati
1384 5631 1437 5677 et
1481 5622 1686 5677 mortis.
1727 5619 1880 5675 Unde

1965 3141 2058 3197 Sic
2121 3156 2252 3213 ergo
2308 3144 2424 3198 haec
2485 3143 2812 3213 plenissimae
2867 3144 3094 3198 rationis
3147 3151 3334 3198 tenere
3388 3141 3547 3196 diﬁ‘e-

1965 3234 2169 3290 rentius
2197 3234 2514 3299 edocentur,
2544 3242 2605 3288 ut
2626 3234 2771 3304 quod
2812 3233 3174 3297 subsistimus,
3218 3248 3283 3286 ea:
3311 3231 3422 3285 Deo
3452 3232 3551 3286 ha-

1962 3323 2094 3377 bere
2122 3322 2404 3387 dicamur;
2438 3323 2584 3392 quod
2613 3323 2992 3393 dispensamur
3032 3331 3089 3377 et
3136 3323 3402 3393 regimur,
3458 3335 3552 3391 per

1965 3414 2134 3484 ipsum
2179 3412 2296 3468 ﬁeri
2327 3414 2675 3483 designetur;
2726 3414 2868 3483 quod
2913 3428 3043 3469 vero
3090 3412 3143 3466 in
3183 3426 3393 3467 summa
3421 3425 3550 3481 per-

1964 3502 2218 3558 lectionis
2241 3504 2589 3559 consistimus
2604 3543 2620 3566 ,
2657 3504 2713 3557 in
2733 3504 2846 3573 ipso
2870 3517 2994 3559 esse
3019 3501 3342 3557 declaretur.
3366 3500 3554 3556 Potest

1967 3594 2020 3648 in
2067 3595 2319 3663 praesenti
2350 3594 2471 3649 loco
2499 3594 2625 3648 talis
2661 3595 2878 3662 quidem
2904 3592 3182 3648 observari
3224 3590 3548 3657 diﬁ‘erentia,

1966 3696 2024 3740 ut
2065 3685 2411 3739 circumcisio
2460 3700 2581 3754 qua:
2656 3683 2802 3738 velut
2853 3685 3031 3754 primo
3078 3684 3196 3738 loco
3249 3690 3307 3735 et
3359 3682 3553 3737 ordine

1960 3778 2308 3847 justiﬁeatur,
2354 3795 2419 3833 ex
2458 3777 2592 3842 ﬁde,
2631 3785 2686 3830 et
2719 3791 2824 3831 non
2858 3791 2957 3846 per
2996 3777 3155 3830 ﬁdem
3202 3772 3553 3845 iustiﬁcanda

1969 3878 2299 3928 memoretur
2341 3887 2355 3923 :
2398 3870 2718 3939 pmputium
2771 3883 2902 3922 vero
2950 3867 3091 3937 quod
3146 3863 3384 3922 secundo
3430 3863 3551 3919 loco

1969 3970 2036 4023 ad
2079 3966 2523 4037 jnstiﬁcatiouem
2556 3962 2813 4028 trahitur,
2868 3977 2975 4016 non
3022 3974 3087 4013 ex
3129 3959 3267 4022 ﬁde,
3312 3957 3406 4011 sed
3452 3971 3546 4027 per

1970 4060 2130 4115 ﬁdem
2179 4056 2585 4128 justiﬁeandum
2643 4053 2872 4110 dicatur.
2915 4049 3182 4105 Justiﬁeat
3231 4061 3361 4115 ergo
3410 4061 3551 4101 unus

1971 4161 2134 4222 atque
2164 4152 2304 4205 idem
2342 4149 2483 4204 Deus
2507 4146 2973 4204 circumcisionem
3001 4160 3067 4198 ex
3097 4143 3221 4206 ﬁde,
3251 4142 3302 4197 et
3333 4155 3547 4211 praepu-

1972 4243 2105 4297 tium
2137 4255 2236 4310 per
2266 4239 2446 4294 ﬁdem.
2477 4238 2631 4306 Quod
2671 4237 2717 4290 si
2756 4236 2998 4304 requirat
3025 4232 3220 4302 aliquis
3240 4231 3507 4287 curiosius
3532 4269 3549 4296 ,

1973 4335 2028 4389 hi
2060 4334 2149 4404 qui
2181 4347 2247 4387 ex
2276 4329 2790 4399 ﬁdejustiﬁcantur,
2828 4341 2925 4396 per
2966 4339 3127 4395 quem
3155 4321 3549 4391 justiﬁeentur;

1979 4435 2035 4483 ct
2083 4439 2295 4480 rursum
2319 4463 2335 4488 ,
2368 4423 2422 4477 hi
2453 4421 2543 4491 qui
2585 4435 2685 4491 per
2728 4418 2884 4472 ﬁdem
2910 4414 3299 4484 justiﬁcantnr,
3340 4426 3404 4466 ex
3442 4425 3553 4479 quo

1975 4519 2381 4590 justiﬁccntur:
2411 4516 2539 4571 licet
2564 4512 2811 4593 fortassis
2836 4510 3004 4566 multa
3033 4510 3087 4563 in
3124 4509 3227 4563 hoc
3268 4507 3556 4562 curiositas

1979 4612 2264 4674 videatur,
2322 4616 2498 4663 tamen
2550 4603 2934 4663 convenienter
2992 4602 3174 4658 dicere
3221 4613 3506 4670 possumus
3539 4636 3556 4662 ,

1981 4702 2124 4774 quod
2154 4700 2243 4772 qui
2268 4715 2334 4756 ex
2360 4698 2464 4754 ﬁde
2487 4697 2852 4768 justiﬁeantur
2877 4733 2893 4759 ,
2931 4692 3087 4748 initio
3109 4705 3177 4747 ex
3211 4689 3316 4744 ﬁde
3342 4694 3557 4756 sumpto

1981 4810 2082 4865 per
2108 4792 2545 4863 adimpletionem
2588 4791 2855 4845 bonorum
2910 4798 3131 4855 operum
3175 4792 3558 4836 consumman-

1986 4891 2096 4949 tur,
2126 4892 2182 4940 et
2210 4884 2299 4953 qui
2326 4897 2423 4953 per
2446 4881 2605 4935 ﬁdem
2637 4877 3025 4947 justiﬁeantur,
3057 4888 3088 4927 a
3126 4870 3283 4926 bonis
3303 4867 3556 4937 operibus

1985 4976 2164 5032 exorsi
2217 4989 2314 5045 per
2362 4973 2518 5027 ﬁdem
2563 4984 2829 5025 summam
2867 4961 3213 5036 perfectionis
3266 4959 3552 5027 accipiunt.

1985 5070 2062 5124 lta
2097 5077 2384 5136 utrumque
2418 5064 2518 5119 sibi
2546 5063 2828 5118 adhmrcns
2862 5058 3092 5112 alterum
3129 5068 3195 5107 ex
3225 5050 3400 5136 altero
3421 5062 3555 5103 con-

1986 5135 2311 5217 summatur.
2336 5158 2401 5212 Et
2429 5162 2708 5226 propterea
2727 5193 2741 5216 ,
2774 5159 2903 5220 puto
2935 5143 3251 5216 Apostolum
3280 5135 3461 5197 statim
3502 5139 3558 5193 in

1986 5249 2440 5322 consequentibus
2469 5247 2733 5318 posuisse.

2055 5320 2239 5415 Legem
2276 5354 2585 5395 evacuamus
2631 5351 2723 5406 per
2763 5330 2970 5402 ﬁdem?
3013 5327 3160 5382 Absit
3202 5341 3220 5379 :
3258 5322 3349 5378 sed
3394 5320 3558 5391 legem

1983 5436 2282 5493 statuimus.
2317 5428 2499 5503 (Aug)
2528 5427 2683 5494 Quod
2723 5433 2903 5479 autem
2948 5420 3082 5475 dicit
3118 5417 3293 5487 legem
3338 5426 3559 5503 euacua-

1984 5543 2099 5581 mus
2119 5541 2212 5596 per
2235 5499 2391 5592 ﬁdem
2416 5499 2589 5573 labsit
2604 5558 2619 5583 ,
2651 5516 2753 5571 sed
2773 5514 2944 5583 legem
2967 5508 3351 5596 iustiﬁcamus,
3451 5508 3561 5565 est,

1987 5590 2282 5673 ﬁrmamus.
2333 5611 2437 5667 Sed
2492 5622 2653 5680 quem
2707 5606 2775 5661 ad
2821 5602 3038 5659 modum
3076 5594 3340 5653 ﬁrmanda
3382 5590 3561 5647 fuerat
