3998 6202
495 308 629 365 1547

1123 302 1187 357 Β.
1223 299 1477 356 RABANI
1517 298 1733 357 MAURI
1771 297 2089 354 ARCHIEP.
2134 295 2440 355 MOGUNT.
2477 295 2764 354 OPERUM
2797 294 2977 352 PARS
3012 295 3096 352 Ill.
3137 373 3141 378 ν

3595 292 3734 354 1348

492 423 579 478 lex
630 420 732 475 nisi
781 433 879 490 per
921 415 1221 487 justitiam?
1253 412 1469 467 Justitia
1516 420 1696 466 autem
1730 425 1850 480 quae
1878 419 1961 466 est
1993 425 2058 465 ex
2087 414 2134 472 Α
2162 419 2360 463 {eterna
2374 388 2786 478 etpertnanente
2799 407 3094 464 destruitur
3107 415 3163 462 et
3183 415 3488 478 superatur.
3511 407 3742 480 (Arnim)

495 515 619 578 ﬁde,
650 513 776 583 quia
806 525 866 564 ea
907 510 1020 578 ipsa
1069 523 1187 577 quae
1239 521 1344 560 non
1400 511 1650 574 poterant
1680 503 1933 574 impleri,
1966 517 2064 573 per
2107 572 2118 583 ο

497 607 654 659 ﬁdem
679 601 893 671 impleta
923 605 1064 653 sunt.
1099 596 1293 666 (Θήρ.)
1324 595 1587 662 Quoniam
1619 596 1670 648 in
1699 595 2064 663 superioribus

497 701 563 752 ad
601 697 754 750 ﬁdem
785 704 975 749 cuncta
1007 693 1152 744 visus
1177 697 1258 743 est
1297 703 1568 752 revocare,
1617 688 1730 756 ipse
1775 687 1876 741 sibi
1921 685 2063 756 quod

499 791 565 841 ab
589 788 690 839 alio
720 783 943 853 proponi
970 789 1148 850 posset
1174 780 1406 833 ostendit
1433 786 1487 832 et
1507 778 1666 832 dicit:
1705 777 1762 832 Si
1782 793 1878 848 per
1904 778 2062 832 ﬁdem

491 876 817 944 justiﬁcatur
857 874 1015 926 homo
1039 911 1053 935 ,
1089 879 1142 923 et
1179 885 1283 923 non
1313 885 1377 923 ex
1419 867 1672 937 operibus
1722 867 1874 938 legis,
1918 875 1972 920 et
2017 867 2064 920 si

499 967 637 1019 Deus
664 962 1124 1019 circumcisionem
1155 976 1218 1014 ex
1250 960 1351 1014 ﬁde
1369 958 1649 1027 justiﬁcat,
1668 969 1723 1013 et
1748 960 2063 1028 praeputium

495 1072 593 1124 per
618 1055 798 1116 ﬁdem,
830 1055 999 1123 legem
1028 1067 1154 1120 ergo
1188 1051 1374 1120 Moysi,
1405 1066 1437 1104 ο
1466 1049 1628 1104 Paule
1649 1091 1662 1114 ,
1707 1051 1939 1104 destruis
1971 1065 2067 1118 per

499 1145 695 1197 ﬁdem?
718 1141 820 1196 Sed
851 1144 917 1195 ad
943 1143 1042 1194 hoc
1069 1141 1183 1208 ipse
1213 1139 1542 1207 respondens
1565 1139 1692 1192 dicit
1723 1153 1736 1191 :
1765 1138 1929 1202 Absit,
1962 1138 2066 1192 imo

497 1233 656 1302 legem
693 1232 1002 1294 statuimus,
1035 1231 1135 1283 hoc
1181 1237 1264 1281 est
1302 1227 1701 1282 conﬁrmamus.
1749 1227 1853 1281 Sed
1891 1243 2067 1297 opera:

497 1323 724 1389 pretium
759 1330 841 1374 est
879 1320 1060 1372 videre
1107 1320 1372 1386 quomodo
1425 1317 1594 1387 legem
1644 1331 1702 1370 se
1748 1318 2068 1371 conlirmare

497 1413 838 1481 pronuntiet,
887 1410 976 1478 qui
1033 1411 1083 1462 in
1135 1409 1501 1478 superioribus
1547 1407 1765 1472 dixerit,
1794 1409 1920 1477 quia
1963 1423 2067 1461 non

493 1501 992 1570 justiﬁeeturhomo
1005 1514 1068 1552 ex
1084 1499 1333 1566 operibus
1363 1497 1511 1568 legis.
1543 1496 1788 1550 Salvator
1811 1505 1991 1550 noster
2015 1497 2067 1550 in

498 1590 785 1658 Evangelio
807 1590 954 1653 dicit,
985 1589 1106 1657 quia
1134 1587 1337 1656 Moyses
1363 1588 1425 1639 de
1451 1604 1530 1639 me
1553 1587 1776 1657 scripsit.
1811 1587 1911 1653 Qui
1941 1601 2070 1657 ergo

501 1699 604 1735 non
637 1682 806 1734 credit
838 1679 1074 1743 Christo,
1105 1679 1169 1732 de
1194 1693 1300 1746 quo
1333 1677 1541 1747 Moyses
1584 1678 1802 1746 scripsit
1836 1678 1890 1731 in
1932 1677 2068 1746 lege,

2165 497 2280 554 Non
2306 499 2490 568 utique
2522 499 2610 552 lex
2639 498 2949 553 exinanitur
2993 512 3092 567 per
3137 497 3316 561 ﬁdem,
3356 499 3451 552 sed
3480 499 3743 569 adimple~

2165 597 2253 643 tur
2283 607 2296 641 :
2335 589 2583 642 ﬁrmatur
2615 590 2760 642 enim
2797 595 2968 643 status
3009 590 3157 658 ejus,
3203 590 3420 657 quando
3455 589 3604 658 quod
3658 589 3744 643 fu—

2165 685 2344 730 turum
2369 675 2527 742 dixit,
2551 677 2683 732 ﬁdes
2719 677 2860 732 istud
2896 677 3177 732 advenisse
3200 686 3448 732 testatur.
3476 678 3593 732 Hoc
3620 693 3747 748 pro-

2165 777 2284 838 pter
2303 768 2515 823 Judzeos
2543 770 2634 838 qui
2668 778 2858 839 putant
2883 769 3037 824 ﬁdem
3063 769 3263 825 Christi
3287 771 3386 840 legi
3412 785 3538 825 esse
3567 772 3750 826 inimi-

2167 873 2284 911 cam
2309 896 2325 922 ,
2372 857 2680 928 ignorantes
2729 873 2946 913 sensum
2992 858 3145 930 legis.
3194 859 3310 914 Non
3357 876 3491 931 ergo
3517 875 3747 917 evacuat

2167 946 2359 1015 legem,
2382 962 2502 1002 cum
2530 947 2676 1001 illam
2700 962 2913 1004 cessare
2937 947 3250 1017 deberejam
3265 952 3445 1016 docet,
3465 951 3595 1019 quia
3613 961 3750 1005 tem-

2166 1051 2297 1106 pore
2342 1052 2440 1091 suo
2479 1046 2622 1093 recte
2669 1037 2812 1090 illam
2849 1038 3026 1092 datam
3070 1039 3286 1101 asserit,
3319 1041 3414 1093 sed
3444 1039 3564 1110 jam
3589 1055 3747 1110 agere

2167 1143 2273 1181 non
2311 1127 2528 1182 debere.
2583 1127 2642 1181 ln
2681 1128 2794 1197 ipsa
2835 1129 2980 1182 enim
3037 1128 3152 1198 lege
3209 1130 3412 1184 dictum
3455 1139 3577 1195 est,
3616 1140 3748 1186 tem-

2169 1233 2299 1289 pore
2341 1218 2598 1273 exsolutus
2637 1219 3008 1287 promissionis
3045 1219 3212 1289 legem
3259 1235 3483 1276 cessare
3510 1223 3746 1276 debere:

2171 1308 2393 1378 angelus
2425 1309 2570 1363 enim
2611 1308 2830 1364 Gabriel
2861 1309 3061 1364 Danieli
3099 1311 3377 1380 prophetae
3413 1311 3748 1366 desiderium

2173 1399 2331 1466 hujus
2360 1400 2435 1454 rei
2473 1399 2706 1454 scienda:
2737 1399 2955 1454 habenti
2985 1400 3243 1464 ostendit,
3274 1399 3417 1455 inter
3439 1409 3646 1455 caetera
3670 1401 3750 1455 di-

2174 1504 2330 1552 cens,
2360 1487 2678 1544 adveniente
2704 1488 2942 1555 Christo,
2988 1491 3223 1544 chrisma
3249 1529 3265 1555 ,
3297 1491 3352 1544 id
3382 1498 3501 1554 est,
3542 1493 3753 1546 unctio-

2176 1599 2298 1637 nem
2341 1583 2576 1654 regalem
2622 1598 2877 1648 cessare,
2922 1599 3045 1654 qua:
3104 1593 3346 1653 potestas
3404 1584 3751 1654 intelligitur.

2178 1671 2245 1724 Et
2265 1673 2551 1741 judicium,
2582 1673 2676 1738 ait,
2709 1689 2812 1726 non
2832 1674 2930 1727 erit
2959 1672 3205 1744 amplius,
3235 1675 3378 1743 quod
3420 1683 3512 1730 est
3539 1675 3628 1728 lex
3648 1715 3664 1740 ,
3707 1685 3754 1729 et

498 1772 726 1826 destruit
757 1771 926 1841 legem
961 1783 974 1821 :
1019 1770 1108 1838 qui
1159 1777 1338 1821 autem
1370 1768 1543 1820 credit
1593 1766 1829 1830 Christo,
1868 1767 1933 1821 de
1967 1781 2070 1835 quo

2177 1761 2719 1830 totletursacrificium
2739 1779 2911 1816 meum
2938 1762 3100 1833 (Dan.
3134 1779 3211 1827 ιι,
3245 1765 3359 1835 xi);
3392 1764 3540 1829 ideo,
3559 1765 3752 1834 inquit,

499 1861 705 1930 Moyses
753 1859 986 1926 scripsit,
1042 1858 1210 1926 legem
1257 1858 1542 1909 conlirmat
1593 1870 1688 1924 per
1724 1855 1905 1920 ﬁdem,
1945 1857 2072 1925 quia

496 1951 670 2008 credit
695 1951 745 2002 in
771 1949 1062 2003 Christum.
1081 1947 1265 1999 Fidem
1291 1956 1470 1999 autem
1500 1945 1729 1999 dicimus
1759 1946 1810 1998 in
1833 1946 2072 2008 Patrem,

499 2054 553 2098 et
577 2042 770 2096 Filium
795 2080 808 2105 ,
849 2048 902 2094 et
943 2038 1202 2108 Spiritum
1230 2045 1478 2092 sanctum
1507 2037 1770 2106 integram
1791 2076 1804 2100 ,
1833 2035 2071 2105 plenam,

499 2136 812 2204 perfectam,
845 2147 964 2200 qua:
992 2130 1127 2184 nihil
1155 2129 1446 2192 diversum,
1474 2129 1606 2182 nihil
1640 2129 1955 2196 discrepans
1982 2137 2072 2182 aut

495 2234 816 2279 extraneum
840 2223 892 2274 in
917 2219 1182 2273 Trinitate
1225 2220 1523 2288 proﬁtetur.
1555 2218 1685 2272 Nam
1718 2216 1954 2272 Marcion
1981 2217 2073 2286 qui

501 2315 664 2368 alium
691 2313 822 2368 dicit
850 2313 1018 2366 Deum
1049 2310 1180 2381 legis
1208 2349 1223 2375 ,
1263 2309 1426 2362 alium
1467 2307 1683 2362 Patrem
1727 2309 1926 2362 Christi
1978 2323 2075 2378 per

501 2405 659 2458 ﬁdem
712 2416 866 2456 suam
928 2416 1036 2454 non
1098 2400 1320 2462 statuit,
1381 2413 1554 2467 neque
1596 2396 1917 2462 conﬁrmat,
1978 2397 2074 2451 sed

501 2494 728 2550 destruit
772 2493 960 2563 legem.
1000 2491 1112 2545 Hoc
1155 2499 1211 2545 et
1283 2489 1452 2544 Ebion
1509 2488 1677 2553 facit;
1715 2491 1816 2542 hoc
1857 2498 1914 2542 et
1952 2502 2072 2541 om-

500 2601 619 2650 nes,
659 2584 749 2653 qui
793 2584 846 2637 in
887 2582 991 2636 ﬁde
1030 2580 1305 2635 Catholica
1353 2579 1552 2648 aliquid
1599 2577 1960 2646 corruptionis
1994 2577 2075 2630 in—

502 2683 790 2731 terseruut.
833 2673 944 2744 Ego
987 2673 1148 2726 etiam
1206 2671 1332 2724 illud
1365 2670 1752 2724 convenienter
1785 2666 2029 2735 adjiciam
2055 2704 2072 2732 ,

501 2767 626 2836 quia
657 2764 833 2818 omnis
867 2763 958 2832 qui
988 2762 1204 2818 Christo
1249 2762 1476 2816 credens
1519 2759 1653 2814 bene
1681 2759 1828 2830 agit,
1859 2766 1915 2811 et
1946 2772 2075 2812 eon-

501 2853 635 2907 tinet
665 2868 722 2907 se
749 2853 816 2906 ab
837 2853 983 2906 omni
1011 2849 1220 2906 macula
1250 2850 1476 2920 peccati,
1501 2849 1589 2904 hic
1613 2847 1780 2918 legem
1808 2847 1900 2901 Dei
1930 2857 2074 2901 recte

499 2944 727 2998 vivendo
775 2942 1089 3008 conﬁrmat;
1133 2941 1223 3010 qui
1277 2955 1404 2994 vero
1447 2953 1687 3009 princeps
1730 2947 2075 3008 peccatorum

500 3034 642 3086 vitiis
665 3033 865 3100 agitur,
895 3040 950 3084 et
982 3031 1098 3085 sine
1127 3029 1238 3085 ullo
1265 3029 1564 3100 paenitendi
1611 3027 1910 3083 retinaculo
1938 3027 2075 3081 assi-
2101 3050 2117 3074 ο

500 3099 1011 3175 duitateﬂscelerum
1063 3099 1365 3172 maculatur
1395 3158 1411 3184 ,
1465 3118 1551 3173 hic
1597 3117 1810 3172 etiamsi
1850 3117 2072 3171 credere
2099 3099 2144 3163 C

501 3215 719 3268 Christo
749 3213 1014 3275 videatur,
1048 3227 1147 3282 per
1176 3210 1334 3266 ﬁdem
1380 3226 1533 3265 suam
1582 3225 1688 3265 non
1737 3209 1943 3273 statuit,
1978 3211 2072 3262 sed

501 3303 730 3357 destruit
775 3301 966 3370 legem.
1003 3301 1109 3354 Sed
1147 3310 1202 3354 et
1231 3300 1317 3353 illa
1360 3315 1698 3368 nequaquam
1735 3299 1890 3353 nobis
1932 3313 2072 3368 pra:-

501 3391 758 3447 tereunda
777 3391 987 3444 videtur
999 3388 1254 3457 objectio,
1279 3404 1438 3458 quam
1463 3388 1706 3458 proferre
1726 3389 1848 3457 quis
1869 3396 2069 3457 potest,

499 3493 556 3538 et
597 3483 778 3536 dicere
845 3481 986 3548 quod
1055 3480 1325 3534 contraria
1384 3478 1484 3532 sibi
1531 3477 1767 3532 scribere
1824 3479 2071 3532 videatur

498 3571 785 3642 Apostolus
809 3609 824 3635 ,
855 3585 978 3624 cum
1009 3570 1060 3622 in
1093 3570 1344 3638 praesenti
1367 3569 1581 3638 quidem
1637 3568 1756 3624 loco
1803 3569 1933 3625 dicit
1961 3585 2069 3625 non

497 3664 698 3721 destrui
752 3663 922 3734 legem
947 3703 961 3725 ,
1011 3664 1106 3716 sed
1157 3662 1505 3726 conﬁrmari;
1557 3662 1610 3714 in
1655 3663 1890 3717 secunda
1943 3678 2070 3718 vero

497 3755 563 3810 ad
593 3754 896 3810 Corinthios
948 3753 1021 3806 ita
1052 3752 1242 3807 scribit
1268 3769 1282 3805 :
1318 3751 1472 3817 Quod
1491 3751 1536 3805 si
1564 3753 1908 3806 ministerium
1931 3769 2072 3808 mor-

496 3847 560 3901 tis
603 3848 656 3900 in
703 3830 886 3899 litteris
918 3844 1202 3914 [armatum
1244 3845 1300 3897 in
1335 3843 1627 3913 lapidibus,
1659 3843 1856 3912 factum
1897 3856 1970 3900 est
2013 3847 2070 3900 in

498 3937 704 4009 gloria,
759 3937 834 3990 ita
871 3945 927 3989 ut
975 3951 1080 3988 non
1108 3934 1302 4004 possint
1350 3934 1614 3988 intendere
1647 3934 1745 4004 ﬁlii
1797 3934 1968 3990 Israel
2014 3937 2069 3990 in

497 4031 686 4100 faciem
733 4027 902 4098 Moysi
935 4034 1143 4096 propter
1191 4024 1410 4095 gloriam
1446 4023 1615 4078 vultus
1645 4025 1781 4094 ejus,
1823 4042 1941 4096 qua:
1979 4027 2069 4080 de-

494 4123 754 4185 struitur;
795 4117 1051 4190 quomodo
1101 4135 1203 4173 non
1243 4118 1408 4187 magis
1439 4117 1784 4171 ministerium
1834 4117 2066 4188 Spiritus

495 4212 590 4265 erit
633 4211 690 4264 in
737 4210 949 4280 gloria?
978 4208 1060 4280 (II
1085 4208 1206 4263 Cor.
1241 4211 1348 4277 tu.)
1382 4207 1447 4260 Et
1485 4206 1644 4275 paulo
1668 4215 1820 4276 post:
1851 4207 1910 4262 Si
1930 4209 2067 4262 enim

494 4301 631 4371 quod
661 4301 947 4354 destruitur
969 4316 1062 4370 per
1087 4299 1330 4368 gloriam,
1359 4297 1524 4350 multo
1570 4299 1760 4367 magis,
1786 4299 1924 4369 quod
1950 4317 2066 4354 ma-

495 4400 576 4444 net
604 4391 658 4443 in
687 4390 856 4458 gloria
881 4400 954 4443 est
984 4389 1194 4461 (lbid.).
1224 4389 1337 4442 Dici
1364 4403 1494 4459 ergo
1532 4396 1708 4458 potest
1741 4389 1867 4457 quia
1892 4389 2062 4458 gloria

494 4483 672 4537 vultus
699 4481 864 4552 Moysi
906 4497 1025 4550 qua:
1057 4481 1354 4535 destruitur
1373 4519 1388 4545 ,
1417 4491 1471 4534 et
1498 4481 1600 4534 hoc
1626 4481 1769 4550 quod
1809 4481 1974 4535 dicit:
2005 4481 2064 4536 Si

491 4573 637 4628 enim
659 4573 798 4640 quod
813 4572 1112 4625 destruitur
1128 4586 1221 4640 per
1235 4570 1458 4640 gloriam
1473 4577 1575 4634 est,
1593 4571 1922 4624 contrarium
1941 4572 2067 4626 huic

490 4663 792 4726 sententiae,
840 4677 943 4730 qua
981 4661 1292 4730 pronuntiat
1321 4679 1334 4714 :
1363 4661 1478 4716 Non
1525 4661 1849 4716 destruimus
1895 4663 2067 4732 legem

492 4771 590 4826 per
616 4755 798 4818 ﬁdem,
822 4754 916 4808 sed
945 4756 1230 4809 statuimus
1270 4761 1325 4808 et
1358 4753 1762 4808 conﬁrmamus.
1803 4752 1907 4808 Sed
1946 4757 2066 4810 vide

493 4846 538 4900 si
584 4859 869 4915 possumus
915 4843 1016 4897 hoc
1044 4843 1225 4907 modo,
1253 4843 1396 4911 quod
1427 4843 1723 4896 intentatur
1763 4843 2062 4898 absolvere.

493 4935 608 4990 Non
644 4944 727 4990 est
768 4935 908 4988 idem
945 4935 1083 5003 quod
1118 4934 1288 4996 dixit,
1315 4932 1477 5004 legem
1505 4934 1851 5001 destruimus,
1885 4944 1942 4990 et
1980 4935 2065 4991 lex

491 5026 804 5081 destruitur.
835 5025 1031 5080 Paulus
1051 5040 1178 5095 ergo
1201 5025 1252 5078 in
1282 5025 1536 5094 prmsenti
1559 5025 1675 5080 loco
1698 5026 1800 5081 hoc
1819 5042 2063 5096 pronun-

495 5121 622 5186 tiat,
653 5118 795 5188 quod
824 5117 998 5187 legem
1030 5117 1146 5184 ipse
1175 5130 1283 5170 non
1311 5115 1573 5168 destruat.
1604 5114 1737 5168 Nam
1761 5116 1806 5170 si
1833 5117 2066 5172 destrui-

491 5218 581 5265 tttr
623 5208 709 5262 lex
744 5222 839 5276 per
881 5222 1002 5260 eam
1037 5222 1156 5275 qua:
1195 5207 1560 5276 supereminet
1589 5205 1851 5275 gloriam,
1876 5217 1931 5261 et
1955 5224 2060 5262 non

490 5317 585 5372 per
627 5300 854 5355 Paulum
877 5341 892 5365 ,
942 5315 1116 5368 neque
1159 5315 1255 5370 per
1283 5299 1448 5353 alium
1487 5298 1717 5367 aliquem
1749 5310 2060 5357 sanctorum

488 5393 800 5448 destruitur.
850 5392 999 5447 Unde
1051 5401 1106 5445 et
1167 5391 1282 5460 ipse
1333 5390 1593 5445 Dominus
1646 5390 1903 5446 dicebat:
1937 5391 2059 5446 Non

490 5486 596 5537 vasi
624 5483 818 5538 solvere
839 5483 1021 5554 legem,
1051 5484 1141 5538 sed
1179 5483 1464 5552 adimplere
1513 5484 1730 5555 (Matth.
1765 5489 1841 5556 v).
1871 5485 2059 5543 Nullus

488 5589 614 5641 ergo
635 5587 965 5642 sanctorum,
999 5593 1099 5631 nec
1124 5579 1236 5647 ipsc
1263 5577 1523 5633 Dominus
1570 5579 1800 5635 destruit
1839 5581 2007 5650 legem
2041 5621 2057 5647 ,

489 5666 581 5718 sed
612 5665 777 5733 gloria
822 5668 936 5736 ejus
967 5668 1296 5736 temporalis,
1345 5679 1400 5724 et
1429 5671 1798 5739 pertransiens
1825 5689 1854 5727 a
1887 5673 2055 5742 gloria

2177 1866 2367 1915 meum,
2398 1859 2458 1904 ut
2484 1851 2716 1904 sciretur
2752 1851 3078 1907 oblationem
3115 1862 3353 1907 veterem
3393 1862 3754 1908 cessaturum.

2175 1939 2344 2007 Quem
2373 1954 2588 1994 sensum
2617 1941 2933 2010 adaperiens
2956 1941 3204 1996 Salvator
3231 1959 3244 1995 :
3273 1942 3404 2007 Leu,
3436 1944 3538 2006 ait,
3561 1953 3615 1996 et
3641 1959 3758 2013 pro-

2173 2034 2340 2100 pheta:
2355 2047 2516 2101 usque
2529 2031 2600 2084 ad
2625 2030 2883 2085 Joannem
2899 2040 2989 2097 ;et
3005 2033 3131 2102 quia
3153 2032 3273 2103 lege
3289 2032 3461 2105 Moysi
3486 2043 3755 2097 cessante,

2176 2119 2400 2174 meliora
2429 2129 2699 2189 prtecepta
2730 2121 2956 2175 daturus
2977 2131 3098 2176 erat
3120 2121 3282 2188 Deus,
3322 2111 3603 2178 Ieremias
3637 2140 3757 2194 pro-

2172 2209 2336 2278 pheta
2363 2210 2561 2263 cecinit
2589 2248 2605 2274 ,
2651 2211 2835 2265 dicens
2861 2227 2874 2263 :
2906 2209 3041 2265 Ecce
3063 2211 3174 2265 dies
3201 2215 3404 2266 uenient
3433 2252 3450 2277 ,
3488 2214 3620 2267 dicit
3653 2213 3758 2266 Do-

2174 2303 2367 2367 minus,
2392 2312 2441 2356 ει
2473 2304 2844 2357 consummabo
2883 2303 3062 2358 domui
3091 2303 3262 2360 Israel
3287 2346 3302 2371 ,
3333 2317 3382 2359 et
3406 2307 3595 2360 doni
3617 2306 3760 2360 luds

2178 2395 2565 2450 Testamentum
2591 2396 2817 2461 Novum,
2844 2412 2946 2449 non
2966 2397 3251 2451 secundum
3280 2397 3420 2466 quod
3450 2397 3576 2450 dedi
3600 2398 3760 2464 patri-

2175 2486 2269 2540 bus
2322 2503 2501 2540 eorum
2549 2485 2683 2556 (Jer.
2718 2489 2908 2557 xxxr);
2943 2488 3027 2542 his
3072 2488 3258 2557 utique
3297 2487 3390 2556 qui
3437 2488 3758 2542 venientem

2175 2576 2450 2632 Christum
2485 2593 2552 2632 ex
2576 2578 2934 2646 promissione
2959 2587 3297 2648 receperunt.
3326 2578 3457 2632 ideo
3484 2576 3760 2642 Salvator,

2178 2665 2302 2720 Non
2336 2667 2451 2720 verti
2473 2705 2488 2730 ,
2533 2666 2644 2732 ait,
2689 2666 2886 2721 solvere
2911 2666 3073 2737 legem
3103 2677 3193 2720 aut
3218 2668 3521 2737 prophetas,
3550 2667 3644 2720 sed
3674 2667 3765 2719 ad-

2174 2756 2419 2826 implere;
2467 2764 2523 2812 et
2551 2757 2679 2827 quia
2736 2758 2928 2813 domus
2980 2758 3076 2812 Dei
3133 2774 3240 2813 non
3290 2765 3510 2811 tantum
3547 2758 3607 2812 in
3653 2757 3765 2814 sola

2175 2846 2571 2918 Hierosolyma,
2601 2848 2696 2902 sed
2724 2857 2782 2903 et
2810 2849 2863 2903 in
2889 2849 3100 2903 caeteris
3126 2848 3261 2904 locis
3293 2848 3478 2903 futura
3515 2859 3658 2914 erat,
3694 2850 3769 2904 ait

2179 2939 2471 2994 Zacharias
2497 2941 2757 3010 propheta
2797 2958 2812 2994 :
2854 2938 3059 2995 Ponant
3093 2941 3392 2996 Jerusalem
3426 2942 3487 2995 in
3527 2941 3766 2996 omnibus

2175 3032 2410 3100 gentibus
2442 3028 2628 3102 (lacti.
2661 3037 2796 3104 xu),
2823 3047 2943 3102 quae
2969 3042 3053 3088 est
3083 3034 3342 3088 Ecclesia.

2772 3142 3000 3201 CAPUT
3059 3145 3148 3201 IV.

2173 3233 2420 3307 Declarat
2467 3235 2740 3307 Apostolus
2773 3253 2865 3306 per
2897 3237 3186 3307 exemplum
3218 3236 3448 3292 Abralia!
3482 3239 3648 3306 [idem
3686 3256 3766 3294 re-

2241 3305 2379 3374 quiri
2417 3306 2484 3359 ad
2504 3305 2779 3374 salutem,
2797 3317 2844 3359 et
2871 3305 3277 3378 legem-veterem
3308 3325 3412 3362 non
3435 3305 3700 3380 sufﬁcere.

2247 3394 2387 3460 Quid
2422 3413 2543 3467 ergo
2576 3396 2807 3451 dicemus
2833 3398 3088 3452 invenisse
3126 3398 3396 3452 Abraham
3425 3411 3641 3467 patrem
3674 3417 3765 3454 tto-

2171 3493 2338 3538 strum
2357 3486 2640 3540 secundum
2666 3487 2919 3541 carnem?
2955 3486 3185 3558 (Ambr.)
3208 3485 3506 3556 Postquam
3529 3488 3764 3544 ustusdit

2172 3589 2278 3630 non
2302 3589 2458 3644 posse
2477 3589 2572 3645 per
2600 3591 2764 3645 opera
2785 3576 2920 3647 legis
2946 3593 3274 3648 quemquam
3300 3577 3602 3646 justiﬁcari
3627 3578 3762 3650 apud

2171 3664 2360 3730 Deum,
2394 3663 2592 3734 adjecit
2624 3681 2725 3720 nec
2754 3667 3028 3722 Abraham
3064 3669 3301 3738 potuisse
3328 3669 3544 3738 aliquid
3569 3674 3768 3727 mansi

2170 3756 2465 3811 secundum
2509 3771 2746 3812 carnem.
2781 3756 3013 3814 Carnem
3043 3758 3248 3825 dicens,
3281 3760 3764 3818 cimmcisiooe-

2169 3847 2370 3915 posuit,
2388 3847 2516 3916 quia
2531 3847 2662 3902 nihil
2691 3849 2940 3917 quaesivit
2962 3849 3230 3905 Abraham
3255 3864 3354 3920 per
3381 3851 3762 3908 circch

2169 3953 2293 3994 nem
2318 3957 2331 3992 :
2346 3948 2472 3994 ante
2483 3940 2624 3993 enim
2632 3937 2764 4007 justi
2771 3939 2961 3996 ﬁcatus
2978 3949 3062 3994 est
3079 3955 3238 4010 quam
3251 3943 3764 3998 circumcideretur.

2243 4026 2303 4084 Si
2331 4031 2469 4082 enim
2497 4027 2761 4082 Abraham
2787 4044 2853 4082 ea:
2885 4029 3125 4098 operibus
3152 4029 3278 4099 legis
3297 4029 3641 4099 justiﬁcmus
3669 4042 3765 4097 est,

2167 4118 2318 4172 habet
2367 4117 2611 4189 gloriam,
2659 4118 2748 4172 sed
2796 4134 2898 4172 non
2948 4119 3088 4189 apud
3138 4118 3321 4175 Deum.
3369 4119 3568 4191 (Aug.)
3612 4122 3767 4188 Quod

2168 4218 2348 4264 autem
2377 4212 2454 4264 ait
2486 4227 2498 4263 :
2528 4210 2585 4264 Si
2610 4213 2752 4265 enitn
2787 4210 3134 4266 Abrahamea:
3171 4211 3408 4281 operibus
3431 4212 3765 4281 justi/iectus

2167 4309 2262 4366 est,
2287 4301 2434 4354 habet
2461 4301 2703 4372 gloriam,
2730 4301 2819 4356 sed
2851 4318 2956 4356 non
2977 4302 3118 4372 apud
3144 4301 3329 4367 Deum,
3361 4303 3466 4358 hoc
3493 4313 3605 4369 est,
3637 4306 3765 4374 quia

2168 4391 2442 4445 Abraham
2471 4392 2588 4446 sine
2615 4392 2755 4463 lege,
2786 4394 2914 4446 dum
2944 4408 3053 4447 nou
3083 4408 3148 4448 ex
3178 4393 3436 4463 operibus
3471 4392 3616 4466 legis
3653 4396 3764 4466 glo-

2175 4484 2308 4538 riam
2366 4485 2668 4555 conquirit,
2721 4487 2876 4554 quasi
2907 4488 3021 4542 suis
3045 4487 3248 4542 viribus
3292 4487 3467 4560 legem
3520 4490 3761 4561 impleat.

2173 4577 2306 4632 Cum
2337 4589 2517 4632 autem
2559 4580 2734 4634 adhuc
2774 4579 2862 4633 lex
2903 4580 3008 4635 ista
3045 4580 3169 4634 data
3201 4595 3308 4634 non
3342 4589 3515 4648 esset,
3547 4582 3642 4638 Dei
3673 4585 3758 4637 illa

2172 4669 2342 4740 gloria
2388 4686 2493 4725 non
2535 4686 2631 4726 sua
2669 4681 2772 4737 est,
2821 4687 2929 4727 non
2963 4672 3263 4726 immeritus
3297 4672 3463 4727 vitam
3499 4690 3669 4744 quam
3693 4691 3760 4730 ex

2172 4761 2443 4828 operibus,
2463 4763 2556 4816 sed
2571 4761 2663 4816 Dei
2684 4762 2854 4830 gratia
2886 4762 2988 4817 ﬁde
3005 4761 3334 4832 justiticatus
3353 4773 3462 4830 est,
3501 4767 3608 4821 hoc
3638 4782 3762 4836 pro-

2173 4856 2422 4924 ponentis
2441 4863 2542 4908 est.
2561 4854 2757 4927 (Amb.)
2773 4854 2904 4909 Nam
2922 4856 3196 4911 Abraham
3216 4870 3285 4910 ex
3304 4856 3412 4910 ﬁde
3424 4857 3764 4925 justiﬁcatus

2171 4954 2275 5011 est,
2296 4945 2440 5016 quod
2466 4946 2594 5000 nulli
2619 4947 2836 5001 dubium
2865 4954 2948 5002 est
2974 4965 2988 5001 :
3020 4947 3143 5002 ideo
3171 4949 3335 5004 habet
3354 4948 3595 5017 gloriam
3622 4951 3761 5020 apud

2171 5037 2358 5092 Deum.
2388 5037 2494 5092 Sed
2536 5037 2662 5107 quia
2699 5038 2790 5108 qui
2826 5037 2997 5110 legem
3028 5049 3250 5094 servant
3273 5041 3388 5094 sive
3417 5040 3617 5113 Moysi,
3648 5045 3762 5098 sive

2169 5129 2496 5195 naturalem,
2515 5129 2877 5199 justiﬁrantur
2909 5130 2975 5184 ad
3013 5145 3271 5200 praesens,
3321 5146 3390 5185 ne
3438 5132 3521 5186 rei
3560 5136 3674 5189 sint
3708 5135 3761 5188 in

2166 5223 2414 5293 praesenti
2445 5222 2667 5291 judicio,
2698 5221 2816 5277 ideo
2833 5221 2928 5276 ait.
2956 5220 3031 5275 Ex
3059 5221 3315 5290 operibus
3349 5221 3486 5294 legis
3514 5223 3563 5278 si
3594 5225 3762 5279 Abra-

2168 5315 2290 5369 ham
2309 5315 2635 5384 justilicatus
2673 5322 2778 5378 est,
2815 5329 2920 5368 non
2948 5314 3110 5368 habet
3131 5313 3272 5382 apud
3294 5314 3467 5368 Deum
3497 5314 3757 5385 gloriam,

2165 5406 2289 5476 quia
2317 5407 2406 5476 qui
2435 5405 2636 5474 fecerit,
2670 5405 2864 5474 inquit,
2888 5404 3072 5474 legem,
3098 5405 3226 5458 vivet
3249 5404 3304 5457 in
3324 5420 3410 5468 ea,
3436 5403 3487 5458 id
3509 5416 3616 5470 est,
3648 5422 3756 5460 non

2165 5500 2425 5554 morietur
2455 5507 2514 5552 ut
2545 5514 2689 5562 reus,
2719 5515 2817 5552 nec
2850 5511 3028 5553 tamen
3068 5498 3322 5552 meritum
3348 5513 3419 5553 ex
3450 5499 3561 5555 hoc
3587 5501 3758 5556 babe-

2162 5586 2398 5658 bitapud
2429 5589 2617 5652 Deum,
2647 5587 2742 5644 sed
2767 5587 2888 5642 ﬁdei
2911 5603 3092 5643 causa.

2235 5678 2374 5744 Quid
2423 5681 2557 5733 enim
2613 5680 2738 5733 dicit
2815 5679 3132 5750 Scriptura?
3193 5680 3432 5734 Credidit
3481 5680 3755 5734 Abraham
