3998 6202
316 203 458 262 1349

838 202 1387 262 ENARRATIONUM
1422 204 1490 260 ΙΝ
1532 205 1676 260 EPP.
1719 201 1883 262 ΡΑϋί

1986 200 2091 261 .IB.
2132 206 2195 262 ll.
2230 238 2300 250 -—
2335 208 2402 265 ΙΝ
2441 207 2659 267 EPIST.
2707 210 2801 268 AD
2841 211 3007 271 ROM.

3436 219 3460 276 l
3471 221 3576 278 350

307 320 456 385 Deo;
499 327 548 375 et
593 327 882 390 reputatae:
919 330 993 374 est
1035 321 1083 375 ei
1135 321 1203 374 ad
1241 320 1526 390 justitiam.
1585 319 1893 375 Manifesta-
1918 321 1968 382 Α
1994 336 2237 390 noscere,
2275 325 2391 396 ipse
2423 327 2667 396 pervidet
2701 327 2745 382 si
2774 329 2825 383 in
2859 344 3184 400 unoquoque
3217 333 3341 389 ildei
3364 334 3575 393 habitat

305 410 387 465 vit
419 424 526 463 non
566 409 689 463 ideo
729 408 1013 463 Abraham
1044 410 1270 479 gloriam
1299 409 1438 479 apud
1474 410 1643 464 Deum
1670 411 1891 475 habere,

308 499 436 569 quia
460 498 814 553 circumcisus
839 508 943 563 est,
977 507 1069 552 aut
1091 500 1216 568 quia
1243 500 1502 554 abstinuit
1528 514 1587 554 se
1609 501 1677 553 ab
1700 498 1896 568 iniqui-

312 598 453 652 tate;
507 589 602 644 sed
647 590 772 658 quia
826 588 935 644 Deo
987 589 1250 656 credidit,
1301 591 1425 645 hinc
1469 598 1525 644 et
1568 587 1897 656 justilicatus

306 691 411 746 est,
442 681 615 735 laudis
648 695 759 735 sua:
784 681 1063 750 praemium
1086 682 1141 735 in
1172 681 1353 737 futuro
1376 691 1783 738 consecuturus.

381 773 447 828 Ei
468 786 642 829 autem
669 775 760 845 qui
782 785 1048 845 operatur,
1065 793 1259 831 merces
1285 793 1389 832 non
1412 779 1700 848 imputatur
1718 794 1895 832 secun-

309 871 433 924 dum
475 872 720 941 gratiam,
764 870 855 923 sed
895 871 1176 926 secundant
1218 873 1462 926 debitum.
1516 872 1699 945 tAug.)
1740 873 1894 940 Quod

309 972 486 1016 autem
515 962 610 1025 ait,
635 960 703 1014 Ei
725 972 898 1015 autem
927 963 1017 1033 qui
1046 974 1294 1031 operatur
1314 982 1507 1019 merces
1542 982 1643 1020 non
1669 968 1894 1036 imputa-

308 1060 396 1106 tur
422 1050 707 1105 secundum
736 1053 979 1121 gratiam,
1008 1053 1097 1106 sed
1127 1054 1414 1108 secundum
1450 1055 1697 1120 debitum,
1733 1055 1893 1109 dixit-

309 1157 413 1213 que
441 1143 890 1213 quemadmodum
916 1144 1161 1200 homines
1183 1146 1489 1201 hominibus
1506 1149 1733 1202 reddant
1756 1163 1894 1202 mer—

310 1241 526 1303 cedem;
559 1254 681 1292 nam
714 1238 857 1292 Deus
882 1254 978 1307 per
1016 1241 1243 1308 gratiam
1278 1240 1445 1304 dedit,
1487 1242 1611 1309 quia
1642 1249 1892 1311 peccato-

308 1330 457 1384 ribus
487 1330 652 1393 dedit,
684 1337 742 1382 ut
768 1344 866 1397 per
893 1330 1049 1383 [idem
1069 1329 1215 1398 juste
1240 1330 1505 1395 viverent,
1538 1332 1590 1385 id
1616 1339 1718 1396 est,
1753 1330 1890 1385 bene

308 1428 691 1490 operarentur;
720 1418 862 1488 quod
892 1433 1019 1489 ergo
1047 1419 1183 1473 bene
1206 1434 1513 1489 operamur,
1537 1418 1650 1489 jam
1668 1430 1888 1489 accepta

307 1512 478 1580 gratia
528 1525 631 1564 non
682 1509 856 1572 nobis,
902 1509 997 1563 sed
1040 1507 1115 1562 illi
1153 1509 1493 1563 tribuendum
1520 1517 1601 1564 est
1626 1550 1639 1575 ,
1668 1509 1758 1578 qui
1793 1522 1890 1579 per

306 1602 534 1672 gratiam
602 1612 698 1655 nos
751 1598 1081 1669 justiiicavit.
1140 1598 1275 1653 Nam
1318 1599 1362 1652 si
1408 1599 1640 1654 debitam
1676 1613 1885 1653 merce-

1996 413 2251 481 allectus;
2282 425 2336 471 et
2361 417 2482 472 ideo
2508 419 2600 487 qui
2643 433 2709 473 ex
2739 420 2842 475 ﬁde
2860 421 3207 488 justiﬁcalur,
3238 428 3377 496 apud
3399 429 3571 485 solum

1994 505 2161 560 Deum
2176 507 2336 562 habet
2352 508 2693 581 gloriam,qui
2708 513 3036 569 occultorum
3054 518 3299 571 notitiam
3317 519 3497 585 habet,
3517 530 3573 576 et

1993 593 2114 649 ﬁdei
2145 596 2290 651 solus
2320 598 2592 667 inspector
2617 610 2720 655 est.
2747 601 2925 672 (Aug)
2945 603 3091 659 Multi
3122 621 3248 674 ergo
3273 608 3574 678 gloriantur

1991 687 2058 741 de
2101 688 2373 756 operibus,
2422 700 2477 745 et
2509 691 2718 747 invenis
2766 694 2961 750 multos
3007 712 3244 766 paganos
3287 712 3569 770 propterea

1991 777 2132 832 nolle
2161 778 2273 832 ﬁeri
2304 778 2657 846 Christianos,
2701 783 2826 851 quia
2863 787 3013 853 quasi
3058 786 3328 844 sulliciunt
3363 793 3464 846 sibi
3504 793 3570 849 de

1990 867 2128 923 bona
2165 868 2275 923 vita
2303 887 2418 925 sua.
2448 870 2595 927 Bene
2628 872 2807 928 vivere
2836 890 2969 944 opus
2995 885 3096 941 est,
3139 879 3236 944 ait,
3284 884 3411 952 quid
3441 886 3568 940 mihi

1990 968 2355 1028 praecepturus
2377 972 2456 1016 est
2478 960 2761 1017 Christus?
2793 962 3003 1019 Nullum
3046 969 3416 1037 homicidium,
3449 975 3570 1028 nul-

1990 1048 2099 1103 lum
2132 1049 2352 1117 furtum,
2393 1052 2591 1106 nullam
2622 1055 2866 1122 rapinam
2902 1056 3060 1122 facio,
3097 1076 3182 1115 res
3223 1063 3428 1120 alienas
3465 1082 3569 1122 non

1991 1141 2329 1209 concupisco,
2382 1142 2526 1196 nullo
2572 1144 2835 1199 adulterio
2882 1151 3235 1216 contaminor,
3280 1170 3383 1207 non
3420 1155 3542 1211 inve

1991 1230 2170 1286 niatur
2207 1233 2405 1300 aliquid
2443 1234 2496 1289 in
2534 1234 2642 1289 vita
2683 1251 2802 1290 mea
2843 1238 2984 1306 quod
3028 1242 3472 1310 reprehendatur,
3518 1257 3569 1301 et

1989 1322 2079 1389 qui
2110 1325 2519 1391 reprehenderit
2546 1326 2706 1380 faciat
2730 1326 3134 1384 Christianum:
3158 1332 3319 1388 habet
3349 1336 3570 1406 gloriam

1990 1411 2081 1466 sed
2104 1428 2208 1467 non
2241 1413 2308 1467 ad
2334 1413 2534 1473 Deum:
2554 1431 2658 1471 non
2689 1428 2865 1472 autem
2894 1419 2973 1472 sic
3009 1428 3164 1491 pater
3197 1434 3382 1479 noster
3402 1426 3575 1482 Abra-

1990 1504 2136 1559 ham.
2183 1503 2337 1560 Unde
2370 1520 2500 1579 ergo
2531 1507 2662 1563 dicit
2694 1507 2971 1578 Scriptura
2997 1512 3349 1581 justificatum
3395 1517 3572 1572 Abra-

1988 1602 2155 1656 ham?
2188 1602 2422 1659 Credidit
2460 1606 2726 1661 Abraham
2756 1607 2865 1662 Deo
2886 1619 2934 1663 et
2962 1610 3266 1674 deputatum
3295 1623 3367 1667 est
3405 1615 3484 1668 illi
3503 1615 3573 1668 ad

306 1671 428 1747 dem
483 1690 638 1745 vellet
698 1690 943 1754 reddere,
997 1698 1052 1744 et
1083 1704 1300 1760 pmnam
1359 1689 1611 1744 redderet
1649 1689 1883 1744 debitam
1913 1671 1961 1731 Β
1980 1691 2265 1761 justitiam.
2291 1695 2430 1766 Ergo
2457 1694 2897 1763 iidejustiiicatus
2924 1709 3005 1754 est
3026 1671 3322 1756 Abraham.
3349 1704 3570 1760 Faciam

303 1784 700 1852 peccatoribus,
732 1782 955 1854 (Antbr.)
981 1782 1284 1836 absolutum
1311 1791 1393 1837 est
1414 1782 1463 1836 ei
1477 1782 1566 1851 qui
1584 1782 1683 1853 legi
1711 1781 1882 1838 facto-

303 1890 449 1937 rum,
491 1872 543 1926 id
584 1879 689 1936 est,
724 1871 889 1944 Moysi
929 1871 1200 1940 subjectus
1237 1879 1338 1936 est,
1366 1880 1457 1925 aut
1484 1871 1747 1935 naturali;
1778 1885 1884 1925 non

304 1965 557 2036 imputari
597 1964 847 2019 meritum
882 1964 948 2018 ad
979 1964 1305 2029 mercedem,
1343 1971 1403 2017 ut
1432 1962 1657 2033 gloriam
1687 1964 1885 2019 habeat

301 2058 444 2128 apud
477 2059 663 2112 Deum.
692 2056 913 2111 Debitor
937 2063 1023 2110 est
1045 2056 1189 2110 enim
1218 2054 1397 2110 facere
1418 2054 1611 2126 legem,
1637 2057 1763 2125 quia
1785 2070 1882 2110 ne-

300 2149 530 2203 cessitas
552 2148 801 2216 imposita
830 2155 914 2201 est
938 2161 1033 2216 per
1060 2146 1255 2217 legem,
1284 2154 1364 2211 ut,
1389 2145 1517 2200 velit
1541 2146 1696 2210 nolit,
1721 2145 1885 2201 faciat

299 2240 471 2311 legem
507 2256 575 2294 ne
601 2242 903 2302 damnetur,
929 2240 1070 2294 sicut
1095 2238 1201 2292 alio
1228 2237 1346 2294 loco
1374 2238 1503 2293 dicit
1527 2237 1698 2311 (Rom.
1725 2238 1880 2310 xm):

301 2331 408 2397 Qui
440 2341 611 2385 autem
641 2340 993 2396 contemnunt,
1036 2330 1132 2401 ipsi
1164 2331 1262 2384 sibi
1295 2330 1683 2384 damnationem
1707 2332 1885 2402 acqui-

300 2432 446 2484 runt,
482 2422 605 2491 quia
645 2421 715 2473 ad
741 2436 968 2488 prtrseus
1000 2421 1072 2473 rei
1107 2429 1262 2483 sunt;
1298 2422 1523 2474 credere
1569 2428 1745 2475 autem
1790 2430 1885 2476 aut

298 2524 410 2564 non
460 2510 681 2564 credere
721 2509 1008 2564 voluntatis
1052 2518 1167 2575 est;
1213 2524 1388 2579 neque
1426 2510 1569 2563 enim
1605 2510 1726 2579 quis
1763 2509 1881 2581 cogi

300 2606 480 2670 potest
499 2600 566 2653 ad
593 2600 645 2653 id
675 2600 818 2669 quod
849 2598 1189 2653 manifestum
1220 2615 1326 2652 non
1348 2606 1452 2663 est,
1480 2599 1573 2653 sed
1602 2598 1878 2665 invitatur,

297 2692 428 2762 quia
475 2707 579 2746 non
617 2676 996 2760 extorquetur,
1052 2693 1144 2745 sed
1198 2691 1470 2745 suadetur.
1517 2688 1880 2755 Quamobrem

297 2784 613 2838 adsentiens
628 2783 862 2853 praauiis
877 2781 1209 2837 adliciendos
1230 2791 1332 2847 est,
1348 2783 1489 2838 sicut
1500 2783 1769 2837 Abraham
1787 2784 1879 2854 qui

298 2872 574 2943 quodnon
611 2871 761 2939 vidit,
794 2872 1040 2927 credidit.
1088 2871 1306 2943 (0rig.)
1330 2872 1659 2927 Peromnem
1700 2873 1880 2942 itaque

298 2965 445 3018 hunc
459 2962 631 3018 locum
646 2962 931 3032 Apostolus
945 2963 1047 3016 hoc
1060 2962 1237 3015 videtu
1247 2978 1272 3014 r
1284 2963 1588 3026 ostendere,
1604 2962 1745 3030 quod
1761 2963 1878 3016 duce

297 3057 542 3125 quaedam
560 3055 664 3109 sint
674 3054 1112 3122 justiticationes,
1127 3069 1352 3123 quarum
1374 3068 1532 3107 unam
1546 3068 1613 3108 ex
1632 3056 1883 3124 cperibus

296 3147 563 3210 nominat,
593 3146 752 3199 aliam
793 3160 919 3200 vero
947 3160 1014 3200 ex
1060 3144 1184 3200 fide.
1228 3145 1292 3199 Et
1329 3144 1474 3199 illam
1520 3145 1737 3214 quidem
1766 3160 1886 3214 quae

298 3254 369 3294 ex
395 3238 646 3308 operibus
671 3248 769 3300 est,
804 3239 932 3293 dicit
958 3239 1160 3293 habere
1191 3239 1405 3307 quidem
1430 3238 1671 3308 gloriam,
1706 3239 1799 3294 sed
1829 3239 1882 3293 in

298 3331 618 3400 semetipsa,
652 3337 705 3383 et
730 3346 835 3393 non
866 3331 1004 3400 apud
1052 3330 1257 3396 Deum;
1292 3330 1436 3383 illam
1478 3344 1609 3384 vero
1649 3342 1769 3401 qua:
1817 3344 1884 3386 ex

300 3414 411 3469 iide
429 3424 532 3480 est,
559 3414 755 3469 habere
780 3415 1002 3485 gloriam
1022 3415 1159 3482 apud
1192 3414 1380 3479 Deum,
1399 3421 1456 3467 ut
1478 3423 1602 3483 pote
1627 3415 1768 3484 apud
1796 3415 1882 3469 iu-

300 3506 618 3576 spi‘eieutem
651 3508 812 3561 corda
833 3507 1131 3572 hominum,
1158 3515 1215 3561 et
1249 3506 1506 3561 scientem
1535 3507 1657 3578 quis
1682 3516 1766 3561 est
1790 3505 1883 3575 qui

300 3597 477 3652 credit
506 3599 557 3655 iu
583 3596 814 3660 occulto,
850 3604 904 3650 et
930 3597 1051 3666 quis
1086 3604 1172 3652 est
1201 3598 1292 3666 qui
1323 3612 1427 3652 non
1454 3596 1644 3652 credit.
1672 3596 1740 3650 Et
1766 3596 1886 3651 ideo

301 3690 503 3744 merito
526 3688 668 3758 apud
701 3686 873 3742 solum
906 3689 1073 3741 Deum
1128 3687 1293 3742 habet
1330 3686 1580 3759 gloriam,
1619 3687 1710 3757 qui
1754 3684 1885 3740 atie-

300 3787 447 3835 ctum
482 3780 601 3834 lidei
628 3780 745 3851 ejus
769 3779 1017 3849 pervidet
1037 3779 1089 3832 in
1110 3779 1337 3834 occultis
1364 3797 1377 3832 :
1403 3778 1495 3848 qui
1524 3793 1653 3832 vero
1680 3776 1882 3845 justiti-

300 3870 566 3925 catiouem
609 3886 675 3926 ex
727 3870 982 3939 operibus
1025 3877 1227 3939 sperat,
1264 3876 1438 3938 potest
1477 3868 1592 3922 ﬂeri
1631 3878 1690 3921 ut
1718 3882 1881 3936 opera

299 3957 420 4026 ejus
447 3961 607 4014 etiam
632 3962 699 4014 ab
721 3961 1029 4016 hominibus
1053 3960 1490 4029 comprobentur.
1520 3957 1704 4013 Palam
1720 3973 1877 4012 nam-

298 4064 407 4120 que
468 4060 583 4118 est,
637 4060 692 4105 et
748 4052 918 4106 videri
973 4052 1145 4106 oculis
1187 4059 1365 4122 potest
1418 4050 1678 4120 quidquid
1722 4064 1885 4120 opere

299 4140 649 4196 manifestum
676 4149 758 4196 est
784 4156 799 4195 :
831 4151 886 4196 et
918 4141 961 4196 si
998 4141 1132 4196 ﬁdes
1157 4141 1211 4195 in
1233 4140 1444 4197 occulto
1471 4148 1577 4207 est,
1597 4155 1761 4211 opera
1787 4156 1884 4194 au-

302 4240 409 4286 tem
438 4232 615 4300 palam
639 4242 782 4298 sunt,
816 4233 1101 4287 conveniet
1122 4232 1175 4287 in
1196 4232 1300 4287 hoc
1328 4232 1528 4288 assumi
1558 4231 1709 4297 illud,
1737 4232 1879 4300 quod

1988 1796 2117 1851 ergo
2157 1784 2415 1853 quidquid
2459 1784 2597 1849 volo,
2644 1787 2769 1855 quia
2816 1789 2917 1844 etsi
2962 1790 3098 1843 bona
3143 1806 3304 1860 opera
3332 1809 3437 1848 non
3470 1794 3571 1849 ha-

1986 1873 2177 1939 buero,
2203 1882 2259 1930 et
2283 1884 2487 1930 tantum
2519 1878 2799 1932 credidero
2824 1881 2877 1933 in
2908 1880 3097 1946 Deum,
3132 1882 3421 1951 deputatur
3440 1887 3571 1941 mihi

1989 1965 2052 2019 ad
2079 1965 2360 2035 jusiitiam.
2415 1967 2737 2038 Bespondeo
2768 1971 2834 2026 de
2867 1972 2984 2041 ipso
3010 1971 3282 2028 Abraham
3311 1976 3453 2045 quod
3496 1978 3574 2032 in-

1985 2057 2231 2112 venimus
2255 2057 2415 2113 etiam
2448 2058 2500 2113 in
2536 2059 2771 2130 Epistula
2803 2061 3024 2118 alterius
3061 2063 3303 2133 apostoli,
3344 2067 3435 2136 qui
3477 2082 3572 2123 vo—

1985 2148 2128 2205 lebat
2155 2151 2427 2222 corrigere
2450 2152 2696 2210 homines
2727 2156 2817 2225 qui
2838 2155 2979 2211 male
3001 2155 3379 2213 intellexerunt
3404 2159 3566 2216 istum

1984 2235 2319 2306 Apostolum,
2350 2238 2440 2306 qui
2469 2238 2720 2294 nolebant
2745 2240 2883 2296 bene
2908 2243 3141 2311 operari,
3167 2250 3223 2297 et
3243 2244 3308 2298 de
3327 2245 3441 2299 sola
3465 2244 3570 2301 fide

1984 2325 2422 2397 pmsumebant:
2477 2328 2647 2398 ipsius
2672 2328 2903 2386 Abrahae
2947 2346 3109 2401 opera
3153 2334 3569 2401 commendavit,

1984 2418 2137 2489 cujus
2175 2417 2374 2475 Paulus
2405 2418 2588 2474 iidem.
2626 2420 2766 2475 Dicit
2801 2430 2981 2477 autem
3011 2438 3146 2494 opus
3177 2425 3429 2482 omnibus
3474 2439 3573 2480 no-

1984 2513 2097 2562 tum
2126 2506 2394 2563 Abraham
2414 2505 2582 2566 illium
2596 2524 2750 2565 suum
2798 2509 3182 2568 immolandum
3212 2513 3322 2570 Deo
3347 2514 3564 2570 obtulit.

1983 2596 2041 2653 Si
2067 2605 2246 2652 autem
2273 2599 2376 2654 hoc
2403 2609 2598 2669 praeter
2624 2600 2783 2657 iidem
2820 2611 3020 2658 rectam
3049 2603 3252 2660 faceret
3270 2605 3567 2673 Abraham,

1983 2687 2114 2742 nihil
2164 2688 2237 2743 illi
2282 2691 2561 2759 prodesset
2606 2690 2979 2762 qualecunque
3030 2692 3159 2748 illud
3212 2709 3348 2766 opus
3405 2704 3568 2752 esset.

1984 2779 2213 2835 Rursum
2241 2782 2285 2835 si
2314 2781 2391 2837 sic
2413 2792 2621 2839 teneret
2644 2784 2804 2839 ﬁdem
2830 2786 3125 2851 Abraham,
3143 2796 3323 2843 utrum
3354 2789 3402 2844 ei
3428 2790 3571 2845 Deus

1980 2871 2269 2942 imperaret
2305 2872 2483 2928 offerri
2527 2874 2693 2930 tilium
2738 2877 3152 2945 immolandum,
3183 2880 3388 2936 diceret
3425 2881 3568 2951 apud

1984 2964 2326 3033 semetipsum
2347 2983 2359 3018 :
2385 2964 2499 3020 Non
2517 2965 2654 3021 facio
2674 2975 2729 3022 et
2750 2977 2927 3023 tamen
2944 2970 3129 3034 credo,
3151 2971 3275 3040 quia
3298 2984 3386 3025 me
3405 2972 3570 3026 etiam

1988 3063 2418 3110 contemnentem
2445 3056 2594 3127 jussa
2634 3057 2828 3113 liberat
2867 3058 3048 3113 Deus:
3102 3060 3232 3114 fides
3261 3061 3380 3116 sine
3406 3075 3572 3132 opere

1988 3154 2196 3200 mortua
2220 3154 2381 3209 esset,
2414 3156 2469 3201 et
2494 3156 2751 3218 tanquam
2786 3148 2941 3203 radix
2978 3149 3096 3205 sine
3146 3150 3323 3205 fructu
3369 3151 3572 3207 sterilis

1985 3242 2147 3303 atque
2181 3235 2330 3289 arida
2363 3244 2687 3292 remaneret.

2058 3324 2125 3378 Ei
2150 3340 2267 3379 vero
2303 3327 2393 3397 qui
2431 3342 2535 3380 non
2573 3337 2839 3397 operatur.
2885 3327 3121 3401 (Ambn)
3163 3328 3220 3385 Id
3246 3338 3348 3397 est,
3377 3330 3428 3386 ei
3475 3332 3569 3401 qui

1984 3413 2248 3469 obnoxius
2315 3422 2400 3471 est
2467 3416 2739 3485 peccatis;
2805 3416 2896 3487 qui
2948 3432 3056 3473 non
3105 3426 3359 3488 operatur
3418 3418 3564 3489 quod

1985 3507 2204 3560 mandat
2233 3506 2337 3561 lex.
2385 3506 2625 3561 Credenti
2652 3516 2825 3562 autem
2845 3509 2902 3561 in
2931 3524 3048 3562 eum
3078 3511 3165 3580 qui
3180 3510 3439 3579 justiﬁcat
3467 3512 3570 3566 im-

1980 3595 2148 3666 pium,
2170 3605 2442 3666 reputatur
2460 3596 2591 3665 ﬁdes
2620 3596 2689 3649 ad
2702 3597 2983 3665 justitiam.
3040 3597 3224 3669 (Aug)
3270 3598 3423 3665 Quod
3473 3615 3572 3655 au-

1985 3692 2090 3738 tem
2114 3684 2211 3748 ait,
2231 3685 2321 3755 qui
2336 3683 2596 3753 justiﬁeat
2621 3684 2858 3752 impium,
2882 3684 2985 3739 hoc
3008 3692 3113 3750 est,
3139 3687 3207 3740 de
3227 3687 3394 3756 impio
3419 3688 3568 3756 pium

1982 3776 2130 3841 facit,
2171 3784 2232 3830 ut
2266 3777 2333 3831 de
2366 3784 2563 3831 etetth
2591 3776 2644 3830 in
2675 3777 2786 3846 ipsa
2818 3777 3018 3847 pietate
3050 3788 3367 3846 permaneat
3405 3787 3571 3850 atque

1975 3866 2209 3938 iustitia,
2252 3867 2376 3937 quia
2413 3867 2535 3923 ideo
2566 3864 2891 3935 iustiﬁcatus
2916 3877 3020 3933 est,
3053 3876 3111 3923 ut
3131 3869 3309 3939 justus
3339 3870 3431 3936 sit,
3458 3886 3569 3927 non

1981 3969 2040 4015 ut
2067 3973 2295 4029 peccare
2320 3958 2422 4014 sibi
2457 3958 2622 4013 licere
2650 3959 2963 4014 arbitretur.
3018 3958 3248 4030 (Ambr.)
3278 3959 3392 4017 Hoc
3412 3961 3567 4029 dicit,

1979 4052 2105 4122 quia
2126 4052 2243 4106 sine
2263 4050 2516 4120 operibus
2549 4050 2682 4121 legis
2708 4050 2949 4105 credenti
2986 4050 3168 4120 impio,
3207 4051 3259 4106 id
3296 4059 3397 4117 est,
3438 4068 3570 4123 gen-

1982 4138 2081 4205 tili,
2113 4140 2167 4194 in
2195 4139 2468 4195 Christum
2508 4147 2789 4208 reputatur
2825 4138 2959 4195 ﬁdes
2995 4138 3111 4206 ejus
3159 4141 3227 4194 ad
3276 4138 3565 4209 justitiam,

1979 4232 2118 4287 sicut
2143 4231 2394 4287 Abrahae.
2426 4230 2705 4298 Quomodo
2751 4243 2880 4300 ergo
2915 4229 3085 4285 Judaei
3112 4245 3210 4301 per
3241 4246 3406 4301 opera
3432 4231 3569 4301 legis

299 4322 562 4390 scriptum
585 4333 667 4377 est
688 4342 700 4376 :
721 4322 851 4387 Qua:
866 4323 1068 4376 occulta
1096 4335 1213 4377 sunt
1245 4323 1469 4381 Domino
1482 4323 1593 4378 Deo
1613 4333 1738 4387 tuo;
1760 4338 1878 4393 quia
1904 4357 1956 4419 Β
1977 4322 2263 4392 iustiﬁcari
2297 4338 2355 4379 se
2386 4332 2578 4394 putant
2605 4322 2991 4393 justiilcatione
3025 4322 3282 4389 Abrahae,
3320 4338 3442 4379 cum
3483 4324 3567 4379 vi-

298 4424 474 4469 antem
494 4417 769 4485 manifesta
789 4426 908 4469 sunt
930 4416 1070 4469 vobis
1087 4424 1135 4470 et
1153 4415 1279 4485 [iliis
1296 4418 1474 4470 vestris
1496 4415 1673 4487 (Deut.
1702 4415 1874 4485 xxix).

300 4503 408 4557 Sed
437 4515 490 4558 et
521 4505 650 4560 illud
674 4507 759 4561 his
782 4515 966 4576 aptare
985 4507 1283 4571 conveniet,
1317 4508 1457 4577 quod
1487 4508 1747 4577 scriptum
1772 4516 1873 4573 est,

299 4595 425 4663 quia
438 4595 617 4663 justus
640 4595 821 4664 exﬁde
847 4614 961 4651 mea
989 4598 1106 4651 vivit
1140 4596 1369 4668 (Habac.
1391 4598 1475 4668 ιι).
1500 4596 1881 4667 Competentet‘

298 4688 466 4756 igitur
492 4687 723 4741 dicimus
740 4689 873 4757 quia
899 4688 955 4742 hi
994 4688 1085 4758 qui
1114 4689 1406 4742 secundum
1447 4689 1757 4743 interiorem
1789 4689 1880 4742 ho-

299 4776 504 4830 minem
565 4776 1021 4831 circumciduntur
1063 4787 1119 4832 et
1159 4778 1214 4832 in
1256 4778 1466 4833 occulto
1504 4777 1672 4834 Judaei
1718 4789 1875 4846 sunt,

297 4867 515 4935 spiritu,
540 4882 643 4920 non
668 4867 865 4933 littera,
894 4868 1083 4923 horum
1119 4868 1234 4922 laus
1274 4876 1329 4923 et
1371 4870 1541 4940 gloria
1590 4885 1697 4925 non
1739 4871 1879 4941 apud

297 4961 577 5024 homines,
610 4961 704 5015 sed
742 4961 880 5031 apud
917 4961 1082 5014 Deum
1109 4969 1209 5015 est.
1239 4959 1339 5028 Qui
1370 4976 1500 5016 vero
1530 4976 1594 5016 ex
1627 4962 1881 5033 oper.bus

290 5053 681 5125 justiticantur,
710 5055 963 5123 quoniam
984 5052 1157 5123 palam
1183 5062 1309 5108 sunt
1330 5062 1384 5108 et
1402 5053 1685 5108 manifesta
1715 5069 1878 5122 opera

297 5162 511 5211 eorum,
556 5156 735 5217 potest
771 5162 890 5202 esse
921 5145 1090 5217 gloria
1124 5160 1309 5200 eorum
1353 5145 1462 5200 vel
1486 5148 1625 5217 apud
1665 5155 1880 5201 sanctos

295 5238 816 5310 quosqueetjustos.
849 5239 939 5307 qui
970 5238 1243 5308 accipiunt
1278 5252 1308 5291 a
1330 5239 1441 5293 Deo
1467 5245 1787 5308 potestatem
1811 5239 1878 5293 de

297 5330 553 5388 humanis
571 5332 823 5403 operibus
839 5329 1138 5387 visibilihus
1146 5332 1418 5402 iudicandi
1429 5373 1444 5397 ,
1464 5332 1549 5387 vel
1560 5333 1723 5387 etiam
1737 5333 1878 5404 apud

297 5421 521 5494 angelos
569 5431 900 5493 exterasque
924 5422 1182 5477 virtutum
1218 5422 1517 5478 caelestium
1562 5432 1878 5494 potestates,

298 5516 396 5587 qui
438 5515 622 5585 utique
646 5514 948 5586 gloriﬁcare
980 5529 1101 5569 cum
1133 5512 1287 5583 cujus
1321 5529 1485 5585 opera
1526 5513 1880 5584 probaverint

298 5618 545 5675 possunt.
583 5606 801 5661 Occulta
831 5621 960 5661 vero
987 5606 1165 5661 cordis
1189 5605 1440 5676 quoniam
1470 5603 1638 5660 solius
1666 5604 1761 5661 Dei
1791 5614 1879 5661 est

1981 4413 2143 4468 deant
2166 4413 2439 4467 Abraham
2467 4427 2571 4468 non
2597 4427 2694 4482 per
2717 4428 2880 4482 opera
2907 4411 3061 4483 legis,
3093 4412 3188 4468 sed
3216 4413 3328 4469 sola
3351 4413 3457 4470 ﬁde
3478 4414 3568 4485 ju-

1981 4502 2307 4558 stillcatum?
2345 4501 2462 4559 Non
2504 4518 2634 4573 ergo
2675 4517 2811 4573 opus
2852 4509 2937 4557 est
2980 4503 3086 4567 lex,
3120 4504 3336 4573 quando
3368 4504 3568 4574 impius

1980 4612 2080 4666 per
2110 4595 2278 4651 solam
2306 4594 2466 4649 ﬁdem
2488 4592 2822 4663 justiﬁeatur
2853 4595 2991 4664 apud
3031 4595 3221 4649 Deum.
3264 4595 3564 4651 Secundum

1980 4688 2303 4759 propositum
2327 4686 2513 4757 gratia.-
2544 4685 2660 4740 Dei.
2708 4684 2800 4740 Sic
2821 4687 3098 4741 decretum
3126 4687 3258 4742 dicit
3284 4701 3314 4739 a
3350 4686 3483 4752 Deo,
3504 4694 3568 4741 ut

1982 4786 2230 4834 cessante
2264 4777 2404 4850 lege,
2433 4778 2546 4835 sola
2577 4777 2682 4832 fide
2707 4778 2937 4849 gratiam
2964 4778 3060 4832 Dei
3087 4784 3339 4847 posceret
3377 4777 3444 4831 ad
3477 4792 3565 4832 sa-

1980 4871 2167 4926 lutem.
2190 4868 2336 4926 Sicut
2361 4879 2407 4925 et
2428 4870 2598 4925 David
2619 4870 2767 4924 dicit.
2790 4869 2905 4925 Hoc
2922 4869 3096 4938 ipsum
3125 4868 3300 4922 munit
3318 4867 3567 4938 exemplo

1982 4962 2283 5034 Prophetas,
2306 4964 2679 5017 beatitudinem
2700 4963 2925 5016 hominis
2950 4962 3035 5016 cui
3063 4960 3205 5015 Deus
3230 4969 3441 5031 accepto
3461 4960 3566 5031 fert

1972 5056 2235 5127 justitiam
2253 5057 2364 5108 sine
2378 5054 2633 5124 operibus.
2656 5053 2853 5107 Beatos
2868 5052 2992 5106 dicit
3002 5091 3016 5116 ,
3030 5050 3098 5105 de
3116 5050 3312 5120 quibus
3322 5049 3428 5105 hoc
3438 5065 3564 5106 san~

1980 5149 2082 5213 xit,
2106 5158 2165 5202 ut
2186 5148 2302 5203 sine
2325 5146 2508 5201 labore
2531 5153 2586 5201 et
2610 5146 2787 5213 aliqua
2815 5143 3194 5198 observatione
3213 5141 3326 5196 sola
3349 5140 3453 5197 ﬁde
3467 5139 3560 5209 ju.

1978 5239 2283 5295 stilicentur
2311 5236 2451 5306 apud
2478 5235 2667 5289 Deum.
2700 5233 2981 5302 Temporis
3002 5246 3133 5302 ergo
3174 5230 3561 5286 beatitudinem

1977 5331 2255 5401 praedicat,
2277 5342 2384 5396 quo
2409 5334 2568 5381 natus
2595 5334 2679 5380 est
2707 5324 2975 5387 Christus,
2998 5323 3140 5377 sicut
3168 5321 3285 5391 ipse
3302 5319 3563 5376 Dominus

1979 5421 2057 5475 ait
2088 5439 2100 5475 :
2135 5417 2292 5473 Multi
2310 5416 2452 5487 justi
2488 5424 2535 5470 et
2563 5415 2826 5484 propheta
2842 5413 3114 5473 cupierunt
3144 5410 3317 5466 videre
3333 5425 3452 5480 que
3474 5410 3559 5464 ui-

1977 5511 2132 5576 detis,
2148 5519 2197 5564 et
2209 5508 2394 5563 audire
2416 5521 2537 5577 qua:
2561 5504 2777 5569 auditis,
2805 5511 2855 5557 et
2876 5518 2981 5558 non
3006 5502 3287 5557 audierunt
3305 5498 3459 5572 (Luc.
3475 5498 3557 5572 ι).

2050 5600 2200 5656 Beati
2229 5612 2449 5667 quorum
2486 5594 2714 5649 remissa:
2749 5601 2872 5648 sunt
2897 5593 3215 5662 iniquitates,
3247 5599 3295 5645 et
3332 5603 3560 5656 quorum
