3998 6202
507 278 638 334 1551

1136 273 1198 328 Β.
1236 271 1491 329 RABAM
1524 270 1741 328 MAURI
1779 270 2094 328 ARCHIEP.
2136 271 2742 330 MOGUNT.OPERUI
2778 271 2958 330 PARS
2985 274 3073 330 111.

3622 275 3762 335 1352

499 395 630 441 tecta
653 390 775 438 sunt
798 389 1015 452 peccata
1043 396 1062 435 .°
1086 380 1268 434 beatus
1303 379 1383 433 vir
1411 379 1495 432 cui
1537 395 1639 433 non
1677 379 1948 449 imputavit
1977 378 2088 433 Do-
2112 387 2160 446 Α
2187 388 2247 436 ιιι
2274 382 2489 451 penitus
2524 384 2776 440 ostendat
2807 400 2914 440 non
2964 401 3123 456 posse
3158 385 3444 455 iustiﬁcari
3489 388 3763 448 hemina;

499 476 671 529 minus
707 480 994 542 peccatum.
1039 468 1324 524 Manifeste
1362 469 1505 522 beati
1546 477 1691 534 sunt,
1729 469 1924 538 quibus
1966 469 2083 523 sine

501 564 686 618 labore
714 562 891 630 aliquo
933 559 1277 614 remittuntur
1315 557 1627 627 iniquitates
1660 566 1715 612 et
1751 566 1967 626 peccata
2005 568 2081 613 te-

502 662 720 722 gunlur,
751 650 890 705 nulla
919 650 987 703 ab
1008 649 1093 703 his
1116 647 1373 716 requisita
1408 647 1742 716 pmnilentiae
1766 660 1951 716 opera,
1976 647 2081 703 nisi

504 753 712 798 tantum
747 751 805 796 ut
837 742 1075 797 credant.
1110 740 1307 793 Beatus
1332 740 1497 794 etiam
1535 739 1622 794 hic
1645 740 1727 792 vir
1754 747 1836 794 est
1865 740 1949 793 cui
1978 755 2082 793 non

504 833 771 904 imputavit
828 833 1080 884 Dominus
1125 839 1412 899 peccatum.
1463 829 1760 885 Remittere
1798 840 1853 885 et
1898 840 2083 900 tegere

504 932 558 979 et
582 940 687 977 non
713 922 978 990 imputare
1000 935 1102 973 una
1133 920 1272 974 ratio
1296 929 1351 974 et
1378 936 1516 975 unus
1543 928 1628 974 est
1655 934 1877 985 sensus;
1901 919 2082 974 omnia

501 1017 644 1071 enim
689 1030 797 1069 uno
841 1014 997 1068 modo
1045 1013 1356 1067 obtinentur
1401 1019 1477 1065 et
1508 1012 1795 1066 donantur.
1858 1011 2083 1065 Videtur

502 1119 682 1165 autem
716 1108 1034 1177 quibusdam
1068 1105 1337 1174 tripartito
1367 1104 1503 1158 ratio
1538 1104 1589 1157 in
1622 1104 1706 1158 his
1739 1102 1919 1167 dictis,
1958 1103 2081 1172 quia

500 1198 730 1253 diversis
750 1198 1009 1265 propheta
1041 1195 1218 1248 verbis
1253 1209 1384 1248 usus
1424 1201 1525 1258 est,
1567 1201 1623 1247 et
1654 1194 1779 1262 quia
1817 1207 1847 1246 a
1889 1191 2080 1262 plurali

500 1302 727 1341 numero
759 1287 823 1338 ad
866 1284 1190 1354 singularem
1230 1283 1533 1349 descendit;
1576 1299 1696 1339 cum
1743 1283 1888 1337 enim
1917 1283 2082 1337 verba

502 1382 594 1436 Dei
628 1383 681 1433 in
710 1381 1008 1433 ubertatem
1032 1376 1239 1446 gratiae,
1262 1377 1385 1445 quia
1402 1376 1607 1444 peccati
1629 1376 1845 1430 nomina
1870 1375 2082 1429 diversa

502 1479 649 1534 sunt,
679 1485 776 1539 per
806 1468 1120 1522 delicmrum
1143 1465 1398 1521 vocabula
1423 1480 1743 1520 enumerare
1766 1464 1900 1530 vult,
1923 1463 2084 1519 latius

502 1562 711 1616 locutus
741 1570 855 1625 est;
892 1558 1052 1612 unius
1088 1566 1267 1611 tamen
1292 1556 1704 1627 signiﬁcationis
1736 1564 1863 1610 sunt
1894 1556 2079 1622 verba,

499 1652 625 1720 quia
654 1658 709 1702 et
741 1664 864 1703 cum
889 1648 1039 1718 tegit,
1072 1646 1318 1711 remittit,
1347 1654 1546 1700 etcum
1574 1646 1819 1708 remittit,
1852 1660 1957 1700 non
1987 1646 2085 1700 im-

2183 486 2281 541 per
2305 473 2477 545 legem
2515 476 2656 544 apud
2694 476 2881 543 Deum,
2917 492 3095 548 neque
3125 480 3541 549 promissionem
3567 485 3763 552 perle-

2183 578 2305 634 gem
2334 564 2450 619 ﬁeri
2479 567 2738 634 potuisse.
2769 567 2901 632 Lex,
2942 568 3041 634 ait,
3086 570 3223 625 iram
3252 581 3537 640 operatur,
3564 572 3637 627 ad
3667 575 3764 629 hoc

2182 655 2329 710 enim
2372 656 2497 711 data
2540 665 2627 711 est
2673 666 2732 712 ut
2770 673 2895 713 reos
2933 657 3136 715 faceret
3164 659 3541 731 delinquwtes
3577 678 3594 715 :
3635 662 3766 717 ﬁdes

2183 754 2363 800 autem
2403 748 2601 803 donum
2659 756 2744 803 est
2788 749 3171 806 misericordia
3213 751 3331 816 Dei,
3368 760 3429 807 ut
3458 768 3560 823 per
3596 753 3766 824 legem

2182 836 2261 889 rei
2302 835 2452 900 facti,
2494 839 2706 893 veniam
2751 850 3173 909 consequantur.
3224 841 3431 898 Idcirco
3468 845 3608 900 ﬁdes
3641 861 3768 917 gau-

2182 926 2328 981 dium
2363 939 2631 997 operatur,
2669 945 2777 984 non
2810 940 3000 987 contra
3031 930 3199 1002 legem
3236 931 3500 1002 loquitur,
3540 936 3639 989 sed
3676 951 3769 990 an-

2183 1019 2387 1086 teponit
2416 1018 2490 1071 illi
2522 1018 2702 1085 ﬁdem,
2734 1020 2861 1089 quia
2889 1020 2980 1091 qui
3010 1036 3107 1089 per
3136 1021 3308 1090 legem
3336 1022 3473 1076 salvi
3510 1038 3637 1078 esse
3664 1040 3766 1079 non

2180 1117 2451 1176 poterant,
2492 1109 2664 1179 gratia
2704 1110 2798 1164 Dei
2820 1110 3094 1166 salvantur
3123 1127 3220 1182 per
3247 1112 3429 1168 ﬁdem.
3485 1112 3606 1169 Non
3646 1130 3769 1187 ergo

2181 1195 2267 1251 lex
2296 1198 2376 1252 ira
2406 1208 2512 1265 est,
2535 1200 2629 1255 sed
2668 1200 2804 1255 iram
2827 1211 3087 1271 operatur
3112 1205 3381 1273 peccanti,
3418 1205 3472 1261 id
3510 1215 3621 1269 est,
3653 1222 3767 1276 pte-

2180 1302 2332 1354 nam,
2368 1289 2494 1343 dum
2528 1305 2633 1344 non
2672 1291 2919 1362 ignoscit,
2948 1293 3040 1347 sed
3081 1294 3332 1349 vindicat.
3382 1294 3570 1366 (Λεία.)
3606 1296 3765 1351 Pmsa

2182 1377 2326 1430 enim
2364 1391 2462 1447 per
2509 1378 2644 1433 iram
2696 1390 3004 1450 generatur.
3042 1381 3125 1437 Ira
3176 1394 3357 1439 autem
3406 1386 3661 1441 nascitur
3705 1404 3766 1441 ex

2182 1476 2436 1537 peccato;
2464 1483 2528 1523 ac
2551 1485 2648 1539 per
2675 1471 2779 1526 hoc
2805 1471 3034 1542 relinqui
3066 1474 3179 1527 vult
3197 1473 3387 1545 legem,
3422 1487 3487 1530 ut
3514 1477 3584 1530 ad
3615 1476 3767 1534 ﬁdem

2183 1555 2677 1627 conlugiatur,qu:e
2705 1559 2903 1615 delicta
2933 1561 3242 1632 agnoscitur
3261 1562 3496 1618 solvere.
3518 1563 3769 1619 Destrue-

2185 1654 2333 1701 retur
2350 1647 2657 1716 promissio,
2683 1648 2727 1703 si
2751 1665 2817 1704 ex
2850 1648 2965 1721 lege
2990 1651 3273 1720 quisquam
3298 1649 3486 1719 justus
3513 1664 3690 1719 esset;
3724 1655 3767 1710 si

500 1749 689 1811 putat;
736 1738 801 1792 ad
829 1740 1038 1794 laudem
1076 1740 1266 1810 gratiae
1300 1739 1392 1793 Dei
1433 1738 1694 1808 prolixius
1734 1738 1993 1807 loquitur,
2027 1744 2086 1791 ut
2118 1731 2160 1789 Β
2184 1737 2328 1792 enim
2362 1738 2455 1808 qui
2488 1753 2555 1794 ex
2596 1732 2716 1809 lege
2754 1740 2994 1796 hatredes
3026 1750 3175 1806 sunt,
3201 1742 3481 1798 exinanita
3505 1754 3591 1801 est
3618 1746 3765 1812 ﬁdes,

500 1832 791 1902 ampliﬁcet
812 1832 1065 1902 gratiam.
1120 1830 1255 1885 Tres
1278 1830 1423 1885 enim
1460 1830 1660 1901 gradus
1686 1829 1834 1895 fecit,
1868 1837 2089 1899 propter

500 1924 815 1980 delictorum
832 1923 1151 1976 varietatem
1169 1940 1181 1975 :
1200 1937 1429 1991 quorum
1452 1923 1660 1991 primus
1677 1922 1876 1993 gradus
1890 1921 2089 1991 iniqui-

501 2024 583 2069 tas
605 2023 685 2069 est
705 2013 786 2066 vel
818 2013 1099 2083 impietas;
1125 2013 1248 2066 dum
1275 2025 1379 2064 non
1402 2012 1711 2082 agnoscitur
1734 2019 1964 2067 creator.
1992 2010 2090 2065 Se-

498 2104 706 2159 cundus
724 2102 1042 2172 in-gravium
1062 2109 1408 2172 peccatorum
1433 2100 1704 2171 operibus.
1724 2100 1940 2156 Tertius
1960 2115 2088 2155 vero

497 2195 695 2254 levium
725 2211 738 2247 :
773 2195 871 2248 bos
909 2202 1086 2247 tamen
1125 2206 1316 2248 omnes
1351 2193 1405 2246 iu
1436 2193 1755 2261 baptismate
1788 2191 2084 2247 obliterari.

498 2285 693 2340 Tribus
721 2284 807 2340 bis
835 2284 1089 2355 gradibus
1110 2284 1276 2338 totius
1294 2282 1500 2353 peccati
1527 2297 1722 2354 corpus
1742 2281 2083 2353 signiﬁcavit.

496 2375 955 2443 Quemadmodum
982 2383 1160 2429 autem
1191 2374 1258 2428 ad
1278 2374 1653 2445 paenitentiam
1678 2388 1963 2442 personam
1990 2386 2087 2443 po-

497 2474 602 2522 test
615 2467 901 2535 pertinere,
926 2481 1048 2520 cum
1069 2465 1217 2528 dicit,
1241 2464 1409 2530 Beati,
1431 2479 1655 2535 quorum
1675 2472 1809 2517 tecta
1832 2471 1954 2517 sunt
1973 2479 2088 2533 pec-

493 2568 645 2623 cata;
675 2573 798 2613 cum
832 2565 1044 2613 constet
1078 2556 1406 2626 pmnitentes
1436 2555 1620 2610 labore
1655 2563 1713 2611 et
1749 2554 1954 2625 gemitu
1999 2568 2085 2609 re-

493 2651 807 2706 missionem
824 2658 1166 2720 peccatorum
1193 2648 1507 2720 acquirere?
1522 2655 1619 2702 aut
1644 2647 1914 2717 quomodo
1940 2661 2084 2701 mar-

494 2744 635 2815 tyrio
660 2743 929 2813 congruit,
953 2742 1096 2811 quod
1117 2741 1249 2796 dicit
1280 2759 1293 2795 :
1321 2740 1517 2795 Beatus
1536 2740 1632 2801 vir.
1661 2741 1747 2794 cui
1778 2755 1887 2793 non
1911 2740 2082 2809 impu-

491 2837 618 2897 tavit
652 2835 907 2889 Dominus
946 2843 1235 2905 peccatum,
1274 2848 1399 2888 cum
1426 2832 1662 2888 sciamus
1691 2832 1919 2901 gloriam
1937 2847 2080 2887 mar-

491 2927 615 2997 tyrii
656 2926 997 2997 passionibus
1024 2934 1080 2980 et
1119 2925 1390 2994 pressuris
1421 2924 1665 2994 acquiri?
1689 2923 1956 2994 Propheta
1985 2939 2082 2978 au—

489 3026 598 3077 tem
624 3027 833 3089 tempus
878 3017 1005 3072 felix
1050 3017 1354 3087 praevidens
1395 3016 1450 3071 in
1493 3016 1792 3073 Salvatoris
1823 3015 2073 3079 adventu,

487 3106 677 3162 beatos
700 3115 992 3176 nuncupat,
1015 3107 1211 3177 quibus
1235 3106 1355 3162 sine
1379 3105 1564 3161 labore
1602 3105 1686 3161 vel
1710 3106 1891 3175 aliquo
1911 3120 2074 3175 opere

486 3211 585 3266 per
608 3197 882 3252 lavacrum
912 3198 1290 3263 remittuntur;
1316 3205 1373 3253 et
1395 3206 1668 3269 teguntur,
1695 3208 1750 3253 et
1770 3214 1875 3253 non
1901 3199 2074 3268 impu-

487 3296 675 3343 tantur
710 3299 950 3359 peccata.
982 3290 1270 3359 Apostolus
1313 3298 1490 3345 tamen
1520 3299 1740 3360 propter
1779 3290 2071 3359 plenitudi-

487 3393 611 3432 nem
634 3387 934 3448 temporum
956 3418 971 3443 ,
1016 3386 1071 3433 et
1107 3379 1230 3447 quia
1257 3378 1377 3447 plus
1402 3380 1590 3450 gratia:
1615 3380 1670 3433 in
1708 3380 1967 3448 apostolis
1990 3389 2075 3436 est

485 3482 647 3537 quam
688 3464 789 3521 fuit
835 3467 888 3520 in
933 3467 1239 3537 prophetis,
1278 3468 1484 3538 majora
1505 3477 1839 3538 protestatur
1860 3485 1980 3540 qum
2002 3485 2072 3527 ex

484 3559 629 3614 dono
647 3558 985 3626 baptismatis
1031 3559 1431 3629 consequimur,
1473 3560 1600 3629 quia
1634 3575 1741 3615 non
1780 3560 1952 3617 solum
1986 3578 2073 3621 re-

484 3650 795 3706 missionem
833 3659 1175 3719 peccatorum
1205 3650 1452 3721 accipere
1485 3666 1604 3716 nos,
1651 3651 1745 3709 sed
1785 3659 1843 3708 et
1869 3649 2072 3719 justiﬁ-

483 3739 693 3805 cari,et
707 3738 844 3793 ﬁlios
863 3739 955 3794 Dei
974 3738 1090 3793 ﬁeri
1112 3740 1413 3808 proﬁtetur,
1433 3747 1496 3793 ut
1515 3739 1790 3795 beatitudo
1811 3741 1927 3796 hac
1946 3755 2070 3811 per-

483 3830 680 3887 fectam
718 3831 916 3886 habeat
943 3839 995 3886 et
1035 3831 1380 3887 securitatem
1409 3840 1464 3885 et
1491 3830 1735 3902 gloriam.
1764 3830 1919 3886 Beati
1943 3848 2070 3903 quo-

483 3938 598 3976 rum
627 3923 852 3976 remissae
888 3931 1009 3976 sunt
1042 3922 1362 3992 iniquitates,
1405 3932 1455 3977 et
1495 3939 1718 3993 quorum
1778 3932 1914 3978 tecta
1944 3933 2067 3981 sunt

2189 1837 2446 1882 evacuata
2467 1837 2547 1883 est
2577 1830 2883 1899 promissio.
2923 1829 3034 1885 Lex
3069 1832 3210 1887 enim
3242 1834 3379 1888 iram
3415 1846 3679 1903 operatur
3704 1837 3769 1891 ad

2190 1917 2292 1973 hoc
2326 1920 2509 1988 utique
2531 1921 2597 1973 ad
2633 1920 2767 1975 iram
2794 1921 3125 1976 evadendam
3167 1922 3488 1995 Dei‘gratia
3532 1928 3770 1995 requira-

2191 2014 2297 2061 tur.
2323 2008 2433 2063 Cur
2456 2024 2563 2064 non
2590 2010 2893 2077 attenditis,
2922 2026 3071 2082 rogo,
3101 2012 3219 2067 ideo
3248 1988 3355 2067 rion
3377 2030 3503 2070 esse

2188 2114 2255 2153 ex
2296 2098 2434 2171 lege,
2475 2101 2602 2174 quia
2636 2101 2724 2157 lex
2766 2101 2905 2158 iram
2942 2105 3231 2174 operatur?
3257 2106 3349 2161 ubi
3379 2107 3530 2161 enim
3558 2123 3668 2162 non
3694 2118 3773 2163 est

2188 2188 2294 2257 lex,
2322 2206 2423 2247 nec
2459 2194 2873 2263 praevaricatio:
2903 2194 3023 2250 ideo
3060 2204 3239 2251 autem
3279 2212 3348 2251 ex
3390 2198 3769 2268 promissione.

2187 2282 2309 2352 quia
2334 2282 2478 2339 Deus
2502 2285 2648 2354 quod
2667 2285 2917 2355 promisit
2938 2285 3052 2354 ipse
3073 2285 3219 2350 facit,
3259 2288 3350 2357 qui
3391 2288 3542 2343 enim
3573 2305 3773 2359 praece—

2185 2380 2276 2441 pta
2303 2371 2438 2443 legis
2466 2372 2690 2439 implere
2738 2389 2798 2429 se
2849 2382 3022 2444 putat,
3072 2390 3169 2444 per
3221 2374 3509 2431 arbitrium
3561 2380 3774 2448 proprie

2186 2461 2479 2518 voluntatis
2524 2463 2640 2517 sine
2674 2463 2865 2533 spiritu
2901 2464 3109 2535 gratiae,
3155 2479 3307 2523 suam
3345 2465 3625 2536 justitiam
3669 2469 3776 2524 vult

2186 2555 2529 2620 constituere,
2554 2570 2664 2612 non
2684 2553 2950 2624 justitiam
2972 2555 3068 2610 Dei
3089 2570 3323 2612 sumere.
3347 2555 3552 2627 (Oi-ig.)
3577 2559 3773 2615 Verum

2184 2647 2311 2702 utin
2342 2647 2710 2717 superioribus
2735 2662 2877 2719 saepe
2897 2646 3009 2718 jam
3036 2646 3288 2714 diximus,
3316 2649 3565 2705 diversas
3592 2650 3653 2705 in
3676 2652 3775 2707 hac

2182 2739 2421 2810 Epistola
2444 2740 2590 2812 leges
2613 2739 2900 2811 Apostolus
2919 2739 3230 2806 introducit,
3266 2747 3322 2794 et
3354 2757 3505 2797 nunc
3537 2742 3775 2814 loquitur

2182 2832 2249 2888 de
2273 2830 2416 2905 Lege
2435 2832 2622 2904 Moysi,
2662 2847 2801 2889 nunc
2832 2831 3003 2903 legem
3032 2831 3157 2887 ﬁdei
3181 2832 3446 2899 nominat,
3476 2834 3626 2890 sicut
3652 2852 3772 2892 cum

2181 2923 2311 2979 dicit
2339 2943 2352 2978 :
2383 2922 2483 2978 Ubi
2515 2933 2591 2978 est
2624 2939 2745 2993 ergo
2788 2922 3032 2994 gloriatio
3070 2923 3211 2977 tua?
3256 2922 3498 2979 Exclusit
3529 2935 3632 2981 est.
3672 2926 3771 2983 Per

2179 3029 2339 3084 quam
2363 3013 2524 3083 legem
2540 3013 2566 3067 .9
2599 3010 2869 3083 Operam?
2895 3011 3037 3079 Non,
3062 3013 3154 3067 sed
3172 3030 3268 3084 per
3290 3012 3457 3085 legem
3478 3016 3611 3087 ﬁdei
3626 3037 3645 3084 ς
3674 3020 3772 3074 du-

2101 3086 2145 3149 C
2178 3102 2253 3157 cit
2296 3110 2557 3172 praeterea
2600 3109 2654 3156 et
2695 3101 2831 3156 alias
2874 3100 3020 3172 leges
3055 3102 3122 3158 de
3166 3103 3362 3172 quibus
3399 3106 3581 3162 dicit:
3642 3108 3776 3166 Coa-

2177 3189 2404 3249 delector
2422 3192 2558 3245 enim
2593 3189 2692 3260 legi
2730 3189 2825 3245 Dei
2855 3192 3134 3246 secundum
3158 3193 3457 3249 interiorem
3486 3197 3767 3265 hominem,

2176 3284 2321 3338 video
2348 3293 2521 3339 autem
2551 3282 2712 3336 aliam
2741 3281 2902 3353 legem
2929 3284 2985 3338 in
3022 3285 3264 3339 membris
3302 3289 3432 3342 meis
3469 3305 3771 3361 repugnau-

2175 3382 2276 3428 tem
2305 3372 2405 3444 legi
2430 3374 2613 3427 mentis
2642 3388 2790 3438 mete,
2830 3381 2878 3427 et
2914 3375 3173 3443 captivum
3200 3391 3281 3429 me
3303 3376 3585 3434 ducentem
3616 3382 3675 3435 in
3696 3382 3769 3436 le-

2173 3480 2234 3533 ge
2258 3463 2455 3534 peccati
2477 3463 2655 3535 (Rom.
2688 3464 2818 3536 vn);
2843 3473 2900 3520 et
2934 3465 3011 3520 ita
3032 3467 3097 3521 de
3117 3482 3219 3521 una
3232 3456 3321 3523 'ad
3345 3467 3581 3525 alteram
3602 3472 3771 3544 legem

2174 3554 2397 3618 transit,
2425 3563 2484 3610 ut
2508 3554 2613 3611 nisi
2629 3570 2820 3611 sensus
2848 3556 3073 3626 vigilans
3097 3567 3153 3613 et
3175 3557 3415 3617 intentus
3443 3563 3545 3631 sit,
3574 3565 3770 3636 depre-

2171 3646 2407 3707 hendere
2435 3661 2558 3702 eum
2583 3656 2639 3703 et
2661 3649 2811 3717 sequi
2843 3649 2938 3707 vix
2958 3652 3146 3720 possit.
3197 3651 3501 3708 Videndum
3530 3665 3772 3729 estergo

2170 3750 2240 3791 ne
2266 3734 2405 3791 forte
2434 3736 2527 3792 illa
2554 3736 2642 3792 lex
2679 3753 2800 3808 quae
2834 3749 2921 3795 est
2952 3740 3006 3795 in
3046 3742 3302 3797 membris
3329 3745 3576 3811 nostris,
3600 3756 3660 3802 et
3683 3762 3771 3802 ca-

2169 3826 2345 3897 ptivos
2372 3840 2469 3882 nos
2496 3826 2645 3883 ducit
2685 3830 2741 3882 in
2767 3826 2882 3899 lege
2926 3830 3157 3899 peccati,
3192 3830 3309 3899 ipsa
3342 3832 3419 3887 sit
3462 3831 3557 3889 lex
3601 3850 3769 3905 quam

2166 3915 2455 3987 Apostolus
2493 3917 2631 3972 iram
2674 3917 2802 3974 dicit
2852 3920 3097 3989 operari;
3146 3929 3404 3991 operatur
3448 3924 3602 3979 enim
3650 3927 3770 3989 sine

2166 4008 2329 4063 dubio
2362 4008 2498 4063 iram
2539 4009 2610 4073 ei,
2644 4024 2803 4080 quem
2828 4012 3101 4080 captivum
3136 4012 3349 4068 duxerit
3392 4015 3447 4070 in
3484 4016 3609 4089 lege
3642 4034 3769 4090 pec-

480 4103 861 4169 dilferentiam,
893 4104 1036 4173 quod
1077 4106 1332 4174 iniquitas
1368 4107 1422 4161 in
1467 4108 1553 4163 bis
1585 4108 1785 4163 dicitur
1823 4123 1944 4177 qua:
1980 4115 2067 4162 est
2165 4098 2290 4153 cati.
2325 4098 2426 4154 Ubi
2451 4108 2631 4155 autem
2662 4099 2747 4155 lex
2778 4100 2880 4155 ista
2911 4117 3018 4156 non
3044 4101 3227 4169 fuerit,
3257 4113 3467 4161 certum
3502 4117 3592 4164 est
3616 4111 3768 4180 quod

482 4194 585 4249 ista
607 4192 818 4262 iustitia
862 4194 1007 4257 ﬁdei,
1050 4195 1121 4251 de
1151 4211 1257 4264 qua
1293 4196 1349 4252 in
1387 4198 1756 4266 superioribus
1784 4198 2061 4264 scribitur,
2165 4184 2236 4251 ibi
2253 4205 2353 4247 nec
2369 4190 2744 4259 pratvariCalio
2758 4191 2880 4245 erit.
2897 4190 2997 4260 Qui
3016 4208 3142 4248 vero
3158 4195 3260 4250 sub
3280 4195 3384 4251 ista
3405 4194 3526 4269 lege
3540 4199 3765 4267 fuerint,

481 4291 540 4339 ut
568 4299 709 4353 saepe
726 4285 839 4355 jam
870 4285 1126 4350 diximus,
1152 4287 1281 4356 quia
1316 4288 1535 4341 credidit
1561 4288 1827 4343 Abraham
1852 4288 1984 4354 Deo,
2011 4298 2060 4344 et
2163 4289 2555 4351 consequenter
2589 4296 2688 4337 nec
2726 4282 2966 4339 hwredes
3004 4296 3182 4339 erum.
3222 4286 3374 4353 Quod
3399 4292 3503 4345 etsi
3540 4291 3611 4346 de
3645 4293 3766 4364 lege

479 4385 776 4446 reputatum
800 4386 877 4430 est
917 4376 995 4430 illi
1032 4377 1100 4431 ad
1136 4377 1424 4448 justitiam,
1469 4393 1572 4434 nec
1616 4379 1886 4435 immerito
1927 4380 2061 4450 legis
2092 4436 2135 4451 ﬁ
2164 4373 2330 4444 Moysi
2370 4373 2781 4429 commemorari
2826 4373 2948 4444 quis
2977 4375 3128 4440 Velit.
3164 4384 3221 4431 et
3252 4376 3439 4436 dicere
3462 4383 3597 4451 quia
3623 4383 3763 4439 iram

476 4436 818 4522 observantia
856 4480 1071 4535 poenam
1113 4436 1482 4523 tantummodo
1519 4466 1726 4538 eﬁ‘ugit,
1767 4468 1889 4526 ﬁdei
1933 4436 2063 4526 vero
2089 4436 2139 4495 Β
2164 4436 2439 4535 Ope-ratur.
2467 4480 2566 4535 pro
2591 4478 2655 4520 θο
2688 4436 2934 4520 {ortas-Sis
2960 4467 3076 4522 $010
3104 4436 3207 4524 lloc
3231 4470 3436 4538 poterit
3459 4436 3759 4540 adﬁrma;

479 4559 733 4613 meritum
777 4574 927 4629 spem
972 4559 1405 4629 repromissionis
1432 4569 1728 4629 exspectat,
1776 4570 1831 4616 et
1863 4577 2066 4631 praece-
2164 4556 2307 4629 quod
2318 4564 2630 4626 peccantem
2646 4555 3401 4628 inscautlapidaricontinuo,
3416 4568 3757 4621 autcremari

478 4659 629 4720 ptum
674 4650 847 4704 servis
890 4650 1135 4718 ponitur,
1181 4649 1316 4705 ﬁdes
1350 4651 1609 4719 quaeritur
1643 4651 1711 4707 ab
1752 4652 1962 4707 amicis.
2001 4652 2065 4709 Si
2165 4646 2378 4718 ignibus
2405 4646 2579 4718 jubet,
2607 4647 2692 4702 vel
2720 4648 2764 4703 si
2789 4648 2932 4719 quod
2955 4649 3100 4704 aliud
3126 4651 3481 4721 peccantibus
3501 4655 3755 4712 decemi-

475 4743 613 4798 euim
633 4742 722 4813 qui
742 4758 808 4796 ea;
834 4741 963 4811 lege,
989 4741 1045 4816 lii
1071 4750 1197 4795 sunt
1220 4742 1472 4797 heredes.
1501 4740 1805 4814 (Ambr.)ld
1826 4751 1930 4809 est,
1959 4744 2003 4799 si
2029 4744 2064 4798 ii
2169 4748 2257 4797 tur
2277 4739 2331 4794 in
2352 4739 2468 4811 lege
2488 4739 2828 4810 supplicium,
2857 4748 2916 4795 ut
2935 4756 3093 4810 pmna
3118 4743 3230 4814 ipsa
3253 4759 3375 4814 qua:
3396 4749 3650 4816 peccanti
3680 4750 3758 4804 in-

476 4835 568 4904 qui
592 4850 656 4889 ex
709 4833 827 4903 lege
854 4832 941 4888 vel
968 4814 1069 4886 sub
1093 4831 1206 4901 lege
1226 4841 1351 4887 sunt
1367 4872 1382 4898 ,
1414 4832 1656 4888 haeredes
1681 4847 1747 4887 ex
1772 4833 1891 4904 lege
1918 4841 2063 4899 sunt,
2168 4829 2341 4905 fertur
2363 4846 2429 4884 ex
2450 4828 2590 4898 lege,
2615 4832 2695 4885 ira
2724 4845 2867 4886 nunc
2893 4830 2962 4885 ab
2980 4830 3242 4901 Apostolo
3260 4814 3544 4905 nominata
3569 4840 3753 4893 videa-

476 4925 749 4979 Evacuata
794 4932 868 4977 est
913 4921 1080 4991 ﬁdes,
1127 4920 1322 4977 abolita
1364 4931 1440 4976 est
1486 4921 1783 4991 promissio.
1832 4920 2059 4977 Manifc-
2166 4931 2276 4978 tur.
2312 4921 2572 4979 Similiter
2605 4930 2660 4978 et
2695 4924 2761 4979 de
2789 4924 3265 4993 praevaricatione,
3304 4935 3366 4982 ut
3395 4943 3500 4983 non
3535 4943 3753 4987 onlnem

474 5028 618 5074 stum
656 5027 741 5072 est
784 5017 1036 5085 quoniam
1075 5013 1120 5068 si
1154 5027 1222 5069 ex
1256 5011 1372 5082 lege
1407 5012 1726 5078 haereditas,
1773 5013 2061 5082 promissio
2162 5011 2657 5085 praevaricationem
2674 5013 2997 5085 generaliter
3012 5015 3067 5069 in
3084 5014 3185 5071 hoc
3205 5015 3321 5073 loco
3336 5023 3755 5093 astruatappel-

474 5123 597 5178 quae
639 5122 705 5162 ex
753 5107 856 5162 ﬁde
897 5105 1037 5160 facta
1079 5111 1163 5159 est
1198 5101 1471 5158 Abraham
1500 5102 1552 5157 in
1583 5102 1857 5157 interitum
1888 5102 2054 5157 venit.
2161 5102 2345 5166 latam,
2372 5104 2468 5158 sed
2492 5103 2609 5172 ejus
2627 5104 2717 5174 qui
2746 5104 2800 5159 in
2828 5103 2943 5174 lege
2961 5104 3168 5175 positus
3188 5107 3509 5178 deliquerit,
3534 5120 3596 5167 ut
3621 5129 3749 5186 gra-

475 5198 582 5255 Scd
608 5215 713 5255 non
740 5207 824 5253 est
846 5212 943 5268 per
966 5197 1138 5266 legem
1160 5194 1302 5251 facta
1326 5194 1634 5264 promissio,
1667 5194 1763 5249 sed
1790 5208 1883 5263 per
1896 5194 2058 5264 justi-
2159 5194 2280 5250 vius
2300 5194 2556 5251 delictum
2577 5196 2822 5252 videatur
2845 5196 2985 5266 ejus,
3003 5198 3096 5266 qui
3118 5213 3218 5268 per
3246 5198 3418 5269 legem
3444 5203 3751 5273 prohibitus

475 5295 605 5348 tiam
635 5292 759 5347 ﬁdei
781 5290 1097 5356 haereditas;
1134 5289 1371 5346 ostendit
1414 5287 1562 5344 enim
1605 5287 1892 5356 Apostolus
1923 5286 2053 5358 quid
2156 5294 2376 5356 peccat,
2406 5301 2566 5358 quam
2595 5287 2711 5358 ejus
2738 5288 2827 5357 qui
2852 5288 2999 5343 nulla
3026 5286 3191 5345 fuerit
3208 5289 3327 5361 lege
3357 5298 3745 5351 commonitus.

474 5385 547 5439 ait
570 5383 694 5438 mali
722 5382 1089 5439 hereditatem
1116 5394 1338 5450 sperare
1363 5397 1426 5436 ex
1451 5380 1590 5450 lege.
2227 5374 2327 5432 Ubi
2372 5379 2511 5431 enim
2553 5394 2658 5432 non
2690 5388 2766 5434 est
2805 5378 2910 5444 lex,
2950 5396 3041 5434 nec
3070 5383 3458 5449 praearicotio.
3508 5385 3747 5456 (Aulim)

492 5510 498 5517 .
544 5472 655 5528 La:
696 5472 835 5527 enim
882 5472 1019 5525 iram
1061 5480 1326 5541 operatur.
1372 5470 1526 5537 Quod
1575 5478 1759 5526 autem
1807 5469 1917 5535 ait,
1969 5470 2053 5525 lea;
2153 5468 2268 5527 Hoc
2303 5470 2435 5526 dicit
2478 5471 2603 5540 quia
2645 5471 2869 5527 sublatis
2896 5473 3003 5528 rcis
3034 5473 3103 5531 de
3127 5483 3395 5544 putestate
3420 5477 3581 5548 legis,
3614 5478 3747 5534 data

474 5562 611 5615 enim
640 5563 1085 5632 iram.operatur,
1130 5562 1422 5618 vindictam
1461 5561 1731 5632 s’gniﬁcat
1761 5580 1773 5615 :
1806 5562 1877 5617 ad
1902 5561 2050 5617 illum
2152 5563 2327 5629 venia,
2362 5564 2737 5634 praevaricatio
2764 5563 2907 5620 nulla
2942 5574 3061 5623 est:
3080 5565 3363 5635 justiﬁcati
3408 5570 3555 5625 enim
3590 5581 3744 5637 sunt,

475 5652 767 5706 sociiiidum
789 5652 1013 5721 gradum
1030 5653 1262 5723 pertinet
1288 5668 1412 5708 cum
1437 5660 1521 5709 est
1539 5653 1768 5723 quisque
1786 5654 1889 5709 sub
1912 5653 2047 5724 lege,
2151 5653 2242 5723 qui
2291 5667 2390 5723 per
2433 5652 2930 5721 pricvaricationem
2969 5652 3100 5726 legis
3144 5653 3356 5710 fuerant
3398 5667 3739 5728 peccatores.

479 4024 709 4084 peccata.
747 4012 944 4085 (0rig.)
975 4014 1231 4084 lniquitas
1254 4031 1387 4071 sane
1418 4031 1450 4071 a
1487 4027 1708 4086 peccato
1738 4018 1878 4073 banc
1903 4016 2068 4072 habet

1938 5822 1972 5859 1
