3998 6202
441 272 581 328 i353

1111 263 1176 320 BL
1213 261 1463 319 RABANI
1503 261 1722 319 MAURI
1760 261 2076 319 ARCHIEP.
2117 258 2424 317 MOGUNT.
2466 255 2751 313 OPERUM
2789 254 2966 309 [’AllS
3004 253 3088 309 lll.

3569 249 3711 305 i356

436 386 600 441 alium
647 395 713 438 ex
757 382 894 452 lege,
926 382 1162 436 indicare
1210 381 1482 444 videatur,
1520 378 1612 433 sed
1651 392 1817 431 unum
1859 385 2024 445 atque.
2053 380 2098 438 Α
2122 375 2344 446 justitim
2360 375 2924 432 ﬁdcizcredensenim
2945 371 3718 438 ﬁliumselialiiturum,bujus

437 475 706 540 eumdem,
739 474 830 544 qui
860 488 964 528 non
998 471 1170 526 solum
1197 486 1264 525 ex
1316 473 1433 540 lege
1475 467 1706 523 naturali
1746 483 1852 536 qua
1897 481 2018 521 om-

437 582 534 622 nes
576 565 827 620 homines
870 570 1116 626 utuntur,
1151 562 1244 617 sed
1285 579 1353 616 ex
1408 561 1514 614 ﬁde
1558 557 1715 626 cujus
1745 557 2020 611 Abraham

438 665 629 712 auctor
666 655 875 719 existit,
923 653 1132 722 placeat
1181 652 1290 705 Deo
1324 669 1338 704 :
1385 665 1494 720 quo
1536 649 1745 704 scilicet
1773 647 2025 702 ostendat

439 747 584 816 quod
619 746 662 801 si
688 745 810 815 quis
836 745 1034 798 habeat
1076 743 1288 813 integra
1315 741 1502 796 omnia
1553 755 1674 810 qua:
1708 739 1791 793 lex
1835 739 2025 793 edocet

440 838 726 901 naturalis,
773 845 827 890 ct
854 837 907 890 in
939 835 1086 889 nullo
1118 850 1242 890 eum
1289 833 1499 904 peccati
1546 831 1881 887 conscientia
1933 845 2024 884 re—

441 929 759 1000 prehendat,
791 941 899 980 non
939 933 1119 978 tamen
1164 925 1363 978 habeat
1406 922 1570 977 etiam
1605 921 1728 974 ﬁdei
1773 918 2024 990 gratiam,

441 1037 547 1077 non
590 1034 750 1089 posse
784 1034 906 1074 eum
953 1017 1242 1088 justiﬁcari
1288 1033 1300 1068 :
1339 1016 1473 1070 fides
1501 1015 1644 1068 enim
1685 1021 1769 1068 est
1813 1027 1932 1082 qua:
1960 1011 2026 1066 ad

437 1114 703 1186 justitiam
737 1119 1052 1180 reputatur;
1091 1118 1146 1162 ct
1186 1110 1289 1162 hoc
1331 1107 1492 1161 modo
1539 1107 1723 1161 habita
1754 1105 2030 1160 distinctio

443 1206 733 1261 clariorem
776 1201 1189 1271 intelligentiam
1237 1201 1420 1253 tradit.
1467 1199 1598 1265 Quae
1627 1212 1758 1252 vero
1783 1196 2030 1253 commit-

446 1305 656 1360 tuntur,
679 1302 868 1348 contra
892 1293 1066 1363 legem
1081 1291 1494 1345 committuntur
1517 1307 1530 1342 :
1557 1288 1696 1343 unde
1720 1296 1775 1341 et
1808 1286 2032 1342 Crtncus

447 1404 628 1445 sermo
654 1388 869 1460 ἀνομίαν
897 1384 1132 1457 appellat
1175 1385 1543 1454 iniquitatem,
1582 1383 1685 1438 hoc
1731 1391 1834 1445 est,
1888 1382 2032 1451 quod

447 1480 830 1539 committitur;
881 1485 1160 1546 peccatum
1207 1490 1335 1530 vero
1387 1475 1552 1529 etiam
1599 1475 1704 1529 dici
1741 1482 1937 1543 potest,
1989 1474 2034 1528 si

447 1582 658 1638 contra,
684 1587 845 1642 quam
875 1579 1071 1624 natura
1093 1569 1253 1624 docet
1275 1575 1331 1622 et
1353 1567 1686 1623 conscientia
1713 1568 1909 1639 arguit,
1941 1566 2036 1621 dc-

450 1667 761 1734 linquatur:
792 1671 961 1719 totum
989 1663 1178 1733 gratia:
1206 1662 1322 1732 ejus
1353 1662 1648 1730 imputatur
1686 1677 1792 1715 non
1829 1660 2038 1716 meritis

2124 467 2199 521 rei
2222 481 2386 537 quam
2407 467 2654 531 credidit,
2670 468 2880 536 signum
2896 468 3126 537 accepit;
3151 475 3209 521 ut
3223 467 3348 536 quia
3361 464 3720 532 credensjus—

2126 557 2364 613 tiﬁcatus
2391 558 2460 613 sit
2480 565 2815 613 cerneretur.
2844 557 2961 612 Non
2986 573 3115 628 ergo
3145 557 3495 612 circumcisio
3521 555 3724 624 aliquid

2126 652 2289 705 habet
2305 649 2601 720 dignitatis,
2628 649 2722 704 sed
2746 650 2957 718 signum
2974 659 3056 703 cst
3077 657 3322 702 tantum:
3349 647 3496 715 quod
3509 647 3727 716 signum

2127 740 2459 810 accipiebant
2510 740 2630 794 ideo
2667 739 2761 793 lilii
2789 739 3041 802 Abrahae,
3071 747 3132 792 ut
3154 739 3428 793 scirentur
3467 737 3591 804 ejus
3632 735 3730 791 ﬁlii

2128 853 2267 898 esse,
2305 837 2394 907 qui
2441 837 2668 892 credens
2719 836 2828 890 Deo
2881 837 2983 890 hoc
3033 835 3251 905 signmn
3299 839 3611 902 acceperat,
3668 840 3730 886 ut

2129 930 2304 986 :emuli
2357 938 2542 984 essent
2570 937 2806 998 paterna:
2835 927 2957 981 ﬁdei
3002 935 3058 981 et
3107 926 3397 981 crederent
3444 926 3497 978 in
3543 923 3729 978 Jcsum

2132 1024 2221 1092 qui
2245 1023 2546 1093 promissus
2575 1030 2655 1075 est
2680 1021 2934 1083 Abrahat,
2965 1019 3120 1088 cujus
3154 1019 3206 1072 in
3241 1019 3412 1088 ﬁgura
3459 1025 3621 1070 natus
3651 1025 3734 1072 est

2133 1118 2302 1173 Isaac.
2349 1117 2462 1171 Nec
2493 1115 2636 1169 enim
2668 1116 2720 1168 in
2768 1114 2918 1168 Isaac
2952 1128 3139 1168 omnes
3167 1120 3355 1182 gentes
3394 1111 3734 1166 benedicun-

2137 1217 2241 1272 tur,
2272 1208 2365 1262 sed
2392 1207 2444 1260 in
2474 1205 2693 1260 Christo
2723 1222 2734 1256 :
2769 1205 2905 1268 Quia
2935 1221 3035 1258 non
3063 1202 3305 1257 estaliud
3333 1218 3523 1254 nomen
3549 1202 3736 1254 datum

2134 1301 2229 1352 sub
2261 1298 2405 1361 rario,
2433 1299 2487 1350 in
2516 1313 2617 1366 quo
2644 1303 2875 1365 oporteat
2905 1294 3074 1348 saltos
3111 1293 3227 1362 ﬁeri
3277 1293 3416 1362 (Act.
3467 1291 3569 1359 tv),
3606 1290 3738 1344 dicit

2136 1392 2329 1446 I’ctrus
2361 1389 2660 1460 apostolus.

2210 1482 2276 1535 Et
2319 1483 2385 1535 sit
2411 1491 2561 1550 pater
2600 1478 3013 1533 circuutrisionis
3059 1494 3161 1530 non
3189 1475 3358 1529 soluat
3401 1491 3593 1527 carum
3651 1475 3738 1542 qui

2139 1590 2204 1628 ex
2264 1571 2654 1625 circumcisione
2703 1577 2856 1631 sunt,
2926 1568 3016 1621 sed
3070 1583 3248 1620 eorum
3293 1565 3384 1634 qui
3445 1576 3740 1634 sequuntur

2142 1665 2356 1734 vestigia
2401 1663 2548 1732 fidei,
2592 1677 2710 1731 qua:
2775 1669 2851 1714 est
2907 1659 2961 1712 iu
3012 1657 3268 1727 prtrputio
3328 1655 3499 1725 patris
3571 1655 3740 1708 nostri

449 1727 674 1813 nos-tris.
704 1754 887 1827 (Aug.)
918 1727 1184 1824 Coeperta
1221 1727 1348 1806 sunt
1391 1727 1522 1820 ergo
1586 1763 1809 1822 peccata
1836 1791 1850 1815 ,
1896 1759 2038 1806 tecta
2070 1727 2115 1786 Β
2145 1727 2412 1810 Abrahae;
2437 1727 2551 1808 Hoc
2593 1727 2744 1817 dicit,
2774 1751 2902 1821 quia
2938 1749 3165 1804 credens
3201 1748 3501 1812 Abraham,
3531 1750 3738 1817 primas

451 1855 655 1902 suntet
697 1843 896 1898 abolita
923 1860 936 1896 :
972 1856 1078 1896 non
1096 1841 1156 1894 in
1186 1841 1505 1910 quibusnon
1529 1841 1892 1895 suntinventa
1923 1853 2044 1908 pec-

451 1946 594 2003 cata,
638 1935 734 1991 sed
777 1947 1011 2003 quarunt
1063 1939 1206 1986 tecta
1246 1939 1372 1985 sunt
1411 1939 1654 2001 peccata.
1705 1929 1873 1984 Tecta
1912 1944 2045 2000 ergo

455 2035 676 2100 peccata
706 2038 875 2094 quare
903 2021 1084 2076 dixit?
1110 2020 1181 2076 Ut
1207 2037 1313 2076 non
1342 2020 1673 2076 viderentur.
1729 2019 1868 2086 Quid
1898 2016 2043 2074 enim

453 2131 573 2175 erat
602 2118 699 2172 Dei
736 2119 923 2172 videre
949 2123 1194 2187 peccata,
1233 2115 1335 2170 nisi
1365 2115 1557 2186 punire
1585 2123 1828 2186 peccata,
1859 2123 1921 2170 ut
1943 2128 2043 2168 no-

453 2210 600 2265 veris
623 2209 748 2279 quia
777 2209 881 2263 hoc
913 2215 998 2262 est
1026 2205 1122 2261 Dei
1170 2205 1356 2260 videre
1383 2213 1628 2276 peccata,
1665 2203 1811 2274 quod
1849 2203 2046 2274 punire

453 2313 704 2376 peccata.
742 2301 887 2370 Quid
935 2301 986 2356 ei
1032 2299 1236 2354 dicitur
1265 2295 1442 2370 (Psal.
1495 2297 1590 2369 1.):
1632 2297 1814 2350 Auerte
1856 2296 2044 2366 {aciem

454 2405 601 2451 tuam
627 2411 658 2447 a
681 2393 904 2464 peccatis
927 2391 1085 2445 meis?
1105 2390 1332 2444 Peccata
1365 2402 1494 2458 ergo
1522 2398 1610 2442 tua
1633 2402 1738 2442 non
1765 2387 1963 2452 videat,
1987 2396 2048 2442 ut

457 2501 512 2543 te
528 2487 727 2542 videat.
744 2483 1022 2552 Quomodo
1035 2493 1088 2538 te
1102 2481 1318 2537 videat?
1335 2481 1607 2550 quomodo
1623 2477 2009 2535 Nathanaelem
2027 2497 2040 2534 :

469 2579 600 2635 Cum
625 2593 762 2632 esses
781 2577 874 2630 sub
898 2577 1082 2630 arbore
1101 2575 1213 2644 ﬁci,
1239 2573 1342 2627 ridi
1363 2586 1411 2625 te
1436 2572 1618 2642 (Joau.
1637 2570 1697 2637 t).
1723 2568 1923 2624 Umbra
1943 2569 2031 2622 ﬁet

471 2689 576 2728 nou
609 2668 1092 2739 impediritoculos
1119 2664 1506 2720 misericordiae
1539 2663 1654 2717 Dei.
1683 2659 1888 2731 (Greg.)
1923 2659 2031 2713 Sed

472 2777 689 2819 rursum
721 2776 844 2814 cum
899 2756 1160 2824 scriptum
1212 2755 1284 2811 sit
1317 2773 1331 2809 :
1376 2753 1564 2810 Omnia
1595 2755 1737 2806 nuda
1769 2761 1816 2806 et
1849 2759 2034 2818 aperta

458 2855 578 2900 sunt
607 2844 771 2900 oculis
813 2844 928 2914 ejus
960 2841 1118 2914 (Heb.
1161 2841 1266 2913 tv),
1335 2842 1607 2912 quomodo
1661 2841 1767 2912 tegi
1820 2849 2050 2911 possunt

458 2952 579 3006 qua:
615 2934 734 3006 ejus
754 2935 946 3000 oculis,
979 2934 1064 2989 cui
1091 2943 1288 2989 cuncta
1315 2933 1457 2988 nuda
1482 2943 1628 2999 sunt,
1658 2933 1913 2989 abscondi
1951 2947 2040 2987 ne-

458 3045 728 3100 quaquam
751 3028 1026 3100 .possunt?
1055 3027 1148 3082 sed
1179 3027 1304 3097 quia
1328 3029 1430 3082 hoc
1453 3027 1593 3098 quod
1623 3028 1852 3097 tegimus
1905 3025 2045 3082 infe-

459 3122 574 3176 rius
609 3120 881 3190 ponimus,
934 3127 1098 3188 atque
1145 3119 1265 3174 haec
1307 3119 1448 3173 unde
1510 3119 1743 3188 tegimus
1787 3117 2044 3171 nimirum

457 3213 891 3284 superducimus,
939 3220 1000 3265 ut
1039 3212 1184 3280 quod
1227 3219 1310 3266 est
1348 3211 1744 3281 superpositum
1777 3200 2042 3280 tegamus,

459 3315 640 3376 tegere
683 3312 906 3374 peccata
951 3302 1186 3357 dicimur
1234 3319 1354 3372 quae
1401 3303 1556 3372 quasi
1609 3301 2046 3371 subterponimus

458 3397 588 3451 dum
637 3395 976 3459 abdicamus,
1008 3395 1197 3464 eisque
1257 3395 1400 3449 aliud
1456 3394 1866 3463 superducimus
1917 3394 2043 3448 dum

458 3488 615 3543 bona:
641 3487 871 3542 actionis
909 3502 1046 3556 opus
1085 3487 1149 3540 ad
1181 3489 1283 3542 hoc
1314 3496 1435 3558 post
1459 3488 1729 3558 eligimus,
1768 3496 1827 3541 ttt
1849 3487 2045 3557 prmfe—

461 3593 674 3634 ramus.
693 3577 795 3645 Qui
831 3592 974 3647 ergo
1015 3578 1199 3649 priora
1250 3579 1387 3632 mala
1421 3579 1644 3643 deserit,
1680 3587 1737 3634 et
1781 3579 1921 3633 bona
1951 3594 2048 3649 po-

460 3669 662 3724 sterius
712 3669 862 3734 facit,
895 3684 996 3738 per
1041 3670 1146 3724 hoc
1180 3669 1325 3740 quod
1375 3671 1526 3724 addit
1575 3678 1912 3724 transactam
1952 3684 2046 3723 ne-

460 3760 688 3830 quitiam
723 3759 877 3830 tegit,
906 3759 993 3814 cui
1028 3760 1154 3814 boni
1194 3761 1375 3829 operis
1405 3761 1598 3815 merita
1641 3761 1970 3830 superducit.

529 3851 813 3907 Bcatitudo
836 3867 957 3922 ergo
981 3852 1091 3905 lucc
1123 3852 1176 3906 iu
1202 3852 1599 3905 circumcisione
1621 3860 1824 3905 tantum
1848 3858 2044 3916 manet,

461 3963 530 4002 au
555 3947 710 4002 etiam
735 3948 789 4000 in
815 3946 1108 4016 prtrputio?
1144 3943 1348 4016 (Antb.)
1392 3946 1446 3999 ld
1476 3953 1581 4008 est,
1615 3945 1854 4014 nunquid
1877 3945 2047 3998 beati-

463 4040 591 4096 tu’do
621 4039 724 4097 ista
748 4037 976 4093 Abrahae
996 4047 1205 4091 tantum
1235 4037 1356 4090 ﬁliis
1383 4051 1639 4090 concessa
1667 4045 1769 4097 est,
1798 4051 1862 4088 an
1882 4036 2046 4088 etiam

462 4130 548 4185 his
573 4130 663 4200 qui
708 4127 1075 4183 ineircumcisi
1104 4126 1265 4180 sunt?
1310 4125 1367 4180 Si
1410 4127 1554 4179 enim
1598 4126 1651 4179 in
1685 4125 1772 4178 illo
1810 4137 2049 4193 tempore

461 4236 568 4276 non
601 4221 888 4291 prohibita:
930 4227 1057 4274 sunt
1099 4228 1289 4288 gentes
1339 4219 1597 4273 accedere
1653 4217 1720 4270 ad
1773 4217 1942 4287 legem
1995 4226 2049 4270 et

462 4313 878 4384 promissionem
914 4312 1169 4376 Abrahae,
1202 4311 1294 4380 qui
1325 4311 1440 4365 ﬁeri
1479 4319 1691 4380 poterat
1719 4319 1776 4363 ut
1805 4320 2047 4380 tempore

2146 1848 2320 1904 factus
2333 1856 2411 1902 est
2425 1856 2581 1917 pater
2596 1843 3044 1905 circumcisionis,
3061 1842 3153 1896 sed
3171 1841 3374 1906 cordis,
3390 1856 3501 1895 non
3526 1850 3617 1894 tan
3629 1849 3735 1894 tum

2145 1958 2331 1999 eorum
2371 1943 2462 2012 qui
2503 1949 2630 1995 sunt
2657 1955 2720 1994 ex
2766 1939 2882 2009 ejus
2927 1935 3163 2007 origine,
3199 1937 3292 1990 sed
3338 1945 3392 1988 et
3428 1950 3622 1989 eorum
3651 1937 3738 2005 qui

2145 2035 2396 2090 similiter
2408 2033 2638 2088 credunt
2652 2033 2717 2088 ex
2743 2033 3010 2102 gentibus.
3030 2031 3338 2086 Secundum
3357 2046 3580 2086 carnem
3597 2033 3739 2085 enim

2143 2127 2451 2182 Judteorum
2487 2134 2643 2196 pater
2665 2133 2768 2187 est,
2797 2123 3091 2178 secundum
3132 2121 3289 2178 ﬁdem
3315 2137 3466 2185 vero,
3499 2122 3740 2175 omnium

2147 2215 2501 2270 credentium.
2545 2213 2810 2285 (ΜΑυιιυδ)
2854 2211 3112 2282 Proponit
3166 2225 3309 2264 nunc
3361 2211 3745 2280 interrogatio-

2147 2321 2291 2369 nem,
2310 2319 2376 2360 ex
2402 2303 2555 2374 cujus
2576 2303 2928 2374 responsione
2948 2304 3262 2365 doceantur,
3288 2309 3340 2356 et
3363 2317 3431 2356 ex
3463 2301 3578 2371 ipsa
3613 2309 3745 2355 tem-

2145 2412 2334 2466 porum
2359 2397 2590 2462 ratione,
2617 2393 2762 2465 quod
2784 2394 3061 2448 beatitudo
3077 2392 3486 2462 justiﬁcationis
3512 2393 3746 2447 Abt-alim

2145 2504 2254 2544 non
2293 2487 2345 2540 in
2373 2485 2806 2549 circumcisione,
2841 2485 2934 2539 sed
2977 2484 3152 2538 adhuc
3185 2483 3236 2536 in
3277 2483 3543 2553 prmputio
3569 2484 3747 2552 posito

2146 2582 2268 2638 data
2293 2587 2395 2634 est.
2413 2576 2778 2650 (0rig.)Quod
2796 2578 2840 2630 si
2869 2575 3166 2640 Abraham,
3184 2589 3306 2628 cum
3329 2579 3476 2628 esset
3499 2574 3684 2628 adhuc
3697 2573 3747 2627 in

2144 2672 2426 2744 prmputio,
2456 2678 2523 2726 ex
2553 2669 2657 2724 ﬁde
2685 2667 3015 2738 justiﬁcatus
3059 2676 3184 2733 est,
3236 2675 3418 2736 potest
3467 2673 3524 2720 et
3569 2666 3749 2720 omnis

2145 2765 2236 2835 qui
2273 2763 2444 2819 credit
2470 2760 2886 2830 Deojustiﬁcari
2935 2775 3034 2830 per
3065 2757 3246 2823 ﬁdem,
3297 2758 3518 2811 etiamsi
3569 2758 3647 2812 sit
3695 2757 3747 2812 in

2145 2854 2429 2926 pncputio,
2459 2862 2515 2910 et
2554 2853 2828 2923 pertinere
2853 2852 3021 2905 etiam
3055 2850 3121 2904 ad
3154 2850 3328 2920 ipsum
3367 2848 3488 2903 lucc
3517 2847 3751 2903 beatitu-

2148 2951 2237 3013 do,
2276 2961 2397 3017 qua:
2449 2945 2685 3000 dicitur:
2718 2942 2914 2998 Beatus
2956 2943 3042 2996 cui
3075 2959 3177 2995 non
3225 2943 3450 3010 imputat
3490 2941 3750 2994 Dominus

2148 3052 2436 3113 peccatum.
2494 3036 2740 3094 Ostendit
2779 3051 2907 3107 ergo
2947 3035 3073 3105 quia
3126 3050 3232 3088 non
3284 3032 3509 3088 cuilibet
3568 3032 3751 3087 Domi-

2149 3149 2251 3188 nus
2303 3147 2408 3186 non
2456 3131 2686 3200 imputet
2725 3137 3026 3198 peccatum,
3075 3127 3168 3181 sed
3217 3125 3268 3180 ei
3311 3125 3402 3194 qui
3456 3123 3751 3178 crediderit

2148 3237 2246 3293 per
2295 3221 2454 3275 ﬁdem
2507 3235 2661 3274 suam
2705 3227 2928 3289 peccata
2977 3231 3083 3271 non
3129 3221 3359 3285 reputet.
3413 3213 3573 3269 Sicut
3607 3215 3750 3268 enim

2147 3312 2376 3368 Abraha!
2417 3319 2661 3379 reputata
2706 3318 2790 3363 est
2831 3308 2965 3363 ﬁdes
3000 3308 3068 3362 ad
3089 3306 3376 3374 justitiam,
3408 3305 3481 3359 ita
3527 3313 3582 3359 ct
3608 3305 3751 3360 onmi

2147 3403 2388 3458 credenti
2413 3417 2536 3456 cum
2563 3401 2694 3455 ﬁdes
2716 3401 2783 3454 ad
2807 3400 3078 3470 justitiam
3124 3405 3428 3467 reputatur,
3458 3407 3750 3466 peccatum

2148 3494 2337 3563 utique
2373 3508 2479 3547 non
2515 3493 2835 3562 imputatur.
2885 3489 3070 3560 Neque
3105 3490 3245 3542 enim
3293 3489 3361 3542 de
3401 3487 3572 3557 justis
3601 3488 3749 3549 dicit,

2147 3587 2274 3655 quia
2305 3594 2590 3656 reputatur
2616 3583 2695 3637 eis
2735 3583 2870 3636 ﬁdes
2917 3583 2983 3636 ad
3028 3580 3317 3651 justitiam.
3369 3579 3531 3646 Quod
3581 3580 3628 3633 si
3683 3580 3753 3632 ita

2149 3687 2386 3750 putetur,
2415 3693 2532 3746 quae
2556 3676 2824 3730 videbitur
2849 3675 3018 3746 gratia
3037 3674 3186 3743 justo
3214 3671 3454 3741 reputari
3499 3671 3573 3726 ad
3596 3670 3753 3739 justi-

2152 3771 2319 3826 tiam?
2344 3769 2449 3824 Sed
2476 3771 2660 3839 utique
2701 3763 2790 3822 ille
2817 3767 2952 3820 dixit
2995 3765 3154 3820 ﬁdem
3205 3771 3515 3834 reputatam
3538 3778 3667 3818 esse
3688 3762 3753 3816 ad

2143 3864 2436 3935 justitiam,
2463 3863 2555 3933 qui
2589 3870 2875 3930 antequam
2917 3859 3142 3914 haberet
3177 3859 3319 3912 hanc
3348 3857 3538 3919 ﬁdem,
3574 3857 3642 3911 ad
3665 3857 3754 3926 ju-

2149 3957 2350 4010 stitiam
2383 3969 2488 4009 non
2521 3953 2782 4017 habebat;
2819 3961 2873 4006 et
2917 3952 3021 4006 iste
3050 3960 3133 4004 cst
3179 3950 3366 4024 utique
3415 3949 3618 4003 beatus
3667 3948 3750 4002 cui

2151 4049 2293 4102 Deus
2321 4055 2542 4116 accepto
2573 4045 2677 4099 fert
2703 4044 2964 4113 justitiam
2990 4044 3106 4098 sine
3131 4043 3407 4112 operibus,
3434 4050 3490 4095 et
3521 4042 3612 4096 cui
3642 4056 3749 4094 non

2153 4141 2447 4208 imputatur
2476 4145 2787 4205 peccatum:
2815 4134 2899 4188 cui
2925 4133 3087 4188 etiam
3116 4133 3356 4187 remissa:
3390 4141 3520 4185 sunt
3557 4132 3755 4200 iniqui-

2153 4239 2312 4290 tates,
2364 4237 2416 4282 ct
2474 4228 2710 4289 obtecta,
2756 4226 2801 4279 si
2848 4240 2954 4294 qua
3002 4233 3157 4278 antea
3220 4223 3459 4283 fuerant,
3501 4233 3750 4292 peccata.

2152 4320 2346 4391 (Θήῃ.)
2381 4319 2486 4373 Sed
2516 4327 2824 4388 repetamus
2847 4317 3025 4370 adhuc
3060 4315 3204 4384 quod
3243 4313 3376 4368 dicit
3404 4332 3416 4366 :
3450 4313 3523 4366 Et
3546 4317 3752 4382 signum

461 4405 660 4462 Christi
690 4405 1105 4475 prohiberentur
1126 4404 1404 4458 venientes
1441 4403 1506 4456 ad
1551 4403 1801 4472 gratiam,
1831 4402 2048 4472 quando
2080 4432 2126 4490 υ
2153 4412 2339 4479 accipit
2371 4409 2835 4469 circumcisiouem,
2866 4408 3193 4476 signaculum
3210 4405 3440 4476 justitia:
3459 4407 3616 4474 ﬁdei,
3639 4422 3754 4475 quae

464 4497 606 4556 Deus
618 4496 787 4566 gratia
808 4494 967 4564 plene
992 4493 1271 4547 incitavit?
1295 4493 1530 4546 Dicimus
1555 4493 1718 4555 enim,
1750 4492 1852 4545 hoc
1879 4501 1983 4557 est,
2003 4492 2048 4546 si

464 4601 626 4642 sensu
641 4583 776 4655 legis
791 4584 1081 4653 loquimur,
1101 4584 1226 4653 quia
1249 4593 1485 4652 reputata
1507 4591 1581 4636 est
1598 4582 1820 4636 Abrahae
1833 4582 1963 4650 fides
1982 4581 2050 4634 ad

455 4677 744 4748 justitiam.
767 4675 851 4730 Ab
879 4675 1090 4745 origine
1135 4674 1343 4744 incipit,
1381 4683 1440 4728 ut
1482 4689 1697 4728 omnent
1726 4676 2052 4743 tergiversa-

464 4770 666 4824 tionem
706 4767 1065 4823 cavillationis
1101 4767 1392 4824 excludat:
1439 4768 1530 4836 qui
1581 4783 1609 4820 a
1647 4769 1822 4836 capite
1868 4769 2052 4822 exclu-

461 4859 628 4924 ditur,
668 4875 777 4914 non
815 4859 979 4914 habet
1016 4859 1156 4912 unde
1198 4858 1419 4928 incipiat
1458 4858 1637 4912 facere
1675 4859 2048 4927 qua‘stionem.

535 4951 808 5018 Quomodo
831 4968 953 5020 ergo
996 4959 1233 5020 reputata
1274 4959 1346 5002 est
1371 4950 1395 5002 1'
1420 4966 1536 5002 cum
1575 4951 1632 5001 in
1656 4949 2051 5004 circumcisione

462 5053 617 5110 esset,
653 5062 722 5100 an
759 5045 816 5097 in
854 5043 1151 5112 praeputio?
1193 5039 1317 5095 Non
1356 5043 1410 5095 in
1441 5041 1856 5107 circumcisione,
1881 5042 1970 5096 sed
1998 5043 2052 5097 in

465 5137 741 5206 pra'putio.
765 5134 836 5189 Et
857 5136 1062 5205 signum
1083 5134 1278 5204 accepit
1296 5131 1706 5187 circumcisiouis
1727 5131 2053 5202 signaculum

458 5228 684 5297 justitia:
707 5226 856 5296 fidei,
877 5241 994 5296 qua:
1017 5235 1091 5278 est
1113 5225 1166 5276 in
1187 5225 1468 5294 prtrputio,
1492 5231 1547 5276 ut
1563 5224 1629 5277 sit
1657 5233 1804 5292 pater
1825 5224 2057 5277 omnium

466 5316 810 5378 credentium,
829 5328 883 5368 ut
903 5324 1169 5386 reputatur
1189 5324 1238 5368 et
1258 5313 1366 5369 illis
1389 5313 1458 5368 ad
1477 5314 1762 5384 justitiam.
1781 5313 2054 5368 Abraham

469 5423 592 5462 eum
614 5414 761 5462 esset
782 5407 833 5459 in
849 5406 1114 5475 pramutio
1128 5405 1357 5460 credidit
1380 5405 1506 5459 Deo.
1524 5405 1661 5472 Quid
1679 5405 1940 5460 credidit?
1963 5404 2060 5459 Sc-

473 5516 594 5555 men
619 5513 677 5553 se
698 5498 1032 5564 habiturum,
1055 5499 1108 5554 id
1135 5506 1236 5564 est,
1257 5497 1422 5554 ﬁliutn
1453 5499 1506 5553 i'n
1535 5514 1640 5569 quo
1663 5513 1853 5554 omnes
1875 5509 2063 5570 gentes

470 5588 897 5658 jnstiﬁcarentur
912 5604 1007 5660 per
1024 5590 1183 5645 ﬁdem
1202 5590 1252 5643 in
1269 5590 1550 5660 prmputio,
1567 5592 1706 5646 sicut
1719 5600 1772 5645 et
1787 5591 2062 5648 Abraham

474 5676 799 5748 jctstiflcatus
825 5693 926 5737 est.
953 5681 1087 5736 Nam
1113 5681 1576 5740 circumcisionem
1617 5683 1828 5753 signum
1857 5686 2067 5756 accepit

2155 4511 2227 4554 est
2259 4501 2309 4554 in
2342 4501 2594 4570 prmputio
2627 4516 2645 4553 :
2685 4514 2747 4552 ac
2770 4497 3090 4568 profundam
3137 4499 3188 4551 in
3216 4497 3299 4550 his
3333 4496 3486 4551 Pauli
3533 4499 3751 4568 sapien-

2158 4593 2287 4645 tiam
2317 4590 2767 4660 contctnplatnnr.
2803 4589 3075 4645 Fortassis
3099 4589 3242 4643 enim
3291 4589 3572 4659 aliquibus
3601 4605 3751 4643 eum-

2157 4685 2277 4739 dem
2302 4699 2607 4737 sermoucm
2645 4682 2890 4736 secundo
2920 4682 3098 4734 dicere
3138 4681 3409 4744 videatur,
3452 4680 3504 4734 id
3540 4689 3645 4744 est,
3683 4682 3755 4734 si-

2159 4789 2320 4844 gnum
2351 4782 2405 4826 et
2435 4771 2792 4842 signaculum.
2824 4772 2928 4826 Sed
2964 4772 3094 4824 mihi
3137 4779 3367 4839 uterque
3407 4787 3596 4825 sermo
3626 4772 3757 4826 mul-

2160 4873 2270 4924 tam
2287 4865 2426 4919 inter
2441 4881 2500 4918 se
2513 4864 2720 4919 videtur
2745 4864 2944 4918 habere
2959 4861 3338 4917 differentiam.
3355 4861 3589 4932 Signum
3605 4879 3755 4916 nam-

2157 4973 2263 5026 que
2291 4956 2490 5012 dicitur
2532 4972 2652 5010 cum
2687 4972 2786 5027 per
2810 4956 2913 5011 hoc
2947 4955 3088 5025 quod
3118 4953 3333 5008 videtur
3369 4954 3518 5008 aliud
3552 4954 3755 5023 aliquid

2162 5048 2452 5113 indicatur,
2493 5049 2637 5104 sicut
2689 5048 2838 5102 verbi
2893 5048 3094 5118 gratia,
3140 5062 3263 5102 cum
3302 5046 3436 5101 dicit
3491 5047 3753 5101 Dominus

2163 5140 2216 5194 in
2242 5139 2564 5210 Evangelia:
2598 5137 2878 5194 Generatio
2908 5149 3080 5194 autem
3110 5139 3317 5208 signum
3347 5139 3542 5208 qutrrit
3566 5157 3583 5192 :
3612 5149 3657 5190 et
3687 5140 3757 5191 si-

2165 5249 2322 5302 gnum
2353 5249 2455 5286 non
2483 5232 2696 5285 dabitur
2747 5233 2812 5298 ci,
2869 5232 2968 5285 nisi
3014 5233 3220 5302 signum
3265 5229 3422 5284 Joua'
3467 5232 3754 5302 propheta.

2168 5319 2314 5375 Sicut
2360 5323 2494 5375 enim
2539 5321 2707 5376 Jonas
2750 5323 2847 5392 fuit
2898 5323 2950 5376 in
2981 5332 3150 5376 t‘cutre
3183 5321 3280 5374 reti
3330 5321 3499 5374 tribus
3551 5323 3757 5383 melus,

2167 5423 2215 5468 et
2242 5414 2403 5466 tribus
2431 5414 2687 5479 noctibus,
2721 5416 2794 5467 ita
2825 5423 2870 5468 et
2896 5413 3094 5466 Filium
3141 5414 3366 5466 hominis
3410 5424 3615 5482 Oportet
3652 5430 3758 5466 esse

2169 5505 2225 5559 in
2281 5505 2434 5558 corde
2477 5515 2632 5558 terra:
2697 5505 2865 5559 tribus
2924 5505 3144 5568 diebus,
3195 5513 3244 5556 et
3297 5504 3469 5557 tribus
3521 5505 3759 5557 noctibus

2173 5594 2389 5667 (Matth.
2431 5595 2550 5666 xu).
2588 5595 2698 5650 lloc
2726 5604 2807 5650 est
2829 5611 2958 5666 ergo
2991 5595 3203 5665 signum
3234 5594 3324 5647 ubi
3350 5592 3520 5649 Jonas
3543 5595 3759 5648 videba-

2175 5696 2262 5740 tur
2285 5696 2337 5742 et
2369 5685 2617 5744 Christus
2648 5687 3068 5757 intelligebatur.
3117 5684 3381 5741 Similiter
3421 5694 3480 5740 et
3509 5687 3628 5756 ipso
3659 5685 3761 5737 Do-
