3998 6202
298 286 317 343 l
329 283 447 340 557-

289 499 370 545 est
396 489 453 553 iu
479 485 689 540 ruinam
715 497 765 541 ct
806 486 861 541 in
903 487 1332 541 resurrectionem
1379 485 1689 550 multorum,
1729 496 1778 540 ct
1819 489 1877 541 in

289 580 500 650 signum
534 576 621 630 cui
663 577 1055 653 contradicetur
1077 574 1232 647 (Luc.
1273 575 1358 647 ιι).
1389 575 1878 632 Contradicebatur

288 669 437 727 enim
474 667 633 739 signo
673 664 730 720 in
787 681 895 737 quo
948 665 1195 722 Christus
1250 676 1505 735 venerat,
1554 666 1683 736 quia
1732 661 1877 721 aliud

293 762 348 815 in
371 774 437 816 eo
461 758 770 825 videbatur,
799 766 854 813 et
883 756 1028 813 aliud
1058 757 1477 828 intelligebatur.
1510 758 1650 813 Caro
1692 772 1879 813 cerne-

291 855 475 919 batur,
501 861 556 908 et
580 851 721 908 Deus
747 852 1090 909 credebatur.
1117 852 1210 908 Sic
1237 867 1367 925 ergo
1392 852 1592 922 accipit
1620 862 1675 920 et
1699 850 1875 911 Abra-

292 951 664 1019 hamsignum
698 966 711 1002 :
739 957 797 1003 et
833 948 977 1018 quod
1002 962 1124 1005 esse
1149 947 1361 1018 signum
1410 947 1463 1000 iu
1505 946 1878 1016 consequenti-

291 1044 394 1097 bus
437 1040 588 1095 dicit.
625 1038 1104 1102 Circumcisionem,
1136 1037 1347 1107 inquit:
1377 1053 1497 1107 qua:
1534 1037 1878 1092 circumcisio

292 1143 438 1190 esset
463 1131 796 1202 signaculum
830 1131 1059 1200 justitiw
1086 1130 1231 1199 ﬁdei,
1274 1145 1439 1200 quam
1484 1122 1679 1185 habuit
1716 1137 1877 1184 ante-

291 1239 456 1292 quam
486 1219 986 1277 circnmciderctur.
1038 1219 1185 1275 Bene
1239 1235 1368 1290 ergo
1405 1219 1876 1275 circumcisionem

290 1315 508 1384 signum
529 1311 818 1383 appellavit
844 1311 896 1364 in
920 1310 1213 1373 Abraham,
1244 1311 1370 1380 quia
1395 1318 1451 1365 et
1489 1311 1604 1379 ipsa
1630 1309 1775 1367 aliud
1798 1310 1877 1364 vi-

291 1405 541 1470 debatur,
566 1411 622 1459 et
650 1402 794 1459 aliud
820 1401 1247 1471 intelligebatur:
1268 1410 1321 1456 et
1351 1400 1586 1456 ostendit
1615 1401 1741 1470 quia
1762 1400 1876 1471 jam

292 1505 423 1555 tunc
468 1494 704 1551 carnalis
732 1493 823 1548 illa
864 1491 1206 1547 circumcisio
1250 1490 1462 1562 signum
1501 1500 1619 1546 crat
1650 1490 1877 1545 circum-

291 1586 519 1645 cis-iouis
547 1583 827 1655 spiritalis,
859 1598 979 1652 quae
1008 1597 1115 1637 non
1146 1581 1198 1635 in
1230 1596 1396 1664 carne
1434 1581 1749 1651 suscipitur,
1774 1580 1875 1636 sed

828 280 1376 341 ENARRATIONUM
1418 282 1483 337 IN
1524 281 1672 337 EPP.
1714 281 1918 340 PAULI
1956 281 2082 337 LIB.
2121 282 2183 337 ll.
2223 311 2296 325 --
2330 282 2398 338 IN
2435 282 2653 340 EPIST.
2692 282 2785 339 AD
2824 281 3003 340 30M»

289 401 443 456 mino
481 400 536 456 iu
572 397 871 467 Evangelia
911 397 1147 454 dicitur:
1179 396 1316 453 Ecce
1356 396 1501 453 enim
1546 397 1631 452 hic
1674 397 1874 466 positus
1902 402 1951 460 Α
1978 398 2044 452 de
2062 395 2336 455 Abraham
2352 399 2564 454 semine
2584 398 2882 455 secundum
2916 413 3144 455 carnem
3168 412 3338 472 genus

3418 288 3557 345 1358

3486 406 3575 460 du.

1973 494 2107 542 cunt
2124 501 2234 542 non
2252 486 2505 541 dicuntur
2532 488 2630 549 ﬁlii
2666 489 2957 555 Abraham,
3003 490 3049 546 si
3078 490 3198 561 ejus
3223 508 3331 548 non
3355 493 3561 550 habent

1978 573 2158 629 ﬁdem.
2196 575 2288 630 Sic
2330 576 2566 647 denique
2591 587 2647 634 et
2683 581 2947 650 propheta
2976 582 3109 637 dicit
3131 583 3199 641 ad
3239 599 3334 640 eos
3356 602 3372 642 :
3398 584 3564 642 Pater

1976 673 2097 717 tuus
2122 664 2459 721 Amorrhwus
2497 676 2546 721 et
2587 679 2757 723 mater
2791 679 2885 725 tua
2923 667 3133 726 Cet/tera
3176 672 3398 743 (Ezeclt.
3423 677 3560 749 χιιι),

1977 755 2174 826 quibus
2238 756 2428 826 utique
2479 773 2585 813 non
2646 774 2741 816 eos
2788 762 3134 818 necessitudo
3180 766 3415 836 generis,
3468 769 3562 823 sed

1977 867 2188 907 morum
2217 852 2513 908 similitudo
2552 852 2834 925 jungebat.
2876 855 2943 911 Ut
2969 868 3125 926 esset,
3167 860 3364 930 inquit,
3400 860 3566 917 Pater

1977 943 2211 996 omnium
2256 942 2598 1019 credentium,
2651 959 2749 1014 per
2795 947 3141 1016 prmputium,
3189 960 3246 1003 ut
3280 959 3565 1020 reputetur

1977 1032 2091 1090 illis
2109 1032 2177 1087 ad
2202 1032 2500 1103 justitiam;
2537 1043 2592 1088 et
2623 1042 2777 1104 pater
2825 1038 3275 1104 circumcisionis,
3328 1057 3435 1097 non
3476 1044 3562 1099 his

1979 1132 2157 1179 tamen
2191 1125 2283 1195 qui
2334 1134 2560 1181 suntex
2617 1126 3058 1194 circumcisione,
3089 1132 3183 1187 sed
3221 1141 3276 1187 et
3322 1133 3429 1189 illis
3469 1137 3558 1204 qui

1976 1225 2279 1284 sequuntur
2302 1216 2527 1287 vestigia
2554 1214 2693 1284 ejus,
2728 1229 2971 1289 quaxest
3019 1221 3073 1274 in
3120 1218 3384 1292 przeputio
3436 1224 3560 1281 ﬁdei

1977 1304 2151 1373 patris
2180 1305 2352 1360 nostri
2376 1306 2673 1372 Abraham,
2705 1307 2758 1362 in
2802 1324 2909 1378 quo
2938 1310 3219 1366 evidenter
3242 1322 3299 1368 et
3332 1324 3564 1384 utroque

1975 1394 2192 1462 populo,
2223 1396 2364 1450 sicut
2392 1397 2643 1466 superius
2672 1399 2924 1462 diximus,
2951 1402 3266 1470 pronuntiat
3302 1419 3410 1459 non
3436 1421 3560 1461 car-

1950 1483 2063 1567 .nis
2096 1484 2386 1555 originem,
2422 1486 2517 1540 sed
2540 1487 2872 1543 nobilitatem
2897 1489 3021 1545 ﬁdei
3052 1492 3456 1561 requirendam.

2036 1573 2085 1626 Ν
2087 1591 2154 1629 on
2164 1577 2302 1631 enim
2314 1594 2407 1646 per
2420 1576 2581 1648 legem
2595 1582 2872 1649 promissio
2885 1581 3112 1638 Abraita:
3124 1594 3215 1638 aut
3228 1587 3414 1641 semini
3425 1588 3562 1658 ejus,

291 1680 348 1735 in
371 1678 555 1733 corde.
578 1674 731 1743 Quod
756 1688 884 1730 vero
906 1673 1045 1729 dixit
1070 1671 1431 1743 signaculum,
1466 1672 1539 1727 ita
1564 1671 1875 1742 intelligen-
1904 1741 1944 1752 _
1978 1678 2033 1720 ut
2056 1666 2223 1722 hazres
2249 1678 2381 1724 esset
2404 1671 2610 1737 mundi,
2637 1670 2732 1727 ευιι
2760 1673 3123 1744 perjustitiam
3155 1675 3300 1745 ﬁdei.
3333 1678 3564 1752 (Ambr.)

290 1769 420 1823 dum
444 1776 592 1838 puto.
605 1741 954 1837 Signaculum
973 1741 1169 1820 dicitur
1182 1779 1305 1821 cum
1323 1762 1573 1819 alicuirei
1590 1741 1871 1819 servandae
1904 1741 1946 1801 Β
1976 1756 2320 1815 Manifestum
2336 1768 2440 1827 est,
2455 1761 2581 1830 quia
2598 1741 2771 1834 neque
2785 1741 2959 1829 adhuc
2969 1764 3054 1820 lex
3084 1741 3208 1821 data
3229 1741 3373 1833 erat,
3391 1741 3569 1840 neque

289 1854 1873 1929 protemporecustodiaimponitur,quoduemoalius,nisi
1970 1846 2084 1916 iam
2119 1858 2238 1904 (πθι
2278 1851 2644 1918 οῖτουιιιοίείο»
2688 1856 2903 1923 quando
2951 1857 3245 1926 promissio
3293 1858 3439 1917 facta
3481 1870 3569 1918 est

291 1948 407 2017 ipse
433 1948 527 2019 qui
565 1947 866 2019 impressit,
896 1946 1095 2007 debeat
1118 1946 1414 2016 resignare.
1439 1945 1544 2001 Per
1569 1945 1713 2002 istud
1742 1961 1872 2018 ergo

292 2037 651 2109 signaculum,
674 2022 974 2107 ut'exponit
996 2035 1308 2107 Apostolus,
1325 2035 1535 2106 justitia
1562 2035 1685 2091 ﬁdei
1708 2052 1874 2106 quam

291 2126 636 2197 iiiprteputio
662 2126 871 2198 positus
919 2124 1196 2182 Abraham
1240 2127 1489 2197 accipere
1535 2126 1752 2192 meruit,
1787 2127 1873 2183 in-

291 2216 530 2283 dicatur,
550 2224 605 2271 et
623 2225 780 2291 pater
805 2230 926 2273 esse
947 2214 1243 2271 multarum
1268 2216 1509 2288 gentium
1535 2234 1550 2270 :
1573 2217 1716 2288 quod
1749 2226 1878 2273 tunc

290 2308 567 2364 credimus
593 2308 997 2380 resignandum,
1037 2324 1161 2364 cum
1205 2307 1483 2379 plenitudo
1512 2310 1752 2381 gentiqu
1787 2310 1877 2365 in-

293 2398 529 2464 troierit,
560 2406 617 2453 et
653 2399 831 2455 omnis
859 2397 1025 2455 Israel
1065 2398 1363 2457 salvahitur
1391 2396 1564 2469 (Rom.
1589 2382 1877 2472 x1).‘Tunc

289 2491 438 2547 enim
462 2490 578 2555 ﬁet,
603 2492 746 2562 quod
767 2491 899 2547 dicit
925 2489 1237 2561 Apostolus,
1258 2506 1366 2547 non
1406 2491 1580 2548 solum
1606 2493 1873 2562 gentium,

291 2584 390 2640 sed
427 2584 593 2641 etiam
620 2583 1052 2640 cireumcisionis
1076 2599 1176 2654 per
1205 2582 1364 2643 ﬁdem
1386 2591 1546 2655 pater
1571 2584 1871 2640 Abraham.

291 2677 362 2732 Et
380 2678 560 2739 adhuc
579 2676 821 2747 apertius
846 2676 914 2732 de
946 2677 1103 2749 signo
1141 2686 1197 2732 et
1236 2676 1515 2749 signaculo
1537 2676 1877 2734 disseramus

289 2785 416 2824 cum
432 2770 644 2840 signum
661 2769 754 2835 sit,
772 2768 831 2825 ut
847 2769 1102 2837 diximus,
1114 2770 1207 2825 ubi
1222 2770 1492 2827 indicatur
1513 2769 1718 2839 aliquid
1730 2769 1877 2826 aliud

292 2875 393 2931 per
438 2859 542 2915 hoc
584 2858 728 2930 quod
757 2859 1012 2927 videtur;
1064 2859 1400 2932 signaculum
1441 2874 1574 2915 vero
1601 2859 1879 2917 concludi-

296 2958 388 3005 tur
427 2963 525 3019 pro
551 2956 793 3021 tempore
827 2948 1052 3019 aliquid,
1091 2958 1146 3006 et
1186 2965 1295 3006 non
1322 2957 1492 3021 patet.
1521 2949 1706 3006 Potest
1732 2949 1881 3007 enim

294 3039 372 3097 ita
412 3040 658 3112 intelligi,
688 3043 831 3113 quod
854 3042 1124 3115 mysteria
1153 3057 1275 3114 qua:
1313 3043 1369 3109 in
1397 3042 1514 3115 lege
1554 3051 1611 3100 et
1648 3044 1879 3115 patriar-

295 3130 415 3186 chis
435 3132 898 3189 adumbrahantur
923 3133 1231 3205 hujusmodi
1257 3142 1436 3202 erant,
1475 3149 1596 3205 qua:
1624 3143 1683 3190 et
1706 3135 1876 3206 signis

296 3221 586 3278 indicanda
638 3231 820 3280 essent
864 3233 919 3279 et
968 3225 1262 3297 signaculis
1305 3226 1667 3283 observanda.
1725 3225 1880 3294 Quod

292 3329 429 3386 ergo
457 3315 624 3387 signis
653 3316 940 3372 iudicanda
963 3328 1140 3385 erant,
1167 3319 1220 3373 in
1262 3318 1347 3374 his
1375 3318 1467 3389 qui
1490 3314 1782 3376 credebant
1810 3335 1879 3376 ex

293 3406 551 3476 gentibus
592 3406 807 3478 signum
862 3409 1092 3478 coepisse
1128 3409 1330 3464 dicitur
1377 3409 1684 3477 Abraham;
1733 3411 1878 3481 quod

294 3512 429 3552 vero
455 3497 539 3552 his
575 3511 644 3552 ex
691 3496 1104 3569 circumcisione
1145 3513 1252 3553 non
1282 3507 1437 3555 erant
1465 3490 1745 3565 credituri,
1788 3500 1881 3555 ob—

294 3589 562 3644 servanda
601 3597 760 3645 erant
809 3599 866 3646 et
905 3580 1227 3661 obtegenda.
1281 3586 1631 3660 Signaculum
1679 3590 1880 3645 dicitur

296 3682 614 3753 accepisse:
648 3681 792 3752 quod
821 3681 1156 3754 signaculum
1197 3680 1287 3736 illo
1316 3681 1503 3752 utique
1542 3681 1599 3736 in
1639 3689 1880 3752 tempore

296 3771 670 3841 designabitur
719 3787 844 3828 cum
891 3772 948 3827 in
994 3771 1307 3827 novissimis
1357 3772 1569 3836 diebus,
1593 3781 1877 3843 postquam

298 3860 592 3932 plenitudo,
620 3871 681 3918 ut
709 3863 962 3929 diximus,
994 3863 1235 3935 gentium
1264 3862 1554 3928 introierit,
1592 3864 1771 3919 omnis
1807 3864 1882 3919 ls-

302 3952 416 4006 rael
442 3953 759 4010 salvahitur.
784 3954 991 4011 Idcirco
1020 3955 1253 4024 denique
1279 3962 1406 4008 ante
1431 3953 1705 4009 Abraham
1721 3953 1879 4023 justi-

300 4044 497 4100 ﬁcatnr
533 4045 587 4100 in
631 4045 758 4113 ﬁde,
793 4047 919 4101 dum
962 4047 1141 4102 adhuc
1180 4055 1329 4101 esset
1368 4045 1797 4112 iucircumcisus,
1826 4055 1883 4102 et

300 4146 490 4207 postea
523 4137 949 4203 circumciditur,
1002 4145 1063 4192 ut
1104 4137 1482 4193 ostenderetur
1518 4137 1695 4208 primo
1726 4144 1881 4208 pater

302 4228 517 4285 futurus
547 4230 836 4285 multarum
862 4216 1124 4300 gentium,
1165 4238 1221 4285 ct
1261 4238 1451 4300 postea
1477 4244 1662 4284 eorum
1690 4228 1780 4298 qui
1813 4243 1879 4283 ex

299 4320 721 4377 circumcisione
768 4320 1026 4379 credituri
1075 4327 1219 4376 sunt.
1272 4318 1458 4391 Neque
1503 4320 1647 4375 enim
1696 4319 1750 4374 hi
1787 4319 1880 4389 qui

1974 1937 2208 1994 Abrahm
2246 1938 2508 2007 credenti,
2540 1952 2594 1998 ct
2624 1943 2817 1998 semini
2850 1942 2986 2013 ejus,
3019 1948 3161 2014 quod
3182 1957 3267 2003 est
3290 1949 3562 2017 Christus,

1976 2029 2069 2099 qui
2098 2030 2381 2085 hominum
2419 2039 2645 2102 peccata
2679 2032 2945 2088 ablueret.
2982 2034 3134 2091 Unde
3166 2038 3299 2093 dicit
3325 2039 3567 2098 Joannes

1977 2118 2252 2190 Baptista:
2281 2121 2419 2176 Ecce
2458 2124 2639 2194 Agnus
2684 2122 2825 2178 Dei:
2873 2141 2989 2179 ecce
3027 2128 3118 2198 qui
3164 2126 3301 2182 tollit
3349 2141 3565 2201 peccata

1977 2211 2160 2266 mundi
2182 2211 2366 2282 (Joan.
2398 2213 2460 2286 ι).
2486 2213 2601 2269 Non
2634 2230 2763 2286 ergo
2802 2218 3000 2272 merito
3029 2227 3259 2275 servata:
3299 2221 3436 2293 legis
3455 2223 3567 2279 hae-

1977 2316 2066 2358 res
2093 2300 2270 2359 !actus
2302 2312 2396 2359 est
2428 2305 2635 2370 mundi,
2665 2306 2761 2361 sed
2796 2305 2941 2371 ﬁdei,
2989 2308 3163 2364 haeres
3194 2316 3381 2367 autem
3404 2328 3564 2369 mun-

1977 2390 2031 2447 di
2071 2393 2248 2450 hazrcs
2275 2402 2362 2448 est
2386 2403 2546 2450 terra:
2571 2435 2588 2462 ,
2638 2409 2801 2466 quam
2833 2397 2884 2452 in
2924 2397 3051 2454 ﬁliis
3076 2410 3401 2460 consecutus
3434 2413 3562 2463 est;

1978 2482 2229 2540 Christus
2261 2492 2444 2541 autem
2466 2487 2642 2543 haeres
2668 2496 2754 2543 est
2785 2490 3048 2560 gentium,
3086 2501 3148 2546 ut
3170 2492 3338 2549 David
3368 2497 3517 2555 canit
3546 2516 3562 2554 :

1978 2572 2049 2628 Et
2072 2574 2211 2629 dabo
2235 2575 2329 2630 tibi
2354 2586 2530 2648 gentes
2550 2578 2911 2636 hccreditatent
2939 2591 3093 2636 tuam
3114 2592 3163 2638 et
3183 2588 3564 2659 possessionem

1987 2671 2133 2727 tuam
2163 2667 2413 2721 terminos
2438 2676 2595 2722 terra
2616 2665 2792 2733 (Psal.
2826 2668 2909 2740 1);
2949 2671 3052 2742 ipsi
3071 2673 3219 2729 enim
3244 2676 3563 2745 moriemur,

1978 2763 2034 2812 et
2057 2757 2302 2815 vivemus
2324 2774 2448 2815 cum
2470 2775 2556 2817 eo.
2597 2760 2714 2817 Non
2756 2764 2903 2820 enim
2937 2780 3037 2836 per
3070 2765 3253 2838 legem
3275 2772 3566 2840 promissio

1978 2845 2213 2905 Abrahae
2260 2857 2360 2906 aut
2405 2851 2601 2907 semini
2651 2850 2784 2921 ejus,
2836 2862 2899 2910 ut
2937 2856 3113 2915 haeres
3155 2868 3301 2916 esset
3352 2864 3563 2928 mundi,

1980 2937 2076 2993 sed
2096 2952 2194 3008 per
2226 2938 2497 3011 justitiam
2532 2941 2680 2999 ﬁdei.
2710 2941 2912 3018 (Orig.)
2944 2945 3060 3003 Hoc
3094 2948 3151 3004 in
3184 2948 3306 3008 loco
3328 2952 3463 3008 mihi
3491 2955 3569 3011 vi-

1983 3027 2141 3084 detur
2164 3029 2233 3087 de
2260 3029 2376 3102 lege
2405 3030 2575 3103 Moysi
2597 3032 2892 3104 Apostolus
2911 3036 3213 3109 disputare,
3255 3049 3312 3097 et
3351 3057 3565 3100 assere-

1982 3134 2044 3178 re
2075 3122 2220 3192 quod
2266 3123 2558 3194 promissio
2591 3140 2726 3196 quas
2758 3125 2904 3184 facta
2951 3136 3037 3186 est
3090 3131 3158 3187 ad
3185 3132 3460 3189 Abraham
3502 3145 3565 3199 ut

1979 3210 2350 3271 htereditatem
2394 3216 2603 3285 mundi,
2631 3217 2687 3273 id
2722 3227 2828 3286 est,
2874 3228 3037 3277 terra:
3078 3223 3243 3280 totius
3292 3227 3567 3296 acciperet

1980 3299 2097 3371 ipse
2125 3301 2208 3358 vel
2234 3318 2421 3360 semen
2460 3305 2600 3379 ejus,
2630 3322 2737 3363 non
2780 3322 2852 3364 ex
2897 3310 3070 3382 Moysi
3110 3311 3229 3384 lege
3267 3327 3564 3374 consanet.

1981 3390 2111 3458 Quae
2150 3394 2336 3464 utique
2365 3394 2656 3479 promissio
2687 3398 2757 3454 ad
2793 3398 3069 3457 Abraham
3113 3413 3238 3460 ante
3276 3406 3419 3465 facta
3458 3419 3563 3475 est,

1980 3497 2142 3552 quam
2185 3499 2282 3554 per
2310 3485 2527 3558 Moysen
2557 3488 2625 3544 de
2649 3487 2785 3561 legis
2812 3491 3159 3549 observantia
3188 3499 3563 3556 mandaretur.

1981 3573 2074 3631 Sic
2107 3590 2237 3646 ergo
2280 3591 2390 3632 non
2429 3587 2516 3634 est
2560 3593 2629 3635 ex
2680 3580 2800 3651 lege
2849 3584 3143 3653 promissio
3181 3585 3434 3655 Abrahae,
3468 3604 3566 3646 ne-

1979 3680 2086 3735 que
2117 3667 2307 3722 semini
2334 3666 2470 3736 ejus,
2503 3679 2563 3725 ut
2586 3671 2762 3727 haeres
2785 3674 2859 3728 sit
2892 3676 3099 3741 mundi,
3148 3678 3242 3733 sed
3270 3694 3369 3748 per
3399 3681 3565 3751 justi-

1980 3756 2110 3811 tiam
2153 3757 2295 3821 ﬁdei,
2322 3755 2751 3832 intelligentiam
2788 3762 3112 3833 planiorem,
3159 3777 3321 3837 atque
3346 3785 3413 3825 ea
3443 3788 3567 3841 qua;

1980 3850 2253 3906 contraria
2278 3859 2541 3922 putantur
2582 3868 2820 3911 consona
2870 3872 3012 3923 esse,
3055 3867 3112 3914 et
3160 3861 3264 3915 sibi
3324 3862 3561 3920 invicem

1981 3940 2371 3996 concordantia
2440 3943 2933 4014 deprehenduntur.
3000 3947 3201 4021 (Amb.)
3269 3951 3342 4007 Ut
3396 3969 3564 4013 unum

1979 4031 2150 4088 Deum
2190 4033 2434 4105 omnium
2460 4034 2660 4091 doceat
2685 4034 2981 4116 alloquitur
3006 4039 3235 4110 gentiles
3287 4041 3566 4100 Abraham

1981 4123 2084 4193 ipsi
2114 4124 2225 4180 Deo
2254 4124 2555 4182 credidisse
2598 4134 2655 4181 et
2692 4124 3051 4196 justiﬁeatum
3097 4131 3220 4187 esse
3266 4142 3393 4188 ante
3416 4150 3563 4201 eum,

1981 4216 2035 4270 in
2073 4231 2236 4286 quem
2264 4224 2321 4272 et
2358 4230 2549 4289 gentes
2596 4219 2850 4285 credunt,
2878 4230 2939 4275 ut
2952 4222 3339 4293 justiﬁcentur,
3368 4234 3428 4281 ut
3457 4232 3587 4284 non'

1980 4309 2055 4362 sit
2082 4308 2338 4363 distantia
2383 4308 2554 4379 Judaei
2604 4319 2660 4365 et
2703 4309 2874 4367 Graeci
2915 4313 2970 4368 in
3014 4312 3139 4379 ﬁde,
3190 4315 3315 4379 quia
3354 4317 3566 4374 sublata

300 4410 602 4464 secundum
656 4424 875 4466 carnem
946 4419 1243 4465 nascuntur
1308 4425 1374 4465 ex
1421 4410 1727 4471 Abraham,
1781 4407 1876 4463 ﬁlii

1982 4400 2394 4456 circumcisione
2415 4409 2473 4456 et
2487 4404 2752 4473 praeputio
2770 4419 2935 4458 unum
2957 4404 3161 4461 ﬁuntin
3182 4407 3422 4476 Christo,
3437 4411 3565 4481 quia

300 4503 578 4557 Abraham
625 4502 836 4558 dicendi
865 4510 1013 4568 sunt,
1042 4503 1099 4556 ni
1151 4502 1309 4558 ﬁdem
1344 4510 1402 4557 et
1437 4516 1601 4572 opera
1644 4502 1879 4557 habeant

303 4592 555 4647 Abrahae.
594 4590 723 4648 lude
751 4592 983 4662 denique
1002 4577 1337 4648 tat-Dominus
1357 4591 1410 4645 in
1432 4591 1881 4662 Evangelio.dicit

303 4683 372 4736 ad
398 4679 615 4737 Iudaeos
653 4683 745 4754 qui
771 4698 831 4738 se
854 4681 1138 4750 jactabant
1161 4681 1299 4736 ﬁlios
1321 4696 1442 4737 esse
1476 4682 1748 4737 Abraham
1778 4699 1789 4735 :
1818 4680 1876 4737 Si

302 4770 400 4826 ﬁlii
427 4771 706 4847 Abraham
727 4772 942 4837 essetis,
974 4786 1137 4842 opera
1167 4772 1351 4841 utique
1371 4771 1603 4828 Abrahae
1628 4772 1879 4828 faceretis

306 4862 490 4934 (Joan.
517 4860 657 4933 rm).
683 4860 776 4918 Vis
806 4870 987 4917 autem
1012 4870 1068 4916 et
1091 4877 1155 4916 ex
1179 4861 1348 4917 veteri
1375 4861 1661 4932 Scriptura
1690 4862 1881 4932 perdo-

304 4953 418 5011 ceri
456 4954 600 5024 quod
630 4953 771 5009 ﬁlius
794 4953 919 5024 quis
944 4953 1144 5008 dicitur
1171 4968 1277 5007 non
1325 4961 1503 5008 tamen
1544 4953 1661 5023 ejus
1687 4952 1754 5009 de
1781 4968 1878 5007 cu-

297 5045 393 5115 jus
436 5043 640 5099 carnali
684 5045 892 5100 semine
937 5044 1233 5109 descendit,
1271 5044 1366 5099 sed
1405 5043 1522 5113 ejus
1548 5042 1702 5113 cujus
1728 5053 1882 5100 actus

307 5134 555 5190 imitatur
595 5142 650 5190 et
675 5136 883 5206 opera?
906 5136 1047 5195 Audi
1077 5134 1265 5191 Daniel
1293 5134 1422 5205 quid
1449 5136 1594 5191 dicat
1618 5136 1686 5190 ad
1715 5151 1882 5190 unum

304 5245 375 5285 ex
402 5229 511 5283 illis
531 5228 864 5292 senioribus,
892 5239 1029 5296 quos
1053 5225 1313 5297 arguitde
1338 5222 1605 5278 adulterio
1629 5240 1645 5278 :
1673 5221 1886 5292 Semen,

307 5320 505 5391 inquit,
557 5318 816 5374 Chanaan
849 5329 898 5373 et
950 5334 1054 5372 non
1087 5316 1255 5382 Iuda,
1316 5318 1508 5380 species
1544 5317 1753 5381 seduxit
1814 5329 1885 5387 te,

307 5410 729 5479 concupiscentia
783 5410 965 5463 evertit
998 5426 1088 5463 cur
1122 5419 1265 5463 tuum
1297 5407 1464 5480 (Dan.
1524 5408 1687 5479 xm).
1721 5409 1887 5466 Vides

307 5518 438 5559 eum
488 5502 581 5572 qui
623 5502 922 5558 carnaliter
973 5502 1041 5557 de
1089 5517 1293 5573 genere
1329 5502 1468 5558 Juda
1524 5502 1888 5559 descenderet

306 5592 500 5665 ῐιρςειινί
536 5595 706 5649 ﬁlium
735 5609 856 5667 esse
877 5594 1038 5661 Juda,
1064 5594 1158 5650 sed
1181 5594 1445 5651 Chanaan
1475 5611 1490 5651 :
1517 5594 1637 5664 ejus
1656 5596 1887 5661 scilicet,

311 5685 475 5755 cujus
500 5692 658 5742 actus
687 5693 744 5742 et
770 5688 937 5756 opera
965 5685 1313 5755 sequebatur.
1344 5684 1419 5742 Ita
1444 5702 1578 5757 ergo
1596 5696 1652 5744 et
1681 5686 1734 5743 hi
1757 5690 1885 5747 uuia

1980 4500 2036 4546 et
2060 4490 2334 4547 Abraham
2380 4493 2436 4546 in
2461 4489 2732 4564 pra'putio'
2763 4495 2995 4552 credidit
3021 4506 3074 4554 et
3102 4496 3436 4568 justiﬁcatus
3458 4513 3563 4560 est.

2054 4581 2159 4649 Qui
2176 4584 2398 4653 civi/ica!
2420 4596 2676 4652 mortuos,
2699 4597 2746 4641 et
2768 4598 2913 4642 vocat
2935 4605 2998 4644 ea
3022 4606 3140 4661 quae
3160 4609 3265 4649 non
3282 4604 3431 4662 sunt,
3447 4605 3567 4653 tan-

1979 4692 2135 4747 quam
2158 4693 2219 4731 ea
2240 4693 2357 4748 qua:
2375 4687 2517 4733 sunt.
2534 4678 2738 4750 (Δηὼ.)
2765 4679 2879 4735 Hoc
2903 4679 3049 4740 dicto
3064 4685 3133 4740 ad
3155 4684 3313 4743 ﬁdem
3329 4687 3563 4749 Abralue

1979 4774 2169 4838 gentes
2183 4768 2394 4835 inritat;
2407 4768 2533 4839 quia
2556 4785 2677 4825 cum
2694 4780 2839 4827 esset
2854 4772 2907 4826 in
2920 4775 3183 4845 praeputio
3194 4779 3419 4834 credens
3431 4780 3564 4847 Deo,

1981 4858 2134 4928 cujus
2156 4875 2298 4916 nunc
2317 4860 2450 4917 ﬁdes
2469 4863 2795 4933 praedicatur
2816 4864 2870 4920 in
2889 4863 3126 4934 Christo,
3135 4865 3461 4936 justiﬁeatus
3478 4880 3565 4925 est

1984 4964 2104 5004 cum
2120 4964 2216 5006 sua
2236 4951 2484 5024 conjuge.
2500 4952 2635 5010 Cum
2656 4964 2838 5011 essent
2851 4956 2996 5011 enim
3016 4954 3255 5013 obsoleta
3276 4969 3457 5025 astate,
3474 4974 3565 5015 se.-

1983 5041 2164 5098 niores
2194 5044 2550 5110 reviruerunt,
2579 5047 2653 5101 ita
2673 5054 2735 5101 ut
2755 5063 2861 5102 non
2885 5047 3152 5105 dilliderct
3170 5048 3481 5106 habiturum
3498 5065 3562 5107 se

1981 5143 2049 5184 ex
2077 5130 2210 5187 Sara
2238 5133 2427 5200 ﬁlium,
2459 5152 2623 5206 quam
2642 5138 2877 5194 sterilem
2907 5137 3131 5205 sciebat,
3157 5149 3213 5195 et
3238 5141 3293 5196 in
3315 5156 3419 5209 qua
3448 5141 3562 5210 jam

1982 5221 2159 5278 ﬂuxus
2207 5224 2486 5280 muliebris
2513 5234 2722 5281 natura:
2748 5226 3054 5294 defecerat;
3081 5236 3141 5283 ut
3169 5242 3266 5299 per
3296 5231 3414 5286 haec
3456 5246 3563 5287 non

1981 5323 2172 5370 curent
2192 5330 2366 5385 neque
2393 5316 2461 5371 de
2484 5318 2764 5387 praeputio,
2810 5330 2984 5388 neque
3028 5318 3096 5375 de
3130 5320 3564 5387 circumcisione,

1981 5419 2036 5464 et
2061 5409 2203 5480 rupti
2230 5409 2508 5483 [prompti]
2535 5410 2646 5465 sint
2667 5412 2810 5467 circa
2828 5410 2986 5466 ﬁdem
3014 5430 3028 5466 :
3060 5414 3234 5469 securi
3281 5413 3408 5484 quia
3447 5429 3566 5470 cre-

1983 5500 2118 5555 dunt
2148 5484 2226 5555 ’ei
2287 5501 2378 5571 qui
2430 5500 2671 5557 viviﬁcat
2739 5510 3020 5570 mortuos,
3069 5519 3171 5561 nec
3221 5505 3387 5561 alium
3442 5520 3564 5563 esse

1982 5589 2073 5659 qui
2105 5592 2248 5647 hanc
2271 5590 2471 5646 habeat
2521 5599 2842 5659 potestatem
2872 5609 2886 5651 τ
2918 5602 2974 5649 et
3007 5608 3129 5649 cum
3167 5594 3396 5651 voluerit
3442 5610 3563 5654 esse

1984 5680 2129 5749 quod
2150 5696 2259 5736 non
2278 5688 2428 5750 sunt,
2449 5681 2633 5737 statim
2661 5682 2777 5752 ejus
2796 5682 3072 5740 voluntate
3093 5684 3409 5742 consistant.
3437 5686 3561 5744 Ideo
