3998 6202
536 306 672 361 1359

1174 296 1233 351 Β.
1275 290 1530 350 RABAN!
1565 288 1784 345 MAUlil
1823 282 2144 341 ARCHIEP.
2189 277 2498 337 MOGUNT.
2539 270 2826 334 OPERUM
2865 274 3043 331 PARS
3080 275 3166 330 111.

3610 272 3709 333 nso

529 419 800 479 Abraham
829 429 950 472 cum
977 418 1130 484 pater
1159 411 1337 465 adhuc
1391 423 1499 463 non
1538 413 1700 465 esset,
1756 408 1982 458 vocatus
2033 406 2117 455 est
2145 401 2191 461 Α
2219 397 2344 468 quin
2372 411 2484 449 non
2510 393 2669 448 multi
2694 395 2951 464 sapientes
2974 393 3110 447 inter
3137 408 3223 447 eos
3250 395 3501 449 secundant
3537 414 3710 462 rerum,

531 521 686 583 pater
715 506 1005 563 multarum
1030 501 1290 574 gentium,
1315 508 1371 554 et
1398 496 1628 554 credidit
1654 508 1877 551 securus
1911 491 1978 546 de
2021 488 2119 544 Dei

533 601 791 675 potentia.
816 597 889 655 Ut
916 604 1096 650 autem
1125 601 1280 663 pater
1307 587 1505 644 Christi
1528 586 1669 641 idem
1698 599 1823 640 esse
1839 583 1980 638 Deus
2002 595 2121 636 cre-

534 672 772 756 deretur,
790 688 874 745 cui
892 684 1118 742 credidit
1140 680 1437 744 Abraham,
1462 677 1567 733 tale
1589 677 1800 745 signum
1834 672 2016 727 datum
2038 676 2122 724 est

536 788 591 843 in
632 783 897 840 Zacharia
930 791 985 834 et
1014 776 1296 835 Elizabcth
1352 771 1511 845 (Luc.
1543 770 1614 840 ι),
1666 783 1788 822 cum
1837 763 2124 835 promissio

536 876 782 932 redditur
802 874 856 927 in
884 869 1103 932 mundo,
1130 865 1446 920 imminente
1476 861 1713 924 Christo,
1750 857 1910 928 quale
1939 857 2124 911 datum

540 966 716 1022 fuerat
736 964 788 1018 in
812 961 1086 1017 Abraham
1117 967 1172 1014 et
1208 956 1363 1019 Sara,
1395 952 1611 1023 quando
1641 950 1849 1019 signata
1893 945 2126 1018 promis-

539 1060 620 1115 sio
642 1066 759 1122 est;
786 1064 845 1109 ut
874 1052 1035 1110 simili
1077 1063 1273 1122 genere
1304 1054 1546 1104 emortua
1575 1056 1804 1112 corpora
1851 1045 2130 1096 senectute

542 1157 865 1223 generarent
888 1151 1133 1201 sanctum
1162 1139 1444 1204 Joannem,
1478 1137 1618 1192 sicut
1644 1143 1804 1189 natus
1852 1131 2028 1186 fuerat
2077 1136 2133 1184 et

541 1222 713 1295 lsaac.
765 1236 988 1311 (Orig.)
1043 1232 1283 1289 Mortuos
1312 1229 1440 1285 hinc
1466 1227 1759 1283 secundum
1783 1222 1977 1277 animm
2002 1235 2130 1291 pec-

424 1360 437 1379 ι
543 1343 723 1390 catum
747 1329 1113 1400 intelligimus,
1143 1323 1397 1395 quoniam
1419 1321 1616 1385 animo,
1646 1316 1836 1386 inquit,
1870 1331 1987 1386 quia
2008 1329 2132 1384 pec-

545 1431 655 1489 eat,
682 1421 933 1475 morietur
960 1415 1189 1490 (Ezech.
1216 1409 1405 1481 xviii).
1466 1408 1621 1463 Sicut
1666 1405 1815 1462 enim
1858 1404 1915 1459 in
1961 1408 2134 1458 morte

549 1510 814 1585 corporali
848 1516 1071 1581 pereunt
1088 1518 1301 1567 sensus,
1329 1512 1391 1555 ut
1409 1514 1477 1554 ne
1503 1497 1626 1568 quis
1652 1496 1790 1551 ultra
1810 1509 1908 1566 per
1934 1505 2135 1562 corpus

550 1581 725 1674 neque
760 1599 1026 1661 auditum,
1053 1607 1228 1662 neque
1253 1590 1499 1653 odorem,
1523 1594 1617 1640 aut
1644 1592 1858 1658 gustum
1887 1581 2134 1650 recipiat,

549 1694 633 1750 vel
665 1699 890 1755 tactum,
917 1688 992 1742 ita
1015 1693 1070 1741 et
1094 1683 1186 1754 qui
1217 1679 1486 1753 Spir-italos
1514 1692 1705 1733 sensus
1729 1675 1781 1729 in
1804 1675 1981 1729 anima
2013 1685 2139 1742 per-

2220 502 2324 541 non
2351 485 2506 540 multi
2534 493 2786 556 potentes,
2816 498 2923 537 non
2951 482 3103 536 multi
3140 482 3346 550 nobiles,
3372 485 3451 539 sed
3466 501 3564 556 quae
3595 490 3711 547 stulta

2221 579 2347 633 sunt
2364 578 2552 633 mundi
2582 576 2734 648 elegit
2762 576 2928 640 Dens,
2956 585 3014 629 ut
3042 575 3325 645 confundat
3364 564 3655 649 sapientiam:
3677 593 3711 637 et

2223 670 2434 739 inﬁrma
2460 668 2641 723 mundi
2669 666 2820 737 elegit
2845 666 3006 731 Deus,
3036 676 3097 720 ut
3122 665 3401 735 confundat
3424 667 3571 736 fortia.
3607 670 3716 727 Simt

2227 777 2359 833 ergo
2390 760 2556 817 stulta
2588 757 2774 813 mundi
2800 757 3030 828 elegisse
3051 758 3181 813 dicit
3206 756 3401 823 Deum,
3414 756 3500 815 hoc
3514 760 3716 824 ἥμεθα.

2231 862 2331 915 tes,
2357 860 2418 907 ut
2445 850 2800 906 confunderet
2842 848 3186 920 sapientiam,
3229 848 3341 903 sine
3385 849 3524 903 dubio
3544 849 3715 916 latinos,

2228 952 2283 1000 et
2316 942 2528 997 inﬁrma
2566 940 2772 1005 mundi,
2815 949 2874 995 ut
2902 938 3256 994 confunderet
3288 938 3455 995 fortia:
3497 944 3641 995 eodem
3659 957 3719 996 or-

2230 1036 2354 1091 dine
2384 1034 2438 1088 in
2467 1034 2572 1087 hoc
2595 1032 2715 1087 loco
2744 1030 2881 1087 dicit
2898 1038 2954 1085 et
2977 1029 3043 1085 de
3074 1030 3158 1084 his
3184 1044 3303 1099 qua:
3332 1044 3431 1084 non
3461 1039 3580 1096 sunt,
3610 1041 3654 1085 ut
3673 1047 3719 1086 ea

2233 1140 2354 1196 quae
2376 1130 2503 1179 sunt
2532 1121 2793 1184 destruat,
2819 1128 2875 1175 et
2903 1135 3010 1174 non
3029 1133 3153 1175 esse
3184 1118 3394 1185 Gentes,
3447 1134 3551 1176 esse
3591 1130 3719 1177 autem

2232 1214 2447 1271 Judzeos
2465 1212 2723 1278 ostendit,
2750 1211 2803 1266 id
2814 1218 2921 1277 est,
2936 1209 3027 1280 qui
3042 1210 3096 1264 in
3109 1208 3227 1281 lege
3237 1218 3404 1272 eram,
3416 1210 3719 1280 sedlegemnon

2237 1306 2537 1377 implebant
2563 1312 2624 1358 ut
2649 1303 3064 1358 destruerentur
3116 1308 3173 1356 et
3217 1301 3538 1356 induerentur
3567 1300 3624 1356 illi
3660 1303 3722 1371 qui

2238 1411 2347 1453 non
2362 1405 2529 1451 erant
2553 1394 2611 1448 in
2646 1393 2787 1464 lege,
2812 1401 2867 1447 et
2887 1391 3123 1447 Abrahae
3162 1390 3284 1446 ﬁdei
3318 1390 3606 1446 credulitatis
3641 1405 3721 1446 me~

2246 1490 2354 1544 rito
2370 1488 2753 1559 iungerentur.
2778 1483 2882 1550 Qui
2908 1492 3093 1538 eontra
3136 1499 3275 1554 spem
3316 1484 3371 1537 in
3392 1499 3515 1554 spem
3552 1484 3720 1538 credidi.

2240 1579 2449 1654 (Amb.)
2481 1576 2825 1634 Manifestum
2848 1585 2956 1642 est,
2980 1575 3115 1645 quia
3149 1589 3272 1631 cum
3296 1590 3434 1644 spem
3461 1589 3552 1630 non
3568 1575 3724 1630 habent

2241 1668 2530 1743 generandi
2551 1668 2853 1732 Abraham,
2880 1664 3115 1722 credidit
3136 1665 3265 1728 Deo,
3293 1663 3440 1720 ﬁdem
3460 1664 3724 1720 habenam-

551 1785 773 1849 diderit,
800 1752 999 1837 utnon
1028 1752 1211 1832 videat
1232 1774 1425 1838 Deum,
1462 1783 1638 1840 neque
1682 1766 1863 1822 audiat
1912 1763 2135 1821 verbum
2164 1752 2210 1812 Β
2239 1770 2321 1817 tra
2343 1776 2494 1833 spem
2535 1772 2803 1831 generare
2831 1772 2913 1823 se,
2938 1756 3037 1813 sed
3063 1757 3240 1813 sciens
3263 1756 3580 1826 omniaposse
3593 1756 3722 1810 Deam.

554 1875 769 1932 Domini
801 1874 920 1938 Dei,
946 1883 1118 1940 neque
1161 1879 1380 1922 suavem
1432 1862 1653 1919 odorem
1695 1857 1872 1929 capiat
1912 1854 2137 1917 Christi,

556 1984 732 2038 neque
763 1971 940 2037 gustet
968 1963 1168 2017 bonum
1191 1957 1285 2013 Dei
1313 1954 1558 2017 verbum,
1590 1963 1766 2019 neque
1805 1961 1997 2002 manus
2018 1943 2142 2015 ejus

561 2063 895 2132 pertractent
926 2053 991 2108 de
1023 2050 1190 2106 verbo
1220 2047 1367 2110 vitae,
1391 2038 1696 2113 huiusmodi
1730 2038 1976 2094 homines
2026 2048 2140 2089 me-

560 2127 667 2209 rito
692 2147 890 2204 mortui
914 2143 1273 2218 appellantur.
1303 2137 1463 2197 Tales
1492 2132 1699 2194 invenit
1735 2145 1835 2190 nos
1881 2127 2142 2186 adventus

563 2243 785 2304 Christi,
820 2238 916 2295 sed
951 2233 1244 2290 viviﬁcavit
1267 2245 1366 2303 per
1389 2228 1635 2303 gratiam_
1665 2237 1851 2284 suam;
1904 2220 2045 2276 sicut
2091 2224 2147 2272 et

565 2332 692 2388 alibi
728 2329 862 2385 dicit
886 2326 1030 2382 idem
1062 2321 1350 2395 Apostolus
1383 2337 1397 2373 :
1432 2316 1497 2372 Et
1531 2333 1622 2371 nos
1650 2326 1771 2369 cum
1794 2311 1987 2366 mortui
2015 2325 2147 2364 esse-

565 2419 906 2477 mus'delictis
927 2426 975 2471 et
998 2414 1222 2487 peccatis
1257 2410 1473 2479 nostris,
1500 2406 1656 2463 simul
1682 2418 1802 2460 cum
1847 2401 1940 2456 illo
1969 2416 2146 2455 resus-

567 2511 742 2568 eitavit
762 2525 857 2564 nos
886 2505 1062 2579 (Eph.
1088 2502 1180 2576 ιι).
1213 2501 1320 2558 Sed
1344 2508 1399 2556 et
1421 2498 1565 2571 quod
1595 2497 1647 2551 in
1691 2490 2149 2562 consequentibus

568 2602 716 2664 dicit,
749 2608 799 2655 et
825 2606 977 2653 vocat
1002 2611 1120 2667 qua:
1148 2609 1252 2648 non
1269 2599 1413 2656 sunt,
1445 2598 1694 2658 tanquam
1740 2600 1802 2639 ea
1839 2596 1957 2655 quae
2004 2590 2147 2647 sunt,

570 2689 843 2762 quomodo
866 2685 1089 2757 intelligi
1112 2684 1328 2746 debeat,
1356 2680 1654 2734 videamus.
1668 2674 2003 2744 Frequenter
2019 2680 2074 2727 et
2091 2673 2151 2726 in

572 2760 694 2837 aliis
715 2776 1062 2849 exposuimus
1097 2772 1239 2843 quod
1266 2771 1407 2826 Deus
1428 2768 1575 2824 solus
1594 2774 1698 2827 est,
1730 2765 1822 2835 qui
1841 2763 1975 2819 dicit
1999 2779 2014 2816 :
2037 2760 2151 2831 Ego

572 2889 710 2937 sunt,
740 2870 829 2943 qui
849 2880 1005 2924 sum:
1033 2875 1089 2921 et
1121 2878 1228 2919 una
1279 2869 1364 2918 est
1404 2860 1492 2914 illa
1537 2856 1631 2914 Dei
1682 2853 2005 2921 substantia,
2035 2866 2154 2921 qua:

574 2978 790 3035 semper
817 2968 901 3017 est
926 2977 940 3014 :
974 2957 1061 3014 cui
1082 2957 1127 3013 si
1158 2955 1280 3026 quis
1303 2969 1361 3011 se
1389 2949 1713 3021 adiunxerit,
1739 2962 1878 3003 imus
1904 2946 1986 3000 nllt
2031 2959 2153 3001 cum

575 3068 642 3109 eo
664 3034 905 3125 spiritus,
928 3056 985 3104 et
1002 3062 1100 3117 per
1121 3045 1273 3101 illum
1310 3042 1401 3115 qui
1443 3055 1657 3111 semper
1703 3046 1807 3105 est,
1842 3034 2155 3104 etiam‘ipse

2310 1850 2379 1907 Ut
2429 1851 2573 1920 ﬁeret
2618 1856 2771 1919 pater
2814 1846 3108 1902 multarum
3155 1845 3398 1914 gentium,
3436 1844 3660 1899 rem
3688 1845 3725 1897 is

2238 1941 2379 2014 quod
2406 1940 2606 1993 dictum
2626 1946 2707 1993 est
2731 1949 2753 1989 .'
2769 1934 2859 1991 Sic
2882 1936 2983 1991 erit
3005 1951 3182 1989 semen
3205 1943 3366 1988 tuam.
3391 1933 3494 1989 Hoc
3510 1934 3553 1988 in
3568 1933 3723 1989 Genesi:

2242 2031 2531 2093 ostendens
2560 2028 2707 2099 enim
2727 2024 3204 2094 illisteilastcteli,
3251 2025 3382 2083 dixit
3406 2041 3420 2079 :
3442 2024 3525 2079 ’διε
3563 2024 3637 2078 erit
3670 2040 3725 2077 ιι-

2245 2144 2362 2182 men
2402 2138 2548 2183 tuum
2579 2141 2597 2178 :
2629 2128 2773 2198 quod
2821 2127 3051 2182 credens
3089 2123 3406 2196 justiﬁeatus
3449 2130 3537 2179 est.
3561 2116 3728 2177 Crediﬁt

2243 2217 2386 2275 enim
2413 2217 2557 2287 quod
2577 2217 2777 2272 mundo
2802 2215 3141 2286 impossibile
3162 2214 3390 2280 videtur,
3417 2213 3527 2267 dum
3542 2212 3588 2267 in
3604 2220 3727 2265 rerum

2244 2317 2491 2363 naturam
2522 2323 2630 2363 non
2659 2308 2825 2372 cadit,
2870 2316 2932 2361 ut
2976 2307 3191 2377 possint
3235 2320 3391 2363 senes
3432 2318 3659 2376 generate,
3691 2310 3727 2357 et

2248 2405 2401 2453 tanta
2426 2399 2580 2469 copia
2606 2396 2953 2467 multiplicari
2990 2411 3178 2452 semen
3223 2410 3402 2451 eorum
3447 2403 3500 2450 ut
3532 2391 3728 2449 uenerari

2248 2503 2354 2544 non
2382 2489 2571 2558 possit.
2626 2488 2858 2558 Ideoque
2889 2487 3130 2557 pretiosa
3153 2494 3235 2543 est
3271 2485 3416 2551 ﬁdes,
3463 2499 3561 2555 qua:
3600 2490 3729 2538 contra

2250 2580 2303 2636 id
2329 2581 2470 2650 quod
2504 2580 2609 2635 scit
2642 2588 2737 2635 aut
2762 2578 2911 2634 videt
2926 2566 3118 2634 credit
3149 2577 3380 2633 futurum
3404 2593 3417 2629 :
3440 2576 3614 2642 hacspe
3646 2585 3731 2625 mn-

2251 2671 2535 2737 solans-se,
2558 2670 2693 2741 quia
2718 2670 2864 2726 Deus
2882 2670 3081 2739 estqui
3104 2668 3382 2740 permittit,
3400 2665 3461 2722 de
3496 2679 3585 2735 quo
3603 2658 3729 2718 sentiri

2251 2766 2373 2837 plus
2398 2773 2599 2836 potest,
2616 2779 2789 2835 quam
2818 2765 3062 2819 humana
3088 2761 3419 2818 imbecillitas
3439 2759 3573 2830 capit.

2326 2858 2394 2914 Et
2441 2873 2546 2911 non
2586 2855 2887 2925 inﬁrmatus
2914 2864 2989 2910 est
3031 2854 3164 2924 ﬁde,
3186 2871 3276 2909 nec
3296 2848 3595 2908 consideravit
3607 2860 3733 2917 corpus

2256 2962 2411 3004 suum
2432 2954 2746 3012 emortuum,
2778 2958 2898 3000 cum
2910 2946 3032 3015 jam
3048 2946 3169 3015 fere
3197 2954 3394 2999 centum
3407 2951 3519 2998 esset
3535 2950 3731 3000 annonis,

2257 3050 2306 3096 et
2330 3048 2623 3094 emortuam
2657 3036 2865 3092 vulvam
2904 3037 3096 3104 Sane;
3131 3038 3187 3093 in
3237 3034 3587 3108 repromissione
3618 3039 3732 3083 auten

577 3099 958 3198 esseldieetur.
996 3137 1101 3205 Qui
1129 3149 1260 3191 vero
1282 3133 1545 3203 lougeest
1571 3131 1639 3186 ab
1675 3144 1765 3197 eo,
1808 3099 2152 3199 participium
2181 3099 2227 3162 (ἶ
2260 3130 2357 3185 Dei
2384 3145 2488 3183 non
2506 3129 2765 3183 Izmsitaeit
2789 3099 3104 3199 difﬁdentia,
3156 3128 3246 3183 sed
3290 3099 3591 3195 conﬁrmatus
3621 3128 3674 3174 est
3699 3118 3734 3169 in

579 3235 697 3303 ejus
730 3231 928 3296 sumit,
957 3242 1028 3283 ne
1075 3240 1196 3282 esse
1243 3223 1463 3294 quidem
1508 3217 1899 3285 dicitur,-sicut
1942 3218 2161 3275 era’mus

580 3339 685 3381 nos
701 3331 890 3396 gentes
926 3320 1241 3389 priusquam
1268 3315 1334 3370 ad
1357 3313 1684 3384 agnitionem
1710 3308 1955 3364 veritatis
1968 3306 2163 3362 divinae

582 3416 894 3471 veniremus
920 3428 933 3464 :
967 3408 1170 3464 etideo
1200 3405 1407 3461 dicitur
1429 3404 1573 3457 Deus
1600 3415 1795 3456 vocare
1819 3400 2022 3468 ealquce
2058 3412 2165 3451 non

584 3512 727 3569 sunt,
750 3512 1006 3571 {tanquam
1028 3511 1146 3569 qua
1166 3504 1305 3550 sunt.
1357 3493 1500 3547 Inter
1525 3504 1620 3546 eos
1647 3489 1789 3545 enim
1825 3487 1918 3558 qui
1944 3492 2087 3551 sunt,
2110 3484 2166 3540 id

585 3601 689 3658 est,
717 3590 809 3660 qui
854 3584 1319 3659 participationem
1347 3581 1549 3636 habent
1572 3577 1692 3648 ejus
1718 3578 1813 3648 qui
1853 3583 1957 3643 est,
1988 3576 2166 3630 Abra-

586 3684 739 3747 ham,
766 3679 916 3736 Isaac
940 3685 998 3734 et
1031 3675 1217 3740 lacob,
1243 3682 1301 3728 et
1345 3672 1528 3728 caeteri
1577 3668 1752 3725 sancti
1791 3674 2164 3722 numerantur.

588 3770 757 3839 Quod
774 3770 818 3825 si
838 3766 1053 3828 Gentes
1076 3763 1346 3822 credendo
1388 3762 1443 3817 in
1466 3761 1635 3819 ﬁdem
1658 3758 1881 3814 veniunt
1916 3756 2167 3821 Abrahae,

590 3869 984 3932 consequenter
1008 3855 1321 3929 pronuntiat
1345 3850 1632 3923 Apostolus
1654 3849 1801 3920 quod
1823 3848 1967 3903 Deus
2007 3862 2170 3902 voea-

591 3953 826 4009 veritea
866 3964 993 4022 quae
1036 3962 1144 4004 non
1188 3956 1315 4002 sunt
1356 3953 1614 4014 tanquam
1655 3955 1776 4012 qua:
1808 3945 1958 3996 sunt.
1989 3937 2174 3993 Potest

594 4054 776 4099 tantm
803 4042 966 4098 etiam
996 4038 1125 4095 illud
1149 4035 1377 4099 adverti,
1406 4033 1546 4090 utin
1564 4034 1668 4088 hoc
1688 4031 1809 4088 loco
1833 4044 1963 4100 erga
1989 4027 2176 4084 laudes

597 4135 696 4192 Dei
720 4126 997 4205 apostolus
1022 4130 1189 4186 latius
1211 4128 1458 4184 videatur
1481 4123 1704 4190 adlisus,
1737 4130 1793 4179 et
1814 4121 2027 4177 initium
2060 4120 2174 4190 pri-

596 4244 698 4286 mae
736 4227 855 4297 ejus
879 4235 1141 4283 creaturae
1160 4238 1284 4279 eum
1307 4221 1663 4277 admiratione
1689 4229 2176 4282 memorasse,cum

597 4334 665 4373 ex
695 4318 863 4373 nihilo
880 4332 1001 4372 esse
1026 4315 1153 4371 fecit
1173 4315 1444 4378 universa,
1484 4318 1540 4367 et
1571 4325 1635 4366 ea
1685 4325 1807 4382 qum
1852 4323 1960 4364 non
2000 4316 2177 4368 erant,

599 4408 1077 4478 nirtutepotentim
1097 4421 1207 4462 suae
1228 4412 1485 4490 tanquam
1516 4418 1634 4474 quae
1650 4410 1851 4468 essent,
1905 4408 1963 4457 et
2000 4399 2175 4456 subsi-

602 4511 811 4558 sterent
845 4501 1124 4556 evocavit:
1152 4508 1208 4556 et
1260 4500 1334 4554 ita
1362 4478 1503 4553 ei.in
1533 4460 1781 4553 creando
1828 4495 1967 4551 nihil
2021 4494 2185 4549 fuisse
2215 4460 2263 4520 D

600 4594 844 4661 difﬁcile,
866 4601 929 4647 ut
954 4609 1076 4648 cum
1096 4592 1234 4648 nihil
1257 4592 1538 4656 existeret,
1568 4590 1749 4645 omnia
1770 4590 1952 4645 subito
1997 4594 2187 4642 vocata

604 4689 680 4743 ita
711 4684 988 4741 affuissent
1014 4694 1267 4756 tanquam
1310 4698 1431 4754 quae
1456 4697 1670 4753 semper
1689 4682 2012 4738 exstiterint.
2034 4679 2188 4748 Quod

577 4844 585 4851 .
605 4779 652 4833 si
680 4778 803 4849 quis
828 4776 982 4833 nobis
1004 4776 1235 4845 objiciet
1250 4775 1395 4829 illum
1418 4772 1656 4844 Apostoli
1672 4788 2009 4839 sermonem,
2032 4788 2189 4842 quem

578 4872 676 4927 'ad
707 4869 1019 4927 Corinthios
1044 4867 1250 4923 scribit
1299 4866 1392 4921 ubi
1429 4866 1583 4931 dicit,
1632 4866 1755 4936 quia
1786 4866 2191 4935 contemptibilis

606 4963 795 5021 mundi
821 4961 971 5031 elegit
1000 4959 1159 5024 Deus,
1183 4974 1301 5029 qua:
1329 4973 1432 5012 non
1456 4967 1599 5022 sunt,
1622 4967 1682 5011 at
1712 4972 1774 5011 ea
1793 4973 1910 5028 qua:
1943 4968 2063 5011 sunt
2086 4948 2191 5013 Ade-

604 5062 801 5119 struat,
830 5060 889 5105 ut
912 5066 1015 5104 non
1043 5047 1294 5120 glerietur
1310 5047 1482 5101 omnis
1511 5055 1831 5100 carocomm
1855 5044 1963 5099 Deo
1984 5042 2047 5117 (I
2068 5045 2190 5100 Cor.

611 5162 627 5199 ι
653 5147 697 5214 ),
724 5153 779 5199 et
801 5140 1261 5198 dicatsecundum
1285 5139 1424 5194 banc
1463 5135 1854 5206 expositionem
1881 5136 2192 5201 convenire,

612 5241 673 5288 ut
700 5231 910 5289 destrui
933 5232 1184 5286 dicantur
1208 5242 1327 5300 qua:
1356 5235 1502 5294 sunt,
1528 5241 1651 5282 eum
1683 5242 1745 5281 ea
1770 5240 1890 5296 quae
1922 5240 2029 5281 non
2070 5235 2195 5282 sunt

614 5325 784 5381 electa
805 5323 937 5387 sint,
962 5322 1205 5378 dicemus
1228 5320 1296 5375 ad
1321 5319 1453 5385 haec,
1484 5318 1611 5388 quia
1659 5318 1713 5373 in
1759 5317 1850 5372 illo
1903 5317 2023 5373 loco
2061 5318 2193 5373 alios

614 5416 752 5472 dixit
778 5429 873 5470 eos
896 5413 987 5483 qui
1004 5422 1168 5479 sunt,
1198 5420 1254 5467 et
1281 5409 1416 5465 alios
1443 5410 1497 5464 in
1518 5408 1624 5466 hoc
1649 5409 1828 5480 capite
1858 5409 1913 5464 in
1954 5408 2193 5479 Epistola

614 5508 684 5563 ad
732 5507 1025 5563 Bernanos.
1059 5503 1366 5561 Declaravit
1389 5504 1533 5558 enim
1578 5502 1652 5559 ad
1695 5502 2024 5568 Corinthios,
2060 5504 2195 5573 quia

618 5596 684 5649 dc
716 5596 802 5650 bis
829 5596 1054 5661 diceret,
1078 5608 1215 5664 quos
1235 5606 1395 5663 supra
1435 5600 1864 5649 enumeraverat.
1887 5591 2031 5647 Dixit
2054 5594 2198 5649 enim

618 5697 905 5754 satiemus.
925 5683 1104 5740 Videte
1147 5684 1285 5740 enim
1329 5684 1646 5740 vocationem
1691 5692 1934 5751 vestram;
1985 5683 2199 5753 fratres,

2259 3220 2364 3288 ﬁde
2388 3218 2564 3273 dando
2592 3218 2817 3289 gloriam
2837 3218 2975 3284 Deo,
3003 3228 3207 3273 certum
3230 3218 3436 3282 habens,
3454 3215 3558 3286 quia
3572 3210 3734 3282 σαίρω·

2261 3309 2401 3364 ntisit
2422 3318 2603 3379 potens
2631 3318 2705 3364 est
2727 3318 2775 3362 et
2807 3307 3027 3363 reddere
3054 3320 3073 3360 :
3104 3309 3319 3379 ideoque
3340 3314 3593 3377 reputation
3609 3309 3664 3354 est
3683 3296 3737 3351 illi

2264 3401 2351 3454 ad»
2354 3400 2645 3470 justitiam.
2680 3398 2888 3472 (Aug.)
2920 3398 3080 3466 Quod
3104 3408 3281 3455 autem
3330 3398 3400 3453 ait
3423 3396 3481 3452 de
3512 3390 3735 3450 Abraham:

2264 3492 2413 3547 Dens
2432 3492 2657 3564 gloriam
2684 3491 2815 3557 Deo,
2842 3491 3111 3548 adversus
3151 3491 3270 3548 illos
3318 3489 3525 3562 positum
3569 3491 3648 3547 est.
3679 3476 3738 3549 illi

2267 3581 2494 3654 gloriam
2539 3596 2693 3637 suam
2730 3582 2800 3638 de
2833 3582 3093 3651 operibus
3138 3582 3271 3653 legis
3314 3593 3478 3636 utram
3520 3572 3740 3632 hominibus

2269 3671 2599 3742 quarebant.
2618 3670 2838 3743 (Anth)
2861 3670 2976 3726 [ioc
3000 3672 3163 3728 laude
3180 3672 3391 3743 dignum
3411 3663 3740 3741 praelia-tribra-

2270 3761 2397 3816 ham
2408 3801 2423 3826 ,
2437 3762 2561 3831 quia
2576 3776 2697 3817 eum
2712 3776 2770 3817 se
2781 3761 2949 3818 sciret
2966 3777 3074 3819 non
3093 3778 3275 3834 posse,
3304 3761 3620 3816 inﬁrmitatem
3639 3763 3739 3809 sum

2272 3851 2656 3920 ﬁdeﬁrmavit,
2678 3862 2739 3908 ut
2760 3855 3017 3911 crederet
3046 3870 3108 3912 se
3140 3870 3304 3927 posse
3330 3869 3419 3925 per
3462 3851 3614 3913 Deum.
3647 3839 3740 3914 (Ιυοδ

2274 3947 2438 4002 sciret
2467 3945 2583 4001 ﬁeri
2613 3961 2710 4017 per
2731 3947 2914 4002 mundi
2942 3949 3163 4004 decreta
3194 3962 3296 4005 non
3313 3960 3472 4018 posse.
3497 3939 3634 4012 Magni
3647 3934 3741 3991 enim

2272 4036 2455 4094 meriti
2480 4046 2571 4093 est
2593 4038 2734 4108 apud
2766 4038 2958 4104 Deum,
2994 4040 3089 4110 qui
3145 4047 3330 4096 contra
3373 4033 3610 4092 scientiam
3642 4036 3741 4082 suam

2275 4125 2389 4183 Deo
2415 4126 2667 4194 credidit,
2689 4143 2797 4185 non
2816 4129 3074 4185 dubitans
3088 4145 3248 4201 posse
3265 4129 3425 4194 illum,
3438 4134 3490 4181 ut
3502 4131 3602 4199 pote
3615 4118 3743 4174 Deum

2277 4218 2421 4288 quod
2445 4218 2549 4274 scit
2598 4219 2891 4275 secundum
2913 4222 3103 4277 mundi
3130 4221 3384 4277 rationem
3402 4217 3505 4273 ﬁeri
3526 4227 3609 4273 non
3624 4218 3741 4280 p055“-

2279 4307 2386 4364 Pro
2409 4317 2559 4364 certo
2586 4309 2731 4364 enim
2762 4310 2925 4366 habet
2968 4310 3146 4366 Deum
3196 4310 3332 4367 ultra
3374 4307 3596 4363 rationem
3622 4290 3744 4353 mundi

2287 4416 2412 4457 esse
2444 4417 2460 4456 :
2492 4416 2653 4458 neruo
2680 4402 2826 4459 enim
2855 4404 2999 4459 intra
3034 4404 3091 4461 id
3136 4419 3257 4460 esse
3288 4400 3524 4459 dicendus
3565 4400 3628 4450 es!
3653 4382 3744 4457 (μιαί

2288 4491 2513 4557 creavit,
2564 4490 2687 4547 ideo
2742 4492 3051 4561 hujnsmodi
3105 4490 3508 4549 remunerandus
3539 4477 3743 4561 ωιιθοοι

2288 4580 2383 4652 qui
2411 4583 2619 4638 auctori
2654 4597 2752 4638 suo
2771 4560 2890 4654 plus
2921 4583 3132 4650 tribuit,
3151 4598 3307 4654 quam
3356 4582 3462 4651 ipse
3499 4560 3745 4654 ⁸³1³⁵³⁸θῴ

2290 4651 2509 4743 (lumen!
2544 4670 2743 4728 “unius
2768 4651 2930 4744 Dretii
2963 4683 3147 4740 esset,
3170 4651 3236 4729 Vsi
3277 4685 3452 4728 omnes
3487 4678 3609 4735 atqui
3641 4651 3745 4712 δεῦθ’

2295 4768 2436 4826 rent,
2467 4761 2561 4817 sed
2586 4762 2875 4818 multorum
2924 4763 3220 4819 diﬁldentia
3277 4754 3628 4817 commendatur
3661 4744 3745 4800 ﬁdes

2296 4852 2629 4908 credentium
2657 4851 2797 4923 apud
2822 4854 3010 4908 Deum.
3069 4854 3327 4910 Hortatur
3378 4864 3494 4921 ergo
3526 4844 3679 4901 Gentes
3703 4829 3745 4885 id

2288 4946 2436 5001 hanc
2466 4946 2587 5001 ﬁdei
2608 4946 2947 5013 ﬁrmitatem,
2978 4955 3037 5002 ut
3061 4948 3155 5003 Dei
3185 4944 3559 5018 promissionem
3594 4940 3636 4989 et
3672 4938 3747 4998 81³·

2293 5040 2424 5094 tiam
2446 5038 2563 5094 sine
2588 5037 2764 5108 aliqua
2790 5037 3455 5110 ambiguitatesuscipiant,
3475 5026 3614 5088 securi
3631 5031 3747 5110 (ληίης

2290 5131 2382 5203 pio
2414 5101 2824 5201 Abraham-quia
2856 5101 2980 5187 inde
3009 5131 3243 5187 credenti
3270 5101 3380 5184 laus
3399 5121 3582 5184 main.
3605 5115 3639 5168 si
3658 5101 3748 5181 4W

2284 5223 2608 5281 incredibile
2629 5233 2730 5290 est,
2759 5234 2816 5279 et
2842 5225 3041 5281 mundo
3068 5224 3289 5280 stultum
3313 5220 3518 5279 videtur,
3554 5205 3746 5265 credam:

2285 5317 2425 5386 «quia
2473 5325 2677 5386 quanto
2726 5315 3059 5387 impossibile
3111 5324 3345 5386 putatur,
3392 5304 3518 5380 quod
3555 5295 3747 5357 credin“!

2296 5415 2450 5461 tanto
2476 5404 2646 5479 magis
2675 5406 3040 5464 honorabilior
3064 5408 3169 5463 erit
3190 5417 3422 5467 credens,
3442 5409 3490 5454 et
3509 5406 3613 5449 rere
3629 5388 3749 5442 ιιωω

2286 5500 2521 5555 stultum
2557 5509 2701 5555 esset
2731 5500 2834 5556 hoc
2861 5501 3099 5568 credere,
3132 5500 3178 5554 si
3208 5499 3319 5554 sine
3339 5495 3438 5550 Deo
3474 5486 3572 5544 ﬁeri
3608 5479 3747 5535 dicet?

2303 5600 2410 5647 tur.
2435 5593 2501 5647 Et
2531 5593 2649 5648 ideo
2676 5601 2829 5650 tanto
2855 5593 3175 5650 laudabilior
3194 5601 3273 5648 est
3297 5586 3503 5645 Abrahae
3521 5580 3626 5633 ﬁdes
3644 5573 3751 5623 σκιεο

2304 5697 2488 5740 rorum
2513 5682 2639 5751 ﬁde,
2664 5684 2788 5754 quia
2814 5684 2975 5742 nullis
2997 5696 3268 5756 signarum
3301 5672 3527 5753 prodigiis
3547 5657 3746 5721 attracta"
