3998 6202
242 378 372 435 1361

775 371 1339 432 ENARRATiONUM
1368 371 1441 428 1N
1477 371 1630 428 EPP.
1671 367 1757 427 PA
1771 368 1860 428 un

1959 366 2047 426 to.
2086 369 2147 426 ιιι.
2187 400 2256 413 --
2295 372 2361 427 tu
2402 372 2619 429 EPlST.
2660 358 2753 429 Al)
2791 372 2958 431 non.

3385 373 3535 429 .1562

241 486 551 568 latu'aotatj
579 495 684 546 est.
724 485 867 555 Quia
906 496 1088 543 autem
1120 487 1359 543 mundus
1391 496 1551 544 certa.
1604 485 1721 557 lege
1776 488 1909 547 etA
1939 484 2090 542 Unde
2120 486 2400 543 evidenter
2428 498 2653 559 apparet
2675 504 2806 568 esse
2824 498 3112 561 augmenta
3143 491 3387 560 quaedam
3406 508 3532 562 pro-

239 591 523 657 potestate
541 580 882 654 gubernatur
914 586 970 634 et
995 579 1202 649 regitur
1223 579 1384 635 modo
1428 577 1674 644 deﬁnito,
1735 578 1841 631 bo-

243 679 422 730 mines
459 679 639 727 autem
670 678 860 727 amore
888 670 1074 726 carnis
1103 671 1253 726 circa
1300 671 1567 725 rationem
1613 667 1842 725 studiosi

245 764 603 835 Demnhujus
632 763 883 835 opiﬁcem
921 762 1292 834 neglexerunt,
1318 764 1478 828 Deus,
1512 771 1571 816 ut
1599 776 1845 818 errorem

248 856 510 921 suiterret,
533 861 588 910 et
623 854 793 910 Deum
828 869 887 911 se
922 854 1164 910 omnium
1201 855 1617 919 demonstraret,
1640 852 1742 907 hoc
1784 864 1845 906 se

249 965 409 1020 posse
428 958 487 1003 et
502 946 699 1004 fecisse
717 947 1001 1020 praedicari
1027 946 1213 1014 voluit,
1238 947 1380 1018 quod
1411 945 1613 1001 mundo
1634 944 1839 1016 impos;

249 1043 408 1099 sibile
425 1050 531 1109 est,
556 1043 741 1113 utqui
772 1042 876 1097 hoc
922 1041 1229 1107 crederent,
1279 1039 1550 1096 damnatis
1608 1039 1694 1095 his
1750 1036 1845 1107 qui

251 1135 464 1190 ratione
514 1132 725 1188 nmndi
751 1130 922 1187 inﬂati
973 1131 1141 1187 Deum
1203 1129 1577 1200 neglexerunt,
1626 1126 1843 1184 discreti

250 1225 593 1281 salvarentur
647 1223 744 1279 Dei
800 1222 1039 1279 dominio
1077 1220 1391 1292 mancipati.
1443 1218 1669 1293 (θήῃ.)
1730 1218 1847 1273 Me-

252 1315 362 1373 rito
389 1325 573 1371 autem
603 1321 661 1370 et
684 1327 837 1369 more
873 1312 979 1368 sibi
1017 1312 1176 1378 solito
1228 1312 1321 1367 ubi
1373 1312 1439 1367 de
1471 1309 1576 1365 ﬁde
1619 1315 1842 1374 tractat,

250 1405 548 1478 Apostolus
567 1403 843 1476 conjungit
866 1412 933 1458 et
945 1416 1119 1474 spem,
1148 1402 1326 1458 sciens
1353 1392 1474 1456 ﬁdei
1521 1414 1674 1471 spem
1703 1399 1845 1455 inse-

246 1492 573 1568 parabiliter
594 1495 886 1561 cohaerere,
909 1496 1049 1551 sicut
1068 1502 1135 1549 et.
1154 1495 1205 1548 in
1235 1490 1472 1563 Epistola
1498 1491 1849 1549 ad‘llebrmos
1876 1568 1877 1571 η

257 1589 403 1650 idem
427 1588 819 1645 docet-dicens:
842 1586 938 1641 Est
963 1595 1139 1641 autem
1158 1586 1289 1656 ﬁdes
1330 1586 1725 1656 sperandarum-
1765 1602 1844 1640 re-

257 1692 379 1735 rum
398 1679 693 1735 substantia
716 1678 969 1733 indicium
996 1692 1101 1732 non
1121 1676 1485 1748 apparentinm
1513 1674 1710 1745 (Hebr.
1731 1692 1783 1729 XI
1800 1676 1838 1745 ).

257 1770 329 1825 Et
352 1770 549 1825 iterum
579 1769 645 1824 in.
664 1769 767 1825 hac
787 1769 979 1824 eadem
1005 1768 1071 1824 ad
1094 1765 1367 1824 Romands
1398 1766 1715 1838 Epistolain
1741 1778 1840 1836 po-

1943 572 2117 632 féetus
2136 576 2333 643 inﬁde,
2352 587 2406 634 et
2428 579 2638 651 aliquos
2653 564 2853 637 habere
2877 589 3084 652 partem
3108 581 3233 637 ﬁdei
3258 580 3530 655 exiguam,

1943 666 2076 723 alios
2099 683 2370 740 magnam,
2399 669 2536 726 alios
2558 685 2687 726 vero
2702 671 2904 727 habere
2926 688 3140 727 omnem
3163 671 3321 729 ﬁdem
3341 713 3353 726 .
3384 672 3536 730 Unde

1942 765 1998 814 et
2020 756 2307 830 Apostolus
2326 759 2568 816 dicebat:
2601 760 2663 817 Si
2681 762 2900 817 habeam
2921 779 3126 817 omnem
3145 763 3322 832 ﬁdem,
3365 763 3438 818 ita
3480 776 3537 821 tu

1945 863 2143 909 montes
2162 853 2481 924 transferam
2507 853 2573 923 (Ι
2599 852 2725 910 Cor.
2748 851 2905 929 xm).
2962 855 3069 911 Sed
3099 864 3154 910 et
3185 855 3239 915 in
3291 856 3539 927 Evange-

1943 944 2030 1001 liis
2052 940 2301 1018 discipuli
2329 946 2602 1001 dicuntad
2646 944 2933 1001 Dominum
2962 947 3118 1017 quasi
3164 947 3362 1017 quibus
3405 963 3541 1002 non-

1944 1037 2072 1117 dum
2100 1038 2258 1110 plena
2284 1037 2484 1094 inesset
2509 1036 2664 1102 ﬁdes,
2697 1037 2842 1109 Auge
2871 1038 3018 1092 nobis
3034 1038 3211 1107 ﬁdem.
3240 1037 3538 1094 Considera

1945 1145 2097 1195 sane,
2127 1130 2173 1186 si
2198 1128 2493 1186 secundum
2530 1144 2592 1183 ea
2624 1144 2746 1200 qua:
2774 1129 2840 1184 de
2872 1128 2974 1185 ﬁde
2996 1130 3246 1197 dicimus,
3280 1131 3444 1185 eti.~.m
3470 1126 3537 1186 de

1945 1221 2229 1278 charitatis
2254 1220 2558 1291 augmentis
2583 1219 2833 1276 similiter
2878 1234 3167 1291 possumus
3211 1221 3539 1293 intelligere,

1945 1312 2021 1368 ita
2046 1321 2107 1368 ut
2132 1312 2374 1368 dicamus
2398 1312 2464 1367 de
2486 1309 2753 1366 charitate
2782 1310 2924 1366 sicut
2953 1317 3007 1364 et
3037 1310 3124 1364 ille
3150 1310 3287 1365 dixit
3319 1328 3331 1365 :
3365 1310 3427 1366 Si
3447 1311 3542 1365 Ιιίι-

1945 1405 2092 1459 beam
2116 1420 2319 1459 omnem
2345 1403 2502 1474 ﬁdem
2524 1417 2541 1469 ;
2567 1403 2616 1460 si
2650 1402 2879 1460 habeam
2925 1416 3141 1458 omnem
3170 1402 3494 1457 charitatem
3524 1420 3538 1457 :

1944 1506 1999 1554 et
2022 1497 2171 1555 illum
2207 1497 2410 1553 habere
2436 1511 2653 1554 omnem
2704 1496 3048 1560 charitatem,
3096 1495 3187 1565 qui
3224 1495 3406 1551 omnia
3453 1495 3541 1549 illa

1948 1589 2197 1647 habuerit
2225 1604 2346 1659 qua:
2393 1588 2611 1660 propria
2642 1587 2929 1645 charitatis
2956 1594 3104 1653 sunt,
3146 1587 3286 1645 sicut
3313 1586 3548 1657 Aposto-

1946 1678 2030 1736 lus
2058 1681 2188 1739 dicit
2216 1699 2228 1734 :
2258 1677 2504 1735 Charitas
2526 1680 2729 1749 patiens
2754 1688 2853 1741 est,
2878 1679 3099 1750 benigna
3130 1688 3226 1743 est,
3261 1696 3363 1734 non
3386 1679 3545 1749 inﬂa-

1944 1781 2049 1829 tur.
2081 1788 2184 1826 non
2207 1771 2511 1836 wmnlatur,
2559 1786 2663 1825 non
2702 1770 2979 1826 ambitiosa
3008 1778 3103 1835 est,
3129 1787 3233 1825 non
3276 1787 3546 1842 perperam

259 1852 784 1918 sterioribusdicit:
818 1851 1267 1931 Speautentsalvi
1313 1860 1441 1930 facti
1484 1874 1687 1913 sumus.
1718 1857 1844 1929 Spes
1876 1862 2078 1932 Bagit,
2144 1878 2248 1917 non
2296 1862 2565 1925 irritatur,
2622 1859 2799 1931 omnia
2849 1858 3057 1925 tolerat,
3108 1860 3286 1915 omnia
3357 1860 3546 1924 credit,

259 1965 439 2010 autem
456 1968 576 2026 quis
600 1953 826 2020 videtur,
851 1970 954 2008 non
977 1960 1052 2007 est
1071 1968 1206 2023 spes.
1225 1949 1379 2017 Quod
1400 1948 1692 2020 enimquidet
1707 1950 1846 2020 quis,

259 2047 388 2118 quid
408 2046 625 2117 sperat?
654 2044 715 2101 Si
742 2058 860 2100 vero
886 2042 1029 2116 quod
1054 2060 1157 2098 non
1182 2043 1415 2097 ridemus
1437 2054 1730 2111 speramus,
1760 2056 1852 2128 per

259 2136 570 2205 patientiam
593 2144 955 2206 exspectamus
978 2131 1149 2206 (Rom.
1175 2132 1275 2204 ix).
1299 2131 1571 2200 Quod'ait,
1600 2130 1702 2203 Spe
1719 2130 1853 2186 salri

262 2228 393 2299 facti
416 2244 621 2292 sumus,
656 2227 758 2282 hoc
782 2225 928 2281 idem
974 2224 1121 2295 quod
1148 2224 1277 2279 alibi
1312 2224 1464 2288 dicit,
1495 2223 1625 2294 quia
1658 2238 1754 2292 per
1788 2224 1852 2290 βο
1880 2230 1885 2237 ‘

261 2320 383 2374 dem
418 2318 607 2381 saluati
632 2330 812 2373 sanius
836 2333 855 2382 ;
883 2325 969 2382 et,
1022 2313 1185 2370 Fides
1236 2325 1327 2369 tua
1376 2323 1425 2368 te
1459 2314 1664 2370 saluum
1689 2314 1853 2385 fecit;

261 2420 343 2479 et,
374 2410 669 2467 Secundum
698 2410 854 2480 [idem
885 2417 1031 2463 tuam
1058 2408 1322 2478 contingat
1355 2407 1469 2461 tibi.
1511 2406 1642 2475 Quae
1671 2407 1856 2476 utique

264 2505 375 2561 illis
413 2504 669 2559 dicuntur
703 2502 805 2573 qui,
847 2500 1131 2558 credentes
1157 2499 1212 2553 in
1237 2496 1420 2555 Iesum
1477 2506 1627 2570 spem
1676 2512 1856 2570 gesse-

264 2604 397 2652 runt
421 2597 489 2651 ab
512 2610 580 2651 eo
615 2609 674 2651 se
705 2608 863 2665 posse
913 2592 1115 2649 curari.
1169 2590 1323 2647 Sicut
1353 2598 1536 2646 autem
1580 2590 1857 2645 Abraham

266 2698 458 2746 contra
477 2703 626 2758 spem
656 2687 709 2742 in
739 2701 889 2757 spem
921 2684 1172 2749 credidit,
1204 2684 1276 2739 ita
1303 2682 1492 2738 omnes
1524 2683 1614 2753 qui
1648 2697 1745 2755 per
1796 2682 1860 2735 ﬁ-

267 2781 394 2837 dem
423 2779 516 2834 ﬁlii
547 2786 672 2833 sunt
698 2777 935 2832 Abrahae
963 2783 1149 2832 contra
1175 2790 1324 2846 spem
1356 2774 1409 2828 in
1448 2789 1599 2844 spem
1632 2773 1880 2829 credunt.

268 2870 339 2926 de
366 2868 589 2940 singulis
614 2866 917 2938 quibusque
962 2873 1084 2937 quin
1120 2865 1371 2929 credunt,
1403 2863 1519 2919 sive
1563 2861 1631 2917 de
1676 2877 1862 2917 resur-

268 2958 514 3015 rectione
539 2965 899 3024 mortuorum,
931 2956 1045 3011 sive
1065 2956 1131 3011 de
1156 2954 1474 3017 haereditate
1518 2953 1669 3023 regni
1700 2952 1863 3009 cmlo-

268 3067 415 3107 runt.
441 3048 566 3131 llaec
589 3049 1044 3120 enim,.quantum
1067 3047 1134 3104 ad
1162 3057 1409 3103 naturam
1436 3032 1728 3107 humanam
1745 3061 1863 3117 spe:

1952 1952 2127 2006 omnia
2157 1960 2350 2020 sperat,
2378 1950 2556 2005 omnia
2585 1949 2803 2003 sustinet
2836 1947 2901 2020 (1
2925 1948 3047 2003 Cor.
3086 1949 3238 2017 xm),
3268 1958 3324 2004 et
3348 1959 3547 2004 caetera

1953 2044 2039 2100 his
2057 2043 2274 2099 similia.
2301 2042 2432 2112 Qme
2459 2040 2504 2097 si
2538 2042 2660 2112 quis
2688 2042 2901 2105 habeat,
2964 2049 3111 2098 recte
3150 2042 3282 2097 mihi
3330 2043 3545 2097 videtur

1954 2141 2059 2197 dici
2089 2142 2233 2212 quod
2283 2138 2480 2194 habeat
2524 2152 2739 2192 omnem
2792 2137 3112 2199 charuatem
3151 2154 3164 2191 :
3197 2152 3318 2211 qum
3362 2138 3546 2195 chari-

1956 2246 2040 2290 tas
2067 2234 2183 2290 sine
2205 2233 2368 2289 dubio
2393 2248 2460 2289 ex
2486 2233 2573 2289 his
2601 2233 2825 2304 singulis
2856 2234 2922 2289 ab
2949 2233 3204 2304 Apostolo
3229 2249 3390 2306 supra
3417 2249 3548 2289 enu-

1956 2326 2180 2387 meratis
2204 2325 2451 2396 partibus
2473 2334 2703 2381 constat.
2738 2324 3004 2381 Similiter
3037 2334 3220 2381 autem
3245 2334 3300 2383 et
3344 2328 3408 2381 de
3448 2328 3550 2381 mi-

1956 2414 2253 2470 sericordia
2281 2423 2336 2469 et
2376 2417 2580 2486 pietate
2609 2416 2928 2486 ctetcrisque
2973 2416 3265 2472 virtutibus
3313 2416 3552 2472 arbitror

1958 2506 2064 2562 dici
2087 2521 2266 2577 posse.
2292 2500 2360 2561 Et
2389 2506 2527 2562 forte
2553 2521 2650 2577 per
2677 2508 2791 2563 hare
2811 2506 3044 2579 singula,
3069 2506 3211 2563 sicut
3237 2508 3303 2564 de
3333 2502 3436 2564 tide
3470 2506 3552 2564 di-

1959 2607 2129 2664 ctum,
2158 2599 2287 2670 quia
2316 2598 2447 2665 ﬁdes
2476 2608 2724 2670 reputata
2751 2608 2836 2656 est
2859 2601 2926 2656 ad
2940 2600 3232 2672 justitiam,
3278 2601 3352 2656 ita
3384 2609 3439 2655 et
3484 2602 3553 2656 de

1959 2690 2228 2746 charitate
2255 2689 2359 2749 dici
2383 2698 2582 2761 potest,
2607 2691 2732 2761 quia
2754 2699 3001 2761 reputata
3026 2700 3111 2747 cst
3139 2692 3377 2747 charitas
3403 2692 3453 2747 ei
3482 2692 3551 2746 ad

1955 2779 2246 2847 justitiam,
2269 2788 2365 2835 aut
2392 2781 2592 2852 pictas,
2609 2791 2704 2837 aut
2723 2782 3115 2838 misericordia.
3141 2781 3247 2837 Sed
3272 2784 3560 2839 videamus-

1954 2871 2068 2941 jam
2102 2888 2164 2927 ea
2187 2889 2307 2943 quae
2325 2882 2765 2944 consequuntur:
2790 2874 2856 2929 Et
2882 2892 3007 2940 non,
3028 2874 3219 2944 inquit,
3254 2875 3557 2945 inﬁrmatus

1962 2972 2036 3017 est
2073 2963 2125 3016 in
2150 2963 2274 3035 ﬁde,
2302 2980 2395 3018 nec
2421 2963 2769 3035 consideravit
2793 2981 2947 3041 suum
2992 2980 3182 3041 corpus
3232 2974 3548 3029 emortuum,

1963 3071 2082 3109 cum
2108 3054 2439 3119 {ere'centum
2466 3061 2599 3109 esset
2630 3072 2911 3120 annorum,
2936 3065 2982 3110 et
3010 3066 3301 3110 emortuam
3343 3053 3552 3109 vulvam

268 3149 407 3207 σιω,
431 3148 621 3197 contra
647 3154 798 3210 spem
826 3139 1118 3195 videntur:
1154 3145 1616 3208 quantumautem
1657 3137 1725 3193 ad
1767 3152 1864 3208 po-
1900 3139 2125 3214 Δδανιινε
2146 3142 2199 3196 in
2214 3144 2608 3210 repromissione
2624 3146 2781 3199 etiam
2816 3144 2911 3199 Dei
2941 3162 3046 3201 non
3092 3146 3349 3201 Itwsitavit
3400 3143 3553 3214 difﬁ-

271 3233 501 3297 tentiam
530 3231 646 3299 “ei,
702 3232 757 3287 in
790 3246 886 3302 Spe
931 3232 1258 3298 Cfedlﬂlllﬂ‘;
1285 3229 1533 3301 exemplo
1582 3222 1859 3285 Abraham
1887 3210 1932 3273 Ο
1963 3235 2162 3303 dentm,
2192 3236 2283 3291 sed
2305 3237 2632 3307 confortatus
2665 3247 2738 3292 est
2756 3236 2894 3308 ﬁde.
2925 3234 3194 3306 Quantum
3226 3210 3553 3307 quidcm'ad

271 3326 567 3391 credentis,
600 3324 727 3396 quia
766 3338 1103 3395 qumcunque
1152 3321 1409 3394 promisit
1459 3320 1623 3401 Deus,
1667 3325 1862 3403 potens

270 3428 362 3475 est
405 3416 685 3491 etfacere,
711 3417 755 3472 si
774 3425 954 3473 tamen
986 3416 1071 3472 his
1092 3415 1184 3484 qui
1212 3416 1444 3471 credunt
1470 3424 1687 3469 maneat
1705 3413 1859 3480 ﬁdes,

270 3522 425 3580 spes,
452 3508 709 3569 charitas.
741 3505 808 3562 Et
829 3515 958 3577 puto
992 3505 1136 3576 quod
1166 3506 1341 3576 prima
1373 3505 1564 3562 salutis
1604 3506 1754 3561 initia
1807 3514 1864 3562 et

271 3598 394 3669 ipsa
422 3596 771 3653 fundamenta
817 3595 952 3652 ﬁdes
1000 3602 1123 3651 est:
1155 3594 1431 3666 profectus
1469 3612 1600 3652 vero
1641 3591 1714 3651 ‘et
1761 3614 1862 3652 au-

272 3697 494 3761 gmenta
526 3686 739 3743 aediﬁcii
770 3701 894 3757 spes
913 3692 1034 3741 est:
1064 3684 1328 3757 profectio
1354 3695 1532 3742 autem
1561 3695 1616 3743 et
1648 3684 1869 3749 culmen.

277 3780 445 3838 tutius
468 3770 649 3850 operis
675 3778 913 3834 charitas
938 3796 952 3832 :
980 3788 1036 3833 et
1057 3777 1179 3834 ideo
1207 3777 1381 3848 major
1400 3780 1638 3836 omnium
1664 3780 1869 3836 dicitur.

276 3869 538 3927 eharitas.
569 3869 738 3941 Igitur
768 3868 1042 3924 Abraham
1066 3877 1258 3924 contra
1287 3884 1440 3941 spem
1473 3871 1527 3924 in
1568 3885 1715 3940 spem
1743 3884 1864 3925 cre-

278 3962 434 4030 didit,
469 3971 531 4018 ut
559 3972 723 4033 pater
738 3948 901 4025 ﬁeret
916 3960 1206 4017 multarum
1238 3961 1498 4032 gentium,
1522 3976 1644 4031 qua:
1696 3960 1861 4016 l‘uturi

278 4068 464 4117 essent
485 4059 626 4115 sicut
653 4057 822 4115 stellae
842 4056 986 4121 coeli,
1013 4071 1121 4111 non
1142 4056 1316 4112 solum
1360 4055 1723 4123 multitudine,
1767 4057 1873 4117 sed

277 4159 341 4207 et
363 4149 630 4207 charitate
655 4146 976 4222 [claritate]
1010 4165 1023 4201 :
1056 4147 1256 4218 quique
1272 4147 1612 4217 promittenti
1636 4146 1866 4215 ﬁdeliter

279 4240 531 4306 credens,
559 4257 683 4305 non,
713 4237 910 4309 inquit,
947 4236 1246 4307 inﬁrmatus
1276 4246 1351 4291 est
1397 4236 1521 4308 ﬁde.
1550 4236 1704 4305 Quod
1735 4238 1865 4294 dicit

278 4348 392 4390 non
420 4330 724 4388 inﬁrmatus
739 4339 823 4388 est
842 4329 967 4396 ﬁde,
990 4329 1278 4386 ostendere
1316 4329 1448 4385 mihi
1488 4329 1701 4385 videtur
1745 4344 1867 4385 esse

279 4424 570 4496 quamdam
595 4422 964 4479 inﬁrmitatem
988 4421 1042 4477 in
1066 4420 1187 4477 ﬁde.
1216 4421 1370 4491 Quod
1385 4421 1428 4476 si
1450 4427 1534 4477 est
1555 4422 1862 4495 inﬁrmitas,

278 4529 368 4577 est
392 4519 511 4576 sine
531 4517 694 4574 dubio
713 4524 769 4585 et
799 4516 1026 4582 sanitas,
1048 4516 1193 4572 sicut
1210 4525 1269 4572 et
1292 4516 1429 4571 alias
1472 4515 1709 4572 ostendit
1737 4532 1860 4572 cum

280 4610 452 4667 dicit:
483 4608 707 4680 lncrepa
732 4606 851 4662 illos
882 4607 1096 4671 acriter,
1119 4616 1177 4660 ut
1205 4606 1323 4660 sani
1351 4606 1456 4660 sint
1483 4606 1556 4662 in.
1581 4605 1686 4674 ﬁde
1732 4606 1859 4674 (Tit.

280 4698 561 4771 1).Beatus
588 4712 719 4770 ergo
744 4706 829 4754 est
847 4697 939 4768 qui
969 4713 1075 4752 non
1101 4695 1406 4771 inﬁrmatur
1432 4695 1486 4750 in
1513 4694 1632 4753 ﬁde.
1653 4695 1712 4752 Si
1733 4710 1863 4755 vero

280 4768 408 4864 quis
432 4768 751 4855 inﬁrmatur,
783 4803 969 4844 curam
998 4785 1119 4856 ejus
1144 4768 1402 4842 desciibit
1424 4786 1711 4856 Apostolus
1737 4804 1862 4844 cum

282 4884 418 4941 dicit
444 4880 850 4951 :‘lnﬁrmantem
900 4889 1074 4935 autent
1111 4880 1167 4933 in
1217 4877 1321 4948 ﬁde
1362 4878 1611 4942 assumite
1659 4896 1763 4935 non
1806 4881 1867 4935 in

281 4973 741 5046 disceptationibus
760 4972 1155 5045 cogitationum.
1191 4971 1334 5026 Nam
1361 4970 1499 5027 alius
1527 4972 1689 5027 credit
1712 4991 1870 5029 utan-

283 5069 486 5124 ducare.
509 5065 717 5121 omnia:
740 5066 829 5137 qui
853 5075 1029 5119 autem
1050 5063 1291 5132 inﬁrmus
1309 5074 1406 5130 est,
1426 5061 1570 5119 olera
1591 5065 1873 5121 manducet

286 5159 464 5233 (Rom.
505 5159 641 5231 xiv).
673 5157 781 5213 Per.
812 5158 954 5228 quod
1007 5157 1195 5227 utique
1245 5156 1493 5227 designat
1542 5158 1688 5213 verbi
1723 5158 1869 5214 olera

284 5251 583 5326 prmbenda
601 5266 721 5306 esse
749 5251 801 5305 ei
820 5249 912 5320 qui
938 5249 1245 5304 inﬁrmatur
1275 5248 1331 5302 in
1358 5246 1484 5316 ﬁde,
1514 5262 1583 5303 ne
1611 5248 1767 5320 plena
1808 5251 1873 5306 ﬁ-

286 5344 378 5401 dei
401 5343 648 5405 doctrina
688 5341 1074 5405 cunctantibus
1123 5341 1178 5396 in
1226 5356 1290 5397 ea
1336 5348 1391 5395 et
1439 5342 1670 5411 quodam
1708 5343 1884 5399 modo

286 5432 1010 5507 “rotantibus-inseratur.
1070 5431 1219 5489 Sana
1272 5442 1463 5487 autem.
1495 5431 1645 5495 ﬁdes
1674 5432 1873 5491 dicitur

290 5542 415 5597 quae
442 5525 683 5596 perfecta
715 5532 821 5589 est,
842 5519 904 5579 et
929 5524 1013 5580 cui
1045 5523 1180 5579 nihil
1207 5524 1356 5579 deest
1377 5538 1393 5577 :
1415 5532 1473 5579 et
1499 5524 1616 5594 ipsa
1647 5533 1731 5580 est
1752 5540 1887 5595 quae

292 5614 470 5671 credit
493 5614 820 5671 manducare
848 5614 1049 5679 omnia,
1078 5613 1132 5668 id
1154 5623 1255 5679 est,
1291 5628 1410 5684 quae
1450 5628 1643 5683 capere
1699 5624 1879 5686 potest

291 5707 477 5763 unmia
502 5725 516 5760 :
541 5723 702 5778 quam
730 5707 821 5777 qui
847 5706 1028 5771 habet,
1058 5706 1314 5777 spiritalis
1341 5706 1638 5787 appellatur
1665 5718 1720 5763 et
1741 5707 1878 5779 diju-

295 5796 445 5857 dicat
475 5798 680 5866 oumia,
698 5807 755 5854 et
778 5799 830 5855 in
853 5797 997 5855 nullo
1026 5792 1272 5857 Sermone
1299 5798 1653 5861 scandalizari
1682 5810 1878 5872 potest.

1891 4563 1941 4624 D

1962 3325 2263 3396 simplicem
2290 3327 2525 3399 pertinet
2579 3327 2934 3393 intellectum,
2984 3326 3291 3405 evidentem
3332 3326 3557 3398 protulit

1963 3417 2229 3472 rationem
2267 3404 2421 3488 iquod
2450 3417 2725 3474 Abraham
2784 3435 2906 3476 cum
2961 3404 3201 3487 audisset
3255 3419 3356 3475 sibi
3384 3437 3412 3475 ει
3448 3418 3558 3476 Deo

1963 3507 2205 3564 sobolem
2232 3506 2558 3579 repromitti,
2590 3527 2698 3566 non
2730 3511 2968 3582 respexit
2996 3513 3067 3568 ad
3101 3521 3379 3568 emortuus
3423 3527 3557 3568 ceu-

1965 3608 2159 3654 tcuaru
2185 3600 2426 3670 corporis
2446 3600 2527 3654 sui
2559 3601 2721 3666 vires,
2750 3601 2818 3656 dc
2845 3616 2957 3671 quo
2981 3601 3170 3672 utique
3211 3616 3561 3672 nequaquam

1962 3689 2167 3760 sperari
2203 3699 2387 3759 posset
2409 3684 2512 3744 ulla
2541 3692 2812 3746 successio
2827 3707 2845 3753 :j
2866 3690 2958 3747 sed
2989 3693 3285 3760 potentiam
3327 3693 3556 3762 promit-

1966 3778 2128 3833 tentis
2160 3779 2404 3846 intuitus,
2438 3779 2569 3835 nihil
2601 3778 2816 3836 diiiicile
2841 3797 2963 3849 esse
2989 3783 3220 3838 credidit
3248 3782 3300 3836 in
3329 3783 3415 3837 his
3438 3800 3560 3853 qua:

1964 3869 2315 3937 promittebat
2336 3871 2679 3939 omnipotens
2711 3890 2723 3925 :
2753 3872 2846 3925 sed
2873 3871 3034 3936 dedit,
3092 3872 3291 3942 inquit,
3328 3855 3556 3943 giarium

1965 3957 2095 4023 Deo,
2125 3950 2443 4030 intelligens.
2456 3958 2624 4027 solius
2651 3958 2745 4027 Dei
2772 3973 2892 4017 esse
2921 3976 3137 4027 munus,
3189 3961 3277 4016 ubi
3309 3962 3559 4017 humanae

1965 4050 2309 4106 fecunditatis
2348 4050 2475 4121 jura
2524 4063 2892 4109 cessaverant.
2951 4053 3143 4111 Merito
3196 4054 3360 4127 igitur
3413 4040 3563 4112 dedit

1965 4142 2192 4214 gloriam
2209 4142 2316 4198 Deo
2336 4143 2427 4212 qui
2455 4151 2664 4201 natura:
2682 4143 2857 4200 fuerat
2873 4144 3129 4201 desertus.
3143 4145 3380 4207 auxiliis.
3403 4145 3556 4213 llaec,

1969 4243 2029 4290 ut
2059 4235 2190 4299 dixi,
2232 4244 2494 4303 quantum
2521 4236 2587 4291 ad
2613 4235 2912 4306 simplicem
2936 4236 3344 4314 intelligentiam
3394 4239 3562 4308 perti-

1966 4334 2079 4392 net,
2096 4323 2429 4381 suﬁicienter
2442 4324 2591 4380 dicta
2616 4326 2958 4382 videbuntur.
2987 4326 3051 4382 Si
3062 4340 3191 4381 vero
3206 4327 3327 4397 quis
3339 4329 3561 4399 objiciet

1968 4418 2125 4477 nobis
2150 4437 2163 4473 :
2189 4418 2472 4487 Quomodo
2501 4419 2701 4488 poterit
2718 4419 2993 4477 Abraham
3026 4420 3078 4475 in
3111 4416 3424 4475 Centenario
3459 4436 3558 4476 an-

1969 4529 2163 4569 norum
2186 4528 2413 4568 numero
2455 4513 2662 4583 positus
2705 4513 2937 4570 emortui
2987 4514 3231 4585 corporis
3275 4515 3406 4579 dici,
3467 4515 3559 4585 qui

1966 4604 2664 4678 posteaquatn§ttscepisset
2685 4604 2856 4671 lsaac,
2878 4615 2935 4661 et
2958 4605 3215 4665 defuncta
3240 4615 3383 4663 esset
3397 4605 3558 4671 Sara,

1964 4714 2085 4771 (pne
2117 4697 2627 4768 eumnonagenaria
2672 4708 3005 4768 conceperat.
3041 4707 3099 4755 et
3137 4699 3351 4755 vixerat
3402 4700 3562 4755 annis

1964 4800 2183 4851 centum
2203 4789 2390 4863 viginti
2415 4797 2650 4860 septem;
2682 4798 2883 4859 postea.
2904 4790 3083 4846 etiam.
3106 4805 3267 4860 quam
3294 4805 3560 4852 annorum

1964 4882 2321 4955 quadraginta
2364 4881 2541 4937 factus
2589 4877 2742 4934 Isaac
2801 4879 3012 4950 accepit
3058 4879 3388 4941 Rebeccarn,
3439 4888 3563 4948 post

1966 4976 2069 5031 ista
2099 4974 2281 5031 omnia
2306 4969 2583 5028 scribitur
2609 4985 2625 5025 :
2649 4971 2719 5039 Et
2758 4987 3024 5041 apponens
3051 4970 3335 5047 Abraham
3363 4969 3562 5038 accepit

1976 5081 2191 5123 uxorem
2217 5063 2301 5119 cui
2343 5050 2531 5118 nomen
2571 5061 2797 5117 Cet/mra
2822 5078 2841 5115 :
2868 5072 2917 5116 et
2962 5060 3157 5132 peperit
3203 5060 3251 5113 ei
3291 5058 3562 5115 Jembram

1979 5153 2300 5227 [Zamram]
2330 5164 2379 5208 et
2404 5152 2589 5209 Zexau
2613 5151 2875 5225 [Jecsan]
2897 5161 2945 5205 et
2968 5150 3190 5216 Medon,
3239 5161 3286 5206 et
3316 5149 3561 5215 Madian,

1975 5259 2023 5304 et
2051 5248 2209 5305 Iesse
2236 5246 2521 5320 [Jesboclt]
2553 5256 2602 5301 et
2631 5244 2734 5301 See
2767 5243 2973 5318 [Sne]:
3002 5243 3272 5322 quomodo
3313 5258 3441 5315 ergo
3480 5244 3561 5299 vi-

1938 5392 1947 5395 _
1977 5344 2190 5405 uehitur
2218 5341 2451 5404 emortui
2475 5339 2741 5411 corporis,
2794 5339 2901 5410 qui.
2920 5339 3090 5395 multo
3130 5339 3313 5395 senior
3343 5338 3565 5407 etl‘cctus

1978 5442 2292 5506 quamnunc
2308 5441 2450 5501 erat,
2477 5441 2536 5490 et
2557 5448 2781 5495 uxorem
2812 5433 3080 5502 accipere,
3128 5441 3185 5487 et
3230 5448 3326 5489 sex
3355 5432 3557 5487 liberos

1981 5526 2155 5598 potuit
2176 5524 2516 5597 procreare?
2536 5523 2681 5592 Quas
2705 5522 3040 5605 objectionos
3069 5532 3126 5578 ut
3151 5524 3407 5589 decenter
3442 5538 3565 5593 pos-

1983 5621 2154 5679 simus
2172 5620 2478 5686 excludere,
2507 5618 2896 5689 expositionem
2924 5618 3156 5679 emortui
3185 5617 3427 5687 corporis
3474 5618 3569 5674 illo

1987 5710 2387 5777 transierimus,
2416 5719 2474 5767 ut
2502 5710 2749 5768 dicamus
2777 5710 3051 5767 Abraham
3103 5726 3209 5769 non
3248 5708 3566 5767 inﬁrmitate

1990 5804 2239 5863 humana:
2263 5803 2438 5861 atatis
2465 5810 2790 5867 emortuum,
2823 5803 2916 5860 sed
2939 5802 3234 5861 secundum
3268 5800 3414 5856 illam
3459 5799 3567 5854 vir-
