3998 6202
599 372 735 430 1563

1229 371 1290 426 Β.
1328 367 1577 424 RABANI
1618 367 1835 422 MAURI
1874 363 2191 423 ARCHIEP.
2234 362 2542 420 MOGUNT.
2580 359 2866 429 OPERBM
2904 357 3202 423 PARS'III.
3308 378 3317 387 ο
3612 364 3706 419 liii

597 494 786 555 tutem,
821 500 981 571 quam
1014 484 1185 540 sancti
1232 484 1287 540 in
1317 482 1620 554 semetipsis
1658 481 1830 552 primo
1862 480 2165 551 implentes,
2196 482 2242 540 A
2274 503 2576 567 ,ερρυιοιιιηι
2603 501 2687 550 ρει
2739 492 2980 550 credenti
3008 491 3137 548 ﬁdes
3159 490 3486 561 adju‘stitlam,
3518 492 3711 553 itaett'm.

593 578 757 634 etiam
785 575 995 632 caeteris
1016 574 1201 631 haberi
1230 584 1467 641 monent,
1494 584 1548 630 et
1585 572 1770 629 dicunt
1797 591 1810 627 :
1858 572 2169 641 Mortiﬁcate

596 668 826 724 membra
866 677 1031 721 vestra
1060 682 1179 738 qua:
1214 676 1334 722 sunt
1380 681 1539 736 super
1581 673 1775 719 terram
1816 662 2019 736 (Calas.
2051 661 2165 732 ιιι).

599 757 733 819 Nam
762 767 815 815 et
843 759 1131 814 absurdum
1163 766 1294 828 puto
1337 756 1383 812 si
1433 758 1537 812 hoc
1578 756 1777 811 bonum
1820 753 1962 825 quod
2012 754 2064 808 in
2112 766 2172 807 se

597 852 797 911 Paulus
837 850 1024 905 habuit
1067 848 1263 921 (neque
1307 849 1449 905 enim
1493 848 1612 903 aliis
1664 848 1971 916 imperaret,
2028 842 2173 915 quod

600 944 716 1018 ipse
739 957 845 997 non
872 939 1115 1013 fecerat),
1134 940 1200 1005 si,
1226 939 1465 1007 inquam,
1484 939 1587 992 hoc
1607 938 1803 993 bonum
1822 935 1962 1006 quod
1978 933 2173 990 Paulus

601 1037 807 1102 habuit,
833 1033 1102 1089 Abraham
1134 1039 1339 1085 tantum
1370 1028 1755 1099 patriarcham,
1804 1040 1964 1094 quem
2006 1023 2172 1078 etiam

601 1142 757 1184 suum
774 1134 981 1196 patrem
998 1124 1128 1180 dicit
1144 1122 1451 1192 Apostolus,
1467 1135 1573 1173 non
1592 1118 1874 1196 credamus
1888 1114 2173 1171 habuisse?

601 1219 728 1275 Fuit
747 1234 876 1289 ergo
899 1218 1060 1273 etiam
1084 1215 1138 1269 in
1163 1190 1252 1270 illo
1282 1210 1626 1267 mortiﬁcatio
1648 1210 1749 1264 ista
1776 1190 2168 1263 membrorum:

603 1326 713 1365 non
737 1309 1064 1365 incitabatur
1090 1305 1321 1369 luxuria,
1347 1319 1452 1358 non
1480 1301 1733 1375 urebatur
1754 1299 1992 1362 libidine,
2035 1297 2177 1352 sicut

607 1400 681 1455 illi
732 1398 800 1456 de
846 1397 1041 1468 quibus
1084 1393 1372 1467 Apostolus
1414 1392 1543 1447 dicit
1575 1410 1586 1445 :
1616 1388 1806 1444 Melius
1861 1396 1935 1442 est
1986 1386 2176 1441 nubere

605 1506 763 1563 quam
797 1491 901 1543 uri.
930 1486 1043 1542 Hoc
1066 1486 1206 1541 idetn
1234 1492 1349 1539 erat
1379 1483 1507 1537 etin
1532 1479 1687 1546 Sara,
1716 1479 1842 1549 quia
1869 1476 2177 1533 defecerant

608 1582 758 1637 Sara?
784 1579 900 1634 ﬁeri
936 1576 1236 1633 muliebria.
1275 1574 1388 1628 Non
1416 1571 1563 1626 enim
1599 1578 1717 1626 erat
1742 1570 1797 1624 in
1827 1567 1914 1622 illa
1959 1565 2177 1621 lascivia

607 1670 905 1735 muliebris,
967 1670 1060 1723 aut
1112 1664 1512 1722 incontinentis:
1558 1660 1855 1723 dissolutio,
1904 1672 2078 1727 neque
2124 1656 2177 1710 in

607 1780 764 1820 usum
779 1758 1016 1816 libidinis
1037 1754 1507 1829 praecipitabantur
1528 1750 1701 1807 inviti.
1727 1748 1832 1803 Sed
1849 1748 1937 1803 ubi
1956 1746 2180 1802 audiunt

2273 586 2357 641 bis
2403 584 2741 656 reputabitur
2781 581 3124 638 credentibus
3154 581 3207 636 in
3239 596 3349 637 eum
3391 584 3472 653 qui
3507 587 3712 643 suscitavit

2272 674 2454 731 losum
2474 674 2759 729 Dominum
2787 679 3032 727 nostrum
3058 686 3087 725 a
3113 672 3344 726 mortuis.
3379 671 3427 725 ln
3445 687 3533 742 quo
3557 688 3632 745 ego
3648 692 3714 746 pro

2272 765 2540 836 parvitate
2575 778 2764 819 sensus
2791 762 2897 817 mei
2931 760 3057 816 illud
3098 761 3329 826 adverto,
3365 763 3487 832 quod
3517 765 3642 820 multo
3669 768 3718 821 sit

2275 853 2706 926 magnificentius
2731 853 2787 908 in
2807 852 3056 909 laudibus
3076 851 3168 906 Dei
3187 838 3479 907 resuscitare
3495 851 3632 908 Jesum
3649 857 3718 909 Du-

2275 946 2479 1001 minum
2514 956 2758 1005 nostrum
2781 960 2812 998 a
2836 943 3080 1008 mortuis,
3122 958 3274 1014 quam
3310 943 3476 1000 fecisse
3506 947 3651 1001 omium
3681 960 3717 1002 et

2276 1048 2499 1103 terram,
2523 1052 2734 1093 creasse
2762 1036 2982 1107 angelos
3009 1043 3065 1090 et
3083 1035 3321 1091 caelestes
3339 1036 3591 1092 condidisse
3605 1038 3716 1091 virtu.

2278 1140 2381 1186 tes.
2402 1130 2557 1185 Aliud
2577 1130 2721 1185 enim
2752 1128 2849 1184 fuit
2878 1127 3058 1183 facere
3073 1143 3190 1196 qua:
3208 1142 3307 1182 non
3327 1138 3480 1193 erant,
3504 1129 3583 1183 hoc
3597 1138 3718 1184 autem

2279 1236 2535 1293 reparare
2578 1235 2696 1290 qua:
2715 1221 3020 1291 perierant;
3056 1218 3182 1273 illud
3223 1216 3317 1273 fuit
3358 1218 3557 1273 nondum
3584 1219 3717 1275 dilecta

2278 1312 2578 1375 instituere,
2609 1310 2843 1379 hocjam
2861 1308 3056 1364 dilecta
3080 1308 3378 1372 restituere;
3422 1304 3530 1361 illud
3565 1307 3720 1376 denique

2272 1403 2537 1474 iussione,
2584 1401 2687 1457 hoc
2732 1400 2982 1471 passione
3008 1397 3298 1469 perfectum
3327 1406 3417 1453 est.
3493 1396 3576 1451 Sed
3618 1397 3722 1465 hujus

2280 1488 2413 1548 tanti
2470 1500 2687 1561 tamque
2742 1489 3011 1562 magniﬁci
3051 1486 3286 1560 mysterii
3322 1488 3372 1542 in
3412 1487 3500 1542 ﬁde
3532 1488 3720 1541 Abraham

2279 1583 2448 1656 patris
2473 1582 2639 1637 nostri
2661 1582 2832 1637 forma
2861 1587 2917 1635 et
2946 1579 3124 1650 imago
3166 1584 3510 1656 praecesserat:
3534 1576 3591 1630 illi
3629 1577 3721 1629 enim

2281 1676 2604 1740 crediderat,
2634 1688 2756 1729 eum
2785 1670 2980 1727 oﬂ‘erre
3002 1669 3219 1724 unicum
3240 1652 3509 1738 iuberetur,
3545 1666 3721 1735 quiacta

2281 1769 2511 1825 mortuis
2539 1781 2662 1822 eum
2685 1765 2948 1820 suscitare
2976 1769 3155 1832 potest
3176 1760 3329 1815 Deus.
3350 1756 3722 1813 Credideratetiam

611 1864 814 1910 tantam
836 1849 1169 1922 posteritatis
1190 1854 1431 1919 Spem,ct
1454 1842 1653 1899 sobolis
1675 1857 1784 1897 sua:
1801 1838 2025 1910 gloriam
2042 1836 2182 1892 coelo
2214 1850 2256 1908 Β
2285 1861 2425 1933 quod
2457 1876 2563 1916 non
2583 1859 2659 1913 iui
2685 1867 2894 1912 tantum
2916 1855 3068 1910 hanc
3117 1868 3202 1908 res
3241 1860 3362 1908 “me
3394 1858 3632 1922 gererem,
3663 1846 3724 1901 sed

607 1955 661 2004 et
718 1943 982 2000 sideribus
1027 1938 1436 2008 exaequandum,
1492 1933 1584 1988 ubi
1635 1932 1750 1986 hzec
1791 1928 2034 1993 audiunt,
2073 1938 2181 1982 nun

608 2036 880 2108 aspiciunt
895 2033 964 2088 ad
990 2030 1205 2102 propria
1228 2029 1393 2092 bona,
1435 2026 1503 2081 ad
1540 2021 1886 2081 continentia:
1928 2018 2180 2090 gratiam,

610 2128 677 2184 ad
704 2124 1066 2181 membrorum
1104 2117 1594 2179 mortiﬁcationem,
1619 2115 1711 2168 sed
1733 2113 1848 2166 hate
1867 2109 2046 2165 omnia
2062 2122 2183 2177 qua).

611 2222 714 2280 sibi
741 2221 890 2276 lucra
916 2216 1202 2279 ducebant,
1225 2198 1557 2268 arbitrantur
1578 2209 1921 2271 detrimenta,
1944 2213 2005 2259 ut
2027 2202 2185 2259 Chri-

612 2316 757 2375 stum
784 2312 1142 2371 lncrifaciant.
1166 2309 1340 2364 Velim
1376 2322 1502 2377 ergo
1528 2302 1892 2365 considerare,
1930 2298 2057 2369 quid
2105 2295 2185 2350 vi-

612 2425 731 2466 smn
753 2407 824 2463 sit
844 2404 1010 2460 Paulo
1037 2398 1366 2474 promittenti
1388 2396 1565 2460 nobis,
1595 2392 1718 2465 quia
1767 2392 1909 2447 sicut
1954 2389 2184 2445 Abrahae

2283 1963 2340 2011 et
2363 1955 2557 2011 semini
2584 1954 2721 2025 ejus,
2766 1952 2858 2022 qui
2883 1960 2969 2006 est
3011 1948 3280 2012 Christus,
3328 1945 3469 2016 plena
3499 1939 3725 1998 sacramenti

2286 2044 2486 2099 veritas
2527 2026 3044 2099 servareturalnde
3092 2037 3313 2106 denique
3350 2033 3551 2105 gaudeas
3583 2031 3726 2083 unicum

2286 2131 2565 2196 oﬁ'erebat,
2601 2129 2744 2200 quod
2765 2130 2820 2185 in
2844 2142 2911 2183 eo
2939 2142 3047 2182 non
3074 2125 3339 2181 interitum
3372 2114 3727 2193 posteritatissel

2287 2224 2682 2295 reparationem
2708 2220 2890 2279 mundi
2919 2228 2976 2275 et
2993 2217 3377 2274 inuovationem
3398 2213 3536 2267 totius
3550 2216 3730 2266 creamur

2289 2330 2410 2385 qua:
2435 2330 2534 2386 per
2564 2311 3016 2368 resurrectionem
3047 2307 3259 2365 Domini
3280 2304 3496 2360 restituta
3539 2311 3601 2356 cst
3635 2296 3729 2366 mgi-

2293 2408 2458 2464 tabat.

1558 2562 1559 2565 ᾧ
1652 2594 2805 2779 ιιΒΕἯΤΙυε.

1026 2794 1386 2907 SEQUITUR
1421 2830 1646 2891 CAPUT
1684 2832 1772 2887 Π.

687 2952 811 3012 Non
847 2961 1022 3009 autem
1049 2952 1301 3022 scriptum
1330 2955 1406 3003 est
1425 2953 1633 3018 propter
1652 2944 1820 3014 ipsum
1849 2940 2040 3005 solum,
2061 2940 2185 3008 quia

613 3057 910 3120 reputatum
931 3053 1005 3101 est
1039 3042 1118 3099 illi
1148 3042 1219 3096 ad
1233 3041 1521 3114 justitiam,
1549 3036 1639 3093 sed
1663 3036 1822 3091 etiam
1852 3043 2064 3105 propter
2090 3048 2185 3086 nos

612 3138 799 3212 quibus
820 3134 1147 3207 reputabitur
1174 3129 1499 3186 credentibus
1522 3128 1575 3182 in
1605 3143 1741 3191 eum,
1792 3124 1882 3196 qui
1920 3122 2187 3178 suscitavit

611 3211 795 3287 Iesum
809 3226 1075 3282 Christum
1099 3222 1380 3277 Dominum
1397 3228 1629 3273 nostrum
1651 3234 1682 3270 a
1704 3213 1941 3277 mortuis,
1963 3211 2052 3281 qui
2074 3220 2187 3266 tra-

612 3322 756 3377 ditus
781 3327 857 3373 est
876 3324 1080 3388 propter
1095 3321 1303 3384 peccata
1334 3318 1512 3364 nostra
1542 3318 1591 3361 et
1611 3303 1837 3360 surrexit
1858 3300 2189 3373 prapterjus-

614 3410 952 3481 ti/icationem
967 3415 1217 3460 nostram.
1236 3399 1440 3481 (Amb.)
1452 3398 1509 3453 In
1534 3397 1805 3453 Abraham
1821 3393 2045 3448 formam
2061 3390 2189 3445 dicit

615 3478 795 3555 datam
815 3492 1016 3550 Iudaeis
1036 3500 1091 3547 et
1117 3478 1386 3562 gentibus,
1406 3495 1466 3540 ut
1491 3484 1734 3553 exemplo
1759 3481 1877 3550 ejus
1904 3479 2190 3536 credamus

615 3590 672 3645 in
700 3584 868 3643 Deum
899 3592 954 3638 et
983 3584 1036 3637 in
1068 3580 1366 3643 Christum,
1392 3585 1447 3632 et
1471 3576 1523 3630 in
1553 3581 1799 3629 sanctum
1831 3569 2112 3640 Spiritum,
2135 3574 2189 3622 et

617 3686 893 3751 reputetur
920 3673 1075 3731 nobis
1097 3669 1329 3739 iustitia.
1357 3664 1613 3734 Quamvis
1636 3661 1849 3718 diﬁ'erat
1872 3659 2011 3730 quod
2046 3670 2189 3736 nunc

616 3771 871 3835 creditur,
904 3781 1067 3823 unum
1098 3774 1275 3819 tamen
1307 3761 1503 3816 donum
1530 3755 1695 3813 habet
1735 3754 1886 3809 ﬁdes.
1921 3751 2033 3807 Hoc
2061 3764 2188 3821 ergo

615 3860 995 3931 consequimur
1006 3855 1144 3927 quod
1160 3852 1449 3915 credimus;
1467 3847 1749 3903 credentes
1760 3843 1901 3898 enim
1919 3840 2188 3897 Christum

616 3955 711 4011 Dei
731 3922 851 4008 esse
869 3922 1062 4005 Filium
1089 3962 1119 4000 a
1140 3945 1250 4002 Deo
1272 3941 1590 4010 adoptamur
1611 3937 1663 3992 in
1689 3935 1827 3990 ﬁlios
1853 3951 1865 3987 :
1890 3922 2024 3987 nihil
2046 3931 2188 3985 enim

612 4046 755 4099 "ultra
774 4040 1157 4112 potnitdonare
1175 4032 1534 4092 credentibus,
1547 4041 1706 4097 quam
1720 4018 1779 4078 tit
1797 4023 1887 4077 lilii
1905 4022 1998 4077 Dei
2013 4020 2191 4076 dican-

619 4141 708 4188 tur
733 4104 950 4202 periidis
972 4120 1250 4178 abdicatis.
1279 4115 1385 4171 Nos
1406 4114 1547 4169 enim
1572 4110 1665 4164 ﬁlii
1686 4109 1785 4164 Dei
1810 4120 2085 4168 vocamur,
2114 4104 2187 4159 illi

616 4196 796 4278 aute-nt
833 4233 933 4274 nec
962 4214 1103 4271 servi
1133 4212 1277 4282 digni
1304 4215 1427 4264 sunt
1462 4201 1781 4273 nuncupari.
1814 4200 1918 4255 Pro
1980 4196 2186 4253 inﬁnita

615 4314 760 4370 enim
786 4306 1181 4382 magniﬁcentia
1202 4314 1299 4359 sua
1325 4301 1465 4355 Deus
1484 4299 1586 4353 hoc
1608 4293 1826 4351 donavit
1847 4290 2190 4363 diligentibus

617 4421 697 4473 se,
723 4403 863 4476 quod
886 4380 995 4457 sua
1027 4397 1244 4469 dignum
1273 4400 1355 4448 est
1384 4388 1682 4459 majestate;
1715 4400 1821 4440 non
1849 4381 1992 4452 quod
2018 4380 2191 4436 homi-

618 4513 716 4554 nes
740 4474 1070 4556 mereantur,
1097 4484 1221 4558 quia
1252 4486 1305 4539 in
1327 4483 1465 4539 dono
1493 4480 1613 4551 plus
1634 4476 1805 4548 magis
1831 4474 2009 4531 dantis
2029 4487 2189 4543 quam

619 4585 935 4658 accipientis
978 4579 1351 4638 consideratur
1393 4572 1711 4637 sublimitas,
1742 4577 1798 4624 et
1843 4583 1909 4622 ex
1969 4580 2035 4621 eo
2074 4563 2192 4634 plus

621 4656 813 4749 accipit
840 4671 1013 4729 laudis
1032 4684 1151 4725 cum
1178 4664 1413 4738 parvulis
1444 4676 1632 4732 magna
1662 4660 1797 4714 dona
1842 4656 2072 4725 largitur
2097 4669 2195 4724 per

619 4767 912 4829 Christum,
944 4760 1032 4832 qui
1073 4756 1242 4813 nostri
1290 4766 1449 4809 causa
1479 4748 1649 4806 occidi
1682 4760 1741 4803 se
1781 4759 1973 4815 passus
2006 4751 2110 4807 cst,
2136 4749 2196 4796 ut

620 4875 719 4915 nos
749 4858 871 4913 data
900 4850 1057 4908 venia
1087 4864 1118 4903 a
1164 4844 1399 4902 secunda
1449 4848 1623 4899 morte
1656 4841 1890 4898 erueret,
1922 4832 1976 4887 id
2022 4840 2123 4894 est,
2163 4844 2192 4884 a

619 4964 778 5023 praua
829 4941 1049 5009 inferni,
1080 4947 1136 4995 et
1171 4934 1429 4998 surrexit,
1457 4938 1516 4985 ut
1562 4944 1660 4999 pro
1708 4925 1893 4981 lmtilia
1936 4922 2195 4991 triumphi

620 5012 812 5098 inertis
844 5035 1033 5093 evicee
1077 5028 1305 5101 gratiam
1331 5022 1486 5078 nobis
1523 5013 1925 5089 jnstiﬁcationis
1949 5012 2193 5076 donaret,

621 5141 680 5187 ut
705 5127 854 5201 digni
879 5135 1123 5182 essemus
1148 5118 1254 5174 diei
1284 5115 1379 5169 ﬁlii
1407 5111 1520 5167 Dei.
1548 5109 1689 5164 Ante
1714 5105 2021 5177 passionem
2052 5102 2192 5157 enim

620 5223 712 5294 qui
748 5216 1007 5291 baptizati
1057 5223 1183 5268 sunt
1236 5207 1407 5264 solam
1452 5200 1825 5259 remissionem
1871 5200 2199 5263 acceperunt

622 5283 986 5384 peccatorum,
1016 5315 1244 5375 quorum
1297 5297 1412 5353 zelo
1441 5294 1669 5350 Satanas
1713 5285 1912 5344 occidit
1948 5283 2194 5340 Salvato-

626 5372 770 5468 rem;
807 5406 930 5469 post
955 5372 1405 5451 resurrectionem
1438 5398 1564 5439 vero
1612 5388 1722 5435 tam
1775 5378 1852 5443 bi,
1888 5375 1980 5445 qui
2022 5372 2195 5444 prius,

624 5462 785 5563 quam
811 5462 911 5546 isti
948 5485 1041 5556 qui
1068 5488 1257 5555 postea
1297 5474 1558 5547 baptisati
1605 5478 1751 5535 sunt,
1782 5480 1974 5523 omnes
1995 5462 2196 5535 justiﬁ-

624 5559 734 5639 ἐπὶ
757 5587 884 5637 sunt
902 5591 1006 5649 per
1025 5576 1207 5632 datam
1224 5570 1454 5627 formam
1477 5564 1599 5621 ﬁdei
1620 5559 1927 5623 Trinitatis,
1946 5562 2196 5624 accepto-

626 5684 733 5741 que
746 5644 949 5739 Spiritu
973 5671 1183 5727 sancto,
1210 5659 1302 5731 qui
1323 5658 1535 5728 signum
1559 5660 1640 5710 est
1668 5649 2025 5711 credentium,
2055 5644 2198 5715 quod

628 5736 736 5819 sint
769 5736 865 5813 ﬁlii
890 5757 1007 5813 Dei.
1043 5754 1110 5808 Et
1130 5762 1193 5807 ut
1226 5750 1296 5805 ad
1318 5746 1591 5803 cumulum
1616 5742 1776 5797 nobis
1796 5736 2198 5812 ju‘stiﬁcationis

630 5850 939 5920 proﬁceret.
962 5856 1247 5911 resurgens
1269 5836 1549 5910 pmeeptis
1571 5834 1686 5891 suis
1709 5831 2083 5888 auctoritatem
2109 5827 2200 5883 tri-

2212 2832 2258 2895 C
2288 2828 2426 2891 buit,
2443 2831 2503 2881 ut
2515 2836 2702 2880 eorum
2727 2819 2950 2875 minutos
2978 2832 3083 2874 nos
3102 2812 3405 2874 eorumhazc
3418 2805 3575 2863 ﬁducia
3586 2800 3732 2860 iam.

2286 2932 2385 2989 per
2410 2929 2570 2986 quam
2607 2910 2998 2982 justiﬁcemur,
3037 2906 3247 2962 meritis
3283 2917 3375 2958 nos
3395 2904 3734 2969 augeremuspcr

2282 2977 2448 3078 quam
2474 2977 2700 3076 gloriam
2730 2996 3086 3068 adepti,clari
3109 3005 3443 3065 appareamus
3461 2987 3507 3042 in
3528 2977 3732 3078 rest-0P6.

2287 3071 2412 3173 quia
2434 3071 2711 3171 iustiﬁcati
2757 3109 2789 3148 a
2821 3098 2995 3151 morte
3028 3088 3202 3144 teneri
3228 3101 3328 3142 non
3373 3091 3619 3153 possumus.
3654 3071 3735 3168 Pas:

2287 3193 2439 3249 sione
2468 3180 2613 3246 enim
2642 3182 2939 3242 Salvatoris
2963 3181 3111 3235 victa
3147 3188 3441 3243 mors,_qu:e
3458 3169 3581 3241 prius
3599 3156 3732 3234 peccati

2288 3298 2450 3341 causa
2475 3278 2874 3339 dominabatur,
2894 3271 3223 3343 justiﬁeatos
3265 3267 3330 3322 ab
3368 3280 3426 3320 eo
3463 3259 3642 3316 retinere
3669 3263 3734 3304 non

2289 3374 2469 3429 audet.
2503 3368 2749 3423 Traditus
2782 3373 2856 3419 est
2886 3372 3098 3433 prapter
3134 3357 3317 3413 delicta
3358 3361 3537 3412 nostra,
3565 3354 3602 3398 et
3625 3352 3735 3433 ritur

2290 3463 2422 3518 rexit
2466 3468 2674 3531 propter
2715 3428 3151 3528 justi/irationem
3197 3456 3429 3503 nostram.
3459 3433 3602 3512 (Aug.)
3628 3428 3736 3530 ‘Siutt

2290 3560 2463 3607 morte
2485 3548 2654 3618 ipsius
2676 3544 3025 3605 seminamur,
3067 3540 3147 3594 sic
3177 3539 3229 3592 in
3253 3526 3595 3589 resurrectione
3628 3515 3735 3611 ipsius

2289 3653 2682 3713 germmamur;
2712 3633 2907 3688 ctenim
2963 3645 3112 3685 mors
3152 3627 3314 3698 ipsius
3355 3616 3579 3692 signiﬁcat
3617 3609 3737 3709 intert-

2291 3738 2403 3790 tum
2431 3730 2631 3786 veteris
2652 3729 2774 3783 vitae
2802 3733 3021 3787 nostrae,
3052 3730 3109 3776 et
3135 3715 3441 3774 resurrectio
3466 3707 3600 3780 ipsius
3630 3697 3737 3765 εἰμί’

2291 3828 2418 3883 fleat
2467 3823 2757 3880 novitatem
2795 3819 2917 3873 vittr
2945 3825 3166 3871 nostrae.
3199 3812 3270 3866 De
3301 3811 3396 3865 hac
3426 3819 3476 3859 re
3499 3791 3734 3883 Apostolus:

2291 3914 2611 3987 Cousepulti,
2642 3911 2835 3980 inquit,
2863 3924 3044 3961 sumus
3090 3904 3292 3959 Christo
3334 3914 3417 3970 per
3448 3891 3682 3962 baptismum
3704 3878 3737 3927 ἱιι

2293 4015 2477 4069 morte,
2514 4011 2571 4057 ut
2591 3996 3030 4072 quemadmodum
3062 3989 3336 4049 resurrexit
3381 3983 3581 4039 Christus
3603 3991 3625 4026 a
3646 3980 3735 4072 mor:

2292 4099 2416 4163 tuis,
2449 4096 2524 4150 sic
2555 4103 2601 4148 et
2623 4109 2714 4145 nos
2737 4092 2789 4144 in
2814 4089 3039 4153 novitate
3067 4086 3187 4140 vita:
3211 4079 3501 4137 ambulemus
3521 4069 3654 4140 (Rom-
3675 4057 3736 4119 Vll-

2295 4189 2413 4245 Non
2440 4187 2579 4242 dixit
2604 4202 2618 4241 :
2645 4182 2900 4251 Traditus
2925 4187 3007 4234 est
3034 4184 3251 4247 propter
3270 4164 3640 4251 justiticationent
3674 4166 3737 4249 Ito-

2218 4269 2268 4329 Ῑ)
2293 4292 2480 4342 stram.
2512 4288 2565 4335 et
2596 4273 2889 4333 resurrexit
2919 4280 3142 4342 propter
3191 4266 3373 4321 delicta
3414 4264 3580 4312 nostra.
3605 4240 3737 4342 lar-1"is

2296 4372 2582 4431 traditione
2645 4365 2896 4421 delictum
2942 4369 3131 4424 sonat,
3205 4356 3257 4411 in
3304 4351 3411 4422 ejus
3452 4333 3738 4428 resurrtctionc

2286 4464 2496 4536 iustitia
2510 4469 2692 4526 sonat;
2717 4470 2845 4527 ergo
2872 4453 3135 4509 moriatur
3149 4447 3409 4506 delictum,
3430 4446 3477 4493 et
3496 4431 3740 4536 resurgant:

2294 4519 2458 4613 stitia.
2489 4519 2842 4608 Commendat
2870 4552 3050 4598 autem
3092 4552 3242 4597 suam
3278 4530 3560 4590 ebaritatem
3581 4520 3680 4613 Deut
3705 4519 3736 4613 Ill

2294 4645 2455 4701 nobis
2482 4662 2494 4696 :
2520 4641 2695 4712 primo
2739 4632 3168 4706 persuadendum
3196 4634 3311 4682 erat
3348 4615 3525 4677 homini
3563 4610 3737 4712 quantuli:

2296 4751 2394 4791 nos
2421 4700 2670 4789 dilexerit
2698 4700 2839 4781 Dens
2866 4734 2921 4779 et
2947 4722 3136 4794 quales
3165 4714 3435 4774 dilexerit:
3460 4709 3677 4794 quantum
3697 4700 3739 4794 ﬁt?

2274 4808 2672 4894 3059919111115;
2701 4816 2907 4888 Quales,
2937 4829 3007 4869 ne
3029 4808 3430 4881 superbiremus.
3468 4797 3595 4851 lluuc
3626 4787 3751 4894 locant.

2296 4869 2581 4985 Apostolus
2604 4869 3064 4979 pernecessarium
3108 4901 3186 4956 sic
3212 4894 3430 4964 explicat
3458 4906 3471 4942 :
3498 4869 3738 4985 Commode:

2297 5017 2491 5069 autent,
2510 5002 2703 5072 inquit,
2723 5015 2874 5054 suam
2897 4997 3201 5051 charitatem
3217 4989 3350 5043 Deus
3368 4978 3556 5038 in'nobis
3572 4971 3739 5072 quam“

2296 5114 2415 5153 cum
2436 5096 2609 5161 adhuc
2626 5101 2918 5164 peccatores
2938 5100 3181 5148 essemus,
3203 5079 3425 5136 Christus
3441 5059 3742 5164 ρνυηοῡὶξηιςπῐ

2298 5201 2421 5244 tuus
2436 5196 2531 5253 est;
2548 5152 2891 5250 multomagis
2903 5175 3184 5250 justi/irati
3200 5186 3330 5227 nunc
3350 5169 3399 5221 in
3411 5156 3621 5230 sanguine
3636 5152 3740 5253 iP‘j’

2296 5277 2429 5333 salvi
2454 5279 2648 5332 erimus
2676 5271 2741 5326 ab
2783 5272 2865 5325 ira
2892 5285 2984 5339 per
3006 5268 3194 5338 ipsum.
3240 5258 3434 5314 Etenim
3460 5250 3500 5307 si
3542 5242 3741 5339 consuite:

2299 5368 2538 5423 serimus
2562 5364 2611 5419 ei
2632 5362 2727 5432 qui
2747 5369 2831 5416 est
2847 5319 3081 5429 justiti'a,
3109 5360 3162 5408 et
3188 5351 3240 5407 in
3269 5346 3483 5404 novitate
3505 5336 3603 5389 vim
3618 5319 3742 5432 “mgf:

2303 5409 2538 5423 -υ.......-
2565 5409 2611 5419 ν.
2637 5409 2727 5432 .,_-
2751 5409 2978 5429 ---νη
3010 5409 3018 5410 ,
3067 5409 3079 5420 ,

2298 5460 2489 5522 lentus,
2521 5464 2576 5511 et
2632 5451 2927 5510 secundum
2960 5445 3223 5517 justitiam
3258 5441 3497 5518 vivamus,
3534 5409 3741 5522 "frmi!

2300 5550 2455 5606 nobis
2488 5547 2734 5604 Christus
2764 5542 2833 5598 ad
2870 5509 3303 5611 jusiiﬁcationem
3333 5509 3560 5595 hostem-

2300 5641 2538 5698 nondum
2567 5592 2912 5709 deposuimus
2947 5630 3183 5687 veterem
3204 5621 3455 5681 hominem
3485 5620 3585 5709 eum
3602 5592 3745 5709 πίὲἵῖ

2300 5671 2538 5698 ιΙυΙιυυιιι
2567 5671 2912 5709 πγωαιιυυσ
2957 5671 3086 5687 νν,ν.
3098 5671 3183 5684 ν...
3206 5671 3400 5681 ..-ηηῂκ

2299 5738 2431 5800 suis,
2476 5735 2570 5790 sed
2613 5731 2669 5785 in
2717 5725 2978 5797 iniustitia
3003 5721 3250 5800 vivimus,
3275 5710 3432 5800 audeo

2300 5777 2431 5800 se...
2477 5777 2570 5790 ην..
3238 5777 3246 5781 _
3620 5778 3629 5790 .

2300 5826 2534 5884 nondum
2565 5820 2717 5879 nobis
2742 5813 3040 5874 resurrexit
3058 5786 3298 5867 Christus
3323 5799 3382 5855 ad
3404 5777 3741 5868 iustiﬁcatme
