3998 6202
306 311 449 371 1865
825 313 1374 377 ENAMATIONUM
1412 319 1481 377 IN
1516 320 1665 378 EPP.
1705 320 1912 380 PAULI
1949 322 2079 381 LIB.
2117 324 2206 389 Ill.
2240 356 2311 366 —-
2347 324 2415 382 ΠΝ
2454 325 2673 387 EPIST.
2716 329 2815 387 AD’
2845 331 3013 393 30M.
3428 336 3605 401 liiﬁﬁt'

301 432 569 488 matram,
604 436 707 480 nec
735 425 967 482 traditus
1007 438 1093 484 est
1134 440 1356 502 propter
1399 442 1621 502 peccata
1673 442 1885 491 nostra.
1908 436 1960 497 Α
1985 434 2088 491 sibi
2114 434 2409 510 velitpacis
2432 452 2650 505 nomen,
2693 439 2893 509 eteius
2912 439 3064 513 pacis
3091 455 3211 512 quae
3236 457 3336 519 per
3381 445 3564 504 Domi-

302 515 363 570 Si
389 516 534 604 enim
559 515 663 571 hoc
697 517 878 582 credo,
912 521 1183 590 quomodo
1207 522 1335 578 illud
1365 538 1489 578 amo
1528 540 1629 595 pro
1661 540 1770 594 quo
1797 524 1886 580 ille
1985 541 2115 581 num
2163 535 2410 583 nostrum
2460 527 2644 586 Jesum
2686 529 2968 588 Christum
3013 540 3114 597 est,
3158 515 3557 604 perquiramus.

299 603 520 673 pertulit
557 608 829 662 mortem?
873 607 931 664 Si
958 611 1062 666 hoc
1101 612 1264 667 credo
1303 614 1446 683 quod
1494 615 1584 670 ille
1617 618 1686 671 ad
1716 616 1884 687 justi-
1983 612 2095 675 Pax
2122 615 2320 671 dicitur
2364 617 2457 674 ubi
2491 633 2651 675 nemo
2677 618 2931 687 dissidet,
2958 636 3117 677 nemo
3143 622 3447 691 discordet,
3467 626 3559 686 ubi
3606 678 3614 689 ,

299 694 609 750 ﬁcationem
663 699 863 752 meam'
917 699 1180 766 surrexit,
1204 702 1480 771 quomodo
1564 704 1699 760 mihi
1745 705 1887 777 inju-
1983 704 2117 759 nihil
2142 706 2356 769 hostile,
2384 707 2523 762 nihil
2552 707 2843 777 barbarum
2885 712 3110 783 geritur.
3140 710 3251 767 Nos
3298 726 3427 786 ergo
3468 716 3563 785 qui
3608 770 3613 777 ,

298 785 446 841 stitia
468 785 674 856 placet?
702 785 971 844 Justiﬁcat
987 805 1115 859 ergo
1132 804 1227 846 eos
1247 790 1493 848 Christus
1513 792 1884 851 tantummodo

298 874 392 943 qui
416 874 712 929 novitatem
743 877 990 947 exemplo
1024 879 1439 936 resurrectionis
1481 881 1652 952 ipsius
1695 898 1893 939 susce--

296 971 516 1031 perunt,
545 971 601 1018 et
625 973 838 1020 vetusta
867 963 1144 1035 injustitize
1170 978 1336 1041 atque
1373 971 1677 1042 iniquitatis
1723 974 1881 1031 indu-

295 1064 481 1109 menta
529 1055 675 1137 velut
698 1072 917 1113 causam
948 1060 1141 1116 mortis
1169 1061 1449 1131 objiciunt.
1489 1063 1596 1121 Sed
1629 1066 1760 1123 illud
1789 1082 1882 1123 νεα

294 1141 392 1197 lim
430 1145 729 1213 requirere,
766 1147 812 1201 si
840 1163 937 1217 pro
959 1150 1062 1205 hoc
1103 1151 1219 1207 solo
1247 1153 1379 1207 dicit
1418 1154 1727 1225 Apostolus,
1752 1158 1879 1228 quia

294 1246 404 1286 non
428 1242 649 1305 propter
667 1235 941 1292 Abraham
957 1239 1125 1295 solum
1151 1242 1414 1312 scriptum
1428 1252 1534 1310 est,
1549 1246 1645 1301 sed
1666 1254 1722 1302 et
1747 1262 1878 1317 pro-

291 1332 416 1392 pter
440 1340 558 1391 nos,
590 1327 734 1396 quod
773 1327 911 1384 dixit
941 1348 954 1383 :
987 1329 1218 1387 Credidit
1245 1335 1512 1390 Abraham
1540 1338 1669 1404 Deo,
1709 1349 1758 1393 et
1790 1357 1875 1396 rc-

289 1424 534 1482 putatum
565 1426 640 1471 est
679 1416 758 1471 illi
784 1419 854 1471 ad
882 1419 1167 1489 justitiam.
1197 1422 1460 1490 Putasne,
1484 1426 1572 1482 hic
1592 1442 1774 1484 sermo
1807 1444 1875 1484 ex

289 1505 545 1560 omnibus
588 1520 708 1575 qua:
734 1507 984 1563 dicuntur
1006 1508 1075 1563 de
1100 1510 1376 1567 Abraham
1403 1530 1510 1569 non
1539 1516 1712 1571 solum
1750 1533 1877 1587 pro-

289 1600 414 1661 pter
447 1593 617 1660 illum,
642 1595 736 1649 sed
760 1604 815 1649 et
835 1605 1055 1668 propter
1083 1615 1182 1655 nos
1204 1601 1438 1672 scriptus
1466 1613 1573 1671 est,
1600 1620 1667 1660 an
1689 1613 1744 1662 et
1771 1607 1872 1662 alia

287 1683 470 1755 aliqua
505 1685 828 1743 videbuntur
861 1704 967 1755 non
1004 1700 1225 1760 propter
1273 1693 1422 1749 illum
1449 1696 1644 1759 solum,
1676 1698 1771 1753 sed
1817 1707 1873 1753 ct

1981 794 2270 865 aliquando
2304 796 2506 853 fuimus
2529 797 2737 854 inimici
2766 799 2886 867 Dei,
2920 811 3210 872 sequentes
3257 803 3468 860 hostem
3506 813 3571 868 et.

1983 895 2270 959 tyrannum
2295 888 2586 954 diabolum,
2613 906 2758 948 nunc
2785 892 2831 947 si
2863 894 3006 950 illius
3043 909 3199 950 arma
3219 894 3558 969 projicimus,

1978 986 2033 1033 et
2058 979 2271 1049 signum
2301 977 2505 1035 Christi
2530 988 2583 1035 et
2608 981 2787 1037 crucis
2810 981 2927 1052 ejus
2970 985 3170 1041 vexilla
3211 988 3559 1059 suscipimus,

1978 1084 2164 1140 pacem
2190 1072 2376 1141 utique
2397 1073 2660 1130 habemus
2681 1074 2748 1129 ad
2776 1074 2968 1141 Deum,
2998 1076 3093 1132 sed
3133 1092 3233 1149 per
3271 1078 3561 1135 Dominum

1978 1168 2223 1215 nostrum
2249 1160 2433 1218 Jesum
2454 1160 2751 1226 Christum,
2778 1163 2871 1232 qui
2918 1178 3021 1219 nos
3042 1179 3147 1233 per.
3172 1166 3406 1222 hostiam
3436 1182 3562 1224 san-
3599 1213 3603 1219 .

1976 1250 2155 1323 guinis
2177 1253 2260 1308 sui
2284 1253 2651 1310 reconciliavit
2675 1253 2807 1320 Deo,
2825 1254 2965 1311 sicut
2985 1256 3052 1311 de
3074 1258 3415 1328 eovscriptu-m
3436 1266 3525 1314 est
3548 1278 3562 1312 :

1976 1339 2108 1396 Cum
2130 1359 2360 1400 essemus
2393 1344 2591 1400 inimici
2617 1343 2733 1410 Dei,
2766 1344 3086 1400 reconciliati
3114 1362 3296 1402 sumus
3323 1364 3415 1417 per
3435 1365 3561 1402 sats—

1973 1434 2187 1503 guinem
2205 1434 2376 1489 crucis
2401 1432 2530 1490 Filii
2550 1435 2666 1505 ejus
2684 1434 2867 1507 (Rom.
2903 1435 2978 1509 v).
3010 1437 3075 1493 Et
3102 1437 3230 1493 alibi
3256 1437 3397 1493 idem
3420 1437 3567 1492 Pan--

1975 1524 2059 1581 lus
2086 1525 2295 1581 addidit
2314 1526 2422 1593 his,
2445 1526 2634 1585 dicens
2659 1545 2672 1583 :
2708 1527 2976 1599 Rogamus
3000 1545 3095 1599 pro
3117 1526 3348 1596 Christo,
3381 1546 3562 1585 recens

1974 1613 2227 1671 ciliamini
2253 1616 2362 1670 Deo
2389 1614 2478 1689 (II
2503 1614 2628 1671 Cor.
2656 1615 2738 1689 v).
2769 1615 2828 1672 Si
2855 1619 2980 1689 quis
3007 1633 3138 1689 ergo
3164 1619 3329 1677 habet
3368 1634 3561 1690 pacem

1974 1707 2041 1762 ad
2064 1707 2255 1774 Deum,
2279 1716 2336 1765 et
2361 1708 2744 1764 reconciliatus
2769 1718 2853 1765 est
2871 1724 2968 1779 per
2993 1709 3312 1781 sanguinem
3334 1709 3557 1777 Christi,

286 1782 511 1845 propter
533 1792 633 1830 nos
661 1778 901 1848 scripta?
933 1796 1002 1835 an
1025 1791 1173 1838 certe
1200 1785 1381 1838 omnia
1407 1801 1528 1855 qua:
1557 1788 1625 1844 de
1648 1789 1766 1858 ipso
1789 1790 1879 1854 dia
1904 1769 1949 1828 Β
1975 1796 2114 1852 ultra
2145 1769 2251 1854 non
2284 1799 2567 1871 contingat
2607 1815 2673 1856 ea
2726 1816 2847 1871 qua:
2871 1769 3127 1858 inimica“
3143 1810 3270 1857 sunt
3298 1802 3426 1860 Deo.
3470 1804 3561 1858 Vis

287 1875 488 1921 cuntur
522 1884 626 1922 non
662 1879 883 1939 propter
912 1872 1085 1940 ipsum
1127 1874 1301 1930 solum
1339 1878 1434 1932 sed
1477 1887 1532 1932 et
1578 1895 1678 1950 pro
1716 1882 1872 1937 nobis

284 1955 561 2023 dicuntur,
592 1965 649 2011 et
673 1975 779 2015 non
831 1961 1004 2016 solum
1047 1963 1114 2017 de
1143 1962 1461 2020 Abraham?
1487 1967 1596 2023 Sed
1636 1969 1759 2025 vide
1802 1988 1871 2029 ne

283 2044 425 2101 forte
444 2048 559 2103 ha:c
580 2051 768 2105 cadent
798 2051 964 2106 etiam
993 2042 1063 2108 de
1086 2054 1236 2111 Isaac
1274 2057 1527 2114 similiter
1557 2061 1872 2133 accipienda

281 2134 415 2201 sint,
439 2145 499 2191 ut
528 2153 647 2207 qua:
672 2140 738 2194 de
787 2140 903 2211 ipso
940 2141 1143 2213 scripta
1174 2146 1303 2212 sint,
1331 2162 1435 2203 non
1467 2150 1536 2205 ad
1579 2150 1756 2220 ipsum
1782 2167 1871 2209 so-

280 2225 416 2293 lum,
440 2230 532 2285 sed
554 2239 609 2284 et
628 2247 725 2286 nos
748 2233 1034 2304 aspiciant,
1051 2222 1305 2293 isimiliter
1321 2246 1377 2294 et
1396 2239 1463 2296 de
1476 2239 1663 2310 Jacob,
1689 2252 1745 2299 et
1761 2260 1868 2301 cae-

280 2316 415 2374 teris
457 2321 804 2390 patriarchis.
864 2324 1108 2396 Namque
1176 2329 1315 2389 ratio
1364 2329 1655 2400 videbitur,
1696 2348 1733 2393 u
1803 2333 1871 2390 de

278 2406 556 2462 Abraham
609 2412 824 2480 quidem
853 2429 973 2485 qua:
1024 2417 1228 2488 scripta
1255 2428 1403 2486 sunt,
1438 2422 1603 2477 etiam
1655 2424 1723 2479 ad
1770 2440 1868 2482 nos

276 2496 550 2562 pertinere
577 2500 849 2568 dicantur,
875 2519 982 2559 non
1016 2514 1197 2562 autem
1222 2508 1383 2563 simili
1409 2507 1587 2566 forma
1613 2512 1774 2567 etiam
1802 2515 1869 2570 de

277 2576 430 2639 Isaae
456 2594 513 2641 et
537 2587 602 2643 de
623 2587 813 2656 Jacoh,
838 2601 892 2647 et
938 2593 1006 2649 de
1028 2591 1166 2650 Juda
1194 2596 1275 2650 vel
1323 2596 1544 2669 Ioseph,
1586 2610 1689 2656 etc.
1715 2602 1869 2669 Quod

275 2673 325 2729 si
378 2676 514 2731 nihil
557 2680 787 2736 rationis
820 2682 1114 2749 videbitur,
1145 2700 1243 2739 cur
1287 2685 1353 2742 de
1399 2703 1506 2742 uno
1557 2689 1867 2759 patriarcha

277 2764 385 2820 hoc
407 2765 480 2819 ita
509 2768 683 2838 accipi
710 2770 924 2836 debeat,
956 2781 1011 2826 et
1055 2787 1163 2828 non
1203 2773 1365 2830 etiam
1390 2774 1457 2831 de
1487 2779 1716 2846 caeteris,
1741 2795 1869 2836 con-

275 2868 511 2923 sequens
544 2858 671 2937 erit
700 2868 760 2914 ut
785 2860 852 2916 de
878 2863 1129 2920 omnibus
1158 2879 1278 2936 qua:
1331 2868 1534 2939 scripta
1580 2880 1727 2939 sunt,
1757 2888 1866 2929 non

274 2945 450 3019 solum
474 2959 698 3020 propter
723 2938 845 3008 illos
896 2954 987 3025 qui
1038 2963 1167 3011 tunc
1213 2966 1393 3022 erant,
1422 2938 1515 3014 sed
1546 2968 1602 3016 et
1647 2971 1870 3032 propter

273 3052 381 3093 nos
402 3040 601 3110 scripta
624 3042 931 3109 rideantur,
959 3045 1010 3099 in
1057 3044 1198 3115 quod
1238 3062 1327 3102 me
1354 3049 1625 3120 praecipue
1676 3052 1868 3110 suadet

276 3126 353 3181 ita
370 3130 573 3185 sentire
596 3131 683 3187 ille
710 3133 984 3215 Evangelii
1032 3151 1232 3204 sermo,
1266 3138 1321 3193 in
1350 3155 1459 3211 quo
1506 3142 1765 3202 Dominus
1809 3155 1865 3227 et
1893 3121 1935 3184 Ο

277 3218 528 3276 Salvator
554 3232 739 3279 noster
761 3226 831 3281 ad
858 3242 953 3284 eos
979 3228 1072 3298 qui
1097 3231 1200 3286 sibi
1223 3231 1473 3289 dixerant
1498 3253 1512 3290 ε
1539 3236 1679 3303 Quia
1702 3219 1864 3295 Pater

273 3322 451 3367 noster
499 3313 768 3370 Abraham
817 3327 911 3384 est,
943 3322 1243 3390 respondit,
1268 3320 1328 3378 Si
1378 3341 1554 3401 semen
1595 3326 1862 3382 Abraham

269 3405 476 3471 essetis,
498 3423 657 3477 opera
691 3409 867 3481 utique
918 3409 1188 3477 Abraham
1210 3414 1478 3483 faceretis,
1516 3432 1652 3471 nunc
1687 3426 1862 3472 autent

271 3496 511 3566 auaritis
538 3514 619 3552 me
656 3499 950 3568 interﬁcere
982 3501 1267 3569 hominem,
1294 3504 1384 3575 qui
1418 3506 1683 3561 veritatem
1717 3505 1862 3562 locu-

275 3592 363 3638 tus
389 3599 507 3638 sum
537 3584 707 3652 vobis,
739 3603 900 3653 quam
921 3589 1101 3644 audivi
1138 3608 1171 3644 a
1202 3589 1364 3647 Patre
1391 3610 1503 3649 meo
1524 3607 1543 3646 :
1568 3596 1665 3649 hoc
1686 3595 1860 3651 Abra-

266 3676 399 3729 ham
427 3692 532 3731 non
555 3676 676 3747 fecit
706 3679 889 3751 (Joan.
922 3683 1065 3753 vni).
1098 3682 1205 3740 Per
1226 3687 1367 3757 quod
1395 3688 1582 3758 utique
1627 3690 1863 3746 ostendit

272 3765 403 3835 quia
431 3766 523 3835 qui
557 3766 765 3824 faciunt
788 3784 950 3840 opera
978 3771 1275 3841 Abraham,
1302 3776 1392 3831 isti
1417 3786 1546 3833 sunt
1569 3777 1663 3832 ﬁlii
1688 3779 1862 3835 Abra-

272 3857 392 3923 hre,
415 3867 473 3914 et
514 3868 734 3931 propter
763 3862 883 3922 illos
915 3866 1120 3938 scripta
1166 3877 1313 3937 sunt,
1342 3884 1464 3940 qua:
1490 3871 1558 3932 de
1588 3871 1859 3931 Abraham

273 3947 478 4019 scripta
503 3959 648 4009 sunt.

900 4045 1127 4106 CAPUT
1166 4051 1232 4106 ν.

271 4152 515 4237 Ostendit
548 4157 791 4237 virtutem
825 4160 952 4229 fidei
993 4163 1049 4237 in
1094 4164 1417 4237 credentium
1452 4166 1859 4237 justiﬁcationc.

307 4226 559 4293 quoniam
576 4230 807 4301 regnarit
825 4226 967 4287 mors
988 4233 1051 4291 ab
1076 4233 1246 4289 Adam
1269 4252 1432 4307 usque
1451 4226 1520 4291 nd
1537 4226 1822 4295 Christum.

343 4337 634 4407 Justiﬁcati
650 4342 813 4411 igitur
835 4359 899 4398 ca:
923 4344 1050 4413 ﬁde,
1072 4362 1252 4416 pacem
1278 4348 1563 4411 habeamus
1591 4351 1662 4404 ad
1689 4350 1860 4406 Deum

1974 1895 2153 1944 autem
2180 1889 2368 1944 audire
2395 1904 2516 1959 quae
2552 1898 2678 1945 sunt
2702 1890 2804 1945 ista
2835 1906 2956 1961 quae
2980 1892 3201 1948 inimica
3235 1900 3369 1948 sunt
3405 1894 3559 1949 Deo?

1972 1980 2173 2037 Paulus
2216 1983 2333 2053 ipse
2361 1990 2414 2038 te
2443 1983 2620 2048 docet,
2652 1984 2745 2053 qui
2775 1983 2874 2051 ait,
2907 1982 3181 2055 Sapientia
3229 1987 3407 2041 carnis
3448 1987 3556 2041 iui-

1972 2072 2107 2125 mica
2127 2081 2201 2126 est
2222 2072 2475 2143 Deo:legi
2494 2074 2629 2128 enim
2646 2072 2741 2127 Dei
2756 2089 2860 2131 non
2880 2082 2954 2129 est
2975 2073 3205 2144 subjecta
3219 2072 3400 2146 (Rom.
3415 2076 3553 2148 vin).

1973 2160 2032 2216 Si
2057 2175 2188 2232 ergo
2212 2161 2503 2219 carnaliter
2526 2162 2727 2233 sapias,
2757 2160 2845 2218 vel
2878 2163 3046 2217 vitam
3074 2170 3227 2217 tuam
3255 2163 3559 2235 cupiditati-

1970 2253 2072 2309 bus
2086 2255 2266 2310 carnis
2279 2269 2536 2324 exponas,
2557 2263 2610 2311 et
2622 2253 2895 2310 afﬂuentia
2916 2254 3231 2310 deliciarum
3245 2253 3554 2327 resolvaris,
3574 2304 3579 2309 .

1971 2352 2064 2398 aut
2086 2343 2131 2398 si
2163 2343 2229 2398 de
2255 2343 2391 2415 legis
2436 2344 2712 2400 intellectu
2758 2344 3048 2400 carnaliter
3073 2351 3259 2400 etnon
3301 2343 3560 2416 spiritali-

1973 2444 2057 2492 ter
2076 2436 2300 2503 sentias,
2329 2448 2385 2492 et
2407 2437 2525 2493 haec
2559 2435 2953 2494 assertionibus
2985 2436 3220 2492 humana
3250 2445 3367 2491 arte
3409 2450 3557 2508 quae-

1970 2524 2089 2581 sitis
2119 2526 2291 2596 magis
2343 2541 2503 2596 quam
2544 2526 2775 2597 spiritali
2801 2526 2975 2598 gratia
3001 2525 3349 2583 etintellectu
3378 2526 3573 2583 subtim

1969 2617 2104 2675 liore
2125 2618 2409 2685 defendas,
2425 2634 2523 2691 per
2545 2620 2865 2689 sapientiam
2890 2620 3074 2675 carnis
3099 2619 3350 2675 inimicus
3379 2618 3556 2675 efﬁce-
3602 2606 3620 2621 ”

1969 2707 2046 2762 ris
2072 2707 2201 2762 Deo.
2230 2707 2343 2765 Nec
2362 2708 2510 2765 solus
2540 2710 2643 2767 hoc
2662 2706 2942 2764 Paulustin
2969 2708 3088 2764 suis
3105 2708 3303 2783 litteris
3330 2709 3559 2766 scribit:

1968 2796 2093 2853 audi
2122 2805 2179 2852 et
2203 2796 2462 2853 Jacobum
2491 2796 2717 2854 fratrem
2755 2798 2969 2853 Domini
3008 2798 3203 2854 similia
3249 2808 3559 2870 protestan-

1969 2895 2098 2954 tem,
2117 2901 2243 2943 cum
2269 2886 2430 2943 dicit:
2452 2886 2555 2954 Qui
2575 2887 2794 2943 coluerit
2815 2886 3018 2942 amicus
3038 2904 3148 2943 esse
3168 2887 3350 2943 διεσαιί
3370 2889 3573 2961 hujus,

1967 2977 2213 3032 inimicus
2243 2975 2341 3031 Dei
2369 2978 2710 3031 constituetur
2749 2975 2959 3048 (Iacob.
2976 2976 3075 3050 tv).
3105 2976 3213 3034 Sed
3233 2987 3288 3033 et
3318 2977 3557 3061 Joannes

1967 3067 2117 3137 paria
2146 3073 2417 3122 testatur:
2446 3062 2654 3132 Filioli,
2685 3065 2845 3122 nolite
2871 3082 3053 3123 amare
3099 3067 3356 3123 mundum
3388 3085 3551 3142 neque

1965 3173 2027 3211 ea
2059 3172 2175 3228 qua:
2203 3156 2261 3210 in
2282 3155 2482 3210 mundo
2500 3165 2644 3223 sunt,
2669 3157 2919 3225 quoniam
2942 3174 3094 3213 omne
3114 3158 3256 3230 quod
3278 3159 3334 3213 in
3356 3160 3552 3215 mundo

1962 3256 2039 3303 est
2067 3245 2488 3319 concupiscentia
2515 3249 2690 3302 carnis
2718 3256 2815 3314 est,
2845 3258 2894 3303 et
2934 3250 3356 3320 concupiscentia
3378 3250 3555 3307 oculo-

1962 3352 2099 3402 runt,
2122 3347 2171 3392 et
2196 3337 2441 3410 superbia
2467 3337 2584 3394 vita:
2601 3354 2718 3409 qua:
2745 3354 2849 3394 non
2875 3349 3037 3395 estea:
3057 3338 3168 3395 Deo
3197 3338 3250 3411 (l
3275 3339 3438 3396 Joan.
3470 3342 3554 3415 tt).

1960 3428 2208 3501 lgiturin
2236 3445 2343 3501 quo
2370 3430 2488 3487 haec
2527 3439 2671 3497 sunt,
2699 3446 2808 3488 non
2831 3440 3010 3503 potest
3035 3432 3235 3490 habere
3267 3448 3456 3503 pacem
3486 3435 3555 3489 ad

1962 3518 2152 3587 Deum,
2169 3521 2263 3577 sed
2288 3537 2477 3578 rursus
2503 3521 2819 3579 inimicitias
2845 3523 3228 3590 suscitatillas,
3246 3540 3345 3594 pro
3360 3525 3556 3595 quibus

1961 3608 2234 3671 salvandis
2247 3609 2497 3667 Christus
2516 3608 2946 3684 advenit.(Aug.)
2958 3611 3272 3683 Justiﬁcati,
3288 3611 3485 3683 inquit,
3500 3614 3552 3668 in

1959 3702 2214 3772 sanguine
2236 3699 2718 3773 ipsius.Justiﬁcati
2747 3700 2906 3773 plane
2926 3703 2981 3757 in
3004 3718 3070 3758 eo
3097 3704 3239 3775 quod
3258 3719 3289 3758 a
3314 3705 3552 3775 peccatis

1960 3797 2214 3853 omnibus
2259 3794 2503 3853 liberati:
2532 3796 2744 3854 liberati
2771 3807 2955 3854 autem
2982 3814 3013 3854 a
3038 3801 3278 3869 peccatis
3298 3802 3550 3858 omnibus

1960 3887 2215 3958 quoniam
2237 3902 2334 3959 pro
2355 3887 2515 3944 nobis
2532 3896 2616 3944 est
2639 3888 2733 3943 Dei
2758 3886 2949 3955 Filius,
2965 3889 3057 3958 qui
3086 3888 3291 3944 nullum
3319 3890 3553 3946 habebat

1962 3986 2266 4048 peccatum,
2300 3976 2557 4036 occisus:
2591 3976 2727 4032 salvi
2791 3991 2922 4047 ergo
2961 3977 3165 4033 erimus
3200 3978 3270 4033 ab
3320 3978 3401 4035 ira
3453 3994 3552 4050 per

1962 4068 2161 4143 ipsum,
2189 4070 2257 4125 ab
2283 4069 2367 4124 ira
2394 4069 2580 4140 utique
2610 4068 2728 4135 Dei,
2759 4083 2880 4139 qua:
2907 4068 3042 4126 nihil
3072 4076 3158 4125 est
3185 4068 3330 4126 aliud
3384 4085 3546 4141 quam

1952 4157 2099 4227 justa
2124 4158 2382 4215 vindicta.
2409 4158 2527 4214 Non
2550 4158 2697 4214 enim
2726 4159 2868 4233 sicut
2892 4159 3127 4217 hominis
3153 4161 3318 4218 animi
3342 4172 3550 4234 pertur-

1958 4249 2107 4305 batio
2141 4256 2226 4305 est
2262 4250 2345 4304 ira
2378 4250 2497 4316 Dei,
2535 4249 2629 4306 sed
2684 4249 2823 4305 illius
2862 4250 2939 4305 ira
2995 4260 3111 4319 est,
3137 4251 3228 4307 cui
3276 4252 3407 4308 dicit
3444 4253 3549 4309 alio

1959 4341 2079 4397 loco
2112 4348 2299 4397 sancta
2336 4340 2617 4412 Scriptura
2649 4359 2661 4395 :
2694 4340 2772 4396 Tu
2792 4352 2969 4397 autem
3001 4343 3257 4399 Dominus
3300 4344 3553 4401 uirtutum

267 4445 367 4501 per
406 4430 691 4488 Dominum
718 4446 956 4489 nostrum
987 4436 1171 4492 Iesum
1200 4439 1487 4495 Christum.
1520 4441 1729 4513 (Δηὼ.)
1752 4441 1855 4497 Pa-

1967 4448 2083 4486 cum
2134 4431 2516 4503 tranquillitate
2549 4432 2766 4502 judicas
2798 4432 2951 4504 (Sap.
2982 4433 3102 4507 xu).
3135 4434 3193 4491 Si
3228 4451 3361 4509 ergo
3397 4436 3563 4506 justa.

268 4538 390 4577 cem
417 4537 540 4578 cum
565 4523 675 4580 Deo
702 4527 904 4582 habere
931 4527 1063 4584 ﬁdes
1091 4529 1222 4584 facit
1247 4546 1354 4587 non
1389 4531 1474 4586 lex
1509 4548 1523 4586 :
1557 4532 1674 4588 haec
1714 4533 1858 4589 enim

268 4628 373 4668 nos
402 4615 846 4673 Deoreconciliat
870 4619 1096 4676 sublatis
1139 4623 1397 4691 peccatis,
1429 4639 1550 4694 qua:
1598 4639 1700 4680 nos
1747 4624 1860 4681 Deo

268 4702 519 4759 fecerant
546 4705 795 4764 inimicos
824 4726 838 4764 :
859 4716 914 4764 et
936 4711 1062 4779 quia
1091 4711 1352 4768 Dominus
1374 4711 1534 4770 Iesus
1554 4712 1715 4782 hujus
1740 4730 1861 4785 gra-

268 4791 365 4847 tite
389 4793 637 4850 miniSter
665 4804 766 4857 est,
798 4811 894 4866 per
941 4798 1116 4868 ipsum
1148 4800 1417 4869 paeiﬁcati
1464 4817 1651 4864 sumus
1697 4803 1809 4859 Dco
1841 4821 1856 4857 :

268 4882 450 4952 major
491 4886 636 4941 enim
687 4886 839 4954 ﬁdes,
872 4904 1034 4959 quam
1078 4890 1163 4946 lex
1200 4901 1314 4957 est;
1366 4892 1452 4947 lex
1487 4894 1630 4950 enim
1672 4903 1857 4953 nostra

270 4989 441 5030 causa
479 4975 669 5035 salutis
693 4986 802 5044 est,
842 4978 976 5036 ﬁdes
1028 4980 1229 5047 Dei,vet
1276 4983 1363 5039 lex
1398 4982 1481 5038 ad
1537 4994 1873 5053 praesentem

271 5065 619 5134 disciplinam
641 5069 901 5139 pertinet,
934 5069 1068 5126 ﬁdes
1088 5087 1237 5137 vero,
1279 5072 1346 5126 ad
1377 5072 1605 5128 salutem
1628 5073 1860 5142 pertinet

271 5166 611 5225 perpetuam.
630 5157 735 5217 Sed
753 5160 846 5230 qui
868 5161 936 5216 de
956 5161 1174 5216 Christo
1194 5176 1300 5217 non
1324 5163 1399 5217 ita
1419 5163 1591 5218 sentit
1605 5161 1857 5229 utdebet,

274 5248 347 5303 ad
371 5248 495 5303 ﬁdei
515 5251 737 5320 prtrmia
765 5267 871 5307 non
902 5253 1105 5323 poterit
1126 5245 1572 5324 pervenire,qnia
1596 5253 1720 5310 ﬁdei
1749 5269 1857 5319 non

273 5345 424 5391 tenet
443 5340 742 5406 veritatem.
779 5338 978 5414 (Θήρ.)
1015 5342 1370 5412 Apertissime
1390 5360 1488 5414 per
1510 5344 1855 5415 hoceumgui

269 5428 542 5486 intellexit
574 5431 704 5501 quid
732 5432 806 5487 sit
834 5448 899 5489 ex
928 5434 1036 5489 ﬁde
1061 5442 1115 5489 et
1142 5438 1251 5490 non
1277 5451 1343 5491 ex
1377 5436 1633 5506 operibus
1653 5434 1857 5513 justiﬁ-

269 5521 412 5586 eari,
449 5522 519 5576 ad
570 5537 759 5591 pacem
806 5525 901 5580 Dei
926 5540 1049 5594 qua:
1090 5537 1311 5598 superat
1346 5543 1564 5583 omnem
1593 5537 1857 5597 mentem,

270 5609 329 5667 in
351 5625 458 5681 qua
488 5620 544 5668 et
569 5628 780 5669 summa
826 5604 1176 5685 perfectionis
1205 5617 1472 5682 consistit,
1507 5614 1715 5675 invitat.
1752 5618 1860 5675 Sed

271 5710 335 5759 ut
391 5702 704 5776 diligentius
739 5720 959 5765 sensum
1002 5706 1397 5780 perspiciamus
1434 5708 1700 5783 Apostoli,
1731 5711 1859 5782 quid

1966 4522 2144 4578 divina
2173 4524 2410 4580 vindicta
2441 4524 2549 4579 tale
2576 4540 2775 4581 nomen
2821 4528 3050 4598 accepit,
3072 4532 3132 4584 ‘et
3151 4530 3267 4601 jam
3296 4531 3547 4587 reconci-

1964 4615 2123 4672 liatio
2134 4616 2229 4673 Dei
2245 4618 2515 4687 quomodo
2536 4618 3038 4691 recteiutelligitur,
3055 4621 3159 4678 nisi
3180 4638 3304 4691 cum
3324 4622 3446 4680 talis
3469 4624 3563 4683 ira.

1965 4708 2184 4775 ﬁnitur?
2212 4708 2322 4769 Nec
2341 4711 2545 4786 inimici
2575 4726 2793 4768 eramus
2814 4712 2937 4771 Deo
2959 4714 3062 4771 nisi
3095 4715 3549 4786 quemadmodum

1957 4800 2185 4871 iustitia:
2208 4810 2335 4856 sunt
2358 4784 2577 4858 inimica
2600 4811 2823 4874 peccala
2840 4843 2857 4870 ,
2887 4784 3371 4874 quibus—remissis
3414 4807 3555 4864 tales

1965 4892 2260 4948 inimicitiae
2304 4893 2600 4961 ﬁniuntur,
2629 4902 2686 4951 et
2740 4897 3161 4952 reconciliantur
3199 4898 3381 4967 justo,
3412 4913 3551 4969 quos

1968 4984 2082 5055 ipse
2095 4982 2361 5055 justiticat
2383 5005 2396 5040 :
2419 5002 2554 5056 quos
2579 4994 2760 5042 tamen
2787 4978 2949 5042 etiam
2973 4988 3222 5044 inimicos
3252 4989 3441 5058 utique
3466 4990 3551 5067 di—

1966 5076 2117 5141 lexit,
2139 5078 2355 5148 quando
2380 5080 2598 5148 quidem
2623 5077 2758 5132 Filio
2780 5075 2999 5148 proprio
3023 5092 3130 5134 non
3158 5088 3423 5149 peperat,
3452 5081 3550 5151 sed

1965 5185 2066 5239 pro
2094 5167 2250 5225 nobis
2292 5167 2547 5223 omnibus
2570 5182 2697 5222 cum
2722 5166 2901 5221 adhuc
2930 5165 3130 5223 inimici
3160 5181 3406 5224 essemus
3438 5178 3551 5231 tra-

1965 5257 2103 5314 didit
2127 5272 2271 5312 eum.
2303 5256 2472 5323 Recte
2514 5270 2641 5327 ergo
2684 5254 2974 5325 Apostolus
3008 5268 3228 5314 secutus
3257 5257 3501 5329 adjunxit
3530 5279 3558 5316 :.

1968 5350 2037 5408 Si
2065 5351 2204 5406 enim
2230 5367 2349 5405 cum
2371 5348 2569 5404 inimici
2590 5342 2843 5416 essemus,
2867 5349 3185 5405 reconciliati
3205 5368 3397 5408 sumus
3412 5352 3551 5421 Deo,

1964 5458 2056 5513 per
2078 5452 2298 5497 mortem
2328 5438 2458 5495 Filii
2484 5440 2621 5512 ejus,
2649 5455 2745 5512 per
2767 5456 2930 5511 quam
2956 5440 3100 5497 faeta
3129 5452 3212 5513 est
3237 5443 3331 5501 illa
3358 5446 3555 5509 remis-a

1966 5533 2047 5587 sio
2070 5539 2437 5601 peccatorum,
2459 5530 2624 5601 multo
2646 5532 2813 5603 magis
2834 5531 3152 5588 reconciliati
3174 5533 3306 5595 salvi
3326 5538 3555 5605 erimus,

1968 5622 2020 5677 in
2042 5623 2149 5677 vita
2173 5622 2336 5693 ipsius
2359 5620 2532 5694 (Rom.
2562 5621 2712 5692 vin);
2743 5622 2799 5678 in
2827 5623 2934 5678 vita
2976 5622 3134 5690 salvi,
3162 5626 3253 5697 qui
3282 5643 3380 5700 per
3404 5645 3548 5686 utor.

1970 5724 2078 5774 tem
2112 5715 2466 5773 reconciliati.
2496 5713 2629 5784 Quis
2662 5716 2809 5772 enim
2839 5715 3050 5775 dubitet
3081 5717 3331 5794 daturum
3360 5722 3550 5781 amicis
