3998 6202
560 341 714 405 1367

1193 340 1259 401 3-.
1297 339 1554 401 assam
1585 305 1818 404 unum.
1843 344 2163 402 ARCHIEP.
2210 340 2518 401 uocum.
2553 341 2848 401 ossuum.
2876 342 3058 400 psus
3092 342 3183 399 nt.

3626 352 3732 409 litis.

557 462 732 516 vitam
756 473 908 514 suam
927 465 1027 528 pro
1053 455 1258 528 quibus.
1278 457 1511 514 inimicis
1531 458 1686 514 dedit
1708 468 1948 515 mortem.
1963 473 2140 514 suam.
2170 460 2230 521 Α
2246 457 2500 528 quoniam
2534 457 2633 528 ipsi
2658 456 2841 512 Deum:
2876 457 3134 514 videbam-
3169 455 3376 530 (latin.
3398 455 3466 528 v);
3491 460 3616 518 lous
3639 479 3730 520 ιω

631 552 739 607 Per
763 567 916 623 quem
934 560 992 605 εε-
1007 566 1272 606 exessum
1293 550 1544 605 habemus
1565 552 1878 622 inrgmtlam
1893 553 2073 618 istam,
2088 553 2146 607 in
2243 552 2356 623 jam
2384 551 2654 622 aufugerit
2683 550 2836 606 dolor
2854 559 2908 604 et
2935 549 3161 605 tristitia
3183 558 3240 606 et
3262 549 3486 620 gemitus,
3511 562 3668 608 σιω
3683 570 3734 612 ει

556 664 664 718 qua
716 656 916 700 stamus
957 653 1005 699 et
1033 643 1324 714 gloriamur
1346 645 1402 698 in
1425 661 1512 713 spe
1537 645 1726 715 glorise
1762 645 1994 715 ﬁliorum
2027 645 2142 700 Dei.

561 736 764 809 (Αηώ.)
796 734 1136 790 Manifestum
1166 742 1249 790 est
1276 750 1373 805 per
1391 735 1666 790 Christum
1697 751 1794 792 nos
1816 737 2026 790 aditum
2053 737 2149 792 ιη»

557 830 689 885 bere
713 829 779 882 ad
805 827 1032 899 gratiam
1065 827 1198 880 Dei:
1230 827 1340 894 ipse
1363 836 1445 882 est
1465 827 1607 880 enim
1626 827 1829 881 arbiter
1858 826 1950 882 Dei
1978 835 2040 882 ει·
2057 829 2150 884 bo-

558 920 766 975 minum
804 917 894 986 qui
924 931 1024 972 nos
1071 916 1317 972 doctrina
1356 932 1451 971 sua
1499 917 1716 988 erigens
1756 932 1976 987 sperare
2021 916 2160 972 fecit

560 1009 768 1064 donum
788 1006 975 1078 gratia:
998 1006 1092 1060 Dei
1114 1013 1320 1061 stantes
1341 1006 1393 1060 in
1421 1006 1525 1061 {ide
1556 1005 1710 1075 ejus;
1759 1007 1881 1061 ideo
1920 1015 2146 1072 stantes,

559 1098 687 1169 quia
721 1097 871 1168 prius
902 1095 1208 1165 iacuimus:
1233 1095 1520 1152 credentes
1544 1099 1917 1152 autem-erecti
1939 1111 2146 1163 sumus,

560 1186 922 1259 gloriantesin
937 1201 1034 1256 spe
1063 1186 1323 1241 claritatis
1344 1202 1505 1255 quam
1531 1188 1786 1258 promisit
1806 1186 2145 1241 Deus-nobis.

561 1280 762 1352 (Orig)
797 1279 1077 1347 Quomodo
1099 1294 1375 1334 accessum
1407 1279 1764 1334 habemus-ad
1793 1280 2154 1352 gratiamoper

559 1370 846 1427 hominum
869 1379 1116 1426 nostrum
1132 1369 1314 1426 Jesum
1339 1368 1634 1432 Christum,
1663 1371 1774 1440 ipse
1802 1370 2055 1425 Salvator
2075 1368 2154 1426 di-

560 1464 635 1522 cit
660 1480 673 1516 :
701 1461 811 1532 Ego
825 1479 940 1516 sum
957 1462 1166 1526 ostium,
1190 1470 1237 1514 et
1264 1476 1414 1513 nemo
1435 1461 1566 1514 venit
1590 1460 1658 1513 ad
1683 1458 1914 1525 Patrem,
1939 1463 2042 1515 nisi
2061 1475 2154 1532 per

560 1569 644 1608 me
668 1552 850 1621 (Joan.
881 1551 958 1623 ιι).
994 1551 1099 1605 Per
1125 1550 1300 1620 ipsum
1330 1564 1458 1620 ergo
1491 1549 1592 1618 qui
1619 1549 1815 1603 ostium
1845 1558 1928 1604 est
1969 1565 2154 1605 acces-

563 1659 684 1698 sum
709 1641 978 1697 habemus
999 1641 1067 1696 ad
1098 1642 1344 1711 gratiam.
1398 1640 1507 1696 Sed
1540 1639 1828 1696 videmnus
1863 1640 2023 1710 quale
2071 1649 2156 1696 est

564 1735 785 1799 ostium,
827 1741 886 1788 ut
938 1733 1171 1788 sciamus
1200 1731 1394 1802 quales
1416 1747 1542 1786 esse
1564 1731 1798 1785 debeant
1825 1731 1920 1800 qui
1945 1732 2154 1784 intrant

2247 659 2369 716 qua:
2408 644 2462 698 in
2504 643 2722 713 speculo
2749 657 2892 697 nunc
2935 641 3196 696 videntur
3215 649 3270 696 et
3307 643 3358 695 in
3383 643 3634 712 enigmata,
3665 647 3729 702 de.

2247 745 2548 800 struentur,
2576 743 2631 790 ot
2659 734 2953 788 manebunt
2974 733 3076 786 illa
3092 747 3213 801 qua:
3236 742 3358 788 sunt
3377 731 3497 788 laoie
3519 734 3573 789 ad
3593 734 3732 792 larius

2251 829 2304 899 (Ι
2335 829 2456 884 Cor.
2489 827 2630 900 xm).
2653 826 2808 894 Quod
2829 826 2878 881 si
2896 827 2981 881 cui
3010 828 3154 880 torte
3182 825 3438 880 videbitur
3453 828 3559 882 huic
3583 831 3732 899 emuni-

2251 919 2382 975 tioni
2413 929 2610 974 nostrae
2638 918 2764 973 illud
2801 933 2832 973 e
2853 916 3319 987 contrario-obiici
3344 933 3502 988 posse,
3525 921 3635 990 quod
3653 924 3735 990 ipse

2248 1011 2540 1081 Apostolus
2579 1009 2746 1064 dicit:
2793 1009 2905 1064 Nos
2949 1018 3129 1064 autem
3163 1009 3380 1064 revelata
3407 1010 3524 1078 facie
3562 1012 3636 1066 Dei
3658 1015 3732 1083 glo-

2250 1103 2385 1156 riam
2415 1101 2626 1157 Domini
2659 1100 2982 1169 speculantes
3029 1101 3214 1155 eadem
3244 1101 3456 1172 imagine
3482 1103 3732 1172 reformentur

2250 1209 2282 1246 a
2303 1191 2472 1262 gloria
2501 1192 2555 1244 in
2581 1189 2808 1260 gloriam
2845 1199 3100 1261 tanquam
3138 1189 3348 1244 Domini
3369 1192 3533 1260 spiritu
3563 1191 3627 1260 (ll
3649 1193 3730 1246 Cor.

2250 1281 2354 1354 tn),
2394 1290 2458 1338 ει·
2475 1282 2623 1344 dicit,
2659 1265 2929 1351 quomodo
2957 1281 3310 1358 adhucspem
3352 1281 3518 1352 gloria:
3539 1283 3646 1353 gerit
3673 1284 3732 1352 qui

2252 1373 2490 1430 revelata
2514 1373 2625 1444 jam
2651 1372 2788 1428 facie
2811 1371 3084 1443 speculari
3109 1386 3168 1426 se
3193 1373 3321 1426 dicit
3345 1371 3544 1442 gloriam
3565 1372 3732 1434 Domini,

2252 1475 2308 1520 et
2333 1465 2504 1536 gloria
2527 1464 2580 1518 in
2609 1463 2838 1534 gloriam
2862 1461 3178 1517 reformari.
3205 1459 3337 1516 Vide
3354 1461 3394 1515 si
3417 1475 3648 1530 possumus
3669 1461 3734 1515 hoc

2254 1553 2413 1610 modo
2443 1553 2672 1618 solvere,
2703 1551 2850 1622 quod
2892 1550 3170 1620 obiectum
3214 1557 3316 1614 est,
3345 1549 3624 1604 differentias
3647 1550 3731 1603 mihi

2253 1644 2545 1714 Apostolus
2588 1643 2804 1698 videtur
2853 1643 3148 1698 ostendere
3203 1640 3497 1712 gloriarum,
3543 1647 3588 1693 et
3627 1639 3732 1692 aliam

2255 1733 2421 1788 fuisse
2449 1732 2698 1804 gloriam,
2745 1747 2867 1803 qua:
2912 1729 3086 1802 Moysi
3119 1729 3411 1786 ministerio
3438 1728 3629 1784 revelata
3661 1737 3729 1790 est,

564 1840 662 1895 per
690 1825 887 1894 ipsum,
931 1830 984 1878 et
1015 1800 1292 1877 accessum
1339 1822 1574 1876 habeant
1594 1821 1659 1874 ad
1703 1821 1950 1892 gratiam.
2003 1820 2148 1875 istud
2180 1800 2228 1860 Β
2255 1825 2322 1879 de
2351 1800 2600 1894 qua‘jam
2638 1823 2693 1878 in
2747 1800 3138 1893 superioribus
3177 1819 3428 1885 diximus,
3470 1818 3734 1873 sliaml’uissc

564 1915 764 1970 ostium
794 1915 994 1969 veritas
1021 1921 1124 1978 est,
1168 1922 1218 1967 et
1252 1928 1348 1982 per
1376 1913 1576 1966 ostium
1600 1912 1848 1966 veritatis
1879 1927 1984 1966 non
2025 1927 2152 1982 pos-

566 2006 706 2061 snnt'
738 2005 963 2062 introire
1017 2005 1324 2061 mendaces.
1381 2003 1449 2058 Et
1487 2019 1712 2058 rursum
1752 2002 1900 2058 istud
1952 2003 2151 2057 ostium

559 2097 770 2168 justitia
798 2106 897 2161 est,
936 2104 992 2152 et
1015 2113 1116 2166 per
1139 2096 1338 2152 ostium
1382 2095 1608 2165 iustitia:
1642 2109 1748 2150 non
1778 2095 2156 2165 ingrediuntur

564 2189 768 2258 lnjusti.
818 2188 966 2243 Istud
997 2189 1195 2242 ostium
1227 2188 1399 2242 dicit:
1454 2186 1650 2240 Discite
1688 2203 1719 2238 a
1751 2201 1834 2241 me
1854 2186 1980 2256 quia
2009 2186 2152 2240 mitis

566 2297 682 2333 sum
707 2288 757 2334 et
795 2277 1006 2332 humilis
1035 2279 1191 2332 corde
1237 2277 1454 2347 (Matth.
1501 2277 1602 2350 ιι).
1661 2275 1766 2330 Per
1797 2277 1994 2331 ostium
2024 2290 2153 2347 ergo

566 2367 888 2424 humilitatis
925 2377 980 2424 et
1007 2367 1437 2424 mansuetudinis
1477 2384 1577 2423 nec
1629 2367 1920 2422 iracundus
1970 2367 2152 2439 ingre-

566 2461 734 2526 ditur,
781 2475 880 2515 nec
910 2461 1194 2530 superbus.
1247 2460 1305 2514 Si
1335 2461 1456 2530 quis
1502 2461 1580 2514 ita
1605 2461 1805 2531 estqui
1856 2462 2152 2516 secundum

566 2552 808 2626 Apostoli
846 2554 1068 2607 verbum
1095 2567 1194 2620 per
1212 2552 1496 2606 Dominum
1519 2560 1762 2606 nostrum
1787 2551 1969 2607 Jesum
1997 2551 2154 2607 Chri-

570 2653 716 2699 stum
760 2657 1039 2698 accessum
1082 2641 1196 2697 vult
1248 2641 1445 2696 habere
1476 2643 1544 2696 in.
1572 2645 1802 2713 gratiam
1835 2645 2066 2709 Domini,
2098 2646 2152 2699 in

570 2750 678 2807 qua
716 2734 933 2800 Paulus,
963 2745 1017 2789 et
1056 2735 1101 2790 si
1128 2736 1225 2806 qui
1250 2745 1376 2790 sunt
1404 2736 1608 2790 similes
1629 2737 1765 2806 ejus,
1801 2744 1946 2792 stare
1981 2751 2039 2792 se
2071 2737 2154 2792 di-

570 2831 666 2897 cit,
699 2837 911 2900 oportet
938 2844 1060 2885 eum
1091 2829 1157 2883 ab
1203 2829 1286 2885 his
1322 2830 1574 2884 omnibus
1602 2845 1724 2898 qua:
1761 2844 1922 2900 supra
1951 2845 2154 2884 memo-

572 2923 812 2979 ravimus
839 2937 957 2978 esse
984 2932 1291 2993 purgatum.
1323 2923 1600 2992 Alioquin,
1634 2938 1740 2976 non
1768 2922 2004 2991 patietur
2050 2923 2154 2978 hoc

570 3016 768 3072 ostium
804 3016 1029 3070 introire
1054 3030 1152 3084 per
1183 3029 1240 3069 se
1272 3030 1365 3070 eos
1397 3015 1487 3084 qui
1539 3030 1603 3070 ea
1635 3031 1756 3086 qua:
1806 3031 1833 3070 a
1878 3029 1937 3071 se
1979 3015 2152 3070 aliena

2253 1930 2374 1986 qua:
2399 1915 2451 1969 in
2485 1913 2718 1969 adventu
2757 1912 2963 1968 carnali
2993 1911 3296 1967 Salvatoris
3317 1909 3580 1966 ministrata
3601 1907 3733 1972 estde

2253 2022 2358 2078 qua
2388 2005 2518 2060 dicit
2543 2013 2598 2061 et
2641 2003 2881 2060 Joannes
2919 2005 2972 2059 in
3003 2002 3329 2074 Evangelio:
3369 2001 3430 2055 Et
3462 2001 3637 2055 vidimus
3664 1999 3734 2068 glo-

2255 2100 2393 2153 riam
2413 2099 2544 2168 ejus,
2575 2096 2796 2167 gloriam
2823 2106 3081 2166 tanquam
3126 2094 3368 2165 unigeniti
3389 2110 3417 2146 a
3448 2091 3582 2146 Patre
3594 2089 3733 2160 plenm

2253 2190 2440 2262 gratia:
2474 2188 2782 2242 et‘veritatis
2809 2187 2994 2258 (Joan.
3025 2187 3089 2257 ι),
3123 2187 3189 2241 de
3236 2201 3350 2256 qua.
3380 2185 3526 2255 gloria
3552 2197 3635 2236 non
3656 2195 3736 2250 pos-

2253 2295 2441 2336 sumus
2466 2280 2650 2334 diccrc
2685 2279 2833 2348 quod
2865 2278 2982 2348 ipsa
3008 2280 3102 2341 sit,
3130 2294 3251 2348 qum
3281 2274 3516 2348 speranda
3543 2283 3621 2336 est,
3643 2272 3735 2325 hinc

2252 2370 2397 2426 enim
2422 2369 2622 2424 vidisse
2644 2382 2704 2423 se
2743 2368 2929 2423 dicunt
2956 2369 3212 2437 apostoli,
3245 2376 3298 2423 et
3329 2381 3444 2420 vera
3466 2373 3540 2418 εει·
3573 2363 3639 2416 illa
3659 2374 3736 2414 sen-

2257 2462 2446 2529 tentia,
2477 2476 2600 2532 qua:
2624 2460 2794 2516 dicit:
2841 2458 2999 2526 Quod
3029 2460 3172 2513 enim
3194 2458 3322 2513 ridet
3349 2457 3469 2528 quis,
3493 2451 3593 2526 quid
3617 2456 3735 2520 spem!

2257 2554 2436 2626 (Rom.
2471 2553 2634 2624 vni)?
2656 2551 2750 2606 illa
2788 2565 2924 2606 vero
2949 2550 3151 2622 gloria,
3200 2565 3320 2618 qua:
3343 2543 3570 2618 speranda
3595 2550 3671 2601 est,
3690 2540 3734 2591 de

2256 2659 2360 2715 Qua
2385 2645 2552 2700 etiam
2581 2659 2632 2698 In
2653 2641 2906 2713 prmsenti
2936 2641 3061 2696 loco
3089 2639 3220 2694 dicit
3247 2635 3508 2708 Apostolus
3527 2627 3732 2703 gloriﬁcari

2255 2748 2314 2790 se
2343 2733 2396 2788 in
2431 2748 2528 2803 spe
2553 2731 2736 2803 gloria:
2758 2731 2874 2796 Dei,
2907 2739 3092 2802 potest
3122 2731 3237 2801 ipsa
3272 2727 3490 2796 intelligi,
3515 2725 3568 2778 de
3587 2735 3663 2792 qua
3678 2718 3730 2771 di-

2255 2824 2330 2879 cit
2359 2823 2608 2878 Salvator
2641 2822 2694 2876 in
2741 2820 3073 2891 Evangelio:
3103 2815 3445 2874 Cum-uenerit
3478 2811 3595 2882 ﬁlius
3619 2804 3732 2859 homi-

2257 2915 2338 2970 nis
2377 2915 2438 2969 in
2477 2911 2644 2984 gloria
2674 2911 2853 2966 Patris
2883 2921 2934 2965 et
2957 2918 3268 2964 sanctorum
3292 2904 3558 2976 angelorum
3597 2895 3728 2984 (Marc.

2255 3006 2397 3078 vni).
2444 2983 2604 3073 Quod
2628 3013 2810 3059 autem
2857 3003 2996 3058 dixit
3018 3001 3194 3058 Patris
3219 3010 3266 3054 et
3292 2988 3555 3052 sanctorum
3590 2983 3731 3057 ωιςείοη

571 3112 698 3159 sunt
724 3114 940 3176 gerunt,
976 3105 1070 3159 sed
1100 3105 1354 3160 continuo
1392 3104 1660 3160 clauditur
1697 3113 1753 3159 et
1784 3105 2012 3160 transire
2057 3119 2154 3175 per
2183 3156 2226 3176 η
2259 3115 2396 3163 rum,
2428 3113 2535 3152 non
2566 3096 2710 3167 quod
2748 3095 2844 3150 Dei
2885 3093 3082 3148 Patris
3101 3103 3160 3149 et
3178 3090 3471 3163 angelorum
3507 3087 3730 3176 unamesst

568 3209 633 3252 se
658 3156 764 3250 ne;
800 3156 940 3251 sinit,
976 3197 1264 3251 dissimiles
1295 3195 1416 3251 sibi.
1472 3196 1617 3250 Bene
1661 3205 1839 3250 autem
1869 3156 2155 3265 Apostolus
2181 3156 2226 3219 Ο
2259 3189 2483 3262 gloriam
2514 3188 2678 3253 dicat,
2711 3186 2806 3242 sed
2833 3186 2934 3241 hoc
2959 3186 3098 3240 mihi
3117 3184 3329 3239 videtur
3350 3176 3613 3237 ostendere,
3632 3165 3730 3265 Quod

576 3285 774 3340 Paulus
812 3287 864 3341 in
896 3288 1069 3356 gratia
1113 3297 1259 3342 stare
1304 3302 1362 3341 se
1404 3287 1568 3353 dicit,
1598 3289 1689 3356 qui
1728 3298 1781 3342 et
1824 3287 1950 3342 alibi
1977 3288 2152 3343 dixit:

576 3381 940 3435 Abundantius
984 3389 1155 3434 autem
1196 3398 1354 3452 quam
1407 3396 1584 3436 omnes
1629 3381 1708 3435 illi
1755 3381 2008 3447 laboravi,
2053 3399 2157 3436 non

2259 3282 2375 3338 ista:
2409 3281 2610 3352 gloriae,
2637 3294 2757 3349 quae
2800 3278 2886 3333 vel
2915 3293 3020 3348 per
3045 3277 3263 3348 Moysen
3302 3270 3558 3345 prioribus,
3583 3262 3644 3316 vel
3667 3275 3729 3312 που

2257 3373 2340 3428 bis
2371 3387 2469 3444 per
2513 3373 2804 3427 adventum
2845 3370 3031 3432 carnis
3056 3367 3258 3424 Christi
3301 3363 3473 3420 delata:
3511 3365 3628 3418 sunt,
3661 3363 3730 3444 non

571 3481 747 3525 autem
799 3489 891 3541 ego
925 3471 1016 3525 sed
1041 3438 1220 3542 gratia.
1243 3471 1339 3527 Dei
1365 3487 1564 3526 mecum
1605 3471 1658 3544 (I
1687 3471 1810 3527 Cor.
1845 3471 1955 3545 xv).
1994 3438 2162 3530 ’Unde
2258 3438 2474 3519 Ῑυενῖὶηῑ
2494 3461 2806 3533 ³ηὸθ¹⁰τ¹¹¹η
2829 3501 2845 3525 ν
2873 3461 2968 3515 sed
2997 3459 3277 3514 hominum
3305 3472 3317 3508 ³
3357 3447 3614 3509 hominibus
3636 3438 3731 3545 cui?

573 3563 619 3618 si
642 3563 762 3632 quis
788 3572 870 3620 est
891 3563 1027 3618 alius
1054 3564 1143 3632 qui
1171 3563 1439 3619 laboraret
1459 3565 1842 3629 abundantius,
1859 3573 1912 3622 et
1933 3567 2022 3636 qui
2050 3567 2159 3638 glo-

575 3653 747 3709 rietur
782 3653 834 3707 in
881 3653 1286 3709 inﬁrmitatibus
1320 3654 1448 3719 suis,
1495 3656 1587 3726 qui
1627 3656 1678 3710 in
1711 3656 1965 3726 periculis
2016 3672 2159 3727 smpe

572 3757 847 3812 versetur,
889 3747 1144 3817 periculis
1174 3747 1359 3813 maris,
1399 3747 1653 3817 periculis
1682 3747 1981 3817 ﬂuminum,
2012 3752 2157 3820 peri-

571 3836 708 3893 culis
738 3838 1024 3902 latronum,
1054 3837 1309 3908 periculis
1335 3839 1388 3892 in
1431 3837 1583 3892 falsis
1613 3837 1872 3893 fratribus
1920 3838 2005 3910 (II
2029 3837 2153 3894 Cor.

571 3931 672 4004 xi),
697 3941 752 3986 et
779 3931 830 3984 in
862 3932 946 3987 his
970 3932 1223 3986 omnibus
1253 3939 1358 3986 stet
1382 3945 1595 4001 semper
1625 3931 1677 3985 in
1705 3931 1828 3997 llde,
1872 3931 1974 3987 iste
2001 3932 2154 3986 simi-

571 4021 698 4076 liter
744 4029 891 4084 stare
919 4023 1118 4076 dicitur
1147 4022 1199 4076 in
1227 4022 1422 4094 gratia.
1480 4022 1586 4078 Sed
1633 4031 1686 4077 et
1717 4023 1859 4091 quod
1889 4023 2154 4094 sequitur,

573 4113 621 4158 et
669 4105 960 4175 gloriamur
1001 4107 1057 4160 in
1078 4121 1168 4175 spe
1203 4106 1387 4176 gloriae
1416 4105 1534 4170 Dei,
1559 4107 1715 4176 quale
1759 4108 1832 4162 sit
1856 4109 2152 4162 videamus.

577 4193 754 4250 Movet
784 4211 868 4252 me
895 4211 992 4250 cur
1032 4212 1139 4251 non
1169 4196 1366 4252 dixerit
1395 4197 1612 4268 gloriari
1653 4212 1712 4252 se
1761 4198 1812 4252 in
1841 4199 2007 4268 gloria
2035 4199 2154 4264 Dei,

574 4285 668 4340 sed
697 4285 752 4339 in
771 4302 860 4357 spe
885 4285 1068 4356 gloria:
1093 4285 1190 4339 Dei
1213 4299 1231 4338 :
1253 4285 1307 4340 in
1337 4302 1444 4356 quo
1474 4288 1662 4342 deesse
1697 4289 1912 4357 quidem
1951 4289 2157 4360 aliquid

2259 3555 2576 3610 ministrata:
2627 3560 2752 3606 sunt
2800 3560 2855 3605 et
2884 3549 3107 3605 fuerunt
3142 3549 3258 3618 ejus
3283 3554 3523 3600 mensum
3540 3547 3642 3605 quas
3673 3543 3732 3582 οδ·

2257 3659 2385 3716 pere
2418 3644 2664 3699 homines
2691 3641 2937 3712 possint;
2986 3639 3080 3693 illa
3126 3651 3253 3692 vero
3296 3635 3346 3689 in
3395 3645 3485 3702 qua
3534 3624 3642 3716 lilitts

2258 3711 2420 3790 minis
2445 3735 2511 3788 ad
2533 3711 2796 3804 judicium
2823 3730 3010 3786 mundi
3043 3738 3302 3784 venturus
3339 3733 3422 3778 cst
3446 3714 3586 3789 gloria
3613 3711 3731 3764 Patris

2259 3835 2408 3882 tanta
2441 3803 2566 3889 erit,
2605 3838 2727 3894 qua:
2752 3837 2782 3876 a
2807 3823 2939 3877 solis
2978 3821 3187 3891 angelis
3219 3817 3332 3888 capi
3359 3811 3543 3886 possit;
3587 3803 3731 3902 εἱ-τςιᾮ

2258 3917 2424 3973 etiam
2453 3914 2953 3985 sanctorum-aliqui
2987 3927 3220 3984 capaces
3243 3910 3378 3966 illius
3402 3904 3558 3978 gloria
3576 3900 3730 3990 exstit-

2260 4009 2392 4074 rint,
2442 4008 2518 4063 illi
2561 4007 2816 4061 nimirum
2843 4013 3028 4071 erunt,
3084 4005 3151 4060 de
3196 4003 3380 4074 quibus
3419 3994 3611 4053 dicitur,
3644 3993 3728 4074 quid

2257 4072 2407 4155 erant
2441 4101 2577 4154 sicut
2624 4097 2797 4169 angeli
2838 4097 2932 4151 Dei
2981 4072 3403 4169 (Μαειιιίχχιι),
3446 4094 3494 4140 ει
3521 4085 3602 4138 hoc
3623 4072 3728 4173 modo

2257 4205 2406 4252 recte
2436 4197 2504 4250 de
2537 4193 2718 4248 futura
2759 4191 2925 4263 gloria
2956 4207 3079 4261 qua:
3107 4187 3362 4261 speranda
3387 4190 3477 4245 est,

2257 4289 2432 4351 detur,
2463 4285 2607 4358 quod
2631 4259 2785 4340 illius
2813 4259 3049 4338 hominis
3079 4259 3258 4338 veniat
3285 4279 3336 4333 in
3365 4271 3511 4347 gloria
3535 4259 3727 4358 eausa

573 4356 894 4430 elocutionis
931 4375 1175 4441 videtur,
1210 4375 1286 4430 ita
1325 4384 1382 4431 ut
1428 4356 1948 4444 subaudiridebeat,
1989 4356 2157 4450 ἱηέρε
2257 4356 2567 4431 sanctorum
2602 4373 2936 4446 angulorum,
2964 4373 3020 4428 id
3045 4382 3144 4434 est,
3170 4370 3292 4440 quia
3315 4371 3534 4422 oon-eant
3558 4356 3726 4450 hominis

572 4467 819 4522 videnda:
844 4466 1027 4537 gloria:
1056 4467 1172 4522 Dei.
1197 4468 1400 4524 Edocet
1428 4479 1604 4524 autem
1635 4485 1735 4526 nos
1762 4483 1860 4539 per
1888 4474 2022 4537 lucc,
2054 4447 2157 4527 sic-
2184 4501 2235 4562 Β
2259 4467 2482 4531 terreni.
2527 4466 2622 4521 sed
2673 4465 2847 4521 83ml“
2892 4463 3067 4536 3088“
3114 4475 3303 4532 (³⁸1³61³⁸
3331 4459 3600 4562 “malm
3616 4447 3725 4562 ’.ξ

575 4565 638 4612 ιιι
659 4564 713 4610 ει
740 4557 854 4626 ipse
881 4556 1007 4612 alibi
1038 4558 1170 4613 dicit
1211 4557 1295 4630 (ll
1327 4558 1449 4613 Cor.
1500 4559 1599 4632 tv),
1629 4538 1778 4625 Quia
1798 4578 1914 4633 qua:
1936 4579 2156 4632 speran-
2184 4538 2234 4562 ν
2260 4558 2562 4628 capacitate
2608 4557 2811 4611 etenim
2859 4557 3120 4611 mentium
3169 4553 3429 4622 ἀίειιειιεδι

572 4656 663 4701 tur
709 4655 903 4700 a'terna
953 4657 1096 4713 sunt,
1145 4626 1263 4720 qua:
1309 4659 1484 4704 autem
1538 4626 1778 4705 uidentur
1809 4626 2154 4723 temporalia.
2260 4626 2661 4722 magnitudines
2705 4649 3018 4721 gloriarum,
3074 4647 3168 4704 sed
3193 4645 3345 4707 sicut.
3389 4639 3529 4694 imm

577 4737 710 4792 Nam
732 4736 934 4792 vidisse
966 4716 1166 4793 dicitur
1191 4748 1245 4794 et
1277 4738 1493 4810 Moyses
1522 4741 1745 4811 gloriam
1775 4743 1868 4797 Dei
1896 4716 2158 4807 {vidisse
2260 4716 2423 4813 quam
2435 4741 2640 4797 vidisse
2653 4716 3022 4810 se'apostoliin
3045 4735 3324 4807 Evangelio
3359 4731 3539 4788 dicunt,
3565 4716 3722 4815 gitti-ff

575 4831 780 4887 dicitur
817 4839 873 4886 et
913 4829 1139 4901 p0pulus
1189 4831 1243 4885 in
1275 4809 1686 4888 consecratione
1721 4833 1912 4888 domus
1945 4835 2159 4891 Domini
2259 4809 2511 4904 tanquam
2551 4809 2804 4902 unigeniti
2829 4830 3040 4888 aPatre
3060 4829 3265 4900 plenum
3285 4821 3456 4895 gratia
3480 4809 3719 4904 αιςτὲωηξ·

576 4925 802 4998 gloriam
823 4925 916 4981 Dei
941 4924 1127 4980 lsrael.
1159 4923 1266 4979 Sed
1291 4934 1346 4979 et
1372 4925 1440 4979 de
1478 4926 1782 4996 huiusmodi
1816 4927 1983 4997 gloria
2035 4943 2155 4997 quae

572 5017 745 5072 videri
788 5015 985 5087 potuit,
1036 5030 1200 5072 ausus
1227 5024 1309 5071 est
1333 5014 1553 5081 Paulus,
1599 5017 1688 5085 qui
1718 5025 1836 5070 erat
1864 5019 2152 5088 mysterio-

575 5125 696 5166 rum
728 5109 834 5164 Dei
869 5124 1089 5181 gnarns,
1138 5109 1491 5178 pronuntiare
1535 5109 1677 5178 quod
1726 5108 1810 5162 illa
1847 5109 2016 5177 gloria
2061 5110 2155 5165 de-

573 5209 834 5265 Struetur,
866 5213 985 5271 quae
1011 5200 1252 5255 etiamin
1302 5200 1449 5254 vultu
1481 5199 1647 5272 Moysi
1679 5201 1977 5255 videbatur.
2031 5200 2154 5258 llzec

573 5299 755 5346 autem
782 5291 948 5362 gloria
975 5306 1092 5360 qua:
1119 5299 1386 5360 speratur,
1409 5293 1475 5346 de
1499 5307 1601 5362 qua
1631 5292 1758 5346 dicit
1786 5293 1839 5346 in
1861 5309 1947 5362 spe
1975 5293 2156 5361 gloria:

576 5383 693 5450 Dei,
736 5400 1010 5455 nunquam
1057 5384 1383 5438 destruetur.
1417 5384 1512 5439 Est
1562 5385 1706 5438 enim
1753 5384 1896 5449 talis,
1941 5385 2007 5438 de
2043 5400 2150 5453 qua

577 5473 716 5529 idem
743 5474 1031 5546 Apostolus
1081 5475 1212 5530 dicit
1257 5475 1484 5546 loquens
1519 5474 1586 5530 de
1612 5475 1830 5532 Christo
1872 5494 1885 5530 :
1920 5476 2026 5542 Qui
2052 5487 2147 5546 est,

555 5564 766 5634 inquit,
818 5567 1060 5638 splendor
1079 5567 1261 5639 gloria:
1297 5577 1346 5621 et
1369 5568 1540 5638 ﬁgura
1565 5584 1809 5638 expressa
1843 5567 2151 5623 substantia:

576 5654 689 5724 ejus
716 5655 872 5726 (Heb.
905 5657 965 5728 I).
1019 5657 1193 5728 llujus
1223 5657 1406 5726 gloria:
1435 5673 1565 5728 ergo
1599 5660 1844 5716 videnda:
1881 5673 2031 5729 spem
2059 5675 2150 5731 ge-

579 5754 706 5804 runt
731 5748 808 5814 bi,
851 5750 917 5805 dc
943 5749 1141 5820 quibus
1163 5749 1365 5806 dictum
1390 5760 1508 5806 est:
1560 5751 1710 5808 Beati
1749 5752 1940 5809 mundo
1971 5752 2145 5820 corde,

2332 4901 2456 4980 Non
2478 4901 2668 4988 solum,
2699 4922 2788 4978 sed
2814 4933 2860 4977 et
2883 4922 3172 4993 gloriamur
3206 4919 3258 4974 in
3277 4901 3639 4970 tribulationibus
3658 4903 3720 4993 ποῖ

2256 4977 2407 5072 stris.
2438 4977 2620 5085 (ring)
2657 4977 2813 5082 'Quod
2854 4977 3031 5069 alitem
3061 5013 3155 5079 ait,
3189 5025 3288 5064 non
3317 5003 3469 5061 solum
3492 5003 3645 5085 ηκιιπξν

2257 5120 2304 5165 et
2334 5077 2625 5180 gloriamur
2651 5077 2704 5159 in
2734 5077 3177 5169 tribulationibus,
3225 5109 3277 5157 et

2259 5174 2502 5271 perducit
2529 5213 2699 5268 usque
2723 5197 2788 5251 ad
2820 5198 3134 5253 charitatem
3171 5193 3282 5256 Dei,
3311 5199 3456 5260 quam
3479 5174 3716 5271 citarit‘atf‘:l

2533 5248 2787 5345 ﬁinlibera
3144 5248 3380 5355 Spirilu-s.
3423 5266 3634 5328 Monstrat
3650 5248 3717 5360 illa

2256 5383 2436 5438 omnia
2472 5398 2591 5453 quae
2639 5354 2925 5453 passu-mus
2980 5397 3076 5436 no:
3115 5354 3338 5433 tribuere
3388 5369 3482 5423 000

2257 5443 2506 5543 linenda;
2526 5475 2618 5546 qui
2640 5443 2921 5544 .Spirilutn
2967 5482 3207 5529 sanctum
3243 5481 3336 5538 per
3358 5457 3552 5532 Eram",

2257 5535 2506 5640 dignatus
2529 5535 2633 5632 est,
2682 5535 2928 5638 quoniam
2967 5581 3057 5636 per
3091 5557 3427 5640 tribulatione:
3463 5535 3713 5640 "Pol‘fl

2256 5616 2472 5714 infroire
2503 5657 2559 5712 in
2583 5616 2797 5730 riguum
2823 5657 2922 5712 Dei
2951 5616 3086 5728 (:lct.
3119 5650 3280 5721 xxiv),
3315 5629 3513 5709 ἷάεοφίθ

2255 5709 2594 5818 έιῷξᾷπῖώῷ
2615 5709 2852 5804 iis;
2877 5709 3018 5820 "sia
3055 5709 3058 5710 ί
3079 5709 3275 5800 autem“
3309 5734 3464 5793 addita
3509 5709 3714 5778 tribulatio
