3998 6202
566 341 699 399 1571

1201 342 1265 398 Β.
1308 340 1561 399 llABANl
1599 341 1821 399 MAURI
1855 341 2172 400 ARCHIEP.
2211 340 2521 401 MGGIJNT.
2551 342 2780 401 OPERU

1599 341 1821 399 MAURI
1855 341 2172 400 ARCHIEP.
2211 340 2521 401 MGGIJNT.
2551 342 2838 401 OPERUM
2875 338 3057 401 PARS
3086 345 3172 403 Ill.

3606 357 3708 417 im

563 455 692 510 tatis
712 454 1097 510 abundantiam
1122 463 1291 519 tenet,
1317 467 1436 523 qua:
1458 453 1635 524 primo
1656 453 1797 519 loco,
1820 453 1946 524 quia
1971 453 2144 523 major
2171 458 2219 515 Α
2245 461 2351 509 est.
2388 452 2541 523 lmpii
2596 466 2830 523 namque
2885 469 3103 511 eramus
3142 465 3410 527 antequam
3442 473 3705 531 csum

563 548 794 602 omnium
852 556 930 601 est
980 547 1231 611 clamitas,
1276 546 1486 616 spiritui
1549 545 1849 617 copulatur.
1899 544 2055 612 Quod
2094 542 2140 598 si

561 637 684 706 quis
715 636 867 692 nobis
894 646 1161 699 occurrat,
1188 644 1245 690 ct
1268 635 1412 689 dicat
1437 635 1673 691 medium
1701 648 1822 690 esse
1845 644 1901 689 et
1929 633 2139 688 indiﬂ'e-

562 742 689 784 rcns
753 726 1151 780 tribulationem
1176 766 1191 791 ,
1254 727 1509 795 quoniam
1567 726 1781 795 quidem
1840 725 2142 780 invenimus

563 818 911 873 etiammalos
935 827 989 871 et
1014 817 1206 887 impios
1230 817 1566 883 tribulari,et
1588 832 1691 871 non
1717 817 1989 881 continuo,
2013 816 2139 885 quia

561 908 890 963 tribulantnr
924 922 1023 976 pro
1064 907 1218 963 malis
1250 908 1461 963 actibus
1486 908 1616 972 suis,
1651 908 1821 962 virtus
1844 907 2010 962 animi
2036 907 2136 961 tri-

560 999 762 1055 bulatio
787 1014 971 1053 eorum
1004 1000 1299 1067 reputanda
1342 1009 1462 1054 est:
1503 999 1625 1053 vide
1658 998 1703 1053 si
1744 998 2011 1068 possimus
2035 997 2139 1052 hoc

558 1088 721 1143 modo
768 1089 1118 1159 respondere,
1160 1090 1305 1158 quod
1353 1088 1625 1144 tribulatio
1666 1088 1882 1157 quidem
1924 1088 2140 1157 proprie

558 1190 869 1234 sanctorum
904 1187 1008 1243 est,
1047 1182 1331 1250 impiorum
1373 1191 1553 1235 autem
1583 1190 1640 1235 et
1676 1178 1996 1247 injustorum
2036 1179 2137 1233 tri-

557 1269 760 1324 bulatio
799 1269 1004 1338 llagella
1044 1269 1398 1340 appellentur.
1445 1270 1684 1340 Denique
1722 1271 1779 1324 in
1815 1270 2022 1340 psalmo
2057 1269 2140 1325 sic

556 1362 722 1427 dicit,
753 1361 939 1416 Multa:
964 1362 1323 1419 tribulationes
1349 1363 1615 1430 justorum
1654 1361 1823 1434 (Psal.
1845 1361 2137 1432 xxxttt);de

554 1451 675 1507 istis
702 1461 882 1506 autem
905 1452 1001 1517 ait,
1031 1451 1197 1506 Multa
1217 1451 1425 1523 ﬂagella
1451 1454 1737 1522 peccatoris
1761 1450 1935 1524 (Psal.
1958 1454 2132 1525 xxxt).

555 1539 880 1596 Et'l‘ortassis
895 1549 1172 1611 propterea
1188 1542 1463 1596 tribulatio
1478 1552 1534 1597 et
1557 1544 1804 1613 angustia
1829 1544 1895 1598 ad
1921 1551 2137 1600 sanctos

554 1631 809 1701 pertinet,
835 1631 959 1701 quia
985 1631 1082 1701 ipsi
1107 1640 1232 1686 sunt
1269 1633 1360 1702 qui
1384 1640 1589 1686 arctam
1611 1642 1667 1688 et
1685 1643 1970 1704 angustam
1992 1634 2135 1689 viam

555 1721 839 1787 incedunt,
877 1732 932 1777 et
960 1732 1243 1793 propterea
1272 1724 1515 1778 tribulari
1544 1725 1816 1780 dicuntur.
1854 1725 2003 1793 Quod
2034 1742 2134 1781 att-

2244 560 2366 601 mur
2421 546 2489 601 ad
2541 546 2746 611 Deum;
2796 554 2852 599 et
2902 544 3151 602 Christus
3201 546 3601 617 utiquetum-tem
3639 572 3709 625 pm

2244 634 2401 691 nobis
2440 644 2733 707 antequam
2774 637 3120 692 crederemus
3156 638 3391 706 excepit:
3422 640 3540 708 quod
3577 645 3708 710 procul

2243 726 2405 782 dubio
2445 742 2551 783 non
2577 726 2813 792 fecisset,
2844 727 2947 783 nisi
2986 727 3204 782 nimiam
3231 742 3352 798 erga
3383 743 3470 784 nos
3488 729 3709 799 halmisset,

2240 823 2298 871 et
2330 816 2852 873 abundantissimam
2896 818 3232 882 cbaritatem,
3270 817 3351 874 vel
3388 819 3487 887 ipse
3524 820 3711 878 Dominus

2238 918 2427 965 noster
2452 908 2612 965 Iesus
2638 908 2891 964 Christus
2915 908 3192 963 moriendo
3216 924 3311 979 pro
3336 909 3508 979 impiis,
3531 911 3597 965 vel
3615 912 3712 968 Deus

2241 998 2404 1053 Pater
2432 999 2765 1068 unigenitum
2804 1013 2962 1052 suum
2991 1012 3088 1067 pro
3129 998 3398 1068 impiorum
3433 1000 3713 1069 redemptione

2242 1088 2523 1144 tradendo.
2555 1087 2783 1160 (Ambr.)
2813 1086 2870 1143 Si
2898 1102 2998 1157 pro
3037 1087 3320 1143 incredulis
3345 1104 3404 1143 ac
3437 1089 3518 1144 Dei
3548 1090 3714 1147 inimicis

2239 1176 2488 1233 Christus
2513 1178 2583 1233 ad
2609 1186 2818 1248 tempus
2843 1178 3004 1234 morti
3032 1194 3094 1233 se
3123 1178 3301 1245 dedit,
3326 1180 3387 1233 ad
3422 1189 3599 1249 tempus
3613 1186 3712 1238 enim

2242 1276 2484 1324 mortuus
2514 1274 2625 1333 est,
2658 1269 2786 1338 quia
2815 1269 2974 1323 tertia
3001 1268 3089 1323 die
3118 1269 3427 1335 resurrexit,
3459 1281 3620 1341 quanto
3639 1288 3712 1327 ms-

2239 1358 2323 1430 gis
2346 1373 2469 1414 cum
2504 1359 2560 1413 in
2595 1358 2745 1417 illum
2770 1359 3045 1416 credimus
3074 1359 3288 1414 auxiliis
3313 1361 3416 1415 suis
3440 1362 3609 1415 muniet
3626 1365 3714 1418 nos!

2239 1448 2321 1503 Ad
2346 1448 2449 1503 hoc
2481 1449 2623 1507 enim
2655 1463 2754 1520 pro
2790 1450 2946 1505 nobis
2982 1459 3229 1506 mortuus
3258 1459 3366 1515 est,
3394 1460 3513 1506 utet
3540 1453 3715 1507 vitamct

2236 1540 2466 1612 gloriam
2517 1542 2675 1596 nobis
2715 1543 3021 1610 acquireret
3053 1558 3068 1596 :
3106 1543 3284 1612 itaque
3332 1544 3375 1598 si
3424 1559 3510 1613 pro
3555 1545 3715 1599 inimicis

2239 1641 2484 1688 mortuus
2504 1642 2607 1699 est,
2629 1642 2889 1703 quantum
2916 1641 3136 1704 praestet
3160 1635 3361 1700 amicis,
3385 1637 3519 1690 debet
3542 1637 3712 1705 intelligi.

2237 1723 2392 1792 Apud
2427 1722 2674 1778 homines
2697 1737 2846 1792 ergo,
2881 1724 2934 1778 id
2961 1732 3041 1778 est
3063 1763 3079 1788 ,
3113 1724 3394 1779 secundum
3430 1734 3601 1794 tempus
3626 1726 3715 1779 moti

555 1822 660 1867 tem
701 1812 867 1879 dixit,
904 1815 1028 1884 quia
1065 1814 1292 1869 Charitas
1333 1816 1425 1869 Dei
1460 1816 1657 1885 (li/fusa
1696 1826 1772 1870 est
1809 1817 1863 1870 in
1897 1817 2139 1872 cordibus
2170 1826 2214 1885 Β
2242 1812 2389 1868 visus
2414 1822 2499 1868 est
2528 1830 2541 1866 :
2579 1813 2667 1868 ille
2693 1813 2838 1877 enim
2886 1813 3026 1884 apud
3060 1814 3260 1869 inferos
3289 1830 3381 1884 pro
3405 1815 3552 1869 Séllllle
3573 1815 3716 1868 animl-

542 1905 778 1971 nostris,
815 1904 1122 1975 diligentius
1161 1906 1608 1961 considerandum
1670 1916 1755 1963 est
1810 1909 1864 1962 in
1900 1924 2132 1990 quorum

549 1994 803 2049 cordibus
831 1994 923 2049 Dei
956 1995 1198 2049 charitas
1224 1995 1570 2050 dill'undatur.
1607 1997 1719 2067 Ego
1748 2006 1879 2067 puto
1905 2000 2049 2067 quod
2080 1999 2131 2054 in

550 2084 786 2152 illorum,
815 2086 905 2157 qui
926 2086 1040 2156 jam
1068 2102 1172 2141 non
1204 2087 1404 2142 habent
1432 2088 1695 2162 spiritum
1723 2090 2000 2145 servitutis
2029 2091 2133 2146 ite-

551 2192 670 2231 rum
708 2177 761 2231 in
802 2178 1023 2242 timore,
1067 2178 1162 2233 sed
1200 2186 1254 2233 et
1308 2178 1523 2233 illorum
1577 2180 1630 2234 in
1678 2181 1872 2249 quibus
1903 2182 2133 2251 perfecta

548 2267 778 2321 clmritas
809 2267 953 2337 foras
982 2269 1138 2322 mittit
1173 2269 1412 2323 timorem
1449 2268 1501 2341 (Ι
1527 2269 1689 2324 Imm.
1721 2271 1818 2342 tv),
1856 2280 1912 2326 et
1936 2272 2133 2342 quibus

548 2357 771 2428 Spiritus
790 2358 1092 2428 adoptionis
1118 2360 1294 2424 datur,
1323 2361 1414 2431 qui
1452 2360 1645 2428 clamet
1676 2361 1729 2415 in
1755 2362 2009 2418 (ordibus
2036 2377 2133 2417 eo—

550 2464 692 2515 rum,
714 2449 859 2505 Abba
884 2448 1064 2505 I’ater.
1100 2451 1215 2506 Non
1244 2461 1329 2507 est
1354 2467 1483 2524 ergo
1509 2449 1875 2522 cujuscunque
1897 2454 2132 2509 hominis

547 2539 651 2595 nisi
688 2540 946 2617 perfecti,
987 2550 1043 2595 et
1088 2542 1211 2598 talis
1248 2543 1423 2613 qualis
1461 2552 1583 2599 erat
1621 2543 1842 2609 Paulus,
1886 2546 1938 2599 in
1979 2546 2134 2616 cujus

545 2632 709 2688 corde
750 2631 1079 2688 diffundatur
1124 2635 1362 2691 cbaritas
1410 2635 1507 2692 Dei
1554 2652 1653 2707 per
1698 2636 1957 2708 Spiritum
2003 2653 2132 2693 san-

544 2730 712 2777 ctum.
773 2722 879 2778 Sed
931 2732 986 2778 et
1043 2723 1174 2780 illud
1221 2725 1357 2781 mihi
1400 2727 1849 2783 considerandum
1894 2727 2129 2794 videtur,

544 2812 920 2868 utrumne'Jtic
948 2813 1268 2870 cbaritatem
1296 2814 1442 2870 illam
1471 2816 1613 2872 dicat
1631 2856 1648 2882 ,
1687 2832 1792 2887 qua
1818 2833 1921 2873 nos
1949 2818 2130 2886 diligis

545 2918 665 2960 mus
706 2904 872 2959 Deum
893 2945 908 2970 ,
949 2896 1015 2960 an
1058 2905 1202 2960 illam
1232 2921 1338 2976 qua
1376 2906 1649 2979 diligimur
1676 2922 1708 2961 a
1742 2906 2129 2969 Deo,dill"usam

543 3010 665 3052 esse
695 3010 794 3066 per
827 2995 1086 3068 Spiritum
1113 3005 1358 3052 sanctum
1384 2998 1439 3052 in
1462 2998 1716 3054 cordibus
1742 2999 1972 3066 nostris;
2005 3000 2131 3056 etsi

543 3088 761 3159 quidem
794 3087 883 3143 illa
918 3089 1157 3146 eharitas
1186 3105 1292 3160 qua
1320 3089 1490 3145 Deum
1517 3089 1816 3161 diligimus,
1859 3091 2128 3165 intelliga-

2237 1919 2357 1959 rum
2423 1904 2783 1961 irreverean
2808 1944 2824 1972 ,
2868 1913 2925 1961 et
2966 1920 3200 1974 nequam
3262 1905 3465 1974 spiritus
3502 1906 3713 1975 judiraiat

2236 1996 2502 2065 Tempora
2530 1997 2584 2051 in
2610 1997 2812 2053 mundo
2841 2004 2997 2059 sunt,
3023 1997 3115 2052 ubi
3146 1998 3318 2052 oritur
3342 2007 3393 2053 et
3412 1998 3575 2054 occidit
3596 1997 3716 2061 sebo

2233 2085 2357 2141 luna
2390 2087 2781 2143 incrementum
2833 2096 2889 2143 et
2917 2088 3319 2145 decrementum
3345 2086 3476 2151 facit,
3505 2096 3557 2142 ct-
3583 2088 3718 2142 dieset

2234 2194 2338 2234 uox
2387 2179 2442 2234 in
2487 2179 2631 2234 statu
2678 2194 2778 2234 suo
2819 2195 2927 2236 non
2970 2188 3359 2250 perseverant:
3399 2195 3476 2234 res
3502 2180 3615 2234 enim
3638 2193 3718 2246 qua:

2236 2271 2461 2341 tempori
2487 2278 2545 2326 et
2570 2271 2715 2327 aetati
2744 2272 2987 2343 subjecta
3011 2281 3123 2339 est,
3170 2271 3431 2328 mutabilis
3455 2286 3627 2341 semper
3645 2279 3714 2324 est.

2233 2361 2370 2418 Huic
2409 2377 2540 2433 ergo
2581 2363 2807 2432 tempori
2836 2363 3086 2419 Christus
3126 2372 3367 2419 mortuus
3401 2371 3499 2428 est,
3535 2362 3634 2415 dum
3653 2375 3716 2413 ex-

2233 2454 2399 2510 cessit
2430 2469 2464 2510 e
2488 2468 2737 2524 corpore.
2789 2454 2885 2511 Ubi
2915 2464 3100 2511 autem
3128 2463 3334 2526 tempus
3354 2470 3449 2509 non
3468 2461 3535 2508 est
3554 2460 3719 2513 cistas,

2234 2545 2304 2600 ibi
2337 2561 2440 2599 non
2467 2545 2638 2601 solum
2662 2546 2836 2611 vivus,
2868 2547 2963 2603 sed
2987 2556 3044 2601 et
3073 2547 3250 2605 victor
3272 2554 3494 2617 repertus
3511 2553 3593 2600 est.
3628 2543 3719 2596 llius

2232 2636 2401 2692 voluit
2448 2637 2702 2692 allectum
2742 2636 3042 2693 Salvatoris
3089 2652 3219 2709 erga
3267 2652 3361 2693 nos
3401 2634 3718 2696 commodam,

2232 2739 2355 2783 cum
2387 2728 2523 2783 dixit
2544 2745 2556 2782 :
2575 2727 2672 2783 Via:
2699 2744 2793 2799 pro
2817 2729 2969 2799 justo
3001 2729 3122 2799 quis
3148 2730 3364 2783 moritur
3383 2742 3401 2779 :
3432 2727 3718 2782 Christusn-

2233 2825 2340 2872 tem
2380 2832 2478 2887 pro
2518 2817 2697 2886 impiis
2734 2826 2981 2872 mortuus
3007 2825 3126 2883 est,
3157 2817 3203 2872 si
3237 2817 3374 2872 enim
3411 2830 3495 2885 pro
3521 2813 3634 2883 justo
3660 2809 3719 2864 tit

2232 2908 2428 2978 aliquis
2457 2908 2709 2973 moritur,
2740 2923 2843 2977 pro
2887 2908 3094 2978 impiis,
3126 2910 3387 2978 quomodo
3410 2915 3559 2977 potest
3580 2902 3663 2958 ﬁeri
3680 2908 3718 2953 ut

2232 2997 2353 3068 quis
2379 2997 2677 3052 moriatur?
2703 3005 2760 3051 et
2792 2996 2839 3051 si
2867 3011 2966 3066 pro
3006 2997 3155 3053 bono
3182 3012 3289 3052 uno
3316 2995 3442 3051 forte
3462 2994 3618 3049 audeat
3636 2990 3715 3060 quis

2232 3085 2406 3151 mori,
2434 3094 2530 3142 aut
2565 3085 2705 3142 forte
2736 3102 2845 3142 non
2873 3086 3106 3153 audeat,
3132 3086 3258 3157 quia
3292 3095 3546 3154 utrumque
3572 3079 3717 3136 difﬁcile

544 3187 652 3246 tur,
680 3195 860 3237 sermo
888 3181 990 3237 iste
1017 3182 1316 3237 assertione
1346 3181 1548 3254 indiget
1576 3199 1590 3236 :
1622 3183 1668 3238 si
1707 3197 1859 3249 vero,
1889 3184 2016 3254 quia
2043 3184 2130 3240 di-
2157 3170 2203 3234 C
2235 3190 2356 3233 esse
2382 3175 2686 3247 significat,
2716 3175 3174 3246 quemadmodum
3213 3182 3383 3245 potest
3405 3171 3572 3235 videri,
3596 3177 3638 3222 ut
3656 3182 3717 3220 au-

542 3272 623 3328 xit
649 3271 882 3348 cﬂ'usam
902 3288 1023 3328 esse
1057 3273 1153 3329 Dei
1183 3272 1501 3328 charitatem
1535 3274 1589 3329 in
1620 3275 1873 3330 cordibus
1906 3275 2127 3340 nostris,

543 3363 644 3419 ista
665 3361 842 3431 potius
862 3361 1203 3433 intelligenda
1220 3361 1309 3428 sit,
1323 3377 1428 3433 qua
1446 3362 1718 3432 diligimur
1730 3378 1761 3418 a
1776 3364 1909 3430 Deo,
1923 3371 2131 3420 certum

541 3462 626 3510 est
641 3453 785 3509 enim
801 3453 943 3523 quod
959 3454 1101 3508 velut
1120 3469 1387 3509 summum
1404 3462 1460 3508 et
1480 3454 1775 3511 maximum
1790 3455 1993 3513 donum
2012 3472 2111 3513 san

541 3545 614 3601 eti
629 3543 863 3614 Spiritus
882 3543 1201 3600 cbaritatem
1224 3552 1411 3615 ponat,
1425 3544 1567 3614 quod
1591 3544 1718 3599 velit
1738 3560 1959 3601 munere
1978 3547 2130 3617 prius

541 3644 793 3705 suscepto
832 3651 863 3689 a
897 3633 1029 3698 Deo,
1079 3649 1178 3705 per
1219 3634 1320 3689 hoc
1363 3635 1536 3703 ipsum
1582 3633 1805 3705 diligere
1842 3650 2129 3706 possumus

542 3726 710 3783 Deum
738 3725 879 3795 quod
905 3725 1179 3796 diligimur
1205 3740 1235 3779 a
1264 3725 1393 3779 Deo.
1424 3722 1619 3797 (Cass.)
1655 3725 1896 3797 Denique
1918 3727 1972 3782 in
2004 3735 2127 3782 tan-

541 3826 657 3872 tum
684 3816 857 3871 virtus
888 3817 1169 3872 cbaritatis
1198 3816 1474 3871 extollitur
1497 3826 1556 3871 ut
1583 3832 1704 3872 eam
1740 3817 1933 3874 beatus
1960 3817 2126 3874 Joan-

541 3923 639 3965 nes
671 3906 942 3980 apostolus
967 3923 1072 3963 non
1099 3908 1271 3963 solum
1306 3908 1401 3963 Dei
1442 3923 1586 3975 rem,
1630 3909 1723 3965 sed
1752 3910 1915 3965 etiam
1957 3911 2129 3967 Deum

540 4016 659 4058 esse
687 4001 998 4072 pronuntiet
1022 4001 1208 4056 dicens
1234 4019 1248 4055 :
1278 4000 1421 4055 Deus
1449 4002 1681 4063 charitas
1709 4010 1806 4069 est,
1829 4003 1918 4073 qui
1952 4013 2128 4059 manet

541 4092 593 4147 in
622 4093 874 4147 charitote
899 4094 955 4146 iu
976 4090 1095 4146 Deo
1112 4101 1285 4145 manet
1312 4102 1358 4146 et
1378 4079 1521 4146 Deus
1549 4095 1603 4146 in
1631 4094 1743 4163 ipso
1769 4093 1821 4165 (I
1840 4092 2003 4149 Joau.
2025 4093 2122 4167 tv).

541 4180 678 4236 Nam
709 4197 879 4252 usque
904 4181 1038 4236 adeo
1076 4181 1222 4235 illam
1256 4181 1491 4236 divinam
1519 4195 1641 4237 esse
1679 4183 2035 4252 perspicimus
2066 4191 2128 4238 ut

540 4276 671 4331 illud
711 4274 954 4345 Apostoli
1000 4274 1443 4329 manifestissime
1491 4275 1669 4345 vigere
1722 4275 2016 4330 sentiamus
2070 4275 2124 4333 in

538 4371 722 4436 nobis,
760 4370 1011 4439 quoniam
1042 4370 1271 4424 cltaritas
1307 4369 1404 4423 Dei
1440 4370 1640 4439 diﬂ‘usa
1680 4380 1755 4424 est
1790 4372 1850 4425 in
1880 4370 2124 4426 cordibus

540 4464 730 4519 nostris
763 4480 856 4533 per
897 4461 1152 4533 Spiritum
1193 4471 1452 4529 sanctum,
1498 4463 1587 4533 qui
1631 4462 1787 4517 datus
1831 4473 1908 4517 est
1954 4462 2121 4518 nobis.

2233 3267 2355 3324 deat
2399 3266 2595 3336 aliquis
2639 3281 2740 3337 pro
2785 3265 3085 3321 multorum
3139 3264 3487 3337 impietatibus
3525 3259 3652 3323 mori;
3688 3256 3717 3325 si

2231 3358 2356 3428 quis
2383 3357 2528 3413 enim
2555 3372 2653 3428 pro
2667 3356 2838 3426 justo,
2866 3363 2964 3411 aut
2983 3356 3132 3413 bono
3152 3356 3291 3412 forte
3310 3355 3491 3410 audeat
3508 3351 3633 3415 mori,
3651 3345 3716 3400 mi-

2232 3449 2502 3507 seratione
2531 3450 2762 3519 quadam
2793 3448 3024 3513 illectus,
3055 3455 3158 3503 aut
3182 3445 3370 3504 all'ectu
3393 3446 3611 3503 bonorum
3630 3451 3718 3507 ope-

2231 3556 2350 3597 rum
2381 3539 2530 3610 ejus;
2564 3554 2666 3611 pro
2693 3539 2873 3610 impiis
2900 3553 3029 3594 vero
3055 3554 3171 3595 non
3197 3537 3386 3601 solum,
3413 3533 3536 3605 quod
3560 3528 3717 3585 suadeat

2231 3634 2370 3691 mori
2438 3633 2623 3698 deest,
2668 3631 2765 3686 sed
2811 3638 2868 3687 et
2914 3630 3059 3700 quod
3111 3631 3169 3687 in
3226 3629 3476 3700 lacrymas
3518 3626 3716 3694 provocet.

2229 3724 2476 3781 Christus
2501 3731 2679 3780 autem
2711 3731 2956 3779 mortuus
2980 3730 3066 3778 est
3109 3738 3209 3794 pro
3236 3719 3562 3791 implentibus
3591 3709 3715 3784 populi

2229 3816 2405 3872 adhuc
2434 3833 2542 3872 non
2570 3815 2677 3882 sui,
2705 3824 2768 3871 ut
2786 3817 2970 3872 omnia
2993 3832 3121 3886 qua:
3143 3816 3370 3871 mundus
3392 3811 3555 3868 diliidit
3575 3807 3717 3861 faceret

2228 3909 2524 3967 credibilia.
2583 3909 2729 3965 Duos
2771 3923 2904 3980 ergo
2953 3909 3158 3980 gradus
3213 3908 3337 3964 fecit
3370 3905 3489 3977 justi
3527 3911 3573 3958 et
3603 3898 3715 3957 boni.

2228 4000 2477 4071 quamvis
2499 4008 2556 4056 et
2582 3999 2762 4069 justus
2796 4009 2852 4055 et
2880 4000 3064 4056 bonus
3101 3999 3356 4056 dicendus
3389 3996 3468 4059 sit,
3495 3999 3715 4057 tamenge-

2228 4106 2357 4147 nera
2404 4093 2519 4163 ipsa
2562 4093 2767 4163 posuit,
2812 4090 3022 4160 justum
3071 4092 3131 4148 in
3179 4091 3427 4149 exercitio
3465 4082 3715 4155 signiﬁcans.

2226 4183 2425 4239 bonum
2466 4197 2598 4238 vero
2641 4190 2835 4237 natura
2867 4182 2961 4250 qui
3001 4181 3347 4253 simplicitate
3383 4180 3602 4233 innocens
3627 4164 3716 4222 dici.

2228 4286 2345 4342 tur;
2387 4274 2528 4332 unde
2550 4275 2801 4346 quamvis
2841 4274 3083 4330 melioris
3120 4274 3297 4330 meriti
3317 4273 3405 4336 sit,
3433 4273 3640 4340 quantum
3667 4255 3713 4311 ad

2226 4368 2402 4425 locum
2448 4368 2612 4424 istum
2653 4367 2908 4438 pertinet,
2953 4365 3136 4436 justus
3181 4380 3340 4441 quam
3384 4365 3554 4424 bonus,
3587 4364 3712 4409 tanien

2232 4478 2257 4511 σι
2273 4476 2373 4531 Pro
2398 4461 2560 4525 bono,
2584 4459 2778 4529 inquit,
2794 4459 2933 4514 forte
2949 4459 3146 4529 aliquis
3166 4459 3356 4514 audeat
3370 4454 3493 4511 mori
3507 4492 3522 4517 ,
3541 4470 3556 4503 ι
3572 4443 3711 4512 utqui:

540 4551 693 4619 Quod
723 4552 827 4607 tale
856 4562 938 4607 est
958 4591 973 4616 ,
1005 4567 1068 4607 ac
1111 4553 1155 4607 si
1184 4554 1327 4609 dicat
1365 4554 1506 4623 quod
1541 4554 1680 4608 Deus
1704 4553 1927 4609 dill‘usus
1956 4563 2039 4610 est
2068 4554 2123 4608 in
2155 4549 2201 4609 D
2230 4553 2590 4608 miserabilior
2612 4568 2777 4611 causa
2805 4553 3127 4608 innocentiae
3159 4560 3244 4607 est
3275 4551 3339 4605 ad
3374 4549 3470 4607 hac
3492 4542 3589 4614 ϐοαί
3617 4537 3711 4592 [om

539 4644 792 4699 cordibus
818 4643 1039 4708 nostris,
1072 4659 1168 4714 per
1197 4643 1456 4714 Spiritum
1481 4652 1756 4710 sanctum,
1786 4644 1878 4713 qui
1917 4644 2124 4699 habitat

541 4736 595 4790 itt
641 4734 816 4801 nobis,
858 4734 950 4804 qui
994 4734 1157 4789 etiam
1189 4750 1310 4791 eum
1354 4736 1661 4805 ignoremus
1695 4732 1823 4805 quid
1862 4735 2121 4792 debemus

537 4841 717 4891 orare,
754 4824 1063 4896 interpellat
1093 4840 1192 4897 pro
1225 4826 1381 4881 nobis
1419 4826 1705 4898 gemitibus
1741 4826 2117 4883 inenarrabili-

537 4919 657 4974 bus.
675 4918 777 4986 Qui
790 4925 968 4972 autem
982 4932 1102 4972 seru
1111 4918 1445 4982 taturcorda,
1460 4918 1563 4972 scit
1577 4917 1703 4988 quid
1717 4917 2119 4991 desiderctSpi-

538 5011 697 5077 ritus,
724 5010 982 5080 quoniam
1011 5009 1305 5065 secundum
1325 5009 1491 5063 Deum
1516 5008 1754 5078 postulat
1774 5022 1872 5078 pro
1887 5009 2113 5066 sanctis.

608 5100 806 5174 thuid
834 5103 971 5157 enim
999 5101 1259 5167 Christus,
1301 5117 1417 5155 cum
1448 5101 1619 5155 adhuc
1655 5113 1949 5171 peceatores
1976 5120 2116 5159 esse-

536 5213 675 5261 mus,
701 5195 987 5265 secundum
1023 5203 1224 5264 tempus
1257 5211 1349 5265 pro
1386 5194 1558 5264 impiis
1594 5204 1835 5248 mortuus
1882 5205 2007 5250 est:
2035 5195 2120 5251 vix

535 5290 671 5345 enim
698 5306 793 5361 pro
823 5288 974 5359 justo
1003 5284 1119 5360 quis
1143 5288 1405 5353 moritur;
1438 5304 1560 5341 nam
1589 5302 1682 5358 pro
1724 5287 1857 5342 bono
1896 5287 2121 5357 forsitan

532 5381 649 5452 quis
698 5381 892 5437 audeat
943 5381 1099 5435 mori.
1152 5379 1351 5451 (Orig.)
1407 5379 1623 5435 Plenius
1667 5380 1853 5434 volens
1894 5380 2123 5436 Virtutes

538 5473 820 5530 cbaritatis
839 5473 1127 5529 ostendere
1162 5488 1324 5543 quam
1363 5470 1610 5527 diffusam
1651 5472 1705 5526 in
1736 5471 1991 5526 cordibus
2026 5484 2125 5526 no-

536 5563 667 5617 stris
693 5564 903 5619 dixerat
930 5578 1026 5635 per
1050 5562 1310 5633 Spiritum
1336 5573 1605 5627 sanctum,
1633 5562 1828 5632 quibus
1867 5562 1968 5618 hoc
1996 5576 2124 5618 cau-

538 5652 615 5708 sis
661 5653 958 5724 intelligere
1019 5640 1340 5711 deberemus
1398 5654 1676 5724 esposuit,
1722 5662 1780 5708 et
1824 5652 1979 5708 docet
2025 5667 2123 5708 nos

535 5740 681 5815 quod
709 5742 956 5801 Christus
983 5760 1090 5802 non
1127 5760 1224 5817 pro
1251 5744 1356 5817 piis
1389 5745 1483 5802 sed
1524 5760 1625 5816 pro
1658 5741 1843 5814 impiis
1880 5751 2125 5801 mortuus

2231 4645 2464 4714 aliquem
2518 4656 2678 4714 posse
2729 4642 3020 4713 significat.
3075 4642 3315 4711 Denique
3364 4644 3532 4708 optant
3579 4642 3709 4701 parur

2229 4740 2312 4787 tes
2354 4749 2451 4803 pro
2499 4732 2659 4788 bonis
2696 4731 2821 4799 ﬁliis
2863 4733 3033 4797 mori,
3084 4748 3193 4786 non
3240 4730 3407 4786 dicam
3446 4736 3609 4780 uxores
3645 4727 3710 4785 pro

2226 4825 2383 4882 bonis
2413 4825 2625 4880 maritis
2652 4842 2665 4878 :
2694 4840 2821 4879 nam
2855 4825 2899 4881 si
2927 4825 3155 4879 velimus
3179 4823 3246 4879 de
3274 4823 3407 4877 bono
3430 4828 3479 4872 et
3499 4815 3711 4884 jusmpro-

2223 4932 2444 4989 ponere,
2473 4917 2762 4987 aliquando
2792 4917 3069 4975 meliorem
3090 4917 3297 4987 justum
3324 4904 3707 4997 deprehendimus

2220 5009 2512 5080 aliquando
2544 5009 2964 5081 praeponendum
3004 5011 3235 5073 bonum;
3269 5007 3313 5064 si
3338 5006 3470 5060 enim
3490 5001 3613 5089 juxta

2219 5101 2391 5174 legem
2423 5101 2516 5172 qui
2553 5101 2736 5171 justus
2763 5112 2850 5158 est
2886 5102 3078 5158 melior
3113 5101 3257 5156 bono
3291 5107 3388 5159 est,
3431 5092 3516 5150 sed
3553 5087 3707 5174 dloqui

2222 5171 2453 5249 necdum
2489 5207 2672 5248 secum
2712 5192 2995 5257 laboravit,
3037 5200 3097 5246 ut
3130 5187 3471 5260 amplificaret
3503 5195 3551 5237 se
3583 5171 3707 5270 boui-Mf.

2221 5283 2484 5338 exercitio
2507 5283 2650 5337 enim
2673 5282 2873 5339 bonum
2904 5290 3104 5337 natum
3127 5295 3239 5336 suae
3258 5278 3427 5348 justus
3456 5265 3707 5364 melior-abit:

2224 5375 2282 5431 Si
2309 5384 2488 5431 autem
2507 5374 2663 5445 juxta
2689 5376 2947 5431 mundum
2975 5375 3136 5431 fuerit
3149 5373 3345 5444 justus,
3365 5362 3642 5441 prchoniwl‘
3658 5350 3709 5406 illi

2223 5470 2397 5527 bonus
2420 5478 2641 5540 propter
2668 5470 3059 5532 innocentiam,
3090 5468 3217 5537 quia
3247 5457 3527 5533 hujusmodi
3548 5464 3633 5540 1th
3651 5447 3709 5497 ⁸⁵⁸

2220 5560 2342 5617 sine
2388 5539 2664 5630 impietate
2696 5559 2930 5631 iustitia.
2972 5556 3158 5629 itaque
3192 5555 3364 5613 omnis
3408 5557 3571 5605 neutra
3606 5539 3706 5593 bona

2223 5658 2341 5717 est,
2379 5650 2592 5722 jnslitia
2626 5659 2807 5707 autem
2848 5650 2984 5718 legis
3021 5649 3109 5705 Dei
3148 5646 3347 5702 fructus
3369 5631 3708 5726 οειωιξιρθξυίξξ

2225 5717 2461 5812 naturis,
2517 5741 2746 5815 ideoque
2794 5739 3003 5814 iustitia
3060 5738 3271 5797 bonitas
3315 5742 3421 5798 cst,
3466 5722 3581 5783 unde
3610 5717 3708 5831 1°“:
