3998 6202
336 347 477 409 I373

867 349 1414 412 ENARBATIONULI
1450 351 1531 409 IN
1551 350 1701 409 EPP.
1737 350 1944 410 PAULI
1980 351 2109 409 LIB.
2148 351 2237 413 III.
2275 387 2346 398 —
2380 357 2448 415 IN
2484 358 2703 417 EPIST.
2742 359 2837 417 AD
2874 360 3040 419 R031.

3460 362 3601 422 (ὄπ

332 474 551 534 semper
569 461 906 534 appellamur
929 474 986 521 et
1010 466 1158 522 boni.
1188 466 1303 524 Non
1330 477 1510 524 tamen
1527 483 1742 539 semper
1764 468 1912 534 boni,
1942 468 1991 527 Α
2021 473 2164 523 terra
2190 468 2303 524 vita
2329 469 2467 541 ejus,
2493 480 2548 526 et
2574 487 2674 542 pro
2699 471 3272 545 iniquitatibusupopull
3298 475 3497 532 ductus
3517 485 3604 535 est

326 555 463 628 justi
492 574 509 611 :
552 556 680 627 quia
719 573 825 613 non
862 567 1084 630 propter
1120 574 1285 629 opera
1323 570 1584 616 vocantur
1618 562 1778 628 boni,
1823 562 1917 617 sed

332 656 556 720 propter
582 647 951 704 innocentiam
972 668 986 703 :
1005 648 1219 719 justitia
1249 652 1394 708 enim
1432 651 1671 723 perfecta
1699 660 1784 708 est
1820 652 1918 707 bo-

330 728 497 803 nitas,
519 737 648 793 dum
672 737 853 808 explet
876 754 1042 809 opere
1072 749 1281 797 natura)
1306 756 1420 797 suae
1445 742 1611 797 bona.
1639 740 1913 814 (meram)

332 833 461 887 Dote
487 831 722 887 hiereses
742 846 809 886 ex
830 833 1117 889 occasione
1139 832 1299 902 hujus
1327 832 1618 889 testimonii
1640 833 1785 903 quod
1808 847 1914 887 non

329 923 636 994 intelligunt
664 924 879 980 diverso
904 925 1119 994 quidem
1144 940 1351 993 errore,
1376 928 1472 982 sed
1497 928 1612 999 pari
1640 928 1917 997 impietate

328 1012 729 1082 blasphemant.
766 1012 1025 1079 Marcion,
1067 1015 1159 1084 qui
1188 1015 1394 1085 justum
1424 1016 1591 1070 Deum
1622 1024 1679 1072 et
1704 1024 1915 1072 creato-

330 1116 446 1156 rem
476 1101 608 1173 legis
634 1103 763 1157 facit
787 1110 843 1157 et
869 1094 1276 1173 prophetarum,
1303 1103 1501 1160 bonum
1527 1114 1707 1161 autem
1737 1106 1913 1161 Evan-

328 1193 454 1264 gelii
494 1201 550 1248 et
580 1192 981 1263 apostolorum,
1027 1194 1181 1265 cujus
1224 1196 1337 1250 vult
1378 1210 1500 1251 esse
1540 1197 1733 1252 Filium
1756 1197 1912 1253 Chri-

326 1294 504 1348 stum,
538 1284 673 1339 duos
702 1285 994 1341 introducit
1028 1286 1187 1353 Deos,
1219 1303 1384 1342 unum
1417 1288 1652 1356 justum,
1682 1290 1911 1345 alterum

329 1373 528 1429 bonum
557 1391 572 1429 :
597 1383 649 1430 et
692 1390 789 1446 pro
820 1377 971 1447 justo
996 1380 1211 1444 asserit,
1251 1379 1334 1434 vel
1362 1381 1552 1445 nullos,
1596 1382 1680 1437 vel
1711 1397 1911 1452 paucos

325 1466 580 1535 opetiisse
626 1476 878 1534 mortem,
922 1485 1021 1539 pro
1066 1471 1209 1526 bono
1256 1481 1455 1538 autem,
1502 1474 1558 1528 id
1602 1482 1707 1541 est,
1755 1484 1911 1544 patre

324 1556 563 1623 Christi,
620 1558 1039 1616 innumerabiles
1088 1571 1355 1634 martyres
1382 1564 1676 1620 exstitisse.
1737 1565 1910 1622 Porro

321 1647 487 1704 Arius
509 1649 729 1720 .justum
778 1649 847 1704 ad
890 1651 1165 1707 Christum
1208 1653 1394 1718 refert,
1443 1654 1511 1710 de
1555 1671 1662 1725 quo
1702 1657 1907 1713 dictant

322 1751 410 1796 est
436 1759 449 1795 ε
485 1741 651 1806 Deus,
673 1742 935 1811 judicium
963 1753 1112 1799 tuum
1145 1748 1254 1817 regi
1282 1748 1375 1813 da,
1401 1757 1450 1802 et
1470 1750 1735 1818 Justitiam
1760 1760 1905 1805 (nam

2019 559 2087 614 ad
2117 570 2369 626 mortem,
2399 572 2455 616 et
2480 564 2717 632 portavit
2741 574 2961 634 peccata
2990 572 3196 629 nostra,
3224 574 3278 619 et
3306 566 3496 620 tradita
3519 578 3603 622 est

2017 649 2073 705 in
2098 660 2273 706 morte
2301 652 2483 707 anima
2518 653 2682 721 illius,
2727 663 2783 710 et
2819 670 2945 710 cum
2985 654 3187 725 iniquis
3222 664 3467 725 reputata
3494 668 3597 720 est,

2017 752 2078 797 ut
2105 758 2205 799 nos
2244 743 2438 814 impios
2475 751 2531 800 et
2567 745 2814 801 infirmos
2839 754 2896 801 et
2923 755 3258 816 peccatores,
3287 747 3404 817 pios
3428 754 3484 801 et
3508 761 3609 803 ro-

2014 831 2226 898 bustos,
2250 842 2306 888 et
2323 832 2498 904 justos
2524 834 2744 891 faceret.
2768 835 3020 891 Nonnulli
3051 837 3124 892 ita
3151 836 3601 907 interpretantur,

2014 923 2062 979 si
2092 923 2180 978 ille
2201 939 2300 993 pro
2328 924 2485 995 nobis
2513 924 2693 996 impiis
2721 937 2965 984 mortuus
2993 934 3095 993 est,
3118 916 3176 982 et
3200 927 3603 997 peccatoribus.

2013 1023 2217 1083 quanto
2244 1015 2418 1087 magis
2445 1031 2547 1071 nos
2577 1017 2781 1087 absque
2809 1018 2916 1072 ulla
2947 1002 3300 1083 dubitatione,
3333 1035 3431 1089 pro
3451 1016 3605 1087 justo

2012 1111 2070 1158 et
2104 1104 2247 1160 bono
2275 1104 2492 1161 Christo
2515 1106 2774 1162 debemus
2801 1109 3140 1163 occumbere.
3176 1106 3390 1164 Iustum
3418 1117 3600 1165 autem

2012 1203 2070 1252 et
2094 1196 2295 1252 bonum
2336 1213 2441 1252 non
2474 1206 2725 1267 putemus
2749 1212 2871 1253 esse
2897 1197 3201 1263 diversum,
3233 1211 3332 1253 nec
3360 1199 3598 1268 aliquam

2011 1287 2230 1357 proprie
2272 1287 2577 1359 significare
2620 1302 2929 1358 personam,
2980 1287 3077 1343 sed
3119 1288 3360 1343 absolute
3395 1287 3597 1356 justam

2013 1392 2148 1432 rem.
2196 1377 2472 1434 Interdum
2520 1378 2716 1448 aliquis
2764 1378 2994 1432 inveniri
3037 1386 3248 1449 potest,
3297 1379 3388 1447 qui
3442 1395 3598 1432 sumn

2012 1468 2331 1539 sanguinem
2350 1467 2556 1522 tundat.
2574 1466 2770 1539 (0rig.)
2784 1469 2880 1523 Est
2896 1482 3050 1522 amor
3076 1467 3200 1521 vita:
3215 1466 3372 1535 hujus
3398 1475 3598 1529 tantus,

2011 1568 2073 1613 ut
2104 1558 2268 1614 etiam
2301 1574 2425 1614 cum
2448 1557 2597 1628 justa
2620 1574 2782 1614 causa
2800 1559 2989 1615 mortis
3002 1558 3302 1624 advenerit,
3327 1557 3415 1611 vix
3437 1573 3601 1613 unus-

2011 1649 2240 1719 quisque
2261 1656 2489 1705 mortem
2516 1649 2784 1723 patienter
2804 1648 3054 1721 accipiat.
3077 1648 3229 1705 Justa
3241 1657 3419 1704 autem
3434 1665 3601 1705 causa

2010 1738 2204 1794 mortis
2232 1739 2464 1806 videtur,
2480 1754 2603 1795 cum
2618 1748 2827 1795 natura:
2842 1739 2959 1811 lege
2972 1738 3213 1795 defertur
3237 1758 3250 1793 :
3275 1746 3331 1793 et
3351 1739 3598 1808 quamvis
3616 1726 3619 1729 ’

320 1832 435 1902 ﬁlio
461 1835 594 1904 regis
623 1834 795 1906 (Psal.
825 1836 1009 1909 uxr);
1051 1847 1106 1893 et
1142 1839 1255 1909 ipse
1280 1829 1351 1895 δέ
1382 1854 1441 1895 se
1480 1840 1535 1895 in
1564 1841 1856 1912 Evangelia
1886 1861 1901 1897 ε
1935 1818 1981 1878 Β
1999 1829 2205 1900 justum
2218 1832 2290 1888 sit
2312 1832 2621 1891 conditione
2635 1832 2999 1898 mortalitatis,
3018 1832 3107 1886 vix
3120 1840 3298 1887 tamen
3322 1832 3597 1903 amplecti-

322 1922 449 1978 Non
482 1925 621 1978 enim
660 1923 825 1980 Pater
859 1927 1067 1997 judicat
1093 1946 1425 2001 quemquam,
1463 1931 1552 1986 sed
1581 1948 1732 1987 omne
1750 1928 1904 2003 judi-

317 2014 456 2069 cium
486 2015 627 2070 dedit
656 2015 797 2072 Filio
826 2018 1007 2089 (Joan.
1034 2020 1111 2088 v).
1134 2020 1201 2076 Et
1224 2036 1239 2074 :
1273 2038 1301 2071 4
1324 2022 1435 2092 Ego
1457 2020 1600 2077 sicut
1626 2021 1806 2087 audio,
1830 2022 1903 2078 ita

308 2104 515 2173 judico.
540 2124 559 2156 ι
575 2106 780 2161 Bonum
806 2117 985 2162 autem
1004 2110 1168 2164 Deum
1186 2110 1427 2177 Patrem,
1447 2111 1513 2167 de
1540 2127 1647 2182 quo
1670 2114 1787 2184 ipse
1815 2113 1905 2168 Fi-

314 2196 422 2253 lius
447 2198 734 2254 confitetur
759 2215 774 2253 τ
812 2199 952 2266 Quid
988 2218 1072 2255 me
1098 2203 1231 2257 dicis
1259 2203 1492 2258 bonum?
1526 2218 1675 2260 nemo
1703 2215 1777 2260 est
1807 2206 1899 2260 bo-

316 2303 414 2341 nus
445 2288 548 2341 nisi
586 2304 725 2343 unus
766 2288 909 2343 Deus
953 2287 1117 2344 Pater
1159 2289 1355 2361 (Marc.
1383 2292 1459 2363 x).
1509 2291 1752 2363 Cumque
1798 2294 1904 2349 huc

313 2392 489 2447 usque
516 2378 862 2450 blasphemia!
898 2395 1013 2436 sua:
1049 2380 1234 2435 devios
1270 2380 1435 2436 calles
1472 2385 1709 2454 potuerit
1747 2384 1901 2440 inve-

313 2468 455 2533 nire,
487 2468 542 2522 in
585 2471 1039 2538 consequentibus
1076 2471 1352 2543 impingit,
1395 2480 1450 2528 et
1489 2474 1717 2529 corruit.
1753 2474 1902 2542 Quo-

314 2558 477 2613 modo
517 2558 661 2613 enim
691 2574 791 2630 pro
822 2568 979 2628 patre
1008 2562 1131 2632 quis
1155 2562 1318 2617 audet
1356 2562 1513 2625 mori,
1558 2572 1612 2619 et
1641 2578 1741 2633 pro
1765 2563 1904 2621 Filio

313 2648 407 2702 vix
462 2648 713 2716 moritur,
770 2667 893 2705 cum
942 2661 1167 2724 propter
1214 2670 1410 2711 nomen
1463 2654 1666 2711 Christi
1722 2665 1904 2713 tantus

312 2747 614 2811 martyrum
639 2741 859 2812 sanguis
884 2741 1086 2799 effusus
1121 2745 1226 2799 sit?
1259 2744 1360 2812 Qui
1390 2746 1554 2817 igitur
1584 2747 1905 2819 simpliciter

313 2828 460 2885 hunc
493 2830 722 2900 exponit
746 2830 944 2898 locum,
975 2833 1080 2888 hoc
1105 2841 1283 2904 potest
1307 2834 1511 2902 dicere,
1541 2837 1686 2907 quod
1720 2836 1775 2891 in
1803 2852 1900 2893 ve-

311 2921 418 2977 teri
453 2922 592 2994 lege,
627 2922 680 2977 in
711 2938 817 2993 qua
841 2922 1051 2991 iustitia
1083 2936 1190 2992 est,
1217 2927 1307 2981 vix
1335 2927 1494 2997 pauci
1529 2928 1734 2984 inventi
1767 2927 1900 2991 sint,

310 3013 405 3083 qui
443 3028 599 3068 suum
641 3011 897 3069 fuderunt
938 3016 1276 3085 sanguinem,
1319 3018 1374 3073 in
1411 3033 1553 3075 novo
1590 3025 1770 3074 autem
1812 3018 1898 3074 in-

310 3093 636 3171 stnnnento,
680 3105 734 3160 in
765 3122 873 3177 quo
902 3108 1116 3165 bonitas
1141 3118 1258 3176 est,
1300 3120 1463 3182 atque
1490 3110 1798 3177 clementia,
1811 3113 1899 3169 in-

309 3197 677 3255 numerabiles
721 3200 1000 3255 extiterint
1036 3209 1323 3273 martyres.
1526 3218 1594 3260 ex
1640 3219 1709 3261 eo
1752 3206 1898 3276 quod
1925 3177 1973 3242 ο

284 3288 511 3359 posuit,
539 3286 765 3344 forsitan
791 3291 914 3361 quis
941 3292 1106 3347 etiam
1140 3292 1337 3349 audeat
1372 3294 1530 3358 mori,
1570 3302 1627 3352 et
1665 3297 1899 3367 pendulo

306 3378 478 3449 gradu
519 3380 841 3435 sententiam
885 3383 1237 3451 temperavit,
1281 3383 1512 3440 inveniri
1562 3401 1723 3457 posse
1764 3403 1899 3445 non-

307 3470 508 3535 nullos,
550 3471 643 3541 qui
683 3471 917 3527 audeant
958 3471 1100 3528 mori
1136 3488 1236 3544 pro
1279 3475 1590 3548 Evangelio,
1637 3482 1894 3548 ostendit,

306 3579 418 3619 non
448 3561 527 3618 sic
553 3563 948 3633 accipiendum,
977 3565 1072 3620 sed
1097 3580 1162 3620 ex
1199 3567 1568 3636 superioribus
1595 3577 1652 3624 et
1675 3569 1898 3625 inferio-

306 3652 457 3708 ribus
483 3668 698 3707 sensnm
721 3651 824 3708 loci
855 3651 1014 3722 hujus
1032 3653 1230 3710 debere
1259 3658 1513 3723 tractari;
1544 3658 1731 3715 dicens
1749 3660 1895 3715 enim

305 3742 506 3800 Paulus
533 3744 809 3814 apostolus
844 3759 905 3800 se
932 3744 1153 3816 gloriari
1185 3746 1239 3800 in
1271 3747 1730 3817 tribulationibus,
1769 3752 1894 3821 quia

305 3837 575 3894 tribulatio
603 3838 911 3907 patientiam
939 3847 1204 3909 operatur,
1232 3840 1484 3911 patientia
1510 3851 1683 3896 autem
1710 3842 1896 3913 proba-

305 3931 522 3993 tionem,
563 3927 800 3997 probatio
838 3945 1001 3998 spem,
1032 3945 1147 3999 spes
1176 3946 1294 3983 vero
1325 3946 1428 3985 non
1450 3933 1744 4002 confundit,
1774 3949 1895 4003 qua;

304 4036 373 4075 ex
399 4034 465 4073 eo
492 4027 695 4073 certam
721 4019 917 4074 haheat
936 4020 1371 4090 promissionem,
1392 4022 1515 4093 quia
1541 4022 1771 4078 charitas
1796 4024 1895 4079 Dei

301 4111 475 4178 eﬂusa
500 4118 577 4164 est
614 4109 671 4161 in
711 4108 955 4164 cordibus
995 4110 1186 4165 nostris
1214 4127 1307 4182 per
1334 4111 1592 4183 Spiritum
1630 4124 1890 4182 sanctum,

301 4203 393 4275 qui
423 4201 581 4254 datus
622 4209 698 4255 est
736 4200 906 4266 nobis,
948 4203 1243 4257 secundum
1281 4202 1411 4259 illud
1451 4205 1594 4275 quod
1631 4205 1774 4263 Deus
1812 4207 1895 4262 di-

304 4298 459 4344 xerat
487 4306 584 4361 per
610 4290 927 4361 prophetam
960 4310 972 4344 :
1006 4291 1295 4362 E/rundam
1323 4294 1389 4349 de
1422 4295 1609 4366 spiritu
1648 4313 1762 4352 meo
1801 4314 1894 4354 su-

301 4401 394 4447 per
430 4400 634 4438 omnem
678 4398 891 4438 carnem
938 4384 1071 4456 (Isa.
1108 4386 1279 4455 κων),
1324 4388 1554 4443 miratur
1594 4389 1891 4447 bonitatem

301 4474 525 4538 Christi,
557 4473 699 4544 quod
730 4488 829 4545 pro
858 4472 1091 4530 infirmis
1121 4484 1177 4531 et
1208 4478 1407 4548 impiis,
1437 4488 1492 4534 et
1516 4482 1890 4550 peccatoribus

303 4566 441 4619 mori
482 4564 735 4630 voluerit,
774 4573 831 4619 et
869 4565 1006 4619 mori
1035 4576 1336 4635 opportuno
1372 4577 1635 4641 tempore,
1676 4573 1743 4627 de
1781 4588 1890 4643 quo

302 4656 419 4725 ipse
450 4654 582 4709 dicit
611 4672 626 4708 :
662 4653 911 4725 Tempore
946 4665 1236 4726 opportuno
1263 4660 1505 4715 exaudiui
1543 4669 1615 4728 te,
1642 4671 1692 4718 et
1720 4664 1776 4718 in
1804 4665 1890 4720 die

301 4749 491 4803 salutis
526 4749 815 4804 auxiliatus
853 4765 968 4805 sum
1007 4752 1086 4804 tui
1152 4750 1279 4817 (lsa.
1302 4752 1525 4822 rus,"
1542 4754 1887 4829 Cor.vt);ct:

301 4840 439 4895 Ecce
471 4858 608 4894 nunc
638 4850 838 4912 tempus
866 4840 1201 4912 acceptabile,
1241 4859 1359 4897 ecce
1396 4860 1535 4899 nunc
1564 4846 1676 4902 dies
1701 4846 1891 4905 salutis

304 4930 771 5003 (lbid.);quando
811 4944 1000 4987 omnes
1045 4942 1423 5003 peccaverunt,
1468 4936 1628 4992 simul
1669 4939 1888 4999 inutiles

304 5022 432 5077 facti
482 5030 636 5086 sunt,
680 5036 785 5077 non
833 5021 935 5076 fuit
975 5021 1066 5092 qui
1116 5022 1317 5079 faceret
1359 5026 1593 5091 bonum,
1634 5042 1743 5083 non
1787 5028 1891 5084 fuit

302 5128 478 5184 usque
504 5115 571 5168 ad
600 5129 766 5169 unum
792 5112 964 5183 (Psal.
996 5122 1114 5173 ut).
1140 5116 1473 5175 Incredibilis
1496 5135 1627 5190 ergo
1651 5121 1886 5189 bonitas,

303 5218 360 5264 et
383 5204 620 5261 inaudita
649 5206 933 5262 clementia
968 5208 1104 5263 mori
1138 5222 1238 5278 pro
1267 5210 1464 5279 impiis.
1497 5211 1593 5267 Vix
1621 5215 1765 5269 enim
1788 5231 1889 5286 pro

300 5295 449 5369 justo
501 5297 734 5369 aliquem
782 5305 840 5353 et
886 5299 1031 5354 bono
1076 5314 1231 5355 suum
1278 5302 1594 5373 sanguinem
1639 5303 1887 5372 fundere,

302 5398 448 5446 metu
496 5391 689 5445 mortis
722 5398 949 5448 cunctos
978 5399 1235 5449 terrente.
1282 5391 1420 5448 Nam
1450 5393 1677 5451 inveniri
1717 5396 1887 5452 inter-

303 5480 460 5543 dum,
491 5489 551 5535 ut
574 5479 770 5551 aliquis
803 5496 903 5553 pro
923 5480 1071 5551 justo
1093 5489 1149 5538 et
1170 5482 1314 5539 bono
1338 5483 1532 5539 audeat
1556 5485 1716 5540 mori.
1747 5485 1889 5541 Cha-

303 5566 440 5623 ritas
464 5575 644 5624 autem
674 5568 772 5624 Dei
796 5582 957 5640 quam
986 5570 1041 5625 in
1072 5571 1228 5628 nobis
1264 5572 1451 5628 habuit
1486 5571 1614 5628 hinc
1650 5575 1889 5633 maxime

302 5657 687 5729 comprobatur
716 5661 880 5732 quod,
902 5675 1027 5718 cum
1056 5663 1233 5719 adhuc
1268 5670 1581 5734 peccatores
1616 5679 1886 5733 essemus,

302 5748 555 5810 Christus
588 5768 689 5827 pro
729 5752 885 5812 nobis
924 5762 1173 5812 mortuus
1209 5762 1314 5825 est,
1354 5763 1411 5813 et
1447 5754 1657 5814 sublata
1694 5766 1781 5817 est
1818 5758 1887 5818 dc

2008 1936 2096 1982 tur
2133 1926 2348 1982 animus
2368 1934 2578 1981 naturae
2596 1925 2804 1997 legibus
2825 1926 3036 1981 cedere.
3061 1924 3399 1980 Commendat
3421 1934 3593 1979 autem

2004 2037 2155 2076 suam
2178 2020 2485 2074 alacritatem
2500 2018 2638 2074 Deus
2661 2019 2716 2072 in
2737 2018 2906 2072 nobis.
2926 2016 3130 2089 (Amb.)
3148 2017 3238 2072 Sic
3249 2018 3594 2071 commendat

2004 2114 2329 2169 charitatem
2351 2126 2522 2174 suam,
2553 2111 2679 2165 dum
2705 2110 2882 2165 adhuc
2911 2108 3147 2163 inimicis
3174 2106 3466 2162 benevolus
3484 2115 3588 2173 est,

2004 2204 2236 2260 etmittit
2264 2204 2355 2273 qui
2371 2203 2671 2266 salveteos,
2698 2217 2825 2258 cum
2858 2200 3046 2273 utique
3070 2214 3177 2255 non
3209 2205 3540 2255 mereantur.

2074 2292 2336 2360 Quoniam
2359 2294 2404 2348 si
2425 2308 2546 2347 cum
2563 2290 2738 2346 adhuc
2761 2299 3055 2361 peccatores
3079 2305 3332 2354 euentus,
3354 2286 3592 2344 Christus

2002 2401 2098 2455 pro
2122 2384 2268 2439 nobis
2293 2394 2528 2437 mortuus
2553 2391 2649 2448 est,
2675 2381 2838 2436 multo
2865 2381 3032 2451 magis
3049 2379 3329 2450 justi/irati
3374 2380 3592 2433 nuncin

2002 2477 2256 2546 sanguine
2281 2475 2446 2546 ipsius
2482 2472 2616 2529 salui
2654 2474 2849 2528 erimus
2885 2476 2950 2527 ab
2990 2472 3074 2525 ira
3114 2485 3207 2541 per
3242 2470 3432 2541 ipsum.
3479 2469 3593 2525 Hoc

2003 2567 2155 2633 dicit,
2183 2567 2309 2638 quia
2337 2566 2383 2621 si
2411 2580 2511 2636 pro
2537 2565 2917 2635 peccatoribus
2939 2561 3134 2617 Filium
3163 2578 3319 2618 suum
3339 2561 3483 2618 Deus
3495 2577 3590 2617 oc-

2003 2658 2108 2713 cidi
2132 2657 2407 2727 permisit,
2438 2656 2568 2727 quid
2592 2654 2752 2710 faciet
2775 2669 2872 2724 pro
2895 2638 3239 2722 iustiﬁcatis?
3272 2651 3377 2707 nisi
3412 2659 3593 2708 servet

2001 2763 2096 2806 eos
2107 2748 2177 2805 ab
2188 2749 2290 2814 ira,
2307 2748 2358 2802 id
2371 2756 2477 2813 est,
2491 2755 2637 2802 tutos
2649 2746 2768 2802 illos
2787 2754 3007 2816 pra‘stet
3025 2745 3094 2800 ab
3108 2745 3354 2801 illusione
3368 2743 3587 2809 diaboli,

2001 2845 2064 2897 ut
2080 2838 2259 2893 securi
2279 2837 2389 2894 sint
2406 2837 2462 2891 in
2484 2835 2570 2892 die
2582 2834 2774 2905 judicii
2794 2848 2917 2891 cum
2940 2834 3167 2904 coeperit
3186 2833 3419 2903 perfidos
3456 2834 3599 2890 ultio

2002 2927 2321 2984 devastata:
2353 2927 2610 2999 quoniam
2630 2926 2775 2982 enim
2813 2925 3028 2980 bonitas
3055 2925 3150 2980 Dei
3176 2924 3377 2979 nullum
3412 2927 3592 2995 perire

2001 3020 2135 3087 vult,
2148 3028 2385 3079 "mortem
2398 3018 2765 3091 dignissimam
2785 3016 2952 3081 dedit,
2972 3024 3031 3071 ut
3050 3015 3469 3087 intelligentibns
3495 3016 3591 3073 Dei

2002 3110 2232 3183 gratiam
2260 3110 2404 3166 circa
2428 3124 2489 3164 se
2515 3108 2741 3164 adderet
2764 3105 3087 3177 dignitatem
3123 3113 3180 3161 et
3211 3104 3459 3176 gloriam,
3501 3105 3588 3161 in-

2000 3202 2170 3274 gratis
2193 3201 2495 3259 cumularet
2513 3214 2751 3272 pmnam.
2782 3198 2982 3268 Ingrati
3006 3197 3061 3253 hi
3086 3206 3212 3254 sunt
3230 3197 3345 3268 qui,
3370 3195 3479 3251 Deo
3500 3211 3593 3251 vo-

1996 3292 2538 3360 cante,disseutiunt,
2570 3291 2665 3347 Dei
2692 3290 2922 3362 gratiam
2950 3289 3269 3352 abnuentes,
3298 3295 3359 3341 ut
3387 3286 3439 3342 in
3462 3302 3590 3357 pro-

1995 3387 2173 3458 posito
2199 3386 2405 3443 erroris
2445 3391 2503 3439 et
2549 3382 2902 3455 malignitatis
2941 3386 3315 3452 permaneant.
3365 3376 3588 3452 (Oi-ig.)

1994 3479 2111 3536 Non
2131 3490 2262 3550 puto
2281 3493 2414 3536 sane
2457 3475 2603 3550 quod
2640 3478 2815 3533 otiosa
2842 3474 2916 3529 sit
2944 3474 3086 3545 apud
3104 3472 3329 3529 Paulum
3353 3472 3595 3527 varietas

1996 3571 2098 3627 ista
2129 3572 2448 3637 verborum,
2490 3567 2635 3639 quod
2674 3566 2965 3638 aliquando
3000 3564 3267 3629 infirmos,
3297 3563 3588 3634 aliquando

1994 3663 2210 3734 impios,
2252 3662 2539 3733 aliquando
2576 3670 2891 3731 peccatores
2934 3658 3209 3721 nominat,
3254 3671 3354 3727 pro
3382 3656 3592 3725 quibus

1993 3752 2272 3809 Christum
2313 3759 2584 3807 mortuum
2614 3750 2780 3805 dicit:
2824 3756 2881 3804 et
2904 3747 3154 3818 quamvis
3182 3746 3491 3817 imperitum
3528 3761 3589 3801 se

1995 3840 2230 3897 fateatur
2274 3841 2331 3896 in
2373 3852 2654 3905 sermone,
2692 3854 2803 3894 non
2840 3845 3022 3892 tanien
3064 3836 3301 3891 arbitror
3341 3835 3483 3904 quod
3527 3835 3583 3891 in

1993 3930 2081 3986 his
2126 3930 2216 3985 ille
2255 3944 2353 3999 per
2395 3927 2757 3999 imperitiam,
2806 3925 2901 3982 sed
2929 3925 3107 3995 potius
3132 3939 3230 3995 per
3263 3924 3586 3993 ptofundam

1994 4020 2275 4075 scientiam
2288 4018 2600 4074 variaverit.
2622 4015 2728 4071 Per
2752 4017 2868 4071 haec
2896 4030 3129 4084 namque
3157 4014 3261 4068 tria
3280 4028 3439 4068 omne
3459 4029 3585 4083 pee-

1992 4111 2102 4167 cati
2132 4109 2404 4181 colligitur
2429 4123 2619 4180 genus.
2648 4106 2756 4162 Aut
2792 4107 2936 4163 enim
2986 4105 3242 4177 ignorans
3266 4105 3432 4160 Deum
3461 4106 3584 4175 quis

1992 4208 2180 4274 peccat
2208 4201 2265 4257 in
2293 4200 2549 4265 tenebris,
2595 4206 2653 4254 et
2696 4205 2922 4254 vocatur
2970 4196 3168 4265 impius
3200 4212 3215 4250 :
3247 4204 3342 4250 aut
3399 4195 3584 4251 volens

1991 4307 2215 4349 servare
2260 4292 2603 4356 mandatum,
2655 4289 2888 4345 vincitur
2931 4287 3227 4358 fragilitate
3272 4287 3482 4353 carnis,
3525 4297 3583 4344 et

1993 4383 2263 4440 illecebris
2296 4383 2586 4455 praesentis
2622 4381 2747 4437 vita:
2782 4380 3068 4451 decipitur,
3111 4387 3166 4436 et
3205 4379 3453 4436 infirmus
3482 4396 3581 4452 ap-

1992 4476 2256 4547 pellatur;
2282 4483 2379 4530 aut
2399 4473 2580 4531 sciens
2599 4473 2894 4543 volensque
2918 4471 3217 4528 contemnit
3242 4471 3580 4538 mandatum,

1991 4574 2048 4624 et
2090 4566 2206 4622 odit
2247 4565 2585 4635 disciplinam
2632 4563 2753 4631 Dei,
2788 4579 2854 4619 ac
2897 4563 3112 4634 projicit
3140 4578 3418 4619 sermones
3466 4562 3583 4633 ejus

1988 4668 2111 4729 post
2139 4672 2219 4724 se,
2243 4665 2298 4712 ct
2323 4664 2574 4727 peccator
2603 4656 2930 4711 nominatur.
2960 4656 3137 4725 Atque
3167 4656 3239 4710 ita
3268 4655 3465 4712 Paulus
3488 4657 3581 4726 qui

1989 4765 2050 4805 se
2078 4750 2383 4821 imperitum
2402 4789 2419 4815 ,
2449 4756 2510 4804 ut
2543 4748 2798 4813 diximus,
2825 4746 2877 4801 in
2910 4762 3159 4802 sermone
3190 4747 3492 4819 profitetur,
3522 4747 3579 4802 in

1991 4841 2163 4896 tribus
2201 4841 2286 4896 his
2322 4839 2729 4896 diversitatibus
2766 4838 3038 4904 universa,
3074 4854 3174 4909 pro
3208 4839 3402 4908 quibus
3424 4838 3581 4892 Chri-

1987 4939 2105 4987 stus
2141 4932 2466 5001 praedicatur
2501 4940 2749 4987 mortuus
2779 4944 2917 4995 esse,
2951 4929 3263 4999 complexus
3291 4938 3394 4984 est.
3424 4928 3580 4995 Quod

1987 5022 2035 5078 si
2074 5022 2345 5077 interdum
2383 5022 2549 5078 etiam
2587 5023 2667 5088 hi,
2703 5022 2795 5092 qui
2834 5022 2936 5077 sub
2968 5020 3084 5091 lege
3125 5029 3284 5084 sunt,
3314 5028 3370 5075 et
3408 5020 3578 5079 Deum

1987 5114 2166 5170 colere
2191 5114 2442 5169 videntur
2470 5115 2622 5184 impii
2652 5114 2704 5169 in
2735 5112 3033 5182 Seripturis
3065 5110 3261 5167 divinis
3297 5112 3578 5168 nominau-

1989 5213 2097 5271 tur,
2124 5206 2327 5261 idcirco
2347 5205 2490 5276 quod
2513 5205 2879 5274 relinquentes
2898 5204 3067 5260 Deum
3089 5214 3304 5276 patrum
3332 5222 3587 5283 suorum,

1987 5298 2123 5353 deos
2144 5297 2387 5365 gentium
2414 5296 2616 5352 colunt.
2644 5296 2800 5363 Quod
2827 5312 2957 5352 vero
2984 5296 3182 5353 Paulus
3205 5314 3266 5355 se
3294 5315 3417 5356 cum
3445 5315 3573 5370 pec-

1990 5386 2270 5442 catoribus
2312 5395 2586 5453 numerat,
2612 5387 2703 5456 qui
2746 5386 2800 5441 in
2840 5386 2959 5442 aliis
2992 5387 3123 5443 dicit
3161 5402 3177 5442 :
3224 5388 3339 5446 Nos
3383 5401 3576 5450 natura

1990 5478 2189 5545 Iudici,
2226 5489 2276 5534 et
2304 5496 2409 5536 non
2434 5496 2502 5535 ea:
2527 5479 2763 5550 gentibus
2790 5489 3085 5550 peccatores
3111 5479 3254 5553 (Gal.
3284 5484 3368 5555 tt),
3396 5485 3575 5541 humi-

1991 5571 2162 5629 litatis
2181 5572 2301 5640 ejus
2323 5579 2409 5628 est
2431 5571 2604 5627 virtus
2629 5589 2643 5624 :
2675 5571 2918 5626 imitatur
2945 5572 3088 5627 enim
3118 5571 3297 5639 illum,
3328 5576 3418 5645 qui
3449 5592 3572 5633 cum

1990 5673 2269 5735 peccatum
2308 5680 2414 5720 non
2455 5664 2704 5729 fecisset,
2745 5673 3026 5735 peceatum
3062 5681 3166 5737 pro
3204 5667 3360 5725 nobis
3398 5667 3574 5724 factus

1989 5767 2104 5829 est,
2141 5769 2195 5819 et
2233 5775 2355 5818 cum
2395 5758 2538 5818 Deus
2563 5766 2739 5829 esset,
2780 5757 2924 5816 inter
2953 5759 3199 5819 homines
3221 5770 3571 5821 conversatus
