3998 6202
559 344 698 406 i575

1229 349 1290 404 B.
1333 349 1583 406 ΠΑΒᾹΝΙ
1622 349 1840 408 MAURI
1878 350 2129 408 ARCHlE

2146 349 2197 407 P.
2242 351 2547 411 MOGUNT.
2567 352 2864 413 OPERUM-
2889 355 3064 412 ΡΜῑὸ
3104 357 3188 413 ΠΙ.

3604 371 3702 426 ηπ

557 474 661 521 est.
690 463 1029 519 Commendat
1065 480 1186 534 ergo
1215 479 1365 518 suam
1393 464 1696 520 charitatem
1722 465 1861 519 Deus
1887 466 1942 520 in
1969 466 2144 519 nobis-
2165 469 2217 527 A-
2241 481 2356 521 sum
2386 466 2662 522 Christum
2691 467 2978 522 Dominum
3016 479 3273 524 nostrum.
3314 470 3371 526 Si
3398 475 3530 540 enim,
3562 478 3702 550 inquit,

559 555 755 629 (Orig)
778 556 874 610 Hic
897 557 1239 618 commendat,
1272 557 1356 611 vel
1379 557 1666 612 conﬁrmat
1694 559 2029 629 intelligitur,
2053 560 2135 613 vel

557 647 842 702 amabilem
875 646 1003 700 facit
1046 661 1144 716 pro
1179 647 1452 702 beneﬁciis
1501 649 1774 716 pnestitis.
1805 649 1956 715 Quod
1989 651 2134 706 enim

557 739 825 804 Christus,
857 755 976 794 cum
1014 740 1185 794 adlmc
1209 748 1521 808 peccatores
1549 755 1814 805 essemus,
1850 758 1948 812 pro
1982 743 2136 798 nobis

558 841 804 886 mortuus
835 841 936 895 est,
967 846 1114 899 spem
1141 831 1292 885 nobis
1313 831 1404 885 dat
1426 832 1567 900 quod
1592 832 1757 886 multo
1779 833 1948 904 magis
1980 849 2075 888 nos
2104 850 2135 888 a

557 934 779 992 peccato
807 930 1062 993 purga-tos
1091 931 1145 976 et
1175 921 1520 992 justiﬁcatos,
1544 923 1612 976 ab
1640 923 1716 976 ira
1744 938 1862 992 qua:
1893 925 2138 979 imminet

555 1013 932 1084 peccatoribus
972 1011 1198 1067 salvabit
1242 1027 1337 1082 per
1378 1013 1550 1080 ipsum
1583 1031 1596 1065 :
1639 1020 1692 1068 et
1732 1014 1822 1082 qui
1851 1013 2058 1070 alienos
2083 1027 2149 1071 et.

556 1104 803 1158 inimicos
832 1104 906 1158 ita
935 1103 1140 1169 dilexit,
1175 1111 1232 1156 ut
1257 1118 1352 1172 pro
1384 1102 1538 1157 nobis
1567 1102 1633 1156 ad
1665 1113 1891 1158 mortem
1919 1106 2134 1162 unicum

556 1212 714 1251 suum
742 1197 910 1258 daret,
931 1196 1098 1251 multo
1123 1195 1293 1264 magis
1321 1210 1446 1249 suos
1473 1193 1711 1259 eﬁ‘ectos,
1739 1206 1804 1250 et-
1823 1175 2138 1253 reconcilia-

557 1298 642 1345 tos
670 1290 771 1344 sibi
794 1298 1047 1344 mternam
1074 1288 1298 1343 salutem
1321 1286 1559 1342 donabit.
1589 1287 1753 1343 Multo
1773 1306 1914 1358 ergo,
1941 1291 2133 1360 inquit,

555 1381 721 1448 magis
744 1379 1020 1448 justiﬁrati
1043 1394 1179 1431 nunc
1200 1378 1255 1430 in
1281 1377 1534 1446 sanguine
1554 1376 1688 1445 ejus,
1707 1376 1837 1431 salvi
1858 1379 2050 1433 erimus
2071 1381 2135 1433 ab

552 1471 635 1523 ira
656 1487 748 1540 per
769 1471 957 1540 ipsum.
999 1469 1054 1522 In
1079 1466 1447 1538 superioribus
1488 1467 1703 1535 quidem
1752 1468 2008 1522 dixerat:-
2033 1471 2135 1525 Ju-

553 1560 768 1628 sti/icati
810 1561 970 1630 igitur
997 1575 1061 1612 ea:
1099 1559 1220 1627 ﬁde,
1244 1573 1425 1628 pacem
1453 1556 1736 1611 habeamus
1779 1559 1849 1611 ad
1873 1558 2061 1625 Deum,
2083 1569 2144 1614 et

555 1665 700 1704 nunc
741 1650 901 1713 dicit,
932 1648 1099 1703 Multo
1137 1649 1302 1718 magis
1329 1663 1468 1701 nunc
1487 1647 1769 1716 justiﬁcati
1802 1650 2144 1721 in-sanguine

553 1741 718 1812 ipsius
746 1740 875 1795 salri
903 1741 1094 1796 erimus
1125 1740 1296 1792 ab‘ira
1327 1755 1419 1809 per
1447 1739 1635 1808 ipsum.
1661 1739 1743 1793 Ex
1773 1754 1880 1809 quo
1904 1743 2141 1798 ostendit

2237 570 2354 607 cum
2386 555 2582 609 inimici
2612 571 2836 611 essemus
2859 559 3176 613 reconciliati
3204 562 3486 617 sumusDro
3507 585 3581 636 per
3603 587 3705 625 nm.

2236 653 2337 698 tem
2375 644 2470 698 lilii
2498 645 2631 714 ejus,
2660 647 2824 700 multo
2851 648 3016 718 magis
3045 651 3356 705 reconciliati
3377 655 3490 708 salui
3504 659 3654 714 erimus
3668 665 3706 716 is

2237 735 2340 788 vita
2392 737 2580 805 ipsius,
2627 745 2686 792 et
2715 738 2938 809 reliqua.
2967 738 3161 812 (οι-ἔρ.)
3192 741 3458 800 Evidenter
3479 753 3709 808 ostenditur

2237 840 2336 879 nos
2402 841 2525 882 esse
2587 827 2822 898 aliquam
2886 831 3268 898 substantiam,
3329 851 3436 904 qua:
3487 842 3708 896 secundum

2238 916 2613 973 diﬁinitionem-
2668 918 2957 974 Marcionis
3023 921 3110 975 vel
3162 920 3412 979 Valentini
3468 931 3709 987 naturaliter

2238 1007 2458 1061 inimica
2515 1009 2586 1062 sit
2645 1009 2756 1064 Deo
2789 1027 2802 1062 :
2832 1010 3069 1080 alioquin
3111 1011 3155 1066 si
3211 1012 3346 1082 quod
3381 1015 3607 1072 inimicum
3637 1034 3706 1086 est,

2237 1105 2444 1152 natura)
2494 1107 2656 1163 esset,
2718 1107 2774 1152 et
2811 1114 2916 1153 non
2969 1100 3278 1167 voluntatis,
3318 1106 3708 1164 reconciliationem

2238 1188 2425 1257 utique
2468 1205 2574 1244 non
2621 1192 2865 1246 haberet.
2919 1193 3020 1248 [ibi
3071 1203 3252 1249 autem
3301 1212 3362 1250 es
3405 1198 3588 1254 inimico
3629 1206 3711 1271 quis

2237 1281 2444 1335 amicus
2467 1280 2716 1346 efﬁcitur,
2747 1293 2952 1338 certum
2982 1296 3068 1339 est
3088 1287 3227 1355 quod
3250 1287 3382 1341 dum.
3397 1303 3455 1343 ea
3473 1305 3603 1360 opera
3637 1295 3712 1364 agit

2240 1387 2362 1442 quae
2398 1389 2504 1428 non
2535 1384 2682 1429 amat
2711 1376 2873 1442 Deus,
2907 1377 3160 1434 inimicus
3188 1389 3278 1433 est
3297 1381 3407 1445 Dei,
3435 1388 3709 1454 etunusquis-

2239 1478 2346 1532 quc
2393 1472 2506 1520 tam
2551 1466 2734 1535 gravis
2775 1475 2832 1520 et
2870 1476 2980 1520 tam
3025 1468 3238 1524 odibilis
3273 1469 3482 1526 eﬂicitur
3511 1473 3708 1539 inimicus,

2240 1572 2398 1624 quam
2419 1557 2850 1628 multiplieaverit
2865 1574 3027 1628 opera
3050 1560 3342 1617 inimicitiis
3361 1561 3518 1634 digna.
3538 1563 3641 1619 Sunt
3655 1584 3711 1616 rr-

2240 1663 2307 1718 go
2324 1664 2586 1702 mensura:
2599 1657 2654 1702 et
2677 1650 2882 1720 gradus
2899 1650 3118 1720 quidam
3139 1651 3197 1705 in
3215 1651 3296 1706 his
3317 1664 3608 1721 peccatorum
3624 1670 3710 1722 qua-

2241 1738 2391 1792 litate
2420 1739 2499 1794 rel
2527 1740 2830 1808 quantitate
2861 1741 3125 1806 distincti,
3161 1742 3252 1811 qui
3280 1742 3464 1798 inimici
3500 1753 3601 1798 sum
3621 1745 3708 1798 Deo.

554 1832 696 1902 quod
731 1849 905 1902 neque
945 1832 1079 1887 ﬁdes
1119 1841 1298 1886 nostra
1347 1832 1462 1885 sine
1493 1830 1692 1886 Christi
1717 1834 2013 1905 sanguine;
2046 1851 2136 1889 ne.
2167 1819 2211 1877 Β
2242 1827 2396 1884 Unde
2429 1837 2484 1883 et
2512 1829 2604 1884 illo
2625 1831 2716 1900 qui
2748 1846 2909 1900 supra
2945 1845 3140 1887 omnes
3169 1833 3400 1902 peccarit
3425 1832 3606 1887 aPaulo
3624 1834 3709 1887 ultio

555 1939 661 1992 que
687 1924 903 1993 sanguis
929 1922 1126 1978 Christi
1153 1936 1252 1976 nos
1276 1922 1392 1976 sine
1419 1921 1523 1977 ﬁde
1552 1931 1734 1976 nostra
1759 1924 2037 1994 justiﬁeat,
2067 1941 2138 1982 ex

554 2019 783 2080 utroque
837 2019 1015 2065 tamen
1070 2010 1239 2065 multo
1288 2011 1458 2081 magis
1503 2011 1720 2082 sanguis
1763 2012 1963 2069 Christi
2013 2031 2134 2082 nos,

553 2116 714 2170 quam
759 2101 891 2155 ﬁdes
934 2109 1118 2156 nostra
1149 2099 1433 2168 jttstiﬁcat.
1463 2100 1528 2154 Et
1567 2102 1687 2156 ideo
1731 2103 1862 2158 mihi
1905 2105 2132 2171 videtur,

553 2207 674 2246 eum
703 2192 755 2246 in
785 2193 1150 2262 superioribus
1173 2192 1494 2263 simpliciter
1513 2194 1732 2260 dixerit,
1756 2195 2044 2265 Justiﬁcati
2071 2215 2138 2253 ea:

551 2285 676 2354 ﬁde,
706 2286 792 2341 hic
821 2287 1108 2353 addidisse,
1134 2285 1306 2340 Multo
1335 2288 1501 2357 magis
1550 2304 1672 2357 ergo
1698 2291 2134 2360 nunc-justiﬁcati

551 2375 606 2429 in
650 2379 903 2448 sanguine
946 2377 1090 2448 ejus,
1133 2387 1194 2433 ut
1234 2379 1482 2444 doceret,
1524 2379 1651 2449 quia
1690 2381 1758 2435 ab
1800 2382 1879 2436 ira
1909 2393 2133 2438 ventura

551 2467 760 2523 etiamsi
795 2469 924 2524 ﬁdes
955 2478 1138 2524 nostra
1168 2485 1267 2524 nos
1300 2469 1507 2535 salvct',
1547 2470 1759 2526 etiamsi
1791 2487 1955 2542 opera
1977 2471 2136 2542 justi-

549 2558 671 2626 tiae,
703 2574 864 2627 super
905 2561 1021 2614 haec
1065 2568 1243 2614 tamen
1283 2560 1463 2614 omnia
1498 2561 1666 2615 multo
1711 2564 1881 2634 magis
1916 2565 2136 2635 sanguis

549 2646 749 2704 Christi
779 2650 959 2705 salvos
990 2665 1090 2705 nos
1119 2648 1280 2705 faciat
1305 2650 1375 2705 ab
1401 2651 1482 2704 ira
1507 2659 1754 2706 ventura.

623 2739 682 2794 Si
714 2743 850 2794 enim
894 2757 1011 2794 cum
1058 2740 1258 2795 inimici
1299 2758 1530 2796 essemus
1573 2743 1902 2798 reconciliati
1951 2763 2142 2801 sumus-

552 2830 659 2885 Deo
687 2849 778 2901 per
816 2841 1030 2886 mortem
1057 2829 1184 2885 Filii
1223 2831 1355 2903 ejus,
1402 2831 1566 2886 multo
1608 2833 1786 2903 magis
1814 2835 2136 2891 reconciliati

549 2923 680 2978 salvi
711 2922 902 2977 erimus
936 2923 988 2976 in
1018 2923 1120 2976 vita
1150 2923 1332 2994 ipsius.
1385 2921 1619 2992 (Ambr.)
1668 2923 2010 2980 Manifestum
2050 2935 2135 2982 est

549 3013 678 3082 quia
705 3013 771 3079 si,
811 3021 870 3066 ut
896 3012 1271 3068 reconciliaret
1297 3029 1402 3069 nos
1431 3013 1554 3078 sibi,
1597 3012 1739 3070 Deus
1767 3014 2130 3073 Fillumsuum

550 3104 713 3158 morti
763 3103 1010 3167 tradidit,
1065 3113 1268 3174 quanto
1306 3104 1478 3174 magis
1521 3105 1900 3161 reconciliatos
1952 3107 2136 3163 salvos

2241 1933 2372 1973 mus
2401 1918 2652 1974 inimicus
2679 1920 3043 1976 destruendus
3086 1935 3208 1976 esse
3246 1932 3576 1977 memoratur:
3604 1939 3710 1978 versa

2237 2018 2416 2064 autem
2443 2009 2559 2064 vice
2587 2018 2644 2064 et
2665 2011 2857 2066 ordine
2884 2011 3050 2066 etiam
3075 2027 3171 2067 eos
3194 2012 3285 2081 qui
3323 2012 3602 2067 reconciliati
3626 2022 3712 2067 sunt

2237 2113 2335 2166 per
2363 2106 2590 2154 mortem
2628 2098 2723 2154 ﬁlii
2754 2098 2892 2167 ejus,
2923 2100 2979 2155 in
3020 2101 3213 2156 amicis
3242 2101 3416 2156 haberi
3441 2109 3611 2156 certum
3632 2113 3709 2163 est;

2236 2197 2291 2244 et
2330 2204 2463 2245 esse.
2491 2189 2722 2260 aliquem
2766 2191 2841 2245 ita
2877 2191 3117 2247 amicum
3163 2192 3305 2247 sicut
3342 2191 3526 2262 Moyses
3563 2193 3710 2245 anticus

2237 2279 2331 2336 Dei
2357 2281 2656 2349 appellatus
2692 2288 2797 2346 est,
2837 2294 2958 2335 esse
2997 2297 3214 2351 quoque
3252 2281 3404 2346 alios,
3434 2283 3596 2352 quibus
3620 2282 3712 2336 dicit

2236 2377 2533 2437 Salvator:
2578 2376 2704 2432 1am
2751 2393 2859 2432 non.
2889 2379 3066 2431 dicam
3111 2395 3198 2432 vos
3243 2394 3421 2442 servos,
3460 2378 3534 2431 sed
3573 2378 3710 2430 amicos

2235 2467 2417 2541 (Joan.
2443 2471 2533 2539 xx)
2551 2512 2564 2534 ,
2587 2469 2754 2524 credo
2777 2477 2958 2523 autem
2981 2483 3104 2524 esse
3131 2468 3304 2522 adhuc
3326 2469 3477 2538 magis
3495 2466 3711 2520 {nuntiares

2235 2559 2444 2629 aliquos
2483 2559 2536 2614 in
2574 2559 2885 2615 cmiestibus
2919 2559 3131 2614 amicos
3169 2559 3304 2628 apud
3340 2559 3506 2622 Deum,
3529 2558 3596 2611 vel
3629 2558 3710 2612 illos

2236 2649 2328 2721 qui
2368 2664 2586 2718 semper
2617 2648 2804 2703 vident
2831 2647 3029 2704 faciem
3059 2649 3191 2713 Dei,
3221 2647 3304 2703 vei
3335 2662 3422 2702 eos
3453 2648 3529 2717 qui
3557 2660 3710 2715 semper

2234 2741 2451 2797 adstant
2483 2742 2534 2795 in
2567 2747 2857 2811 conspectu
2883 2740 3148 2796 Altissimi
3175 2758 3187 2794 :
3217 2747 3278 2795 ut
3309 2740 3440 2794 sicut
3467 2752 3598 2808 supra
3617 2735 3711 2791 dixi-

2233 2846 2356 2886 mus
2384 2846 2505 2886 esse
2536 2832 2832 2901 quemdam
2845 2831 3201 2886 novissimum
3234 2831 3503 2896 inimicum,
3528 2831 3584 2884 ita
3601 2837 3641 2883 et
3661 2827 3710 2882 ibi

2233 2937 2331 2993 μω
2353 2923 2626 2976 virtutum.
2649 2921 2857 2977 meritis
2884 2921 3192 2977 habeantur
3216 2922 3398 2978 summi
3423 2921 3558 2992 aliqui
3583 2919 3707 2973 amici.

2233 3014 2366 3071 Cum
2398 3028 2527 3084 ergo
2554 3015 2626 3068 ita
2663 3013 2796 3080 sint,
2826 3013 3013 3069 nescio
3045 3015 3092 3069 si
3128 3014 3176 3069 is
3200 3015 3287 3084 qui
3317 3015 3474 3068 adhuc
3501 3016 3710 3083 pemtanet

2236 3103 2290 3158 in
2321 3103 2409 3158 his
2441 3104 2718 3174 operibus,
2754 3119 2874 3174 qua:
2906 3105 3022 3159 odit
3055 3103 3220 3171 Deus,
3253 3114 3306 3160 et
3336 3121 3427 3176 pm
3449 3105 3610 3174 quibus
3641 3102 3709 3156 ini.

550 3190 713 3247 faciet
751 3193 804 3246 in
841 3193 948 3247 vita
976 3193 1172 3262 ipsius.
1208 3191 1324 3248 Non
1355 3194 1497 3249 enim
1528 3195 1728 3263 poterit
1757 3196 1979 3251 minime
2007 3198 2132 3252 diti-
2157 3175 2201 3237 Ο
2235 3196 2458 3251 micitim
2486 3205 2612 3252 sunt
2649 3197 2791 3251 inter
2821 3197 2995 3252 Deum.
3038 3206 3096 3253 et
3127 3175 3386 3264 homines,
3419 3195 3708 3252 reconciliatus

549 3301 676 3357 gere
693 3287 915 3349 amicos,
942 3286 1030 3355 qui
1058 3287 1277 3355 prodest
1306 3287 1556 3341 inimicis.
1575 3286 1633 3341 Si
1661 3289 1804 3342 enim
1835 3290 2130 3345 mo-sSa'-

549 3377 753 3432 vatoris
781 3376 982 3445 profuit
1013 3377 1170 3432 nobis
1189 3378 1372 3432 adhuc
1393 3378 1594 3447 impiis,
1624 3388 1827 3447 quanto
1851 3380 2132 3450 mr‘gisju-

549 3470 796 3526 stiﬁeati.
826 3470 932 3524 vita
973 3469 1163 3539 ipsius,
1212 3484 1348 3524 cum
1374 3471 1609 3541 resurgit
1634 3486 1672 3524 a
1710 3473 1981 3527 mortuis?
2002 3475 2129 3542 quia

549 3562 692 3617 sicut
720 3575 866 3616 mors
891 3557 1007 3629 ejus
1043 3576 1072 3614 a
1101 3559 1312 3615 diabolo
1350 3575 1450 3616 nos
1484 3561 1648 3627 eruit,
1681 3562 1753 3616 ita
1781 3571 1838 3618 et
1868 3564 1986 3620 vita
2012 3565 2134 3635 eius

549 3651 616 3705 de
636 3650 722 3705 die
737 3649 927 3719 judicii
953 3650 1048 3705 Dei
1076 3665 1174 3704 nos
1200 3649 1466 3706 liberabit.
1503 3651 1687 3723 (Aug.)
1716 3652 1862 3724 Ergo
1883 3654 2133 3712 Christus

545 3757 647 3812 pro
678 3741 858 3812 impiis
896 3750 1142 3796 mortuus
1175 3751 1286 3806 est,
1327 3752 1382 3796 et
1405 3743 1656 3798 Christus
1692 3745 1833 3800 Deus
1861 3756 1963 3812 ost,
1991 3764 2130 3818 quo-

547 3831 710 3887 modo
751 3831 996 3903 regnavit
1033 3831 1280 3886 inventus
1322 3831 1376 3886 in
1403 3832 1510 3886 vita
1551 3833 1644 3887 Dei
1674 3832 1884 3902 justus,
1914 3838 2148 3906 quando-

550 3937 616 3978 ne
637 3922 839 3992 periret
881 3931 1055 3978 morte
1091 3923 1187 3976 Dei
1223 3923 1481 3992 qumsitus
1525 3933 1609 3979 est
1649 3925 1890 3994 impius?
1931 3927 1985 3981 in
2017 3929 2126 3983 vita

547 4013 692 4066 enim
717 4011 812 4067 Dei
837 4011 970 4067 salvi
1007 4012 1232 4078 erimus,
1265 4013 1391 4082 quia
1429 4013 1482 4066 in
1515 4014 1625 4068 vita
1666 4023 1850 4071 nostra
1881 4018 2126 4087 periera-

547 4120 691 4160 mus.
741 4104 848 4160 Sed
887 4120 1008 4160 cum
1045 4105 1316 4170 audimus,
1358 4113 1414 4160 et
1452 4105 1618 4160 vitam
1657 4107 1750 4162 Dei
1795 4117 1851 4163 et
1891 4119 2124 4167 mortem

547 4199 663 4263 Dei,
699 4198 1070 4254 discernamus
1099 4199 1224 4268 quid
1255 4199 1394 4253 unde
1428 4199 1508 4254 sit
1524 4219 1544 4253 τ·
1562 4201 1729 4255 vitam
1759 4203 1957 4274 quippe
1983 4215 2125 4261 attu-

548 4287 609 4342 lit
651 4288 824 4354 nobis,
855 4297 1083 4343 mortem
1111 4302 1242 4343 vero
1280 4288 1488 4357 accepit
1530 4304 1560 4342 a
1603 4290 1776 4356 nobis,
1811 4306 1910 4347 nec
1943 4300 2124 4350 tamen

545 4394 645 4450 pro
685 4393 783 4434 suo
818 4379 1031 4442 merito,
1072 4379 1166 4434 sed
1205 4393 1303 4449 pro
1337 4379 1512 4434 nobis.
1545 4376 1792 4446 Fuimus,
1844 4382 2037 4453 inquit,
2075 4395 2124 4440 et

547 4486 640 4524 nos
668 4479 858 4524 natura
881 4469 979 4538 ﬁlii
1002 4470 1114 4533 inc,
1146 4471 1279 4523 sicut
1308 4479 1356 4524 et
1375 4471 1552 4525 creteri
1583 4469 1796 4542 (pres.
1825 4472 1908 4544 ιι),
1940 4475 1992 4528 in
2019 4476 2124 4532 hac

545 4562 649 4628 ira,
695 4577 819 4616 cum
859 4570 1041 4617 essent
1086 4561 1334 4617 homines
1370 4577 1470 4632 per
1505 4564 1769 4633 originale
1813 4575 2118 4636 peceatum,

546 4661 696 4708 tanto
739 4653 954 4723 gravius
1000 4661 1055 4706 et
1099 4652 1454 4723 perniciosius
1515 4662 1716 4724 quanto
1771 4654 1973 4723 majora
2036 4658 2122 4713 vel

543 4744 698 4816 plura
741 4745 960 4814 insuper
998 4744 1348 4809 addiderunt,
1393 4745 1732 4800 necessarius
1765 4757 1882 4800 erat
1917 4749 2120 4804 media—

545 4844 650 4900 tor,
683 4838 784 4892 Itoc
825 4843 910 4890 est
946 4834 1344 4900 reconciliator,
1378 4836 1468 4904 qui
1505 4837 1645 4891 hanc
1684 4835 1822 4889 iram
1864 4838 2117 4893 sacriﬁcii

542 4929 833 5001 singularis
859 4927 1012 4998 cujus
1037 4935 1194 4982 erant
1221 4928 1428 4981 umbrae
1467 4927 1646 4982 ornnia
1679 4930 1948 4986 sacriﬁcia
1983 4932 2118 5004 legis

541 5032 596 5078 et
618 5023 1018 5093 prophetarum,
1046 5019 1318 5075 oblatione
1343 5019 1600 5089 placaret.
1616 5020 1748 5077 Cum
1776 5032 1954 5078 autem
1976 5024 2122 5096 Deus

539 5113 701 5169 irasci
746 5113 982 5177 dicitur,
1032 5127 1140 5166 non
1188 5111 1304 5182 ejus
1347 5111 1684 5182 signiﬁcatur
1749 5115 2116 5183 perturbatio,

540 5206 720 5277 qualis
744 5213 827 5259 est
862 5205 916 5258 in
952 5205 1133 5258 animo
1171 5203 1456 5258 irascentis
1493 5204 1760 5270 hominis,
1793 5205 1886 5259 sed
1917 5219 1982 5259 ex
2016 5207 2120 5260 hu-

541 5300 726 5355 manis
772 5299 1008 5353 motibus
1064 5297 1329 5351 translato
1372 5296 1632 5350 vocabulo
1680 5295 1917 5350 vindicta
1963 5294 2115 5364 ejus,

539 5406 660 5460 quae
699 5407 804 5445 non
845 5389 945 5444 nisi
984 5387 1130 5456 justa
1166 5397 1270 5453 est,
1313 5387 1407 5442 irze
1450 5402 1645 5442 nomen
1685 5387 1912 5456 accepit.
1961 5372 2113 5453 Quod

537 5499 668 5552 ergo
698 5497 794 5552 per
823 5481 1172 5536 Mediatorcm
1208 5477 1622 5533 reconciliamur
1655 5477 1794 5542 Deo,
1826 5486 1881 5532 et
1917 5479 2114 5548 accipi-

540 5593 661 5632 mus
708 5576 968 5644 Spiritum
1013 5582 1275 5635 sanctum,
1329 5582 1389 5626 ut
1427 5587 1494 5626 ex
1541 5570 1775 5626 inimicis
1821 5569 2116 5626 efﬁciamur

541 5669 666 5732 lilii,
722 5675 966 5737 quotquot
1009 5665 1143 5720 enim
1204 5662 1402 5733 Spiritu
1449 5661 1548 5716 Dei
1598 5671 1856 5732 aguntur,
1907 5663 1959 5715 ni
2015 5661 2114 5729 filii

537 5763 637 5821 Dei
691 5769 812 5815 sunt
861 5757 1030 5826 (Boni.
1074 5755 1214 5826 rm),
1253 5757 1369 5810 haec
1417 5762 1493 5808 est
1543 5753 1721 5823 gratia
1761 5752 1852 5806 Dei
1892 5767 1987 5822 per
2024 5750 2112 5806 Jo-

2233 3299 2354 3340 esse
2403 3286 2510 3341 Deo
2550 3300 2649 3356 per
2695 3287 3014 3358 sanguinem
3057 3287 3276 3344 Christi
3332 3288 3503 3343 merito
3541 3286 3706 3340 dicatur.

2231 3373 2511 3454 Quomodo
2551 3376 2698 3432 enim
2747 3377 3138 3433 reconciliatus.
3158 3377 3370 3448 est,qu
3397 3385 3468 3431 est
3499 3371 3708 3430 inimicus?

2230 3465 2429 3521 Paulus
2457 3481 2586 3537 ergo
2641 3467 2835 3522 merito
2863 3476 2924 3522 et
2948 3469 3014 3522 de
3041 3471 3102 3523 s'e
3131 3478 3196 3523 et-
3222 3469 3320 3523 sibi
3353 3467 3576 3523 similibus
3598 3463 3705 3524 dicit.

2229 3557 2354 3628 quia
2383 3573 2512 3612 cum.
2528 3557 2729 3612 inimici
2753 3573 3002 3623 essemus,
3034 3557 3350 3613 reconciliati
3374 3573 3532 3611 sumus
3549 3553 3706 3620 Dropa

2229 3647 2535 3714 sanguinem
2557 3643 2689 3699 Filii
2709 3645 2844 3716 ejus.
2861 3644 3101 3702 Grandis
3127 3648 3297 3718 pudor
3318 3655 3414 3710 est,
3438 3645 3513 3700 ubi
3536 3642 3629 3698 talis
3647 3655 3706 3694 re-

2227 3734 2537 3790 conciliatio
2572 3733 2714 3791 t‘acta
2753 3743 2858 3800 est,
2899 3737 2990 3792 ubi
3033 3737 3347 3792 inimicitias:
3372 3737 3496 3790 inter
3516 3735 3643 3787 Deum
3667 3737 3704 3784 et

2227 3823 2478 3888 homines
2516 3839 2624 3879 non
2667 3839 2848 3880 sermo
2884 3828 3211 3895 peccatoris,
3250 3827 3340 3882 sed
3375 3825 3562 3894 sanguis
3584 3823 3704 3876 Inter-

2227 3915 2459 3970 cessoris
2487 3915 2734 3982 absolvit,
2765 3916 2962 3972 iterum
2989 3932 3092 3972 nos
3117 3917 3354 3974 converti
3371 3917 3433 3970 ad
3455 3911 3703 3969 inimicitias.

2225 4009 2281 4056 et
2308 4017 2470 4074 agere
2503 4019 2567 4058 ea
2615 4019 2735 4073 qum
2761 4006 2876 4060 odit
2908 4005 2996 4060 ille
3025 4022 3188 4076 quem
3223 4006 3370 4062 nobis
3393 4020 3485 4061 non
3510 4002 3592 4058 nisi
3610 3999 3703 4056 etin-

2227 4094 2309 4154 sio
2335 4095 2614 4166 sanguinis
2640 4099 2782 4152 sacri
2810 4097 3274 4154 reconciliaverat.

2297 4185 2351 4240 Ν
2355 4203 2423 4240 an
2444 4189 2614 4242 solum
2635 4199 2810 4244 autem
2828 4191 2946 4256 hoc,
2973 4193 3066 4246 sed
3085 4202 3134 4246 et
3157 4189 3498 4264 gloriamur't'n
3519 4187 3619 4248 υτον
3641 4197 3704 4251 P"

2226 4272 2505 4332 Dominum
2543 4287 2780 4334 nostrum
2814 4280 2998 4335 Jesum
3037 4281 3330 4344 Christum,
3365 4295 3447 4348 per
3467 4290 3589 4346 quem
3610 4283 3702 4324 tunc

2223 4373 2700 4429 reconciliationem
2755 4373 3068 4443 accepimus.
3131 4372 3373 4443 (Arabe)
3410 4369 3510 4425 Non
3551 4371 3698 4420 tantum

2222 4475 2324 4532 pro
2349 4470 2566 4532 accepts
2593 4461 2765 4517 salute
2793 4470 2848 4516 et
2872 4463 3163 4518 securitate
3191 4462 3296 4517 Deo
3329 4461 3506 4532 gratias
3533 4451 3700 4525 agendas

2146 4529 2198 4589 Ῑ)
2223 4529 2414 4617 docet,
2464 4529 2558 4606 sed
2599 4560 2655 4606 et
2696 4550 3034 4622 gloriandum
3083 4567 3180 4622 per
3212 4529 3385 4608 Jesuiu
3408 4546 3632 4605 Christum
3663 4539 3697 4591 in

2224 4641 2354 4706 Deo,
2387 4643 2479 4712 qui
2515 4642 2766 4710 dignatus
2794 4649 2880 4698 est
2910 4657 2978 4697 ex
3021 4642 3200 4712 impiis
3225 4650 3278 4698 et
3303 4639 3512 4698 inimicis
3532 4633 3612 4690 dici
3632 4641 3697 4684 nos

2223 4749 2348 4796 suos
2377 4733 2604 4800 amicos,
2635 4741 2696 4790 ut
2721 4733 2904 4789 omnia
2948 4734 3212 4789 beneﬁcia
3237 4747 3330 4802 per
3355 4728 3586 4786 Christum
3609 4735 3696 4776 cou-

2223 4835 2438 4883 secutos
2460 4841 2559 4882 nos
2571 4827 2920 4896 gaudeamus;
2935 4827 3127 4896 utquia
3147 4841 3241 4896 per-
3254 4825 3415 4894 ipsum
3429 4814 3696 4890 cognorimus

2223 4918 2410 4980 Deum.
2445 4915 2805 4987 gloriantes-in
2818 4931 2906 4981 eo,
2937 4917 3222 4971 reddamus
3247 4915 3294 4970 ei
3323 4903 3696 4968 honoriﬁcentiam

2223 5027 2408 5082 parem
2432 5011 2542 5065 Deo
2563 5009 2734 5074 Patri,
2765 5009 2882 5078 ipso
2907 5006 3011 5063 sibi
3036 5008 3228 5062 idonea
3256 5012 3384 5062 teste
3404 4998 3691 5072 praedicante:

2225 5101 2294 5156 Ut
2342 5101 2708 5169 honoriﬁcam,
2747 5099 2944 5168 inquit,
2989 5095 3208 5160 Filium,
3248 5097 3374 5150 sicut
3421 5083 3693 5151 honoriﬁch

2224 5194 2435 5250 Patrem
2457 5193 2636 5262 (Joan.
2668 5190 2746 5260 v).
2769 5189 2900 5245 Post
2918 5187 3010 5244 Dei
3031 5201 3157 5256 ergo
3177 5185 3348 5241 Patris
3365 5173 3692 5254 providentiam.

2221 5294 2274 5342 et
2313 5285 2512 5339 donum
2556 5283 2699 5352 quod
2743 5281 2890 5338 dedit
2933 5296 3031 5351 per
3057 5280 3346 5338 Christum,
3385 5281 3439 5326 ut
3475 5271 3694 5337 personam

2219 5377 2340 5432 Filii
2377 5376 2532 5435 nobis
2559 5381 2764 5444 gratam
2795 5371 3018 5436 faceret,
3043 5371 3162 5440 quia
3191 5384 3286 5439 per
3307 5365 3544 5421 Christum
3573 5361 3692 5418 un!!!“

2222 5467 2486 5539 redempti
2501 5481 2686 5522 sumus
2709 5465 2778 5519 ab
2791 5479 2900 5518 uno
2919 5463 3028 5518 Deo
3049 5463 3226 5523 Patre,
3240 5455 3420 5526 adjecit
3441 5469 3453 5505 :
3478 5449 3696 5539 Proptcm

2220 5563 2352 5618 sicut
2375 5531 2470 5630 per
2492 5572 2652 5612 unum
2684 5556 2942 5614 hominem
2975 5564 3238 5625 peccatum
3275 5549 3326 5602 in
3360 5547 3480 5600 hunc
3502 5531 3689 5627 mundum

2219 5655 2453 5718 intrauit,
2476 5663 2522 5707 et
2543 5668 2635 5722 per
2651 5659 2920 5720 peccatum
2938 5663 3106 5712 mors,
3125 5654 3172 5699 et
3187 5644 3258 5698 sic
3284 5643 3334 5694 in
3351 5633 3688 5722 omni-amt"?

2221 5764 2362 5803 mors
2381 5719 2700 5816 pertransiit,
2723 5743 2776 5796 in
2801 5756 2906 5812 quo
2937 5754 3110 5794 omnes
3127 5738 3456 5807 peccauerunt.
3488 5719 3686 5786 Quoniam
