3998 6202
290 294 432 354 1577
834 260 1381 350 ananna'nonun
1421 293 1488 349 lN
1527 290 1677 349 ενι).
1713 282 1898 348 PAUL

1997 289 2086 345 .lB.
2127 289 2217 346 Ill.
2254 322 2325 333 -—
2362 290 2430 347 IN
2470 289 2689 349 EPIST.
2718 290 2821 347 AD
2844 289 3027 348 IROM.
3425 287 3568 345 ιερτε

292 405 666 479 καυθήσεϋεί
690 407 929 479 gratiam
967 421 1065 477 per
1101 405 1377 462 Christum
1418 408 1607 463 datam
1642 404 1877 463 ostendit
1905 404 2126 474 A'apud
2171 405 2513 476 temetipsum
2559 415 2915 476 pertractate,
2947 406 3092 463 unde
3132 406 3184 462 in
3222 406 3369 464 hunc
3408 424 3566 464 mua-

292 497 594 554 sccundum
630 496 876 553 ordinem
916 496 1194 563 veritatis,
1228 511 1381 552 nunc
1420 496 1596 567 ipsum
1632 497 1879 552 ordinem
1979 495 2108 551 dum
2162 495 2408 551 introivit
2449 506 2759 567 peccantur,
2798 505 2902 552 aut
2940 496 3036 553 ubi
3076 505 3203 553 erat
3246 499 3562 571 priusquam

290 587 575 645 uninszbei
600 588 794 655 Patris,
824 602 923 658 per
947 600 1114 643 unum
1134 587 1413 645 Christum
1436 589 1630 646 Filium
1645 589 1763 661 ejus
1782 590 1880 645 de-
1981 584 2071 640 hic
2114 583 2400 641 introiret?
2431 594 2527 641 aut
2563 586 2609 642 si
2638 588 2869 644 omnino
2905 596 3054 656 erat,
3080 589 3178 645 'vcl
3217 590 3263 645 si
3300 589 3403 645 fuit
3438 599 3565 648 ante

295 677 490 741 elarat.
508 686 580 733 .ut
605 679 729 748 quia
753 679 923 734 Adam
951 694 1110 743 unus,
1136 677 1189 733 id
1222 689 1330 745 est,
1354 680 1489 747 Eva,
1512 690 1576 736 et
1594 682 1710 752 ipsa
1735 682 1879 737 enim
1962 675 2153 742 illum,
2184 678 2254 732 ad
2272 691 2437 748 quem
2473 678 2675 735 dicitur
2693 697 2713 733 -:
2742 677 3024 753 Usquequo
3048 683 3273 738 inventae
3306 694 3429 738 sunt
3461 685 3565 738 ini-

297 768 472 826 Adam
507 778 609 834 est,
647 770 893 840 peccavit
937 770 992 824 in
1034 770 1310 836 omnibus,
1349 771 1423 825 ita
1465 787 1608 828 unus
1634 772 1883 829 Christus

300 860 468 916 Filius
494 861 590 915 Dei
621 868 901 930 peccatum
932 861 1063 916 vicit
1092 861 1146 915 in
1188 861 1441 917 omnibus
1469 880 1482 915 :
1521 871 1578 917 et
1600 863 1727 933 quia
1757 879 1884 934 pro—

299 953 533 1022 positum
566 954 756 1023 gratia:
790 952 886 1008 Dei
922 968 1053 1024 erga
1082 968 1253 1024 genus
1286 954 1582 1009 humanum
1610 956 1880 1021 ostendit,

302 1051 362 1097 ut
393 1043 509 1112 ipsa
538 1042 836 1112 primordia
867 1044 1074 1112 peccati
1106 1044 1436 1111 ostenderet,
1464 1045 1534 1101 ab
1554 1045 1729 1101 Adam
1766 1060 1884 1102 cm-

186 1149 201 1162 ·
300 1134 399 1203 pit,
430 1134 523 1204 qui
548 1134 786 1204 primum
814 1134 1082 1203 peccavit,
1107 1136 1580 1205 utprovidentiam
1599 1136 1765 1192 unius
1791 1136 1883 1193 Dei

300 1239 398 1293 per
436 1239 601 1279 unum
639 1222 966 1280 reformasse
996 1224 1235 1293 doceret,
1269 1226 1412 1295 quod
1441 1240 1541 1295 per
1567 1241 1733 1281 unum
1770 1225 1886 1282 iue-

302 1324 389 1371 rat
431 1315 662 1386 lapsum,
694 1322 754 1371 et
790 1322 1025 1371 tractum
1067 1315 1121 1371 in
1163 1324 1414 1372 mortem.
1463 1315 1564 1372 Hic
1591 1331 1723 1388 ergo
1746 1332 1886 1373 unus

301 1415 406 1473 est,
434 1422 532 1478 per
562 1422 723 1477 quem
757 1407 985 1473 salvati,
1018 1407 1161 1463 hanc
1203 1407 1691 1475 illireverentiam,
1721 1424 1884 1479 quam

306 1501 418 1556 Deo
466 1499 614 1554 Patri
638 1500 917 1568 deocuius,
942 1499 1064 1571 ipso
1108 1499 1338 1556 volente.
1387 1500 1532 1555 Dicit
1567 1500 1712 1556 enim
1743 1502 1883 1557 idem

193 1584 199 1590 ’
297 1590 413 1646 alio
442 1590 560 1646 loco
589 1588 766 1662 (Rom.
791 1592 944 1662 xw):
978 1589 1083 1656 Qui
1115 1591 1174 1644 in
1193 1591 1274 1645 his
1300 1591 1455 1646 servit
1489 1589 1735 1658 Christo,
1766 1591 1884 1664 pta-

302 1691 382 1736 cet
403 1680 550 1747 Deo;
589 1696 719 1737 eum
741 1680 1001 1751 scriptum
1029 1681 1097 1735 sit
1128 1699 1149 1735 :
1187 1679 1471 1735 Poeninum
1514 1681 1685 1737 Deum
1736 1690 1886 1736 tuum

1978 765 2205 837 quitum
2246 766 2303 819 in
2336 774 2413 831 te,
2450 774 2512 820 et
2549 777 2761 838 propter
2806 770 2904 823 hoc
2949 770 3151 841 profeci
3186 781 3237 826 te
3272 773 3333 826 in
3370 781 3567 828 terram

1983 851 2425 928 (timemur).
2451 855 2618 914 Nobis
2661 869 2840 915 autem
2881 860 2948 916 de
2986 862 3072 918 his
3112 878 3221 919 non
3261 872 3346 920 est
3390 874 3566 921 tutum

1978 945 2141 1015 plura
2169 945 2458 1012 disserere,
2504 962 2627 1003 cum
2671 948 2951 1006 videamus
3000 951 3318 1022 Apostolum
3363 955 3455 1009 vix
3500 957 3569 1013 de

1983 1035 2211 1107 singulis
2258 1038 2374 1092 haec
2418 1040 2803 1107 perstrinxisse
2838 1045 3209 1111 sermonibus,
3260 1063 3355 1117 per
3396 1064 3566 1103 unum

1983 1127 2245 1183 hominem
2273 1139 2545 1200 peccatum
2577 1130 2810 1186 introivit
2840 1134 2899 1188 in
2933 1134 3071 1190 hunc
3095 1138 3371 1193 mundum.
3405 1140 3569 1197 Mun—

1986 1218 2089 1275 dus
2109 1228 2315 1286 autem,
2345 1227 2406 1275 ut
2432 1220 2690 1289 diximus,
2730 1223 3112 1296 intelligendus
3150 1237 3235 1283 est
3265 1231 3350 1285 vel
3392 1231 3544 1287 locus

1987 1306 2042 1364 in
2080 1323 2189 1379 quo
2222 1306 2472 1365 habitant
2502 1312 2771 1379 homines,
2796 1314 2886 1369 vel
2926 1324 3139 1372 terrena
3175 1326 3232 1374 et
3272 1323 3572 1392 corporalis

1986 1396 2119 1463 vita,
2138 1395 2201 1452 in
2229 1412 2337 1468 qua
2366 1401 2706 1458 monstrabat
2729 1402 2928 1472 locum,
2958 1406 3046 1462 oui
3076 1409 3300 1477 mundo,
3331 1410 3436 1467 hoc
3464 1424 3569 1479 est,

1986 1490 2357 1545 terrenazvitte
2374 1490 2673 1549 .cruciﬁxos
2693 1507 2752 1550 se
2777 1494 3191 1568 dieuntsaneti,
3219 1509 3276 1557 et
3303 1510 3569 1558 mortuos.

1987 1577 2060 1634 Et
2097 1597 2192 1652 per
2217 1594 2500 1652 :peccatttm
2532 1626 2547 1652 ,
2593 1586 2810 1657 inquit,
2862 1604 3004 1645 mors
3031 1610 3050 1649 :
3103 1592 3193 1649 illa
3246 1596 3363 1651 sine
3405 1596 3577 1653 dubio

1988 1684 2156 1736 mors,
2173 1670 2243 1727 de
2269 1686 2377 1743 qua
2392 1683 2466 1730 ret
2486 1674 2767 1749 Pmpbeta-
2787 1679 3283 1753 dicit,quia-anima
3306 1704 3425 1759 qua:
3447 1705 3575 1759 pec-

305 1772 576 1839 adorabis,
590 1782 638 1828 et
659 1771 740 1827 illi
764 1773 864 1829 soli
880 1772 1263 1846 servies.(Deut.
1280 1775 1379 1847 Vt).
1404 1774 1470 1830 Si
1493 1790 1627 1848 ergo
1654 1775 1754 1832 soli
1778 1776 1891 1833 Deo
1917 1772 1967 1833 B
1993 1761 2185 1817 merit
2206 1764 2325 1834 iam
2343 1761 2623 1821 Μήδων-
2650 1767 2761 1825 Sed
2782 1771 3064 1829 videamus
3079 1776 3356 1844 quomodo
3381 1780 3437 1832 in
3463 1796 3579 1833 om-

305 1864 646 1920 serviendum
667 1864 816 1929 dicit,
846 1871 904 1920 et
926 1863 1376 1943 Christovservire
1389 1866 1664 1938 praecepit,
1686 1867 1743 1922 in
1763 1868 1889 1923 uni-

306 1965 418 2012 tate
433 1956 529 2011 Dei
546 1956 912 2021 estChristus,
925 1971 1028 2029 nec
1040 1955 1225 2026 dispar
1235 1963 1329 2010 aut
1339 1956 1475 2013 alter
1494 1956 1657 2025 Deus,
1673 1958 1891 2028 quando

306 2062 433 2102 cum
478 2045 578 2102 soli
606 2046 716 2111 Deo
764 2046 1107 2103 serviendum
1152 2045 1240 2102 lex
1285 2056 1625 2115 commonet,
1662 2047 1891 2105 Christo

288 2135 553 2193 serviens
616 2136 729 2191 Deo
762 2116 982 2207 placere
1026 2136 1260 2209 dicatur.
1305 2134 1508 2209 (0rig.)
1537 2137 1647 2193 Pro
1683 2138 1892 2194 viribus

305 2233 728 2291 convertamur,
781 2233 839 2280 et
896 2225 1075 2295 primo
1129 2225 1412 2281 videamus
1478 2226 1749 2297 quomodo
1792 2241 1893 2298 per

306 2334 476 2375 unum
521 2319 795 2375 hominem
833 2324 1117 2390 peceatum
1161 2318 1409 2375 introivit
1456 2320 1508 2375 in
1540 2320 1693 2376 hunc
1734 2334 1892 2375 mun-

309 2408 461 2475 dum,
491 2415 548 2463 et
572 2422 670 2479 per
693 2416 981 2478 peccatum
1016 2422 1184 2464 mors.
1224 2406 1505 2465 Fortassis
1527 2408 1675 2463 enim
1706 2408 1891 2479 requi-

274 2538 279 2539 κ
309 2507 394 2555 rat
435 2498 660 2570 al'uplis,
691 2497 738 2554 si
762 2506 901 2555 ante
929 2496 1102 2554 Adam
1143 2498 1340 2554 mulier
1376 2497 1643 2569 peccavit,
1684 2498 1754 2555 de
1787 2513 1892 2569 qua

313 2589 518 2648 dicitur
548 2590 680 2660 quia
711 2590 930 2646 seducta
966 2590 1023 2645 in
1041 2589 1474 2660 prwoaricatione
1512 2590 1659 2660 facta
1699 2600 1775 2645 est
1792 2606 1812 2656 ;
1838 2598 1896 2645 et

311 2697 532 2739 rursum
554 2690 682 2739 ante
707 2682 884 2753 ipsum
911 2681 1155 2753 peccavit
1170 2690 1445 2752 serpens:
1476 2681 1723 2752 peccavit
1746 2680 1891 2737 enim

319 2788 445 2830 cum
474 2772 629 2829 dixit
673 2772 888 2830 mulieri
916 2791 928 2828 :
959 2771 1031 2827 Ut
1051 2778 1177 2844 quid
1222 2774 1321 2829 hoc
1352 2764 1487 2828 dixit
1514 2773 1677 2838 Deus,
1708 2782 1895 2828 utnon

310 2866 641 2922 manducetis
671 2866 739 2921 de
773 2867 916 2922 omni
956 2866 1097 2937 tigno
1137 2866 1416 2937 paradisi?
1448 2875 1509 2921 et
1536 2866 1733 2922 iterum
1763 2878 1894 2937 pec-

312 2956 480 3022 cavit,
514 2971 640 3012 cum
671 2957 815 3013 Deus
836 2956 1078 3023 dixerat,
1098 2957 1233 3027 quia
1272 2957 1693 3029 quacunque-die
1724 2968 1893 3011 rmau-

311 3046 629 3100 ducaseritis
660 3063 727 3101 ea:
757 3062 841 3113 eo,
871 3056 1038 3102 morte
1060 3046 1381 3112 moriemini,
1401 3054 1457 3102 et
1480 3045 1570 3103 ille
1594 3047 1800 3104 diceret
1825 3049 1894 3103 ad

1993 1851 2342 1910 nesiltomines
2387 1859 2691 1924 pertransiit
2715 1874 2878 1929 mra,
2907 1862 2965 1918 in
3005 1881 3109 1935 quo
3152 1883 3350 1934 omnes,
3377 1868 3574 1939 inquit,

1990 1953 2353 2014 peccaverunt.
2405 1947 2666 2004 Absoluta
2694 1953 2981 2009 sententia
3033 1960 3403 2026 pronuntiavit
3431 1962 3577 2034 Apo-

1986 2034 2166 2090 stoius
2196 2035 2252 2091 in
2280 2049 2473 2094 omnes
2495 2040 2744 2098 homines
2783 2048 3145 2123 pertransisse
3182 2059 3415 2107 mortem
3451 2069 3579 2123 pec-

1992 2127 2101 2182 cati
2140 2127 2198 2182 in
2228 2142 2294 2184 eo
2338 2129 2532 2201 inquo
2554 2147 2749 2190 omnes
2780 2120 3095 2207 peccaram,
3130 2139 3274 2196 sicut
3316 2150 3373 2199 et
3407 2120 3571 2201 alibi:

1984 2220 2189 2278 Omnes
2221 2224 2359 2277 enim
2388 2238 2762 2311 peccaverunt,
2794 2240 2854 2284 'ct
2886 2242 3033 2304 egent
3068 2236 3242 2305 gratia
3273 2235 3372 2292 Dei
3394 2236 3574 2311 (Rom.

1994 2311 2101 2385 In).
2131 2312 2200 2395 Et
2227 2306 2585 2374 ideO'etiamsi
2611 2320 2746 2376 Abel
2781 2320 2936 2378 illum
2980 2324 3187 2394 justum
3215 2306 3440 2397 dixeris,
3467 2347 3578 2387 non

1992 2410 2172 2494 potest
2196 2408 2468 2463 excusari.
2507 2407 2615 2466 Sed
2646 2426 2751 2467 non
2774 2426 2912 2483 opus
2937 2424 3021 2471 est
3051 2433 3174 2473 cum
3202 2419 3406 2492 ingenti
3435 2423 3579 2494 peri-

1995 2492 2118 2548 culo
2157 2495 2213 2549 in
2235 2495 2320 2552 his
2359 2497 2870 2574 singulos-quosque
2896 2521 3217 2566 enumerare
3242 2492 3577 2579 sanctorum,

1992 2594 2121 2639 cum
2141 2584 2369 2642 suiliciat
2387 2600 2442 2644 et
2461 2589 2703 2660 Apostoli
2735 2598 3025 2665 sententia,
3044 2610 3169 2670 quae
3200 2611 3427 2658 mortem
3448 2603 3582 2661 dicit

1970 2674 2052 2762 in
2076 2690 2267 2733 omnes
2288 2680 2541 2737 homines
2585 2688 2968 2755 pertransisse,
3011 2697 3069 2745 et
3095 2690 3240 2747 illius
3287 2693 3378 2762 qui
3407 2694 3577 2750 dixit:

1999 2761 2170 2819 Nemo
2208 2768 2438 2824 mundus
2482 2788 2516 2825 a
2557 2773 2714 2829 sorde
2754 2777 2962 2836 etiamsi
2982 2780 3133 2835 unius
3149 2781 3256 2836 diei
3283 2761 3440 2852 fuerit
3473 2785 3581 2840 vita

1993 2857 2265 2927 ejusJSed
2285 2859 2388 2915 iSta
2411 2876 2556 2918 mors
2574 2867 2781 2934 peccati
2803 2882 2925 2938 qua:
2951 2870 3005 2925 in
3025 2887 3215 2928 omnes
3236 2876 3579 2944 pertransiit,

1996 2955 2381 3011 cumvenisset
2419 2959 2486 3013 ad
2517 2957 2727 3029 Jesum,
2757 2972 2815 3019 et
2850 2973 3118 3022 tentasset
3153 2982 3276 3024 eum
3299 2971 3583 3041 perforare

1997 3041 2187 3098 aculeo
2214 3057 2313 3100 suo
2342 3044 2362 3118 (
2377 3045 2597 3104 aculeus
2621 3048 2764 3106 enim
2796 3054 2986 3110 mortis
3014 3042 3296 3125 peccatum
3313 3057 3355 3131 ),
3371 3060 3583 3130 repulsa

312 3138 622 3204 mulierem,
649 3137 1000 3210 Nequaquam
1018 3148 1189 3194 mam
1219 3139 1534 3204 moriemini,
1565 3139 1657 3194 sed
1680 3138 1892 3194 sciebat
1920 3145 1965 3208 ρ
1995 3140 2099 3198 εει,
2130 3140 2187 3188 et
2214 3135 2508 3192 confracta.
2546 3139 2666 3194 Vita
2713 3156 2859 3197 enim
2899 3152 3036 3211 erat,
3068 3136 3298 3204 et‘ntors
3332 3164 3585 3206 necessa-

312 3227 458 3283 Deus
483 3268 500 3293 ,
549 3229 676 3299 quia
717 3245 1028 3301 quacunque
1076 3229 1162 3285 die
1210 3229 1659 3285 manducareritis
1718 3244 1785 3284 ea:
1820 3244 1893 3284 eo

313 3320 619 3391 aperientur
661 3320 802 3375 oculi
846 3322 1002 3376 vestri
1027 3365 1044 3390 ,
1087 3330 1135 3375 et
1180 3321 1327 3376 eritis
1364 3321 1499 3375 sicut
1543 3320 1641 3385 dii,
1678 3320 1897 3375 scientes

315 3412 511 3467 bonum
536 3411 848 3477 ermotum;
889 3411 934 3467 si
974 3426 1106 3482 ergo
1129 3418 1256 3487 ante
1278 3410 1451 3466 Adam
1479 3410 1677 3485 mulier
1700 3424 1897 3481 pecca-

314 3503 419 3569 vit,
450 3511 507 3557 et
523 3510 658 3557 ante
692 3502 975 3557 mulierem
1012 3516 1267 3572 serpens,
1294 3508 1351 3555 et
1388 3500 1444 3556 in
1484 3500 1591 3555 alio
1617 3498 1739 3555 loco
1765 3498 1900 3554 dicit

313 3593 624 3665 Apostolus,
646 3593 771 3663 quia
795 3592 965 3646 Adam
989 3608 1095 3647 non
1125 3601 1200 3646 est
1223 3591 1487 3657 seductus,
1510 3589 1701 3646 mulier
1725 3600 1900 3645 autent

315 3684 532 3740 seducta
570 3693 646 3739 est
689 3682 743 3756 t1
771 3682 905 3737 Tim.
935 3681 1020 3755 ιι),
1065 3682 1334 3753 quomodo
1378 3696 1477 3751 per
1514 3694 1683 3736 unum
1727 3679 1901 3736 homi-

317 3789 468 3840 nem,
504 3785 563 3829 et
600 3788 708 3829 non
751 3773 924 3844 magis
965 3787 1063 3844 per
1102 3788 1265 3827 unam
1314 3770 1598 3827 mulierem
1631 3768 1902 3829 videbitur

319 3866 576 3923 introisse
602 3866 922 3937 peccatum?
944 3866 991 3920 Δ
1011 3866 1239 3921 muliere
1257 3864 1402 3921 enim
1429 3863 1643 3920 initium
1666 3861 1898 3933 peccati,

318 3966 378 4013 et
403 3965 530 4014 ante
557 3956 840 4014 mulierem
856 3971 904 4012 'a
928 3964 1199 4026 serpente,
1229 3954 1344 4010 sive
1371 3969 1404 4008 a
1432 3951 1668 4018 diabolo,
1703 3952 1771 4007 de
1794 3962 1904 4020 quo

321 4049 523 4105 dicitur
552 4049 604 4104 in
621 4047 938 4120 Evangelia,
967 4046 1091 4118 quia
1120 4044 1213 4100 ille
1237 4043 1503 4100 homicida
1528 4050 1639 4098 erat
1749 4041 1902 4097 initio

324 4141 510 4214 (Joan.
532 4141 672 4216 vin).
702 4140 808 4198 Sed
837 4140 958 4196 vide
988 4141 1043 4195 in
1069 4139 1156 4195 his
1183 4136 1497 4210 Apostolum
1521 4144 1731 4193 natura:
1762 4134 1905 4192 ordi-

323 4248 450 4289 nem
489 4234 746 4298 tenuisse,
777 4241 833 4289 et
861 4232 984 4287 ideo
1009 4230 1269 4302 quoniam
1298 4228 1365 4285 de
1393 4235 1617 4300 peccato
1646 4227 1905 4298 loqueba-

325 4334 448 4389 tur,
496 4340 561 4379 ea:
595 4341 697 4395 quo
736 4339 877 4378 mors
917 4323 971 4378 in
992 4338 1180 4377 omnes
1224 4321 1459 4376 homines
1492 4320 1904 4391 pertransierat,

325 4417 728 4471 successionem
759 4412 1096 4482 posteritatis
1122 4411 1395 4476 hmnanze,
1427 4424 1549 4480 quas
1589 4409 1715 4464 huic
1744 4407 1906 4463 morti

1994 3221 2091 3277 rio
2113 3224 2581 3282 exterminabatur
2600 3242 2633 3283 a
2660 3229 2800 3298 vita;
2854 3242 2909 3288 et
2937 3242 3064 3291 tunc
3102 3238 3171 3291 ad
3188 3228 3319 3292 eain
3348 3236 3580 3295 dicitur:

1998 3306 2102 3364 Ubi
2129 3319 2399 3379 est.mors,
2415 3315 2630 3372 aculeus
2655 3327 2798 3386 tuus,
2823 3320 2912 3374 ubi
2925 3331 3027 3394 est,
3039 3325 3425 3392 mors,eictoria
3452 3336 3541 3382 tua
3562 3329 3589 3383 .’

2001 3398 2052 3470 (Ι
2074 3398 2202 3456 Cor.
2230 3404 2346 3473 xv.)
2390 3405 2596 3463 Idcirco
2639 3409 2785 3465 enim
2821 3410 2959 3481 ‘quia
3016 3427 3177 3470 omne
3215 3414 3441 3483 vicerat,
3496 3417 3588 3474 hic

1984 3491 2200 3549 dicitur
2238 3495 2306 3551 ad
2344 3509 2491 3565 eam,
2535 3496 2635 3554 Ubi
2674 3500 2951 3568 est,mors,
2973 3504 3189 3561 victoria
3230 3508 3362 3561 tua?
3388 3504 3498 3565 Sed
3531 3520 3588 3566 et

2001 3585 2143 3654 quod
2158 3596 2440 3657 peccatum
2468 3591 2685 3659 quidem
2716 3608 2825 3649 non
2847 3593 2984 3648 dixit
3014 3594 3073 3649 in
3099 3609 3287 3652 omnes
3315 3597 3587 3667 homines,

2003 3674 2099 3730 sed
2116 3676 2184 3729 in
2200 3677 2463 3731 mundum
2490 3678 2767 3763 introisse,
2794 3690 3027 3738 mortem
3053 3699 3182 3740 vero
3212 3700 3319 3740 non
3351 3687 3404 3742 in
3431 3703 3590 3744 mun-

2003 3765 2152 3830 dum,
2171 3764 2267 3822 sed
2292 3767 2348 3819 in
2372 3782 2549 3821 omnes
2568 3769 2828 3836 homines,
2850 3780 3030 3827 etnon
3061 3773 3336 3842 introisse,
3351 3778 3446 3832 sed
3472 3795 3592 3847 per-

2003 3857 2270 3918 transisse,
2309 3873 2430 3911 mon
2471 3867 2602 3926 puto
2628 3900 2643 3925 ,
2689 3860 2833 3932 quod
2878 3856 3082 3918 frustra
3128 3863 3232 3920 hac
3276 3866 3592 3924 diversitate

1988 3961 2138 4002 usus
2156 3947 2230 4002 sit
2246 3946 2465 4013 Paulus,
2493 3949 2728 4005 arbitror
2761 3952 2906 4020 quod
2929 3953 3190 4009 mundum
3223 3954 3313 4011 hic
3343 3964 3592 4016 terrenos

2005 4051 2272 4107 quosque,
2307 4046 2364 4096 et
2398 4039 2451 4094 in
2487 4047 2703 4094 terrena
2740 4043 3153 4099 conversatione
3179 4057 3593 4115 permanentem

2007 4127 2285 4199 designet:
2312 4128 2568 4185 homines
2593 4144 2724 4186 vero
2751 4144 2848 4186 eos
2876 4132 3045 4200 dicat,
3083 4136 3176 4205 qui
3201 4134 3316 4206 jam
3356 4151 3415 4193 se
3455 4138 3595 4195 inci-

2006 4221 2120 4292 piat
2150 4237 2464 4294 agnoscam,
2491 4231 2548 4280 et
2575 4224 2736 4291 scire,
2760 4224 2903 4296 quod
2932 4226 2999 4282 ad
3024 4227 3318 4299 imaginem
3343 4230 3439 4285 Dei
3462 4230 3593 4288 facti

1999 4322 2154 4370 sunt.
2183 4314 2243 4370 ln
2272 4314 2394 4371 illos
2418 4329 2556 4387 ergo
2592 4316 2682 4386 qui
2725 4317 2954 4372 mundus
2993 4317 3352 4389 appellantur,
3390 4321 3445 4376 id
3484 4314 3595 4388 est,

2008 4415 2275 4474 terrenos,
2309 4406 2541 4462 intrasse
2580 4407 2711 4464 dicit
2749 4419 3053 4478 peccatum,
3084 4420 3139 4466 et
3174 4426 3438 4482 nusquam
3475 4418 3596 4469 esse

322 4505 613 4563 succubuit
641 4513 966 4576 expeccato
984 4502 1247 4568 venienti,
1264 4517 1383 4557 non
1424 4499 1637 4555 mulieri
1665 4499 1907 4565 ascribit,
1940 4503 1993 4562 Ι)
2013 4502 2217 4558 exitum
2236 4501 2423 4571 ponit;
2442 4499 2501 4556 in
2526 4514 2620 4557 eos
2647 4515 2798 4567 vero,
2823 4517 2958 4572 quos
2972 4500 3087 4571 jam
3117 4502 3365 4562 homines
3384 4504 3497 4560 vult
3518 4506 3598 4561 in-

304 4599 427 4654 .sed
458 4598 597 4655 viro.
624 4596 743 4653 Non
777 4596 922 4652 enim
968 4606 1037 4650 ex
1081 4593 1307 4650 muliere
1348 4592 1660 4663 posteritas,
1703 4589 1799 4646 sed
1839 4603 1908 4645 ex

328 4691 459 4745 viro
476 4688 803 4751 nominatur,
847 4686 989 4741 sicut
1014 4692 1071 4741 et
1086 4684 1209 4755 ipse
1229 4682 1519 4754 Apostolus
1534 4682 1604 4737 in
1628 4680 1750 4737 aliis
1777 4682 1910 4737 dicit

329 4780 383 4852 (Ι
406 4777 533 4836 Cor.
559 4780 635 4849 xi)
661 4795 677 4832 :
709 4775 836 4833 Non
859 4776 1000 4832 enim
1037 4783 1115 4830 est
1150 4776 1232 4830 uir
1253 4773 1570 4839 ezmuliere,
1592 4772 1698 4828 sed
1720 4772 1911 4828 mulier

328 4888 397 4929 ea:
424 4872 575 4935 uiro;
623 4877 678 4925 et
714 4868 941 4933 iterum,
967 4863 1117 4921 Sicut
1155 4865 1292 4920 enim
1326 4865 1522 4920 mutier
1554 4880 1625 4921 ea:
1661 4864 1791 4929 viro,
1832 4863 1908 4917 ita

330 4973 381 5019 et
404 4962 484 5017 air
507 4976 614 5016 non
643 4975 708 5015 ex
739 4957 978 5023 muliere,
1009 4956 1101 5012 sed
1127 4971 1221 5026 per
1256 4955 1523 5009 mulierem
1550 4971 1569 5010 :
1599 4962 1655 5010 et
1692 4954 1763 5010 ob
1803 4953 1909 5010 hoc

330 5052 580 5111 mortalis
599 5052 910 5123 posteritas,
940 5058 996 5105 et
1012 5047 1321 5119 corporalis
1346 5048 1639 5114 successio,
1667 5048 1784 5103 viro
1811 5060 1910 5117 po-

332 5145 444 5201 tius
477 5152 737 5216 tanqpam
798 5141 1028 5208 auctori,
1074 5148 1132 5195 et
1175 5154 1283 5195 non
1331 5138 1544 5194 mulieri
1597 5139 1906 5210 deputatur.

332 5236 575 5306 Require
598 5249 733 5291 sane
759 5234 1029 5306 quomodo
1051 5244 1151 5305 per
1177 5247 1345 5288 unum
1371 5233 1647 5288 hominem
1682 5233 1740 5288 in
1765 5232 1911 5289 hunc

334 5327 596 5386 mundum
638 5326 774 5384 dicit
816 5327 1072 5382 introisse
1114 5332 1421 5396 peccatum,
1454 5331 1515 5378 et
1544 5331 1757 5379 certum
1804 5331 1909 5390 est,

334 5419 480 5489 quod
506 5418 599 5474 hic
620 5416 884 5473 mundum
902 5426 1184 5474 mrrenum
1212 5417 1361 5472 hunc
1380 5414 1610 5486 appellet
1632 5414 1829 5482 locum,
1852 5415 1912 5471 in

336 5531 446 5586 quo
490 5516 737 5573 homines
764 5515 1030 5581 habitant,
1060 5514 1107 5571 si
1144 5516 1198 5571 in
1224 5514 1374 5571 nullo
1402 5513 1644 5570 atielon
1672 5513 1917 5569 introivit

335 5616 642 5677 peccatum,
664 5622 841 5679 neque
859 5609 914 5685 in
940 5606 1045 5663 illis
1064 5606 1198 5663 locis
1220 5606 1519 5692 invenitur,
1537 5605 1629 5661 ubi
1645 5602 1915 5675 spiritalia

336 5698 593 5769 nequitiac
639 5700 696 5756 in
740 5699 1054 5757 caelestibus
1105 5700 1490 5766 nominantur;
1543 5699 1638 5754 sed
1687 5706 1743 5754 et
1785 5697 1916 5754 illud

2013 4592 2199 4663 telligi,
2247 4592 2378 4647 dicit
2418 4588 2778 4662 pertransisSe
2828 4601 3133 4663 peccatum,
3178 4594 3232 4650 id
3279 4603 3384 4662 est,
3426 4595 3597 4653 fuisse

2009 4684 2248 4755 quidem,
2277 4684 2375 4740 sed
2398 4699 2498 4755 per
2524 4684 2893 4755 paenitentiam
2925 4686 3294 4743 conversionis
3316 4689 3597 4759 depulsum

2011 4790 2155 4839 esse,
2187 4783 2243 4830 et
2271 4777 2635 4847 pertransisse
2667 4792 2779 4832 nec
2797 4775 2940 4832 ultra
2978 4778 3034 4832 in
3066 4778 3147 4834 eis
3176 4779 3412 4836 stetisse.
3444 4779 3599 4835 Unde

2012 4874 2237 4937 apparet
2274 4867 2331 4922 in
2366 4866 2562 4922 litteris
2595 4866 2746 4922 Pauli
2782 4882 2850 4923 ne
2880 4884 3042 4923 unam
3077 4869 3294 4938 quidem
3334 4864 3595 4941 syllabam

2015 4956 2457 5012 vacuamsentiri
2492 4956 2691 5013 debere
2720 4958 3020 5031 mysteriis.
3066 4958 3295 5032 (Ambr.)
3323 4959 3468 5015 Mors
3495 4976 3596 5014 au-

2006 5056 2123 5103 tem
2169 5048 2450 5104 dissoiutio
2494 5049 2738 5120 corporis
2783 5058 2888 5116 cst,
2920 5065 3042 5105 cum
3087 5051 3267 5106 anima
3313 5065 3589 5122 acorpore

2014 5150 2314 5209 separatur.
2348 5138 2445 5194 Est
2471 5146 2528 5194 et
2554 5139 2659 5193 alia
2691 5153 2859 5205 mors,
2888 5154 3009 5209 qua:
3035 5140 3274 5195 secunda
3299 5140 3514 5206 dicitur,
3540 5141 3597 5196 in

2013 5234 2256 5304 gehenna
2275 5271 2291 5297 ,
2320 5246 2483 5302 quam
2518 5246 2628 5286 non
2657 5239 2882 5312 peccato
2909 5231 3040 5287 Atla;
3064 5232 3320 5303 patimur,
3347 5234 3442 5289 sed
3483 5233 3601 5302 eius

2017 5323 2305 5379 occasione
2347 5322 2586 5393 propriis
2626 5321 2867 5392 peccatis
2913 5323 3234 5393 acquiritur,
3280 5339 3311 5378 a
3336 5337 3442 5394 qua
3468 5325 3599 5380 boni

2018 5413 2288 5468 immunes
2310 5420 2464 5479 sunt,
2497 5420 2707 5467 tantum
2729 5412 2951 5482 quodin
2973 5411 3185 5468 interno
3206 5423 3384 5479 erant,
3400 5415 3494 5470 sed
3509 5429 3600 5471 su-

2018 5503 2221 5574 periori
2234 5504 2390 5575 quasi
2404 5504 2466 5559 in
2494 5503 2661 5560 libera
2693 5503 2958 5577 [custodia
2963 5520 3005 5577 j,
3030 5504 3199 5576 quiad
3222 5506 3390 5563 caelos
3406 5522 3598 5565 ascen-

2017 5596 2153 5653 dere
2172 5611 2285 5652 non
2298 5605 2567 5667 poterant.
2590 5597 2868 5656 Sententia
2887 5598 3029 5655 enirn
3056 5599 3382 5656 tenebantur
3398 5602 3523 5657 data
3545 5602 3600 5656 in

2018 5690 2213 5757 Adam,
2233 5690 2376 5762 quod
2405 5683 2825 5764 chirographum
2851 5691 2909 5748 in
2928 5692 3164 5750 decretis
3194 5701 3368 5751 morte
3394 5691 3599 5751 Christi
