3998 6202
588 294 721 353 1579

1249 284 1311 340 Β.
1353 279 1602 337 [MBAN]
1642 274 1859 332 MAUlll
1897 268 2214 328 ABCRIEP.
2256 266 2563 325 MOGUNT.
2599 260 2889 322 OPERUM
2920 258 3097 314 PARS
3132 258 3215 313 ιιι.

3619 259 3713 314 1580

579 409 817 466 deletum
844 412 949 462 est.
970 398 1266 456 Sententia:
1306 404 1489 451 autem
1511 390 1716 448 decreti
1741 397 1888 453 sunt,
1916 395 1978 441 ut
1995 383 2158 439 unius
2184 391 2232 451 Α
2262 382 2465 439 homini
2502 379 2719 437 habenti
2756 375 3001 433 notitiam
3034 372 3309 436 creator-is,
3331 372 3474 450 vitam
3494 386 3614 428 stulti
3633 373 3716 445 lege

583 496 817 554 hominis
840 506 1037 561 corpus
1066 490 1366 545 solveretur
1390 498 1553 555 super
1578 492 1802 546 terram,
1828 478 2008 533 anima
2030 489 2161 531 vero

582 587 813 645 vinculis
841 583 1035 640 inferni
1066 582 1284 637 detenta
1312 577 1476 632 exitia
1504 580 1802 645 pateretur.

655 676 829 749 Usque
850 675 917 728 ad
941 673 1103 742 legem
1135 670 1272 724 enim
1294 676 1560 737 peccatum
1589 671 1701 717 erat
1736 661 1791 713 in
1812 660 1911 712 ltoc
1932 656 2161 711 mundo:

580 778 848 839 peccatum
882 774 1056 817 autem
1091 776 1193 813 non
1228 755 1584 826 imputabatur
1616 768 1732 806 cum
1767 749 1853 805 lex
1875 766 1979 803 non
2006 755 2161 802 esset.

584 858 768 930 (Aug)
807 854 961 922 Quod
989 861 1169 906 autem
1204 848 1297 911 ait,
1327 863 1487 917 usque
1518 844 1587 905 ad
1610 842 1774 913 legem
1808 842 1947 894 enim
1984 854 2165 908 pecca-

585 961 695 1003 tum
730 948 784 1001 in
818 943 1014 999 mundo
1038 943 1158 1012 fuit,
1190 937 1592 1007 intelligendum
1628 943 1733 999 est,
1761 944 2041 1002 quousque
2075 942 2164 982 ve-

587 1041 729 1095 niret
765 1037 968 1107 gratia;
1015 1041 1203 1088 contra
1236 1045 1330 1085 cos
1355 1030 1557 1083 dictum
1587 1035 1689 1089 est,
1715 1024 1805 1093 qui
1833 1022 2169 1076 arbitrantur

584 1146 680 1202 per
704 1130 872 1199 legem
898 1124 1096 1179 auferri
1121 1122 1359 1192 potuisse
1385 1126 1623 1191 peccata.
1652 1117 1792 1171 Dicit
1818 1123 2000 1168 autem
2025 1112 2168 1181 Apo-

583 1220 755 1276 stolus
783 1214 1070 1271 manifesta
1096 1227 1218 1269 esse
1244 1220 1463 1281 peccata
1492 1224 1589 1278 per
1624 1207 1817 1277 legem,
1850 1220 1956 1259 non
1984 1212 2165 1256 autem

584 1311 787 1375 ablata,
815 1323 937 1362 cum
961 1306 1112 1370 dicit,
1133 1313 1401 1376 peccatum
1439 1309 1611 1353 autent
1648 1314 1752 1351 non
1788 1294 2164 1364 imputabatur,

586 1417 703 1455 cum
739 1398 823 1454 lea;
861 1415 966 1451 non
989 1393 1288 1451 esset.,1N0n
1327 1390 1472 1445 enim
1500 1389 1596 1451 ait,
1628 1401 1734 1440 non
1770 1393 1909 1447 erat,
1940 1382 2034 1438 sed
2064 1398 2169 1435 non

583 1492 977 1554 aemulabatur;
1006 1499 1181 1556 neque
1224 1498 1348 1539 cum
1376 1482 1463 1537 lex
1498 1480 1622 1536 data
1653 1487 1757 1543 est,
1784 1476 2021 1531 ablatum
2061 1481 2166 1537 est,

585 1588 683 1638 sed
709 1580 956 1651 deputari
983 1576 1177 1647 coepit,
1210 1575 1265 1630 id
1290 1584 1395 1639 est,
1421 1584 1704 1643 apparere.
1746 1567 1860 1623 Non
1896 1581 2028 1635 ergo
2070 1579 2171 1633 pu-

590 1682 764 1727 temus
810 1684 980 1739 usque
1026 1668 1095 1722 ad
1137 1667 1312 1736 legem
1352 1665 1428 1718 ita
1476 1663 1678 1717 dictum
1723 1674 1843 1714 esse
1867 1657 2022 1728 quasi
2054 1656 2168 1725 jam

2264 475 2499 539 frenare,
2540 487 2611 527 ne
2641 471 2936 525 frustretur
2979 464 3186 537 agnitio
3211 481 3226 518 :
3249 463 3393 517 tertia
3416 477 3525 517 vero
3543 478 3638 533 pars
3658 474 3719 519 ett

2269 569 2529 633 docibilis,
2544 576 2606 623 ut
2618 565 2808 621 notitia
2822 562 2918 618 {tot
2930 559 3194 617 creatoris
3215 565 3269 613 et
3288 558 3550 626 exemplum
3571 571 3719 611 motuin

2262 663 2474 719 steteris
2520 660 2825 721 tradantur,
2852 664 2914 710 ut
2939 655 3153 709 discant
3191 648 3586 720 quemadmodum
3625 649 3722 717 apud

2263 753 2575 808 Creatorem
2620 747 2877 802 meritum
2924 742 3221 798 collocatur
3264 756 3278 791 :
3326 739 3431 792 haec
3459 744 3529 792 est
3564 750 3659 790 vera
3687 746 3725 790 et

2263 841 2568 899 Gllristiana
2598 836 2903 908 prudentia.

2357 934 2462 989 Sed
2504 931 2734 1002 regnavit
2777 944 2918 983 mors
2976 926 3042 980 ab
3085 925 3252 978 Adam
3301 937 3446 991 usque
3486 921 3542 973 ad
3576 917 3725 989 Moysen

2265 1028 2422 1080 etiam
2469 1025 2523 1077 in
2570 1038 2691 1086 eos,
2738 1019 2828 1091 qui
2853 1033 2956 1072 non
2980 1022 3313 1086 peccaverunt
3357 1008 3725 1064 insintiﬁtudim

2266 1112 2718 1186 pra'raricationis
2766 1109 2894 1163 Adte
2942 1107 3032 1177 qui
3078 1113 3152 1159 est
3201 1103 3361 1172 fama
3406 1098 3561 1167 futuri.
3600 1095 3725 1169 (Aug)

2267 1208 2421 1276 Quod
2460 1216 2639 1261 autem
2684 1205 2781 1268 ait,
2825 1202 2918 1257 sed
2960 1199 3193 1271 regnarit
3231 1213 3362 1251 mors
3395 1196 3453 1248 ab
3471 1195 3729 1263 Admulqu

2268 1302 2339 1355 ad
2369 1299 2606 1371 Moysen,
2628 1307 2674 1350 et
2705 1295 2885 1359 initis,
2904 1294 2993 1364 qui
3018 1308 3123 1345 non
3150 1296 3464 1361 peccaverunt
3491 1287 3537 1338 in

2269 1390 2443 1444 dinem
2464 1384 2911 1457 pra'varicationis
2923 1382 3098 1436 Αάω..
3108 1420 3121 1434 .
3139 1382 3188 1449 (ι
3205 1378 3303 1433 Hic
3315 1377 3468 1431 minus
3484 1375 3638 1443 habet.)
3649 1372 3729 1427 liae

2271 1490 2355 1533 est
2386 1477 2553 1532 futuri
2603 1473 2775 1529 forma
2803 1472 2996 1536 Adam,
3026 1470 3094 1524 de
3118 1483 3225 1538 qua
3266 1467 3489 1537 superius
3521 1463 3633 1533 loqui
3659 1477 3731 1517 cte-

2272 1576 2452 1638 perat,
2494 1575 2546 1622 et
2590 1566 2710 1637 eius
2748 1562 2959 1631 aliquas
3004 1558 3333 1614 differentias
3364 1558 3650 1626 interponens
3678 1540 3762 1606 ιμ’

2275 1661 2507 1715 stulerat
2535 1657 2781 1713 ordinem
2801 1695 2815 1720 ,
2848 1653 2917 1707 ad
2955 1667 3118 1722 quem
3148 1664 3288 1705 nunc
3331 1646 3565 1702 redeundo
3584 1642 3733 1699 concta.

589 1763 690 1817 sub
732 1762 848 1831 lege
887 1774 995 1814 non
1036 1766 1181 1813 esset
1219 1763 1525 1825 peccatum,
1574 1750 1669 1806 sed
1705 1749 1786 1805 sic
1818 1748 2020 1803 dictum
2061 1753 2165 1808 est.
2203 1747 2247 1806 Β
2272 1753 2344 1806 sit
2373 1750 2587 1804 dicens:
2614 1746 2804 1818 Itaque
2833 1746 2967 1799 sicut
3006 1758 3102 1813 per
3130 1741 3281 1795 unius
3312 1737 3529 1793 delictum
3547 1737 3589 1790 ill
3616 1751 3732 1789 eum

590 1866 753 1920 usque
793 1848 861 1902 ad
885 1846 1085 1916 -legem,
1131 1852 1192 1898 ut
1236 1851 1406 1907 totum
1435 1841 1569 1911 legis
1615 1851 1827 1909 tempus
1851 1845 2170 1891 annumeret

592 1956 763 2010 usque
811 1940 881 1993 ad
919 1937 1080 1992 ﬁnem
1119 1936 1282 2005 legis,
1332 1933 1478 2004 quod
1504 1939 1590 1987 est
1616 1928 1887 1985 Christus.
1941 1923 2171 1998 (Anum)
2205 2001 2219 2019 Ι

590 2030 647 2085 ln
671 2030 840 2083 Adam
881 2042 1070 2083 omnes
1105 2026 1239 2081 dicit
1281 2035 1559 2094 peccasse,
1593 2021 1736 2075 sicut
1776 2031 1939 2087 supra
1970 2029 2175 2070 memo—

594 2121 729 2185 ravi,
760 2127 815 2175 ct
841 2133 1013 2188 usque
1041 2116 1109 2172 ad
1136 2113 1308 2186 legem
1336 2114 1517 2189 datam
1547 2125 1655 2167 non
1703 2108 2024 2179 imputatum
2051 2116 2175 2159 esse

591 2218 901 2284 peccatum,
949 2208 1210 2279 putabant
1258 2205 1404 2260 enim
1447 2218 1507 2260 se
1532 2201 1781 2257 homines
1819 2198 1960 2269 apud
2003 2198 2173 2252 Deum

596 2303 819 2371 impune
843 2312 1097 2368 peccare,
1126 2295 1223 2350 sed
1251 2308 1358 2349 non
1403 2290 1543 2362 apud
1572 2289 1821 2346 homines
1843 2305 1869 2344 ε,
1893 2303 1993 2344 nec
2030 2287 2173 2342 enim

595 2391 681 2446 lex
710 2387 971 2444 naturalis
998 2387 1212 2457 penitus
1246 2385 1620 2453 obtorpuerat,
1647 2381 1774 2451 quia
1807 2395 1915 2435 non
1960 2380 2177 2450 ignora—

599 2485 731 2539 bant
767 2482 896 2555 quia
939 2479 1081 2548 quod
1110 2476 1221 2549 pati
1259 2474 1533 2538 nolebant,
1558 2470 1680 2527 aliis
1716 2469 1898 2526 facere
1938 2484 2046 2526 non
2082 2469 2178 2524 de-

595 2570 813 2626 bebant.
839 2568 973 2627 Nam
1002 2581 1172 2636 usque
1198 2563 1333 2619 adeo
1362 2578 1469 2618 non
1499 2562 1737 2633 ignotum
1765 2558 1867 2615 fuit
1896 2566 2176 2631 peccatum

598 2662 742 2715 inter
768 2659 1038 2723 homines,
1070 2665 1129 2712 ut
1162 2654 1329 2710 Jacob
1358 2668 1485 2709 cum
1521 2650 1662 2708 idola
1702 2666 1799 2706 sua
1842 2649 1984 2721 apud
2027 2647 2175 2703 illum

601 2757 871 2821 quaereret
923 2761 1078 2803 socer
1100 2746 1216 2817 ejus
1241 2744 1451 2809 Lahan,
1478 2745 1533 2798 in
1554 2758 1663 2814 quo
1690 2742 1967 2799 inventura
1989 2738 2179 2795 fuisset

599 2840 825 2906 furtum,
880 2846 1053 2894 morte
1108 2837 1326 2910 dignum
1369 2834 1640 2906 judicaret
1694 2831 1849 2906 (Gen.
1881 2831 2044 2905 xxxi)
2073 2848 2087 2887 :
2121 2839 2180 2889 et

597 2927 818 2998 Joseph,
845 2928 1090 2999 quamvis
1123 2942 1220 2997 per
1245 2925 1593 2991 calumniam,
1639 2933 1820 2980 tamen
1853 2924 2013 2994 quasi
2055 2937 2178 2979 reus

597 3019 814 3075 clausus
852 3019 906 3075 in
934 3033 1154 3074 carcere
1197 3027 1321 3082 est;
1352 3026 1409 3072 et
1448 3017 1619 3087 pistor
1662 3025 1718 3071 et
1752 3016 2014 3087 piucerna
2041 3014 2179 3070 Pha-

2272 1842 2534 1905 Itoutines,
2576 1847 2685 1895 etc.
2749 1834 2979 1907 (Aman)
3025 1832 3288 1900 Quoniam
3329 1844 3428 1883 non
3470 1826 3734 1895 imputabant

2272 1941 2555 2005 peccatum
2599 1937 2891 1999 antequam
2933 1925 3023 1981 lex
3081 1925 3297 1980 daretur
3319 1934 3410 1991 per
3433 1918 3624 1989 Moysen,
3642 1916 3733 1969 sicut

2273 2026 2406 2092 disi,
2461 2025 2576 2095 ipsa
2619 2018 2991 2090 usurpationis
3042 2013 3353 2085 impunitate
3378 2009 3594 2080 regnabat
3624 2018 3734 2065 mors,

2273 2118 2454 2175 sciens
2483 2116 2585 2170 sibi
2616 2113 2737 2168 illos
2764 2111 3011 2166 devotos.
3052 2105 3329 2176 Regnabat
3361 2115 3477 2172 ergo
3498 2112 3613 2153 mors
3636 2110 3738 2150 secn-

2274 2209 2439 2263 l'itate
2463 2200 2852 2260 dominationis
2877 2213 3016 2263 suae,
3059 2205 3173 2252 tam
3207 2195 3260 2249 in
3285 2193 3380 2248 hos
3410 2190 3490 2260 qui
3522 2187 3574 2241 ad
3596 2195 3739 2254 tentus

2275 2297 2597 2361 evadebant,
2628 2304 2791 2363 quam
2830 2291 2888 2345 ill
2924 2289 3085 2352 istos,
3115 2286 3208 2356 qui
3234 2284 3390 2340 etiam
3412 2280 3490 2337 hic
3510 2290 3656 2351 plenas
3674 2275 3738 2330 da—

2275 2391 2410 2446 bant
2435 2403 2533 2459 pro
2562 2384 2721 2441 malis
2744 2382 3004 2456 operibus
3032 2380 3168 2436 suis.
3193 2377 3384 2434 Omnes
3408 2373 3530 2430 enim
3551 2381 3740 2459 summa

2276 2457 2510 2544 videbat;
2554 2475 2681 2546 quia
2716 2473 2808 2546 qui
2851 2471 2978 2527 facit
3021 2478 3319 2541 peccatum,
3358 2479 3512 2519 unus
3531 2457 3740 2530 estpean

2277 2569 2460 2644 (Joan.
2477 2567 2632 2640 vui);
2668 2566 2891 2636 impune
2908 2576 3061 2619 enim
3086 2559 3276 2618 cedere
3299 2562 3521 2627 putantes
3531 2550 3666 2644 inagis
3681 2546 3741 2600 de-

2277 2641 2617 2731 linquebant,
2626 2655 2772 2715 circa
2791 2654 2908 2711 haec
2919 2661 3105 2709 tamen
3119 2656 3332 2722 peccata
3344 2641 3740 2731 promptiotesupe

2278 2729 2515 2808 mundus
2553 2747 2709 2820 quasi
2754 2746 2902 2803 licita
2929 2743 3227 2801 nutriebat.
3277 2735 3534 2808 Quolacto
3554 2729 3740 2820 gaudebat

2278 2851 2520 2906 satanas,
2550 2815 2778 2895 securus
2824 2833 2971 2908 quod
3014 2848 3183 2890 causa
3204 2830 3331 2887 Atla
3356 2825 3584 2882 relictum
3617 2834 3641 2873 ι
3668 2815 3739 2870 Deo

2279 2933 2552 2990 hominem
2603 2930 2659 2985 in
2691 2927 3096 3000 possessionem
3125 2923 3368 2981 habebat.
3400 2913 3627 2988 Regnabat
3657 2920 3739 2976 ego

2279 3039 2429 3081 mors
2456 3024 2510 3078 in
2539 3036 2633 3078 eos
2651 3021 2743 3092 qui
2788 3025 3135 3090 peccaverunt
3166 3015 3223 3069 in
3277 3007 3576 3067 similitudine
3607 3011 3740 3092 prett-

599 3111 783 3166 raonis
820 3110 890 3165 ob
924 3110 1173 3165 delictum
1205 3109 1453 3166 similiter
1480 3109 1626 3179 passi
1657 3117 1815 3164 sunt:
1847 3117 1905 3164 et
1940 3108 2176 3180 Moyses,
2204 3108 2251 3171 C
2282 3114 2554 3169 νξεαιίοηίε
2583 3088 2736 3175 Adit,
2762 3088 2855 3180 qui
2892 3115 2978 3164 est
3008 3107 3187 3164 forma
3216 3102 3392 3165 futuri,
3416 3096 3536 3168 quod
3556 3095 3602 3149 in
3622 3088 3740 3158 subje-

597 3203 779 3258 occiso
810 3202 1082 3275 Egyptio,
1126 3202 1405 3256 altcrritus
1436 3201 1553 3273 lege
1584 3210 1688 3256 est.
1723 3200 2003 3267 Quomodo
2048 3213 2180 3271 ergo

599 3311 706 3350 non
746 3294 1107 3371 impltnthatur
1142 3302 1424 3362 peccatum
1458 3306 1581 3347 cum
1611 3290 1696 3346 lex
1729 3306 1835 3345 non
1866 3291 2045 3346 esset?
2089 3299 2182 3346 aut

600 3385 868 3456 quomodo
884 3384 1277 3448 vindicabatur,
1298 3382 1399 3437 nisi
1416 3381 1502 3436 lex
1522 3382 1784 3436 sciretur?
1798 3381 1907 3436 Lex
1920 3381 2182 3438 naturalis

600 3484 929 3548 semperest,
958 3489 1059 3529 nec
1080 3471 1428 3544 ignorabatur
1444 3471 1755 3541 aliquando,
1782 3472 2184 3542 sedputabatur

600 3569 669 3623 ad
700 3576 910 3637 tempus
937 3573 1146 3619 tantum
1172 3561 1551 3617 auctoritatem
1575 3563 1798 3627 habere,
1823 3576 1923 3618 nec
1947 3570 2001 3618 et
2042 3562 2183 3633 apud

601 3658 769 3714 Deum
786 3671 904 3712 reos
929 3654 1138 3709 facere:
1157 3652 1506 3725 ignorabatur
1524 3653 1667 3709 enim
1696 3653 1822 3723 quia
1840 3651 2184 3722 iudicaturus

600 3759 687 3806 est
706 3749 849 3804 Deus
870 3763 1040 3822 genus
1060 3747 1376 3809 humanum,
1392 3759 1455 3800 ac
1468 3743 1682 3816 perlloc
1702 3761 1807 3801 non
1820 3744 2186 3817 imputabatur

602 3848 906 3912 peccatum,
954 3838 1108 3909 quasi
1136 3844 1419 3907 peccatum
1446 3851 1554 3892 non
1579 3836 1851 3908 cognitum
1871 3844 2018 3892 esset
2043 3834 2186 3907 apud

604 3931 793 3995 Deum,
811 3929 1140 3984 incuriosum
1156 3929 1323 3983 Deum
1345 3935 1668 3983 asserentes.
1683 3926 1754 3980 At
1774 3926 1863 3981 ubi
1887 3934 2068 3981 autem
2098 3925 2185 3980 lex

604 4019 729 4074 data
759 4026 842 4073 est
865 4032 961 4088 per
983 4016 1223 4087 Moysen,
1253 4014 1658 4071 manifestatum
1674 4023 1759 4070 est
1792 4029 1985 4069 curare
2017 4014 2186 4070 Deum

604 4125 692 4166 .es
714 4111 1002 4175 humanas,
1022 4116 1076 4163 et
1095 4124 1201 4164 non
1225 4108 1443 4177 impune
1457 4107 1694 4161 futurum
1714 4106 1819 4171 his,
1837 4106 2086 4175 quintale
2100 4105 2185 4160 fa-

603 4204 828 4268 cientes,
840 4216 1158 4272 qnacnnque
1172 4215 1240 4255 ex
1253 4214 1416 4255 causa
1433 4198 1487 4254 in
1504 4198 1759 4269 praesenti
1774 4199 2028 4254 evadunt.
2051 4197 2186 4253 Nam

606 4297 790 4367 utique
801 4296 891 4366 qui
909 4296 1049 4350 inter
1060 4309 1137 4359 se,
1154 4292 1408 4364 magistra
1419 4289 1627 4361 justitia
1643 4290 1725 4347 vel
1738 4298 1954 4356 natura,
1967 4298 2188 4362 peccata

606 4403 713 4444 non
731 4386 899 4441 inulta
918 4384 1231 4449 censebant,
1253 4390 1454 4453 quanto
1475 4381 1645 4452 magis
1661 4383 1825 4437 Deum
1848 4396 2010 4452 quem
2035 4397 2188 4437 mun-

2279 3203 2385 3260 ctis
2428 3200 2872 3258 monstrabimus.
2922 3197 3113 3269 Itaque
3156 3211 3261 3252 non
3303 3194 3356 3249 in
3393 3202 3554 3246 omnes
3585 3189 3739 3239 mortem

2280 3307 2538 3364 regnasse
2567 3289 2914 3347 manifestum
2941 3297 3051 3354 est,
3080 3286 3206 3358 quia
3233 3299 3333 3341 non
3356 3280 3649 3352 peccaverunt
3667 3282 3739 3323 ουδ’

2280 3362 2378 3440 nes
2422 3384 2477 3439 in
2518 3381 2923 3437 similitudinem
2968 3372 3420 3448 praevaricationis
3450 3367 3574 3429 Αιιω,
3596 3362 3638 3417 id
3664 3366 3738 3420 est.

2281 3490 2388 3529 non
2414 3486 2605 3528 omnes
2628 3480 2940 3539 contempto
2963 3468 3080 3523 Deo
3111 3467 3467 3538 peccaverunt.
3500 3454 3584 3523 Qui
3621 3457 3739 3505 auten

2282 3562 2551 3634 suntqui,
2591 3569 2900 3631 contempto
2931 3560 3045 3615 Deo
3068 3599 3085 3625 ,
3112 3558 3468 3628 peccaverunt,
3488 3545 3571 3602 nisi
3592 3542 3658 3612 qui
3678 3551 3739 3592 nt-

2282 3657 2458 3728 glecto
2493 3663 2739 3712 creatore
2769 3653 3090 3709 servierunt
3121 3658 3390 3713 emtum,
3425 3646 3535 3703 deos

2283 3724 2572 3803 stituentes
2629 3760 2767 3817 quos
2795 3744 3041 3800 colerent
3081 3744 3149 3799 ad
3200 3739 3434 3812 iniuriam
3470 3731 3583 3790 Dei?
3605 3724 3741 3817 Idcirco

2284 3837 2569 3894 laetabatur
2601 3813 2665 3891 in
2682 3836 2801 3891 istis
2835 3833 3107 3898 diabolus,
3131 3832 3253 3903 quia
3279 3827 3474 3885 videbat
3495 3821 3591 3877 illos
3620 3813 3740 3871 itaita-

2286 3937 2435 3985 tores
2475 3928 2558 3984 sui
2586 3926 2827 3983 eti‘ectos.
2857 3924 2991 3981 Nam
3024 3935 3083 3982 et
3132 3924 3306 3981 Thare
3336 3928 3474 3992 pater
3493 3910 3679 3971 Abrahz.
3707 3909 3742 3956 ει

2285 4021 2521 4087 Nacllor,
2567 4028 2625 4076 et
2669 4018 2855 4075 Laban
2906 4018 3161 4089 proprios
3204 4014 3331 4071 deos
3375 4010 3467 4067 sibi
3494 4000 3741 4089 vindicM‘

2288 4110 2443 4183 (Gen.
2481 4127 2578 4176 XI;
2627 4109 2759 4165 Gen.
2809 4088 2993 4179 xxxv).
3027 4108 3099 4163 Et
3118 4114 3386 4177 peccatum
3406 4099 3514 4155 Ade
3544 4088 3741 4183 noulonso

2287 4174 2371 4259 est
2398 4202 2467 4256 ab
2493 4174 2790 4255 idololatria
2817 4217 2829 4252 :
2862 4174 3241 4268 praevaricavit
3270 4192 3402 4250 enim
3430 4198 3589 4260 putans
3613 4193 3655 4234 se

2288 4292 2490 4348 minem
2534 4290 2774 4346 futurum
2803 4263 2991 4347 Deum.
3033 4284 3343 4343 Estimavit
3367 4281 3493 4336 enim
3514 4277 3597 4331 hoc
3629 4263 3740 4334 ωιείε

2288 4382 2630 4452 Promuler
2653 4380 2796 4451 quod
2832 4378 3084 4435 diabolus
3124 4374 3311 4440 suasit,
3339 4383 3484 4442 quam
3511 4355 3740 4452 quodiis“

610 4480 663 4535 di
704 4479 949 4535 sciebant
973 4478 1240 4548 opilicem,
1404 4450 1790 4545 requisiturum
1827 4450 1936 4533 non
1983 4477 2185 4534 debue-
2217 4461 2265 4520 D
2285 4450 2466 4547 iussit,
2487 4475 2543 4530 in
2560 4450 3075 4529 locoibeidiaholum
3090 4450 3739 4548 statuens:undetttSlll’llif“Is

609 4577 729 4623 rant
753 4536 1036 4638 ignorare}
1056 4536 1261 4637 Quippe
1286 4536 1669 4633 cumedoma
1698 4565 2071 4622 etiGomorrha
2093 4582 2192 4637 per
2285 4536 2375 4623 est
2394 4536 2628 4623 diabolo.
2660 4564 2928 4621 Similiter
2971 4571 3026 4619 et
3055 4563 3110 4618 lli
3162 4567 3478 4627 transgresso
3523 4548 3626 4607 Deo,
3659 4536 3738 4592 ἆσαι

609 4662 783 4731 ignem
807 4658 1125 4730 adjudicaue
1151 4659 1261 4713 sint
1283 4658 1549 4729 deperire,
1573 4658 1716 4727 quod
1742 4657 1940 4713 oblivio
1961 4665 2185 4722 texerat,

610 4752 819 4824 Moyses
854 4758 1036 4806 autem
1067 4757 1127 4804 ut
1164 4749 1407 4804 llrtnaret
1431 4751 1598 4805 Deum
1615 4750 1853 4820 iudicem
1883 4748 2020 4816 fore,
2053 4750 2189 4817 scri-

608 4845 783 4903 bendo
833 4840 1217 4900 lnnnifestavit.
1260 4840 1369 4896 Sed
1412 4855 1535 4896 cum
1577 4840 1943 4911 praetermisso
1969 4839 2080 4896 Deo
2117 4840 2184 4896 ll-

607 4946 823 5011 glnenta
867 4940 1148 5006 cmperunt
1189 4932 1244 4988 in
1296 4932 1558 4987 honorem
1604 4931 1864 5001 recipere,
1908 4932 2185 5002 depravati

609 5039 809 5092 mente,
840 5036 1048 5099 partem
1076 5024 1209 5095 legis
1234 5022 1519 5089 naturalis,
1552 5038 1672 5094 quae
1691 5024 1867 5092 prima
1894 5031 1997 5089 est,
2013 5022 2188 5079 calca-

608 5128 822 5177 verunt.
855 5117 990 5184 Quia
1026 5116 1112 5172 lex
1155 5113 1416 5170 naturalis
1452 5120 1563 5168 tres
1598 5114 1761 5169 habet
1793 5122 1996 5184 partes,
2034 5112 2188 5184 cujus

611 5211 784 5282 prima
815 5209 933 5264 haec
972 5215 1077 5272 est,
1112 5216 1172 5262 ut
1208 5204 1427 5277 agnitus
1471 5204 1768 5261 bonoretur
1806 5214 2040 5271 creator,
2085 5219 2187 5261 nec

611 5303 727 5374 eius
754 5301 973 5358 claritas
1005 5308 1060 5356 et
1087 5298 1342 5368 maiestas
1380 5296 1540 5353 alicui
1570 5297 1636 5353 de
1668 5297 1933 5354 creaturis
1960 5297 2183 5368 depute-

612 5406 741 5457 tur:
779 5394 1014 5476 secunda
1065 5402 1242 5448 autem
1292 5406 1418 5461 pars
1461 5399 1545 5446 est
1573 5390 1808 5454 moralis,
1840 5390 1945 5446 lloc
1984 5399 2089 5457 est,
2129 5400 2189 5447 ut

612 5483 750 5542 bene
776 5486 1008 5551 vivatur,
1044 5484 1310 5540 modestia
1337 5482 1673 5554 gubernante
1711 5499 1725 5536 :
1766 5482 2018 5553 congruit
2042 5482 2187 5541 enim

2285 4670 2550 4717 creaturte
2594 4657 2859 4722 serviunt,
2906 4665 3135 4728 peccant
3179 4651 3332 4709 simili
3376 4644 3542 4707 modo,
3573 4639 3739 4728 non“?

2287 4757 2449 4823 dem;
2506 4754 2634 4826 quia
2687 4724 2982 4808 similitudo
3026 4750 3167 4810 solet
3222 4747 3409 4803 habere
3436 4731 3603 4806 εὶίιιιιίά

2287 4819 2572 4906 ιιιίιθξΝέο
2609 4846 2756 4901 enim
2798 4851 2979 4916 potest
3026 4842 3175 4906 dici,
3227 4838 3346 4911 quia
3384 4841 3436 4888 et
3486 4828 3533 4883 lli
3566 4819 3738 4916 qui

2285 4949 2500 5010 ceptum
2554 4906 2880 5008 acceperunt
2932 4949 3039 4990 non
3096 4906 3282 4990 edendi
3331 4928 3392 4984 de
3423 4921 3604 4981 arbore.
3651 4906 3740 5010 ξδαξί

2286 4998 2456 5087 Adam
2482 4998 2723 5093 fuerunt,
2738 5028 2828 5099 qui
2851 5030 3210 5097 peccaverunt
3232 5036 3331 5078 non
3352 4998 3735 5099 pravaricatollet’:

2286 5119 2459 5177 sedili
2504 5119 2622 5190 lege
2668 5094 2925 5173 naturali.
2969 5116 3072 5184 Qui
3116 5113 3255 5170 enim
3297 5103 3547 5165 intellexit,

2289 5213 2512 5269 traduce
2539 5252 2555 5277 ,
2611 5211 2726 5266 sive
2779 5208 2980 5264 indicio
3028 5204 3293 5269 naturali,
3338 5207 3390 5254 et
3428 5194 3657 5277 veneratus
3686 5178 3740 5277 ξεί

2292 5302 2484 5369 Deum,
2532 5269 2663 5357 nulli
2711 5297 3169 5356 honoriﬁcentiam
3214 5289 3430 5350 nominis
3474 5297 3530 5337 ac

2294 5356 2366 5450 tis
2382 5356 2507 5463 eius
2533 5391 2874 5461 impertiens,
2905 5390 2951 5445 si
2973 5387 3232 5461 peccavit,
3259 5382 3374 5453 quia
3399 5363 3662 5444 ίιιψοθείδίιε
3686 5356 3739 5463 εξ

2294 5500 2403 5541 non
2417 5456 2682 5555 peccare,
2716 5485 2820 5539 sub
2847 5456 2961 5539 Deo
2975 5456 3245 5554 peccavit,
3261 5488 3361 5530 non
3389 5470 3437 5524 in
3460 5466 3613 5520 Deum.
3632 5456 3739 5520 qua“

687 5632 714 5660 ³
921 5620 1276 5691 quarumdam
1318 5617 1741 5691 pmmsilionum
1785 5631 1850 5678 cx
1894 5617 2063 5691 Epist.
2106 5618 2171 5676 ad
2205 5617 2362 5676 Rom.
2404 5616 2463 5676 S.
2514 5616 2794 5689 Augustini
2843 5613 3243 5687 expositionem.
3289 5612 3468 5663 nostra:
3510 5574 3737 5649 Ρλιωιοιίπ

620 5699 749 5744 tuin.
773 5687 991 5757 XXXV,
1021 5690 1123 5747 col.
1153 5687 1332 5756 9.067,
1353 5688 1514 5744 2068.
1552 5687 1709 5742 Eutr.
