3998 6202
281 283 411 339 1581

812 266 1368 343 ENARRATIONUM
1406 283 1473 340 ΙΝ
1510 284 1660 341 EPP.
1703 285 1911 343 PAULI
1951 285 2080 342 LIB.
2120 286 2205 343 lll.
2238 309 2311 320 —
2348 286 2417 342 IN
2455 287 2676 345 EPIST.
2710 289 2806 345 AD
2841 289 3012 349 BOM.

3407 295 3543 356 138⁸2

274 404 508 474 indicem
532 400 740 457 sensit:
769 399 998 470 ideoque
1018 400 1071 456 in
1097 376 1406 472 huiusmodi
1444 418 1592 459 mors
1632 417 1740 458 non
1771 418 1859 458 re—
1885 409 1934 467 Α
1962 404 2195 458 tudinem
2245 403 2443 475 (Exod.
2490 396 2621 478 xx).
2646 406 2782 461 Data
2815 407 2983 477 igitur
3029 408 3110 462 lex
3151 417 3257 473 est,
3290 425 3360 467 ne
3394 426 3544 468 mors

274 492 463 567 gnavit
491 509 505 546 :
537 491 590 546 in
628 491 729 545 hos
777 498 960 545 autem
987 490 1130 545 sicut
1167 492 1277 547 dixi
1320 494 1586 563 regnavit,
1634 495 1725 564 qui
1761 495 1863 552 sub

277 581 461 650 specie
502 579 768 635 idolorum
800 580 1106 634 servierunt
1135 580 1372 636 diabolo.
1398 582 1690 653 Propterea
1721 584 1864 654 quod

252 673 343 727 lex
397 672 452 726 in
509 671 840 726 auctoritate
886 687 995 726 non
1050 682 1169 726 erat
1219 674 1580 747 promulgata,
1627 674 1862 746 judicem

278 765 446 820 Deum
477 764 795 832 praesentire
836 764 1211 832 nequiverunt.
1263 764 1493 820 Maxima
1523 780 1651 836 pars
1680 766 1865 819 mundi

268 854 443 910 Deum
500 852 616 908 fore
662 866 783 909 esse
832 854 1070 925 judicem
1119 854 1422 924 ignorabat,
1477 855 1731 924 perpauci
1765 870 1865 909 au-

276 957 384 1001 tem
413 946 466 999 in
506 960 643 1014 quos
670 958 776 998 non
818 945 1061 1015 regnavit
1092 960 1267 1011 mors;
1319 945 1372 999 in
1402 960 1540 1014 quos
1567 954 1745 998 autem
1782 959 1866 999 rc-

275 1038 478 1108 guavit,
512 1043 633 1106 post
669 1034 826 1090 istam
857 1044 1107 1100 mortem,
1135 1048 1255 1104 qua:
1273 1034 1448 1104 prima
1482 1032 1698 1100 dicitur,
1729 1050 1758 1088 a
1781 1050 1866 1089 se-

275 1130 452 1185 cunda
481 1127 692 1198 excepti
733 1135 859 1182 sunt
907 1127 974 1182 ad
1004 1142 1219 1198 pinnam
1251 1136 1306 1181 et
1328 1116 1685 1197 perditionem
1712 1125 1864 1181 Iutu-

276 1234 412 1274 ram:
429 1219 631 1288 inquos
647 1228 825 1272 autem
846 1232 950 1272 non
968 1218 1232 1288 regnavit,
1252 1232 1375 1287 quia
1389 1232 1493 1272 non
1510 1230 1869 1287 peccaverunt

270 1308 330 1363 iu
360 1307 770 1363 similitudinem
793 1304 1259 1377 praavaricationis
1276 1296 1423 1372 Adae,
1443 1306 1544 1361 sub
1564 1322 1659 1376 spe
1688 1322 1867 1362 reser-

269 1398 385 1456 vati
415 1407 542 1455 sunt
567 1400 821 1455 adventui
850 1397 1149 1454 Salvatoris
1177 1399 1231 1452 in
1266 1398 1644 1464 liberationem
1674 1413 1688 1452 :
1729 1399 1867 1453 sicut

269 1490 469 1564 legitur
482 1494 547 1547 de
568 1492 866 1556 Abraham,
886 1491 1009 1561 quia
1031 1491 1280 1561 quamvis
1295 1492 1434 1562 apud
1452 1490 1653 1546 inferos
1672 1486 1865 1558 fuerit,

203 1584 215 1593 ’
266 1587 542 1642 discretus
600 1591 778 1637 tamen
820 1581 979 1653 longo
1019 1581 1302 1637 intervallo
1349 1587 1454 1648 est,
1497 1583 1570 1637 ita
1620 1592 1681 1636 ut
1705 1582 1869 1638 chaos

266 1685 422 1733 esset
467 1675 658 1745 ingens
683 1674 826 1727 inter
845 1671 1025 1740 justos
1045 1682 1100 1727 et
1121 1680 1438 1744 peceatores
1467 1670 1616 1744 (Luc.
1641 1672 1777 1741 xvi).
1810 1670 1865 1727 Si

1965 505 2240 567 regnaret,
2267 505 2328 551 ut
2349 497 2566 553 abolitis
2592 500 2832 569 peccatis
2857 500 3151 570 prioribus,
3175 503 3265 557 uni
3297 503 3407 560 Deo
3450 507 3544 564 ob.

1964 590 2287 645 secundarct
2306 605 2477 661 genus
2507 592 2820 648 humanum.
2852 593 3004 649 Unde
3024 594 3128 649 alio
3155 593 3274 650 loco
3302 597 3442 652 idem
3465 598 3543 653 di-

1963 678 2039 732 cit
2056 676 2345 748 Apostolus
2381 697 2394 732 :
2445 679 2568 734 Non
2597 692 2769 751 regnet
2798 693 3067 753 peccatum
3102 684 3154 738 in
3195 696 3359 740 vestro
3407 704 3549 742 mor-

1964 768 2060 822 tali
2106 782 2339 839 corpore,
2376 780 2432 824 ut
2462 772 2712 827 obediatis
2770 775 2817 828 ei
2862 775 3040 845 (Rom.
3085 777 3203 849 v1):
3245 792 3350 846 quo
3402 780 3548 834 dicto

1965 859 2200 914 ostendit
2223 861 2384 914 etiam
2415 877 2559 916 nunc
2579 877 2805 933 regnare
2848 876 3103 933 mortem,
3128 867 3174 922 si
3197 867 3285 922 lex
3308 878 3551 925 contem-

1964 958 2144 1005 natur.
2174 949 2314 1017 Quid
2343 952 2485 1007 enim
2539 968 2765 1024 regnum
2805 958 2994 1011 mortis
3026 967 3126 1024 est,
3180 961 3284 1016 nisi
3315 977 3437 1015 cum
3488 962 3548 1017 tit

1922 1118 1929 1123 .
1968 1040 2215 1095 voluntas
2229 1043 2366 1113 ejus,
2391 1043 2518 1097 dum
2542 1043 2793 1115 imperat,
2813 1047 2879 1101 ad
2904 1048 3199 1118 perniciem
3222 1051 3547 1119 obedientis,

1968 1130 2344 1205 cujnsimperii
2370 1134 2617 1190 voluntas
2645 1146 2807 1207 caput
2822 1148 2900 1192 est
2919 1140 3258 1197 idololatrize?
3271 1143 3337 1198 Et
3360 1153 3540 1201 tamen

1969 1222 2047 1277 sic
2074 1225 2447 1294 praescribitur
2496 1226 2653 1281 nobis
2682 1229 2749 1281 de
2790 1229 2994 1284 Grmcis
3043 1233 3344 1301 codicibus,
3392 1237 3549 1306 quasi

1969 1328 2075 1367 non
2103 1313 2202 1383 ipsi
2232 1314 2300 1369 ab
2328 1315 2555 1369 invicem
2606 1317 2911 1386 discrepent
2939 1336 2952 1372 :
2985 1322 3127 1390 quod
3156 1321 3287 1378 facit
3314 1327 3548 1380 studium

1970 1403 2388 1465 contemptionis
2413 1403 2844 1478 [contentionis].
2870 1406 3007 1473 Quia
3029 1410 3172 1463 enim
3187 1413 3403 1482 prepria
3430 1415 3552 1484 quis

1971 1493 2294 1547 auctoritate
2325 1493 2403 1546 uti
2429 1509 2535 1548 non
2571 1504 2749 1566 potest
2776 1497 2843 1551 ad
2866 1497 3172 1565 victoriam,
3202 1503 3365 1556 verba
3416 1503 3550 1574 legis

1971 1583 2256 1649 adulterat,
2288 1592 2349 1638 ut
2372 1600 2589 1641 sensum
2615 1602 2771 1641 suum
2801 1591 2955 1658 quasi
2975 1594 3137 1647 verba
3160 1593 3292 1664 legis
3319 1607 3549 1663 asserat;

1969 1686 2031 1729 ut
2066 1689 2170 1730 non
2198 1676 2357 1741 ratio,
2412 1679 2506 1733 sed
2539 1680 2839 1736 auctoritas
2887 1684 3243 1751 prmscribere
3280 1686 3548 1743 videatur.

273 1764 613 1836 iuterjustos
638 1772 693 1820 et
713 1773 1028 1836 peccatores
1068 1764 1234 1819 chaos
1265 1763 1456 1834 ingens
1483 1771 1622 1831 erat,
1663 1772 1868 1833 quanto
1901 1758 1944 1817 B
1975 1764 2200 1819 Constat
2257 1776 2439 1820 autem
2491 1768 2594 1823 hoc
2646 1784 2744 1839 per
2771 1773 3030 1841 quosdam
3066 1773 3288 1830 Latinos
3343 1778 3410 1831 de
3457 1794 3548 1834 ve-

274 1850 606 1928 magisiiiter
628 1857 841 1927 impios,
858 1855 1085 1926 utjustis
1114 1862 1261 1911 esset
1286 1854 1627 1924 refrigerium
1656 1862 1709 1909 et
1736 1870 1863 1925 pec-

279 1946 552 2002 catoribus
569 1955 754 2012 aestus,
783 1946 962 2015 impiis
988 1961 1117 2001 vero
1158 1946 1341 2011 ardor,
1372 1956 1432 2001 ut
1458 1956 1583 2001 ante
1604 1945 1865 2017 judicium

278 2036 404 2107 quid
426 2037 715 2106 unicuique
737 2035 956 2108 dignum
981 2043 1125 2091 esset
1148 2051 1252 2090 non
1283 2035 1521 2091 lateret?
1541 2036 1616 2092 Ac
1646 2051 1743 2106 per
1765 2037 1867 2092 hoc

278 2129 539 2199 regnabat
569 2129 623 2183 iu
647 2143 742 2184 eos
774 2144 943 2194 mors,
975 2130 1098 2199 quia
1120 2127 1340 2184 videbat
1362 2144 1525 2199 opera
1551 2116 1864 2185 subtilitatis

274 2233 389 2275 sua:
410 2217 705 2292 proiecisse
724 2223 804 2277 eis
823 2222 889 2276 ad
904 2237 1117 2292 pinnam
1133 2223 1285 2291 quasi
1314 2222 1569 2277 inimicis.
1588 2220 1703 2277 Non
1719 2224 1865 2279 enim

276 2316 437 2371 latuit
461 2315 611 2371 illum
638 2316 707 2369 ad
726 2315 829 2370 hoc
850 2314 1051 2369 factum
1066 2316 1340 2370 hominem
1357 2316 1410 2370 in
1433 2300 1652 2382 mundo,
1681 2325 1741 2370 ut
1768 2315 1868 2370 im-

276 2404 491 2475 perium
518 2405 677 2461 unius
700 2405 796 2460 Dei
828 2405 1170 2474 przeJicaret,
1198 2406 1341 2476 quod
1370 2408 1755 2477 praevaricatus
1783 2414 1867 2461 est

277 2497 532 2553 Satanas.
560 2498 641 2553 Ac
662 2498 707 2552 si
732 2500 787 2553 in
809 2496 1000 2554 Graeco
1024 2512 1132 2555 non
1164 2499 1239 2554 ita
1264 2508 1483 2555 cautum
1507 2499 1719 2555 dicatur
1746 2517 1759 2554 :
1785 2500 1865 2556 sic

276 2593 425 2647 enim
470 2591 673 2647 dicitur
695 2592 980 2662 scriptum,
1031 2592 1195 2646 etiam
1233 2593 1288 2646 in
1312 2608 1407 2648 eos
1436 2608 1694 2665 regnasse
1722 2606 1867 2647 mor-

279 2692 414 2749 tem,
442 2683 533 2752 qui
563 2698 668 2738 non
695 2693 1061 2753 peccaverunt
1082 2684 1138 2738 in
1165 2684 1570 2740 similitudinem
1603 2686 1865 2756 praevari-

279 2774 514 2830 cationis
541 2773 690 2830 Adae.
706 2775 900 2831 Totum
927 2775 1074 2830 enim
1099 2776 1188 2831 hic
1209 2776 1522 2848 complexus
1544 2778 1777 2842 videtur,
1808 2785 1871 2832 ut

277 2867 410 2938 quia
438 2882 605 2933 mors,
635 2868 688 2923 id
719 2875 803 2923 est
831 2868 1134 2935 dissolutio,
1161 2884 1261 2940 per
1299 2869 1559 2927 invidiam
1612 2870 1753 2927 facta
1783 2880 1867 2927 est

278 2958 506 3023 diaboli,
529 2959 662 3015 etin
693 2973 787 3014 eos
807 2959 899 3028 qui
921 2974 1027 3014 non
1052 2956 1868 3032 peccaveruntregnassemor-

282 3057 392 3106 tem
422 3050 585 3115 dicat,
632 3032 938 3105 moriuntur
965 3050 1135 3115 enim,
1164 3050 1308 3121 quod
1346 3034 1463 3103 voti
1507 3057 1592 3104 est
1629 3048 1862 3103 Satanae.

279 3139 437 3208 Quod
484 3140 529 3194 si
572 3110 764 3196 verum
798 3146 966 3205 esset,
1007 3110 1132 3194 non-
1168 3110 1407 3209 oportuit
1432 3138 1540 3193 dici
1573 3156 1586 3192 :
1615 3137 1865 3208 Regnavit
1895 3110 1940 3172 (δ

281 3248 425 3288 mors
456 3235 522 3287 ab
566 3230 735 3286 Adam
765 3248 930 3304 usque
960 3232 1029 3286 ad
1074 3230 1308 3302 Moysen,
1338 3231 1382 3286 si
1414 3231 1480 3286 ab
1512 3231 1668 3285 initio
1699 3246 1868 3301 usque

283 3325 353 3378 ad
379 3324 542 3379 tinem
563 3331 755 3395 regnat
774 3324 827 3377 in
854 3338 1043 3379 omnes
1069 3338 1084 3377 :
1127 3331 1222 3378 aut
1246 3323 1381 3378 forte
1407 3322 1607 3394 gradus
1636 3321 1783 3386 Fecit,
1813 3331 1869 3378 ut

281 3416 357 3470 ah
404 3416 572 3474 Adam
609 3428 780 3484 usque
830 3415 897 3469 ad
946 3405 1164 3487 Moysen
1208 3415 1531 3486 regnaverit,
1557 3413 1870 3486 etallloyse

285 3522 461 3576 usque
488 3506 555 3562 ad
585 3506 890 3573 Christum;
922 3521 951 3561 a
979 3505 1194 3562 Christo
1220 3522 1349 3561 vero
1392 3523 1563 3577 usque
1591 3507 1657 3561 ad
1684 3507 1866 3583 ﬁnem,

281 3607 349 3652 ut
371 3596 439 3651 ad
470 3611 631 3665 quam
661 3595 945 3650 utilitatem
976 3597 1094 3650 bace
1138 3594 1341 3650 locutio
1390 3593 1699 3663 proliceret,
1746 3608 1869 3648 cum

283 3700 388 3742 nec
401 3686 481 3741 sic
503 3685 715 3740 locutus
726 3685 1003 3755 probetur.
1024 3684 1169 3739 Dixit
1185 3684 1330 3739 enim
1357 3702 1369 3737 :
1392 3683 1467 3738 Ab
1490 3684 1660 3737 Adam
1685 3700 1871 3754 regna-

282 3776 358 3831 vit
387 3793 526 3830 mors
563 3791 725 3846 usque
751 3774 819 3828 ad
852 3774 1088 3845 Moysen,
1117 3782 1339 3844 propter
1360 3773 1502 3843 quod
1517 3772 1603 3828 lex
1625 3788 1731 3828 non
1754 3779 1872 3828 erat

285 3864 657 3931 manifestata,
704 3870 764 3919 ut
793 3865 916 3918 data
944 3865 1060 3935 lege
1094 3864 1194 3920 sub
1218 3865 1541 3919 auctoritate
1587 3865 1705 3935 ejus
1726 3862 1873 3917 vive-

284 3966 429 4023 rent,
481 3957 717 4012 scientes
759 3953 886 4024 quid
930 3964 1206 4020 caverent,
1266 3970 1333 4010 ne
1378 3965 1633 4025 regnaret
1668 3955 1721 4007 in
1777 3966 1871 4007 eos

287 4066 457 4105 mors.
512 4051 681 4122 igitur
723 4051 815 4120 qui
869 4057 993 4105 ante
1045 4048 1216 4121 legem
1267 4048 1370 4103 hoc
1406 4048 1645 4104 servavit
1674 4056 1868 4102 natura

285 4142 816 4212 duce-quod’postea
845 4140 929 4196 lex
953 4140 1247 4207 mandavit,
1278 4141 1521 4210 nunquid
1547 4148 1723 4211 potest
1762 4140 1868 4195 dici

284 4238 416 4308 quia
461 4251 608 4292 mors
635 4238 881 4308 regnavit
923 4235 977 4289 in
1006 4235 1163 4289 eum?
1216 4250 1341 4289 nam
1373 4233 1496 4287 vide
1541 4233 1670 4305 quid
1697 4233 1763 4288 de
1804 4247 1871 4287 eo

285 4331 549 4399 scriptum
564 4330 635 4383 sit
664 4343 679 4383 :
710 4325 1014 4394 Peccatum,
1038 4327 1229 4397 inquit,
1250 4342 1351 4380 non
1375 4324 1733 4395 imputabatur
1752 4339 1869 4377 cum

285 4420 374 4474 lea:
398 4436 499 4474 non
526 4429 679 4485 esset,
713 4428 768 4473 et
789 4415 1006 4487 adjecit,
1084 4417 1175 4471 sed.
1201 4416 1427 4486 regnavit
1450 4431 1589 4469 mors
1611 4414 1675 4468 ab
1699 4413 1869 4466 Adam

285 4527 453 4583 usque
483 4511 553 4564 ad
606 4510 839 4581 Moysen,
876 4524 942 4564 eo
972 4508 1155 4578 utique
1206 4516 1466 4576 tempore,
1506 4520 1613 4573 quo
1642 4502 1724 4558 lex
1762 4517 1869 4557 non

284 4612 447 4660 erat:
478 4617 535 4659 et
564 4603 836 4667 convenit,
866 4610 927 4657 ut
975 4602 1102 4673 quia
1161 4608 1447 4669 antequam
1502 4597 1585 4650 lex
1630 4595 1869 4661 daretur,

288 4710 441 4754 mors
465 4695 730 4767 regnavit,
766 4696 816 4749 in
847 4709 940 4749 eos
968 4704 1224 4764 regnasse
1246 4691 1479 4754 dicatur,
1525 4688 1614 4759 qui
1632 4702 1875 4758 peccave-

286 4784 414 4846 runt
439 4791 493 4845 in
513 4786 909 4843 similitudinem
924 4782 1369 4856 praevaricationis
1385 4780 1534 4845 Adte,
1554 4779 1692 4834 sicut
1709 4791 1871 4848 supra

288 4878 735 4936 memoravimus.
789 4873 941 4929 Sicut
970 4872 1116 4928 enim
1156 4879 1278 4942 post
1326 4870 1509 4924 datam
1556 4866 1727 4938 legem
1780 4865 1873 4937 qui

290 4974 657 5037 fornicationi,
685 4980 782 5043 aut
810 4968 968 5026 idolis
988 4967 1313 5030 servierunt,
1344 4968 1754 5020 contemnentes
1800 4960 1875 5016 le-

291 5067 628 5139 gislatorem,
672 5061 921 5134 regnavit
978 5059 1033 5114 in
1087 5072 1182 5112 eos
1228 5071 1409 5121 mors;
1458 5055 1531 5109 ita
1553 5062 1605 5108 et
1642 5059 1767 5107 ante
1794 5050 1876 5105 le-

288 5172 416 5229 gem
452 5157 545 5226 qui
593 5169 810 5210 sensum
844 5153 978 5225 legis
1019 5154 1418 5223 praesenserant
1458 5144 1877 5202 honoriﬁcantes

288 5255 571 5302 auctorem
607 5245 741 5316 ejus,
793 5259 903 5299 non
951 5242 1137 5312 utique
1180 5240 1423 5311 regnavit
1446 5239 1501 5293 in
1559 5251 1653 5294 eos
1678 5250 1826 5292 mors
1860 5251 1874 5289 :

292 5344 582 5410 propterea
602 5336 748 5389 enim
774 5346 1033 5405 regnasse
1054 5332 1272 5397 dicitur,
1300 5330 1426 5402 quia
1454 5324 1695 5400 cognitio
1720 5326 1879 5381 unius

294 5429 391 5487 Dei
418 5416 715 5483 evanuerat
739 5427 793 5481 iu
831 5425 1012 5482 terris.
1050 5424 1291 5494 Denique
1318 5424 1395 5478 sic
1417 5421 1583 5492 etrapit
1616 5419 1741 5474 data
1769 5418 1877 5473 lex:

298 5521 346 5578 Ε
347 5538 412 5592 go
424 5520 757 5588 sum,inquit,
767 5519 1019 5572 Dominus
1037 5517 1174 5572 Deus
1188 5514 1425 5587 tuus,qui
1434 5515 1592 5569 eduxi
1604 5521 1653 5566 te
1666 5511 1730 5566 de
1742 5520 1881 5566 terra

294 5612 538 5689 Egypti,
554 5610 623 5665 de
638 5611 792 5664 domo
815 5608 1079 5663 servitutis
1098 5621 1114 5661 .'
1146 5592 1417 5662 nouerunt
1435 5603 1529 5659 tibi
1548 5598 1625 5656 dii
1638 5600 1735 5655 alii
1751 5616 1884 5671 prce-

292 5706 499 5773 ter‘me,
541 5711 595 5762 et‘
619 5716 725 5760 non
746 5699 908 5773 [acies
932 5697 1024 5757 tibi
1054 5696 1277 5766 idolum,
1313 5710 1475 5768 neque
1501 5691 1666 5748 ullam
1697 5691 1885 5750 simili-

1970 1855 2176 1911 teribus
2220 1856 2425 1912 Gramis
2473 1860 2765 1916 translatos
2813 1863 3112 1930 codicibus,
3142 1881 3276 1936 quos
3302 1868 3555 1924 incorru-

1967 1956 2093 2018 ptos
2119 1949 2437 2019 simplicitas
2463 1963 2765 2022 temporum
2801 1956 3039 2010 servavit
3058 1965 3111 2011 et
3138 1961 3331 2027 probat
3356 1978 3369 2013 :
3400 1972 3545 2032 post-

1968 2057 2132 2112 quam
2160 2052 2342 2098 autem
2370 2059 2401 2097 a
2445 2045 2733 2099 concordia
2786 2038 2982 2102 animis
3029 2049 3443 2116 discedentibus,
3500 2061 3558 2109 et

1968 2130 2235 2186 inereticis
2256 2134 2699 2202 perturbantibus
2720 2139 2958 2207 torqueri
2975 2141 3361 2208 quaestionibus
3377 2156 3557 2215 empe-

1966 2229 2109 2286 runt,
2138 2221 2307 2277 multa
2337 2223 2618 2279 immutata
2645 2234 2768 2282 sunt
2800 2228 2867 2282 ad
2897 2244 3116 2285 sensum
3150 2233 3465 2299 humanum,
3495 2243 3557 2290 ut

1965 2312 2070 2368 hec
2119 2313 2491 2369 contineretur
2521 2314 2574 2369 in
2606 2315 2803 2371 litteris
2826 2319 2970 2388 quod
3018 2320 3220 2376 homini
3254 2322 3550 2393 videretur;

1965 2400 2108 2456 unde
2127 2413 2181 2457 et
2212 2401 2313 2472 ipsi
2338 2400 2511 2458 Graeci
2538 2403 2782 2460 diversos
2807 2408 3021 2464 codices
3061 2410 3281 2466 habent.
3312 2410 3426 2468 lloc
3453 2428 3553 2469 au-

1966 2501 2077 2547 tem
2105 2507 2293 2547 verum
2346 2494 2608 2561 arbitror,
2642 2497 2857 2565 quando
2878 2506 2935 2553 et
2960 2500 3099 2555 ratio
3135 2509 3190 2556 et
3220 2501 3468 2568 historia,
3499 2511 3557 2559 et

1968 2583 2263 2639 auctoritas
2304 2585 2627 2641 observatur
2657 2596 2689 2641 :'
2725 2602 2849 2643 nam
2893 2589 3053 2646 hodie
3099 2606 3219 2661 quze
3265 2590 3318 2647 in
3347 2592 3556 2651 Latinis

1967 2675 2438 2745 reprehenduntur
2468 2678 2771 2746 codicibus,
2801 2680 2881 2735 sic
2908 2680 3258 2737 inveniuntur
3295 2700 3326 2738 a
3352 2686 3555 2741 veteri-

1967 2758 2069 2823 bus
2094 2770 2292 2839 posita,
2318 2770 2667 2837 Tertulliano,
2695 2772 2994 2842 Victorino,
3027 2784 3083 2831 et
3113 2776 3403 2850 Cypriano.
3434 2779 3557 2835 Pri-

1969 2872 2117 2915 mqu
2156 2861 2301 2915 enim
2349 2861 2405 2915 in
2444 2859 2627 2917 Judaea
2658 2864 2824 2935 cmpit
2847 2866 3051 2921 destrui
3083 2883 3307 2939 regnum
3340 2871 3552 2937 mortis,

1969 2952 2096 3021 quia
2134 2964 2287 3007 notus
2336 2954 2393 3007 in
2436 2953 2629 3009 Judwa
2666 2954 2809 3010 Deus
2844 2955 3020 3029 (Psal.
3047 2957 3244 3030 Lxxv);
3291 2976 3435 3016 nunc
3464 2977 3558 3017 au-

1973 3049 2079 3095 tem
2131 3041 2184 3095 in
2217 3042 2470 3099 omnibus
2519 3045 2771 3115 gentibus
2802 3048 3041 3116 quotidie
3069 3051 3386 3119 destruitur,
3426 3053 3554 3109 dum

1972 3151 2164 3207 magna
2185 3152 2250 3191 ex
2277 3144 2433 3207 parte
2461 3153 2528 3193 ex
2555 3137 2679 3195 ﬁliis
2717 3139 2912 3196 diaboli
2939 3141 3075 3197 ﬁunt
3106 3142 3197 3197 lilii
3225 3143 3340 3200 Dei.
3369 3143 3557 3216 Itaque

1972 3226 2157 3280 nonin
2186 3234 2375 3281 omnes
2397 3230 2644 3298 regnavit
2670 3246 2838 3298 mors,
2882 3232 2975 3287 sed
3006 3233 3059 3288 in
3094 3250 3188 3289 eos
3229 3236 3318 3305 qui
3365 3252 3557 3306 pecca-

1974 3324 2170 3372 verunt
2202 3316 2257 3370 in
2288 3317 2693 3374 similitudinem
2728 3321 3187 3390 przevaricationis
3234 3324 3385 3393 Adm,
3417 3327 3560 3382 sicut

1976 3424 2143 3480 supra
2193 3411 2513 3465 memoravi.
2563 3410 2734 3466 Adam
2792 3423 2972 3468 autem
3024 3414 3145 3470 ideo
3180 3413 3354 3473 forma
3392 3416 3558 3474 futuri

1973 3511 2074 3568 est,
2102 3503 2227 3574 quia
2259 3504 2372 3575 jam
2427 3510 2556 3560 tunc
2593 3505 2648 3559 in
2691 3507 2950 3577 mysterio
2990 3509 3229 3565 decrevit
3284 3510 3426 3566 Deus
3462 3526 3561 3581 per

1973 3614 2139 3653 unum
2188 3597 2462 3653 Christum
2505 3600 2814 3662 emendare,
2855 3601 2999 3669 quod
3040 3617 3137 3672 per
3186 3619 3353 3659 unum
3383 3603 3556 3658 Adam

1973 3702 2255 3760 peccatum
2285 3686 2424 3755 erat,
2454 3690 2594 3745 sicut
2617 3690 2729 3744 dixi
2759 3692 2811 3744 in
2847 3691 3165 3763 Apocalypsi
3188 3692 3410 3749 Joannis
3430 3710 3559 3764 apo-

1974 3787 2095 3841 stoli
2146 3785 2330 3857 (Apoc.
2355 3785 2488 3859 xvn)
2532 3802 2544 3837 :
2579 3784 2780 3853 Agnus,
2821 3782 3015 3851 inquit,
3046 3784 3137 3851 qui
3177 3784 3378 3841 accisus
3417 3794 3492 3838 est
3524 3802 3559 3839 α

1973 3877 2344 3932 constitutione
2374 3876 2577 3929 mundi.
2619 3873 2801 3946 (Aug)
2839 3872 3122 3942 Apostolus
3171 3872 3437 3942 prolixius
3489 3874 3559 3929 tle
3629 3902 3639 3912 ι

1949 3963 2184 4017 'duobus
2236 3952 2543 4015 hominibus
2592 3959 2830 4027 disputat
2872 3973 2980 4011 uno
3030 3957 3330 4026 eodemque
3382 3958 3558 4029 primo

1972 4052 2164 4118 Adam,
2214 4067 2310 4121 per
2366 4049 2519 4117 cujus
2588 4043 2866 4120 peccatum
2923 4056 2978 4103 et
3027 4056 3253 4102 mortem
3298 4056 3554 4119 tanquam

1976 4142 2334 4200 haereditariis
2365 4142 2521 4197 malis
2564 4140 2764 4212 posteri
2804 4140 2923 4211 ejus
2952 4138 3171 4210 obligati
3208 4153 3424 4199 sumus:
3478 4140 3557 4196 al-

1976 4248 2092 4291 tero
2135 4247 2314 4291 autem
2352 4238 2590 4291 secundo
2619 4235 2810 4299 Adam,
2843 4235 2934 4304 qui
2978 4250 3083 4289 non
3132 4234 3293 4289 homo
3324 4240 3555 4307 tantum,

1974 4328 2068 4383 sed
2095 4328 2256 4382 etiam
2284 4327 2425 4383 Deus
2450 4336 2552 4392 est,
2579 4341 2685 4396 quo
2709 4341 2807 4396 pro
2835 4326 2990 4380 nobis
3018 4324 3262 4380 solvente
3287 4323 3428 4395 quod
3450 4340 3557 4380 non

1975 4421 2228 4485 debebat,
2280 4435 2309 4472 a
2360 4417 2555 4473 debitis
2591 4426 2648 4471 et
2686 4412 2925 4486 paternis
2966 4423 3020 4470 et
3061 4414 3295 4485 propriis
3342 4413 3557 4471 liberati

1974 4498 2449 4570 sumus..Proiude
2493 4523 2629 4578 quos
2682 4516 2904 4577 propter
2955 4521 3120 4559 unum
3158 4503 3306 4559 illum
3345 4503 3555 4560 tenebat

1973 4604 2221 4660 diabolus
2251 4618 2437 4657 omnes
2466 4614 2561 4671 per
2587 4598 2703 4669 ejus
2723 4597 2968 4652 vitiatam
2996 4596 3268 4651 carnalem
3300 4597 3559 4667 concupi-

1973 4696 2235 4753 scentiam
2282 4704 2569 4766 generatos
2616 4690 2825 4760 justum
2871 4699 2975 4756 est,
3020 4699 3081 4744 ut
3140 4698 3363 4761 propter
3414 4689 3559 4763 hunc
3606 4692 3609 4695 ’

1974 4804 2142 4844 unum
2185 4787 2417 4842 dimittat
2452 4796 2640 4838 omnes
2668 4796 2765 4851 per
2792 4779 2960 4851 ipsius
3006 4779 3403 4834 immaculatam
3435 4793 3559 4850 gra-

1978 4874 2103 4933 tiam
2132 4885 2496 4949 regeneratus.
2527 4873 2583 4928 Si
2617 4870 2905 4943 Apostolus
2933 4869 3232 4924 imitatioue
3254 4870 3355 4924 hoc
3395 4866 3555 4922 intel-

1978 4970 2067 5042 ligi
2090 4967 2349 5024 voluisset
2370 4981 2467 5036 per
2490 4963 2762 5021 diabolum
2786 4961 2965 5033 potius
2986 4958 3267 5030 peccatum
3309 4957 3364 5011 in
3395 4972 3554 5010 mun-

1987 5064 2111 5117 dum
2134 5063 2336 5114 intrare
2357 5058 2600 5110 dixisset:
2620 5052 2685 5105 de
2707 5048 2922 5104 diabolo
2940 5046 3134 5114 quippe
3154 5042 3409 5112 scriptum
3427 5048 3543 5094 est:

1988 5154 2272 5211 Imitantur
2300 5164 2439 5213 eum,
2461 5148 2549 5214 qui
2579 5153 2699 5199 sunt
2724 5148 2951 5207 exparte
2969 5137 3135 5205 ipsius
3156 5132 3303 5205 (Sap.
3325 5130 3408 5202 tt).
3435 5128 3545 5186 Sed

1990 5248 2110 5306 ideo
2140 5260 2232 5315 per
2254 5258 2419 5298 unum
2451 5226 2723 5296 hominem
2752 5233 2907 5294 dixit.
2933 5245 2961 5284 a
3005 5242 3111 5296 quo
3144 5224 3420 5295 generatio
3445 5222 3546 5315 bo-

1982 5311 2187 5387 imnum
2215 5324 2402 5396 erepit,
2418 5330 2478 5377 ut
2490 5316 2999 5391 pergenerationem
3020 5314 3238 5370 doceret
3257 5324 3378 5369 esse
3389 5311 3553 5385 origi-

1984 5420 2107 5478 nale
2134 5423 2442 5489 peccatum,
2470 5420 2691 5483 propter
2737 5408 2839 5464 hoc
2879 5408 3014 5461 sicut
3046 5421 3136 5476 per
3181 5408 3343 5459 unum
3392 5404 3554 5459 Itami-

1986 5528 2103 5568 nem
2129 5510 2182 5565 in
2208 5509 2343 5562 hunc
2371 5503 2625 5559 mundum
2654 5509 2919 5572 peccatum
2945 5498 3177 5562 intravit,
3226 5507 3274 5553 et
3312 5512 3406 5568 per
3442 5511 3561 5567 pec-

1987 5610 2161 5659 catum
2191 5615 2352 5665 mors,
2384 5606 2433 5652 et
2470 5595 2549 5649 ita
2579 5594 2635 5649 in
2659 5608 2835 5647 omnes
2864 5590 3097 5645 homines
3125 5589 3444 5658 pertransiit,
3505 5588 3563 5642 in

1987 5709 2090 5767 quo
2140 5705 2317 5748 omnes
2397 5692 2760 5758 peccaverunt,
2828 5682 2970 5739 sicut
3014 5681 3084 5737 ab
3134 5679 3226 5738 illo
3296 5693 3403 5736 uno
3457 5677 3561 5734 ho-
