3998 6202
606 222 741 281 1585

1240 216 1304 275 Β.
1328 216 1591 275 MBAN]
1629 216 1849 275 MAURI
1886 217 2204 277 ARCHIEI‘.
2234 219 2552 277 HOGUNT.
2592 219 2879 277 OPERUM
2909 219 3095 283 PARS
3122 221 3207 278 ii].

3605 231 3705 288 ιεθι

599 357 769 421 tuine,
796 357 974 414 sicah
1020 355 1213 411 eodem
1236 362 1465 423 peccato
1498 352 1734 410 infantes
1764 353 2037 415 imumnes
2056 370 2178 411 esse

2127 370 2178 411 se
2200 334 2254 395 Α
2282 332 2443 423 modo
2508 335 2683 406 gratia
2729 333 2932 393 Christi
2980 333 3165 391 adimit
3205 350 3422 408 regnum,
3468 353 3525 399 ne
3554 357 3706 404 tuorum

598 463 710 505 non
752 454 1001 517 possunt,
1048 444 1152 502 nisi
1184 444 1265 500 ab
1311 445 1433 516 ejus
1477 454 1754 515 reatuper
1779 445 1980 503 Christi
2006 445 2180 517 bapti-

599 555 777 596 smum
826 538 1184 595 resolvantur.
1232 536 1425 599 Utrum
1473 544 1773 607 peccatum,
1802 552 1871 591 an
1914 551 2178 604 mors,an

597 639 913 699 utrumque,
947 643 1044 698 per
1082 643 1271 684 omnes
1309 628 1558 684 homines
1583 629 1946 699 pertransisse
1974 630 2176 686 dictum

598 719 672 774 sit
696 719 904 775 videtur
929 718 1240 788 ambiguum
1264 734 1279 783 ;
1304 718 1404 774 sed
1429 718 1570 788 quod
1596 718 1790 773 horum
1811 720 1906 784 sit,
1934 734 2021 776 res
2061 720 2177 792 ipsa

600 822 710 867 tam
743 820 928 882 aperta
954 812 1309 867 demonstrat.
1356 811 1492 869 Nam
1514 812 1559 866 si
1592 820 1874 882 peccatum
1904 826 2010 866 non
2055 826 2179 880 per-

600 902 902 967 transisset,
927 916 1032 956 non
1066 901 1243 955 omnis
1282 901 1443 961 homo
1482 915 1604 954 cum
1641 900 1758 973 lege
1800 902 2009 971 peccati
2057 917 2179 972 quae

597 986 652 1042 in
681 990 941 1045 membris
966 997 1050 1045 est
1078 998 1410 1045 nasceretur.
1436 989 1493 1046 Si
1514 1000 1675 1046 'mors
1703 1006 1811 1045 non
1846 992 2176 1061 pertransis-

598 1084 696 1140 set,
732 1091 838 1130 non
870 1092 1059 1133 omnes
1086 1079 1347 1143 homines,
1388 1088 1648 1149 quantum
1674 1081 1755 1135 ad
1784 1080 1946 1136 istam
1980 1081 2175 1138 condi-

599 1167 797 1222 tionem
834 1170 1141 1224 mortalium
1186 1171 1443 1240 pertinet,
1473 1181 1832 1229 morerentur.
1879 1170 2033 1240 Quod
2079 1188 2178 1229 au-

597 1266 705 1312 tent
741 1258 874 1314 dicit
903 1259 1215 1330 Apostolus,
1248 1262 1303 1313 in
1334 1278 1437 1331 quo
1485 1278 1662 1316 omnes
1705 1272 2067 1332 peccaverunt,
2118 1263 2173 1318 in

2278 421 2494 478 animas
2562 424 2631 479 ad
2685 438 2876 503 pinnas
2922 426 3120 480 tartari
3158 427 3433 497 pertrahat.
3472 430 3593 499 Quod
3625 450 3711 493 vero

2280 509 2527 581 adjunxit
2575 513 2644 570 de
2705 515 2900 581 Adam,
2969 515 3060 586 qui
3104 524 3191 585 est
3252 516 3406 573 forma
3454 517 3604 588 futuri,
3642 540 3711 583 ne-

2279 616 2388 674 que
2430 602 2537 677 hoc
2586 619 2696 659 uno
2744 604 2904 662 modo
2952 604 3274 678 intelligitur.
3301 608 3396 663 Aut
3433 611 3549 667 enim
3592 613 3714 673 lornn

2279 693 2480 752 Christi
2510 698 2834 754 econtrario
2861 707 2969 763 est,
2998 708 3057 754 ut
3079 700 3485 770 quemadmodum
3508 703 3715 763 inilloam-

2279 799 2377 841 nes
2394 788 2722 854 moriuntur,
2746 789 2825 845 sic
2846 798 2903 845 et
2935 789 2990 844 in
3018 789 3227 847 Christo
3259 806 3428 847 omnes
3446 793 3715 864 viviﬁcentur;

2278 886 2334 935 et
2383 879 2654 949 quomodo
2702 895 2801 951 per
2852 880 3023 952 ipsius
3070 881 3457 938 inobedientiam
3497 894 3717 954 peccatores

2278 970 2560 1045 constituti
2592 980 2722 1025 sunt
2746 971 2927 1038 multi,
2944 972 3027 1028 sic
3042 987 3142 1043 per
3162 971 3354 1047 Christi
3366 974 3649 1031 obedientiam
3662 977 3717 1048 ju-

2278 1061 2347 1117 sti
2385 1063 2790 1118 constituantur
2845 1062 3020 1118 multi.
3085 1062 3193 1118 Aut
3238 1063 3440 1119 formam
3478 1064 3606 1120 futuri
3638 1084 3718 1124 cum

2272 1150 2432 1217 dixit,
2459 1152 2606 1221 quod
2650 1151 2765 1222 ipse
2805 1151 3062 1210 indixerit
3103 1153 3323 1209 formam
3360 1156 3522 1211 mortis
3563 1158 3720 1226 posteris

2276 1241 2409 1296 suis.
2437 1240 2530 1296 llle
2560 1250 2739 1311 tamen
2763 1248 2848 1297 est
2880 1242 3072 1297 melior
3091 1243 3395 1311 intellectus,
3423 1256 3515 1303 nte
3530 1248 3719 1309 colundo

594 1362 704 1417 quo
744 1347 1083 1420 intelligitur,
1140 1349 1246 1407 nisi
1294 1330 1354 1404 in
1385 1351 1586 1418 Adam,
1631 1330 1714 1406 ini
1743 1367 1852 1422 quo
1898 1367 1993 1409 eos
2038 1353 2174 1410 dicit
2270 1330 2447 1422 Ῑ⁰¹Ἶ¹¹³
2468 1346 2589 1388 esse
2608 1332 2881 1399 "edam":
2907 1347 3071 1421 quam
3090 1333 3308 1389 mnuum
3328 1337 3721 1408 commendaui”

595 1437 809 1492 emori?
841 1437 969 1509 quia
1008 1452 1117 1493 non
1162 1447 1282 1495 erat
1321 1437 1530 1510 justum
1559 1441 1678 1497 sine
1723 1421 1952 1513 crimine
1996 1450 2174 1499 trans-

2139 1461 2176 1499 ἱ,
2275 1421 2465 1479 stolus.
2490 1422 2731 1494 Denique
2756 1439 2827 1481 ne
2868 1425 3091 1482 omnino
3124 1441 3192 1480 ex
3236 1441 3379 1497 aequo
3418 1427 3466 1482 in
3504 1427 3718 1482 hacrum

594 1531 674 1586 ire
701 1532 1040 1602 supplicium.
1089 1531 1270 1603 Usque
1298 1533 1443 1589 enim
1485 1534 1555 1589 ad
1578 1534 1751 1605 legem
1778 1543 2062 1605 peceatum
2110 1536 2173 1593 in

2140 1551 2173 1593 η
2273 1514 2463 1570 eadem
2488 1516 3151 1601 contraria‘pensarentur,
3176 1514 3417 1589 adiungit,
3438 1527 3485 1573 et
3506 1518 3606 1573 dicit
3628 1516 3719 1574 :Sai

594 1623 963 1699 mundol'uit;
1001 1640 1112 1680 non
1140 1626 1268 1695 quia
1311 1626 1567 1697 deinceps
1589 1603 1899 1683 iit—nemine
1930 1626 2032 1682 fuit
2066 1628 2171 1684 hoc
2200 1682 2244 1706 η
2266 1620 2379 1706 ’ξθξξ
2403 1604 2540 1706 fio“
2586 1603 2832 1706 άθξέξίωη
2869 1606 2957 1706 Αίία
2999 1616 3048 1662 ⁸¹
3085 1606 3312 1706 domu-‘0'
3342 1605 3396 1662 Si
3417 1608 3529 1706 (“im
3553 1608 3600 1706 οξ

594 1696 795 1768 dictum
824 1686 951 1780 est;
969 1715 1063 1770 sed
1107 1682 1233 1785 ("lia
1268 1731 1375 1771 non
1398 1682 1612 1786 pugn,
1651 1732 1748 1787 per
1778 1717 2010 1779 meum
2200 1682 2245 1742 Β
2273 1692 2518 1789 delictum
2553 1693 2937 1789 multimortat
2965 1708 3110 1789 sunt,
3130 1695 3303 1789 multo
3325 1697 3472 1789 magis
3486 1697 3622 1789 gratis

593 1804 815 1870 aulerri,
831 1806 973 1875 quod
996 1805 1111 1862 solo
1126 1814 1339 1875 poterat
1354 1807 1548 1879 spiritu
1569 1808 1786 1878 gratiae;
1802 1823 1871 1863 ne
1885 1809 2169 1879 quisquam

593 1906 723 1961 ergo
747 1893 917 1949 ﬁdens
958 1896 1027 1950 de
1059 1895 1280 1961 viribus,
1313 1912 1421 1950 non
1448 1897 1568 1953 dico
1595 1897 1916 1964 voluntatis,
1944 1900 2042 1955 sed
2070 1915 2172 1970 po-

596 1972 703 2038 tius
732 1985 987 2039 vanitatis
1018 2000 1150 2051 sum,
1184 1986 1591 2055 putaretlibero
1632 1987 1864 2044 arbitrio
1883 1987 2173 2060 legempo—

596 2075 764 2129 tuisse
789 2073 1053 2143 suﬂicere,
1081 2083 1138 2130 et
1155 2075 1355 2132 Christi
1376 2077 1608 2148 gratiam
1635 2077 1928 2145 deriderct,
1958 2080 2081 2135 ideo
2096 2080 2173 2138 ait

591 2163 900 2234 Apostolus,
939 2181 1099 2236 usque
1140 2166 1279 2219 enim
1313 2166 1383 2220 ad
1410 2166 1573 2238 legem
1608 2167 2171 2238 peccataminmundo

596 2253 695 2324 fuit
720 2266 737 2305 :
767 2264 1035 2324 peccatum
1061 2264 1234 2310 autem
1258 2271 1360 2309 non
1385 2255 1755 2326 deputabatur,
1781 2272 1897 2312 cum
1941 2255 2027 2313 lett
2063 2273 2170 2315 non

583 2355 744 2413 esset,
774 2360 878 2400 non
906 2344 1064 2410 dixit,
1104 2361 1210 2401 non
1239 2354 1379 2411 erat,
1405 2345 1496 2402 sed
1524 2362 1628 2401 non
1649 2346 2015 2417 deputabatur,
2044 2348 2171 2418 quia

595 2433 680 2488 lex
709 2450 815 2489 uou
850 2442 989 2500 erat,
1016 2449 1120 2504 qua
1154 2444 1413 2506 arguente
1435 2434 1920 2503 demonstraretur,
1944 2437 2059 2492 sive
2084 2437 2171 2493 lex

596 2524 823 2578 rationis
849 2524 900 2577 in
928 2524 1186 2595 parvulis,
1214 2522 1327 2579 sive
1366 2523 1453 2578 lex
1504 2523 1696 2581 litterae
1725 2523 1781 2579 in
1814 2526 2031 2596 populo.
2064 2524 2171 2582 Sed

594 2614 845 2682 regnavit,
899 2613 1090 2683 inquit,
1135 2629 1273 2668 mors
1331 2613 1394 2666 ab
1433 2612 1599 2666 Adam
1644 2630 1805 2685 usque
1836 2613 2170 2685 adMoysen,

593 2703 718 2772 quia
746 2717 845 2758 nec
881 2702 964 2758 lex
992 2719 1088 2774 per
1116 2690 1333 2774 Moysen
1355 2702 1478 2758 data
1506 2703 1684 2773 potuit
1727 2719 1951 2775 regnum
1977 2706 2171 2765 mortis

592 2792 826 2859 auferre,
855 2796 995 2863 quod
1018 2793 1130 2848 sola
1155 2793 1356 2849 Christi
1376 2794 1548 2866 gratia
1578 2794 1819 2851 abstulit.
1837 2794 1894 2849 In
1922 2810 2059 2865 quos
2076 2811 2171 2851 au-

588 2893 702 2938 tem
732 2885 1037 2955 regnaverit
1055 2885 1212 2941 vide:
1239 2884 1308 2940 Et
1331 2887 1387 2940 in
1425 2903 1532 2952 eos,
1561 2885 1758 2956 inquit,
1797 2886 1889 2958 qui
1923 2903 2028 2953 non
2048 2904 2170 2958 pec-

593 2984 836 3029 caverunt
864 2975 920 3029 in
952 2975 1347 3031 similitudinem
1385 2977 1829 3047 prtevaricationis
1858 2976 2009 3032 Αάαξ.
2061 2977 2168 3033 Re-

592 3066 776 3133 gnavit
815 3080 945 3137 ergo
974 3073 1030 3121 et
1054 3064 1110 3120 in
1131 3079 1226 3121 eos
1251 3065 1344 3135 qui
1380 3081 1487 3121 non
1532 3074 1920 3137 peccaverunt;
1947 3067 2039 3122 sed
2070 3083 2167 3123 cur

592 3156 1166 3226 reguaveritostendit,
1188 3171 1311 3211 cum
1337 3156 1434 3224 ait,
1465 3157 1521 3210 in
1554 3156 1947 3212 similitudinem
1967 3173 2168 3227 prama-

594 3247 863 3301 ricationis
889 3246 1038 3300 Adae.
1084 3246 1191 3303 Iste
1218 3247 1361 3303 enim
1392 3255 1475 3301 est
1508 3246 1695 3302 melior
1730 3246 2038 3302 intellectus
2064 3247 2166 3303 ho-

586 3352 713 3413 rum
754 3339 1060 3402 verborum,
1105 3345 1166 3392 ut
1183 3352 1316 3392 'cum
1345 3337 1585 3403 dixisset,
1630 3336 1858 3407 regnavit
1904 3352 2065 3402 more,
2118 3348 2167 3392 et

594 3427 652 3480 in
680 3441 767 3479 eos
797 3427 885 3497 qui
914 3442 1017 3480 non
1034 3436 1391 3495 peccaverunt,
1417 3427 1569 3497 quasi
1595 3441 1695 3482 nos
1709 3434 1970 3495 moveret,
2000 3442 2167 3499 quare

593 3517 651 3573 in
680 3530 775 3569 eos
809 3515 1115 3587 regnaverit
1161 3515 1253 3585 qui
1281 3529 1388 3570 non
1434 3524 1809 3587 peccaverunt,
1854 3515 2076 3572 adderet
2110 3518 2167 3572 in

594 3610 988 3667 similitudinem
1007 3610 1451 3681 prwvaricationis
1472 3610 1618 3677 Adae,
1644 3610 1697 3666 id
1718 3618 1821 3676 est,
1834 3611 1972 3681 quia
1994 3610 2170 3669 inerat

596 3705 650 3759 in
702 3718 889 3758 eorum
925 3704 1181 3759 membris
1206 3703 1499 3759 similitudo
1530 3704 1993 3774 praevaricationis
2015 3704 2164 3760 Adae.

594 3793 783 3850 Potest
811 3802 866 3849 et
885 3793 965 3849 sic
978 3794 1229 3865 intelligi,
1255 3795 1485 3865 regnavit
1514 3811 1654 3851 mors
1680 3795 1747 3850 ab
1789 3797 1960 3853 Adam
2007 3812 2168 3869 usque

508 3884 511 3885 ⁷
595 3886 665 3940 ad
686 3885 926 3956 Moysen,
948 3896 995 3940 et
1021 3886 1075 3940 in
1096 3903 1183 3941 eos
1210 3886 1300 3958 qui
1319 3903 1423 3942 non
1436 3898 1779 3957 peccaverunt
1801 3890 1856 3944 in
1867 3889 2189 3944 similitudi-.

597 3993 713 4031 nem
742 3976 1182 4047 praevaricationis
1229 3975 1380 4042 Adae,
1406 3978 1531 4047 quia
1574 3978 1629 4033 in
1669 3978 1883 4049 seipsis,
1911 3994 2033 4034 cum
2056 3977 2166 4048 jam

596 4065 708 4122 uati
738 4076 939 4134 essent,
960 4080 1061 4122 nec
1080 4067 1289 4125 ratione
1314 4066 1920 4138 adhucuterentnr,qua
1945 4068 2034 4124 ille
2055 4075 2169 4123 utea

596 4159 758 4215 batur
780 4157 995 4228 quando
1020 4159 1281 4229 peccavit,
1331 4173 1430 4214 nec
1474 4167 1802 4228 praeceptum
1835 4158 2171 4228 accepissent

592 4253 739 4323 “quod
767 4252 855 4309 ille
877 4260 1244 4324 transgressus
1276 4260 1378 4319 est,
1410 4252 1504 4308 sed
1524 4251 1639 4309 solo
1658 4252 1901 4323 originali
1933 4252 2062 4308 vitio
2090 4261 2168 4308 te-

2193 3020 2243 3094 C

594 4352 853 4400 uerentur
893 4344 1159 4409 obstricti,
1185 4357 1282 4414 per
1301 4343 1443 4414 quod
1468 4358 1561 4399 eos
1588 4359 1811 4415 regnum
1835 4345 2165 4401 mortistra-
2187 4376 2243 4440 Ι)

592 4433 749 4488 heret
774 4432 843 4488 ad
871 4434 1394 4488 condemnationem.
1433 4432 1584 4500 Quod
1631 4448 1857 4504 regnum
1889 4434 2078 4489 mortis
2108 4434 2163 4489 in

599 4525 681 4580 eis
707 4533 913 4579 tantum
943 4540 1048 4580 non
1079 4532 1164 4579 est
1187 4523 1279 4593 qui
1319 4521 1519 4578 Christi
1558 4523 1732 4595 gratia
1758 4524 1930 4579 renati
1956 4523 2024 4579 ad
2052 4520 2169 4593 ejus

594 4615 865 4686 pertinent
901 4628 1150 4683 regnum,
1178 4612 1429 4683 quoniam
1454 4628 1602 4668 mors
1629 4613 1952 4684 temporalis,
1979 4628 2169 4684 quam-

594 4707 677 4761 vis
706 4716 760 4761 ct
791 4706 903 4776 ipsa
937 4707 1002 4760 de
1047 4705 1291 4776 originali
1320 4704 1512 4760 delicto
1539 4714 1830 4777 propagata
1857 4707 1945 4772 sit,
1970 4720 2168 4777 corpus

594 4798 648 4852 in
680 4797 759 4854 eis
780 4797 1070 4861 interemit,
1102 4798 1333 4851 animam
1360 4811 1490 4852 vero
1520 4796 1586 4851 ad
1628 4810 1817 4866 poenas
1844 4811 1949 4852 non
1979 4799 2161 4853 trahit.

598 4884 697 4944 Ubi
743 4886 913 4942 voluit
942 4901 1161 4957 regnum
1201 4887 1393 4941 mortis
1420 4885 1668 4955 intelligi,
1702 4894 1761 4941 ut
1789 4888 1967 4942 anima
2009 4905 2165 4946 reno-

593 4989 717 5036 vata
764 4996 863 5052 per
892 4983 1120 5052 gratiam
1144 4977 1255 5048 jam
1285 4993 1390 5034 non
1420 4979 1681 5034 moriatur
1710 4979 1765 5034 in
1810 4981 2072 5052 gehenna,
2109 4980 2164 5038 id

594 5085 700 5140 est,
725 5089 755 5128 a
788 5074 897 5127 vita
920 5072 1011 5127 Dei
1034 5086 1139 5127 non
1166 5071 1450 5137 alienetur,
1488 5082 1593 5125 non
1614 5078 1927 5140 separetur;
1962 5079 2163 5141 tempo-

595 5167 726 5223 ralis
749 5175 928 5223 autem
950 5181 1094 5221 mors
1113 5164 1273 5220 etiam
1302 5164 1357 5220 in
1393 5164 1479 5220 his
1505 5163 1595 5234 qui
1637 5162 1837 5218 Christi
1874 5172 2047 5218 morte
2072 5179 2161 5219 re-

595 5258 890 5323 dimuntur,
915 5257 1250 5328 relinquatur
1275 5255 1492 5312 interim
1518 5254 1587 5310 ad
1623 5254 2059 5311 exercitationem
2100 5256 2161 5311 ll-

595 5348 705 5417 del,
730 5357 789 5404 et
816 5365 1041 5420 agonem
1060 5350 1346 5423 prtesentis
1367 5349 1693 5416 luctaminis,
1714 5352 1775 5405 in
1807 5363 1913 5418 quo
1932 5359 1987 5404 et
2013 5365 2158 5407 mar—

596 5447 742 5511 tyres
769 5448 1130 5497 certaverunt.
1166 5440 1489 5497 Assumatur
1534 5457 1662 5498 vero
1699 5451 1755 5499 et
1786 5442 1898 5513 ipsa
1927 5442 1980 5497 in
2007 5457 2163 5496 reno-

558 5531 811 5589 .vatiune
858 5534 1120 5603 corporis,
1170 5533 1333 5604 quam
1383 5534 1708 5590 resurrectio
1724 5533 2034 5604 pollicetur.
2086 5532 2160 5588 lbi

596 5623 740 5678 enim
771 5624 981 5693 penitus
1035 5625 1406 5681 absorbcbitur
1450 5639 1597 5682 mors
1636 5626 1689 5681 in
1732 5625 2033 5689 victoriam,
2076 5626 2159 5679 cui

2272 1792 2322 1837 et
2362 1785 2581 1849 donum,
2623 1785 2679 1839 in
2715 1786 2891 1857 gratia
2934 1787 3091 1841 unius
3118 1787 3331 1842 hominis
3378 1786 3490 1841 Iesu
3530 1786 3722 1842 Cluittiit

2271 1873 2463 1929 multo:
2485 1874 2792 1942 abundabit,
2818 1885 2879 1931 ut
2907 1877 3236 1949 intelligatur
3258 1893 3359 1937 non
3385 1879 3471 1934 hos
3488 1878 3621 1948 magis
3636 1875 3724 1932 ιιιιιι⁴

2271 1974 2377 2031 tos,
2418 1958 2542 2020 cum
2564 1966 2741 2037 iniqui
2765 1967 2934 2038 magis
2960 1968 3118 2024 multi
3144 1969 3273 2036 sint,
3297 1970 3380 2041 qui
3400 1968 3721 2032 damnabantur;

2272 2055 2370 2111 sed
2400 2056 2573 2127 magis
2595 2056 2912 2123 abundavit,
2939 2059 3067 2130 quia
3093 2060 3146 2115 in
3192 2060 3273 2115 his
3317 2059 3401 2130 qui
3432 2073 3512 2129 per
3534 2058 3725 2115 Christum

2272 2144 2617 2203 redimuntur
2630 2151 2998 2219 temporaliter
3012 2151 3155 2208 valet
3168 2150 3332 2207 for-ma
3353 2152 3520 2208 mortis
3532 2150 3725 2215 endam,

2272 2237 2327 2292 lu
2352 2250 2615 2295 teternum
2641 2251 2822 2297 autem
2855 2242 3057 2298 valebit
3088 2244 3212 2298 vita:
3237 2243 3397 2299 forma
3413 2259 3496 2314 per
3513 2242 3724 2299 Christum.

2271 2330 2529 2397 Quamvis
2553 2346 2706 2402 ergo,
2744 2332 2938 2404 inquit,
2963 2333 3137 2389 Adam
3163 2334 3324 2392 futuri
3336 2334 3580 2399 formant,
3603 2350 3626 2389 e
3645 2350 3728 2388 eon-

2270 2422 2441 2477 trario
2493 2422 2614 2493 plus
2670 2434 2851 2481 tamen
2894 2436 3132 2496 prtestat
3195 2429 3425 2485 Christus
3452 2420 3725 2499 regnantis,

2269 2528 2432 2585 quam
2488 2513 2546 2569 in
2596 2516 2677 2572 eis
2726 2528 2983 2574 nocuerat
3016 2519 3111 2575 ille
3139 2521 3415 2590 generatis.
3440 2518 3598 2591 (Orig.)
3619 2518 3730 2589 Igitur

2269 2621 2417 2665 mors
2438 2596 2647 2685 peccati
2674 2598 3009 2680 regnavitab
3030 2608 3208 2666 Adam
3230 2612 3389 2680 usque
3412 2610 3470 2666 ad
3496 2609 3677 2680 Moysen.
3694 2606 3728 2660 id

2269 2705 2373 2765 est,
2405 2714 2576 2770 usque
2601 2700 2671 2756 ad
2703 2701 2994 2757 adventum
3044 2701 3268 2758 Christi.
3313 2700 3499 2773 Moyses
3532 2700 3643 2754 enim
3670 2696 3729 2751 let

2270 2790 2591 2862 appellatur,
2608 2801 2664 2847 et
2683 2792 2792 2858 lex,
2817 2793 2957 2861 sicut
2984 2794 3246 2864 scrime
3265 2804 3361 2863 est,
3388 2808 3533 2864 usque
3551 2791 3603 2845 ad
3620 2787 3729 2843 lotu—

2270 2881 2355 2963 nis
2372 2882 2702 2953 baptismum
2730 2883 2920 2940 habuit
2944 2883 3127 2947 locum
3170 2900 3236 2942 ex
3263 2902 3364 2957 quo
3379 2879 3653 2956 ccepitlesas
3675 2892 3730 2932 re-

2270 2990 2435 3048 gnum
2471 2975 2567 3031 Dei
2601 2975 2914 3046 praedicare.
2945 2975 3001 3032 Si
3024 2992 3177 3044 vero,
3203 2986 3264 3033 ut
3295 2978 3346 3032 in
3365 2973 3593 3032 nonnullis
3608 2984 3728 3045 even-

2269 3066 2509 3138 plaribus
2539 3067 2788 3136 habetur,
2814 3052 2977 3124 etiam
3008 3068 3064 3125 in
3106 3086 3200 3127 eos
3224 3070 3313 3142 qui
3338 3084 3434 3126 non
3467 3071 3729 3141 peccaverunt

2268 3157 2326 3213 in
2356 3156 2760 3237 similitudinem
2812 3159 3280 3229 prtevaricationis
3316 3161 3452 3226 Adae,
3506 3146 3623 3214 mors
3645 3156 3726 3216 ista.

2268 3247 2323 3304 id
2346 3255 2448 3314 est,
2488 3263 2610 3320 qua:
2663 3249 2718 3303 in
2771 3249 2987 3305 inferno
3035 3252 3249 3308 animas
3275 3250 3527 3315 detinebit,
3551 3258 3730 3319 regnasse

2268 3339 2504 3407 dicatur,
2556 3339 2927 3412 intelligimus,
2973 3350 3031 3398 et
3057 3352 3277 3400 sanctos
3318 3355 3532 3415 quosque
3553 3340 3630 3395 sub
3665 3336 3729 3388 ista

2267 3439 2443 3491 morte
2465 3430 2683 3487 etiamsi
2712 3446 2818 3487 non
2846 3433 3134 3502 peccandi,
3150 3442 3216 3491 .at
3253 3443 3391 3490 certe
3420 3427 3634 3497 moriendi
3658 3426 3732 3495 lege

2269 3520 2561 3577 decidisse:
2579 3520 2852 3578 Christum
2875 3537 3005 3579 vero
3030 3524 3238 3581 idcirco
3254 3526 3304 3580 in
3329 3524 3561 3579 infernum
3579 3521 3731 3595 descen-

2267 3609 2434 3677 disse,
2462 3626 2569 3669 uou
2593 3610 2765 3695 solum
2792 3620 2853 3667 ut
2882 3612 2999 3683 ipse
3015 3629 3126 3670 non
3152 3622 3416 3672 teneretur
3439 3617 3649 3672 ammte.
3671 3602 3733 3659 δαί

2267 3712 2331 3759 ut
2356 3720 2449 3762 eos
2489 3707 2585 3779 qui
2610 3706 2751 3763 inibi
2797 3723 2906 3764 non
2950 3715 3060 3763 tam
3091 3706 3541 3779 praevaricationis,
3568 3711 3615 3756 ut
3644 3696 3732 3755 diti-

2267 3811 2409 3862 mus,
2446 3798 2692 3865 crimine,
2717 3814 2880 3869 quam
2910 3800 3180 3855 moriendi
3218 3798 3501 3855 conditione
3536 3788 3730 3849 babelrtn‘

2269 3896 2380 3956 tur,
2408 3889 2766 3955 abstraheret,
2797 3890 2938 3946 sicut
2964 3891 3235 3961 scriptum
3255 3898 3356 3957 est,
3377 3891 3487 3961 quia
3509 3882 3636 3941 multa
3653 3892 3731 3931 wr-

2266 3994 2398 4051 pora
2422 3978 2790 4036 dormientium
2816 3990 3123 4035 sanctarum
3146 3983 3513 4037 numerarunt
3535 3986 3627 4029 una
3655 3964 3732 4051 illi.

2267 4076 2317 4121 et
2341 4067 2561 4138 ingressi
2588 4076 2709 4121 sunt
2744 4068 2800 4121 in
2826 4076 3060 4122 sanetam
3103 4069 3359 4124 civitatem
3385 4062 3568 4138 (Matth.
3599 4050 3731 4121 mu).

2268 4155 2323 4212 in
2351 4172 2457 4227 quo
2476 4166 2532 4212 et
2554 4159 2832 4230 propheta:
2865 4160 3010 4215 dicta
3049 4160 3401 4232 complentur,
3429 4153 3590 4225 quibus
3620 4144 3732 4202 aitde

2267 4247 2486 4304 Christo
2512 4265 2527 4305 :
2566 4248 2885 4328 Accenderat“
2898 4251 2952 4307 in
2978 4250 3147 4327 altum
3171 4252 3416 4323 captivam
3436 4244 3564 4301 duxit
3583 4235 3731 4310 ωριὶεί-

2268 4347 2427 4393 tatem
2457 4335 2630 4412 (Psal.
2652 4340 2857 4414 vatt);
2886 4350 2941 4399 et
2967 4343 3073 4398 hoc
3099 4342 3260 4398 modo
3276 4357 3369 4413 per
3388 4330 3731 4394 resurrectionem

2266 4416 2418 4485 suam
2464 4430 2656 4485 mortis
2685 4432 2901 4502 quidem
2925 4431 3057 4501 jam,
3087 4449 3256 4505 regna
3281 4431 3539 4489 destruxit.
3562 4423 3677 4483 Unde
3697 4424 3731 4473 et

2265 4521 2635 4590 captivitatem
2664 4523 2923 4579 scribitur
2954 4524 3233 4590 liberasse,
3272 4525 3436 4594 ipsum
3471 4533 3579 4575 vero
3611 4509 3728 4569 inimi-

2266 4625 2390 4667 cum
2447 4621 2505 4666 et
2556 4621 2864 4684 tyrannum,
2924 4612 3074 4683 cujus
3127 4628 3293 4687 regna
3352 4609 3577 4671 dissolvit,
3633 4597 3728 4657 atrii.

2266 4704 2481 4775 quando
2500 4703 2646 4759 dicat
2658 4704 2946 4777 Apostolus
2959 4706 3360 4763 destruendum.
3376 4702 3427 4756 Ν
3429 4700 3664 4757 evasimus.
3680 4690 3731 4742 ἱιι·

2269 4797 2409 4870 quit,
2434 4797 2677 4852 inimicns
2721 4797 3015 4863 destruetur
3036 4814 3177 4854 mors
3221 4796 3273 4871 (Ι
3300 4794 3417 4852 Cor.
3437 4792 3534 4865 xv).
3561 4790 3730 4871 Regni"!

2268 4903 2399 4946 vero
2435 4887 2550 4959 jam
2595 4888 2786 4944 mortis
2813 4889 3168 4954 destructum,
3195 4870 3251 4944 et
3280 4886 3536 4958 captivitas
3559 4870 3731 4950 quesub

2267 4998 2331 5043 ea
2367 4982 2670 5050 tenebatur,
2696 4982 2921 5040 abducta
2960 4993 3060 5041 est.
3089 4982 3197 5039 Sed
3220 4982 3341 5055 quia
3362 4982 3471 5054 ipse
3489 4969 3730 5033 inimicum

2267 5086 2526 5148 tyrannus
2573 5074 2750 5132 adhuc
2782 5077 2835 5132 in
2878 5076 3171 5132 novissimo
3202 5085 3256 5133 et
3299 5076 3351 5129 in
3388 5073 3484 5127 line
3508 5062 3651 5125 seculi
3673 5058 3730 5110 ἅθ’

2263 5167 2552 5225 struendus
2582 5173 2684 5234 est,
2712 5166 2910 5222 idcirco
2934 5167 3097 5222 etiam
3114 5180 3259 5221 nunc
3286 5164 3508 5220 videmus
3530 5168 3628 5214 eum
3661 5161 3730 5202 non

2266 5268 2376 5317 tam
2416 5271 2643 5329 regnare
2680 5272 2842 5326 quam
2890 5257 3223 5324 latrocinari,
3254 5264 3306 5312 et
3338 5252 3582 5325 depulsum
3618 5251 3730 5329 πεδιξο

2264 5327 2597 5422 perdeserta
2626 5354 2680 5402 et
2704 5348 2821 5402 avia
2852 5347 3270 5404 circumeuntem
3294 5356 3513 5417 quaerere
3538 5336 3619 5395 sibi

2264 5440 2463 5497 delium
2503 5455 2743 5507 manum,
2774 5449 2831 5496 et
2861 5440 2994 5497 ideo
3022 5441 3288 5497 clamabat
3318 5432 3574 5509 Apostolus
3610 5443 3621 5479 :
3651 5421 3728 5475 Non

2263 5550 2384 5604 "90
2414 5543 2588 5603 τεθηεε
2613 5543 2883 5603 peccatum
2925 5535 2982 5588 in
3028 5543 3189 5589 vestro
3236 5529 3434 5589 mortali
3478 5533 3649 5594 corpore
3684 5529 3718 5563 ac

2264 5624 2603 5680 obedientium
2627 5622 2899 5680 desideriis
2929 5622 3225 5698 desiliam.
3252 5623 3345 5697 Vt).
3365 5621 3537 5677 Verum
3553 5624 3632 5667 nos
3644 5616 3727 5659 θυι)-
