3998 6202
312 246 452 314 1585

846 247 1391 308 ΕΝΑΒΚΑΤΙΟΝΗΜ
1429 249 1495 305 L‘i
1534 249 1680 307 EPP.
1722 249 1921 307 PAULI

2025 246 2094 301 ιιι.
2126 247 2209 302 ιιι.
2249 276 2317 287 -
2353 245 2419 302 IN
2466 245 2683 305 EPiS’l‘.
2724 247 2817 303 AD
2854 204 3037 304 non:

3417 246 3558 305 i385

310 360 442 416 tenti
473 359 855 431 perstrinxisse
880 363 1069 432 paucis
1101 378 1163 417 ea
1189 379 1308 432 qua:
1333 362 1622 433 Apostolus
1664 361 1879 421 obtecta
1914 368 1957 423 Δ
1984 359 2268 421 Manifesta
2318 350 2591 415 diversum
2641 372 2758 426 est,
2821 362 2945 430 quia
3001 377 3107 416 uno
3157 363 3286 419 Adae
3339 380 3559 434 peccato

309 468 433 508 esse
466 450 656 515 voluit,
681 453 957 521 sequentia
984 455 1338 522 requiramus.
1360 454 1578 509 Addidit
1601 463 1722 522 post
1752 454 1886 507 luce.

311 543 399 612 qui
448 548 521 594 est
552 539 723 608 {arma
764 541 950 609 futuri.
980 540 1132 608 Quod
1161 543 1378 612 quidem
1410 543 1717 613 ambiguum
1758 542 1888 596 mihi

310 630 522 684 videtur
568 638 747 683 utrum
798 646 861 685 ex
889 645 953 686 eo
1004 639 1244 700 tempore
1307 648 1414 702 quo
1466 633 1580 687 haec
1622 633 1893 688 scribebat

311 719 605 790 Apostolus
633 719 803 774 Adam
833 720 997 775 futuri
1036 721 1206 776 forma
1238 723 1455 788 dicitur,
1502 724 1642 791 quod
1671 731 1754 778 est
1794 739 1895 777 sae-

314 810 418 865 culi
441 810 650 864 venturi
673 827 688 875 ;
716 826 783 865 an
823 827 852 863 a
883 812 1192 879 semetipso,
1219 812 1269 866 id
1292 823 1394 883 est,
1419 814 1484 867 ab
1510 813 1680 867 Adam
1706 812 1892 877 futuri,

314 910 374 956 ut
411 903 463 955 in
486 901 1047 981 Christoaccipiatur,
1074 902 1216 972 quod
1251 912 1458 974 tempus
1506 903 1759 973 Apostolo
1783 905 1899 959 haec

314 993 573 1050 scribenti
614 992 851 1047 futurum
890 1008 996 1048 non
1028 1006 1164 1059 erat,
1203 996 1294 1051 sed
1316 997 1664 1065 pmeteritum.
1702 996 1901 1063 Quam-

311 1083 399 1140 vis
427 1092 481 1137 et
512 1084 565 1138 in
595 1082 700 1137 alio
731 1083 868 1147 loco,
899 1098 1021 1137 cum
1051 1084 1117 1138 de
1150 1084 1318 1139 Adam
1351 1095 1406 1139 et
1432 1085 1542 1140 Eva
1570 1075 1899 1156 loqueretur,

317 1174 459 1228 idem
485 1171 773 1241 Apostolus
812 1172 1009 1226 dixerit
1042 1188 1056 1225 :
1085 1172 1390 1243 Mys:erium
1413 1175 1510 1228 hoc
1531 1192 1775 1245 maguum
1802 1184 1900 1237 est,

317 1281 410 1334 ego
433 1275 606 1317 autem
634 1263 750 1316 dico
780 1262 833 1316 in
867 1261 1074 1317 Christo
1113 1274 1187 1344 et“
1202 1264 1258 1318 in
1284 1262 1519 1319 Ecclesia
1547 1267 1564 1336 (
1588 1263 1780 1335 Ephes.
1823 1264 1899 1335 v),

318 1369 426 1424 quo
465 1354 677 1407 videtur
724 1354 827 1407 hoc
855 1354 1025 1422 magis
1075 1355 1229 1409 nobis
1277 1356 1344 1409 ad
1380 1355 1780 1425 intelligendum
1817 1354 1906 1409 dc-

320 1445 488 1505 disse,
525 1443 668 1513 quod
709 1441 879 1496 forma
906 1443 1068 1496 futuri
1094 1443 1310 1498 dicatur
1341 1442 1514 1498 Adam
1548 1446 1601 1497 in
1651 1459 1717 1498 eo
1763 1442 1904 1512 quod

319 1534 538 1589 advenit
581 1532 831 1587 Christus
876 1534 940 1586 ad
972 1533 1268 1587 Ecclesium
1299 1534 1402 1589 sibi
1429 1535 1736 1589 soeiandam
1767 1548 1782 1587 :
1814 1550 1907 1590 ne-

322 1624 436 1679 scio
472 1639 605 1679 sane
643 1622 912 1691 quomodo
958 1623 1080 1692 quis
1122 1623 1291 1693 possit
1325 1631 1380 1677 et
1410 1625 1907 1693 prtevaricationem

1988 451 2329 507 condemnati
2371 460 2534 515 sunt,
2579 452 2671 520 qui
2716 453 2767 506 in
2801 452 3207 509 similitudinem
3241 458 3562 526 praevarica-

1991 542 2158 599 tionis
2184 544 2303 612 ejus
2336 551 2698 611 peccaverunt
2737 559 2751 595 :
2782 543 2956 614 gratia
2986 560 3118 599 vero
3154 545 3248 599 Dei
3285 561 3383 615 per
3400 546 3559 602 Chri-

1991 644 2134 690 stum
2170 649 2273 687 nou
2305 647 2372 687 ex
2403 648 2509 686 uno
2545 633 2771 698 delicto,
2804 634 2897 689 sed
2932 648 2996 692 ex
3040 635 3221 690 multis
3247 636 3564 706 justiﬁcavit

1995 722 2271 785 homines,
2303 722 2478 776 dando
2511 720 2615 775 illis
2646 723 3016 779 remissionem
3052 735 3417 795 peccatorum.
3450 727 3566 783 lloe

1994 815 2061 867 ad
2101 811 2554 879 magniﬁcentiam
2595 814 2807 881 pivtatis
2840 814 2934 869 Dei
2973 825 3028 870 et
3063 817 3265 872 Christi
3310 819 3561 889 loquitur,

1996 912 2056 956 ut
2081 916 2204 957 cum
2234 900 2430 955 delicto
2467 900 2595 955 Adae
2632 902 2780 956 multi
2809 909 3060 959 tenentur
3082 921 3111 959 a
3137 916 3309 962 morte
3332 911 3566 963 secunda

1999 991 2051 1045 in
2086 990 2299 1045 inferno
2332 989 2610 1054 inferiori;
2643 990 2842 1046 donum
2880 1002 3055 1049 tamen
3079 997 3267 1065 gratiae
3291 998 3406 1064 Dei,
3442 1015 3566 1053 cum

1992 1080 2196 1151 justum
2233 1089 2376 1134 esset
2421 1079 2581 1149 plecti
2626 1078 2773 1144 illos,
2815 1097 2919 1136 non
2966 1084 3136 1139 solum
3183 1086 3411 1156 ignoscit
3442 1089 3566 1150 iiiis.

2000 1170 2093 1225 sed
2123 1168 2405 1241 jnstiiicat.
2444 1167 2626 1239 (Aug..)
2666 1170 2858 1225 Dicant
2884 1173 3148 1238 haeretici,
3195 1178 3463 1244 quomodo
3503 1195 3570 1234 ex

2002 1275 2109 1315 uno
2138 1260 2331 1314 delicto
2357 1260 2411 1314 in
2445 1260 2971 1326 condemnationem,
3002 1263 3104 1318 nisi
3131 1266 3257 1332 quia
3283 1266 3478 1323 sollicit
3502 1270 3571 1325 ad

2003 1352 2505 1408 condemnationem
2546 1352 2711 1406 etiam
2759 1369 2922 1407 unum
2962 1355 3225 1425 originale
3270 1369 3571 1427 peccatum,

2002 1444 2147 1519 quod
2187 1443 2241 1496 in
2293 1457 2484 1498 omnes
2523 1443 2768 1498 homines
2817 1446 3149 1512 pertransiit.
3186 1446 3371 1503 Gratia
3421 1464 3573 1515 vero,

2006 1535 2129 1590 ideo
2156 1549 2223 1589 ex
2252 1533 2435 1589 multis
2478 1534 2687 1590 delictis
2718 1536 2770 1590 in
2802 1534 3265 1606 justiﬁeationem,
3303 1543 3428 1610 quia
3471 1558 3577 1598 non

2006 1624 2181 1679 solum
2201 1639 2367 1678 unum
2399 1623 2529 1678 illud
2561 1623 2723 1679 solvit
2749 1628 2891 1696 quod
2943 1627 3281 1698 originaiiter
3321 1633 3576 1699 trahitur,

321 1718 458 1785 ejus,
490 1725 545 1771 et
569 1724 872 1787 peccatum,
901 1724 954 1771 et
987 1715 1088 1769 hoc
1121 1715 1265 1785 quod
1314 1730 1461 1771 mors
1496 1730 1593 1785 per
1625 1714 1799 1784 ipsum
1848 1714 1902 1769 in
1933 1723 1980 1783 Β
2010 1713 2105 1768 sed
2141 1714 2304 1769 etiam
2336 1721 2553 1778 cetera,
2585 1728 2705 1782 qua:
2727 1715 2781 1770 in
2805 1731 2912 1771 uno
2941 1733 3153 1788 quoque
3187 1722 3404 1776 homine
3431 1732 3570 1784 metu

324 1824 514 1863 omnes
535 1809 781 1862 homines
801 1807 1112 1877 pertransiit
1138 1806 1189 1860 in
1215 1805 1385 1861 forma
1411 1806 1611 1862 Christi
1643 1807 1903 1877 coaptati,

322 1915 391 1954 ne
421 1897 559 1953 forte
582 1906 633 1951 et
656 1897 964 1961 contrariis,
988 1906 1046 1950 ut
1073 1898 1212 1957 idem
1254 1896 1542 1969 Apostolus
1579 1899 1631 1952 in
1659 1898 1905 1970 superio-

325 1990 473 2044 ribus
496 1989 734 2059 exponit,
761 2004 880 2042 eum
911 1989 1059 2055 dicit,
1088 1989 1219 2043 sicut
1245 1988 1384 2044 enim
1424 2007 1514 2059 per
1555 2007 1715 2044 unum
1743 1990 1908 2045 [ιοιυὶ-

326 2100 441 2137 neut
465 2098 625 2145 mors,
657 2081 731 2134 ita
755 2092 800 2135 et
825 2098 915 2151 per
939 2098 1099 2134 unum
1135 2083 1445 2136 resurrectio
1473 2092 1830 2151 mortuorum;
1856 2089 1911 2135 et

327 2173 520 2228 iterum
532 2216 544 2235 ,
559 2175 689 2227 sicut
715 2176 848 2228 enim
864 2191 955 2244 per
974 2174 1373 2229 iuobedieu:iam
1390 2175 1546 2228 unius
1560 2175 1783 2229 hominis
1798 2191 1912 2243 pec-

328 2277 530 2319 catores
553 2265 823 2319 constituti
844 2276 963 2319 sunt
993 2265 1168 2331 mulli,
1192 2266 1265 2320 ita
1290 2275 1337 2320 et
1372 2282 1465 2336 per
1493 2267 1649 2320 unius
1672 2265 1911 2321 obedien-

327 2359 455 2411 tiam
474 2357 611 2427 justi
663 2359 1041 2413 constituentur
1082 2359 1255 2412 multi.
1286 2358 1342 2413 Si
1383 2375 1514 2415 vero
1553 2360 1914 2430 intelligamus

328 2436 644 2517 Apostolum
675 2465 702 2502 a
735 2449 847 2504 suis
876 2450 1225 2520 temporibus,
1253 2451 1453 2521 quibus
1498 2451 1612 2506 hate
1642 2451 1915 2505 scribebat

329 2539 531 2594 dixisse
553 2539 722 2593 Adam
751 2537 914 2593 futuri
934 2555 1052 2594 esse
1075 2539 1341 2605 formam;
1367 2541 1440 2596 ita
1464 2541 1637 2628 magis
1659 2539 1914 2614 intelligi—

332 2640 439 2693 tur,
457 2629 598 2701 quod
624 2630 764 2685 sicut
782 2631 832 2684 in
859 2631 958 2685 hoc
982 2631 1180 2685 sa‘culo
1201 2648 1348 2687 mors
1372 2630 1616 2703 regnavit
1636 2647 1732 2703 per
1751 2645 1915 2687 unum

329 2722 525 2785 Adam,
546 2731 599 2775 et
616 2721 843 2776 mortale
865 2721 1112 2777 eﬂ'cclum
1136 2731 1217 2777 est
1246 2737 1402 2779 omne
1423 2722 1698 2779 hominum
1724 2735 1915 2790 genus,

336 2814 411 2868 ita
440 2824 495 2868 et
520 2814 569 2866 in
610 2811 790 2866 futuro
817 2812 1012 2869 sacculo
1059 2814 1169 2869 vita
1212 2816 1455 2885 regnabit
1499 2830 1595 2885 per
1620 2814 1917 2881 Christum,

338 2914 392 2959 et
418 2903 822 2958 immortalitate
853 2903 1138 2958 donabitur
1175 2920 1333 2959 omne
1363 2905 1635 2961 hominum
1664 2919 1855 2974 genus.

406 2993 511 3048 Sed
559 3011 661 3047 non
720 2996 851 3048 sicut
901 2992 1167 3059 delictum,
1202 2996 1275 3048 ita
1329 3005 1377 3049 et
1426 2994 1644 3049 donum.
1682 2994 1918 3067 (Ambr.)

2006 1803 2238 1875 propria:
2269 1804 2564 1861 voluntatis
2596 1807 2886 1865 adduntur.
2927 1808 2985 1864 Si
3018 1810 3162 1864 enim
3187 1813 3257 1866 ob
3290 1814 3450 1869 unius
3481 1814 3570 1870 ἀε-

2008 1900 2195 1956 lictum
2239 1916 2385 1956 mors
2431 1902 2674 1969 regnavit
2703 1915 2801 1970 per
2831 1918 3020 1968 unum,
3062 1904 3230 1959 multo
3264 1908 3433 1978 magis
3455 1909 3575 1977 quia

2008 1991 2396 2059 abundantiam
2422 1992 2611 2060 gratia:
2634 1999 2691 2045 et
2705 1991 2937 2062 justitite
2953 1994 3246 2064 accipiunt,
3276 1996 3331 2050 in
3354 1997 3462 2051 vita
3492 2012 3551 2052 re
3567 2029 3582 2040 -

2008 2083 2254 2154 gnabunt
2292 2098 2393 2152 per
2421 2098 2587 2137 unum
2628 2082 2812 2138 .lesuru
2857 2082 3150 2140 Christum.
3180 2085 3243 2142 Si
3262 2088 3400 2142 enim
3428 2089 3583 2142 unius

2010 2172 2197 2229 delicto
2234 2189 2374 2227 mors
2402 2172 2632 2243 regnauit
2656 2189 2749 2243 per
2776 2174 3016 2228 unum.A
3033 2189 3143 2243 quo
3166 2175 3364 2231 delicto
3376 2178 3585 2246 parvuli

2009 2279 2108 2334 per
2127 2264 2450 2332 baptismum
2475 2263 2780 2332 expiantur,
2805 2262 2974 2318 multo
2996 2264 3166 2335 magis
3191 2265 3281 2334 qui
3310 2266 3590 2320 abundan-

2014 2356 2142 2411 tiam
2167 2355 2357 2424 gratire
2379 2362 2437 2409 et
2459 2353 2685 2422 iustitiae
2720 2354 3024 2425 accipiunt,
3060 2357 3112 2409 in
3139 2357 3249 2410 vita
3291 2358 3592 2427 regnabant

2012 2460 2109 2515 per
2130 2461 2295 2501 unum
2318 2444 2502 2503 Jesum
2530 2445 2804 2501 Christum
2836 2446 3045 2501 :multo
3091 2447 3262 2519 magis
3315 2449 3500 2519 utique
3534 2450 3589 2505 in

2016 2537 2125 2590 vita
2184 2536 2503 2606 regnabant,
2547 2536 2673 2608 quia
2722 2544 2945 2595 interna:
3011 2537 3135 2592 vita:
3190 2552 3416 2609 regnum
3463 2540 3589 2607 erit,

2017 2640 2161 2681 mors
2218 2634 2400 2681 autem
2453 2627 2508 2681 in
2556 2626 2637 2685 eis
2687 2628 3053 2698 teluporaiiter
3117 2628 3328 2696 transit,
3373 2614 3490 2686 non.
3537 2630 3607 2688 in;

2002 2726 2275 2772 aeternum
2308 2718 2579 2773 transibit.
2624 2717 2792 2773 Multo
2840 2720 3010 2788 magis
3051 2720 3431 2781 abundantiam
3470 2736 3595 2793 gra-

2017 2808 2128 2873 tiae,
2148 2817 2197 2863 et
2225 2807 2549 2873 donationis,
2570 2818 2619 2862 et
2637 2808 2866 2878 justititc
2909 2810 3218 2881 accipientes
3236 2851 3250 2876 ,
3296 2812 3353 2865 in
3381 2813 3486 2867 vita
3516 2827 3599 2867 rs-

2016 2900 2247 2972 gnabunt
2271 2915 2364 2971 per
2383 2916 2546 2954 unum
2568 2898 2753 2955 Iesum
2773 2898 2867 2954 Ch;
2881 2901 3059 2955 istum.
3077 2901 3313 2973 (Arnim)
3326 2902 3598 2959 Cantilen-

2019 2991 2146 3047 dum
2191 2998 2278 3045 est
2316 3004 2482 3043 unum
2512 3004 2634 3045 esse
2674 3003 2926 3055 sensum,
2963 2999 3020 3045 et
3065 2992 3120 3046 in
3159 2991 3305 3048 nullo
3336 2990 3595 3048 diﬂ'erne:

334 3085 564 3154 Propter
601 3087 744 3155 quod
778 3085 922 3140 enim
953 3084 1178 3140 formam
1205 3100 1325 3140 esse
1353 3085 1489 3141 dixit
1516 3086 1677 3141 unius
1713 3083 1918 3140 Christi
1946 3069 1993 3130 C
2026 3089 2252 3137 mortem
2278 3080 2424 3134 enim
2458 3079 2591 3135 dicit
2626 3095 2900 3151 regnasse,
2937 3095 3042 3136 non
3073 3096 3330 3152 regnare;
3360 3083 3485 3152 quia
3507 3083 3601 3153 qui

338 3193 503 3231 unum
523 3176 723 3241 Adam;
750 3193 813 3231 ne
837 3186 890 3230 et
912 3192 1127 3230 causam
1148 3177 1272 3231 Adae
1293 3177 1451 3232 talem
1474 3177 1808 3249 signiﬁcasse
1831 3193 1927 3246 pu-

340 3275 565 3333 taretur,
582 3267 755 3335 qualis
773 3275 826 3319 et
840 3266 1036 3322 Christi
1062 3274 1165 3331 est,
1183 3266 1300 3320 ideo
1324 3268 1399 3320 ait
1417 3285 1430 3319 ε
1448 3264 1550 3321 Sed
1570 3283 1670 3320 non
1687 3266 1820 3321 sicut
1840 3265 1930 3320 de-

336 3355 540 3423 lictum,
572 3360 645 3410 ita
670 3367 717 3411 et
747 3359 941 3412 donum
959 3398 973 3423 ,
1003 3357 1126 3428 quia
1155 3358 1206 3412 in
1241 3374 1306 3414 eo
1330 3366 1533 3414 tantum
1561 3356 1732 3413 forma
1757 3357 1928 3412 Adam

339 3452 543 3509 Christi
568 3460 676 3518 est,
701 3452 823 3523 quia
843 3452 983 3521 quod
1006 3467 1141 3506 unus
1163 3453 1424 3522 peccavit,
1443 3468 1583 3507 unus
1602 3450 1928 3506 emendavit.

415 3542 473 3597 Si
526 3545 661 3597 enim
707 3545 862 3596 unius
908 3542 1093 3596 delicto
1131 3542 1281 3597 multi
1327 3544 1518 3596 mortui
1552 3552 1709 3606 sunt,
1766 3541 1931 3594 multo

343 3632 511 3701 magis
535 3632 705 3702 gratia
736 3630 855 3696 Dei,
900 3640 948 3684 et
987 3629 1183 3684 donum
1224 3631 1279 3684 in
1316 3631 1491 3702 gratia
1523 3631 1679 3685 unius
1710 3630 1932 3685 hominis

344 3724 475 3779 Jesu
498 3722 690 3777 Christi
720 3724 774 3777 in
814 3721 988 3795 plures
1011 3722 1315 3778 abundavit.
1344 3721 1458 3778 Hoc
1491 3731 1597 3789 est,
1653 3722 1698 3778 si
1739 3722 1934 3778 delicto

346 3816 510 3869 unius
538 3814 688 3868 multi
722 3813 920 3867 mortui
942 3820 1100 3878 situt,
1134 3813 1408 3868 imitantes
1434 3813 1934 3883 praevaricationem

349 3906 498 3977 ejus;
530 3906 699 3977 magis
729 3906 900 3975 gratia
943 3905 1036 3960 Dei
1064 3913 1120 3960 et
1157 3906 1354 3961 donum
1391 3906 1446 3960 in
1471 3906 1653 3975 plures
1689 3906 1933 3967 abunda-

349 3997 461 4061 vit,
503 4006 561 4051 ut
603 3995 974 4067 confugientes
1017 3995 1085 4049 ad
1139 4011 1217 4051 se.
1264 3995 1452 4052 Plures
1498 3996 1643 4052 enim
1704 3996 1934 4068 gratiam

351 4096 757 4158 consequuntur
785 4104 946 4158 quam
979 4088 1178 4143 mortui
1210 4098 1337 4145 sunt
1376 4088 1574 4145 delicto
1602 4087 1752 4144 Adae.
1785 4085 1938 4142 Unde

351 4172 696 4233 manifestum
735 4186 818 4232 est
867 4192 973 4232 non
1028 4179 1094 4233 de
1143 4179 1245 4234 hac
1279 4186 1472 4243 morte,
1517 4194 1637 4247 quae
1685 4177 1936 4233 onmibus

353 4270 655 4325 communis
681 4278 785 4334 est,
809 4267 1172 4341 signiﬁcasse;
1211 4270 1337 4341 quia
1368 4285 1555 4326 omnes
1570 4271 1791 4326 omnino
1823 4284 1939 4325 mo-

352 4359 587 4424 riuntur,
611 4366 790 4414 etnon
819 4367 996 4413 tamen
1019 4375 1208 4416 omnes
1238 4362 1465 4430 gratiam
1491 4368 1936 4430 consequuntur:

352 4462 531 4517 neque
560 4456 786 4502 mortem
813 4448 865 4501 in
887 4463 1075 4502 omnes
1097 4464 1370 4520 regnasse,
1398 4450 1491 4505 sed
1512 4450 1565 4504 in
1594 4464 1687 4504 eos
1716 4447 1806 4518 qui
1842 4448 1940 4502 de-

352 4539 482 4593 licto
531 4536 658 4591 Adae
691 4538 890 4592 mortui
928 4547 1075 4602 sunt,
1100 4537 1455 4607 significatur,
1486 4554 1623 4608 quos
1662 4538 1717 4592 in
1755 4536 1944 4592 simili-

356 4627 599 4681 tudinem
631 4627 1091 4698 praevaricationis
1114 4627 1245 4683 Adae
1279 4628 1410 4683 dicit
1434 4643 1706 4699 peccasse.
1732 4626 1796 4683 Hi
1818 4636 1946 4683 sunt

358 4734 493 4787 quos
508 4716 638 4772 dicit
659 4719 711 4772 in
728 4719 889 4772 unius
911 4718 1106 4773 delicto
1122 4718 1318 4774 multos
1332 4727 1594 4784 mortuos,
1607 4719 1836 4788 gratiam
1850 4733 1945 4772 au-

361 4817 468 4863 tem
495 4807 589 4862 Dei
624 4808 675 4862 in
700 4808 880 4878 plures
902 4809 1205 4873 abundare;
1234 4809 1357 4878 quia
1378 4817 1433 4864 et
1456 4809 1510 4862 in
1529 4809 1614 4865 his
1643 4809 1733 4877 qui
1755 4809 1948 4865 delicto

358 4896 489 4952 Adze
511 4897 707 4951 mortui
734 4898 1003 4964 dicuntur,
1026 4898 1273 4954 similiter
1293 4908 1600 4969 peccantes,
1627 4910 1681 4953 et
1696 4900 1846 4955 initis
1858 4899 1949 4969 qui

361 5002 470 5046 non
505 5000 868 5059 peccaverunt
895 4990 948 5045 in
981 4991 1082 5046 hac
1108 4992 1237 5046 Adae
1271 4991 1733 5064 praevaricationis
1759 4991 1951 5046 simili-

368 5082 553 5137 tudine
590 5081 683 5137 Dci
706 5085 876 5153 gratia
900 5084 1195 5140 abundavit
1218 5102 1232 5138 :
1254 5093 1481 5156 paterno
1507 5093 1687 5139 autem
1728 5094 1950 5155 peccato

367 5189 433 5228 ex
458 5173 549 5228 Dei
569 5175 832 5229 sententia
854 5182 1011 5230 erant
1034 5174 1174 5244 apud
1207 5172 1430 5240 inferos,
1449 5173 1621 5244 gratia
1653 5172 1746 5227 Dei
1780 5174 1949 5229 abun-

368 5264 516 5320 davit
553 5263 607 5320 in
636 5266 897 5321 descensu
944 5264 1279 5330 Salvatoris,
1316 5264 1570 5320 omnibus
1615 5264 1749 5319 dans
1775 5261 1949 5318 indul—

370 5356 767 5426 gentiam,cum
801 5355 1070 5425 triumpho
1095 5354 1322 5410 sublatis
1344 5355 1425 5410 eis
1453 5352 1507 5409 in
1536 5352 1753 5407 coelum.

444 5442 509 5501 Et
545 5460 648 5499 non
692 5447 822 5500 sicut
863 5463 955 5516 per
987 5462 1149 5500 unum
1175 5456 1461 5517 peccatum,
1501 5445 1577 5498 ita
1626 5455 1674 5498 et
1709 5443 1905 5498 donum
1930 5459 1950 5500 :

374 5552 496 5589 nam
537 5535 798 5606 judicium
835 5534 1041 5607 quidem
1082 5552 1145 5590 ea:
1191 5553 1295 5591 uno
1340 5537 1395 5590 in
1447 5535 1950 5600 condemnationem,

376 5624 570 5681 donum
612 5638 785 5682 autem
829 5644 893 5681 ex
937 5625 1115 5680 multis
1162 5626 1365 5682 delictis
1411 5627 1464 5681 iu
1499 5625 1948 5696 justiﬁcationem.

817 5719 1097 5779 PA'rnon.
1133 5713 1297 5776 CXI.

1965 4413 2017 4474 D

2029 3181 2729 3251 intellexeruntperlegcm
2754 3180 3014 3249 judicium
3068 3181 3185 3247 Dei,
3238 3181 3433 3236 sublati
3478 3190 3605 3236 sunt

2028 3276 2095 3329 de
2122 3272 2239 3341 ejus
2263 3274 2507 3345 imperio.
2537 3273 2803 3344 Regnavit
2834 3282 3036 3337 autem,
3072 3272 3201 3341 quia
3228 3271 3344 3325 sine
3380 3269 3606 3325 manife-

2032 3364 2264 3419 statione
2296 3363 2431 3433 legis
2458 3363 2621 3418 timor
2645 3361 2739 3416 Dei
2769 3375 2873 3415 non
2916 3360 3111 3415 eratin
3138 3359 3316 3414 terris.
3349 3358 3609 3428 Superior

2030 3471 2158 3526 ergo
2187 3470 2379 3513 sensus
2405 3462 2492 3510 est
2516 3462 2596 3518 ut,
2621 3453 2746 3522 quia
2776 3468 2926 3508 mors
2951 3452 3196 3521 regnavit
3223 3452 3291 3506 ab
3315 3451 3486 3506 Adam
3518 3466 3609 3506 us-

2032 3562 2138 3617 que
2160 3548 2228 3601 ad
2255 3546 2472 3617 Moysen
2500 3546 2555 3601 in
2577 3561 2670 3601 eos
2694 3545 2782 3615 qui
2829 3554 3187 3615 peccaverunt
3216 3545 3270 3599 in
3295 3543 3598 3599 similitudi-

2034 3651 2157 3697 nem
2211 3637 2673 3708 pmvaricationis
2719 3635 2867 3700 Athe,
2918 3637 3091 3693 multo
3122 3638 3291 3706 magis
3315 3637 3489 3705 gratia
3517 3651 3606 3693 te-

2035 3736 2164 3796 gnet
2186 3710 2512 3783 abundantia
2535 3723 2659 3780 doni
2696 3724 2791 3779 Dei
2818 3724 2874 3777 in
2905 3724 3069 3778 vitam
3098 3739 3197 3795 per
3231 3740 3395 3779 unum
3422 3723 3605 3782 Iesum

2036 3816 2332 3873 Christum.
2367 3814 2424 3871 Si
2452 3814 2599 3871 etiim
2633 3828 2780 3870 mors
2804 3813 3067 3884 regnavit,
3093 3827 3262 3884 quare
3305 3830 3410 3870 non
3439 3816 3609 3884 magis

2037 3905 2212 3975 gratia
2259 3910 2468 3974 regnet,
2489 3918 2610 3973 quae
2652 3902 2820 3958 multo
2854 3904 3032 3973 plures
3050 3901 3332 3972 iustiﬁcat,
3362 3918 3524 3975 quam
3551 3907 3608 3962 hi

2039 3997 2243 4052 suntin
2270 4010 2406 4064 quos
2426 3994 2672 4065 regnavit
2697 4008 2843 4049 mors
2869 4012 2882 4048 :
2907 4002 3108 4067 quanto
3130 3995 3302 4066 magis
3327 3998 3499 4067 gratia
3531 4012 3612 4053 re-

2039 4104 2206 4159 gnare
2220 4087 2487 4143 credenda
2513 4094 2616 4153 est,
2633 4099 2757 4155 tutas
2777 4085 2984 4140 oonfert
3002 4086 3166 4141 vitam
3189 4100 3285 4157 per
3301 4086 3576 4144 Christqu
3593 4091 3608 4144 !
3623 4155 3635 4165 θ

2109 4179 2286 4250 Igitur
2324 4180 2460 4234 sicut
2486 4194 2580 4249 per
2615 4178 2771 4231 unius
2800 4176 3049 4232 delictum
3076 4178 3131 4232 in
3160 4190 3339 4232 omnes
3376 4178 3611 4232 homines

2040 4270 2097 4322 in
2119 4261 2600 4325 condemnationem
2618 4306 2634 4332 ,
2662 4268 2739 4322 sic
2762 4277 2810 4322 et
2832 4284 2926 4338 per
2951 4268 3108 4323 unius
3126 4268 3393 4337 justitiam
3424 4268 3478 4321 in
3503 4282 3615 4321 om-

2043 4378 2131 4418 nes
2164 4360 2398 4417 homines
2443 4360 2500 4414 in
2534 4359 2967 4429 justiﬁcationcm
3009 4359 3142 4414 vitam
3188 4359 3303 4415 Hoc
3345 4368 3449 4426 est,
3475 4358 3618 4416 sicut

2042 4464 2142 4521 per
2170 4448 2330 4504 unius
2352 4447 2605 4504 delictum
2637 4461 2831 4503 omnes
2856 4446 3359 4502 ouudemationem
3398 4462 3615 4503 merueo

2042 4545 2171 4594 runt
2211 4536 2461 4591 similiter
2522 4542 2843 4606 peccantes,
2885 4535 2961 4589 ita
3009 4542 3066 4589 et
3110 4535 3163 4590 in
3203 4535 3412 4606 jnstitia
3456 4536 3617 4592 unius

2043 4642 2234 4683 omnes
2257 4626 2694 4698 justiﬁcabuntur
2718 4626 3019 4681 eiulantes.
3069 4626 3125 4681 Si
3151 4628 3247 4698 qui
3282 4636 3463 4685 autem
3490 4645 3618 4685 com

2045 4718 2442 4777 demuationem
2488 4717 2627 4773 hanc
2674 4715 2979 4785 generalem
3023 4731 3145 4772 esse
3188 4726 3407 4787 putant,
3455 4720 3617 4775 simili

2048 4816 2209 4871 modo
2250 4822 2309 4868 et
2338 4811 2782 4881 justiﬁeationem
2828 4811 3130 4881 generalem
3180 4811 3463 4881 accipient.
3496 4810 3621 4867 Sed

2053 4921 2157 4960 non
2186 4912 2271 4959 est
2301 4918 2509 4967 verum,
2533 4901 2659 4972 quia
2684 4915 2791 4959 non
2812 4916 3002 4956 orunes
3029 4901 3273 4956 credunt.
3307 4900 3487 4974 (Aug.)
3516 4900 3622 4956 Ita-

2049 5008 2157 5063 que
2198 4993 2340 5048 sicut
2380 5007 2477 5062 per
2503 4991 2663 5046 unius
2695 4988 2944 5046 delictum
2974 4989 3027 5042 in
3055 5001 3242 5043 omnes
3267 4987 3513 5044 homines
3554 4989 3622 5044 ad

2052 5082 2553 5141 condemnationem
2571 5116 2587 5145 ,
2615 5080 2692 5134 ita
2720 5089 2776 5134 et
2800 5093 2899 5147 per
2922 5077 3083 5132 unius
3102 5075 3541 5146 justiﬂcationem
3568 5077 3622 5134 ir.

2052 5193 2240 5237 omnes
2279 5177 2528 5237 homines
2551 5171 3075 5242 adjustiticatioutm
3121 5171 3242 5226 vita:
3286 5172 3462 5226 adhuc
3494 5184 3625 5242 per-

2055 5274 2310 5325 maneant
2355 5267 2411 5319 in
2454 5264 2694 5321 vanitate
2742 5261 2939 5316 montis
2968 5270 3109 5323 sua,
3142 5269 3211 5314 .et
3244 5260 3426 5315 dicant
3460 5274 3627 5315 unum

2057 5355 2330 5413 hominem
2375 5370 2482 5409 non
2511 5351 2857 5423 propaginem
2883 5347 3179 5417 traiecisse,
3205 5348 3301 5404 sed
3323 5348 3629 5421 exmplum

2058 5444 2352 5516 pnnbuisse
2377 5443 2605 5514 peccati.
2628 5440 2910 5509 Quomodo
2930 5453 3060 5510 ergo
3077 5454 3177 5509 per
3192 5439 3353 5496 unius
3379 5439 3634 5495 delictum

2060 5537 2113 5590 in
2134 5549 2324 5590 omnes
2339 5533 2584 5589 homines
2604 5530 2671 5586 ad
2692 5530 3217 5593 condemnationem,
3242 5534 3300 5584 et
3323 5541 3431 5584 non
3454 5530 3631 5599 potius

2059 5641 2157 5707 per
2188 5624 2354 5680 multa
2380 5638 2477 5679 sua
2503 5621 2725 5686 delicta,
2752 5620 2867 5677 nisi.
2896 5621 3023 5690 quia
3059 5618 3272 5675 etiamsi
3303 5618 3430 5683 illud
3460 5632 3629 5675 unum

3125 5711 3202 5770 Us
