3998 6202
305 236 460 333 ,ιδεξι

315 558 444 623 fert,
478 569 534 613 ut
566 560 741 614 omnis
771 561 942 631 gratia
992 562 1085 615 Dei
1114 576 1144 615 a
1169 561 1385 616 Christo
1426 562 1682 616 discatur.
1716 560 1897 633 (Aug)

316 649 470 715 Quod
506 664 634 703 vero
665 650 818 715 dicit,
842 651 926 704 lex
951 662 1126 705 autent
1155 653 1484 717 subintravit,
1520 664 1572 706 ut
1609 654 1895 707 abundaret

314 740 585 805 delictum,
627 739 741 808 jam
774 758 879 794 non
924 742 1155 811 pertinet
1183 743 1250 797 ad
1292 743 1421 796 illud
1471 744 1723 799 delictum
1753 743 1897 812 quod

314 832 550 895 trahitur
573 848 637 886 ex
661 833 851 893 Adam,
890 834 954 887 de
983 850 1088 903 quo
1114 835 1361 903 superius
1387 836 1617 899 dicebat,
1648 852 1785 888 mors
1815 851 1896 888 re-

312 924 484 993 gnavit
512 939 603 992 per
628 939 811 975 unum.
842 922 1035 993 Legem
1079 925 1275 995 quippe
1317 925 1430 980 sive
1471 924 1768 978 naturalem
1808 926 1891 979 iu-

312 1013 640 1083 telligamus,
672 1028 791 1080 qum
818 1013 870 1067 in
895 1028 1082 1068 eorum
1113 1024 1334 1085 apparet
1360 1014 1638 1079 aetatibus,
1671 1015 1890 1085 quijam

304 1104 522 1158 ratione
566 1103 639 1156 uti
670 1111 912 1174 possunt,
946 1105 1058 1159 sive
1087 1106 1471 1176 conscriptam,
1502 1123 1622 1176 qua:
1655 1107 1779 1163 data
1807 1116 1892 1163 est

308 1209 409 1265 per
449 1194 689 1264 Moysen,
719 1195 844 1264 quia
875 1211 971 1249 nec
998 1196 1174 1264 potuit
1202 1195 1314 1265 ipsa
1344 1197 1616 1250 viviﬁcare
1654 1210 1708 1251 e;
1754 1194 1881 1251 libe.

309 1306 436 1345 rare
462 1306 490 1344 a
526 1290 639 1360 lege
682 1290 889 1360 peccati
930 1299 984 1343 et
1023 1290 1213 1344 mortis
1254 1304 1373 1360 quae
1420 1298 1645 1344 tractata
1696 1298 1781 1345 est
1822 1305 1889 1344 ex

308 1381 505 1446 Adam,
531 1382 624 1436 sed
660 1380 832 1452 magis
855 1381 1058 1435 addidit
1081 1380 1541 1450 praevaricationis
1567 1387 1885 1451 augmenta:

309 1475 397 1528 ubi
428 1475 565 1527 enim
596 1490 699 1528 non
727 1483 800 1527 est
842 1471 945 1537 lex,
980 1489 1071 1526 nec
1100 1471 1479 1542 praevaricatio.
1528 1470 1887 1526 Prmvaricata

308 1580 439 1635 ergo
480 1563 596 1634 lege
633 1578 753 1632 qua:
776 1563 828 1617 in
859 1563 1110 1632 paradiso
1150 1563 1275 1616 data
1313 1571 1412 1624 est,
1446 1563 1685 1616 nascitur
1726 1564 1889 1617 homo

308 1670 372 1708 ex
406 1653 571 1707 Adam
604 1668 726 1707 eum
770 1652 884 1723 lege
931 1652 1137 1723 peccati
1181 1664 1236 1706 et
1285 1652 1494 1716 mortis,
1525 1652 1592 1706 de
1620 1668 1723 1721 qua
1756 1652 1889 1706 dici-

848 264 1393 323 ENARRATIONUM
1431 264 1497 321 1N
1528 263 1677 319 EPP.
1719 263 1918 319 PAULI
1959 261 2082 316 LIB.
2126 261 2209 317 lll.
2249 295 2317 304 —
2353 264 2420 319 IN
2457 265 2670 323 EPIST.
2712 266 2806 322 AD
2840 266 3008 326 R03.

314 390 481 447 gnum
504 375 796 447 est,gratia
828 388 1110 449 regnante,
1132 378 1271 433 sicut
1293 377 1487 433 diaboli
1508 391 1729 447 regnum
1757 386 1896 439 erat,
1929 383 1971 438 Α

314 476 540 537 peccato
587 478 862 537 regnante.
912 467 1105 522 Totum
1155 479 1335 523 tamen
1374 468 1445 522 ad
1497 467 1769 521 Christum
1817 483 1901 521 re-

3435 270 3576 327 5390

2608 378 2833 436 CAPUT
2876 379 2962 436 Vl.

2000 462 2245 519 Declarat
2268 467 2626 542 Apostolusin
2652 471 2879 542 peccatis
2901 488 3004 526 non
3027 488 3137 527 esse
3165 475 3499 542 "tenendum,
3524 486 3574 532 οε

2354 538 2494 606 quod
2518 538 2591 593 sit
2616 538 2839 593 virtuose
2873 543 3213 609 operandam.

2072 640 2212 706 Quid
2253 660 2374 713 ergo
2417 644 2685 700 dicemus?
2721 652 3135 719 pcrmanebimus
3164 655 3217 709 in
3250 671 3485 726 peccato,
3513 669 3574 717 τ

1993 734 2165 800 gratia
2199 734 2461 788 abundet?
2486 736 2648 791 Absit.
2679 739 2860 813 Ling.)
2890 742 3040 808 Quod
3078 754 3257 800 autem
3286 748 3366 803 ait
3393 767 3408 803 :
3431 748 3574 817 Qui:

1995 824 2137 876 enim
2165 823 2439 881 dicemus?
2463 830 2877 897 permanebimus
2925 836 2980 888 in
3031 848 3270 905 peccato,
3303 851 3357 908 ut
3400 843 3575 912 gratia

1993 914 2260 970 abundet?
2299 918 2464 972 Absit.
2510 918 2613 985 Qui
2655 924 2847 976 mortui
2888 942 3066 981 sumus
3107 941 3317 997 peccato
3362 934 3583 1003 quand!

1992 1004 2296 1081 [quomodo]
2325 1011 2547 1065 vivemus
2573 1014 2626 1065 in
2656 1029 2736 1067 eo.
2780 1014 2878 1071 llic
2919 1019 3156 1074 ostendit
3181 1021 3246 1075 de
3284 1024 3573 1097 praeteritis

1989 1098 2226 1164 peccatis
2249 1098 2450 1154 factum
2492 1116 2632 1167 esse,
2659 1114 2718 1157 ut
2759 1106 3109 1174 donarentur,
3134 1118 3189 1164 et
3216 1111 3270 1165 in
3291 1127 3357 1167 eo
3377 1128 3569 1183 super-

1990 1186 2291 1244 abundasse
2319 1191 2569 1260 gratiam,
2598 1200 2656 1245 ut
2682 1195 2953 1262 praeterita
2985 1209 3205 1267 peccata
3232 1201 3572 1259 dimitterent»

1988 1284 2095 1331 tur.
2118 1278 2257 1349 Ergo
2279 1282 2521 1352 quisquis
2542 1286 2717 1341 adhuc
2741 1288 2934 1358 qumrit
2955 1303 3240 1361 augmenta
3257 1297 3487 1364 peccati,
3509 1303 3570 1352 tl:

1990 1382 2337 1438 augmentum
2364 1376 2553 1445 gratim
2575 1379 2798 1444 sentiat,
2822 1394 2927 1434 non
2953 1382 3202 1455 intelligit
3229 1386 3285 1441 id
3305 1401 3364 1441 se
3385 1401 3566 1457 agere.

1988 1465 2048 1509 ιιι
2071 1458 2203 1512 nihil
2230 1460 2282 1514 in
2309 1476 2375 1516 eo
2403 1465 2575 1533 gratia
2597 1478 2871 1535 operetur.
2904 1470 3052 1541 Opus
3079 1474 3224 1529 enim
3250 1478 3437 1547 gratite
3460 1488 3566 1545 est.

1988 1554 2047 1599 ut
2063 1549 2355 1604 moriamur
2373 1564 2613 1622 peccato.
2639 1557 2864 1631 (Ambr.)
2886 1560 2996 1616 Hoc
3019 1572 3125 1630 est,
3154 1566 3395 1637 nunquid
3425 1582 3570 1627 seu»

1987 1654 2084 1708 per
2125 1645 2457 1711 peccandum
2484 1658 2582 1712 est,
2614 1659 2672 1704 ut
2716 1654 2915 1707 donum
2955 1656 3050 1711 Dei
3096 1655 3353 1724 abundet,
3380 1666 3567 1728 tegens

311 1754 437 1798 tur:
472 1744 633 1797 Video
667 1743 827 1798 aliam
866 1741 1026 1814 legem
1056 1743 1112 1797 in
1142 1742 1384 1796 membris
1423 1744 1549 1796 meis
1588 1759 1884 1813 repugnan-

1997 1741 2172 1785 nostra
2210 1744 2453 1802 peccata,
2478 1745 2535 1791 ut
2562 1754 2774 1811 semper
2810 1744 3180 1818 remissionem
3220 1757 3565 1818 peccatorum

310 1846 410 1889 tem
440 1835 541 1904 tegi
573 1835 757 1888 utentis
786 1850 942 1896 metu,
977 1843 1032 1888 et
1060 1840 1251 1888 caetera
1285 1831 1457 1903 (Rom.
1493 1834 1617 1904 vn);
1647 1848 1766 1902 qua:
1810 1841 1889 1887 ta-

312 1941 432 1977 men
461 1923 565 1978 nisi
594 1922 734 1977 mala
778 1932 962 1993 postea
1001 1923 1390 1977 consuetudine
1430 1924 1728 1984 rohoretur,
1764 1922 1894 1978 faci-

311 2017 413 2070 lius
446 2016 699 2081 vincitur,
724 2031 831 2069 non
858 2023 1035 2067 tamen
1063 2013 1179 2067 sine
1205 2013 1376 2083 gratia
1400 2011 1513 2065 Dei.
1546 2011 1683 2081 Lege
1712 2020 1893 2066 autem

309 2108 411 2160 alia
454 2107 826 2175 praevaricata,
854 2120 972 2175 qum
999 2113 1080 2158 est
1117 2104 1169 2157 in
1199 2119 1296 2157 usu
1331 2103 1557 2157 rationis
1584 2103 1777 2157 animo:
1808 2118 1895 2156 ra-

312 2197 546 2260 tionalis,
578 2197 630 2251 in
651 2205 811 2250 aetate
838 2194 1072 2250 hominis
1093 2194 1202 2263 jam
1221 2194 1429 2249 ratione
1451 2193 1665 2254 utentis,
1688 2209 1895 2263 prmva-

309 2287 576 2341 ricatores
598 2286 732 2341 ﬁunt
766 2301 955 2341 omnes
976 2294 1292 2356 peccatores
1318 2293 1493 2338 terrae.
1530 2282 1892 2338 Pracvaricata

309 2391 443 2431 vero
469 2378 583 2448 lege
608 2379 772 2433 etiam
801 2377 889 2431 illa
917 2392 1037 2445 qum
1061 2377 1186 2430 data
1212 2386 1294 2431 est
1320 2390 1414 2445 per
1449 2375 1689 2446 Moysen,
1720 2376 1889 2430 multo

309 2469 543 2538 amplius
574 2469 808 2523 abundat
837 2468 1115 2523 delictum.
1149 2467 1260 2521 Lex
1304 2482 1433 2539 ergo
1484 2468 1809 2522 subintravit
1837 2476 1893 2522 ut

307 2560 609 2615 abundaret
650 2559 900 2614 delictum
928 2599 941 2623 ,
993 2559 1107 2613 sive
1158 2574 1279 2612 eum
1320 2558 1566 2613 homines
1615 2558 1891 2629 negligant

308 2652 452 2721 quod
482 2651 612 2705 dicit
634 2666 696 2705 ac
719 2648 893 2718 jubet,
920 2649 1035 2705 sive
1062 2664 1184 2703 cum
1212 2650 1277 2703 de
1306 2650 1418 2704 suis
1452 2649 1655 2704 viribus
1681 2665 1887 2719 praesu-

310 2754 522 2800 mentes
550 2742 874 2812 adjutorium
906 2742 1094 2814 gratia:
1120 2757 1225 2797 non
1261 2741 1573 2812 implorant,
1599 2752 1654 2796 et
1686 2742 1890 2797 addunt

310 2834 609 2892 inﬁrmitati
637 2833 963 2902 superbiam.
993 2832 1125 2886 Cum
1167 2840 1347 2885 autem
1379 2831 1665 2886 vocatione
1706 2831 1887 2885 divina

309 2925 616 2996 intelligunt
636 2924 718 2977 cui
742 2924 813 2977 sit
837 2921 1314 2993 ingemiscendum,
1341 2929 1394 2975 et
1418 2921 1670 2976 invocant
1694 2937 1815 2974 eum
1835 2921 1887 2975 in

310 3030 471 3084 quem
517 3024 665 3068 recte
697 3012 940 3077 credunt,
970 3010 1211 3065 dicentes
1239 3027 1254 3064 :
1281 3004 1529 3063 Miserere
1569 3010 1690 3075 mei,
1724 3009 1884 3075 Deus,

1998 1836 2301 1893 sperantes,
2322 1830 2447 1899 quia
2474 1832 2609 1889 Deus
2647 1836 2767 1905 pius
2802 1804 2908 1903 est},
2933 1838 3133 1895 Christi
3165 1804 3397 1912 gratiam
3427 1857 3568 1913 pta--

1997 1914 2270 1972 feramus?
2298 1920 2413 1975 Non
2445 1923 2645 1992 utique.
2674 1924 2797 1981 Ideo
2827 1928 2970 1983 enim
3001 1932 3173 1986 nostri
3204 1931 3456 1990 misertus
3484 1945 3571 1990 est

1996 2010 2137 2065 Deus
2165 2027 2260 2080 per
2294 2012 2566 2070 Christum
2585 2057 2599 2082 ,
2628 2026 2685 2072 ut
2717 2018 2784 2074 de
2811 2030 3008 2077 caetero
3034 2038 3138 2078 non
3176 2035 3483 2094 peccantes,
3513 2036 3571 2084 et

1997 2105 2250 2157 meritum
2282 2105 2436 2160 nobis
2460 2116 2515 2161 et
2546 2108 2638 2163 Dei
2672 2111 2901 2181 gratiam
2930 2112 2982 2166 in
3014 2128 3113 2168 nos
3140 2130 3365 2185 regnare
3394 2114 3565 2171 facia-

1996 2206 2134 2244 mus.
2166 2192 2357 2270 Aufert
2382 2196 2526 2249 enim
2554 2213 2775 2266 regnum
2804 2201 2991 2271 gratim
3020 2202 3137 2269 Dei,
3160 2213 3215 2258 et
3245 2204 3411 2260 tradit
3436 2220 3566 2276 pec-

1993 2287 2138 2347 cate,
2172 2282 2262 2351 qui
2315 2300 2500 2340 rursus
2550 2287 2687 2342 redit
2734 2290 2801 2342 ad
2855 2298 3089 2347 veterem
3140 2294 3434 2362 hominem,
3463 2297 3568 2352 hoe

1993 2379 2103 2436 est,
2131 2373 2197 2426 ad
2228 2374 2387 2428 ritum
2418 2377 2706 2445 praeteritae
2734 2379 2873 2433 vitae.
2900 2381 3115 2438 Duabus
3133 2385 3276 2439 enim
3298 2400 3365 2440 ex
3390 2389 3566 2443 causis

1993 2459 2417 2519 misericordiam
2447 2466 2774 2535 accepimus,
2804 2477 2862 2522 ut
2899 2478 2952 2524 et
2988 2470 3184 2527 diaboli
3216 2488 3437 2544 regnum
3464 2491 3565 2531 ex-

1992 2548 2331 2619 cluderetur,
2360 2562 2416 2608 et
2446 2554 2537 2609 Dei
2571 2556 2853 2626 imperium
2894 2559 3265 2628 ignorantibus
3299 2564 3562 2632 prauliea-

1994 2649 2162 2707 retur,
2202 2658 2299 2711 per
2328 2644 2429 2701 hoc
2471 2646 2643 2716 ipsum
2687 2648 2944 2718 dignitate
2986 2651 3141 2707 nobis
3182 2655 3426 2723 quasita.
3462 2655 3564 2722 Qut

1990 2733 2126 2787 enim
2165 2738 2357 2791 mortui
2402 2754 2581 2792 sumus
2621 2751 2863 2809 peccato,
2908 2744 3166 2813 quomodo
3203 2745 3377 2800 αάΙιιισ
3423 2748 3561 2802 vive-

1990 2839 2106 2877 mus
2140 2825 2192 2877 in
2234 2824 2366 2880 illo?
2412 2827 2524 2883 Hoc
2563 2829 2724 2894 dicit,
2767 2833 3020 2901 quoniam
3064 2834 3304 2890 viventes
3342 2845 3563 2905 peccato

1991 2914 2187 2968 mortui
2231 2931 2446 2973 eramus
2490 2920 2632 2988 apud
2678 2920 2844 2976 Deum
2872 2922 2998 2991 :qui
3041 2922 3402 2992 prccat‘enim
3431 2926 3562 2983 vivit

1990 3011 2234 3073 peccato,
2265 3004 2405 3061 sicut
2446 3008 2536 3077 qui
2576 3025 2682 3064 non
2731 3021 2920 3079 pec>at
2955 3013 3084 3068 vivit
3126 3013 3255 3070 Deo.
3290 3013 3562 3086 Superve-

309 3103 595 3159 secundum
620 3118 860 3171 magnam
884 3100 1294 3155 misericordiam
1319 3108 1461 3153 tuam
1490 3099 1662 3172 (Psal.
1693 3098 1767 3169 1.).
1792 3100 1877 3163 Ει,
1908 3084 1953 3145 C
1985 3092 2165 3147 Ilienle
2189 3095 2331 3149 cllim
2348 3098 2517 3165 gratia
2538 3098 2633 3153 Dei
2659 3115 2754 3169 per
2778 3099 3071 3168 Christum,
3086 3111 3136 3160 et
3160 3118 3260 3159 nos
3280 3084 3383 3174 per
3401 3107 3561 3162 ﬁdem

311 3190 425 3261 Ego
446 3191 578 3253 dixi,
602 3188 845 3252 Domine,
864 3188 1109 3242 miserere
1136 3188 1256 3251 mei,
1286 3204 1417 3240 sana
1447 3187 1678 3240 animam
1720 3203 1888 3241 meam

310 3280 559 3352 quoniam
582 3277 787 3349 peccari
816 3277 911 3331 tibi
952 3275 1123 3349 (Psal.
1152 3276 1261 3348 xc).
1306 3275 1441 3331 Cum
1469 3292 1597 3347 ergo
1623 3291 1680 3331 se
1729 3277 1890 3331 homo

314 3373 382 3425 ad
416 3370 565 3424 illum
599 3367 905 3425 extenderit
937 3378 992 3423 et
1018 3370 1097 3424 sic
1126 3369 1468 3439 ingemuerit,
1497 3368 1590 3423 ﬂet
1627 3370 1771 3440 quod
1807 3386 1892 3425 se-

313 3463 519 3530 quitur,
541 3459 629 3515 ubi
650 3468 825 3514 autem
847 3458 1131 3514 abundavit
1156 3458 1421 3525 delictum,
1452 3462 1890 3530 superabundavit

312 3554 507 3625 gratia,
533 3559 589 3608 et
615 3553 955 3608 dimittuntur
983 3553 1033 3606 ei
1062 3559 1286 3622 peccata
1310 3552 1474 3606 multa
1493 3593 1507 3618 ,
1536 3554 1788 3622 quoniam
1816 3553 1893 3607 di-

314 3645 447 3698 lexit
478 3642 703 3698 multum
733 3641 882 3714 (Luc.
916 3641 1012 3714 vn)
1034 3682 1047 3706 ,
1077 3648 1134 3696 et
1155 3639 1471 3695 dilbmditur
1500 3640 1553 3695 in
1581 3643 1741 3697 corde
1767 3643 1891 3698 cha-

314 3736 453 3790 ritas
498 3735 614 3802 Dei,
643 3734 787 3789 unde
834 3733 928 3788 ﬁat
973 3732 1105 3802 legis
1150 3731 1446 3802 plenitudo,
1491 3747 1596 3788 non
1626 3748 1722 3803 per
1748 3733 1892 3788 vires

315 3830 526 3887 arbitrii
554 3819 693 3900 quod
715 3837 797 3884 est
821 3830 874 3883 in
899 3828 1074 3892 nobis,
1096 3827 1189 3882 sed
1215 3841 1314 3896 per
1359 3826 1617 3895 Spiritum
1646 3836 1892 3881 sanetum

317 3923 409 3993 qui
441 3922 598 3975 datus
634 3929 717 3975 est
748 3919 903 3975 nobis
922 3961 937 3985 ,
963 3927 1019 3972 ut
1046 3917 1483 3989 quemadmodum
1514 3918 1741 3986 regnavit
1771 3933 1891 3987 pec—

319 4023 494 4066 catum
519 4011 573 4065 in
603 4019 786 4072 morte,
814 4010 888 4063 sic
926 4018 973 4063 et
1021 4007 1194 4078 gratia
1237 4015 1409 4077 regnet
1435 4022 1527 4076 per
1541 4006 1805 4076 justitiam
1839 4007 1893 4059 in

318 4107 477 4160 vitam
517 4114 785 4165 wteruam,
825 4118 918 4172 per
955 4100 1139 4155 Jesum
1179 4097 1443 4154 Christum
1482 4094 1764 4151 Dominum
1803 4114 1896 4152 no-

318 4207 508 4251 strum.
539 4193 714 4257 Modo,
740 4208 861 4247 cum
888 4189 1139 4255 dixisset,
1163 4199 1219 4243 ut
1246 4187 1684 4259 quemadmodum
1719 4205 1897 4259 regna-

320 4289 392 4343 vit
414 4296 680 4357 peccatum
712 4285 765 4337 in
794 4292 988 4347 morte,
1019 4296 1125 4335 non
1150 4279 1259 4344 ait,
1286 4293 1384 4349 per
1409 4294 1571 4332 unum
1599 4278 1895 4342 hominem,

323 4389 415 4433 aut
454 4376 686 4449 primum
726 4373 1018 4435 hominem,
1048 4378 1142 4425 aut
1177 4384 1275 4440 per
1318 4367 1509 4432 Adam,
1535 4367 1793 4437 quiajam
1822 4365 1897 4421 di—

324 4476 508 4531 xerat,
557 4463 640 4519 (ea;
689 4460 994 4516 subintravit
1039 4466 1096 4512 ut
1139 4456 1429 4511 abundaret
1475 4454 1902 4522 delictum:qua3

325 4555 650 4612 abundantia
682 4568 787 4606 non
825 4550 1059 4621 pertinet
1095 4548 1162 4603 ad
1190 4547 1352 4619 primi
1379 4546 1614 4602 hominis
1653 4545 1902 4615 propagi-

325 4662 473 4712 nem,
501 4644 593 4699 sed
639 4642 705 4697 ad
752 4639 1177 4697 conversationis
1206 4640 1458 4694 humana:
1497 4635 1901 4706 praevaricatio-

326 4754 473 4802 nem,
504 4752 621 4807 quae
651 4734 724 4789 illi
755 4734 847 4788 uni
892 4732 1108 4797 delicto,
1137 4745 1244 4801 quo
1272 4730 1387 4785 solo
1428 4728 1674 4784 obstricti
1706 4737 1897 4784 tenen-

329 4839 417 4884 tur
438 4829 669 4882 infantes
687 4826 798 4894 jam
821 4824 874 4878 in
897 4821 1192 4892 majoribus
1209 4819 1456 4875 aetatibus
1477 4833 1544 4873 ex
1568 4817 1898 4873 abundantia

329 4916 630 4989 iniquitatis
653 4915 860 4984 adjecta
881 4921 982 4968 est.
1009 4911 1115 4966 Sed
1134 4909 1387 4980 quoniam
1409 4909 1513 4964 hoc
1539 4915 1707 4962 totum
1736 4907 1898 4961 etiam

329 5007 472 5078 quod
502 5021 605 5060 non
636 5004 870 5074 pertinet
916 5004 983 5057 ad
1024 5002 1165 5057 illius
1209 5001 1368 5055 unius
1402 5000 1583 5056 delicti
1614 5000 1901 5069 originem,

331 5109 511 5154 tamen
540 5096 728 5152 idonea
754 5103 838 5150 est
858 5093 1066 5149 solvere
1087 5093 1260 5163 gratia
1282 5091 1609 5160 Salvatoris;
1640 5093 1759 5147 ideo
1780 5109 1900 5146 cum

333 5192 575 5253 dixisset,
603 5189 677 5243 sic
707 5197 754 5242 et
795 5184 966 5257 gratia
1009 5193 1181 5254 regnet
1224 5197 1316 5255 per
1344 5183 1608 5253 justitiam
1651 5183 1702 5237 in
1745 5183 1901 5238 vitam

330 5291 600 5343 (sternam,
633 5277 857 5341 addidit,
889 5293 981 5348 per
1001 5273 1184 5331 Iesum
1215 5273 1477 5328 Christum
1502 5273 1782 5329 Dominum
1807 5291 1902 5328 no-

331 5381 521 5427 strum.
563 5366 771 5422 Nullius
817 5368 997 5435 itaque
1033 5364 1527 5437 argumentationes
1573 5373 1756 5417 contra
1788 5363 1905 5418 lucc

334 5461 629 5533 apostolica
660 5459 826 5513 verba
849 5457 1141 5526 impediant
1160 5455 1412 5528 parvulos
1432 5469 1462 5509 a
1485 5453 1676 5518 salute,
1692 5456 1809 5524 qua:
1824 5460 1907 5506 est

337 5554 391 5607 in
418 5550 637 5607 Christo
669 5548 795 5605 Iesu
841 5547 1068 5602 Domino
1098 5557 1303 5611 nostro,
1332 5553 1483 5599 tanto
1508 5543 1679 5614 magis
1705 5557 1804 5612 pro
1827 5541 1906 5596 eis

338 5642 482 5707 loqui
516 5641 791 5706 debemus,
809 5646 1008 5708 quanto
1039 5637 1138 5707 ipsi
1163 5650 1257 5708 pro
1279 5648 1336 5692 se
1358 5634 1500 5705 loqui
1532 5648 1635 5688 non
1662 5640 1904 5703 possunt.

1991 3181 2206 3240 lavacro
2253 3187 2476 3255 spiritali
2521 3202 2890 3260 regenerante,
2913 3195 3174 3263 cmpimus
3212 3196 3392 3252 vivere
3427 3197 3560 3260 θαι,

1994 3272 2189 3327 mortui
2217 3281 2398 3329 autem
2422 3291 2547 3332 esse
2565 3288 2806 3348 peccato,
2837 3281 2925 3350 qui
2956 3293 3038 3338 est
3063 3283 3326 3349 diabolus,
3359 3287 3460 3342 hoc
3480 3296 3562 3342 est

1995 3369 2173 3417 tamen
2203 3364 2338 3418 mori
2365 3375 2622 3435 peccato,
2648 3368 2862 3423 liberari
2887 3386 2917 3424 a
2948 3381 3196 3441 peccato,
3231 3372 3343 3429 ﬁeri
3381 3383 3560 3432 autem

1993 3470 2210 3511 servum
2231 3456 2343 3511 Dei.
2363 3458 2544 3529 Itaque
2560 3462 2754 3516 mortui
2772 3461 2881 3531 jam
2901 3472 3143 3533 peccato,
3158 3480 3262 3519 non
3281 3464 3564 3521 redeamus

1995 3544 2061 3598 ad
2091 3545 2228 3599 mala
2255 3547 2501 3616 pristina,
2523 3564 2592 3604 ne
2620 3551 2813 3605 iterum
2835 3551 3079 3608 vivamus
3104 3563 3346 3624 peccato,
3369 3564 3427 3611 et
3452 3572 3564 3611 mo.

1996 3635 2196 3691 rientes
2216 3638 2343 3700 Deo,
2361 3641 2557 3694 amissa
2573 3642 2851 3711 dignitate.
2866 3659 3079 3713 prauam
3092 3663 3250 3715 quam
3275 3650 3563 3714 evasimus,

1995 3724 2349 3781 iucurramus.
2369 3727 2548 3800 (Aug.)
2565 3731 2638 3785 De
2653 3746 2756 3798 qua
2777 3746 2875 3800 per
2903 3748 3065 3787 unum
3085 3734 3354 3791 hominem
3368 3751 3563 3806 patum,

1996 3826 2052 3869 et
2075 3830 2171 3885 per
2198 3833 2360 3872 unum
2404 3819 2673 3874 hominem
2713 3821 2898 3891 gratia
2930 3838 3052 3877 cum
3096 3824 3306 3880 locutus
3351 3826 3564 3893 fuisset,

1997 3904 2188 3959 deinde
2214 3907 2354 3962 sacri
2378 3906 2708 3977 baptismatis
2733 3910 2786 3964 in
2813 3925 2974 3967 cruce
2995 3912 3198 3967 Christi
3221 3917 3423 3984 grande
3449 3932 3563 3988 my-

1998 3996 2222 4050 sterium
2243 3999 2656 4064 commendavit,
2679 4015 2744 4055 eo
2770 4002 2946 4066 modo,
2971 4014 3029 4057 ut
3050 4002 3407 4073 intelligamus
3435 4007 3569 4062 nihil

1999 4085 2141 4141 aliud
2188 4102 2308 4141 esse
2350 4086 2548 4143 Christi
2595 4090 2921 4159 baptismum
2966 4092 3067 4148 nisi
3122 4094 3311 4149 mortis
3359 4095 3562 4153 Christi

1999 4177 2420 4234 similitudinem.
2448 4179 2589 4236 Nihil
2614 4190 2790 4238 autem
2810 4182 2954 4238 aliud
2976 4193 3203 4241 mortem
3225 4186 3426 4244 Christi
3445 4204 3572 4244 crn-

2002 4270 2178 4335 citixi,
2238 4271 2341 4326 nisi
2393 4274 2725 4328 remissionis
2775 4275 2978 4344 peccati
3033 4275 3457 4343 similitudinem,
3509 4289 3571 4335 ιιι

2003 4363 2453 4433 quemadmodum
2481 4362 2532 4419 in
2562 4363 2652 4418 illo
2671 4378 2797 4419 vera
2820 4379 2965 4420 mors
2987 4366 3129 4421 facta
3155 4374 3256 4432 est,
3286 4367 3365 4424 sic
3390 4369 3446 4425 in
3474 4385 3570 4426 no-

2003 4456 2085 4510 bis
2109 4470 2236 4509 vera
2267 4455 2513 4509 remissio
2544 4461 2915 4523 peccatorum;
2949 4462 3004 4512 et
3028 4457 3479 4525 quemadmodum
3511 4460 3571 4516 in

2001 4547 2092 4602 illo
2120 4562 2246 4601 vera
2277 4544 2630 4608 resurrectio,
2667 4543 2739 4597 ita
2781 4542 3032 4616 ingnohis
3070 4560 3198 4601 vera
3226 4544 3569 4614 justiﬁcatio.

2000 4638 2091 4693 Ait
2119 4651 2249 4707 ergo
2275 4654 2287 4688 :
2316 4632 2453 4701 Quid
2495 4650 2615 4704 ergo
2645 4632 2917 4689 dicemus?
2942 4635 3354 4704 permunebiutus
3376 4636 3434 4694 in
3450 4654 3571 4708 pec-

1999 4740 2136 4795 cato,
2168 4738 2223 4782 ut
2248 4728 2419 4800 gratia
2446 4726 2711 4781 abundet?
2739 4725 2959 4782 Dixerat
2995 4727 3141 4782 enim
3189 4730 3453 4799 superius,
3478 4728 3573 4786 ubi

1998 4820 2133 4874 enim
2175 4817 2453 4872 abundavit
2479 4825 2766 4885 peccatum,
2792 4815 3231 4886 superabundavit
3272 4818 3484 4889 gratia;
3514 4829 3573 4874 et

2001 4909 2121 4964 ideo
2155 4907 2505 4977 quaestionem
2534 4902 2632 4960 sibi
2661 4905 2773 4975 ipse
2800 4904 3098 4975 proposuit,
3131 4913 3311 4959 utrum
3350 4913 3572 4981 propter

2003 4995 2384 5051 abundantiam
2433 4995 2619 5065 gratia:
2665 4994 3119 5065 consequendam,
3149 4992 3205 5047 in
3249 5000 3472 5062 peccato
3498 4994 3576 5058 sit

2002 5086 2443 5158 permanendum.
2473 5083 2578 5139 Sed
2606 5084 2902 5154 respondit,
2928 5082 3083 5147 absit,
3109 5088 3269 5152 atque
3299 5082 3528 5152 subjecit
3553 5097 3572 5137 :

2004 5178 2065 5234 Si
2080 5177 2269 5231 mortui
2290 5191 2471 5231 sumus
2487 5183 2716 5245 peccato,
2730 5170 2985 5244 quomodo
3004 5171 3225 5227 vivemus
3243 5171 3299 5225 in
3317 5188 3378 5227 eo
3392 5173 3420 5227 7
3439 5173 3573 5229 nihil

2004 5268 2106 5324 dici
2136 5267 2309 5337 potuit
2332 5264 2548 5319 brevius
2573 5273 2627 5318 et
2652 5263 2877 5327 melius;
2908 5261 3037 5332 quid
3054 5261 3196 5316 enim
3222 5261 3375 5323 nobis
3397 5262 3576 5333 gratia

2007 5354 2102 5411 Dei
2147 5353 2332 5408 utilius
2374 5350 2586 5407 confert
2611 5351 2664 5405 in
2695 5351 2795 5406 hoc
2821 5349 3073 5420 ιιι-ωεξηιί
3111 5348 3307 5404 saeculo
3336 5347 3576 5425 maligno

2008 5444 2108 5499 nisi
2140 5453 2199 5498 ut
2224 5442 2520 5498 moriamur
2548 5451 2787 5512 peccato,
2816 5456 2882 5496 ac
2908 5453 3003 5512 per
3024 5441 3125 5497 hoc
3153 5439 3255 5511 ipsi
3281 5440 3469 5514 gratim
3492 5440 3604 5507 lu-,

2008 5536 2251 5591 venietur
2296 5532 2555 5604 ingratus,
2581 5533 2673 5602 qui
2722 5541 2943 5603 prdpter
2983 5531 3129 5586 illam
3169 5531 3289 5588 vult
3307 5532 3492 5587 vivere
3517 5530 3572 5586 iu

2009 5635 2252 5698 peccato,
2273 5639 2369 5696 per
2392 5638 2551 5695 quam
2583 5622 2843 5679 morimur
2871 5628 3108 5692 peccato.
