3998 6202
524 277 650 342 tant

1139 279 1201 334 Β.
1239 275 1492 334 ΒΔΒΑΝΙ
1529 271 1749 328 MAURI
1789 267 2108 325 ARCillEl‘.

2201 265 2456 322 ()CUNT.
2498 259 2785 320 OPERUM
2825 259 3002 317 PARS
3039 260 3132 316 ill.

3613 265 3694 322 trs

593 399 672 451 An
722 390 978 464 ignoratis
1021 390 1145 462 quia
1195 387 1488 460 quicunque
1532 383 1780 455 baptiznti
1823 397 2002 436 suntne
2045 380 2098 432 in
2131 382 2174 440 Α
2203 377 2426 430 surrexit
2465 374 2701 430 Christus
2728 394 2760 429 α
2794 377 3011 428 mortuis
3037 391 3132 445 per
3155 373 3367 444 gloriam
3398 369 3569 438 Pntm,
3589 378 3697 432 itaet
3759 441 3774 456 ἰ

521 489 732 542 Christo
753 484 902 546 Jesu,
918 485 974 538 in
995 491 1159 536 morte
1184 481 1345 550 ipsius
1371 475 1616 547 baptizati
1635 489 1814 528 sumus
1831 468 2101 542 ?(Ambr.)

520 579 641 633 ’tloc
663 575 814 635 dicit,
846 582 907 628 ut
931 573 1164 628 sciamus
1193 568 1494 638 baptizatos
1521 580 1617 620 nos
1641 563 1751 634 jam
1781 577 1885 616 non
1909 560 2106 616 debere

527 679 774 739 peccare,
798 663 920 734 quia
937 676 1067 717 cum
1091 661 1446 732 baptizamur,
1467 654 1849 709 commorimur
1867 651 2100 706 Christo.

531 757 644 811 Hoc
675 764 758 810 est
781 756 836 808 in
881 761 1054 806 morte
1084 751 1252 820 ipsius
1279 746 1544 818 baptizari
1573 762 1588 809 ;
1619 745 1726 798 illic
1753 743 1896 796 cnim
1924 741 2104 796 o.unia

533 855 751 917 peccata
770 853 954 897 nostra
979 841 1186 895 moriun
1215 853 1298 901 ur,
1322 847 1379 891 ut
1395 835 1629 890 inuovati
1648 833 1888 904 deposita
1913 841 2104 896 morte,

534 949 815 1006 resurgere
843 934 1123 988 videamur
1171 930 1237 982 ad
1287 929 1450 982 vitam
1499 928 1706 987 renati,
1737 934 1797 978 ut
1839 922 2109 994 quomodo

532 1029 780 1083 Christus
829 1033 1067 1079 mortuus
1109 1031 1330 1092 peccato
1363 1019 1675 1081 resurrexit,
1708 1017 1781 1070 ita
1807 1025 1863 1069 et
1889 1029 1986 1067 nos
2014 1027 2110 1084 per

537 1121 858 1190 baptismum
902 1132 1050 1186 spem
1099 1111 1510 1169 resurrectionis
1553 1110 1866 1164 habeamus.
1902 1105 2112 1175 Raptis.

538 1227 684 1266 litttttt
717 1207 896 1278 itaque
939 1221 1084 1260 mors
1111 1203 1314 1274 peccati
1346 1211 1456 1260 cst.
1483 1211 1542 1254 ut
1566 1201 1666 1253 alia
1695 1206 1952 1267 sequatur
1975 1196 2112 1250 nati-

539 1303 700 1365 vitas,
730 1313 848 1370 qua!
889 1296 1128 1366 corporis
1175 1303 1429 1350 manente
1473 1280 1805 1362 compagine,
1839 1287 2110 1344 hominem

542 1399 722 1444 tuente
767 1390 1018 1452 itmorat,
1049 1387 1256 1454 supulta
1303 1385 1540 1438 omnium
1581 1382 1844 1436 malorum
1897 1388 2110 1433 actuum

541 1487 828 1535 vetustate.
875 1475 1172 1547 Consepulti
1217 1476 1352 1528 enim
1397 1491 1576 1528 smnus
1609 1489 1723 1526 cum
1752 1471 1843 1524 illo
1869 1487 1960 1542 per
1985 1471 2113 1540 lmp-

544 1557 828 1622 tismumin
859 1578 1090 1630 mortem,
1116 1577 1168 1618 ut
1199 1565 1637 1636 quemadmodum
1671 1561 1909 1616 Christus
1941 1578 2114 1614 resur-

545 1661 680 1712 rexit
713 1677 744 1710 ιι
771 1658 988 1710 mortuis
1017 1673 1108 1726 per
1135 1657 1377 1708 virtutem
1412 1653 1584 1708 Patris
1601 1695 1614 1718 ,
1641 1655 1713 1706 ita
1740 1663 1786 1707 et
1819 1669 1912 1705 nos
1940 1652 1993 1706 in
2018 1668 2116 1705 no—

2207 487 2299 523 uos
2327 470 2378 522 in
2401 470 2624 524 novitate
2649 467 2765 522 vilic
2794 468 3144 530 (turbulentus,
3171 477 3298 532 etc.,
3326 483 3478 536 usque
3495 468 3598 523 dum
3617 471 3703 526 ait:

2205 559 2362 625 Quod
2389 559 2527 612 enim
2554 567 2790 611 mortuus
2819 565 2893 610 est
2926 567 3171 628 peccato,
3202 565 3425 610 mortuus
3459 568 3523 611 est
3553 561 3703 627 semel,-

2205 651 2343 724 quod
2372 661 2542 704 autem
2579 649 2716 714 civit,
2748 649 2866 704 rivit
2892 648 3036 702 Deo:
3061 649 3135 703 ita
3163 660 3210 702 et
3261 665 3347 702 ros
3376 649 3621 704 existimate
3641 669 3704 707 tot

2208 751 2438 795 mortuos
2483 756 2591 794 esse
2636 749 2876 810 peccato,
2908 739 3072 794 vivere
3114 749 3290 792 autent
3333 737 3432 792 Deo
3469 741 3516 794 in
3548 739 3707 798 Christo

2207 831 2354 887 Jesu.
2399 831 2533 886 Hinc
2563 832 2705 885 enim
2754 829 2985 901 probare
3033 840 3277 900 cmpemt
3318 845 3414 883 non
3457 845 3559 884 esse
3593 833 3709 888 nobis

2209 925 2628 992 permanendum
2655 923 2706 977 in
2736 933 2986 994 peccato,
3018 929 3077 975 ιιι
3124 922 3296 992 gratia
3325 922 3562 990 abundet,
3582 935 3630 979 ut
3649 926 3710 982 die

2209 1023 2361 1070 xm‘at
2391 1035 2402 1068 :
2428 1015 2486 1069 Si
2514 1015 2706 1068 mortui
2753 1031 2934 1068 sumus
2987 1027 3222 1084 peccato,
3265 1013 3505 1084 quomodo
3541 1017 3710 1072 trireme

2211 1107 2263 1160 in
2291 1107 2389 1160 eo?
2410 1106 2585 1175 Atque
2617 1115 2670 1160 ut
2691 1105 2996 1162 ostenderet
3020 1120 3120 1160 nos
3149 1114 3383 1160 mortuos
3400 1117 3507 1160 esse
3525 1117 3708 1175 pmto,

2213 1201 2291 1251 su’
2307 1198 2514 1266 jcccrat
2550 1217 2562 1251 :
2602 1197 2683 1252 An
2729 1199 3005 1268 ignoratis,
3035 1199 3162 1268 quia
3207 1199 3486 1268 quicunque
3522 1199 3713 1268 ὑπτιιὶΨὶ

2211 1306 2390 1342 smnus
2421 1291 2474 1342 in
2516 1287 2722 1343 Christo
2748 1287 2898 1354 Iesu,
2926 1289 2980 1342 in
3020 1297 3190 1343 morte
3233 1289 3373 1343 illius
3417 1291 3712 1360 bnpticatiat-

2215 1383 2370 1437 mus?
2395 1381 2486 1436 Sic
2528 1383 2707 1452 itaque
2739 1391 2906 1436 totum
2937 1380 3114 1436 locum
3159 1381 3321 1436 istum
3350 1381 3544 1448 clausit,
3567 1393 3614 1436 ut
3638 1400 3714 1437 ru:-

2217 1477 2324 1546 pit;
2361 1484 2584 1529 mortem
2609 1475 2805 1544 quippe
2827 1472 3076 1529 Christus
3106 1473 3187 1528 sic
3213 1473 3506 1538 insinuarit,
3528 1483 3576 1526 ut
3595 1475 3714 1530 (‘tialll

2219 1567 2390 1638 ipsum
2423 1577 2693 1622 mortuum
2724 1566 2926 1620 diceret
2952 1581 3074 1620 esse
3112 1577 3364 1637 peccato,
3390 1567 3470 1622 cui
3497 1583 3603 1622 vero
3622 1582 3714 1636 pcr-

2219 1666 2361 1722 cato,
2391 1657 2491 1712 nisi
2538 1656 2725 1712 carni?
2755 1658 2807 1710 in
2836 1671 2938 1726 qua
2967 1665 3089 1710 erat
3129 1672 3235 1710 non
3273 1665 3551 1727 peccatum,
3575 1657 3646 1710 sed
3665 1658 3716 1710 sio

547 1751 702 1802 ritate
727 1748 846 1801 vitae
888 1745 1228 1800 ambulemus.
1269 1744 1397 1800 llaec
1441 1743 1646 1805 tiiCCIIS,
1673 1745 1835 1796 etiam
1872 1741 2011 1795 istud
2040 1739 2119 1794 si-
2150 1727 2194 1786 Β
2221 1748 2464 1802 mililudo
2494 1747 2719 1817 peccati,
2762 1755 2818 1802 et
2847 1747 2967 1800 ideo
3005 1747 3225 1804 nomine
3265 1747 3507 1816 appellata
3541 1747 3712 1816 precati.

549 1839 784 1910 gnificat,
831 1839 973 1907 quod
1027 1837 1256 1906 prinmm
1301 1845 1398 1898 est,
1451 1837 1575 1905 quia
1631 1834 1879 1888 Christus
1923 1846 2118 1902 corpus

547 1946 704 1986 suum
731 1945 760 1982 a
792 1929 1018 1983 mortuis
1063 1929 1348 1993 excitavit;
1393 1927 1504 1997 ipse
1540 1928 1681 1981 enim
1710 1927 1880 1981 virtus
1913 1932 1994 1981 est
2023 1925 2119 1980 Dei

550 2022 744 2085 Patris,
774 2022 913 2074 sicut
946 2020 1080 2074 dixit
1105 2037 1118 2073 :
1146 2019 1338 2074 Solvite
1366 2019 1612 2089 templum
1653 2020 1770 2082 hoc,
1793 2027 1838 2071 et
1861 2019 1915 2071 in
1954 2017 2119 2070 tribus

549 2112 728 2165 diebus
765 2109 998 2164 excitabo
1039 2109 1204 2174 illud;
1248 2109 1343 2162 hoc
1373 2119 1543 2162 autem
1590 2109 1790 2162 dicebat
1825 2109 1888 2162 de
1933 2105 2120 2177 templo

551 2203 780 2272 corporis
817 2202 900 2254 sui
939 2200 1118 2271 (Joan.
1152 2199 1243 2272 ll);
1276 2207 1329 2254 et
1350 2199 1474 2269 quia
1518 2198 1814 2252 resurrexit
1846 2197 1896 2252 in
1929 2211 2120 2251 novam

551 2293 715 2346 vitam
764 2305 885 2361 quae
905 2289 1016 2358 jam
1063 2291 1198 2343 mon’
1245 2290 1468 2344 nesciat.
1501 2287 1643 2342 Nova
1695 2297 1872 2342 autem
1903 2287 2120 2350 dicitur,

550 2379 674 2448 quia
694 2394 724 2432 a
745 2379 960 2434 Christo
983 2379 1106 2432 data
1127 2386 1226 2440 est,
1252 2391 1370 2447 qua:
1391 2386 1471 2432 cst
1492 2375 1770 2446 disciplina
1795 2377 2119 2432 Christiana.

553 2467 660 2522 Nos
685 2477 864 2522 autem
895 2467 1148 2538 baptizati
1177 2467 1475 2536 consepulti
1502 2481 1688 2522 sumus
1713 2465 1950 2532 Christo,
1979 2475 2036 2521 ut
2056 2466 2123 2522 de

552 2555 750 2614 mucro
793 2559 933 2613 hanc
967 2559 1134 2612 vitam
1185 2572 1494 2627 sequamur,
1521 2557 1575 2611 in
1604 2573 1709 2628 qua
1737 2555 1986 2612 Christus
2033 2571 2122 2611 re-

553 2651 808 2705 surrexit.
864 2649 1196 2719 Baptismum
1245 2649 1426 2718 itaque
1477 2648 1889 2703 resurrectionis
1930 2647 2125 2716 pignus

553 2747 658 2801 est,
686 2747 744 2792 et
777 2738 979 2808 imago;
1009 2737 1197 2806 utjam
1223 2737 1275 2792 in
1305 2737 1588 2808 praeceptis
1609 2735 1810 2792 Christi
1848 2745 2126 2792 manentes

555 2829 622 2884 ad
651 2829 916 2898 pnetcrita
949 2829 1126 2884 denuo
1149 2844 1256 2884 non
1289 2827 1645 2883 revolvamur.
1668 2827 1766 2895 Qui
1795 2827 1936 2881 enim
1963 2826 2127 2880 mori-

557 2931 645 2977 tur
659 2923 770 2992 jam
793 2937 898 2976 non
923 2929 1109 2991 peccat
1131 2939 1145 2974 :
1169 2934 1316 2976 mors
1339 2920 1482 2975 enim
1509 2919 1629 2974 linis
1644 2919 1848 2990 peccati
1872 2927 1970 2972 est.
1991 2917 2124 2973 Nam

556 3013 676 3067 ideo
704 3028 800 3083 per
827 3027 1020 3082 aquam
1048 3011 1368 3076 celebratur,
1391 3010 1608 3065 utsicut
1629 3025 1763 3080 aqua
1785 3011 1974 3066 sordes
2001 3025 2123 3064 cor-

557 3081 716 3173 poris
730 3081 926 3167 abluit;
953 3103 1025 3157 ita
1051 3111 1106 3156 et
1135 3118 1232 3158 nos
1257 3116 1352 3172 per
1381 3101 1704 3172 baptismum
1729 3103 1796 3156 ab
1823 3101 1967 3155 omni
1998 3116 2122 3171 pcc-
2149 3081 2193 3142 ί)

555 3203 678 3248 cato
701 3193 1048 3263 spiritualiter
1063 3203 1318 3262 purgatos
1331 3209 1428 3246 nos
1447 3202 1501 3246 et
1524 3193 1805 3246 innovatos
1818 3193 2121 3255 credamus,

557 3291 618 3336 ut
659 3283 800 3350 quod
849 3281 1184 3350 incorporale
1227 3289 1341 3348 est,
1373 3280 1713 3334 invisibiliter
1751 3278 2016 3333 abluatur.
2065 3275 2126 3334 Si

556 3374 692 3426 enim
722 3370 1058 3441 complantati
1098 3383 1279 3425 sumus
1321 3369 1653 3424 similitudini
1686 3371 1865 3423 mortis
1893 3369 2028 3438 ejus,
2053 3369 2126 3424 si-

559 3464 668 3520 mul
695 3473 746 3518 ct
776 3462 1164 3516 resurrectionis
1201 3461 1414 3515 erimus.
1439 3459 1589 3515 Tunc
1619 3475 1717 3515 nos
1746 3457 1972 3514 feliciter
1998 3461 2126 3515 dicit

560 3571 716 3626 luisse
739 3567 1022 3622 resurgere
1037 3593 1052 3617 ,
1076 3552 1122 3606 si
1144 3551 1481 3606 similitudini
1507 3551 1697 3605 mortis
1719 3551 1836 3622 ejus
1865 3548 2126 3607 fuerimus

559 3644 924 3716 eomplantati,
955 3644 1006 3698 id
1046 3652 1148 3707 est,
1186 3643 1231 3696 si
1271 3643 1324 3697 in
1361 3642 1630 3712 baptismo
1655 3643 1836 3697 omnia
1877 3642 2006 3696 vitia
2035 3643 2126 3698 de-

559 3747 846 3808 ponentes,
877 3736 930 3790 in
975 3749 1166 3788 novam
1205 3734 1368 3788 vitam
1408 3735 1680 3800 translati,
1702 3735 1770 3790 de
1793 3742 1991 3800 czetero
2017 3749 2124 3790 non

560 3841 872 3898 peccemus:
909 3839 1006 3894 per
1041 3826 1184 3895 quod
1229 3823 1388 3878 simul
1431 3831 1486 3879 et
1527 3825 1938 3880 resurrectionis
1986 3825 2128 3882 illius

559 3919 763 3988 similes
829 3917 1060 3982 erimus;
1117 3914 1409 3970 similitudo
1457 3917 1600 3970 enim
1667 3917 1856 3972 mortis
1899 3917 2126 3974 similem

560 4009 828 4082 ιιι-(θεαιιῆ
857 4011 1321 4072 resurrectionem,
1351 4008 1491 4078 quod
1517 4008 1570 4062 in
1600 4009 1822 4080 epistola
1853 4025 1946 4065 sua
1969 4009 2130 4066 Joan-

562 4119 657 4157 nes
707 4099 980 4171 apostolus
1032 4108 1294 4154 memorat
1321 4100 1547 4154 dicens:
1590 4099 1798 4155 Scimus
1843 4103 1968 4173 quin
2010 4117 2128 4156 cum

563 4190 882 4262 apparuerit,
913 4186 1107 4242 similes
1153 4188 1201 4242 ei
1245 4187 1436 4242 erimus
1483 4185 1532 4260 (Ι
1559 4187 1722 4243 Joan.
1755 4184 1860 4263 In),
1895 4191 1998 4246 hoc
2047 4199 2131 4247 est

563 4277 917 4333 immortalem
951 4285 1009 4332 et
1037 4276 1326 4347 gloriosum
1366 4291 1669 4349 resurgere.
1701 4277 1811 4335 Nec
1845 4281 1986 4334 enim
2016 4280 2131 4336 haec

560 4369 666 4422 erit
705 4365 1023 4432 similitudo,
1053 4375 1114 4420 ut
1155 4365 1288 4421 nihil
1329 4365 1524 4434 distet,
1553 4367 1677 4438 quia
1706 4369 1895 4425 similis
1925 4370 2031 4425 erit
2073 4370 2128 4426 in

563 4454 803 4528 corporis
847 4457 1037 4528 gloria,
1065 4472 1168 4512 non
1207 4457 1260 4512 in
1299 4457 1593 4515 divinitatis
1624 4469 1835 4516 natura.
1867 4461 1948 4518 An
1981 4463 2129 4536 igno-

565 4547 713 4610 ratis,
737 4546 927 4616 inquit,
956 4547 1203 4617 quoniam
1247 4547 1542 4620 quicunque
1585 4549 1834 4619 baptizuti
1868 4569 2046 4607 sumus
2075 4555 2128 4608 in

565 4635 770 4688 Christo
791 4635 916 4688 Iesu
934 4675 948 4700 ,
977 4635 1029 4689 in
1053 4643 1219 4689 morte
1241 4635 1401 4707 ipsius
1429 4637 1677 4708 baptizati
1701 4640 1918 4695 sumus?
1945 4640 2127 4715 (Aug.)

565 4721 622 4780 Si
661 4737 794 4796 ergo
819 4725 944 4778 hinc
971 4724 1304 4779 ostendimur
1339 4726 1535 4779 mortui
1582 4741 1701 4782 esse
1737 4739 1976 4798 peccato,
2005 4733 2130 4801 quia

565 4825 788 4871 mortem
819 4814 986 4886 ipsius
1029 4814 1280 4886 haptizati
1311 4823 1517 4881 sumus,
1544 4816 1788 4886 profecto
1830 4828 1884 4874 et
1925 4822 2130 4890 parvuli

563 4909 656 4979 qui
683 4909 1020 4978 haptieautur
1048 4907 1098 4962 in
1128 4905 1368 4972 Christo,
1391 4916 1612 4976 peccato
1653 4910 1976 4976 moriuntur,
2005 4914 2130 4982 quia

565 5001 616 5054 in
649 5005 820 5054 morte
846 4999 1012 5069 ipsius
1052 4997 1428 5066 haptiznntur:
1453 4996 1594 5050 nullo
1620 4997 1762 5052 enim
1793 5009 2018 5070 excepto
2047 5002 2130 5056 di-

563 5101 708 5145 ctum
736 5099 817 5144 est
841 5109 853 5143 :
886 5090 1190 5161 Quicunque
1209 5104 1330 5159 ergo
1357 5088 1606 5158 bnptizati
1631 5105 1812 5144 sumus
1841 5091 1895 5144 in
1925 5090 2132 5148 Christo

562 5177 713 5244 ἅσσα,
747 5181 802 5234 in
825 5191 989 5234 morte
1011 5179 1171 5250 ipsius
1192 5179 1438 5249 baptismi
1461 5195 1664 5246 eumue,
1687 5187 1743 5236 et
1782 5180 1902 5236 ideo
1929 5181 2132 5240 dictum

562 5280 678 5337 est,
702 5279 764 5326 ut
809 5271 1128 5340 probaretur
1175 5277 1414 5326 mortuos
1459 5286 1578 5326 esse
1619 5286 1718 5326 nos
1758 5281 2017 5344 peccato:
2042 5275 2129 5330 cui

457 5351 462 5356 ’
560 5367 740 5415 autem
781 5368 1004 5429 peccato
1051 5357 1258 5428 parvuli
1301 5361 1633 5416 renascendo
1673 5363 1996 5431 moriuntur,
2023 5365 2129 5422 nisi

563 5450 706 5518 quod
729 5449 998 5504 nascendo
1033 5447 1348 5504 traxerunt?
1365 5463 1430 5505 ac
1455 5463 1554 5520 per
1577 5449 1680 5506 hoc
1701 5452 1863 5506 etiam
1889 5455 1955 5508 ad
1984 5453 2129 5526 ipsos

563 5540 794 5606 pertinet
822 5539 963 5610 quod
993 5549 1255 5608 sequitur,
1285 5536 1468 5596 dicens
1494 5559 1506 5594 :
1532 5538 1828 5612 Conscpttlti
1853 5547 1997 5600 'em’m
2039 5565 2128 5602 su-

565 5645 679 5682 ntut
701 5629 776 5681 illi
807 5644 896 5698 per
934 5629 1242 5699 baptismum
1276 5631 1330 5684 in
1360 5641 1666 5698 mortem,ut
1687 5619 2126 5702 quemadmodum

2219 1840 2526 1911 Baptizatus
2569 1839 2748 1908 itaque
2793 1839 2845 1892 in
2897 1847 3126 1892 mortem
3175 1836 3404 1905 Christi,
3436 1836 3482 1890 in
3521 1851 3605 1904 qua
3642 1850 3715 1889 non

2221 1931 2319 1988 soli
2356 1930 2607 2001 majores,
2637 1945 2822 1991 verum
2849 1929 3011 1983 etiam
3041 1927 3252 1996 parvuli
3295 1926 3614 1997 haptizantur,
3635 1926 3714 1979 all:

2223 2023 2314 2080 Sic
2333 2032 2381 2076 et
2407 2039 2516 2087 vos,
2551 2020 2605 2076 id
2625 2028 2710 2077 est
2736 2019 3191 2090 quemadmodum
3221 2017 3476 2081 Christus,
3501 2018 3568 2072 sic
3587 2025 3628 2071 ct
3651 2031 3716 2072 tos

2221 2118 2511 2174 existimate
2538 2133 2626 2171 vos
2647 2127 2880 2170 mortuos
2907 2131 3016 2170 esse
3043 2124 3279 2185 peccato,
3304 2115 3457 2169 vivere
3477 2123 3619 2167 autem
3643 2111 3717 2164 Deo

2222 2211 2275 2264 in
2305 2208 2510 2263 Christo
2539 2206 2687 2261 Iesu.
2725 2205 2993 2276 Quidquid
3025 2207 3192 2276 igitur
3218 2214 3417 2277 gestum
3442 2213 3514 2259 cst
3537 2202 3580 2256 in
3601 2215 3720 2254 cnice

2221 2299 2442 2365 Christi,
2470 2300 2522 2354 in
2553 2300 2854 2371 sepultura,
2893 2299 2945 2352 iu
2978 2299 3394 2362 resurrectione,
3419 2296 3557 2352 tertio
3575 2295 3658 2356 die,
3680 2293 3718 2346 in

2223 2391 2541 2448 ascensione
2569 2391 2622 2446 in
2653 2389 2870 2455 oculum,
2902 2397 2960 2444 et
2990 2389 3184 2444 sedere
3209 2387 3277 2444 ad
3303 2388 3554 2443 dexteram
3571 2383 3719 2443 Patris

2222 2483 2294 2540 ita
2326 2494 2534 2555 gestum
2563 2490 2665 2548 est,
2697 2490 2756 2536 ut
2781 2480 2866 2537 his
2892 2481 3054 2536 rebus
3082 2495 3189 2536 non
3218 2479 3438 2551 mystice
3472 2483 3642 2532 tantum
3663 2473 3720 2528 di-

2223 2573 2356 2638 ctis,
2386 2571 2478 2627 sed
2505 2571 2666 2624 etiam
2695 2569 2862 2642 gestis
2889 2568 3322 2642 conﬁguraretur
3352 2568 3452 2622 vita
3482 2561 3720 2621 Christiana

2223 2679 2344 2736 qua:
2381 2663 2470 2717 hic
2494 2652 2720 2734 'geritur.
2757 2659 2890 2715 Nam
2933 2672 3162 2730 propter
3189 2657 3306 2728 ejus
3342 2671 3535 2713 erucem
3567 2655 3720 2711 dictum

2223 2763 2308 2809 est
2336 2751 2478 2824 (Gal.
2502 2751 2554 2824 ν)
2584 2770 2601 2810 :
2641 2750 2743 2818 Qui
2788 2761 2965 2806 autem
3013 2749 3143 2806 Jesu
3188 2738 3381 2806 Christi
3417 2757 3542 2812 sunt,
3564 2758 3720 2800 carum

2224 2861 2375 2899 suam
2396 2845 2766 2916 crucifixeruut
2788 2861 2906 2898 cum
2927 2845 3262 2916 pastionibus
3277 2853 3324 2898 et
3341 2835 3720 2913 concupiscentiis;

2224 2947 2444 3006 propter
2467 2935 2799 3008 sepulturam
2821 2954 2836 2991 :
2862 2933 3066 3007 Scpulti
3085 2939 3226 2992 enim
3255 2951 3428 2992 sumus
3447 2950 3549 2989 ctua
3567 2931 3721 2986 Christo

2224 3042 2318 3096 per
2343 3025 2652 3096 baptismum
2678 3027 2734 3080 in
2772 3037 2988 3100 mortem
3004 3044 3025 3093 ;
3057 3035 3282 3098 propter
3308 3023 3717 3081 resurrectionem

2227 3109 2295 3166 Ut
2321 3113 2761 3184 quemadmodum
2791 3113 3032 3170 Christus
3065 3115 3350 3170 resurrexit
3390 3131 3420 3168 α
3445 3112 3628 3167 mortuis
3657 3122 3721 3178 per

2223 3201 2442 3273 gloriam
2489 3201 2688 3269 Patris,
2719 3205 2796 3259 ita
2834 3199 3018 3260 etuas
3057 3206 3116 3261 in
3157 3207 3380 3262 nouitate
3405 3205 3511 3259 vita
3546 3199 3721 3256 mobile-

2222 3309 2375 3359 mus;
2404 3303 2624 3364 propter
2670 3295 3040 3352 ascensionem
3082 3297 3138 3351 in
3185 3296 3395 3360 celum,
3421 3295 3660 3361 sedetuch
3673 3286 3720 3341 Ill

2224 3383 2499 3438 dexteram
2539 3385 2716 3440 Patris
2744 3403 2758 3440 :
2783 3383 2841 3441 Si
2869 3398 3042 3442 autem
3090 3387 3441 3444 resurreristis
3475 3385 3524 3438 in
3547 3381 3718 3442 Clu-isto,

2221 3490 2340 3545 qua:
2366 3491 2572 3528 sursum
2599 3485 2720 3530 sunt
2744 3477 2963 3548 σείων-ἕω
3003 3477 3094 3531 ubi
3137 3476 3374 3533 Christus
3405 3485 3472 3531 est
3494 3473 3542 3528 in
3563 3471 3718 3525 deum

2225 3564 2322 3618 Dei
2359 3565 2562 3629 sedens,
2586 3582 2703 3637 qua:
2745 3582 2956 3621 sursum
2995 3577 3117 3622 sunt
3143 3567 3330 3638 sapite,
3359 3581 3454 3620 non
3477 3577 3576 3634 qm
3607 3572 3716 3628 3'?"

2224 3663 2440 3721 terram,
2465 3656 2658 3709 mortui
2697 3657 2835 3711 enim
2873 3656 3014 3721 estis,
3060 3666 3111 3712 et
3155 3657 3264 3712 vita
3300 3665 3458 3711 acum
3485 3648 3723 3708 abscondite

2223 3753 2298 3799 est
2323 3761 2440 3798 cum
2465 3743 2670 3800 Christo
2691 3745 2748 3800 in
2776 3745 2905 3802 Deo.

2296 3837 2528 3894 Scientes
2554 3839 2650 3893 hoc
2675 3879 2690 3903 ,
2717 3841 2841 3911 quia
2866 3849 3012 3895 vetus
3041 3840 3200 3896 homo
3233 3849 3402 3896 noster
3431 3834 3568 3892 simul
3595 3828 3720 3886 crudo

2222 3927 2366 3996 ﬁxus
2395 3938 2493 3994 est,
2525 3938 2580 3982 ut
2606 3929 2910 3984 destruatur
2947 3946 3140 4002 corpus
3171 3931 3396 4002 peccati,
3426 3937 3476 3982 ut
3501 3925 3614 3980 ultra
3639 3934 3716 3973 non

2225 4018 2510 4073 serviamus
2536 4029 2765 4090 peccato.
2783 4020 2936 4087 Quod
2957 4029 3140 4076 autem
3167 4022 3264 4086 ait,
3286 4022 3380 4075 hoc
3401 4018 3614 4078 scientes,
3630 4009 3720 4082 qlia

2227 4117 2368 4161 uetus
2397 4107 2550 4162 homo
2582 4119 2755 4164 noster
2783 4109 2940 4164 simul
2967 4111 3258 4180 cruciﬁxus
3283 4119 3376 4174 est,
3416 4118 3468 4162 ut
3509 4109 3720 4160 cunctim?

2226 4213 2415 4269 corpus
2439 4200 2658 4268 peccati.
2708 4199 2962 4256 Refertur
3001 4203 3069 4256 ad
3104 4201 3234 4258 illud
3275 4201 3410 4272 quod
3439 4212 3524 4270 per
3555 4193 3716 4262 Μοὶεαι

2227 4287 2430 4345 dictum
2455 4300 2538 4346 est
2563 4309 2576 4344 :
2604 4290 2916 4348 Maledicta:
2939 4293 3110 4348 omnis
3131 4295 3220 4364 qui
3241 4297 3296 4348 in
3318 4291 3450 4362 ligno

2157 4423 2206 4484 υ
2234 4375 2443 4435 Veteris
2489 4379 2726 4437 hominis
2771 4381 3050 4461 cruciﬁxio
3084 4382 3382 4454 signiﬁcata
3409 4385 3486 4435 est
3521 4375 3567 4430 in
3597 4379 3716 4426 cruce

2232 4473 2475 4538 Domini,
2505 4473 2648 4530 sicut
2675 4476 2799 4530 novi
2829 4475 3066 4532 hominis
3099 4475 3414 4532 instauratio
3447 4473 3496 4528 in
3533 4476 3716 4524 κευτῶ

2230 4561 2406 4617 ctione
2436 4563 2644 4633 signata
2671 4572 2772 4618 est.
2806 4563 3149 4644 Manifestum
3183 4575 3267 4624 est
3291 4575 3458 4621 autem
3490 4554 3716 4618 εεαιιιίιιιιιι

2230 4667 2354 4710 eum
2379 4669 2478 4710 nos
2499 4670 2660 4726 agere
2681 4666 2914 4711 veterem
2937 4657 3212 4714 hominem
3237 4658 3326 4729 qui
3355 4653 3626 4714 maledictus
3639 4649 3714 4703 est.

2229 4751 2449 4813 Propter
2473 4753 2772 4814 peccatum.
2810 4745 2878 4800 Et
2904 4745 3226 4804 de'Domino
3257 4748 3449 4802 dictum
3479 4756 3582 4799 este
3603 4745 3716 4792 nemo

2232 4832 2474 4903 ambigit,
2502 4834 2641 4902 quod
2670 4844 2894 4905 peccata
2929 4845 3112 4890 nostra
3147 4835 3401 4906 portarit,
3432 4841 3480 4887 et
3502 4833 3714 4900 peccatum

2230 4936 2330 4992 pro
2357 4923 2511 4978 nobis
2545 4924 2739 4991 lactus,
2767 4935 2824 4981 et
2851 4927 2918 4982 de
2941 4937 3168 4997 peccato
3193 4921 3546 4984 condemnavit
3567 4925 3713 4988 pecca-

2233 5009 2364 5066 tum.
2399 5011 2536 5078 Quid
2566 5013 2637 5068 sit
2675 5024 2853 5072 autem
2897 5031 3162 5074 evacuate
3201 5030 3390 5086 corpus
3426 5007 3601 5084 peccati
3635 5004 3714 5070 ipse

2231 5103 2512 5173 exposuit,
2536 5114 2592 5158 ut
2623 5114 2764 5160 ultra
2803 5123 2908 5163 non
2950 5109 3233 5164 serviamus
3269 5115 3500 5178 peccato;
3523 5107 3569 5154 et
3597 5090 3713 5178 illud,

2231 5191 2374 5260 quod
2421 5191 2530 5258 ait,
2559 5193 2605 5247 si
2631 5195 2824 5248 mortui
2857 5209 3038 5250 eumue
3075 5211 3193 5250 cum
3221 5175 3445 5257 Christo,
3470 5190 3558 5246 hoc
3577 5175 3714 5242 est,si

2234 5281 2477 5339 cruciﬁxi
2522 5300 2708 5340 sumus
2751 5302 2874 5342 cum
2917 5286 3151 5343 Christo.
3177 5287 3313 5343 Dicit
3343 5283 3476 5339 enim
3513 5276 3600 5334 alio
3627 5271 3714 5325 106°

2233 5370 2376 5444 (Gal.
2407 5373 2458 5448 ν)
2484 5393 2497 5429 z
2521 5377 2610 5446 qui
2639 5387 2812 5434 autem
2840 5375 3034 5435 Christi
3074 5378 3200 5436 ἔθευ
3239 5387 3354 5434 sunt
3391 5386 3572 5430 carnem
3599 5375 3712 5421 εισι

2233 5463 2603 5534 cruci/imarum
2637 5483 2754 5520 cum
2793 5468 2925 5523 vitiis
2951 5478 3000 5524 et
3030 5467 3459 5539 concupiscentiis.
3494 5459 3588 5515 Non
3615 5461 3712 5539 ergo

2235 5552 2516 5609 Dominum
2563 5556 2840 5612 maledixit
2889 5558 3134 5632 Moyses,
3185 5538 3276 5616 sed
3315 5554 3431 5626 Quid
3477 5538 3710 5632 οειθιιόετξι

2231 5643 2347 5715 ejus
2375 5645 2656 5702 cruciﬁxio
2686 5629 3044 5718 prophetarit.
3086 5647 3332 5723 (Anum)
3366 5643 3506 5701 Multa
3538 5629 3708 5693 innectit
