3998 6202
312 274 333 325 1
346 274 452 327 595

841 259 1386 318 ENARRATIONUM
1425 258 1488 314 IN
1529 257 1672 314 El’l’.
1716 255 1923 315 PAULI
1966 255 2089 310 LIB.
2132 255 2215 311 ιιι.
2256 280 2321 296 σέο
2364 254 2429 311 L‘i
2470 254 2687 311 EPIST.
2729 256 2819 311 AD
2862 254 3010 313 ROM

3430 248 3587 309 1394·

308 398 365 443 et
392 387 580 443 iterat,
609 390 668 434 ut
689 376 991 448 baptizatos
1021 376 1211 431 dDCeat
1244 371 1355 440 jam
1391 388 1496 453 non
1526 373 1725 426 debere
1761 385 1884 440 pcc-
1914 375 1964 431 Α
1989 386 2199 440 corpore
2234 369 2417 423 mortis
2462 369 2621 437 huius
2672 368 2845 441 (Rom.
2877 366 3009 439 vlt)?
3044 367 3108 422 Et
3150 367 3343 421 iterum
3384 382 3572 436 corpus

312 490 459 538 care,
492 469 725 525 maxime
748 483 815 520 ne
832 466 899 521 ad
915 462 1272 519 idololatriam
1294 472 1664 525 revertantur;
1692 460 1897 531 gravis-

316 566 513 620 simum
545 558 689 612 enim
716 555 948 619 crimen,
978 561 1032 609 et
1055 561 1218 623 caput
1246 551 1409 607 totius
1443 550 1645 606 erroris
1676 559 1795 606 est:
1830 565 1896 604 ne

320 651 557 723 perdant
582 646 811 721 gratiam
848 654 1123 714 acceptam
1146 658 1176 695 a
1203 643 1311 697 Deo
1343 658 1441 713 per
1472 640 1766 696 Christum.
1792 640 1899 696 llo-

317 742 521 796 ntincm
563 752 693 806 ergo
733 743 969 790 veterem
1013 742 1168 787 actus
1220 732 1526 800 prmteritos
1568 731 1728 790 dicit,
1773 730 1898 799 quia

317 839 460 885 sneut
490 841 661 881 novus
689 825 852 879 homo
881 838 977 893 per
1007 823 1162 876 [idem
1191 830 1246 876 et
1273 836 1462 890 puram
1491 820 1653 875 vitam
1680 819 1898 884 dicitur,

320 921 395 974 ita
421 924 648 974 etvetus
675 916 834 969 homo
859 929 957 983 per
977 911 1323 968 ditIitlentiam
1346 922 1400 966 et
1419 911 1586 966 malos
1600 919 1772 967 actus.
1795 912 1902 967 llos

320 1014 474 1065 actus
502 1006 791 1062 crncilixos
819 1003 948 1057 dicit
968 1043 981 1065 ,
1009 1003 1060 1057 id
1090 1012 1174 1063 cst
1204 1010 1445 1056 mortuos
1464 1041 1479 1067 ,
1500 1009 1562 1055 ut
1589 1015 1786 1070 corpus
1809 1001 1902 1056 dc-

320 1107 561 1155 struatur
574 1095 800 1166 peccati,
815 1094 957 1164 quod
978 1100 1059 1148 est
1086 1100 1280 1146 cuncta
1302 1090 1742 1147 erimina.0tnnia
1758 1091 1901 1146 enim

325 1198 548 1259 peccata
571 1184 733 1240 simul
761 1199 957 1253 corpus
978 1182 1233 1252 appellat,
1261 1183 1402 1253 quod
1427 1183 1630 1236 destrui
1657 1182 1788 1237 dicit
1807 1198 1902 1253 per

325 1281 521 1334 bonam
548 1277 712 1329 vitam
742 1283 795 1328 et
822 1273 979 1327 ﬁdem
1013 1272 1356 1327 catholicam.
1392 1270 1575 1343 (.lug.)
1609 1270 1902 1327 Crucilixio

323 1365 522 1435 quippe
551 1362 824 1418 interioris
854 1361 1088 1416 hominis
1124 1359 1456 1429 ptenitcntia:
1492 1360 1708 1415 dolores
1748 1361 1906 1414 intel-

326 1459 587 1529 liguntur,
613 1464 668 1510 et
696 1454 1039 1509 continentiae
1066 1452 1282 1522 quidam
1325 1452 1557 1508 salubris
1600 1453 1902 1519 cruciatus,

325 1567 423 1622 per
445 1565 607 1620 quam
640 1557 867 1602 mortem
894 1562 1038 1601 mors
1067 1543 1359 1615 impietatis
1385 1544 1693 1614 perimitur,
1718 1546 1770 1599 in
1802 1562 1914 1617 qua

327 1660 434 1699 non
464 1658 565 1697 nos
596 1641 850 1710 relinquit
878 1639 1019 1693 Deus
1040 1679 1056 1703 ,
1096 1650 1152 1695 et
1196 1637 1317 1692 ideo
1352 1652 1450 1707 per
1488 1636 1647 1691 talem
1687 1654 1904 1692 crucem

1996 460 2306 513 humilitatis
2325 470 2480 514 vocat
2503 474 2696 530 corpus
2718 468 2983 515 nostrum.
3003 457 3110 512 Sed
3131 467 3187 511 et
3207 458 3271 511 de
3287 455 3569 510 Salvatore

1997 551 2230 622 quodam
2256 551 2373 605 loco
2402 552 2560 615 dicit,
2585 551 2711 620 quia
2743 549 2951 603 venerit
2983 549 3035 602 in
3067 542 3416 603 similitudine
3447 562 3571 600 car-

2002 644 2084 698 nis
2127 642 2376 714 peccati,
2418 652 2471 695 ut
2520 641 2584 697 de
2621 649 2842 712 peccato
2868 639 3141 692 damnaret
3191 644 3478 707 peccatum
3519 634 3573 687 in

1998 748 2184 787 carne.
2220 732 2274 785 In
2321 746 2428 800 quo
2470 730 2707 784 ostendit
2742 729 2885 799 qttod
2936 739 3119 782 nostra
3160 725 3378 797 quidem
3425 739 3575 789 caro,

2001 822 2210 892 peccati
2239 822 2310 875 sit
2337 836 2492 885 caro;
2517 820 2716 874 Christi
2741 828 2919 873 autem
2947 834 3073 871 caro
3109 817 3301 870 similis
3326 814 3396 869 sit
3423 814 3574 871 carni

2001 913 2228 984 peccati.
2260 911 2372 965 Non
2399 911 2543 964 enim
2575 927 2638 963 ex
2673 910 2878 964 semine
2924 908 3021 963 viri
3052 916 3307 978 concepta
3347 912 3449 970 est,
3482 904 3576 959 sed

2004 1013 2224 1059 sanctus
2245 1003 2479 1072 Spiritus
2500 1001 2644 1055 venit
2674 1016 2836 1069 super
2865 1000 3111 1064 Mariam,
3141 1011 3193 1054 et
3215 1001 3388 1054 virtus
3410 998 3574 1051 Altis-

2003 1096 2126 1151 simi
2151 1092 2496 1148 obumbravit
2524 1092 2572 1147 ei
2599 1101 2657 1145 ut
2684 1091 2829 1160 quod
2857 1093 3178 1152 nascebatur
3208 1107 3275 1145 ex
3298 1105 3385 1152 ea,
3410 1087 3576 1141 Filius

2004 1194 2290 1242 vocaretur
2321 1184 2550 1239 Excelsi.
2591 1182 2683 1237 Sic
2717 1197 2845 1250 ergo
2882 1181 3081 1236 Paulus
3119 1199 3217 1252 per
3254 1178 3578 1235 ineffabilem

2006 1279 2097 1332 Dei
2129 1276 2468 1347 sapientiam,
2486 1290 2603 1344 qua:
2629 1275 2749 1326 data
2769 1280 2848 1328 est
2871 1271 2944 1335 ei,
2963 1288 3216 1325 arcamun
3242 1270 3427 1325 nescio
3450 1269 3579 1340 quid

2006 1370 2221 1423 intuens
2248 1376 2302 1422 et
2334 1366 2700 1428 reconditum,
2733 1380 2928 1434 corpus
2967 1372 3206 1417 nostrum
3247 1380 3432 1432 corpus
3461 1380 3578 1432 per—

2005 1461 2142 1525 cuti,
2170 1469 2223 1513 et
2247 1475 2432 1529 corpus
2462 1457 2671 1521 mortis,
2696 1465 2749 1509 ct
2779 1472 2962 1526 corpus
2992 1455 3301 1511 luunilitntis
3333 1455 3500 1523 ;ι,ιιιυ11
3524 1464 3578 1508 τι,

2081 1549 2141 1606 St
2188 1559 2362 1603 autent
2410 1549 2602 1603 mortui
2657 1564 2836 1602 sumus
2882 1564 2998 1599 cum
3037 1546 3276 1610 Christo,
3322 1546 3581 1599 credimus

2008 1644 2162 1699 etiam
2188 1642 2326 1713 quod
2356 1639 2513 1695 simul
2542 1641 2761 1695 vivemus
2793 1656 2909 1693 cum
2943 1638 3055 1693 illo.
3083 1637 3317 1711 (Λιιιϋν.)
3362 1632 3584 1692 Manife-

337 1741 637 1788 evacuatur
671 1746 868 1800 corpus
896 1729 1137 1798 peccati,
1167 1736 1226 1782 ut
1257 1725 1369 1795 jam
1411 1742 1518 1781 non
1558 1726 1911 1781 exhibeamns
1942 1716 1987 1773 Β
2013 1718 2154 1786 stum
2183 1743 2265 1786 cst
2294 1732 2393 1785 hos
2420 1730 2510 1798 qui
2539 1743 2756 1783 carnem
2786 1728 3191 1791 cruciﬁxerunt,
3219 1727 3270 1781 id
3299 1736 3400 1792 est,
3431 1744 3586 1780 mnu-

331 1824 571 1879 metnbra
600 1831 806 1886 nostra,
847 1836 997 1874 arma
1028 1819 1329 1887 iniquitatis
1363 1827 1418 1873 et
1444 1817 1675 1889 peccati,
1704 1817 1829 1889 quia
1859 1831 1914 1872 et

331 1915 561 1970 interior
584 1914 767 1967 homo.
802 1911 858 1966 Si
888 1911 1071 1979 utique
1104 1918 1393 1964 renovatur
1429 1909 1496 1963 de
1534 1908 1620 1963 die
1652 1909 1706 1962 in
1737 1909 1876 1963 diem
1896 1949 1913 1975 ,

331 2007 573 2079 profecto
588 2014 743 2059 vetns
758 2013 860 2066 est,
879 2012 1169 2072 antequam
1191 2008 1497 2054 renovetur.
1513 2000 1662 2054 Intus
1682 2015 1916 2068 namque

331 2098 532 2169 agitur,
549 2095 690 2165 quod
713 2094 853 2159 idem
871 2091 1157 2162 Apostolus
1179 2090 1312 2145 dicit
1329 2089 1551 2161 (Coloss.
1577 2089 1660 2160 Ill)
1683 2107 1695 2143 :
1725 2089 1915 2143 Emito

334 2205 424 2244 vos
445 2197 663 2243 veterem
685 2185 964 2245 hominem,
994 2180 1138 2252 quod
1165 2181 1237 2235 ita
1259 2188 1650 2251 consequenter
1669 2179 1912 2248 exponit,

332 2285 653 2349 quapropter
688 2275 1002 2344 deponentes
1047 2272 1375 2327 mendacium
1415 2269 1687 2341 loquimini
1726 2270 1917 2323 verita-

332 2377 458 2423 tem.
490 2365 592 2422 Ubi
621 2374 798 2421 autem
826 2364 1114 2433 deponitur
1137 2361 1498 2424 mendacium,
1533 2361 1633 2415 nisi
1667 2361 1832 2426 intus,
1860 2368 1920 2415 ut

335 2457 548 2512 habitet
568 2457 622 2511 in
657 2465 836 2509 monte
865 2462 1058 2508 sancto
1079 2453 1173 2508 Dei
1198 2451 1373 2525 (Psal.
1399 2450 1531 2522 xw),
1562 2452 1652 2522 qui
1681 2451 1918 2522 loquitur

335 2548 622 2603 veritatem
651 2545 705 2599 in
726 2544 890 2599 corde
913 2559 1031 2599 suo.
1059 2542 1258 2615 (Oi-ig.)
1282 2541 1389 2597 Sed
1415 2542 1722 2613 diligentius
1741 2543 1918 2599 adhuc

337 2635 685 2708 repetendum
708 2641 821 2698 est,
853 2632 1122 2702 quomodo
1147 2631 1343 2685 dixerit
1376 2646 1562 2698 corpus
1607 2633 1825 2699 peccati.
1858 2630 1917 2686 ln

338 2746 446 2800 quo
466 2728 657 2799 duplex
685 2727 801 2783 dari
823 2728 1032 2781 videtur
1054 2724 1357 2780 intellectus
1374 2764 1389 2789 ,
1418 2722 1502 2777 vel
1529 2724 1654 2793 quia
1675 2732 1918 2778 nostrum

339 2834 537 2887 corpus
559 2817 768 2889 peccati
793 2831 913 2870 esse
939 2814 1135 2870 dixerit
1171 2828 1400 2883 corpus;
1437 2814 1521 2869 vel
1550 2814 1673 2885 quia
1710 2813 1920 2884 peccati

340 2910 511 2980 ipsms
557 2908 703 2962 dicat
742 2921 863 2961 esse
907 2905 1182 2975 proprium
1235 2904 1449 2973 aliquod
1494 2917 1719 2973 corpus,
1777 2903 1920 2973 quod

340 2997 724 3055 destruendum
751 2997 822 3051 sit
850 2995 935 3049 his
958 2995 1049 3064 qui
1074 3010 1179 3049 non
1197 2994 1393 3048 debent
1415 2993 1554 3048 ultra
1572 2993 1775 3048 servire
1797 3007 1923 3062 pec-

342 3099 483 3145 cato.
519 3089 655 3156 Quia
685 3102 813 3157 ergo
848 3093 1074 3154 uterque
1103 3099 1296 3139 sensus
1328 3084 1512 3139 inhoc
1546 3082 1664 3137 loco
1707 3082 1918 3137 admitti
1949 3067 1996 3129 (ἶ

342 3188 540 3250 potest,
564 3179 629 3233 de
667 3188 895 3246 utroque
927 3174 1056 3245 quid
1094 3173 1253 3229 nobis
1282 3173 1532 3229 videatur
1566 3187 1918 3242 exponemus.

344 3271 556 3325 Etenim
584 3269 629 3322 si
652 3268 926 3338 proprium
947 3280 1142 3335 corpus
1167 3280 1429 3335 ponamus
1455 3278 1577 3320 esse
1594 3264 1822 3334 peccati,
1848 3264 1926 3318 vi-

343 3362 560 3416 debitur
587 3358 730 3428 quod
754 3359 893 3413 sicut
920 3356 986 3411 de
1017 3356 1100 3412 his
1123 3357 1215 3426 qui
1244 3356 1299 3409 in
1326 3370 1518 3410 novum
1543 3355 1815 3409 hominem
1848 3370 1928 3409 re-

342 3450 519 3522 parati
543 3458 668 3504 sunt
689 3450 887 3504 dictum
914 3457 1016 3514 est,
1038 3449 1161 3518 quia
1190 3465 1277 3503 vos
1292 3451 1413 3503 estis
1439 3465 1626 3518 corpus
1642 3447 1854 3512 Christi,
1876 3457 1926 3502 et

343 3542 576 3596 membra
597 3557 660 3594 ex
678 3550 825 3611 parte
844 3541 893 3613 (Ι
910 3539 1033 3595 Cor.
1051 3540 1171 3612 χιι),
1190 3542 1264 3596 ita
1285 3541 1351 3597 de
1367 3542 1451 3597 his
1469 3543 1809 3611 quivetcrem
1832 3543 1927 3596 ho-

344 3631 548 3685 minem
583 3631 820 3685 nondnm
845 3630 1260 3696 crttcilixcrunt,
1302 3631 1403 3687 dici
1450 3646 1609 3702 posse
1638 3632 1780 3702 quod
1817 3631 1925 3685 sint

346 3736 543 3790 corpus
562 3721 766 3791 peccati
791 3729 847 3775 et
875 3722 1145 3784 membra,
1180 3721 1333 3789 cujus
1369 3731 1530 3793 caput
1575 3723 1819 3792 corporis
1858 3722 1929 3777 sit

347 3808 613 3871 diabolus,
643 3809 783 3864 sicut
809 3808 1056 3865 Christus
1091 3818 1252 3879 caput
1290 3823 1373 3865 est
1402 3812 1645 3880 corporis
1672 3809 1929 3866 Ecclesia:

347 3916 455 3955 non
496 3901 745 3957 habentis
788 3901 1053 3957 maculam
1097 3913 1190 3956 aut
1229 3918 1414 3975 rugam
1446 3901 1658 3974 (Ephes.
1690 3905 1767 3974 v).
1792 3901 1926 3956 Pos-

348 4001 476 4046 sunt
505 4002 685 4047 autem
715 3995 953 4048 membra
984 4009 1050 4047 ex
1080 3994 1275 4063 quibus
1317 4009 1512 4065 corpus
1542 3995 1685 4048 istud
1719 3995 1927 4063 peccati

349 4091 597 4148 antistat,
631 4085 721 4138 illa
762 4085 932 4139 videri
965 4100 1085 4155 qua:
1119 4086 1367 4155 superius
1410 4085 1747 4140 enumeravit
1786 4084 1931 4154 Apo-

349 4173 524 4226 stolus
555 4174 798 4226 membra
824 4187 946 4228 esse
969 4187 1132 4243 super
1155 4181 1376 4237 terram,
1406 4174 1460 4229 id
1486 4183 1591 4239 est,
1626 4174 1930 4229 fornicatio-

352 4276 500 4325 nem,
538 4261 930 4316 immunditiam
950 4303 965 4327 ,
1002 4263 1389 4333 impudicitiam
1412 4303 1428 4331 ,
1459 4265 1774 4328 avaritiam,
1801 4281 1929 4320 con-

356 4349 688 4413 tentionem,
712 4349 848 4404 iram
868 4391 882 4413 ,
910 4350 1085 4415 dolos,
1120 4352 1298 4418 rixas,
1331 4352 1724 4417 dissensiones,
1758 4354 1928 4408 haere-

354 4454 477 4502 ses,
511 4438 768 4497 invidiam
786 4479 801 4504 ,
828 4440 1254 4495 comessationes
1283 4440 1336 4513 (1
1366 4440 1488 4495 Cor.
1519 4443 1595 4512 vt)
1614 4484 1628 4507 ,
1655 4454 1713 4497 et
1743 4444 1830 4499 his
1859 4444 1928 4498 si-
1957 4421 2006 4480 θ

354 4531 500 4585 milia
518 4550 530 4584 :
547 4546 615 4585 ex
635 4531 828 4601 quibus
847 4532 1100 4586 onmibus
1125 4533 1383 4587 membris
1404 4533 1563 4603 digne
1584 4532 1929 4588 dicaturcor-

353 4635 456 4690 pus
488 4622 693 4690 peccati
745 4629 1018 4685 constare,
1063 4622 1256 4676 ethoc
1307 4637 1504 4691 corpus
1557 4631 1712 4677 vetus
1768 4624 1929 4677 homo

353 4711 634 4782 appellari.
666 4711 816 4779 Quod
844 4714 888 4768 si
919 4713 1040 4781 quis
1066 4727 1161 4782 μει-
1187 4726 1403 4767 crucem
1424 4713 1623 4767 Christi
1652 4715 1927 4778 destruat,

353 4809 413 4855 et
440 4802 494 4855 in
516 4816 715 4855 novum
736 4802 1033 4865 hominem,
1061 4800 1151 4871 qui
1179 4801 1473 4856 secundum
1502 4801 1674 4857 Deum
1717 4813 1934 4860 creatus

352 4898 465 4955 est,
486 4899 878 4955 commutctur,
907 4891 1046 4945 ultra
1079 4908 1184 4946 non
1212 4891 1423 4946 dicetur
1457 4892 1662 4948 servire
1688 4905 1931 4963 peccato,
1984 4936 1985 4939 η

357 4981 449 5042 cui
475 4980 596 5036 sine
625 4981 790 5037 dubio
823 4972 1022 5047 senii,
1049 4982 1286 5052 quandiu
1322 4982 1481 5036 alicui
1516 4984 1706 5039 borum
1748 4984 1930 5053 subia-

355 5080 447 5126 cet
475 5085 595 5140 quae
622 5086 784 5140 supra
810 5073 1157 5141 exposuimus
1191 5072 1434 5126 membra
1458 5087 1581 5126 esse
1604 5075 1835 5142 peccati.
1872 5074 1933 5129 Si

354 5176 491 5218 vero
539 5163 708 5233 magis
749 5179 944 5233 corpus
985 5164 1087 5219 hoc
1133 5172 1379 5219 nostrum
1427 5163 1630 5218 dixisse
1672 5165 1935 5237 intelligat.

360 5263 448 5308 tur
488 5253 781 5322 Apostolus
818 5268 1012 5323 corpus
1054 5254 1284 5324 peccati,
1319 5255 1615 5308 secundum
1639 5253 1783 5309 illam
1814 5270 1935 5324 pro-

359 5345 503 5400 fecto
558 5345 859 5415 accipietur
906 5346 1348 5417 intelligentiam,
1404 5360 1509 5414 qua
1555 5355 1610 5400 et
1654 5346 1819 5401 David
1867 5348 1934 5402 de

357 5434 653 5503 semetipso
681 5434 835 5499 dicit,
865 5435 989 5505 quia
1019 5440 1073 5489 in
1094 5435 1455 5505 iniquitatibus
1481 5447 1759 5506 conceptus
1783 5454 1898 5491 sum
1916 5477 1932 5501 ,

356 5535 404 5578 et
431 5525 486 5577 in
530 5526 754 5591 peccatis
780 5527 1007 5593 concepit
1036 5542 1120 5580 me
1162 5536 1331 5581 miter
1362 5543 1476 5581 mea
1517 5525 1689 5599 (Psal.
1724 5528 1791 5598 ι).
1826 5527 1934 5584 Sed

358 5625 411 5668 et
447 5615 556 5683 ipse
584 5615 872 5684 Apostolus
902 5617 952 5671 iu
980 5617 1103 5679 aliis
1126 5619 1254 5674 dicit
1278 5637 1291 5673 :
1319 5617 1450 5683 Quis
1482 5636 1563 5674 me
1590 5619 1829 5676 liberabit
1865 5621 1933 5675 de

2014 1824 2139 1878 dum
2170 1839 2291 1877 cum
2316 1822 2458 1875 vitiis
2477 1829 2532 1875 et
2558 1818 3010 1889 concupiscentiis
3034 1818 3173 1886 ejus,
3200 1819 3333 1872 mori
3363 1819 3581 1881 mundo,

2013 1921 2067 1967 et
2094 1912 2352 1967 connnori
2377 1911 2609 1972 Christo,
2636 1916 2853 1964 aeterme
2883 1923 3097 1978 quoque
3130 1908 3253 1961 vitae
3279 1926 3341 1961 ac
3365 1910 3586 1964 salutari

2014 2004 2386 2074 coimaginari,
2415 2010 2475 2057 ut
2500 2000 2682 2074 gloria:
2706 2000 2905 2056 Christi
2939 2000 3143 2055 similes
3176 2000 3312 2055 cllici
3349 2016 3591 2056 merean-

2018 2106 2124 2151 tur.
2176 2096 2320 2151 Caro
2366 2109 2523 2159 vero,
2570 2095 2619 2150 id
2667 2102 2780 2159 est,
2812 2109 3007 2164 corpus
3047 2093 3126 2147 sic
3158 2093 3511 2165 crucifigitur,
3543 2093 3590 2149 si

2015 2190 2279 2245 desideria
2307 2185 2423 2257 ejus
2452 2187 2745 2248 calcentur,
2761 2201 2879 2257 quae
2902 2193 3154 2241 manente
3181 2184 3232 2239 in
3257 2199 3319 2239 ea
3344 2194 3587 2253 peccato,

2016 2291 2270 2339 creantur
2298 2298 2362 2336 ex
2392 2279 2837 2350 praevaricatione
2859 2279 3016 2349 primi
3040 2275 3274 2331 hominis
3292 2285 3465 2347 empta
3494 2293 3506 2328 :
3538 2275 3591 2329 in

2016 2391 2183 2431 carne
2212 2374 2357 2429 enim
2385 2372 2629 2427 diabolus
2653 2368 3010 2440 cruciﬁgitur,
3044 2370 3156 2438 ipse
3182 2366 3324 2423 enim
3364 2374 3466 2431 est,
3500 2366 3593 2436 qui

2016 2467 2155 2523 fallit
2176 2482 2273 2538 per
2297 2480 2549 2530 carnem;
2575 2478 2704 2518 caro
2721 2461 2866 2516 enim
2893 2460 3183 2530 aliquando
3205 2457 3456 2521 mundus,
3489 2456 3593 2510 hoc

2017 2566 2122 2621 est,
2153 2556 2447 2620 elementa,
2482 2553 2772 2623 aliquando
2800 2566 2931 2606 vero
2952 2565 3148 2621 corpus
3180 2546 3409 2603 hominis
3441 2544 3596 2599 intel-

2019 2647 2321 2721 ligitur,vel
2344 2648 2457 2718 ipsa
2485 2645 2667 2701 anima
2692 2657 2924 2714 sequens
2944 2655 3200 2711 corporea
3232 2638 3382 2692 vitia.
3408 2636 3594 2693 Scien~

2019 2751 2095 2795 tes
2125 2738 2265 2810 quod
2295 2737 2534 2809 Christus
2554 2750 2770 2805 surgens
2801 2731 3065 2785 emortuis
3087 2729 3200 2799 jam
3227 2745 3326 2782 non
3352 2727 3594 2788 moritur,

2019 2848 2159 2885 mors
2187 2828 2264 2883 illi
2292 2827 2555 2882 ultranon
2584 2820 3125 2890 dominabitur:quod
3152 2827 3325 2872 autem
3356 2825 3594 2868 mortuus

2020 2930 2097 2976 est
2118 2928 2352 2991 peccato,
2384 2926 2620 2971 mortuus
2639 2924 2712 2969 est
2742 2911 2921 2977 semel;
2948 2908 3088 2987 quod
3116 2918 3286 2962 autem
3310 2907 3447 2969 vicit,
3478 2906 3595 2959 vivit

2024 3010 2153 3064 Dco.
2180 3006 2385 3080 (Grcg.)
2417 3005 2525 3062 Nos
2552 3004 2696 3059 enim
2719 3003 2843 3072 quia
2870 3010 2924 3056 et
2952 3015 2981 3053 a
3015 2999 3122 3053 Deo
3162 3006 3341 3051 mente
3372 2995 3599 3049 recessi-

2027 3116 2170 3163 tnus,
2198 3107 2253 3153 et
2282 3111 2446 3153 carne
2474 3095 2540 3150 ad
2569 3094 2843 3166 pulverem
2877 3091 3143 3150 redimus,
3168 3097 3221 3141 et
3244 3102 3398 3158 pmna
3423 3085 3598 3155 dupla:

2026 3188 2220 3243 mortis
2246 3186 2618 3255 astringitnur,
2651 3183 2744 3238 sel
2776 3181 2920 3236 venit
2948 3182 3013 3234 ad
3044 3196 3171 3240 nos,
3200 3177 3288 3248 qui
3320 3194 3416 3249 pro
3447 3175 3601 3231 nolis

2026 3278 2139 3335 sola
2168 3292 2332 3333 carne
2354 3284 2676 3338 moreretur,
2703 3272 2795 3341 qui
2826 3270 3072 3340 simplum
3106 3286 3255 3323 suam
3285 3264 3459 3338 (κυνικέ
3502 3284 3599 3321 no-

2028 3379 2158 3425 strzc
2184 3365 2557 3435 coniungeret,
2580 3373 2634 3419 et
2660 3380 2758 3417 nos
2780 3363 2847 3415 ab
2870 3372 3096 3433 utraque
3127 3370 3297 3414 morte
3323 3359 3598 3421 liberaret,

2028 3460 2094 3514 de
2121 3472 2225 3528 qua
2254 3470 2351 3528 per
2382 3454 2607 3509 Paulum
2650 3454 2869 3517 dicitur,
2912 3451 3055 3520 quod
3102 3450 3189 3520 qui
3240 3457 3475 3502 mortuus
3528 3456 3601 3500 est

2027 3557 2234 3619 peccato
2263 3555 2498 3600 mortuus
2526 3554 2601 3598 est
2632 3541 2809 3606 semel,
2843 3551 2948 3595 etc.
2983 3537 3209 3611 (.tmbr.)
3243 3538 3600 3593 Securitatem

2027 3637 2344 3694 atteruitatis
2388 3636 2441 3690 in
2480 3635 2875 3689 resurrectione
2903 3631 3198 3686 Salvatoris
3227 3630 3461 3684 ostendit
3493 3647 3504 3681 :
3537 3629 3604 3683 ad

2027 3744 2188 3801 quatn
2210 3728 2393 3781 venire
2419 3724 2699 3795 contingit,
2726 3723 2769 3777 si
2796 3722 3032 3777 melioris
3057 3721 3174 3774 vine
3196 3719 3354 3774 fuerit
3380 3718 3600 3772 annula-

2029 3818 2123 3873 tio.
2159 3816 2262 3883 Qui
2290 3815 2434 3870 enim
2462 3815 2598 3868 bene
2626 3813 2833 3882 agendo
2863 3810 2989 3864 vivit
3020 3810 3150 3871 Deo,
3180 3809 3266 3862 hic
3288 3822 3414 3860 vere
3447 3808 3609 3867 vivit,

2029 3907 2154 3977 quia
2210 3914 2465 3960 teternam
2512 3903 2676 3957 vitam
2723 3902 2903 3956 habet.
2933 3899 3166 3956 Scientes
3188 3939 3201 3963 ,
3232 3898 3439 3967 inquit,
3467 3894 3607 3967 quod

2029 3996 2267 4051 Christus
2298 4010 2567 4064 resurgens
2592 4009 2622 4046 (ι
2652 3991 2870 4044 mortuis
2901 3990 3017 4061 jam
3052 4005 3156 4043 non
3194 3989 3436 4049 moritur,
3462 4002 3601 4039 mors

2028 4084 2108 4140 illi
2128 4085 2265 4139 ultra
2291 4101 2396 4137 non
2423 4082 2799 4137 dominabitur.
2819 4078 3015 4152 (0rig.)
3035 4078 3270 4132 Hoccine
3294 4090 3457 4129 ausus
3472 4091 3554 4137 .cs,
3571 4092 3607 4128 ο

2028 4175 2212 4238 Paule,
2244 4174 2422 4227 dicere
2456 4172 2520 4226 de
2545 4170 2785 4233 Christo,
2820 4168 2962 4223 Mors
2988 4169 3035 4222 ei
3072 4167 3211 4220 ultra
3246 4182 3346 4219 non
3369 4164 3608 4239 domina-

2030 4266 2188 4332 bitur,
2217 4264 2369 4334 quasi
2402 4263 2688 4331 aliquando
2709 4262 2981 4315 dominata
3010 4259 3118 4314 sit?
3137 4256 3289 4325 cujus
3308 4272 3407 4311 vox
3437 4256 3608 4310 Evan-

2032 4356 2153 4428 gelii
2184 4356 2355 4409 l'ertur
2384 4369 2482 4423 per
2517 4368 2676 4407 omne
2719 4366 2915 4420 corpus
2948 4347 3201 4404 Ecclesia:
3240 4347 3359 4402 luce
3386 4345 3607 4411 clarior,

2031 4456 2136 4517 qtta
2160 4446 2259 4499 ait:
2284 4444 2447 4499 Nemo
2472 4442 2604 4496 tollit
2625 4460 2655 4496 a
2688 4458 2767 4495 me
2789 4442 3018 4494 animum
3040 4456 3231 4503 meam,
3247 4437 3335 4492 sed
3360 4453 3451 4505 ego
3473 4432 3609 4506 pono

2030 4554 2167 4602 eam,
2202 4546 2246 4590 et
2276 4543 2578 4605 potestatem
2614 4535 2775 4586 habeo
2807 4531 3029 4601 ponendi
3064 4547 3213 4594 eam,
3235 4537 3283 4582 et
3306 4538 3611 4597 potestatem

2030 4628 2193 4682 habeo
2222 4629 2409 4681 iterum
2427 4626 2666 4680 sumendi
2693 4642 2807 4679 eam
2837 4623 3019 4697 (Joan.
3045 4623 3121 4695 χ).
3153 4620 3287 4678 Huic
3314 4637 3444 4692 ergo
3471 4636 3612 4674 tuor-

2035 4727 2143 4773 tem
2179 4717 2315 4773 dicis
2348 4733 2470 4772 esse
2509 4717 2870 4780 dominatam,
2902 4715 2991 4785 qui
3028 4715 3263 4769 animam
3300 4713 3477 4781 posuit
3506 4727 3609 4764 non

2036 4810 2210 4865 solum
2238 4809 2531 4873 voluntate,
2559 4808 2654 4862 sed
2679 4815 2734 4862 et
2762 4816 3022 4876 potestate
3044 4804 3317 4874 suscepit?
3353 4803 3443 4871 qui
3468 4801 3613 4856 solus

2036 4897 2133 4953 fuit
2179 4901 2315 4953 inter
2342 4906 2575 4951 mortuos
2602 4897 2750 4959 liber,
2779 4907 2833 4950 et
2854 4912 3012 4967 quem
3054 4895 3223 4949 solum
3255 4908 3400 4948 mors
3426 4903 3611 4944 tenere

2036 5006 2142 5044 non
2178 4990 2385 5059 potuit?
2422 4988 2578 5053 Ilico,
2616 4998 2675 5041 ut
2714 4988 2936 5057 opinor,
2971 4993 3025 5038 et
3061 4985 3145 5038 bis
3185 4982 3381 5038 similia
3432 4996 3618 5035 move-

2038 5082 2173 5137 bunt
2220 5081 2480 5134 adversus
2524 5078 2745 5132 Paulum
2794 5077 2848 5130 hi
2898 5077 2989 5146 qui
3040 5084 3222 5130 lenem
3263 5089 3389 5145 erga
3429 5071 3612 5128 Iesum

2039 5182 2163 5227 sunt
2202 5170 2394 5227 aﬁ‘ectu
2414 5210 2429 5235 ,
2462 5179 2518 5224 et
2561 5169 2688 5221 nihil
2722 5169 2787 5221 de
2818 5183 2884 5222 eo
2912 5167 3142 5231 humile,
3173 5165 3308 5221 nihil
3336 5166 3613 5237 indignant

2040 5261 2315 5331 patiuntur
2341 5260 2546 5315 audire.
2585 5260 2768 5312 Potest
2798 5270 2927 5327 ergo
2954 5257 3075 5326 quis
3098 5256 3533 5325 compendiosius
3561 5258 3613 5309 in

2040 5353 2125 5406 bis
2154 5352 2336 5407 dicere
2366 5351 2490 5420 quia
2526 5351 2613 5404 hic
2648 5359 2908 5413 mortem,
2943 5364 3283 5404 communem
3319 5350 3458 5403 hanc
3488 5350 3620 5403 dicit

2040 5451 2095 5499 et
2124 5443 2354 5497 mediam
2392 5457 2494 5512 qua
2545 5454 2778 5496 mortuus
2826 5451 2932 5506 est,
2979 5442 3118 5495 sicut
3154 5442 3294 5496 idem
3328 5440 3617 5510 Apostolus

2041 5534 2203 5597 dicit,
2234 5534 2525 5588 secundum
2561 5534 2902 5602 Scripturas,
2946 5539 3001 5586 et
3037 5531 3171 5585 nihil
3205 5532 3496 5586 absurdum
3544 5532 3619 5583 vi-

2041 5624 2187 5689 deri,
2227 5626 2271 5681 si
2319 5627 2362 5679 is
2401 5625 2493 5694 qui
2537 5624 2764 5681 fortnam
2802 5625 2941 5680 servi
2985 5634 3329 5693 susceperat.
3371 5625 3618 5680 domina-
