3998 6202
547 339 704 432 ιδῃδ’

1172 365 1234 422 Β.
1273 362 1527 422 RABANI
1566 361 1784 419 MAURI
1823 357 2140 417 ARClllEP.
2184 353 2494 414 MOGUNT.
2531 355 2816 413 OPERUM
2855 353 3032 411 PARS
3066 355 3154 411 ill.

3589 365 3692 421 i396

543 503 658 547 tum
703 485 983 559 pertulerit
1034 482 1255 548 mortis,
1297 495 1418 550 quae
1457 479 1574 534 sine
1610 479 1772 532 dubio
1808 475 2117 530 dominatur
2147 482 2188 534 Α
2221 471 2432 542 tyranni
2461 469 2759 539 mortisque
2794 469 3047 540 patiatur.
3073 466 3200 523 Haec
3227 479 3376 539 prout
3406 474 3629 542 potuimus
3646 479 3694 532 ad

542 578 796 638 outnibus
829 574 920 646 qui
971 575 1022 628 in
1047 586 1208 628 carne
1231 571 1390 643 positi
1421 570 1522 626 sub
1557 567 1736 623 servili
1779 566 1948 620 forma
1989 581 2114 620 cen-

545 679 750 726 sentur.
795 665 944 720 Alius
997 679 1126 718 vero
1175 661 1264 731 qui
1311 659 1711 732 profundiorem
1759 657 1811 710 in
1846 657 1929 711 his
1961 655 2112 710 Pauli

546 775 760 818 sensum
783 756 836 812 in
853 756 1051 810 virtute
1073 752 1307 824 Spiritus
1335 757 1636 812 contuetur,
1662 749 1803 802 dicet
1823 748 1946 816 quia
1970 762 2115 801 mors

546 852 654 914 hic,
677 850 742 904 de
773 863 876 917 qua
899 845 1095 900 dicitur
1117 841 1258 912 quod
1287 841 1425 894 ultra
1454 854 1557 893 non
1582 837 1947 892 dominabitur
1966 837 2118 890 Chri-

545 951 649 1007 sto,
681 939 769 995 ille
791 939 907 1007 ipse
933 931 1309 1004 intelligendus
1350 940 1435 984 est
1475 928 1798 982 novissimus
1835 927 2114 990 inimicus,

546 1033 636 1103 qtti
663 1031 887 1104 ﬁguram
909 1026 1098 1084 habuit
1129 1024 1231 1079 ceti
1264 1022 1410 1077 illius
1435 1021 1526 1092 qui
1550 1019 1901 1074 absorbuerat
1923 1017 2115 1072 Jonam

547 1121 694 1192 (Jan.
721 1118 806 1192 ιι),
835 1119 902 1174 de
943 1132 1051 1187 quo
1095 1115 1146 1168 in
1172 1113 1272 1168 Job
1299 1113 1558 1180 scriptum
1585 1117 1685 1174 est,
1719 1109 1809 1162 sed
1837 1108 2114 1162 maledicat

544 1199 715 1282 illam,
743 1214 831 1287 qui
877 1210 1147 1266 maledixit
1177 1207 1282 1262 diei
1310 1204 1429 1277 (Job
1476 1203 1580 1276 nt),
1613 1203 1701 1257 ille
1744 1201 1834 1270 qui
1864 1216 2116 1271 magnum

545 1313 723 1360 cetum
759 1307 1136 1374 perempturus
1168 1305 1271 1352 est.
1302 1295 1358 1350 In
1385 1310 1544 1364 quam
1581 1301 1828 1355 mortem,
1860 1301 2114 1360 tanquam

545 1397 711 1452 Jonas
739 1395 789 1448 in
825 1400 1063 1447 ventrem
1087 1391 1210 1451 ceti,
1233 1387 1480 1442 Christus
1502 1386 1781 1456 ingressus
1802 1373 1902 1447 est,
1920 1383 1974 1436 in
1996 1399 2118 1436 cum
2173 1375 2197 1382 ’

549 1490 720 1544 locum
737 1486 942 1542 scilicet
962 1500 1118 1554 quem
1135 1481 1504 1551 Salvator-ipse
1519 1495 1613 1534 cor
1629 1488 1784 1532 terra:
1801 1475 2117 1538 nominavit,

547 1582 600 1636 in
621 1595 728 1652 quo
738 1586 849 1634 tres
862 1578 976 1633 dies
991 1587 1045 1631 et
1066 1583 1175 1630 tres
1189 1582 1374 1628 noctes
1388 1569 1632 1640 exemplo
1644 1568 1792 1624 luna-3
1809 1581 2118 1622 mansurum

545 1689 667 1732 esse
683 1670 876 1726 Filium
897 1667 1130 1724 hominis
1151 1665 1300 1730 dicit,
1313 1671 1374 1717 ut
1390 1678 1484 1719 eos
1495 1662 1584 1732 qui
1609 1661 1737 1716 inibi
1759 1677 1788 1714 a
1807 1669 1979 1714 morte
1993 1657 2123 1712 deti-

548 1763 815 1818 nebantur
829 1759 1110 1814 eximeret.
1133 1756 1284 1823 Quod
1311 1761 1368 1810 ut
1394 1754 1567 1808 adhuc
1589 1751 1800 1822 planius
1835 1750 2004 1820 possit
2029 1748 2123 1802 ad-

2216 575 2302 625 ea,
2325 574 2442 629 quae
2465 560 2563 614 hoc
2585 559 2706 614 loco
2727 569 2996 614 commota
3025 569 3167 624 sunt,
3193 559 3432 628 diximus,
3451 572 3496 617 ut
3519 567 3695 622 manife-

2217 652 2352 705 stius
2387 652 2712 704 claresceret
2747 651 3016 718 quomodo
3040 649 3206 704 semel
3255 651 3477 707 Christus
3499 665 3567 708 est
3588 673 3696 711 mor-

2219 751 2344 795 tuus
2365 751 2605 810 peccato,
2624 751 2678 795 et
2699 741 2836 794 ultra
2853 739 2966 810 jam
2999 757 3103 795 non
3135 744 3375 809 moritur,
3400 755 3448 798 et
3473 747 3698 816 quiaquod

2218 833 2368 898 vivit,
2398 833 2531 886 vivit
2554 833 2681 886 Deo.
2715 833 2910 888 Vivere
2935 843 3112 888 autem
3144 833 3254 888 Deo
3277 834 3347 888 ita
3375 835 3700 907 intelligendum

2217 934 2322 988 est,
2354 923 2506 994 quasi
2535 924 2749 994 expleto
2779 939 2844 978 eo
2867 925 3010 994 quod
3038 925 3090 980 in
3119 924 3290 979 forma
3313 925 3398 981 Dei
3425 929 3598 996 positus
3619 931 3702 986 exi-

2217 1013 2426 1066 nanivit
2449 1013 2814 1082 semetipsum,
2847 1023 2904 1067 et
2937 1013 3166 1068 formam
3197 1015 3334 1070 servi
3359 1017 3701 1086 accepit,etia-

2218 1113 2335 1160 ctus
2357 1113 2441 1160 est
2475 1107 2734 1162 obediens
2769 1121 2939 1176 usque
2962 1107 3029 1163 ad
3062 1117 3310 1172 mortem,
3338 1125 3527 1166 rursum
3547 1127 3704 1182 perma-

2219 1209 2345 1253 neat
2365 1197 2419 1252 in
2445 1199 2613 1252 forma
2638 1197 2728 1252 Dei
2753 1207 2912 1270 atque
2931 1200 3156 1270 aequalis
3177 1200 3339 1255 Patri.
3356 1198 3492 1257 Unde
3507 1212 3551 1256 et
3562 1207 3704 1261 merito

2219 1291 2273 1344 in
2303 1289 2758 1359 consequentibus
2784 1290 2955 1360 ponit.

2287 1382 2376 1433 Ita
2408 1389 2455 1432 et
2504 1395 2590 1433 eos
2619 1379 2908 1434 existimate
2934 1398 3019 1436 vos
3047 1381 3257 1452 quidem
3275 1393 3486 1437 mortuos
3511 1401 3604 1438 esse
3619 1402 3706 1454 pet-

2219 1475 2357 1532 cato,
2385 1467 2604 1520 viventes
2633 1477 2806 1520 autem
2838 1467 2946 1521 Deo
2977 1469 3029 1520 in
3060 1465 3266 1524 Christo
3293 1469 3414 1524 Jesu
3443 1470 3625 1525 Domino
3645 1490 3708 1526 no—

2219 1565 2346 1610 stro.
2401 1557 2518 1622 Quo
2565 1556 2775 1611 scilicet
2827 1559 3128 1614 imitatione
3181 1559 3375 1615 Christi
3414 1571 3600 1631 peccato
3626 1577 3708 1617 mo-

2223 1647 2443 1713 riamur,
2467 1646 2625 1701 alieni
2658 1649 2726 1701 ab
2758 1661 2822 1702 eo
2852 1648 3050 1710 ell'ecti,
3085 1657 3140 1704 et
3167 1649 3274 1704 Deo
3295 1651 3513 1706 vivamus
3535 1649 3708 1719 jungen-

2225 1749 2307 1794 tes
2350 1755 2448 1794 nos
2479 1739 2587 1804 illi,
2625 1749 2679 1794 et
2719 1755 2858 1795 unus
2891 1755 3016 1796 cum
3065 1741 3184 1810 ipso
3228 1742 3434 1812 spiritus
3465 1739 3586 1796 facti.
3625 1742 3705 1796 Non

545 1851 705 1918 verti,
736 1850 824 1905 tali
855 1851 1048 1904 iterum
1071 1845 1420 1902 similitudine
1459 1852 1692 1898 utemur.
1727 1843 1925 1912 Regem
1951 1857 2116 1910 pona-
2151 1816 2198 1876 Β
2223 1829 2339 1884 Sine
2367 1845 2526 1884 causa
2556 1830 2670 1884 haec
2695 1829 2850 1893 dixit,
2877 1831 3170 1885 existimate
3192 1849 3278 1885 vos
3302 1843 3611 1886 mortuosesse
3629 1850 3708 1899 3n-

547 1960 668 2000 mns
697 1941 928 1998 nobilem
959 1951 1011 1994 et
1033 1941 1262 2010 justum,
1290 1939 1572 1992 adversum
1597 1935 1852 2004 iniustum
1884 1932 2115 2002 aliquem

550 2044 839 2106 tyrannum
885 2032 956 2086 ita
989 2030 1183 2085 bellum
1225 2045 1412 2099 gerere
1441 2027 1739 2092 volentem,
1780 2040 1847 2080 ne
1885 2024 2118 2078 violento

545 2123 792 2180 videatur
822 2129 1154 2190 cruentaque
1183 2117 1377 2172 vicisse
1423 2115 1671 2171 conﬂictu
1695 2155 1710 2180 ,
1739 2114 1863 2183 quia
1899 2120 1954 2167 et
1981 2111 2121 2166 mili-

551 2219 728 2270 tantes
753 2212 852 2268 sub
877 2226 1109 2284 tyranno
1137 2209 1218 2264 sui
1248 2214 1422 2272 erant,
1451 2223 1587 2278 quos
1616 2221 1720 2259 non
1750 2204 1994 2274 perdere,
2025 2201 2120 2257 sed

550 2305 778 2359 liberare
818 2302 1086 2372 cupiebat.
1133 2298 1372 2355 Consilio
1418 2297 1581 2368 igitur
1623 2296 1843 2349 meliore
1878 2293 2118 2348 habitum

551 2395 715 2450 sumit
748 2407 934 2449 eorum
970 2391 1060 2462 qui
1094 2389 1232 2462 apud
1257 2398 1541 2461 tyrannum
1565 2393 1748 2450 erant,
1779 2392 1832 2440 et
1852 2383 2032 2454 specie
2063 2380 2123 2436 ﬁt

553 2503 651 2560 per
679 2487 859 2543 omnia
897 2483 1088 2540 similis
1123 2482 1227 2548 eis,
1260 2481 1430 2537 donec
1457 2477 1557 2534 sub
1583 2475 1947 2533 dominatione
1973 2473 2122 2544 posi-

553 2588 642 2634 tus
681 2577 889 2651 tyranni
935 2591 1030 2632 eos
1078 2573 1293 2645 quidem
1333 2571 1423 2643 qui
1457 2569 1504 2624 ei
1547 2568 1827 2640 parebant,
1876 2564 2126 2620 suaderet

555 2672 878 2736 abscedere,
919 2679 970 2725 et
1003 2668 1066 2724 ad
1099 2681 1320 2738 regnum
1368 2662 1663 2735 legitimum
1711 2659 1998 2730 repedare,
2045 2659 2126 2728 ip-

557 2780 676 2820 sutn
696 2779 822 2818 vero
839 2761 1028 2817 fortem
1052 2768 1290 2828 tempore
1311 2762 1612 2827 opportuno
1627 2751 1888 2822 alligaret,
1907 2758 1962 2804 et
1981 2757 2128 2818 pote-

559 2861 728 2908 states
754 2851 870 2922 ejus
907 2865 972 2904 ac
1009 2847 1340 2920 principatus
1369 2849 1630 2907 exueret,
1671 2847 1726 2895 et
1754 2839 1992 2894 avulsam
2033 2853 2126 2892 ca—

559 2942 881 3016 ptivitatem,
918 2955 1038 3011 quae
1073 2937 1143 2994 ab
1189 2951 1254 2992 eo
1287 2935 1591 2999 tenebatur,
1627 2930 1981 2987 abstraheret.
2016 2928 2128 2984 Hoc

559 3048 690 3104 ergo
709 3031 867 3087 modo
883 3031 1045 3086 etiam
1061 3027 1309 3084 Christus
1328 3025 1602 3081 voluntate
1617 3023 1831 3092 quidem
1847 3021 2130 3075 exinanivit

563 3135 690 3180 tunc
713 3123 1062 3193 semetipsum,
1088 3129 1137 3175 et
1168 3119 1394 3189 formam
1419 3117 1552 3170 servi
1577 3115 1804 3184 accepit,
1832 3126 2128 3184 passusque

560 3222 646 3270 est
697 3214 1031 3270 dominatum
1077 3211 1322 3284 tyranni,
1365 3209 1536 3280 factus
1578 3206 1818 3260 obediens
1861 3221 2020 3276 usque
2059 3203 2128 3258 ad

561 3315 781 3360 mortem
803 3302 1144 3377 (Philippm),
1159 3317 1255 3372 per
1269 3316 1428 3370 quam
1453 3307 1678 3354 mortem
1703 3297 1966 3352 destruxit
1987 3311 2130 3358 eum,

565 3393 658 3464 qui
692 3393 924 3449 habebat
949 3391 1141 3448 mortis
1168 3389 1484 3461 imperium.
1515 3388 1566 3442 id
1602 3397 1716 3452 est,
1744 3386 2042 3452 diabolum,
2077 3395 2136 3439 ut

565 3487 820 3541 liberaret
847 3499 941 3540 eos
967 3483 1059 3554 qui
1114 3483 1436 3538 tenebantur
1463 3495 1493 3534 a
1522 3489 1714 3534 morte.
1741 3475 1839 3532 llic
1861 3477 2001 3533 enim
2025 3477 2138 3532 alli-

567 3587 692 3648 gato
717 3575 877 3642 forte,
899 3585 954 3630 et
977 3575 1030 3630 in
1051 3588 1214 3629 cruce
1231 3588 1324 3627 sua
1349 3571 1698 3641 triumphato,
1717 3569 1953 3640 perrexit
1973 3569 2134 3623 etiam

568 3670 621 3720 in
649 3665 867 3720 domum
894 3664 1034 3735 ejus,
1065 3662 1120 3716 in
1151 3663 1368 3718 domum
1404 3661 1627 3726 mortis,
1665 3659 1716 3714 in
1749 3657 2018 3713 infernum
2040 3698 2054 3723 ,
2083 3666 2138 3712 et

571 3757 697 3812 inde
717 3770 840 3811 vasa
879 3753 996 3824 ejus
1025 3752 1266 3823 diripuit,
1296 3751 1349 3806 id
1377 3759 1481 3818 est,
1514 3749 1724 3804 animas
1754 3764 1888 3819 quas
1926 3749 2140 3803 tenebat

568 3850 863 3916 abstraxit;
887 3857 943 3905 et
961 3849 1106 3914 inde,
1125 3845 1420 3900 Ascendens
1443 3845 1497 3916 in
1513 3843 1698 3907 altum,
1722 3843 1972 3912 captiuam
1991 3839 2138 3894 duxit

570 3943 918 4013 captivitatem
943 3937 1118 4013 (Psal.
1149 3936 1339 4010 van),
1364 3951 1458 3992 eos
1481 3934 1708 4000 scilicet,
1737 3933 1828 4004 qui
1854 3948 1976 3987 cum
2024 3933 2140 4001 ipso

571 4039 952 4094 surrexerunt,
985 4040 1038 4086 et
1063 4028 1290 4100 ingressi
1319 4033 1444 4082 sunt
1475 4034 1718 4082 sanctam
1744 4023 2021 4079 civitatem
2051 4020 2142 4076 Je-

577 4121 807 4178 rusalem
837 4120 1130 4178 caelestem.
1153 4117 1304 4173 Unde
1326 4123 1472 4172 recte
1501 4113 1792 4184 Apostolus
1813 4112 1866 4166 in
1887 4109 2140 4182 praesenti

2219 1931 2356 1988 cato,
2388 1921 2530 1991 quod
2555 1920 2745 1976 melius
2771 1920 2988 1992 quidem
3016 1921 3068 1974 in
3091 1920 3282 1978 Grazco
3303 1921 3525 1984 habetur,
3547 1923 3707 1990 cogitate

2219 2029 2306 2066 vos
2343 2021 2575 2066 mortuos
2608 2027 2719 2066 esse
2746 2020 2994 2082 peccato;
3040 2027 3129 2066 res
3172 2013 3344 2077 enim,
3373 2011 3432 2066 de
3457 2029 3546 2083 qua
3579 2027 3708 2066 sermo

2192 2111 2321 2170 est,
2359 2101 2411 2156 iu
2450 2103 2775 2174 cogitatione
2803 2103 2978 2172 magis
3023 2113 3080 2158 ct
3119 2106 3324 2160 ratione
3359 2105 3592 2168 subsistit,
3618 2105 3706 2174 quia

2221 2193 2524 2264 hujusmodi
2556 2210 2702 2248 mors
2729 2209 2834 2250 non
2875 2194 2930 2248 in
2957 2194 3186 2258 ell’ectu,
3232 2195 3324 2251 sed
3368 2197 3417 2250 in
3458 2194 3708 2266 cegitatione

2221 2285 2463 2340 habenda
2493 2292 2592 2338 est.
2626 2284 2726 2351 Qui
2766 2284 2910 2339 enim
2939 2287 3142 2356 cogitat
3171 2294 3225 2342 et
3251 2287 3498 2341 existimat
3523 2285 3630 2357 apud
3650 2299 3710 2339 sc-

2221 2374 2507 2443 metipsum
2527 2381 2796 2428 mortuum
2820 2389 2877 2428 se
2891 2389 3033 2440 esse,
3051 2390 3158 2430 non
3179 2385 3380 2446 peccat.
3405 2374 3538 2430 Verbi
3551 2375 3706 2444 gratia:

2223 2465 2266 2521 si
2313 2483 2398 2521 me
2428 2467 2860 2538 concupiscentia
2894 2465 3138 2522 mulieris
3165 2469 3354 2532 trahat,
3383 2465 3425 2520 si
3468 2467 3657 2535 argenti,
3678 2463 3708 2517 si

2225 2557 2364 2624 auri,
2395 2559 2439 2612 si
2485 2557 2668 2628 praedii
2716 2556 2980 2626 cupiditas
3005 2557 3218 2626 pulset,
3259 2565 3310 2612 et
3333 2573 3506 2628 ponam
3527 2557 3569 2610 in
3593 2553 3710 2610 conlo

2225 2665 2346 2705 meo
2390 2648 2530 2720 quod
2588 2658 2832 2703 mortuus
2874 2647 2976 2703 sim
3008 2663 3136 2702 cum
3175 2647 3404 2712 Christo,
3440 2645 3561 2702 etde
3587 2653 3712 2699 morte

2225 2745 2473 2814 cogitem,
2520 2741 2882 2812 exstinguitur
2935 2740 3194 2797 continuo
3235 2738 3644 2812 concupiscentia,
3679 2745 3718 2788 et

2225 2840 2492 2911 cll'ngatur
2535 2847 2835 2908 peccatum.
2868 2836 2973 2890 Aut
2996 2839 3049 2894 si
3072 2839 3199 2894 odio
3225 2838 3307 2892 vel
3345 2838 3417 2892 ira
3439 2833 3712 2889 inﬂammatus

2227 2935 2292 2989 ad
2343 2948 2529 2989 necem
2579 2933 2819 2988 conciter
2861 2932 3065 2988 inimici
3113 2932 3254 2996 mei,
3281 2933 3323 2986 si
3367 2945 3445 2985 me
3483 2927 3711 2984 existimem

2228 3031 2494 3078 mortuum
2524 3035 2644 3078 esse
2679 3037 2801 3076 cum
2853 3021 3094 3088 Christo,
3121 3030 3177 3076 et
3219 3021 3538 3089 cogitationes
3579 3012 3714 3070 morti

2229 3130 2424 3185 ponam
2447 3115 2498 3168 in
2526 3114 2706 3169 animo
2733 3129 2852 3170 meo
2873 3155 2888 3180 ,
2918 3115 3284 3186 exstinguitur
3303 3113 3411 3168 sine
3435 3112 3572 3167 dubio
3591 3107 3712 3171 furor,

2231 3215 2415 3263 cessat
2443 3206 2543 3270 ira,
2584 3205 2766 3262 odium
2805 3206 3170 3276 conquieuit,
3219 3213 3430 3276 peccato
3473 3218 3559 3256 non
3603 3201 3714 3255 datur

2231 3297 2412 3362 locus,
2454 3305 2510 3352 et
2551 3297 2654 3352 hoc
2693 3297 2852 3351 modo
2895 3305 3122 3368 peccato
3168 3298 3288 3367 quis
3323 3295 3448 3350 mori
3485 3291 3713 3350 invenitur,

2232 3394 2287 3442 et
2331 3387 2512 3440 vivere
2557 3383 2688 3440 Deo.
2735 3383 2844 3439 Sed
2893 3394 2948 3439 et
2983 3384 3088 3439 hoc
3131 3383 3271 3455 quod
3314 3381 3522 3444 addidit,
3555 3378 3716 3431 virente:

2232 3475 2344 3531 Deo
2390 3478 2445 3530 in
2493 3474 2702 3531 Christo
2751 3475 2914 3541 Iesu,
2947 3491 3052 3532 non
3101 3477 3235 3531 mihi
3285 3475 3477 3530 videtur
3504 3471 3712 3526 otiosum:

2234 3568 2408 3624 simile
2430 3568 2571 3624 enim
2601 3578 2730 3638 puto
2767 3583 2912 3632 esse,
2945 3568 3100 3638 quasi
3145 3567 3382 3632 dixisset,
3406 3566 3610 3618 viventes
3643 3557 3716 3610 Deo

2237 3661 2290 3716 in
2327 3660 2614 3730 sapientia,
2645 3661 2699 3714 in
2750 3673 2902 3728 pace,
2929 3659 2982 3713 in
3005 3657 3240 3727 iustitia,
3266 3657 3316 3710 ἰι
3357 3646 3714 3710 sanctiﬁcatione,

2236 3769 2356 3824 qua:
2396 3751 2576 3807 omnia
2626 3751 2874 3806 Christus
2923 3759 3026 3805 est.
3063 3749 3123 3804 In
3156 3750 3241 3804 his
3282 3761 3402 3818 ergo
3441 3744 3591 3798 vivere
3623 3736 3712 3824 Deo.

2237 3823 2342 3900 hoc
2379 3852 2495 3908 est,
2525 3842 2578 3896 in
2611 3841 2826 3897 Christo
2866 3839 2994 3895 Jesu
3035 3839 3218 3894 vivere
3247 3839 3369 3892 Deo.
3407 3830 3536 3900 Quod
3567 3826 3604 3882 si
3637 3823 3716 3876 sine

2231 3933 2465 4004 iustitia,
2515 3931 2632 3986 sine
2681 3944 2848 4000 pace,
2879 3929 2998 3984 sine
3026 3925 3441 3984 sanctiﬁcatione
3483 3914 3718 3979 caetel‘iStlne

2239 4022 2528 4079 virtutibus
2568 4036 2725 4076 nemo
2776 4019 2908 4074 vivit
2963 4019 3091 4084 Deo,
3118 4027 3322 4074 certum
3363 4021 3438 4069 est
3461 4007 3579 4081 quod
3607 4012 3720 4058 nemo

2239 4117 2389 4172 vivat
2413 4115 2526 4175 Deo
2552 4115 2656 4170 nisi
2689 4114 2742 4169 in
2768 4113 2988 4169 Christo
3005 4111 3156 4168 Jesu.
3197 4106 3411 4184 (Ambr.)
3434 4105 3512 4160 Sic
3529 4097 3716 4168 loquitur.

573 4215 692 4270 loco
745 4213 916 4278 dicit,
969 4211 1095 4282 quia
1155 4225 1294 4264 mors
1340 4208 1388 4262 ei
1439 4205 1580 4260 ultra
1635 4220 1738 4258 non
1792 4201 2146 4256 dominabitur
2240 4219 2302 4264 ιιι
2352 4209 2544 4266 δοθείη
2593 4222 2698 4262 non
2750 4206 2906 4261 ηιίιει-
2957 4205 3094 4262 mori
3131 4218 3288 4275 posse
3328 4203 3551 4271 peccato,
3586 4185 3720 4244 etDt‘o

573 4305 660 4371 (11
683 4305 830 4360 Rom.
849 4320 924 4369 vr,
942 4303 1034 4375 9);
1062 4317 1168 4356 non
1192 4300 1338 4356 enim
1358 4298 1498 4353 ultra
1527 4296 1677 4352 dabit
1705 4293 2050 4364 semetipsum
2090 4291 2132 4346 in

2241 4302 2454 4368 vivere,
2491 4316 2653 4373 quam
2683 4309 2744 4355 ut
2779 4300 2834 4355 in
2871 4297 3090 4354 Christo
3129 4298 3202 4352 sit
3246 4291 3412 4350 omnis
3449 4287 3718 4375 sponsum

578 4371 998 4454 dominationem
1043 4393 1292 4466 tyranni,
1324 4404 1499 4460 neque
1531 4389 1726 4444 iterum
1757 4383 2030 4440 exinaniet
2056 4398 2142 4448 se,
2247 4371 2532 4451 υοωίηιιηί
2559 4400 2804 4448 nostrum
2829 4389 3080 4462 apponat,
3102 4398 3164 4444 ιιι
3185 4385 3312 4444 nihil
3337 4381 3458 4454 legis
3475 4377 3532 4433 ad
3553 4371 3716 4430 salutem

582 4498 642 4544 ut
673 4487 902 4545 formam
929 4462 1080 4542 servi
1118 4483 1350 4555 accipiat
1387 4489 1436 4536 et
1469 4479 1564 4535 tlat
1585 4477 1842 4534 obediens
1869 4488 2040 4568 usque
2077 4475 2144 4530 ad
2177 4507 2224 4568 υ
2247 4485 2493 4556 proﬁciat
2517 4482 2902 4554 capessendam
2928 4482 2981 4536 in
3018 4479 3202 4535 futuro
3224 4473 3428 4539 saeculo,
3453 4462 3716 4540 quanch

581 4587 810 4635 mortem
835 4617 850 4644 ,
895 4592 964 4633 ne
995 4590 1208 4632 rursum
1255 4575 1310 4630 in
1359 4571 1532 4628 forma
1575 4568 1749 4634 servi,
1777 4566 2024 4638 quamvis
2051 4580 2144 4620 vo-

578 4667 788 4725 luntate
832 4675 889 4722 et
929 4681 1036 4722 non
1075 4663 1398 4718 necessitate
1433 4657 1673 4730 positus,
1729 4655 2147 4712 dominationem

2247 4575 2406 4632 aliter
2428 4575 2540 4631 Deo
2561 4573 2778 4638 vivitur,
2804 4586 2964 4642 quam
2993 4584 3092 4640 per
3112 4567 3394 4624 Christum.

594 4739 3704 4814 _______________________________..-

1610 4839 2794 5029 LIBEWTUS.

1003 5057 1352 5130 sseurruu
1382 5054 1608 5112 CAPUT
1643 5053 1733 5108 vr.

657 5160 781 5216 Non
817 5171 942 5228 ergo
982 5163 1156 5226 regnet
1197 5158 1464 5222 peccatum
1501 5147 1557 5201 in
1586 5153 1752 5200 oestro
1797 5142 2006 5198 mortali
2045 5157 2162 5196 cor-

585 5265 731 5322 pore,
762 5256 818 5302 ut
860 5243 1114 5300 obediatis
1159 5236 1584 5310 concupiscentiis
1627 5235 1764 5305 ejus.
1805 5231 2012 5304 (Greg.)
2042 5229 2159 5286 Non

585 5340 750 5404 enim,
775 5339 872 5402 ait,
913 5351 1021 5394 non
1071 5334 1160 5400 sit,
1207 5331 1302 5388 sed
1354 5346 1458 5384 non
1501 5336 1694 5400 regnet,
1725 5326 1851 5396 quia
1895 5341 2002 5381 non
2040 5337 2160 5380 esse

587 5448 696 5488 non
720 5436 918 5502 potest,
943 5441 1048 5482 non
1079 5433 1258 5480 autem
1289 5433 1514 5489 regnare
1535 5419 1589 5472 in
1619 5415 1870 5472 cordibus
1893 5413 2154 5470 bonorum

587 5531 784 5595 potest.
806 5521 938 5589 Quia
966 5534 1094 5591 ergo
1122 5515 1374 5587 qumlibet
1397 5511 1552 5581 culpa
1577 5523 1672 5564 cor
1696 5507 1938 5576 iniquum
1981 5503 2162 5574 pulsa-

593 5613 733 5667 verit
783 5612 1042 5666 resistens
1093 5606 1224 5662 illud
1267 5619 1372 5658 non
1403 5600 1632 5664 invenit,
1661 5597 1756 5654 sul
1781 5613 1880 5653 suo
1922 5596 2162 5651 dominio

591 5699 906 5758 substet-uir.
965 5693 1192 5770 (Anton)
1244 5691 1467 5748 Mortale
1518 5703 1718 5760 corpus
1753 5697 1839 5744 est
1881 5701 1948 5741 ex
1995 5701 2160 5742 causa

593 5788 1049 5865 ,rzcvaricationis
1097 5786 1255 5853 Adae,
1295 5799 1362 5840 ex
1415 5780 1516 5837 ﬁde
1572 5786 1750 5836 autem
1804 5775 2004 5834 Christi
2051 5777 2163 5833 fore

2263 5018 2499 5106 ﬂor
2559 5041 2882 5100 immortale.
2939 5041 3012 5098 llt
3057 5047 3232 5095 autem
3282 5036 3348 5091 ad
3399 5018 3718 5102 ῃτοωὶεείαιω

2262 5139 2406 5195 hanc
2446 5134 2712 5197 veniatur,
2758 5145 2866 5186 non
2909 5127 3259 5185 obediendum
3293 5121 3412 5180 dicit
3457 5114 3658 5197 peccato:
3674 5108 3720 5150 Μ

2260 5236 2447 5300 regnet
2473 5225 2529 5280 in
2557 5231 2741 5278 nostro
2761 5220 2972 5276 mortali
2991 5232 3215 5288 corpore
3239 5233 3252 5268 :
3280 5219 3456 5300 regnat
3469 5210 3616 5300 autem

2261 5284 2510 5389 imperat.
2539 5313 2598 5369 Si
2628 5321 2805 5368 autem
2831 5326 2940 5365 non
2969 5284 3174 5378 regnat,
3199 5319 3302 5360 non
3335 5284 3723 5389 videbitur

2262 5366 2369 5464 hoc
2407 5421 2528 5464 esse
2569 5402 2813 5465 mortale,
2840 5401 2965 5472 quia
2993 5366 3062 5454 in;
3085 5413 3179 5469 spe
3223 5385 3511 5450 :eternitatis
3537 5385 3618 5472 est:
3639 5366 3721 5472 Nil“

2262 5507 2482 5571 propter
2500 5464 2907 5551 dissolutionem
2935 5491 3072 5546 dixit
3095 5464 3310 5543 nonne
3335 5489 3523 5571 corpn§.

2264 5553 2386 5662 plet:
2405 5602 2618 5659 pmnatn
2639 5585 2920 5655 gehennae,
2938 5590 2997 5635 ut
3017 5579 3106 5634 ille
3139 5571 3366 5632 mortalis
3384 5553 3720 5662 dimitti-'12:?

2266 5639 2564 5752 gehennam
2597 5639 2886 5731 mittendus
2910 5681 3014 5737 est,
3040 5669 3162 5740 quia
3189 5664 3276 5734 (Ιυί
3301 5663 3495 5730 [leuam

2271 5723 2500 5830 :nortern
2518 5768 2804 5826 secundam
2830 5763 3022 5821 inferni
3054 5775 3156 5816 non
3178 5753 3412 5812 evadunt,
3431 5759 3456 5798 a
3475 5749 3558 5810 qua
3581 5723 3719 5783 53“”
