3998 6202
264 346 395 401 1597

790 342 1338 403 ENARRATIONUM
1375 342 1439 398 IN
1478 342 1625 398 EPP.
1668 341 1871 397 PAULI
1903 340 2032 396 LIB.
2072 339 2160 399 IV.
2195 368 2267 379 —-
2302 336 2368 392 ιιι
2406 335 2622 393 EPIST.
2662 335 2755 401 AD
2793 332 2961 390 ΙὶΟΜς.

3381 330 3543 385 ι’ῦες

256 473 345 517 tor
369 463 425 518 in
446 466 807 524 secredentes
830 465 1097 520 liberavit.
1130 461 1353 518 Mortale
1369 476 1499 532 ergo
1518 460 1703 515 dicens
1726 473 1840 517 cor-
1871 462 1916 521 Α
1946 455 2053 511 noli
2110 455 2240 511 dare
2284 469 2504 510 manum
2549 462 2643 508 aut
2677 453 2866 524 pedem
2914 450 2981 505 ad
3035 448 3353 523 feriendum.
3404 447 3520 502 Non

255 572 378 626 pus,
404 561 575 610 totum
618 555 892 611 hominem
921 554 1265 625 signiﬁcavit,
1305 553 1428 622 quia
1460 550 1552 620 qui
1583 550 1841 605 obediunt

254 659 500 718 peccato,
517 646 772 702 mortales
792 647 1044 701 dicuntur
1068 663 1081 698 :
1106 644 1295 699 Anima
1316 644 1476 707 enim,
1502 641 1693 710 inquit,
1724 654 1840 709 qua:

252 739 564 810 peccaverit,
593 738 705 809 ipsa
734 739 986 791 morietur
1012 735 1225 807 (Ezeclt.
1259 733 1437 803 xvm),
1470 732 1523 787 id
1560 739 1667 794 est,
1700 738 1843 782 totus

258 831 439 884 homo.
474 827 642 883 Nemo
665 827 808 883 enim
840 827 957 882 sine
985 840 1208 894 corpore
1237 822 1589 892 iudicabitur.
1622 815 1841 888 (0rig.)

176 906 188 938 A‘
259 921 390 974 Illud
416 928 594 979 tamen
632 919 870 981 adverte,
900 917 1041 986 quod
1065 906 1355 971 ostendens
1379 914 1432 968 in
1460 920 1644 967 nostra
1667 919 1844 979 potes-

261 1018 372 1064 tate
393 1008 647 1078 positum,
671 1017 728 1061 ut
754 1022 859 1062 non
885 1014 1072 1074 regnet
1095 1006 1149 1058 in
1172 1011 1357 1059 nostro
1382 1000 1578 1057 mortal
1619 1015 1844 1068 corpore

259 1107 575 1170 peccatum,
621 1107 948 1167 praeceptum
985 1096 1081 1150 dat
1112 1094 1400 1164 Apostolus
1438 1093 1624 1146 dicens
1662 1109 1675 1144 :
1723 1090 1845 1143 Non

258 1207 382 1260 ergo
424 1198 595 1259 regnet
636 1197 903 1258 peccatum
948 1188 1005 1242 in
1053 1194 1219 1240 vestro
1251 1183 1460 1238 mortali
1505 1198 1753 1251 corpore,
1777 1179 1844 1233 ad

261 1278 600 1334 obedientium
625 1277 897 1331 desideriis
924 1277 1075 1343 eius;
1105 1275 1206 1329 nisi
1231 1275 1374 1327 enim
1401 1280 1549 1327 esset
1572 1273 1623 1325 in
1664 1278 1846 1325 nostra

264 1376 532 1439 potestate
564 1378 623 1422 ut
653 1384 757 1421 non
788 1375 1038 1437 regnaret
1080 1365 1132 1419 in
1182 1364 1336 1418 nobis
1380 1371 1679 1433 peccatum,
1713 1376 1847 1429 pne-

262 1472 478 1532 ccptum
507 1459 693 1528 utique
734 1474 843 1512 nou
882 1457 1137 1511 dedisset.
1186 1451 1466 1520 Quomodo
1518 1466 1647 1521 ergo
1676 1449 1848 1519 possi-

263 1553 370 1607 bile
393 1562 498 1619 est,
522 1559 583 1605 ut
604 1558 882 1620 peccatum
907 1548 959 1602 in
992 1561 1155 1603 carne
1180 1554 1366 1600 nostra
1399 1558 1504 1597 non
1532 1540 1760 1611 regnet?
1789 1539 1846 1593 Si

266 1644 525 1700 faciamus
551 1642 676 1697 illud
698 1642 841 1711 quod
864 1640 1004 1696 idem
1026 1637 1313 1710 Apostolus
1334 1635 1465 1691 dicit
1490 1653 1504 1688 :
1529 1632 1848 1701 Mortiﬁcate

265 1735 495 1789 membra
531 1743 718 1799 vestra,
749 1749 865 1804 qua:
907 1740 1028 1786 sunt
1060 1746 1216 1800 super
1264 1737 1457 1783 (errant
1485 1723 1710 1797 (Coloss.
1740 1723 1845 1792 ιιι).

1941 558 2186 621 surgeret
2231 548 2311 603 ira
2361 548 2464 603 ista
2492 545 2904 608 irrationabilis,
2936 541 3038 597 nisi
3069 550 3347 610 peccatum
3376 549 3523 595 esset

1940 643 1996 698 in
2025 642 2307 705 membris,
2330 641 2423 695 sed
2462 638 2586 695 tolle
2610 637 2685 690 illi
2717 652 2941 705 regnum
2966 675 2982 696 ,
3011 650 3118 688 non
3149 632 3347 687 habeat
3370 648 3522 687 arma

1942 732 2084 788 unde
2130 739 2319 787 contra
2365 740 2417 784 te
2468 737 2691 798 pugnet,
2714 726 2875 782 discit
2924 726 3088 781 etiam
3119 740 3227 780 non
3279 739 3553 796 surgere,.

1942 839 2063 878 eum
2114 837 2266 876 arma
2316 835 2422 875 non
2462 819 2690 886 cmperit
2738 818 2982 873 invenire
3024 835 3040 871 :
3088 815 3209 869 Non
3237 815 3524 871 exhibeatis

1942 914 2172 967 membra
2192 919 2361 967 vestra
2386 927 2536 965 arma
2566 910 2856 981 iniquitatis
2898 924 3128 980 peccato,
3160 908 3398 977 alioquin
3428 909 3526 963 toti

1941 1004 2139 1073 captivi
2161 1004 2335 1069 eritis,
2360 1011 2535 1059 etnon
2559 1003 2663 1056 erit
2685 1002 2887 1065 dicere,
2908 1011 3086 1056 mente
3102 1001 3280 1056 servio
3298 999 3400 1070 legi
3425 1000 3522 1055 Dei
3550 1046 3555 1055 μ

1946 1111 2066 1149 cum
2094 1095 2285 1150 essetis
2321 1094 2463 1149 servi
2499 1093 2726 1163 peccati,
2757 1092 2910 1147 liberi
2944 1092 3123 1147 fuistis
3143 1091 3388 1159 iustitim.
3421 1090 3549 1145 Sed.

1943 1185 2174 1239 exhibete
2190 1201 2276 1238 vos
2295 1183 2425 1248 Deo,
2441 1192 2689 1253 tanquam
2711 1197 2775 1235 ea:
2788 1184 3007 1235 mortuis
3024 1183 3262 1236 viventes.
3287 1180 3536 1253 (Ambr.)’

1945 1275 2192 1340 Mortem,
2224 1275 2579 1345 ignorantiam
2606 1283 2662 1328 et
2694 1274 3058 1329 inﬁdelitatem
3089 1291 3214 1329 cum
3249 1275 3391 1330 mala
3417 1276 3554 1339 vita,

1946 1365 2232 1437 signiﬁcat,
2266 1366 2391 1434 quia
2417 1367 2524 1419 vita
2554 1374 2635 1420 est
2673 1380 2999 1435 cognoscere
3028 1365 3198 1420 Deum
3241 1380 3337 1434 per
3376 1365 3557 1423 Cbri—.

1947 1465 2109 1511 stum.
2125 1455 2260 1522 Quia
2276 1455 2421 1510 enim
2441 1471 2600 1510 nemo
2627 1456 2741 1509 sine
2764 1464 2986 1524 parente
3000 1466 3177 1509 ortum
3200 1455 3366 1509 sumit
3385 1455 3528 1519 Viue,
3552 1502 3559 1517 ι

1912 1618 1917 1621 _
1945 1550 2125 1603 omnia
2152 1559 2334 1604 autem
2355 1565 2385 1603 a
2410 1551 2520 1604 Deo
2543 1562 2659 1605 orta
2682 1559 2806 1605 sunt
2829 1550 2898 1604 ad
2924 1548 3087 1604 vitam
3108 1564 3204 1619 per
3223 1549 3529 1611 Christum;
3552 1584 3557 1595 ς

1948 1640 2149 1696 idcirco
2190 1642 2281 1709 qui
2334 1656 2441 1696 non
2499 1641 2745 1712 agnoscit
2790 1651 3067 1711 parentem
3123 1640 3362 1695 omnium
3414 1653 3535 1695 esse

1947 1728 2117 1785 Deum
2132 1748 2226 1801 per
2241 1730 2517 1787 Christum
2536 1774 2550 1795 ,
2566 1733 2730 1786 vitam
2747 1732 2946 1787 habere
2961 1748 3065 1787 non
3080 1731 3300 1801 dicitur,
3317 1732 3418 1786 hoc
3430 1740 3512 1786 est
3525 1774 3559 1798 ,.

265 1826 327 1879 Ει
352 1825 396 1881 si
425 1843 444 1876 ι
463 1838 675 1894 semper
691 1830 920 1877 mortem
939 1818 1138 1876 Christi
1163 1818 1215 1872 in
1237 1830 1462 1885 corpore
1484 1823 1668 1869 nostro
1689 1832 1706 1864 ι
1741 1812 1845 1865 cir—
1879 1811 1921 1869 Β
1948 1822 2027 1876 sic
2055 1821 2283 1877 habetur
2306 1838 2370 1877 ac
2391 1823 2435 1877 si
2459 1839 2565 1876 non
2592 1823 2699 1877 sit:
2734 1822 2847 1892 ipse
2868 1823 3012 1877 enim
3041 1822 3389 1891 semetipsum
3416 1836 3561 1876 esse»

268 1913 650 1967 cmnferamus.
723 1910 944 1966 Certum
995 1923 1229 1978 namque
1281 1913 1383 1971 est,
1416 1904 1542 1974 quia
1582 1903 1671 1956 ubi
1704 1916 1853 1955 mors

268 2002 468 2058 Christi
482 2000 860 2057 circumfertur
880 2015 982 2055 non
1002 2007 1176 2069 potest
1193 2011 1419 2066 regnare
1435 2002 1731 2065 peccatum.
1758 1993 1852 2046 Est

267 2094 413 2147 enim
440 2100 587 2146 tanta
609 2092 690 2145 vis
712 2091 893 2146 crucis
916 2089 1138 2154 Christi,
1166 2099 1224 2142 ut
1251 2088 1295 2142 si
1328 2094 1452 2140 ante
1476 2084 1661 2140 oculos
1686 2098 1852 2154 pona-

271 2191 377 2246 tur,
405 2180 533 2236 etin
564 2189 744 2235 mente
771 2180 999 2235 ﬁdeliter
1039 2180 1354 2243 retineatur,
1384 2177 1455 2231 ita
1481 2185 1541 2231 ut
1586 2175 1643 2229 in
1682 2175 1851 2245 ipsam

271 2280 499 2325 mortem
522 2269 725 2325 Christi
755 2269 995 2324 intentus
1017 2268 1204 2323 oculus
1225 2268 1425 2323 mentis
1443 2266 1688 2336 aspiciat,
1709 2264 1853 2319 nulla

271 2360 732 2429 concupiscentia,
792 2359 936 2413 nulla
989 2358 1183 2423 libido,
1237 2358 1416 2412 nullus
1472 2356 1656 2419 furor,
1707 2353 1856 2409 nulla

271 2466 532 2522 superare
561 2452 728 2520 possit
758 2451 987 2515 invidia,
1020 2448 1115 2504 sed
1164 2449 1420 2503 continuo
1450 2448 1517 2500 ad
1548 2446 1663 2516 ejus
1714 2460 1852 2515 prte-

272 2543 505 2599 sentiam
555 2549 695 2597 totus
729 2541 837 2607 ille,
869 2556 1027 2610 quem
1063 2555 1225 2611 supra
1269 2537 1706 2594 euumcravimus
1738 2551 1856 2605 pri:-

272 2633 379 2687 cati
397 2614 453 2688 et
474 2633 655 2687 carnis
674 2631 890 2703 fugatur
910 2631 1212 2697 exercitus;
1238 2630 1413 2700 ipsum
1428 2643 1556 2683 vero
1575 2635 1854 2698 peccatum

275 2742 377 2781 nec
400 2725 876 2795 subsistit,quippe
899 2740 1019 2780 cum
1044 2739 1145 2779 nec
1171 2721 1469 2777 substantia
1495 2718 1611 2789 eius
1629 2734 1854 2787 usquam

275 2817 346 2872 sit
398 2814 503 2871 nisi
537 2815 591 2869 iu
617 2829 781 2885 opere
805 2822 861 2869 et
905 2814 1089 2885 gestis.
1141 2811 1380 2882 Requiro
1418 2819 1598 2865 autem
1633 2824 1730 2863 cur
1765 2809 1859 2861 ad-

276 2906 498 2973 diderit,
528 2906 583 2959 in
607 2920 821 2975 corpore
847 2915 1011 2959 vestro
1048 2903 1289 2967 mortali,
1336 2917 1458 2957 cum
1487 2900 1671 2968 utique
1711 2896 1857 2953 suﬂi-

275 3005 426 3052 ceret
455 2994 664 3060 dicere,
703 3010 809 3049 non
838 3008 967 3064 ergo
994 3000 1182 3063 regnet
1222 2998 1500 3061 peccatum
1547 2989 1602 3043 iu
1636 3002 1860 3057 corpore

279 3097 479 3143 vestro.
515 3087 586 3143 Ut
610 3086 740 3157 quid
788 3085 1002 3141 additur
1028 3092 1086 3141 et
1109 3084 1337 3147 mortali,
1370 3080 1524 3152 quasi
1548 3094 1678 3135 vero
1711 3079 1854 3134 dubi-

1951 1920 2128 1983 negat,
2161 1913 2286 1967 dum
2317 1914 2434 1967 sine
2466 1923 2688 1982 parente
2741 1914 2849 1967 Deo
2904 1929 3025 1967 esse
3057 1927 3115 1966 se
3144 1920 3316 1981 putat.
3350 1912 3559 1981 Itaque-

1950 2002 2253 2072 ignorantia
2317 2009 2373 2057 et
2412 2002 2584 2070 turpis
2621 2002 2731 2056 vita
2766 2017 2912 2057 mors
2958 2012 3074 2067 est;
3107 2001 3234 2054 vitia
3266 2016 3389 2055 eum
3434 2003 3536 2056 ista

1950 2101 2179 2147 mortem
2231 2090 2551 2161 acquirunt,
2601 2106 2707 2146 non
2755 2098 2986 2145 mortem
3042 2090 3180 2144 hanc
3220 2105 3343 2159 quae
3391 2104 3559 2143 com-.

1952 2183 2131 2238 munis
2177 2189 2264 2238 est
2314 2183 2597 2246 omnibus,
2638 2182 2732 2238 sed
2784 2190 3010 2237 mortem
3056 2183 3346 2252 gehennae,
3398 2181 3560 2237 sicut.

1951 2290 2113 2346 supra
2141 2275 2436 2330 memoravi
2464 2292 2480 2341 ;
2513 2283 2571 2330 ut
2600 2276 2837 2347 cognitio
2863 2275 3102 2345 parentis
3130 2273 3244 2338 Dei,
3268 2282 3323 2329 et
3349 2283 3539 2328 saneta

1952 2368 2291 2421 conversatio
2331 2368 2403 2422 sit
2458 2369 2588 2434 vita,
2625 2383 2730 2423 non
2777 2369 2891 2423 bare
2929 2382 3051 2437 qua:
3097 2366 3311 2421 occasui
3352 2365 3535 2434 subia-

1953 2463 2063 2520 cet,
2112 2456 2206 2510 sed
2257 2456 2345 2510 illa
2393 2455 2561 2510 futuri
2618 2456 2818 2520 saeculi,
2870 2472 2989 2525 qua:
3042 2464 3266 2511 vocatur
3308 2465 3559 2511 aateruau

1955 2544 2315 2612 Quamobrem
2359 2547 2592 2601 exhibete
2640 2563 2730 2601 vos
2759 2547 2892 2612 Deo,
2924 2546 3118 2616 inquit,
3149 2563 3310 2617 quem
3343 2562 3543 2618 cogno-

1955 2644 2169 2692 scentes
2215 2637 2521 2708 profecistis
2567 2640 2623 2695 in
2671 2639 2921 2705 salutem,
2971 2648 3029 2693 ut
3077 2639 3372 2695 inhonesta:
3417 2639 3547 2695 vitae

1957 2727 2353 2795 renuntiantes,
2374 2729 2568 2785 essetis
2589 2743 2655 2785 ex
2682 2730 2909 2785 mortuis
2933 2730 3195 2785 viventes.
3227 2730 3296 2784 Et
3312 2732 3546 2786 membra

1958 2827 2128 2871 vestra
2170 2836 2319 2872 arma
2354 2820 2580 2890 justitite
2631 2820 2759 2874 Deo.
2792 2819 2963 2874 Tanta
2993 2838 3092 2875 nos
3122 2821 3386 2885 modestia
3409 2837 3542 2877 con~

1961 2910 2323 2965 versationem
2346 2919 2584 2966 nostram
2613 2911 2728 2966 vult
2750 2913 3070 2983 gubernare,
3094 2923 3156 2966 ut
3189 2921 3343 2968 actus
3372 2914 3545 2969 nostri

1955 3002 2181 3072 iustitia:
2226 3002 2325 3058 Dei
2382 3003 2729 3074 proﬁcientes
2757 3046 2773 3070 ,
2824 3020 2931 3060 non
2980 3006 3269 3061 mundana:
3317 3005 3547 3074 iustitiae

1963 3090 2110 3161 (quia
2140 3093 2324 3147 mundi
2352 3091 2563 3162 iustitia
2595 3095 2712 3150 sine
2755 3094 2860 3150 ﬁde
2900 3104 2985 3149 est
3026 3093 3250 3161 Christi,
3290 3095 3413 3150 sine
3436 3110 3542 3167 qua

280 3190 420 3236 taret
446 3181 642 3251 aliquis
667 3195 863 3250 corpus
888 3194 1008 3235 esse
1037 3175 1306 3232 mortale?
1335 3174 1441 3231 Sed
1470 3172 1602 3228 mibi
1628 3172 1856 3234 videtur,

1963 3196 2070 3235 non
2115 3182 2249 3247 vita,
2275 3183 2371 3239 sed
2395 3199 2542 3240 mors
2567 3184 2704 3258 est),
2736 3200 2884 3240 arma
2908 3188 3210 3256 przcbemus
3241 3186 3316 3241 illi
3352 3187 3420 3242 ad
3448 3163 3542 3242 den

279 3273 421 3342 quod
470 3288 574 3326 non
619 3272 736 3327 sine
786 3287 948 3325 causa
980 3270 1143 3324 etiam
1196 3268 1299 3323 boc
1336 3264 1644 3321 addiderit:
1677 3263 1860 3316 admo-

281 3361 403 3415 nuit
442 3361 586 3416 enim
634 3376 731 3432 per
772 3361 894 3427 hoc,
920 3360 1190 3430 quomodo
1216 3359 1385 3429 possit
1413 3357 1464 3410 in
1498 3368 1725 3424 corpore
1754 3368 1859 3406 non

282 3470 511 3524 regnare
562 3463 877 3524 peccatmn,
926 3452 1225 3508 secundum
1278 3450 1421 3521 quod
1464 3457 1518 3503 et
1570 3447 1697 3503 alibi
1748 3446 1862 3514 ipse

280 3547 493 3600 (ﬁxerat
511 3565 524 3599 :
543 3546 743 3616 Corpus
756 3547 962 3616 quidem
978 3553 1237 3598 mortuum
1252 3552 1324 3596 est
1341 3550 1551 3611 propter
1564 3546 1858 3609 peccaturo,

281 3638 498 3708 spiritus
524 3654 639 3693 vero
667 3639 767 3692 vita
789 3646 864 3691 est
878 3646 1083 3707 propter
1102 3634 1385 3705 justitiam.
1406 3631 1462 3686 Si
1484 3646 1613 3699 ergo
1628 3628 1863 3683 sciamus

283 3727 410 3796 quia
434 3742 627 3797 corpus
654 3735 899 3782 nostrum
933 3723 1245 3779 mortiﬁcari
1281 3731 1477 3793 potest,
1506 3729 1561 3774 ct
1587 3727 1859 3773 mortuum

284 3832 407 3873 esse
436 3828 683 3889 peccato,
712 3827 892 3889 potest
933 3817 1047 3873 ﬁeri
1088 3826 1147 3870 ut
1193 3832 1298 3871 non
1326 3826 1514 3886 regnet
1542 3813 1593 3866 in
1624 3828 1689 3867 eo
1733 3826 1863 3882 pec-

286 3917 486 3963 catum.
519 3909 824 3965 Secundum
865 3909 970 3963 hoc
999 3922 1232 3978 namque
1258 3908 1347 3976 qui
1376 3914 1619 3960 mortuus
1645 3911 1758 3967 est,
1780 3901 1868 3970 iu-

287 4000 553 4057 stiﬁcatus
591 4002 790 4057 dicitur
819 4018 849 4055 a
899 4008 1141 4071 peccato.
1194 3997 1377 4066 Neque
1421 3996 1564 4052 enim
1622 4002 1867 4053 mortuus

288 4092 648 4162 concupiscit,
680 4100 774 4145 aut
814 4091 1085 4155 irascitur,
1116 4097 1211 4143 aut
1239 4087 1384 4149 furit.
1410 4096 1505 4142 aut
1532 4086 1716 4156 diripit
1740 4084 1868 4139 alie-

288 4198 379 4237 na.
412 4180 469 4235 Si
498 4197 627 4253 ergo
655 4182 723 4237 ab
753 4181 836 4236 bis
862 4181 1114 4236 omnibus
1147 4177 1642 4248 concupiscentiam
1677 4189 1869 4244 corpo-

290 4271 369 4327 ris
395 4271 771 4340 reprimamus,
822 4279 1094 4325 mortuum
1128 4284 1248 4325 esse
1277 4278 1497 4339 peccato
1525 4266 1725 4321 dicitur
1756 4280 1871 4319 cor-

289 4378 410 4434 pus.
457 4363 523 4417 Et
565 4363 670 4418 hoc
718 4370 803 4419 est
836 4363 978 4433 quod
1015 4362 1071 4415 in
1118 4362 1369 4432 praesenti
1426 4361 1544 4414 loco
1586 4358 1871 4426 Apostolus

291 4467 635 4507 eommonere
682 4452 896 4508 videtur
932 4452 1158 4522 adjectis
1202 4451 1384 4506 verbis
1425 4452 1540 4506 istis
1578 4450 1783 4507 dicens.
1816 4450 1867 4502 in

290 4557 505 4611 corpore
534 4551 698 4596 vestro
726 4540 937 4595 mortali
1034 4546 1039 4551 ’

362 4629 469 4685 Sed
498 4647 659 4702 neque
712 4630 998 4685 exhibeatis
1027 4630 1259 4685 membra
1292 4639 1459 4683 vestra
1501 4645 1651 4681 arum
1682 4626 1873 4696 iniqui-

291 4719 415 4773 tatis
473 4728 706 4789 peccato.
761 4717 1006 4792 (Ambr.)
1053 4718 1304 4774 Ostendit
1350 4718 1620 4773 diabolum
1677 4715 1876 4771 nostris

285 4810 484 4880 iaculis
539 4828 638 4867 nos
665 4828 973 4883 expugnare
996 4827 1012 4867 :
1039 4812 1256 4867 occasio
1291 4814 1435 4866 enim
1493 4811 1653 4865 datur
1679 4810 1750 4864 illi
1780 4826 1877 4879 per

293 4911 480 4958 nostra
524 4914 769 4973 peccata,
802 4915 860 4960 ut
886 4905 1167 4960 descrente
1201 4919 1300 4958 nos
1341 4902 1475 4974 Deo,
1520 4909 1738 4972 accepta
1782 4916 1877 4971 po-

295 5001 490 5047 testate
520 4993 709 5047 illudat
733 5002 786 5049 et
815 4994 1105 5048 mortilicet
1131 5008 1250 5047 nos.
1277 4992 1403 5047 Ideo
1430 4990 1668 5045 membra
1692 5000 1879 5046 nostra

294 5089 363 5143 ab
411 5087 559 5142 omni
607 5101 772 5157 Opere
821 5086 1122 5157 iniquitatis
1166 5085 1446 5141 continere
1499 5084 1787 5147 debemus,
1818 5090 1879 5137 ut

296 5177 548 5232 inimicus
581 5187 766 5233 noster
788 5178 1009 5233 inermis
1037 5177 1286 5231 inventus
1312 5175 1652 5245 subjiciatur.
1679 5174 1745 5228 Et
1772 5189 1878 5228 non

295 5267 470 5321 dixit:
501 5268 754 5323 exhibete
782 5284 1006 5338 corpora
1038 5277 1215 5324 vestra
1236 5308 1251 5331 ,
1284 5268 1378 5323 sed
1419 5266 1650 5320 membra
1678 5276 1878 5330 vestra;

298 5360 558 5414 membris
602 5361 743 5415 enim
790 5361 1054 5416 ministris
1091 5367 1326 5424 erratur,
1357 5372 1465 5412 non
1495 5366 1877 5425 totocorpore.

302 5448 457 5506 Unde
502 5450 752 5520 superius
801 5466 908 5505 non
961 5451 1037 5504 ait
1095 5465 1199 5502 non
1246 5447 1353 5513 sit,
1384 5445 1479 5501 sed
1524 5462 1626 5500 non
1681 5453 1879 5513 regnet,

297 5539 538 5607 qu‘audiu
568 5549 848 5609 peceatqu
874 5555 1093 5595 necesse
1117 5548 1345 5595 estesse
1392 5537 1444 5591 iu
1474 5534 1733 5591 membris
1756 5534 1878 5594 tuis,

298 5631 494 5687 saltem
546 5632 619 5687 illi
672 5650 896 5705 regnum
949 5633 1247 5699 auferatur,
1276 5649 1382 5689 non
1416 5631 1508 5686 ﬁat
1534 5625 1880 5699 quodiubet;

301 5724 475 5795 surgit
508 5724 609 5791 ira,
639 5726 745 5781 noli
777 5727 905 5783 dare
929 5725 1285 5797 iratlingnam
1326 5724 1391 5779 ad
1429 5716 1880 5783 maledicendum,

1960 3271 2257 3329 fendendos
2281 3290 2399 3340 nos,
2421 3276 2509 3332 cui
2536 3292 2658 3332 eum
2685 3292 2836 3332 arma
2868 3293 2964 3347 per
2984 3293 3146 3347 opera
3175 3279 3314 3333 bona
3344 3280 3546 3349 praebeo

1961 3378 2102 3427 mus,
2126 3363 2313 3432 dignos
2336 3379 2436 3421 nos
2461 3364 2689 3421 facimus
2717 3365 2958 3435 adjuvari
2979 3369 3047 3422 ab
3074 3383 3158 3433 ea,
3188 3369 3314 3438 quia
3335 3367 3550 3437 iustitia

1962 3453 2058 3509 Dei
2088 3455 2337 3524 indignos
2366 3456 2615 3528 despicit.
2667 3455 2767 3514 Ubi
2792 3459 2938 3514 enim
2968 3458 3179 3529 iustitia
3238 3459 3330 3514 Dei
3358 3458 3562 3523 fuerit..

1962 3544 2037 3600 ibi
2066 3546 2271 3601 habitat
2293 3546 2529 3617 Spiritus
2561 3557 2783 3605 sanctus
2820 3549 2889 3605 ad
2920 3550 3278 3620 adiuvandam
3309 3550 3550 3607 imbecil-

1961 3632 2172 3689 litatem
2223 3643 2500 3702 nostram;
2532 3638 2674 3693 sicut
2711 3639 2856 3693 enim
2900 3648 3125 3709 peccato
3165 3656 3316 3695 arma
3347 3642 3557 3710 praebe-

1965 3740 2105 3790 mus,
2137 3741 2260 3781 cum
2309 3726 2448 3781 male
2472 3727 2680 3798 agimus
2709 3746 2722 3781 :
2754 3729 2830 3783 ita
2871 3736 2928 3784 et
2967 3731 3210 3799 iustitiae,
3253 3746 3374 3784 cum
3404 3740 3559 3789 recto.

1966 3831 2268 3882 versamur,
2293 3818 2536 3871 membra
2564 3826 2751 3873 nostra
2775 3820 3141 3875 custodientes
3160 3821 3229 3876 ab
3258 3821 3564 3876 omniturs

1966 3908 2228 3977 pitudine.
2284 3907 2503 3982 (0rig.)
2548 3909 2762 3965 latuere
2809 3926 2907 3981 per
2964 3912 3173 3982 singula
3225 3913 3567 3983 sapientianr

1966 3998 2138 4063 Pauli,
2170 3999 2295 4068 quia
2335 4001 2655 4056 necessariis
2687 4000 3175 4071 discrepationibus
3215 4003 3403 4056 utitur.
3445 4002 3549 4059 Ubi

1969 4088 2098 4144 dicit
2119 4104 2271 4143 arma
2325 4105 2431 4143 non
2472 4106 2592 4146 esse
2638 4091 2923 4161 praebenda
2958 4102 3183 4162 peccato
3224 4092 3307 4146 vel
3352 4093 3554 4162 iniqui-

1972 4180 2090 4244 tati,
2121 4196 2225 4233 nun
2252 4196 2368 4244 nos,
2394 4180 2485 4235 sed
2519 4182 2760 4236 membra
2801 4189 2985 4236 nostra
3028 4182 3179 4250 ponit
3207 4196 3221 4235 :
3251 4181 3340 4236 ubi
3369 4189 3548 4235 autem

1972 4270 2162 4324 suadet
2186 4282 2246 4323 ut
2282 4271 2389 4325 Deo
2419 4286 2518 4324 nos
2542 4271 2912 4335 exbibeamus,
2940 4287 3044 4327 non
3073 4282 3253 4325 autem
3284 4270 3568 4335 membra,.

1972 4360 2096 4429 quia
2142 4374 2240 4413 nos
2288 4359 2430 4428 ipsos
2459 4360 2716 4416 exhibere
2739 4361 2856 4414 vult
2884 4361 3014 4425 Deo,
3043 4361 3142 4415 hoc
3183 4369 3286 4424 est,
3318 4359 3561 4414 animam

1973 4449 2056 4503 vel
2101 4450 2432 4518 propositum
2464 4460 2728 4516 nostrum,
2762 4458 2820 4504 ut
2868 4466 2991 4506 eum
3021 4451 3139 4520 pios
3184 4451 3427 4521 nosipsos
3462 4466 3567 4507 exe

1974 4538 2310 4594 bibuerimus
2362 4540 2505 4602 Deo.
2550 4549 2605 4596 ct
2652 4541 3039 4605 adhmserimus
3095 4541 3179 4608 ei,
3211 4542 3285 4597 ita
3340 4542 3565 4598 demum

1953 4629 2138 4704 ‘ctiam
2168 4626 2411 4682 membra
2439 4638 2623 4682 nostra
2655 4627 2951 4685 elliciamus
2982 4646 3134 4685 arma
3163 4630 3389 4701 iustitiae
3423 4630 3559 4686 Deo.

1977 4716 2045 4771 Et
2081 4718 2125 4771 si
2157 4720 2368 4787 peccati
2404 4719 2896 4789 concupiscentiam
2937 4721 3322 4777 mortiﬁcemus
3356 4723 3410 4777 in
3439 4738 3561 4778 cor-

1976 4824 2109 4875 pore
2146 4820 2337 4866 nostro
2379 4810 2626 4875 mortali,
2671 4819 2728 4867 et
2771 4812 2825 4866 in
2869 4828 3034 4882 opere
3073 4813 3298 4885 iustitia:
3355 4812 3565 4868 labore-

1980 4916 2141 4965 mus,
2216 4910 2377 4972 atque
2441 4905 2693 4959 omnibus
2760 4907 2962 4961 nostris
3018 4906 3283 4962 membris
3334 4904 3561 4975 iustitiae

1980 4992 2379 5058 ministremus,
2431 4992 2696 5048 ellicimur
2754 5004 3012 5064 tanquam
3084 5010 3151 5050 ex
3208 4994 3433 5049 mortuis
3476 4994 3562 5047 vi-

1979 5086 2188 5146 ventes,
2224 5091 2446 5152 peccato
2500 5083 2707 5138 scilicet
2759 5084 2958 5138 mortui
3011 5092 3069 5138 et
3100 5083 3325 5152 iustitia:
3376 5083 3567 5137 viven—

1981 5182 2081 5235 tes,
2132 5182 2189 5226 et
2238 5181 2636 5247 consequenter
2683 5173 2847 5228 etiam
2892 5173 3134 5228 membra
3189 5183 3373 5227 nostra
3430 5172 3568 5227 ﬁunt

1982 5278 2133 5318 arma
2173 5261 2398 5333 iustitia:
2436 5261 2566 5317 Deo.
2600 5261 2742 5317 Bene
2768 5272 2948 5318 autem
2999 5264 3368 5333 metaphoram
3407 5278 3569 5333 supe-

1982 5352 2096 5409 rius
2144 5352 2473 5422 propositam
2501 5352 2821 5419 eustodivit,
2854 5361 2913 5408 ut
2967 5354 3093 5423 quia
3127 5367 3354 5425 regnare
3409 5353 3563 5407 dixe-

1984 5455 2070 5501 rat
2102 5450 2385 5514 peccatum
2404 5483 2420 5508 ,
2455 5460 2606 5499 arma
2635 5445 2845 5514 peccati
2874 5447 3112 5500 membra
3144 5444 3469 5509 nominaret,
3507 5451 3565 5499 et

1984 5554 2197 5594 rursum
2213 5538 2322 5593 Deo
2337 5537 2450 5607 regi
2474 5552 2624 5591 arma
2639 5536 2862 5604 iustitiae
2884 5538 3075 5593 ﬁerent
3094 5537 3335 5592 membra
3352 5544 3559 5591 nostra.

2060 5627 2340 5682 Peccatum
2366 5637 2540 5681 autem
2568 5628 2724 5682 vestri
2742 5628 2861 5699 jam
2893 5628 2997 5683 non
3022 5627 3409 5689 dominabitur,
3460 5642 3568 5680 non

1984 5715 2123 5769 enim
2149 5715 2243 5792 sub
2268 5714 2377 5786 tege
2414 5716 2570 5782 estis,
2601 5714 2693 5771 sed
2720 5716 2814 5771 sub
2847 5718 3039 5788 gratia.
3074 5715 3257 5785 (Aug)
3288 5716 3439 5784 Quod
3474 5729 3569 5767 au-
3628 5708 3631 5711 λ
