3998 6202
576 328 715 388 1399

1176 328 1236 385 Β.
1276 326 1530 385 RABANI
1571 326 1788 385 MM)!“
1824 326 2143 385 ARCillEP.
2188 324 2494 387 HOGUNT.
2536 330 2819 389 OPERUM
2854 333 3034 392 PARS
3080 334 3171 392 111.

3616 348 3715 405 11111

576 458 684 504 tem
713 446 809 511 ait,
837 443 1115 501 Peccatum
1144 457 1319 501 autem
1364 447 1416 502 in
1440 446 1583 503 vobis
1614 462 1715 502 non
1750 446 2106 500 dominabitur
2131 460 2150 498 :
2177 452 2225 510 Α
2255 446 2397 517 gigni
2442 461 2665 502 necesse
2712 456 2817 512 est,
2861 450 2955 520 qui
3006 451 3257 519 quoniam
3286 458 3501 510 concreti
3526 471 3613 512 non
3631 472 3720 529 pos-

574 555 679 594 nou
699 537 834 594 enim
863 537 985 592 estis
1013 538 1107 592 sub
1130 537 1258 608 lege,
1280 537 1370 592 sed
1392 537 1486 592 sub
1513 538 1704 608 gratia,
1734 539 1923 608 utique
1949 538 2016 591 ad
2043 548 2150 592 ter-

575 630 708 684 tium
727 629 872 685 illum
896 630 1118 700 gradum
1143 631 1390 700 pertinet,
1406 630 1495 685 ubi
1529 631 1689 684 bomo
1704 630 1815 701 jam
1844 638 2022 685 mente
2042 644 2154 684 ser-

568 721 651 777 vit
673 720 776 793 legi
806 720 918 785 Dei,
949 720 1195 789 quamvis
1224 735 1387 775 carne
1421 721 1622 775 serviat
1645 720 1748 791 legi
1779 719 2007 789 peccati.
2034 719 2148 774 Non

573 813 717 868 enim
730 811 951 866 obaudit
966 810 1230 864 desiderio
1244 810 1447 880 peccati
1458 852 1471 875 ,
1492 810 1737 879 quamvis
1751 811 1817 864 ad
1843 810 1944 863 hoc
1958 809 2150 863 sollici-

2254 546 2380 591 sunt
2408 551 2515 591 non
2538 540 2683 610 egeri
2716 549 2879 609 atque
2904 543 2974 596 ab
3000 542 3170 612 ipsius
3196 553 3392 600 natura:
3418 544 3516 617 lege
3533 552 3718 620 propeti,

2252 625 2353 679 sub
2380 627 2664 681 occasione
2695 629 3061 700 cujuscunque
3102 633 3339 701 pruritu:
3361 643 3502 705 atque
3523 639 3722 699 illusionis

2250 728 2532 789 emergunt
2560 734 2575 773 :
2611 735 2864 776 escarum
2909 738 3034 778 vero
3063 724 3308 780 satietate
3333 728 3592 796 subtracta,
3624 747 3721 789 con-

2249 821 2481 877 sequens
2510 819 2595 862 est
2628 810 2747 865 illas
2774 828 2988 882 quoque
3030 816 3330 871 immundae
3359 820 3611 887 egestiones
3640 832 3722 877 tar-

572 909 689 956 teut
718 900 1190 970 concupiscentiae,
1219 909 1272 953 et
1302 909 1592 970 provocent
1618 900 1685 954 ad
1713 900 2145 961 consensionem,
2176 933 2227 959 ρ
2250 898 2368 952 dius
2416 900 2693 966 generari,
2726 910 2781 954 et
2814 903 2889 955 ita
2933 902 3011 966 fit,
3058 913 3118 959 ut
3154 908 3562 973 quemadmodum
3598 911 3721 966 ﬂuxus

570 992 745 1048 donec
765 990 1066 1046 viviﬁcetur
1081 991 1242 1046 etiam
1263 1006 1479 1061 corpus,
1495 990 1914 1045 etabsorbeatur
1930 1004 2076 1044 mors
2092 991 2145 1044 in

570 1084 796 1140 victoria
826 1082 874 1154 (1
902 1082 1025 1137 Cor.
1060 1082 1169 1155 xv).
1194 1082 1329 1150 Quia
1361 1098 1489 1153 ergo
1520 1097 1624 1135 non
1654 1083 2029 1136 consentimus
2053 1080 2147 1135 de-

568 1173 785 1230 sideriis
804 1174 1007 1245 pravis,
1034 1175 1085 1228 in
1107 1175 1280 1246 gratia
1304 1189 1513 1238 sumus,
1535 1181 1590 1228 et
1612 1188 1717 1227 non
1741 1179 1931 1242 regnat
1957 1186 2146 1241 pecca-

572 1272 684 1319 tum
712 1266 766 1320 iu
787 1280 1014 1336 corpore
1032 1276 1219 1322 nostro
1245 1265 1491 1331 mortali;
1517 1272 1572 1319 et
1588 1264 1808 1320 omnino
1828 1279 1894 1319 ex
1920 1264 2009 1317 illo
2028 1262 2146 1318 loco

568 1354 657 1410 ubi
684 1355 759 1410 ait
788 1373 801 1408 :
828 1354 932 1421 Qui
957 1357 1149 1409 mortui
1174 1370 1356 1410 sumus
1382 1364 1613 1427 peccato,
1637 1355 1895 1425 quomodo
1920 1355 2143 1407 vivemus

568 1445 623 1500 in
651 1446 750 1499 eo?
772 1461 894 1501 eum
917 1447 1203 1511 describit,
1227 1449 1318 1516 qui
1350 1456 1435 1501 est
1459 1446 1558 1501 sub
1591 1447 1760 1516 gratia
1795 1445 2140 1500 constitutus.

568 1532 667 1588 Cui
711 1543 891 1590 autem
940 1535 1248 1590 dominatur
1293 1544 1597 1605 peccatum,
1634 1532 1881 1603 quamvis
1920 1542 2145 1602 peccato

568 1624 808 1691 resistat,
837 1625 1011 1681 adhuc
1043 1626 1143 1681 sub
1167 1624 1283 1696 lege
1310 1634 1412 1691 est,
1436 1641 1543 1681 non
1566 1625 1666 1680 sub
1691 1624 1884 1695 gratia.
1916 1621 2143 1695 (Ambr.)

568 1711 626 1768 Si
678 1715 970 1769 secundum
1020 1725 1286 1785 praecepta
1316 1729 1436 1785 quae
1483 1712 1593 1778 dat,
1634 1712 1989 1777 ambulemus,
2020 1726 2145 1782 pec-

2245 1000 2454 1051 earum,
2498 987 2569 1040 ita
2599 988 2763 1041 etiam
2814 989 2987 1043 illusio
3016 991 3337 1047 dormientes
3363 993 3436 1049 vel
3461 997 3633 1060 rarius,
3662 1000 3717 1051 vel

2246 1077 2495 1132 subtilius
2524 1079 2801 1148 iuquietet,
2851 1083 2977 1150 quia
3023 1098 3128 1137 nou
3171 1084 3338 1138 solum
3359 1087 3538 1156 egestio
3559 1090 3722 1142 exists.

2244 1168 2548 1237 ginatione,
2590 1170 2685 1224 sed
2737 1172 3050 1242 imaginatio
3096 1188 3162 1227 ex
3213 1174 3483 1245 egestionis
3515 1176 3721 1233 nimietate

2244 1260 2541 1316 descendit.
2599 1264 2938 1334 Quapropter
2984 1265 3029 1319 si
3085 1265 3323 1320 volumus
3379 1268 3441 1321 ab
3492 1267 3721 1321 illusionem

2246 1353 2470 1408 istarum
2513 1354 2781 1410 illecebris
2829 1355 3081 1422 liberart,
3104 1358 3251 1412 omni
3294 1358 3475 1413 virtute
3512 1358 3637 1413 nobis
3665 1371 3721 1413 est

2245 1444 2554 1499 enitendum
2583 1465 2595 1498 :
2625 1446 2879 1515 primum,
2904 1456 2963 1501 ut
2990 1446 3355 1503 fornicationis
3379 1450 3593 1518 passione
3614 1450 3722 1503 ἀρνὶ·

2246 1542 2330 1589 cta
2353 1536 2507 1605 juxta
2535 1538 2749 1592 beatum
2774 1538 3115 1607 Apostolum,
3149 1556 3251 1593 non
3277 1551 3434 1610 regnet
3454 1550 3667 1609 peccatum
3684 1540 3720 1592 is

2248 1638 2423 1682 nostro
2457 1628 2669 1682 mortali
2696 1646 2931 1699 corpore,
2972 1632 3042 1683 ad
3077 1631 3406 1685 obedieudum
3442 1630 3722 1698 concupisces-

2247 1719 2336 1772 tiis
2360 1719 2507 1789 ejus;
2533 1721 2791 1785 secundo,
2825 1729 2882 1774 ut
2914 1722 3032 1790 ipso
3057 1736 3271 1792 quoque
3293 1721 3569 1776 illecebroso
3588 1734 3722 1789 com-

565 1811 748 1857 catum
796 1803 951 1858 nobis
993 1804 1126 1859 dicit
1161 1820 1265 1859 non
1318 1817 1476 1874 posse
1521 1803 1816 1866 dominari;
1863 1802 1948 1855 bis
1997 1801 2142 1855 enim
2178 1797 2223 1858 Β
2251 1810 2327 1864 ris
2351 1820 2498 1864 metu
2527 1811 2713 1865 sedato
2737 1812 2951 1880 penitus
2981 1827 3046 1866 ac
3093 1812 3285 1883 sepito,
3310 1826 3595 1881 nequaquam
3620 1810 3723 1863 exhi-

567 1893 906 1959 dominatur,
948 1894 1039 1960 qui
1085 1902 1327 1964 peccant.
1372 1891 1489 1947 Non
1529 1901 1708 1948 autem
1752 1893 1825 1946 ita
1864 1889 2146 1944 ambulau-

569 1993 679 2047 tes,
717 1991 777 2037 ut
803 1985 1075 2055 przeeipit,
1104 1984 1204 2039 sub
1227 1984 1343 2055 lege
1380 1999 1570 2039 sumus
1603 1999 1618 2037 :
1650 1984 1695 2039 si
1722 1996 1850 2038 vero
1879 1997 1986 2036 non
2015 1994 2144 2049 pec-

567 2089 784 2140 cemus,
839 2091 943 2131 nou
990 2090 1179 2130 sumus
1217 2075 1317 2130 sub
1359 2074 1503 2146 lege,
1557 2074 1649 2128 sed
1700 2074 1801 2127 sub
1837 2072 2029 2144 gratia.
2087 2070 2146 2126 Si

566 2174 745 2221 autem
788 2181 1109 2236 peccemus,
1160 2167 1424 2222 vertimur
1471 2168 1571 2222 sub
1623 2166 1772 2236 lege,
1817 2176 1874 2219 ct
1929 2165 2147 2235 incipiet

566 2258 736 2313 nostri
776 2257 1037 2313 dominari
1076 2267 1389 2328 peceatum,
1419 2258 1544 2328 quia
1569 2259 1660 2329 qui
1696 2258 1821 2327 facit
1855 2268 2140 2327 peccatum,

566 2365 743 2403 servus
780 2358 855 2403 est
890 2349 1090 2419 peccati
1124 2362 1144 2400 :
1184 2357 1239 2403 et
1283 2363 1503 2403 necesse
1541 2356 1625 2402 est
1669 2356 1729 2401 ut
1761 2348 1833 2401 sit
1869 2347 1967 2401 sub
2008 2345 2143 2415 lege,

567 2438 804 2509 quandiu
843 2439 1067 2493 remissa
1115 2454 1222 2493 non
1263 2438 1494 2509 accipit;
1534 2446 1815 2508 peccatum
1858 2437 2003 2492 enim
2044 2451 2142 2490 au-

565 2530 817 2585 ctoritate
860 2531 993 2601 legis
1033 2546 1184 2585 reum
1232 2530 1362 2586 facit
1404 2539 1773 2601 peccatorem,
1816 2545 1882 2584 ac
1918 2544 2015 2598 per
2042 2528 2146 2584 hoc

565 2626 651 2680 cui
679 2624 804 2679 data
835 2625 1087 2680 remissio
1112 2634 1230 2688 est,
1267 2633 1322 2681 et
1366 2626 1602 2680 custodit
1629 2639 1687 2679 se
1707 2665 1721 2687 ,
1761 2639 1829 2678 ne
1857 2623 1921 2678 de
1948 2629 2145 2677 metere

567 2724 787 2784 peccet,
819 2729 994 2784 neque
1021 2724 1300 2785 peccatum
1341 2716 1390 2770 ei
1419 2714 1814 2777 dominabitur,
1844 2727 2017 2781 neque
2045 2710 2144 2765 sub

565 2805 682 2875 lege
724 2813 826 2860 est.
863 2804 1050 2861 Cessat
1090 2805 1236 2860 enim
1285 2807 1431 2860 circa
1476 2819 1598 2859 eum
1643 2803 1940 2857 auctoritas
1990 2800 2143 2872 legis,

564 2898 656 2968 qui
676 2898 936 2954 liberatus
962 2907 1047 2954 est
1066 2914 1095 2953 a
1127 2909 1370 2968 peccato,
1398 2913 1535 2968 quos
1558 2897 1700 2951 enim
1724 2911 1842 2950 reos
1867 2903 2010 2950 tenet
2037 2894 2141 2956 lex,

566 2989 750 3045 traditi
782 2998 910 3045 sunt
938 2990 1015 3045 illi
1058 3006 1088 3045 a
1130 2998 1368 3059 peccato.
1395 2988 1494 3056 Qui
1536 3003 1665 3058 ergo
1690 2986 1925 3057 peccatis
1953 2994 2145 3040 exutus

564 3089 680 3147 est,
710 3097 815 3137 non
850 3091 1029 3151 potest
1059 3097 1180 3137 esse
1211 3081 1312 3137 sub
1348 3081 1484 3153 lege.
1518 3079 1713 3151 (θήρ.)
1753 3078 1925 3134 Etiam
1956 3078 2041 3132 lxic
2067 3077 2147 3131 in—

2252 1899 2461 1953 beamus
2508 1899 2737 1955 membra
2782 1910 2983 1967 nostra,
3030 1918 3184 1954 arma
3236 1901 3499 1973 iniquitatis
3539 1909 3721 1969 peccato;

2251 1991 2433 2054 tertio,
2465 1999 2526 2046 ut
2553 1992 2807 2047 interiore
2831 2008 3047 2063 quoque
3078 1994 3294 2048 homine
3330 2002 3493 2047 nostro
3511 1993 3569 2046 ab
3591 1992 3655 2045 illa
3675 1990 3721 2043 li-

2248 2081 2444 2136 bidinis
2471 2082 2774 2138 titillatione
2797 2085 3127 2138 omnimodis
3152 2099 3215 2138 ac
3252 2083 3528 2136 medullitus
3552 2079 3721 2136 mortiﬁ-

2248 2177 2391 2235 cato,
2433 2171 2765 2227 exhibeomus
2813 2172 2922 2226 Deo
2973 2188 3070 2228 nos
3117 2182 3359 2242 tanquam
3394 2188 3452 2225 ea:
3482 2172 3653 2224 mortuis
3675 2170 3723 2221 ri-

2247 2269 2440 2324 eentcs,
2473 2269 2528 2314 et
2574 2259 2645 2313 ita
2683 2275 2778 2328 per
2808 2261 2949 2317 hunc
2978 2260 3278 2331 perfectura
3319 2258 3613 2330 [profectum]
3634 2270 3722 2326 pen

2247 2352 2523 2407 venientes
2541 2352 2606 2405 ad
2624 2360 2935 2423 perpetuam
2958 2353 3197 2423 quietem
3221 2354 3447 2420 corporis
3459 2348 3724 2409 nostri,e:bi-

2247 2445 2458 2500 beamus
2485 2447 2641 2501 etiam
2672 2448 2902 2501 membra
2933 2459 3117 2501 nostra
3148 2461 3294 2502 arma
3320 2446 3423 2517 jam
3443 2459 3534 2499 non
3555 2441 3723 2505 libidini,

2246 2536 2340 2591 sed
2379 2537 2603 2606 justititc
2632 2537 2761 2592 Deo.
2801 2538 2858 2591 ln
2902 2553 3008 2606 qua
3039 2539 3200 2594 nobis
3233 2535 3532 2593 castimonia
3552 2532 3723 2602 puritate

2245 2624 2505 2689 fundatis,
2537 2636 2813 2696 peccatum
2853 2627 2906 2681 in
2936 2627 3094 2683 nobis
3124 2627 3237 2697 jam
3273 2642 3372 2681 non
3408 2623 3721 2680 dominabitur:

2247 2732 2354 2771 non
2389 2719 2530 2771 enim
2562 2734 2748 2774 smnus
2781 2721 2881 2773 sub
2924 2720 3063 2789 lege,
3119 2734 3239 2790 quae
3263 2720 3380 2775 dum
3416 2717 3540 2773 licita
3564 2715 3720 2784 nuptis-

2248 2825 2364 2863 rum
2400 2809 2523 2880 jura
2560 2813 2921 2876 commendat,
2953 2812 3123 2866 etiam
3165 2813 3307 2866 illum
3335 2809 3471 2880 cujus
3495 2804 3723 2862 ministerio

2246 2916 2379 2970 Optts
2402 2901 2601 2956 illicice
2628 2901 2999 2957 fornicationis
3024 2904 3295 2974 expletur,
3317 2904 3365 2957 in
3391 2901 3559 2956 nostris
3575 2894 3720 2953 uuln!-

2248 2992 2314 3046 lis
2344 2994 2514 3048 nutrit
2544 3008 2607 3048 ac
2651 3003 2889 3049 reservat
2917 2996 3189 3060 ardorem,
3220 2997 3312 3051 sed
3357 2997 3447 3049 sub
3471 2994 3609 3065 gratia
3638 3001 3720 3058 qua

2249 3084 2375 3137 dum
2435 3083 2888 3155 incorruptionem
2938 3086 3265 3157 virginitatis
3316 3087 3559 3149 insinuat,
3603 3080 3716 3136 etiam

567 3183 719 3229 tuere
744 3174 937 3228 miram
964 3174 1016 3228 in
1038 3173 1277 3243 Apostoli
1301 3187 1548 3228 sermone
1570 3172 1684 3240 ejus
1702 3169 1988 3225 cautelam.
2011 3168 2144 3222 Cum

2139 3186 2144 3220 ι
2174 3154 2218 3217 C
2252 3172 2410 3227 istum
2454 3174 2729 3230 innoxium
2760 3191 2825 3231 ae
2866 3177 3168 3247 simplicem
3196 3177 3427 3247 corporis
3465 3184 3654 3232 motum.
3681 3182 3718 3222 α

568 3271 637 3322 de
658 3268 813 3323 nobis
836 3268 1277 3338 loquitur,dieit:
1303 3266 1584 3323 Peccatum
1612 3266 1752 3320 vobis
1777 3280 1880 3318 non
1907 3262 2147 3316 domina-

569 3360 744 3425 bitur;
771 3375 893 3414 cum
926 3360 992 3414 de
1022 3360 1299 3415 Salvatore
1327 3359 1656 3429 loqueretur,
1687 3370 1792 3409 non
1832 3353 1983 3413 dixit,
2016 3365 2142 3420 pec-

567 3457 748 3505 catum
769 3450 816 3503 ei
844 3464 948 3503 non
976 3449 1337 3503 dominabitur
1366 3449 1562 3519 (neque
1585 3446 1728 3502 enim
1753 3445 1825 3498 ita
1851 3443 1920 3497 de
1947 3455 2013 3497 co
2042 3438 2143 3496 dici

568 3540 849 3612 decebat);
880 3542 972 3595 sed
1008 3541 1101 3604 ait.
1129 3556 1270 3594 mors
1298 3540 1344 3595 ei
1397 3540 1538 3593 ultra
1588 3553 1689 3592 non
1737 3533 2094 3588 dominabitur
2124 3547 2143 3586 :

567 3632 760 3685 mortis
789 3630 932 3685 enim
964 3631 1017 3685 iu
1047 3646 1114 3686 eo
1141 3630 1239 3685 fuit
1262 3630 1433 3694 locus,
1464 3629 1670 3698 peccati
1702 3624 1899 3682 nullus.
1928 3625 1998 3678 At
2017 3637 2144 3677 con~

572 3727 650 3774 tra
674 3719 741 3773 de
764 3720 917 3775 nobis
941 3734 1040 3775 nec
1062 3721 1417 3775 conveniebat
1453 3718 1557 3774 dici
1606 3736 1619 3771 :
1664 3731 1812 3772 mors
1840 3715 1995 3770 vobis
2037 3727 2144 3768 non

569 3810 955 3875 dominabitur,
1001 3811 1104 3864 hoc
1146 3810 1288 3863 enim
1322 3823 1514 3865 cavere
1556 3822 1661 3862 non
1700 3819 2010 3877 possumus,
2049 3801 2143 3857 sed

566 3910 837 3972 peccatum
873 3901 1015 3955 vobis
1054 3916 1156 3954 non
1201 3901 1584 3964 dominabitur;
1630 3897 1772 3969 quod
1825 3897 1941 3952 sine
1983 3894 2146 3949 dubio

570 3991 735 4046 sciret
766 3991 940 4045 vitare
966 4005 1064 4046 nos
1090 4005 1268 4061 posse,
1300 3991 1596 4046 secundum
1638 4004 1701 4044 ea
1748 4002 1869 4059 qum
1896 3984 2147 4057 superius

570 4082 833 4148 diximus,
861 4084 906 4138 si
932 4084 1319 4139 mortificcmus
1348 4083 1816 4153 concupiscentias
1854 4079 2054 4144 carnis,
2090 4079 2143 4133 in

569 4172 763 4240 quibus
804 4182 1085 4244 peccatum
1111 4182 1323 4243 poterat
1351 4173 1637 4228 dominari.
1678 4172 1967 4243 Propterea
2000 4171 2143 4226 enim

569 4263 865 4335 subiungit,
892 4281 993 4319 non
1014 4268 1150 4320 enim
1184 4265 1279 4320 sub
1316 4265 1424 4336 lege
1453 4266 1597 4331 estis,
1625 4267 1715 4320 sed
1739 4265 1833 4319 sub
1861 4264 2031 4335 gratia
2049 4305 2064 4331 ,
2091 4271 2146 4319 et

567 4355 849 4410 evidenter
868 4355 1103 4412 ostendit
1125 4371 1191 4410 ex
1219 4357 1331 4421 bis,
1358 4371 1460 4411 nos
1486 4372 1593 4411 non
1628 4370 1750 4412 esse
1776 4356 1877 4411 sub
1903 4356 2019 4427 lege
2055 4356 2143 4410 illa

570 4460 730 4514 quam
762 4445 814 4499 in
842 4446 1099 4501 membris
1126 4447 1350 4516 positam
1383 4462 1682 4519 repugnare
1705 4448 1836 4503 dicit
1863 4447 1967 4518 legi
1990 4460 2142 4502 men-

2248 3261 2417 3330 ipsius
2444 3278 2656 3332 quoque
2684 3264 2816 3319 liciti
2847 3265 3021 3321 coitus
3046 3267 3308 3322 interimit
3335 3265 3625 3335 voluptatem.

2320 3350 2460 3417 Quid
2473 3370 2592 3422 ergo
2607 3354 2632 3406 .9
2649 3371 2799 3424 pecco
2808 3356 2974 3410 bimus
2990 3397 3006 3422 ,
3026 3359 3155 3427 quia
3174 3375 3273 3412 non
3287 3372 3452 3410 smnus
3461 3353 3540 3408 sub
3550 3347 3718 3420 legato!

2244 3443 2340 3496 sub
2369 3446 2578 3513 gratia?
2604 3445 2770 3500 Absit.
2787 3448 3022 3522 (Ambr.)
3038 3450 3301 3518 Quoniam
3325 3450 3404 3503 lex
3426 3463 3453 3502 a
3475 3448 3564 3501 Deo
3579 3449 3654 3505 θδιν
3674 3451 3717 3491 ac

2246 3546 2342 3599 Per
2367 3531 2469 3588 hoc
2498 3549 2565 3588 ne
2591 3532 2730 3589 forte
2747 3547 3131 3607 opponeretur,
3160 3540 3269 3609 ipse
3295 3538 3387 3594 sibi
3418 3532 3660 3606 proposuit:
3677 3527 3715 3580 Si

2245 3637 2311 3678 ex
2328 3623 2436 3678 Deo
2450 3633 2549 3685 cst,
2564 3625 2758 3695 inquit,
2779 3627 2885 3692 lex,
2902 3644 2998 3685 cur
3019 3646 3128 3684 non
3144 3632 3390 3685 debemus
3411 3639 3512 3682 esse
3528 3622 3606 3677 sub
3619 3614 3718 3686 lege?

2246 3712 2359 3768 Hoc
2389 3724 2617 3785 purgat,
2653 3732 2720 3770 ac
2755 3717 2913 3773 docet
2950 3735 3074 3774 cum
3104 3721 3197 3775 Dei
3228 3720 3503 3781 voluntate,
3525 3712 3597 3782 qui
3627 3705 3717 3773 Ιοὲίε

2246 3813 2435 3860 auctor
2458 3815 2562 3873 est,
2579 3822 2608 3860 a
2631 3806 2848 3864 Christo
2868 3825 2966 3865 nos
2990 3810 3245 3867 liberatos
3268 3809 3332 3865 de
3351 3807 3441 3863 sub
3457 3805 3568 3875 lege,
3583 3810 3715 3870 ίῐιιδιη·

2247 3896 2329 3951 vis
2370 3898 2513 3952 enim
2552 3908 2701 3954 recte
2745 3899 2867 3954 data
2914 3901 2985 3955 sit
3026 3900 3117 3956 lex
3158 3901 3301 3972 (data
3345 3906 3419 3954 cst
3449 3895 3594 3954 enim,
3620 3892 3717 3939 ulc!

2248 4002 2370 4041 reos
2409 3988 2718 4043 ostenderet
2756 3990 2897 4059 apud
2927 3989 3127 4053 Deum,
3169 3990 3257 4060 qui
3296 3987 3603 4059 peccaverunt
3631 3983 3717 4030 ante

2247 4076 2441 4147 legere,
2458 4086 2512 4133 et
2538 4078 2716 4133 timori
2739 4089 2905 4145 esset,
2920 4088 2979 4134 ut
3003 4080 3068 4135 de
3095 4091 3287 4135 cetero
3308 4093 3405 4133 non
3426 4066 3712 4145 peccaretur):

2247 4168 2341 4223 sed
2368 4170 2492 4237 quia
2533 4169 2899 4225 imbecillitate
2928 4171 3259 4225 infirmitatis
3284 4184 3385 4224 sua:
3408 4179 3551 4238 genus
3580 4160 3715 4212 buma-

2246 4273 2373 4313 num
2406 4272 2434 4312 a
2466 4260 2702 4328 peccatis
2730 4274 2789 4314 se
2823 4261 3065 4315 inhibere
3120 4276 3223 4315 non
3246 4258 3422 4329 potuit,
3463 4254 3622 4309 factum
3649 4244 3716 4296 0b-

2247 4350 2467 4404 noxium
2495 4350 2683 4405 mortis
2708 4349 2899 4405 inferni
2917 4367 2931 4417 ;
2958 4360 3139 4406 motus
3150 4352 3287 4406 Deus
3300 4350 3479 4418 pietate
3499 4331 3716 4396 clementia

2247 4458 2375 4509 sum,
2390 4459 2494 4513 qua
2515 4457 2725 4514 semper
2740 4444 2977 4505 humano
2996 4444 3179 4515 generi
3202 4439 3448 4499 subvenit,
3462 4428 3716 4515 providitpef

572 4507 661 4599 tis,
693 4535 818 4605 quia
872 4538 963 4607 qui
1021 4507 1309 4593 mortificat
1345 4507 1585 4594 membra
1637 4553 1754 4602 sua,
1809 4507 2016 4592 certum
2061 4547 2143 4593 est
2171 4507 2221 4566 D
2246 4507 2661 4605 Christumque
2687 4534 2891 4589 ratione
2906 4507 3205 4604 desperatis
3220 4530 3328 4600 jam
3349 4512 3710 4582 dareturmedeh-

569 4626 712 4695 quod
744 4642 849 4681 non
879 4630 951 4683 sit
977 4629 1078 4684 sub
1120 4630 1236 4700 lege
1269 4631 1667 4695 membrorum,
1704 4630 1797 4684 sed
1827 4629 1929 4684 sub
1970 4631 2142 4701 gratia

570 4715 685 4771 Dei.
712 4715 786 4771 De
802 4717 902 4772 bac
930 4717 1046 4789 lege
1068 4726 1123 4773 ct
1146 4719 1273 4773 alibi
1292 4720 1441 4783 dicit,
1463 4719 1606 4789 quia,
1637 4720 1798 4774 virtus
1812 4720 2010 4779 peccati
2036 4720 2139 4773 lex.

569 4807 626 4863 Si
652 4809 775 4879 quis
805 4824 931 4863 vero
955 4810 1083 4865 velit
1127 4812 1241 4866 lucc
1284 4812 1529 4882 accipere
1554 4813 1620 4867 de
1642 4811 1756 4882 lege
1785 4810 1973 4883 Moysi,
2016 4812 2145 4867 illud

568 4898 687 4953 sine
709 4897 873 4953 dubio
916 4899 1079 4966 dicet,
1107 4901 1247 4970 quod
1296 4916 1399 4955 non
1434 4917 1620 4956 sumus
1662 4902 1762 4956 sub
1805 4901 1918 4972 lege
1948 4901 2141 4958 littera:

568 5006 690 5060 qua:
737 4991 956 5057 occidit,
1018 4994 1111 5047 sed
1161 4992 1260 5048 sub
1316 4993 1432 5063 lege
1484 4993 1707 5063 spiritus
1752 4994 1843 5063 qui
1884 4994 2141 5058 vivificat,

568 5094 727 5148 quam
770 5081 858 5136 hic
895 5082 1124 5151 gratiam
1154 5083 1471 5137 nominavit.
1512 5081 1756 5154 (Τὴεοη.)
1784 5082 1851 5138 Ut
1879 5099 2008 5155 ergo
2047 5083 2146 5137 fal-

567 5169 653 5226 lax
698 5172 1013 5243 imaginatio
1042 5175 1395 5237 somniorum,
1420 5174 1643 5229 illectrix
1668 5176 1958 5245 egestionis
1980 5174 2150 5246 impu-

570 5276 664 5328 η’,
686 5260 771 5316 vel
798 5264 850 5317 in
878 5274 1217 5334 perpetuum,
1242 5265 1322 5318 vel
1349 5274 1496 5320 certe
1528 5265 1608 5335 (ut
1635 5265 1928 5320 secundum
1966 5264 2147 5320 humi-

571 5352 756 5409 liorem
784 5355 897 5410 sive
918 5369 1255 5410 communem
1280 5356 1506 5410 dixerim
1531 5355 1749 5427 statum)
1773 5356 1935 5410 certis
1955 5355 2149 5410 mensi-

567 5444 669 5499 bua
699 5448 993 5517 ignoretur,
1025 5456 1148 5517 post
1173 5448 1316 5501 illaut
1349 5448 1503 5502 fidem
1562 5462 1668 5517 qua
1696 5448 1761 5502 de
1786 5446 1877 5501 Dei
1900 5445 2147 5515 speciali-

568 5544 646 5591 ter
676 5541 846 5611 gratia
868 5541 1120 5611 puritatis
1154 5543 1353 5598 donum
1368 5540 1572 5613 iugiter
1591 5555 1811 5611 sperare
1833 5554 1931 5595 nos
1950 5555 2148 5594 conve-

570 5626 667 5688 uit.
696 5642 834 5686 εδοξε
862 5640 1131 5703 potusque
1159 5643 1245 5688 est
1280 5633 1533 5689 nimietas
1572 5629 1905 5703 castiganda,
1951 5631 2144 5684 borum

569 5733 803 5793 uatnopte
831 5724 1183 5781 redundantia
1219 5727 1519 5783 istiusmodi
1544 5725 1800 5780 humores
1824 5725 2143 5794 propensius

2244 4634 2302 4679 ut
2333 4626 2647 4680 remissione
2673 4635 3015 4695 peccatorum
3043 4634 3258 4695 accepta
3279 4663 3292 4685 ,
3326 4619 3451 4674 eruti
3478 4630 3504 4668 a
3527 4613 3616 4677 lege
3633 4616 3712 4695 ⁸11⁸³³

2245 4716 2363 4771 illos
2373 4717 2602 4771 habebat
2615 4693 2894 4777 obnoxios,
2912 4725 2967 4771 et
2979 4693 3195 4772 relevati
3215 4727 3266 4767 et
3282 4706 3504 4782 reparati.
3517 4693 3713 4761 neoadiu

2246 4815 2407 4860 vante
2424 4820 2522 4875 per
2542 4805 2723 4870 fidem,
2750 4805 2895 4860 vitiis
2919 4821 2948 4858 a
2971 4805 3167 4876 quibus
3204 4803 3345 4873 prius
3367 4791 3544 4853 subacti
3567 4784 3714 4843 tumlti

2246 4906 2645 4968 repugnarent;
2680 4898 2904 4967 ideoque
2935 4912 3039 4953 non
3086 4894 3409 4968 peccavimus
3430 4881 3558 4956 quasi

2245 4991 2339 5044 Dei
2372 4999 2706 5060 spernentes,
2726 4991 2822 5045 sed
2851 4991 3019 5060 ipsius
3048 4990 3201 5060 quasi
3236 4970 3709 5069 providentiam

2248 5099 2434 5138 sumus
2460 5099 2554 5153 per
2582 5082 2874 5138 Christum.
2900 5083 3038 5149 Quid
3067 5080 3227 5151 ergo?
3254 5075 3426 5145 inquit,
3467 5060 3708 5156 peccabit”:

2247 5176 2368 5245 quia
2393 5138 2494 5228 uo'n
2520 5191 2700 5228 sumus
2723 5175 2818 5228 sub
2845 5138 2972 5243 (eque.
2992 5173 3081 5227 sed
3094 5138 3187 5226 sub
3207 5138 3366 5240 gratia
3381 5165 3404 5219 .’
3421 5158 3561 5245 Absit.
3573 5138 3709 5222 (Οτίςο)

2249 5244 2438 5319 Simile
2498 5265 2710 5319 videtur
2768 5264 2871 5318 hoc
2924 5263 2999 5317 illi
3056 5262 3216 5323 dicto,
3259 5254 3388 5328 quod
3414 5244 3614 5343 superius
3642 5246 3710 5343 ci-

2246 5355 2543 5425 posuimus,
2576 5354 2702 5424 quid
2728 5370 2848 5423 ergo
2873 5353 3131 5413 dicemus,
3158 5341 3532 5418 per-manebimus
3553 5336 3595 5384 in
3624 5336 3708 5392 μα’

2248 5458 2387 5512 cato,
2417 5458 2471 5502 ut
2502 5448 2671 5518 gratia
2700 5446 2966 5500 abundet?
2990 5445 3151 5500 Absit.
3183 5442 3246 5495 Et
3268 5438 3378 5492 ideo
3401 5444 3492 5487 una
3514 5425 3707 5518 atqueet-

2246 5545 2368 5600 dem
2396 5509 2609 5612 utrique
2628 5542 2748 5597 loco
2779 5539 3005 5597 subiciat
3024 5535 3334 5609 explanatio.
3358 5528 3459 5583 iloc
3482 5509 3705 5612 solum“?

2247 5633 2390 5704 quod
2416 5606 2632 5688 videtur
2655 5632 2855 5687 habere
2877 5606 3247 5689 differentiam.
3271 5617 3399 5692 il"0d
3423 5616 3468 5667 i"

2247 5673 2348 5778 lius
2362 5721 2578 5787 dicitur,
2594 5721 2720 5791 quid
2733 5736 2852 5792 ergo
2870 5712 3305 5791 ?pemtauebimus
3319 5710 3367 5763 in
3382 5691 3583 5773 percolo!
3597 5673 3703 5752 ιῐηλδί
