3998 6202
320 382 452 441 MOI

841 380 1388 439 ENARRATIONUM
1420 381 1487 438 ΙΝ
1517 383 1669 438 EPP.
1711 384 1916 440 PAULI
1952 386 2079 442 LIB.
2120 387 2210 444 IV.
2243 419 2311 431 -—
2349 391 2416 446 IN
2453 392 2672 449 EPIST.
2713 394 2807 450 AD
2842 394 3010 454 ROM.

3427 403 3567 460 1402

319 501 404 556 his
441 498 535 571 qui
565 498 804 554 nondum
830 497 1179 555 discesserim
1206 514 1239 553 a
1265 508 1486 570 peccato
1514 499 1623 554 dw
1649 500 1887 564 videtur,
1916 504 1963 561 Α
1992 511 2279 560 astrorum.
2310 506 2416 562 Sed
2447 509 2571 564 audi
2611 520 2852 579 apertam
2886 512 3036 567 Pauli
3066 515 3388 571 sententiam
3413 559 3428 585 ,
3460 533 3567 588 qua

318 602 388 648 ne
415 598 768 663 permaneant
794 591 848 644 in
871 604 959 653 eo,
988 590 1040 644 in
1061 603 1169 660 quo
1188 603 1308 645 esse
1335 591 1514 645 adhuc
1541 589 1889 655 videbantur;

320 683 410 740 hic
434 696 565 737 vero
602 690 860 750 tauquam
889 681 956 734 ab
982 680 1066 734 his
1092 681 1182 750 qui
1217 680 1328 750 jam
1347 680 1695 736 discesserint
1719 695 1750 734 a
1769 695 1894 751 pa:-

318 779 458 837 cato,
482 770 602 827 ﬁeri
632 769 846 825 videtur
865 769 1234 837 interrogatio,
1252 778 1308 825 et
1326 769 1500 835 ibi,ut
1516 770 1670 840 quasi
1696 769 1891 840 gratia,

319 881 438 936 quae
472 863 708 919 nondum
737 872 876 927 erat,
918 861 1248 929 abundaret;
1284 864 1375 920 hic
1410 874 1589 921 autem
1637 874 1890 934 tauquam

318 960 585 1026 praesente
618 951 732 1022 iam
755 953 928 1023 gratia
970 952 1116 1014 dicit,
1144 953 1269 1023 quia
1305 970 1410 1008 non
1438 971 1618 1009 sumus
1639 957 1736 1009 sub
1760 954 1891 1026 lege,

319 1045 410 1101 sed
433 1044 530 1100 sub
568 1044 760 1114 gratia.
792 1042 1017 1097 Nescitis
1052 1045 1177 1115 quia
1206 1045 1291 1098 cui
1315 1046 1567 1101 exhibetis
1603 1062 1690 1101 vos
1717 1063 1893 1101 servos

320 1136 389 1189 ad
416 1133 757 1189 obedientium
775 1174 790 1198 ,
813 1134 945 1189 servi
983 1136 1104 1189 estis
1140 1135 1256 1205 ejus
1277 1137 1363 1190 cui
1381 1136 1599 1192 obeditis
1617 1179 1630 1201 ,
1654 1140 1759 1192 sive
1775 1154 1892 1199 pec-

320 1225 424 1281 cati
449 1224 507 1279 in
531 1233 770 1289 mortem,
803 1224 908 1279 sive
930 1224 1235 1280 obeditionis
1262 1227 1332 1280 ad
1356 1227 1621 1297 justitiam
1639 1231 1664 1282 γ
1684 1228 1907 1299 (Δηώ.)

320 1313 472 1371 Nunc
519 1329 590 1370 ne
622 1314 766 1370 aliud
791 1314 1126 1384 profitentes,
1172 1317 1318 1374 aliud
1362 1318 1645 1385 faciamus,
1671 1327 1728 1374 et
1765 1335 1889 1375 cum

319 1406 462 1462 servi
505 1404 602 1461 Dei
628 1404 879 1470 dicimur,
911 1407 1081 1475 gest-is
1116 1408 1256 1462 servi
1291 1408 1488 1463 diaboli
1520 1408 1886 1475 inveniamur,

317 1505 613 1570 prmmonet
651 1505 709 1552 et
754 1497 1034 1552 denuntiat
1056 1496 1172 1565 ejus
1202 1513 1298 1553 nos
1328 1514 1514 1554 servos
1549 1512 1689 1565 esse,
1737 1498 1890 1568 cujus

317 1595 372 1644 et
397 1586 730 1644 voluntatem
758 1589 1034 1658 explemus
1059 1591 1330 1659 operibus,
1357 1599 1413 1645 et
1441 1604 1546 1645 non
1576 1607 1766 1661 parum
1787 1593 1888 1648 ob-

314 1692 436 1736 esse
461 1679 631 1734 Deum
657 1679 901 1735 confiteri
927 1681 1231 1746 Dominum,
1258 1689 1315 1736 et
1345 1682 1554 1737 actibus
1578 1682 1793 1737 diabolo
1810 1681 1889 1736 fa-

316 1770 511 1828 mulari
543 1787 557 1826 :
586 1786 713 1825 nam
738 1772 838 1826 hoc
864 1770 990 1826 olim
1036 1771 1178 1826 Deus
1203 1770 1423 1826 denotat
1450 1781 1505 1827 et
1531 1780 1766 1835 accusat,
1806 1771 1889 1827 di-

1994 596 2158 662 dicit,
2176 598 2262 652 cui
2288 613 2384 653 vos
2406 598 2672 655 exbihetis
2708 617 2896 657 servos
2921 603 2989 657 ad
3019 604 3400 675 obediendum,
3419 608 3566 666 servi

1990 685 2122 740 estis
2144 687 2230 741 cui
2255 688 2534 752 obedistis,
2563 691 2677 744 sive
2700 692 2927 759 peccati,
2959 693 3071 748 sive
3090 693 3336 762 justitiae.

2060 775 2274 832 Gratias
2315 787 2488 831 autem
2530 779 2663 843 Deo,
2687 782 2827 850 quod
2863 798 2982 835 cum
3006 785 3234 852 fuissetis
3272 788 3407 840 servi
3449 804 3569 856 pec-

1990 868 2117 929 cati,
2156 868 2402 922 obedistis
2428 885 2491 922 ea:
2518 870 2673 922 corde
2694 870 2753 924 in
2779 888 2894 925 eam
2920 872 3148 941 formam
3175 874 3426 929 doctrinm
3444 917 3459 941 ,
3509 879 3567 934 in

1989 976 2093 1030 qua
2114 960 2297 1014 traditi
2316 962 2455 1014 estis.
2473 958 2747 1015 Credentes
2764 972 2935 1017 autem
2959 966 3013 1018 in
3031 964 3317 1029 Christum,
3330 969 3462 1020 serti
3482 968 3567 1037 fa-

1991 1051 2061 1103 cti
2088 1067 2268 1103 sumus
2284 1050 2529 1120 justitite.
2555 1051 2790 1123 (Ambr.)
2808 1052 2934 1121 Ejus
2959 1056 3104 1108 enim
3143 1057 3287 1110 servi
3308 1058 3561 1122 dicimur,

1991 1141 2075 1195 cui
2110 1141 2407 1195 obedimus.
2424 1141 2493 1194 Et
2520 1142 2645 1211 quia
2663 1142 2866 1211 justum
2895 1153 2980 1198 est
3000 1146 3220 1200 obedire
3245 1145 3460 1201 Christo
3482 1150 3568 1218 (et

1992 1231 2106 1301 ipse
2130 1232 2272 1286 enim
2298 1230 2503 1301 justitia
2533 1241 2636 1297 est,
2667 1240 2722 1286 et
2747 1248 2868 1301 quae
2911 1227 3182 1303 praecipit,
3208 1235 3353 1305 justa
3389 1237 3560 1307 sum),

1991 1319 2192 1375 idcirco
2239 1321 2370 1375 dicit
2414 1336 2601 1376 servos
2643 1336 2743 1376 nos
2782 1320 2953 1376 factos
2985 1323 3210 1392 justitize
3257 1340 3323 1378 cx.
3371 1328 3562 1388 corde,

1990 1426 2094 1464 non
2121 1426 2189 1465 ex
2214 1411 2331 1481 lege
2347 1428 2361 1476 ;
2380 1427 2446 1467 ex
2469 1411 2759 1475 voluntate,
2775 1429 2882 1468 non
2905 1428 2971 1467 ex
2995 1413 3208 1477 timore,
3225 1423 3285 1467 ut
3301 1414 3566 1484 professio

1990 1510 2174 1554 nostra
2197 1502 2360 1556 animi
2378 1501 2580 1569 judicio
2601 1513 2895 1573 promatur.
2919 1503 3022 1558 Per
3041 1513 3288 1558 naturam
3315 1506 3459 1559 enim
3486 1506 3568 1559 in—

1989 1590 2131 1666 ducti
2148 1606 2334 1646 sumus
2356 1588 2423 1645 ad
2442 1590 2617 1657 fidem,
2637 1608 2742 1647 non
2761 1608 2857 1663 per
2876 1594 3067 1663 legem,
3088 1594 3142 1647 in
3160 1604 3266 1662 una
3286 1594 3458 1647 forma
3472 1594 3568 1649 do-

1989 1681 2178 1736 ctrina
2200 1682 2295 1737 Dei
2319 1681 2545 1751 imperio
2566 1683 2691 1738 facti
2716 1698 2923 1749 sumus,
2941 1686 3031 1754 qui
3048 1685 3201 1740 finxit
3219 1693 3491 1739 naturam.
3506 1685 3567 1741 In

1989 1780 2181 1826 natura
2201 1773 2346 1828 enim
2378 1773 2655 1840 habemus,
2678 1782 2739 1829 ut
2761 1790 3147 1845 cognoscamus
3174 1792 3203 1830 a
3235 1792 3363 1846 quo,
3395 1785 3451 1832 et
3470 1792 3568 1846 per

316 1875 447 1919 cens
471 1879 488 1917 :
518 1859 670 1916 Plebs
694 1862 806 1915 htrc
832 1860 1075 1933 [papulas
1099 1860 1203 1933 hic]
1233 1876 1312 1915 me
1345 1860 1497 1915 labiis
1533 1862 1774 1926 honorat,
1798 1878 1888 1916 cor
1914 1848 1965 1917 Β
1992 1877 2174 1931 quem,
2201 1872 2257 1917 et
2284 1864 2336 1917 in
2358 1878 2465 1933 quo
2486 1880 2673 1919 sumus
2699 1866 2887 1921 creati.
2922 1865 3116 1920 Forma
3144 1882 3276 1937 ergo
3304 1867 3566 1922 doctrinae

316 1964 488 2011 autem
514 1968 692 2008 eorum
722 1952 871 2023 longe
902 1962 977 2007 est
1022 1970 1055 2007 a
1085 1970 1166 2006 me
1192 1952 1407 2024 (Matth.
1445 1968 1533 2018 xv,
1566 1950 1673 2008 ιτα.
1709 1953 1883 2025 ms).

317 2045 385 2101 Et
425 2044 685 2101 Dominus
727 2046 802 2099 ait
828 2046 880 2099 in
920 2044 1249 2113 Evangelia:
1299 2042 1467 2096 Nemo
1496 2052 1659 2113 potest
1688 2044 1893 2098 duobus

315 2137 537 2192 dominis
563 2139 756 2193 servire
784 2136 998 2209 (Matth.
1026 2138 1124 2207 vi).
1155 2135 1224 2189 Et
1267 2135 1321 2189 in
1359 2135 1478 2205 lege
1505 2135 1707 2190 dictum
1748 2144 1834 2191 est
1868 2148 1884 2190 :

319 2225 456 2281 Deus
486 2244 589 2281 non
614 2228 882 2281 deridetur
909 2225 1108 2297 (Galat.
1140 2225 1238 2295 vn).
1258 2223 1451 2295 (Orig.)
1482 2224 1596 2278 Hoc
1626 2234 1711 2279 est
1733 2239 1885 2296 ergo,

312 2320 456 2391 quod
482 2321 533 2374 in
546 2322 649 2375 hoc
671 2319 787 2374 loco
801 2317 1086 2389 Apostolus
1104 2318 1281 2380 docet,
1297 2316 1423 2386 quia
1452 2316 1820 2385 unusquisque
1833 2317 1887 2371 in

313 2425 475 2464 manu
506 2424 601 2464 sua
628 2411 809 2474 habet,
838 2417 893 2463 et
919 2408 971 2462 in
1000 2407 1206 2461 arbitrii
1237 2415 1521 2476 potestate,
1556 2416 1614 2461 ut
1646 2415 1740 2460 aut
1762 2422 1890 2477 pec-

311 2501 419 2558 cati
440 2516 629 2558 servus
647 2502 717 2556 sit
737 2508 830 2555 aut
848 2500 1093 2570 iustitia}.
1110 2499 1190 2553 Ad
1210 2512 1586 2568 quamcunque
1600 2498 1743 2552 enim
1765 2513 1888 2570 par-

313 2601 421 2647 tem
451 2591 786 2646 inclinaverit
807 2588 1189 2653 obedientiam,
1220 2597 1275 2642 et
1303 2588 1604 2658 cuicunque
1627 2590 1763 2658 parti
1789 2604 1888 2658 pa-

313 2694 435 2735 rere
456 2679 707 2741 voluerit,
730 2679 846 2733 haec
865 2678 970 2733 sibi
995 2692 1118 2730 eum
1139 2676 1377 2732 vindicat
1402 2692 1637 2731 servum.
1669 2678 1724 2732 In
1754 2692 1885 2746 quo,

311 2781 373 2828 ut
392 2771 745 2839 dixi,absque
771 2768 875 2822 ulla
903 2768 1245 2826 cunctatione
1263 2768 1317 2822 in
1339 2767 1494 2823 nobis
1517 2781 1636 2823 esse
1650 2768 1887 2823 ostendit

312 2863 522 2919 arbitrii
567 2862 891 2918 libertatem.
928 2861 985 2915 ln
1027 2860 1184 2915 nobis
1236 2873 1470 2927 namque
1497 2866 1584 2913 est
1625 2858 1884 2911 exhibere

308 2954 668 3014 obedientiam
708 2961 969 3017 nostram,
1011 2950 1096 3005 vel
1137 2949 1431 3020 justitiam,
1479 2947 1562 3001 vel
1606 2954 1885 3016 peccatum

309 3047 423 3123 {vel
442 3045 688 3119 justitiae,
716 3044 800 3101 vel
829 3041 1095 3114 peccato].
1129 3041 1299 3096 Nemo
1324 3050 1504 3094 autem
1540 3046 1719 3107 potest
1753 3037 1885 3092 duo-

307 3143 412 3198 bus
435 3139 595 3196 simul
621 3138 851 3193 dominis
878 3135 1103 3201 servire,
1148 3141 1367 3203 peccato
1396 3139 1447 3185 et
1486 3128 1731 3198 iustitiae.
1777 3129 1886 3182 Aut

1987 1961 2090 2018 est,
2109 1951 2162 2007 in
2177 1954 2317 2022 quod
2331 1969 2492 2023 quam
2517 1955 2732 2009 tradidit
2746 1970 2846 2009 nos
2864 1954 3090 2010 Creator
3105 1958 3442 2021 naturaliter,
3461 1957 3565 2014 hoc

1987 2051 2093 2107 est,
2125 2057 2287 2112 supra
2307 2042 2597 2113 dixitdpsi
2619 2043 2718 2097 sibi
2746 2043 2833 2099 leae
2870 2053 3012 2098 sunt.
3040 2044 3176 2099 Dum
3198 2045 3382 2100 vident
3406 2058 3566 2101 natu-

1989 2148 2062 2187 rae
2084 2148 2195 2188 sua:
2213 2133 2509 2203 esse,un
2537 2133 2779 2198 credunt,
2796 2143 2852 2189 ut
2874 2138 3012 2205 quod
3025 2133 3222 2191 Judazis
3251 2137 3332 2191 lex
3359 2146 3415 2192 et
3437 2153 3562 2206 pro-

1985 2222 2162 2292 phetae
2188 2225 2550 2294 prmdicurttnt
2574 2226 2642 2280 de
2667 2225 2901 2290 Christo,
2933 2228 3034 2283 hoc
3058 2229 3287 2297 gentiles
3312 2244 3379 2283 ex
3399 2230 3563 2284 corde

1986 2313 2288 2379 confidant;
2312 2315 2436 2370 hinc
2459 2315 2622 2371 refert
2640 2317 2841 2387 gratias
2862 2316 3110 2384 Domino,
3132 2319 3257 2388 quia
3272 2335 3394 2373 cum
3415 2335 3563 2375 esse-

1988 2421 2108 2461 mus
2129 2406 2269 2462 servi
2292 2407 2496 2477 peccati
2531 2407 2887 2473 obedivimus,
2908 2425 2970 2463 ex
2998 2410 3160 2464 corde
3200 2408 3483 2466 credentes
3504 2410 3565 2464 in

1985 2495 2278 2561 Christum,
2308 2505 2369 2551 ut
2400 2498 2725 2553 serviremus
2747 2498 2877 2562 Deo,
2910 2514 3014 2552 non
3047 2514 3145 2568 per
3170 2499 3341 2569 legem
3367 2499 3563 2571 Moysi,

1985 2588 2080 2643 sed
2100 2602 2198 2657 per
2219 2587 2390 2659 legem
2408 2597 2632 2642 naturae.
2662 2585 2858 2660 (θήρ.)
2874 2587 3025 2655 Quod
3046 2589 3188 2643 enim
3210 2590 3342 2643 dicit
3362 2593 3560 2660 gratias

1984 2677 2116 2739 Dea,
2131 2679 2254 2749 quia
2274 2678 2449 2748 fuistis
2471 2678 2603 2732 serui
2621 2679 2835 2747 peccati,
2858 2679 3089 2735 ostendit
3107 2694 3297 2734 euntes
3319 2681 3567 2736 homines

1984 2768 2159 2837 primo
2186 2767 2393 2823 servire
2418 2776 2669 2836 peccato;
2722 2768 2801 2823 sic
2825 2768 2968 2822 enim
3008 2769 3263 2838 scriptum
3288 2777 3390 2831 est,
3434 2771 3561 2839 quia

1985 2873 2090 2912 non
2116 2867 2200 2913 est
2219 2856 2396 2926 justus
2439 2874 2601 2928 super
2627 2867 2860 2922 terram,
2898 2859 2988 2928 qui
3040 2858 3202 2914 faciat
3247 2859 3466 2923 bonum,
3505 2868 3565 2914 et

1984 2963 2091 3002 non
2118 2949 2443 3017 peccaverit.
2477 2948 2659 3002 Primo
2687 2949 2832 3003 enim
2860 2963 3079 3004 necesse
3103 2957 3188 3003 est
3217 2949 3269 3003 in
3300 2948 3445 3003 omni
3469 2949 3567 3007 Ιιο-Δ

1984 3038 2132 3093 mine
2158 3037 2284 3091 illud
2310 3037 2587 3108 compleri,
2617 3040 2763 3107 quod
2786 3038 3044 3107 scriptum
3070 3047 3173 3102 est,
3198 3040 3288 3092 sed
3316 3040 3403 3093 ubi
3425 3040 3560 3094 venit

1984 3133 2311 3195 mandatum,
2336 3142 2600 3203 peccatum
2626 3132 2826 3187 revixit.
2848 3131 2960 3187 Hoc
2980 3146 3107 3187 vero
3129 3132 3273 3201 quod
3292 3132 3561 3201 sequitur,

305 3235 454 3290 enim
472 3247 640 3287 unum
662 3229 788 3285 odio
812 3228 1049 3290 habebit,
1074 3232 1353 3296 peccatum
1382 3224 1609 3288 scilicet,
1642 3231 1695 3277 et.
1719 3222 1880 3276 alium
1909 3203 1954 3264 Ο
1986 3224 2052 3277 ad
2079 3237 2275 3297 paucos
2314 3221 2467 3287 dicit,
2512 3232 2567 3278 et
2613 3237 2707 3277 ws
2735 3223 2824 3293 qui
2854 3222 2966 3292 jam
2994 3222 3371 3286 emendantur,
3416 3222 3562 3290 quod

308 3324 534 3389 amabit,
550 3323 602 3377 id
615 3329 719 3385 est,
728 3319 1012 3389 justitiam;
1036 3326 1131 3371 aut
1149 3330 1311 3371 unum
1335 3314 1587 3383 patietur,
1605 3321 1881 3381 peccatum

307 3414 590 3475 duntaxat,
611 3418 667 3465 et
678 3409 840 3464 alium
854 3407 1195 3469 condemnet,
1214 3405 1265 3459 id
1279 3401 1495 3471 est,jus.
1508 3403 1678 3457 itiam.
1697 3401 1883 3457 Simile

306 3517 441 3574 ergo
462 3501 790 3569 est,etquod
807 3499 942 3554 dixit
967 3496 1283 3567 Apostolus:
1309 3494 1456 3550 Servi
1484 3497 1604 3548 estis
1642 3494 1759 3563 ejus
1798 3494 1884 3547 cui

306 3594 574 3659 obedistis,
587 3593 691 3647 sive
700 3591 919 3662 peccati,
931 3589 1255 3658 sioejustitia:
1269 3603 1287 3651 ;
1304 3586 1396 3642 sed
1409 3596 1461 3639 et
1475 3587 1641 3639 omnis
1655 3585 1744 3655 qui
1757 3585 1883 3653 facit

307 3694 596 3756 peccatum,
610 3698 787 3737 servus
801 3689 875 3735 est
889 3681 1087 3749 peccati
1099 3676 1157 3748 (J
1159 3695 1279 3732 catt.
1295 3678 1435 3745 vul).
1452 3676 1532 3729 Ad
1548 3678 1648 3731 hoc
1666 3674 1886 3744 respicit

307 3779 559 3848 quamvis
577 3791 680 3830 non
705 3774 991 3844 adjecerlt,
1017 3782 1073 3826 et
1089 3773 1266 3826 omnis
1287 3772 1377 3839 qui
1397 3770 1585 3825 fecerit
1595 3769 1882 3840 justitiam,

309 3884 500 3925 servus
527 3874 610 3923 est
623 3867 865 3937 justitiaa.
891 3865 1046 3932 Quod
1065 3863 1312 3918 fortassis
1339 3870 1489 3932 putet
1514 3861 1651 3915 alius
1682 3860 1885 3915 idcirco

308 3962 681 4025 subrelictum,
711 3967 771 4014 ut
793 3959 946 4029 quasi
980 3972 1047 4013 ex
1076 3955 1534 4024 consequentibus
1563 3954 1753 4008 debeat
1797 3953 1884 4006 in-

313 4053 499 4124 telligi.
545 4052 674 4106 Mihi
713 4059 889 4105 tamen
928 4049 1145 4103 videtur
1169 4044 1416 4100 consulto
1449 4057 1556 4098 non
1591 4042 1833 4098 additum
1866 4059 1882 4097 :

311 4160 487 4214 neque
515 4144 658 4199 enim
688 4140 1042 4197 conveniebat
1087 4139 1212 4204 dici,
1244 4138 1371 4208 quia
1408 4137 1586 4191 omnis
1624 4136 1714 4206 qui
1757 4135 1888 4191 facit

306 4231 592 4303 justitiam,
630 4245 818 4286 servus
841 4239 924 4283 est
953 4229 1195 4298 justitize.
1232 4228 1367 4281 Nam
1397 4234 1453 4281 et
1484 4225 1625 4280 Deus
1653 4226 1769 4296 ipse
1808 4223 1889 4279 fa-

307 4325 387 4379 cit
407 4321 694 4393 justitiam,
731 4330 786 4375 et
812 4335 916 4374 non
958 4319 1158 4373 idcirco
1186 4332 1373 4372 servus
1397 4316 1622 4386 justitia:
1644 4315 1748 4370 dici
1794 4328 1889 4383 po-

311 4424 438 4481 test,
468 4418 563 4470 sed
582 4412 805 4482 justitire
833 4410 1110 4465 Dominus.
1152 4408 1267 4463 Non
1295 4423 1423 4477 ergo
1467 4407 1537 4459 ita
1564 4407 1763 4471 omnis,
1795 4405 1889 4476 qui

310 4509 444 4565 facit
464 4508 754 4577 justitiam,
786 4519 974 4559 servus
1002 4511 1084 4556 est
1112 4500 1356 4571 justitite,
1384 4509 1442 4553 ut
1467 4498 1645 4552 omnis
1686 4497 1777 4567 qui
1808 4496 1887 4551 fa-

1987 3314 2117 3369 dicit
2144 3330 2157 3367 :
2190 3312 2403 3367 Gratias
2426 3323 2601 3367 autent
2642 3313 2774 3375 Deo,
2813 3314 2937 3384 quia
2967 3312 3138 3381 fuistis
3178 3315 3310 3367 servi
3342 3313 3561 3382 peccati,

1985 3405 2230 3461 obedistis
2258 3414 2431 3459 autem
2457 3420 2521 3458 ea:
2541 3404 2696 3459 corde
2722 3405 2779 3458 in
2801 3420 2916 3457 eam
2946 3404 3168 3471 formam
3192 3404 3467 3466 doctriua’,
3506 3403 3561 3457 in

1983 3512 2144 3566 quam
2171 3495 2350 3549 traditi
2374 3496 2515 3549 estis.
2549 3494 2705 3549 Servi
2726 3509 2857 3564 ergo
2894 3494 3092 3549 fuimus
3117 3510 3306 3551 omnes
3334 3493 3561 3564 peccati,

1986 3589 2082 3643 sed
2121 3587 2212 3642 ubi
2259 3588 2455 3642 tradita
2495 3596 2580 3643 est
2620 3587 2774 3642 nobis
2798 3586 2969 3642 forma
3011 3587 3293 3650 doctrinas,
3312 3594 3367 3640 et
3413 3584 3557 3649 huic,

1988 3695 2092 3734 non
2119 3687 2420 3747 utcunque,
2468 3692 2644 3747 neque
2666 3677 2794 3735 solis
2833 3677 3037 3739 verbis,
3060 3678 3151 3731 sed
3180 3693 3246 3730 ex
3268 3677 3453 3741 corde,
3493 3690 3564 3731 ex

1987 3769 2188 3833 animo,
2230 3783 2297 3822 ex
2330 3775 2438 3822 tota
2469 3766 2751 3822 devotione
2776 3765 3036 3834 elegimus
3084 3766 3320 3829 obedire,
3360 3764 3561 3819 libem-

1988 3873 2112 3911 mur
2143 3873 2173 3910 a
2213 3856 2474 3911 servitute
2509 3854 2738 3924 peccati,
2773 3862 2829 3907 et
2852 3852 3112 3908 efﬁcimur
3152 3853 3290 3906 servi
3312 3852 3560 3920 iustitiae.

1988 3946 2139 4014 Quod
2173 3955 2352 4001 autem
2382 3944 2538 4009 dixit,
2563 3945 2784 4013 formam
2810 3943 3084 4007 doctrinae,
3113 3944 3166 3997 in
3190 3959 3348 4013 quam
3379 3944 3564 3999 traditi

1987 4040 2132 4105 estis,
2157 4037 2538 4108 requirendum
2569 4046 2699 4107 puto
2750 4036 3018 4105 quomodo
3043 4037 3413 4105 unusquisque
3451 4047 3563 4092 tra.

1989 4135 2149 4190 datur
2188 4150 2204 4186 ε
2256 4130 2556 4185 invenimus
2603 4143 2835 4197 namque
2869 4127 2993 4197 quia
3025 4141 3137 4191 cos,
3167 4127 3258 4195 qui
3301 4144 3405 4181 non
3439 4143 3566 4197 pro-

1988 4228 2120 4282 bant
2141 4225 2306 4280 Deum
2334 4223 2532 4278 habere
2554 4222 2609 4278 in
2632 4219 2901 4284 notitiam,
2918 4220 3096 4274 tradat
3120 4219 3259 4273 Deus
3281 4220 3565 4275 secundum

1988 4316 2247 4371 desideria
2279 4314 2449 4368 cordis
2473 4329 2652 4367 eorum
2681 4312 2737 4364 in
2771 4309 3177 4373 immunditiam,
3220 4318 3275 4362 ut
3303 4319 3566 4363 contume-

1989 4408 2074 4462 liis
2117 4406 2342 4476 afﬁciant
2383 4419 2603 4472 corpora
2645 4418 2742 4455 sua
2769 4401 2826 4453 iu
2870 4399 3154 4468 semetipsis
3182 4399 3359 4469 (Rom.
3401 4397 3466 4470 t),
3509 4406 3565 4455 ct

1991 4498 2126 4553 alios
2146 4496 2237 4566 qui
2265 4501 2735 4549 commutaverunt
2757 4489 2980 4560 gloriam
3003 4488 3430 4558 incorruptibilis
3445 4489 3563 4554 Dei,

307 4562 717 4669 peccatum,
741 4562 927 4651 servus
955 4603 1038 4649 est
1073 4562 1298 4662 peccati.
1328 4562 1459 4643 Nam
1484 4599 1539 4642 et
1563 4593 1678 4657 ipse
1705 4562 1886 4642 diabo-
1916 4562 1966 4621 Ῑ)
1994 4562 2180 4643 tradat
2218 4586 2271 4641 in
2304 4584 2582 4654 passiones
2628 4580 2955 4653 ignominiae,
3006 4580 3073 4634 de
3102 4579 3300 4649 quibus
3338 4579 3391 4633 in
3434 4579 3567 4635 locis

308 4693 397 4747 lus
420 4692 538 4746 sine
563 4689 725 4747 dubio
746 4686 953 4759 peccati
989 4700 1179 4739 servus
1202 4691 1305 4747 est,
1335 4683 1529 4752 quippe
1562 4680 1654 4750 qui
1684 4680 1878 4734 disces:

309 4784 384 4839 sit
411 4798 443 4837 a
466 4779 982 4850 servitutejustitize,
1024 4785 1080 4830 et
1105 4776 1158 4830 iu
1185 4783 1475 4843 conspectu
1518 4771 1731 4827 Domini
1763 4785 1883 4824 om-

310 4872 608 4944 nipotentis
646 4868 944 4933 rebellavit,
989 4875 1273 4936 propterea
1324 4862 1591 4935 [propter]
1637 4861 1781 4930 quod
1829 4869 1883 4914 et

309 4972 556 5036 apostata
581 4961 877 5031 appellatus
904 4965 1005 5011 est.
1039 4956 1404 5022 Constatergo
1430 4968 1496 5005 ex
1517 4951 1601 5005 his
1625 4950 1889 5006 sermoni-

306 5058 413 5111 bus
437 5054 584 5109 Pauli
615 5052 809 5121 quibus
841 5048 992 5110 dicit,
1017 5046 1144 5115 quia
1170 5044 1256 5097 cui
1290 5058 1386 5095 vos
1408 5042 1675 5097 exhibetis
1702 5056 1886 5096 servos

306 5147 380 5201 ad
402 5143 782 5207 obedieudum,
804 5140 944 5195 servi
966 5138 1097 5193 estis
1120 5136 1207 5191 cui
1230 5134 1511 5196 obedistis,
1527 5134 1642 5189 sive
1657 5133 1882 5203 peccati,

305 5238 427 5291 sive
464 5233 724 5302 justitiae,
793 5231 920 5300 quia
981 5234 1170 5298 sponte
1234 5231 1415 5279 nostra
1477 5224 1577 5293 ipsi
1636 5240 1733 5279 nos
1791 5240 1885 5278 ex-

305 5325 578 5387 hibemus,
611 5324 758 5378 nullo
816 5327 1063 5391 cogente,
1114 5316 1198 5370 vel
1246 5323 1470 5385 peccato
1521 5316 1762 5379 servire,
1800 5316 1885 5370 vel

298 5416 529 5488 justitia:
576 5429 670 5485 per
696 5412 1056 5467 obedientiam
1103 5417 1384 5472 nostram;
1427 5413 1485 5461 et
1524 5406 1645 5460 ideo
1693 5409 1882 5461 horum

302 5522 524 5579 semper
552 5506 861 5561 meminisse
903 5502 1181 5564 debemus,
1207 5515 1277 5554 ne
1328 5498 1516 5554 inanes
1552 5498 1798 5567 querelas
1830 5499 1884 5554 in

303 5603 517 5678 peccati
565 5601 912 5657 excusatione
955 5594 1444 5669 [excusationem|
1498 5593 1835 5664 proferamus
1863 5635 1878 5660 ,

302 5693 438 5765 quia
464 5692 710 5749 diabolus
755 5690 900 5750 fecit,
950 5699 1007 5743 ut
1035 5696 1351 5756 peccatores
1396 5683 1756 5755 [peccaretur]
1791 5693 1882 5736 aut

303 5794 519 5840 natura!
547 5784 858 5847 necessitas,
910 5788 1002 5834 aut
1046 5778 1226 5834 fatalis
1267 5776 1524 5841 conditio,
1555 5784 1649 5829 aut
1691 5789 1882 5829 cursus

1991 4682 2125 4745 suis,
2149 4687 2310 4749 prout
2349 4676 2641 4746 potuimus,
2674 4673 2926 4729 diximus.
2964 4672 3033 4727 Et
3059 4671 3159 4727 hos
3181 4686 3311 4742 ergo
3347 4671 3437 4741 qui
3476 4686 3564 4725 se-

1991 4773 2250 4841 metipsos
2287 4768 2542 4824 exhibent
2584 4779 2769 4822 servos
2788 4763 3012 4835 justitiaa
3054 4778 3153 4832 per
3176 4762 3562 4825 obedientiam,

1993 4867 2135 4920 Deus
2167 4860 2403 4925 tradidit,
2437 4868 2496 4914 ut
2525 4857 2894 4919 instituantur,
2925 4861 2982 4909 et
3022 4854 3331 4908 imbuuntur
3373 4866 3563 4904 secun-

1986 4955 2114 5010 dum
2144 4952 2371 5009 formam
2396 4948 2654 5004 doctrinae
2668 4945 2910 5017 justitiat.
2943 4943 3120 4997 Movet
3145 4958 3230 4996 me
3255 4941 3417 4996 etiam
3438 4940 3560 5005 hoc,

1986 5044 2128 5116 quod
2153 5057 2259 5098 non
2289 5041 2442 5105 dixit,
2466 5037 2723 5093 obedistis
2742 5050 2809 5090 ex
2829 5033 2991 5089 corde
3008 5031 3284 5092 doctrinae,
3322 5030 3372 5083 in
3394 5043 3562 5099 quam

1987 5136 2168 5192 traditi
2194 5134 2347 5197 estis,
2379 5133 2472 5187 sed
2502 5131 2731 5185 formam
2755 5126 3011 5182 doctrinae
3047 5122 3246 5193 posuit.
3280 5119 3388 5175 Nec
3432 5128 3564 5190 puto

1987 5226 2132 5297 quod
2171 5239 2334 5279 unum
2382 5236 2503 5276 esse
2541 5218 2770 5273 senserit
2819 5213 3104 5286 Apostolus
3155 5212 3455 5268 doctrinam
3508 5218 3561 5264 et

1990 5316 2218 5372 formam
2244 5311 2547 5367 doctrinae:
2586 5308 2680 5362 sed
2719 5305 2851 5360 mihi
2890 5305 3102 5359 videtur
3144 5303 3287 5371 quod
3330 5300 3561 5355 formam

1990 5404 2249 5460 doctrina:
2297 5400 2476 5453 minus
2515 5411 2637 5452 esse
2673 5395 2880 5458 scierit,
2940 5408 3101 5462 quam
3143 5391 3314 5460 ipsam
3358 5389 3561 5445 doctri-

1992 5511 2135 5559 nam,
2165 5501 2220 5547 et
2255 5506 2398 5547 nunc
2421 5489 2637 5558 quidem
2662 5488 2715 5541 in
2747 5484 2996 5555 praesenti
3037 5484 3170 5549 vita,
3206 5484 3333 5538 dum
3364 5482 3418 5536 in
3442 5495 3567 5535 cor-

1988 5599 2120 5655 pore
2154 5596 2359 5645 sumns,
2415 5588 2472 5634 et
2516 5584 2772 5649 aggravat
2812 5584 3085 5629 terrenum
3131 5576 3232 5628 hoc
3283 5573 3566 5628 habitacu-

1989 5679 2097 5732 lum
2134 5689 2352 5730 sensum
2411 5672 2578 5727 multa
2614 5669 2941 5739 cogitantem
2995 5666 3148 5737 (Sap.
3194 5667 3302 5736 ix),
3334 5665 3563 5721 fortnam

1987 5768 2243 5826 doctrinm
2281 5765 2559 5829 habemus,
2585 5778 2692 5819 non
2714 5762 2884 5831 ipsam
2907 5760 3229 5817 doctrinam.
3256 5758 3396 5813 sicut
3418 5756 3561 5813 idem
