3998 6202
521 344 542 394 l
551 337 656 392 ωε

1187 331 1247 386 Β.
1289 328 1538 386 RABANl
1577 328 1793 386 MAURI
1831 327 2145 385 ARGll'lEP.
2187 325 2494 383 MOGUNT.
2535 325 2820 383 OPEIIUM
2859 325 3038 382 PARS
3071 327 3157 383 lli.

3562 335 3663 401 lilii

517 448 804 521 Apostolus
845 446 900 502 in
943 445 1065 500 aliis
1105 444 1236 501 dicit
1271 462 1287 497 :
1321 444 1477 498 Nunc
1517 454 1693 498 autem
1740 442 1972 499 sidentur
2004 454 2098 511 per
2126 443 2177 500 Α
2199 437 2720 509 ϐίωιιωενὶεἱώωι
2745 439 2898 508 prius
2920 440 3062 496 oculi
3084 441 3362 504 mulierem,
3395 447 3667 505 ωειὶωιιηε

516 540 784 612 speculum
823 542 880 593 in
925 538 1197 607 muigmate
1223 535 1274 606 (l
1299 532 1421 589 Cor.
1454 535 1595 605 xm).
1623 534 1740 603 ipsa
1767 543 1949 588 autem
1995 532 2095 588 do-

519 633 692 688 ctrina
720 630 790 685 sit
833 628 901 684 de
924 642 1031 697 qua
1058 626 1278 688 dicitur,
1307 634 1431 678 tunc
1456 640 1629 677 autem
1652 624 1938 677 videbimus
1963 622 2099 692 facie

521 724 589 777 ad
617 721 804 790 [aciem
829 716 1039 791 (Ibid.).
1074 716 1232 771 Unde
1246 723 1300 769 et
1333 715 1384 768 in
1407 715 1658 784 praesenti
1676 715 1783 768 vita
1806 725 1932 785 puto
1955 713 2099 783 quod

470 824 491 866 λ
523 812 746 865 formam
782 818 943 876 atque
958 806 1202 859 umbram
1227 803 1481 856 virtutum
1505 812 1686 858 tenere
1704 803 1988 874 possimus,
2015 803 2097 873 ip—

522 916 611 956 sas
635 914 761 953 vero
780 897 1006 951 virtutes
1029 902 1155 948 tunc
1177 908 1301 947 cum
1329 893 1573 946 venerint
1606 892 1695 946 illa
1721 907 1840 961 qua!
1861 892 2098 961 perfecta

524 1000 669 1046 sunt.
710 990 777 1044 Et
799 991 919 1043 ideo
943 989 1120 1059 justus
1145 1002 1286 1042 nunc
1312 985 1514 1055 magis,
1539 992 1597 1038 ut
1618 984 1748 1038 mihi
1784 982 2016 1046 videtur,
2042 983 2096 1038 in

524 1082 713 1136 umbra
747 1082 1028 1144 virtutum,
1064 1094 1224 1149 quam
1270 1078 1323 1131 in
1363 1076 1494 1144 ipsis
1534 1071 1823 1127 virtutibus
1855 1071 2004 1126 vivit.

591 1170 819 1224 biberati
833 1184 1009 1224 autem
1020 1187 1051 1223 a
1063 1179 1299 1239 peccato,
1311 1168 1440 1221 serui
1457 1152 1582 1235 facti
1603 1163 1978 1233 estisjustitite.
1995 1162 2099 1216 Ex-

521 1261 713 1331 positio
739 1269 824 1314 est
855 1261 905 1313 in
948 1260 1029 1314 his
1057 1274 1244 1314 eorum
1279 1273 1399 1327 qua:
1422 1257 1670 1326 superius
1707 1255 1944 1310 diximus
1976 1269 1990 1307 :
2039 1253 2100 1309 Si

521 1352 657 1405 enim
685 1351 823 1403 ultra
853 1367 956 1404 non
999 1351 1241 1405 serviatis
1273 1358 1513 1419 peccato,
1543 1357 1740 1402 certum
1767 1357 1841 1402 est
1871 1348 1994 1418 quia
2030 1346 2097 1401 liv

524 1440 686 1494 berati
716 1440 780 1493 ab
809 1456 867 1493 eo
897 1440 1030 1493 servi
1057 1439 1184 1509 facti
1211 1440 1332 1493 estis
1360 1439 1606 1508 iustitia.
1640 1435 1747 1492 Sed
1784 1436 2098 1505 requiritur,

522 1529 645 1599 quis
672 1528 869 1599 estqui
913 1529 1107 1583 [fuerat
1142 1543 1175 1582 a
1218 1536 1457 1599 peccato.
1509 1526 1638 1581 Sine
1673 1526 1834 1580 dubio
1859 1524 2103 1609 veritatis

524 1621 746 1691 agnitio.
774 1619 866 1674 Sic
890 1620 1033 1673 enim
1065 1619 1274 1674 dicebat
1302 1617 1462 1672 Jesus
1492 1616 1558 1671 ad
1590 1615 1827 1679 Judaeos,
1860 1614 1954 1684 qui
1983 1629 2102 1669 cre-

522 1714 777 1769 diderunt
795 1714 845 1767 ei
871 1727 885 1766 :
920 1712 980 1767 Si
1010 1711 1334 1765 credideritis
1364 1709 1513 1764 verbo
1544 1725 1679 1774 meo,
1707 1708 1996 1778 agnoscens
2018 1722 2102 1760 ve-

2200 531 2401 602 aliquid
2445 531 2513 586 ad
2571 531 3096 601 concupiscendum,
3149 547 3282 587 nune
3324 535 3670 606 circumspiciat

2199 636 2483 691 pauperes,
2535 620 2770 685 debiles,
2824 635 3024 691 egenos
3066 621 3133 675 ad
3170 622 3505 679 miserandum.
3542 628 3673 685 Aures

2199 712 2606 768 delectabantur
2634 712 2820 767 auditu
2846 727 3006 773 vano,
3030 711 3111 765 vel
3136 712 3374 767 bonorum
3394 716 3672 784 deruptiore-

2199 803 2336 867 bus;
2368 818 2510 857 nunc
2531 809 2923 859 convertantur
2952 802 3019 856 ad
3051 802 3358 858 audieudum
3383 805 3565 860 verbum
3589 807 3673 875 Dei,

2201 896 2270 950 ad
2299 894 2737 964 explanationem
2763 894 2919 965 legis,
2963 904 3018 949 et
3046 895 3113 950 ad
3158 896 3445 964 capiendam
3468 900 3674 968 sapientia

2202 985 2560 1055 disciplinam.
2627 985 2831 1055 Lingua
2883 1000 3011 1055 quae
3050 986 3319 1050 conviciis,
3358 988 3604 1045 maledictis
3637 1001 3675 1045 et

2204 1077 2546 1146 turpiloquiis
2574 1086 2789 1132 assueta
2816 1086 2919 1139 est,
2957 1085 3295 1131 convertatur
3320 1093 3446 1133 nunc
3483 1080 3538 1133 ad
3560 1079 3677 1134 bene-

2202 1167 2489 1222 dicendum
2514 1167 2798 1222 Domiuum
2828 1167 2881 1221 in
2905 1166 3052 1221 omni
3084 1175 3603 1238 temporezsermouem
3622 1186 3680 1225 sa-

2204 1274 2335 1314 num
2369 1257 2627 1329 proferat,
2655 1268 2713 1314 et
2747 1259 3029 1313 honestum
3047 1297 3063 1323 ,
3092 1266 3153 1312 ut
3192 1259 3279 1312 det
3303 1259 3502 1328 gratiam
3520 1251 3681 1314 audien-

2208 1349 2370 1415 tibus,
2395 1359 2451 1404 et
2478 1349 2759 1404 veritatem
2792 1348 3044 1418 loquatur
3072 1364 3195 1404 cum
3232 1350 3454 1420 proximo
3481 1364 3575 1405 suo.
3610 1349 3683 1403 Sed

2205 1438 2334 1507 quid
2370 1452 2507 1507 Opus
2546 1446 2632 1493 est
2684 1438 2800 1492 haec
2852 1437 3061 1509 singula
3102 1439 3376 1508 persequi,
3423 1453 3524 1492 cum
3555 1448 3685 1507 patuit

2204 1528 2367 1583 etiam
2391 1527 2509 1593 tibi,
2532 1527 2955 1598 uniuscujusque
2980 1528 3210 1583 membri
3235 1528 3565 1592 ministerium,
3587 1528 3686 1596 quod

2203 1618 2451 1673 exhibuit
2481 1617 2648 1681 vitiis,
2680 1624 2867 1687 aptare
2888 1617 3195 1681 virtutibus,
3226 1626 3276 1673 et
3296 1625 3456 1672 actum
3479 1632 3605 1686 queat
3621 1632 3688 1670 et-

2207 1708 2382 1764 ltibuit
2408 1708 2782 1772 inmunditiae,
2816 1708 2883 1763 ad
2906 1710 3210 1764 castitatem
3243 1725 3373 1762 nunc
3400 1708 3686 1773 sanetiiiatia

526 1805 754 1869 ritatem,
801 1814 849 1859 et
887 1806 1076 1859 veritas
1110 1803 1347 1856 liberabit
1383 1819 1476 1856 vos
1503 1800 1684 1872 (Joan.
1720 1776 1861 1871 vui).
1888 1797 2102 1855 Veritas
2134 1776 2182 1836 Β
2207 1814 2437 1868 nemque
2456 1799 2809 1855 convertere?
2833 1800 3055 1855 Videtur
3074 1816 3209 1855 sane
3233 1802 3316 1856 hie
3344 1801 3691 1870 injustidampm

524 1904 610 1950 est
635 1910 783 1966 ergo,
814 1908 933 1964 qum
970 1894 1165 1949 liberat
1191 1908 1220 1946 a
1247 1901 1487 1963 peccato,
1514 1902 1570 1947 et
1597 1891 1840 1946 veritatis
1875 1890 2099 1961 agnitio.

524 1982 743 2038 Certum
765 1993 848 2037 est
871 1990 1071 2048 autem,
1104 1981 1231 2052 quia
1254 1982 1433 2036 omnis
1470 1981 1561 2050 qui
1588 1980 1846 2035 liberatus
1883 1978 2047 2035 fuerit
2070 1994 2103 2034 a

525 2083 766 2145 peccato,
790 2071 1015 2141 iustitia:
1042 2072 1264 2127 serviat.
1292 2072 1444 2139 Quod
1475 2080 1654 2125 autem
1681 2070 1927 2135 dicimus,
1946 2069 2110 2141 justi-

528 2168 615 2223 tim
653 2168 873 2231 serviat,
920 2166 1174 2236 quoniam
1195 2163 1403 2232 justiti:
1460 2180 1565 2219 una
1599 2172 1684 2219 est
1727 2179 1795 2218 ex
1846 2163 2104 2217 virtutum

528 2261 713 2321 choro,
744 2257 919 2313 simile
945 2267 1027 2313 est
1074 2272 1139 2312 ac
1164 2257 1207 2312 si
1237 2257 1565 2320 diceremus,
1596 2256 1722 2325 quia
1744 2254 1788 2309 si
1819 2254 1942 2324 quis
1966 2253 2106 2309 libe-

529 2358 679 2404 ratus
705 2358 787 2404 est
809 2364 838 2403 a
854 2357 1097 2419 peccato,
1116 2348 1315 2404 serviet
1344 2348 1579 2412 veritati,
1595 2355 1651 2400 et
1671 2354 1870 2402 serviet
1891 2346 2108 2415 sapien-

529 2439 649 2505 tiae,
679 2448 733 2494 et
761 2440 962 2494 serviet
999 2440 1306 2510 pudicitiae,
1347 2448 1401 2493 et
1444 2439 1643 2493 serviet
1666 2438 1872 2508 pietati.
1904 2436 2110 2491 Huma-

527 2545 652 2583 num
677 2530 793 2584 dico
822 2539 1031 2601 propter
1052 2528 1412 2598 inﬁrmitatem
1441 2529 1614 2582 carnis
1636 2537 1837 2583 vestrm.
1870 2526 2106 2599 (Anter

527 2621 665 2676 Dum
718 2621 1082 2675 iulirmitatem
1134 2621 1313 2676 carnis
1357 2628 1650 2686 memorat,
1683 2620 1861 2674 minus
1916 2634 1974 2675 se
2026 2619 2106 2674 si-

527 2710 744 2780 gniﬁcat
771 2711 986 2782 exigere
1014 2712 1082 2765 ab
1104 2712 1343 2775 homine,
1375 2726 1539 2781 quam
1563 2710 1785 2780 dignum
1818 2719 1924 2777 est,
1960 2711 2109 2766 circa

528 2800 623 2857 Dei
690 2801 975 2857 culturam.
1029 2801 1268 2870 Denique
1317 2800 1648 2856 subiufertur
1690 2819 1702 2855 :
1766 2799 1914 2856 Sicut
1968 2803 2107 2855 enim

526 2893 832 2948 exhibuistis
861 2892 1090 2946 membra
1116 2901 1281 2946 vestra
1310 2892 1501 2946 servire
1537 2891 1885 2945 immunditiaz
1920 2900 1968 2945 et
2006 2890 2109 2944 iui-

525 2985 716 3056 quitati
766 2984 835 3038 ad
877 2984 1202 3056 iniquitatem
1238 2997 1258 3036 :
1305 2985 1382 3038 ita
1419 3001 1557 3039 nunc
1607 2985 1839 3040 exhibete
1877 2984 2107 3038 membra

2200 1888 2457 1947 omnibus
2499 1888 2659 1944 simul
2703 1890 2994 1945 virtutibus
3044 1892 3362 1954 nominasse.
3418 1892 3538 1946 sicut
3572 1907 3692 1947 €008-

2207 1980 2376 2035 trario
2407 1980 2745 2049 iniquitatem
2768 1996 2868 2050 pro
2888 1981 3142 2037 omnibus
3162 1983 3317 2037 simul
3338 1984 3467 2037 vitiis
3494 1983 3692 2052 posuisse.

2204 2070 2427 2125 Addidit
2439 2071 2829 2141 sane,justiti;e
2851 2074 2904 2125 in
2930 2073 3421 2137 sanctiticationem,
3434 2071 3697 2143 quodvich-

2206 2169 2295 2216 eet
2315 2161 2583 2216 castitatis
2595 2171 2801 2231 partem
2819 2173 2875 2217 ct
2888 2165 3214 2234 generaliter
3238 2181 3351 2221 cum
3372 2167 3568 2228 ceteris,
3583 2174 3699 2231 etpcr

2207 2253 2550 2322 semetipsum
2593 2255 2900 2323 specialiter
2942 2263 3356 2314 commeniarct.
3398 2258 3491 2314 Sed
3528 2267 3573 2313 et
3606 2258 3699 2310 illud

2207 2343 2408 2413 aSpice,
2436 2344 2580 2412 quod
2603 2345 2800 2413 ubique
2839 2362 2937 2416 per
2966 2346 3081 2402 haec
3108 2348 3320 2402 arbitrii
3360 2348 3614 2402 libertatem
3637 2346 3702 2398 ds-

2206 2432 2402 2503 signat,
2434 2442 2489 2488 et
2525 2435 2761 2490 ostendit
2786 2450 3228 2507 unumquemque
3253 2438 3440 2492 habere
3462 2437 3507 2490 in
3537 2450 3612 2490 sua
3634 2447 3700 2502 po-

2208 2532 2424 2590 testate,
2466 2534 2525 2579 ut
2551 2543 2672 2596 qua:
2697 2536 2822 2582 ante
2858 2528 3129 2598 iniquitati
3160 2531 3226 2584 ad
3264 2529 3562 2599 iniquitatem
3581 2524 3704 2582 servi-

2207 2615 2283 2670 tia
2313 2617 2669 2686 dependebat,
2698 2617 2830 2681 lure,
2866 2634 3130 2677 converso
3165 2622 3219 2676 in
3259 2621 3437 2675 melius
3471 2618 3699 2690 proposito.

2201 2706 2427 2776 iustitiae
2490 2710 3013 2782 sanctiﬁcatiouique
3075 2714 3365 2784 dependat,
3406 2714 3528 2784 quod
3566 2711 3703 2778 utique

2210 2797 2327 2853 tieri
2363 2813 2471 2853 non
2508 2807 2710 2869 posset,
2750 2800 2796 2856 si
2833 2810 2928 2856 aut
2957 2812 3178 2870 natura,
3211 2813 3270 2859 ut
3295 2805 3577 2875 quibusdam
3596 2801 3702 2854 vicie-

2210 2898 2323 2954 tur,
2349 2899 2691 2960 repugnaret,
2719 2901 2821 2946 aut.
2835 2901 3104 2948 astrorum
3133 2911 3327 2951 cursus
3352 2895 3616 2951 obsistemt.

2279 2980 2411 3034 Cum
2430 2983 2567 3035 enim
2593 2983 2725 3037 servi
2745 2985 2924 3038 essetis
2944 2986 3169 3055 peccati,
3201 2985 3345 3041 liberi
3363 2986 3505 3040 eratis
3518 2984 3706 3054 justitia.

2215 3069 2449 3143 (Ambr.)
2470 3071 2813 3129 Manifestum
2840 3084 2943 3140 est,
2970 3077 3093 3145 quia
3111 3078 3210 3146 qui
3234 3077 3367 3134 liber
3389 3087 3465 3134 est
3485 3092 3512 3131 a
3533 3076 3635 3138 Deo,
3652 3081 3711 3127 est

528 3087 695 3133 vestra
751 3078 944 3132 servire
978 3077 1202 3147 justitia:
1256 3078 1313 3130 in
1364 3078 1851 3146 sanctiﬁcationem.
1896 3076 1970 3132 Ut
2008 3092 2104 3133 oe-
2139 3123 2185 3187 ε

882 3167 1033 3187 _-._._
1117 3165 1351 3187 ---ι-η--.
1423 3168 1628 3187 .ε----ε-
1701 3166 1986 3187 ---μην
2045 3166 2109 3187 ,ι

533 3168 825 3242 casionemA
882 3167 1037 3221 nobis
1115 3165 1355 3222 auferret
1423 3168 1635 3222 timoris
1697 3166 1988 3237 accedendi
2043 3166 2111 3221 ad
2139 3165 2185 3187 “
2217 3176 2407 3217 servus
2447 3166 2654 3233 peccati
2684 3182 2697 3218 :
2733 3166 2858 3221 dum
2891 3175 3080 3236 peccat
3099 3169 3275 3235 enim,
3301 3170 3489 3224 recedit
3513 3183 3540 3221 a
3561 3168 3711 3227 Deo,et

531 3259 734 3320 ﬁdem,
794 3257 919 3326 quia
975 3256 1130 3326 quasi
1182 3256 1540 3326 importabilis
1600 3257 1756 3312 nobis
1814 3265 1889 3312 et.
1920 3271 2111 3326 aspera
2218 3252 2280 3308 ﬁt
2322 3255 2422 3309 sub
2468 3265 2714 3324 peccato.
2747 3257 2931 3331 (Aug.)
2977 3259 3211 3317 Liberos
3261 3261 3387 3317 dicit
3405 3246 3713 3329 justitiam

539 3346 833 3409 videretur,
864 3358 927 3399 ea
974 3359 1229 3399 mensura
1271 3359 1371 3399 nos
1419 3345 1622 3400 servire
1668 3345 1778 3400 Deo
1814 3346 2109 3415 praecepit,
2216 3343 2493 3411 liberatos,
2522 3362 2551 3401 a
2579 3358 2806 3417 peccato
2851 3360 3030 3406 autem
3058 3368 3171 3407 non
3200 3352 3415 3418 liberos,
3454 3368 3514 3406 ne
3538 3350 3619 3406 sibi
3642 3349 3714 3402 hoc

531 3451 637 3506 qua
710 3437 862 3506 prius
928 3434 1321 3489 famulabamur
1383 3434 1596 3490 diabolo
1647 3449 1662 3488 :
1725 3450 1848 3490 cum
1929 3437 2112 3506 utique
2217 3436 2545 3505 tribuerent;
2575 3441 2671 3495 sed
2695 3442 3108 3513 vigilantissime
3145 3446 3338 3501 maluit
3382 3446 3543 3502 dicere
3568 3442 3712 3498 liben-

529 3527 846 3596 propensius
866 3525 1085 3580 deberet
1121 3524 1312 3581 serviri
1341 3525 1450 3580 Deo
1469 3540 1631 3595 quam
1653 3526 1891 3592 diabolo,
1915 3529 2111 3599 quippe
2214 3536 2319 3591 tos,
2352 3528 2596 3586 referens
2623 3533 2726 3588 hoc
2776 3534 2843 3588 ad
2878 3534 3024 3589 illam
3072 3534 3293 3591 Domini
3340 3536 3618 3593 sententiam
3641 3546 3653 3583 :
3674 3528 3714 3584 Si

528 3632 652 3671 cum
684 3617 772 3671 hic
818 3617 999 3682 salus,
1048 3616 1157 3671 illic
1195 3617 1471 3671 damnatio
1523 3627 1819 3687 operetur;
1871 3620 2110 3675 medicus
2214 3633 2300 3671 vos
2356 3616 2533 3674 Filius
2566 3620 2881 3690 liberaverit,
2916 3634 3041 3678 tunc
3066 3642 3187 3680 vere
3216 3626 3368 3682 liberi
3416 3628 3546 3682 eritis
3579 3621 3733 3693 (1m,

531 3716 709 3762 tamen
733 3706 992 3777 spiritalis
1021 3721 1127 3760 non
1151 3704 1272 3776 plus
1300 3722 1331 3760 a
1356 3706 1514 3761 nobis
1540 3707 1728 3777 exigit,
1747 3708 1952 3763 nedum
1978 3724 2111 3778 βηθ-
2213 3706 2331 3780 vn).
2379 3708 2563 3765 Liberi
2611 3727 2742 3783 ergo
2772 3728 2803 3767 a
2827 3713 3042 3782 iustitia
3070 3731 3185 3771 non
3237 3729 3379 3781 sunt,
3427 3717 3520 3772 nisi
3549 3712 3719 3769 arbitrio

531 3807 685 3869 cepta
727 3799 882 3868 quasi
938 3799 1121 3869 gravia
1176 3798 1484 3870 fugeremus
1533 3802 1926 3871 perpendentes
1970 3804 2114 3858 inﬁr-
2212 3798 2467 3867 liberati;
2507 3803 2664 3858 liberi
2724 3814 2905 3860 autem
2958 3820 2990 3860 a
3037 3817 3267 3876 peccato
3319 3824 3422 3865 non
3475 3809 3607 3869 lium,
3644 3800 3719 3856 nisi

530 3890 774 3943 unitatem
824 3898 1097 3952 nostram,
1150 3905 1493 3946 maneremus
1549 3892 1602 3946 in
1657 3903 1849 3948 morte.
1912 3895 2107 3950 Eorum
2211 3890 2389 3961 gratia
2433 3892 2731 3950 Salvatoris
2768 3904 2990 3966 propter
3032 3901 3183 3967 quod
3235 3899 3550 3955 admirabilis
3580 3896 3719 3951 docuit

527 3979 716 4050 procul
753 3978 917 4034 dubio
970 3979 1270 4034 inﬁrmitati
1332 3982 1577 4050 corporis
1624 3984 2106 4052 condescenditur,
2217 3980 2384 4035 etiam
2432 3984 2596 4039 verba
2634 3985 2749 4055 ipsa
2774 3984 3051 4043 discrevit.
3083 3987 3290 4062 (Orig.)
3343 3989 3465 4045 Cum
3484 3988 3601 4043 enim
3623 3980 3719 4038 δετεί

523 4084 593 4124 ac
615 4071 764 4126 sicis
811 4074 1053 4143 apertius
1079 4075 1370 4143 diceretur,
1404 4076 1461 4131 Si
1494 4093 1833 4149 nequaquam
1880 4082 2104 4151 amplius

2208 4072 2412 4132 essetis.
2428 4072 2619 4141 inquit,
2632 4075 2850 4140 peccati,
2873 4074 3023 4130 liberi
3043 4078 3224 4146 fuistis
3235 4080 3473 4149 justitiaz.
3495 4077 3608 4133 Cum
3628 4085 3720 4141 ergo

525 4163 770 4231 potestis,
802 4162 990 4218 saltem
1023 4164 1157 4221 tales
1185 4175 1357 4221 estote
1386 4167 1438 4221 in
1469 4166 1647 4223 fructu
1687 4170 1947 4225 bonorum
1977 4187 2107 4242 opc-
2212 4162 2337 4231 ouis
2364 4172 2588 4232 peccato
2611 4165 2799 4228 servit,
2817 4165 3039 4233 iustitia:
3068 4167 3211 4223 liber
3239 4177 3342 4235 csl,
3383 4170 3476 4223 hoc
3501 4158 3592 4230 ἀει»
3627 4162 3718 4215 πῖθ’

526 4267 666 4318 rum,
704 4252 892 4322 quales
927 4252 1105 4309 fuistis
1136 4255 1333 4309 dudum
1378 4256 1431 4311 in
1478 4258 1692 4313 actione
1734 4260 2011 4326 vitiorum,
2040 4277 2109 4318 ne
2209 4269 2310 4308 nus
2356 4270 2387 4308 a
2425 4254 2659 4325 inslilia-
2714 4256 2813 4311 llic
2857 4259 3001 4313 enim
3042 4259 3275 4317 liberum
3333 4262 3550 4317 alienum
3602 4254 3714 4313 dic“.

525 4342 815 4399 debiliores
843 4359 936 4398 vos
967 4343 1162 4399 habeat
1189 4354 1377 4401 sancta
1408 4345 1631 4401 libertas
1661 4349 1715 4402 in
1748 4348 1920 4415 bouis,
1969 4366 2107 4421 quos
2208 4353 2264 4399 el
2290 4354 2435 4401 recte
2460 4346 2699 4414 quidem.
2725 4346 2894 4402 Nemo
2911 4349 3055 4404 enim
3092 4359 3271 4420 potest
3292 4351 3506 4421 iustitiae
3532 4346 3660 4404 simul
3679 4350 3718 4397 ει

527 4434 584 4489 in
622 4448 786 4489 carne
832 4435 1038 4490 validos
1090 4435 1278 4490 habuit
1328 4453 1459 4493 usus
1508 4446 1740 4494 terrena:
1787 4439 2100 4495 voluntatis.

527 4520 726 4595 (θήρ.)
749 4523 887 4589 Quid
916 4539 1047 4595 ergo
1085 4532 1194 4580 tam
1233 4527 1547 4592 humanum,
1579 4529 1681 4584 hoc
1706 4536 1809 4594 est,
1840 4530 1966 4599 quid
1996 4539 2102 4586 tam

526 4614 665 4680 leve,
679 4617 809 4686 quid
834 4623 943 4670 tam
960 4617 1076 4671 sine
1094 4632 1277 4681 onere,
1302 4619 1518 4689 etquod
1538 4621 1681 4675 nulla
1694 4636 1917 4692 prorsus
1936 4624 2106 4693 possit

526 4710 709 4766 carnis
735 4708 1023 4764 inﬁrmitas
1044 4712 1336 4766 excusare?
1371 4711 1543 4779 Sicut,
1576 4713 1771 4784 inquit,
1797 4716 2107 4772 exhibuistis

526 4804 756 4859 membra
769 4812 939 4858 vestra
953 4804 1084 4858 serui
1090 4820 1142 4857 re
1155 4804 1420 4873 iniquitati
1430 4806 1499 4859 ad
1513 4807 1862 4877 iniquitatem;
1878 4812 1952 4865 ita
1968 4829 2105 4866 nunc

525 4896 759 4952 exhibete
774 4893 1005 4951 membra
1031 4904 1198 4949 vestra
1220 4896 1357 4949 serui
1360 4912 1410 4950 re
1416 4896 1640 4966 justitiw
1659 4898 1715 4951 in
1733 4900 2107 4968 sanctiﬁcatio-

527 5009 664 5049 nem.
680 4991 1032 5063 ingloriosum
1044 4989 1258 5060 quidem
1272 4987 1533 5062 est,utita
1547 4991 1668 5059 quis
1680 4992 1988 5057 virtutibus,
2005 4994 2106 5051 sic-

525 5092 586 5139 ut
602 5083 744 5138 vitiis
759 5082 978 5137 serviat.
995 5080 1158 5137 Multo
1178 5081 1321 5136 enim
1345 5081 1574 5151 amplius
1591 5090 1646 5137 et
1667 5084 1831 5139 multo
1851 5087 2105 5142 intentius

525 5172 840 5228 honoranda
881 5172 1094 5243 justitia
1125 5180 1227 5228 est.
1267 5171 1373 5228 Sed
1397 5188 1520 5243 ego,
1564 5174 1757 5244 inquit,
1790 5177 2021 5233 humane
2049 5187 2105 5234 et

526 5264 885 5322 cutttmuniter
928 5278 1045 5332 ago,
1102 5263 1290 5317 eadem
1336 5264 1566 5332 postulo,
1618 5265 1815 5320 similia
1864 5268 2101 5337 requiro.

531 5354 735 5411 Dudum
758 5355 1051 5411 currebant
1075 5355 1237 5425 pedes
1255 5356 1420 5408 vestri
1454 5357 1520 5409 ad
1544 5357 1845 5411 dazmouum
1871 5359 2099 5428 templa;

524 5459 667 5502 nunc
698 5453 1024 5501 concurrant
1051 5445 1117 5499 ad
1148 5444 1441 5499 Ecclesium
1481 5443 1597 5500 Dei.
1624 5445 1928 5502 Currebaut
1952 5450 2104 5518 prius

524 5537 592 5590 ad
636 5536 1046 5603 eﬂ'undendum;
1096 5553 1237 5592 nunc
1287 5537 1353 5591 ad
1402 5537 1737 5594 liberandum
1786 5542 2101 5610 sanguinem

524 5637 767 5679 currant.
805 5625 1271 5683 Protendebantur
1300 5628 1450 5697 prius
1504 5644 1696 5684 manus
1731 5640 1791 5684 ut
1817 5631 1989 5686 aliena
2018 5633 2100 5687 di-

523 5714 783 5786 riperent,
808 5730 954 5771 nunc
983 5717 1375 5787 protenduntur
1427 5726 1485 5771 ut
1524 5718 1741 5789 propria
1785 5719 2097 5793 largiantur.

2209 4443 2428 4503 peccato
2444 4437 2666 4500 servire,
2678 4437 2819 4493 sicut
2858 4446 2913 4493 et
2934 4438 3187 4495 Salvator
3206 4443 3365 4508 dixit,
3385 4443 3501 4514 quia
3523 4456 3642 4495 nemo
3657 4452 3721 4505 pe

2213 4534 2308 4579 test
2347 4526 2549 4580 duobus
2575 4526 2801 4581 dominis
2833 4531 3024 4584 servire
3068 4531 3293 4603 (Matth.
3333 4534 3427 4604 vi).
3453 4533 3548 4588 Sed
3577 4529 3631 4582 de
3654 4525 3715 4580 Itis

2211 4616 2423 4687 plenius
2443 4633 2602 4688 supra
2628 4618 2881 4675 diximus.
2905 4620 3039 4678 Illud
3058 4639 3193 4681 sane
3222 4626 3509 4682 notandqu
3528 4632 3613 4683 est.
3632 4631 3718 4673 esse

2212 4709 2516 4766 libertatem
2569 4712 2925 4784 culpabilem,
2978 4726 3034 4774 et
3079 4717 3403 4774 laudabilem
3450 4716 3718 4772 servitutem.

2211 4801 2346 4856 Nam
2371 4802 2597 4859 liberum
2627 4821 2750 4863 esse
2766 4808 2991 4877 iustitia:
3023 4809 3229 4865 crimen
3254 4820 3341 4865 est
3368 4822 3598 4864 :servum
3626 4814 3720 4856 vent

2211 4908 2330 4950 esse
2385 4895 2671 4953 laudabile.
2718 4899 2870 4966 Quod
2909 4911 3088 4956 autem
3132 4901 3270 4956 dicit
3304 4899 3521 4969 justitizr
3557 4906 3719 4950 senum

2208 4984 2349 5050 ﬂeri,
2381 4987 2539 5042 simul
2570 4989 2804 5058 intellige
2831 4999 2885 5044 et
2915 4992 3211 5061 sapientiae,
3239 5000 3297 5046 et
3322 4989 3518 5061 pietati.
3546 4996 3592 5042 et
3611 4978 3722 5052 ptuli

2208 5078 2371 5144 citis),
2401 5087 2457 5134 et
2501 5082 2751 5135 omnibus
2795 5098 2903 5135 una
2928 5083 3242 5147 virtutibus,
3289 5082 3430 5136 sicut
3457 5071 3721 5134 ccoutrariO.

2208 5170 2300 5241 qui
2331 5179 2539 5241 peccat,
2570 5187 2761 5227 servus
2789 5183 2875 5227 est
2900 5173 3056 5228 simul
3093 5184 3146 5228 et
3192 5169 3620 5244 concupiscentia
3641 5178 3725 5217 nu-

2208 5259 2295 5326 lte,
2343 5270 2398 5316 et
2425 5262 2538 5327 irae,
2585 5270 2642 5315 et
2686 5261 2908 5329 furoris,
2954 5274 3012 5319 et
3049 5264 3422 5334 impudicitim,
3459 5271 3511 5315 et
3549 5257 3723 5327 rapitur.

2208 5360 2265 5408 et
2294 5353 2544 5408 omnibus
2582 5353 2740 5408 simul
2778 5355 2923 5409 vitiis
2960 5370 3023 5409 ac
3073 5355 3373 5411 sceleribus
3411 5351 3583 5409 servit.
3610 5342 3724 5402 Unde

2204 5447 2562 5517 nosmetipsos
2603 5462 2818 5517 semper
2843 5448 3111 5503 discutere
3155 5447 3419 5502 debemus
3451 5460 3540 5515 per
3563 5435 3723 5507 singula

2204 5554 2429 5609 qumque
2450 5555 2568 5609 quae
2586 5540 2844 5611 gerimus,
2872 5552 2929 5595 et
2954 5541 3007 5595 in
3029 5555 3355 5610 unoquoque
3382 5546 3502 5593 actu
3528 5528 3723 5587 ctntsidc-

2205 5646 2327 5685 rare
2364 5630 2579 5685 cuinam
2622 5631 2943 5691 serviamus.
2986 5640 3280 5702 peccatone
3325 5632 3391 5686 ad
3418 5624 3725 5697 iniquitatem.

2205 5737 2274 5775 an
2304 5719 2526 5790 iustitia:
2557 5722 2608 5777 in
2633 5723 3116 5780 sanctiﬁcationem
