3998 6202
337 393 476 451 “05

861 389 1408 449 ENARRATIONUM
1440 390 1513 448 1N
1548 393 1695 449 EPP.
1735 393 1937 451 PAULI
1976 394 2105 451 LIB.
2144 394 2233 451 IV.
2276 426 2343 438 --
2376 396 2445 452 ιΝ
2485 396 2700 453 EPIST.
2735 397 2826 453 AD
2856 398 3021 456 ROM.

3458 405 3477 459 l
3489 405 3603 463 ωσι

405 509 573 577 Quem
597 522 718 578 ergo
751 505 980 578 fructum
1003 505 1261 561 habuistis
1283 516 1407 561 tunc
1443 508 1498 563 in
1520 507 1611 573 iis,
1633 508 1688 563 in
1718 507 1906 578 quibus
1936 512 1981 573 Α
2009 509 2220 576 scribit,
2263 510 2465 567 habetis
2499 512 2730 581 fructum
2772 522 3001 567 uestrum
3037 530 3091 568 in
3138 516 3589 588 sanctificatione;

333 619 474 660 nunc
519 599 859 657 erubescitis?
906 597 1048 652 Nam
1071 597 1196 668 ﬁnis
1227 598 1437 653 illorum
1467 616 1610 655 mors
1646 610 1743 655 est.
1777 599 1912 654 Fru-

331 704 479 750 ctum
525 699 581 749 et
630 692 894 746 bonorum
953 697 1009 745 et
1069 688 1333 743 malorum
1384 705 1506 745 esse
1552 689 1710 746 docet
1765 691 1912 747 Scri-

328 796 487 858 ptura
510 784 713 849 divina,
745 790 805 836 ut
845 782 960 852 ipse
1003 779 1254 836 Salvator
1280 782 1334 837 in
1390 783 1695 854 Evangeliis
1735 784 1906 839 dicit:

329 878 433 932 Aut
456 876 617 946 facite
643 874 881 928 arborem
916 874 1125 938 bonam,
1169 883 1218 928 et
1257 874 1485 944 fructum
1523 877 1638 946 ejus
1682 878 1910 942 bonum;

328 975 419 1020 aut
447 965 605 1035 facite
632 962 871 1018 arborem
915 962 1134 1027 malam,
1170 972 1217 1017 et
1256 965 1486 1034 fructum
1519 965 1633 1034 ejus
1668 967 1865 1020 malum
1890 983 1909 1022 :

329 1072 434 1111 non
462 1063 627 1126 potest
653 1053 809 1107 arbor
837 1056 972 1108 bona
1011 1055 1241 1125 fructum
1275 1054 1474 1109 malum
1532 1057 1725 1126 facere,
1750 1075 1913 1129 neque

328 1147 488 1202 arbor
522 1144 666 1200 mala
704 1145 931 1215 fructum
988 1146 1176 1202 bonum
1214 1148 1384 1218 facere
1429 1148 1646 1221 (Matth.
1704 1151 1821 1220 vn).
1853 1151 1910 1205 ln

328 1235 524 1306 quibus
553 1235 885 1307 propositum
916 1244 970 1290 et
1027 1236 1278 1292 voluntas
1324 1238 1562 1294 hominis
1589 1240 1753 1294 arbor
1805 1240 1909 1295 dici

326 1324 543 1381 videtur
568 1325 651 1381 vel
672 1326 835 1391 bona,
865 1325 948 1380 vel
973 1326 1143 1390 mala,
1173 1325 1381 1382 frttctus
1407 1344 1538 1383 vero
1575 1329 1692 1400 ejus
1721 1345 1905 1399 opera.

327 1417 385 1475 Si
406 1419 531 1490 quis
555 1418 720 1491 igitur
738 1423 1020 1473 convertat
1046 1419 1254 1473 animos
1278 1427 1333 1473 et
1354 1420 1690 1490 propositum
1714 1421 1780 1475 ad
1796 1421 1914 1490 jus-

328 1509 526 1575 titiam,
556 1509 828 1564 erubescit
847 1508 965 1563 sine
998 1508 1159 1564 dubio
1185 1518 1232 1563 et
1266 1509 1379 1578 ipse
1403 1523 1461 1564 se
1493 1518 1645 1564 notat
1674 1509 1741 1565 de
1763 1509 1909 1581 prio-

328 1601 480 1656 ribus
500 1600 665 1672 gestis
691 1615 811 1670 quaa
846 1600 958 1671 egit
986 1599 1196 1670 positus
1245 1600 1344 1654 sub
1373 1608 1615 1670 peccato,
1645 1600 1771 1670 quia
1791 1601 1912 1670 ﬁnis

326 1692 540 1746 illorum
560 1707 698 1746 mors
726 1701 821 1757 est,
839 1690 934 1746 sed
959 1691 1198 1759 requiro,
1222 1706 1342 1760 quae
1368 1691 1549 1744 mors?
1565 1689 1787 1746 Certum
1807 1700 1909 1758 est,

325 1784 452 1855 quia
476 1799 581 1838 non
605 1784 705 1838 ista
727 1782 1059 1837 communis:
1079 1796 1182 1836 non
1207 1781 1351 1836 enim
1385 1781 1507 1850 quis
1532 1790 1658 1851 post
1679 1791 1908 1836 mortem

326 1867 664 1930 convertitur
705 1872 773 1927 ad
802 1870 1093 1940 justitiam,
1123 1871 1208 1926 vel
1234 1887 1333 1943 pro
1366 1872 1505 1927 male
1525 1873 1692 1942 gestis
1722 1880 1911 1942 praete-
1945 1859 1987 1916 Β

328 1964 451 2020 ritis
481 1962 789 2019 erubescit?
817 1963 945 2033 quid
999 1977 1128 2033 ergo
1152 1964 1272 2018 est?
1300 1963 1672 2032 nunquidnam
1706 1963 1913 2034 peccati

327 2061 561 2109 mortem
597 2054 777 2110 dicere
806 2053 1051 2108 videtur?
1080 2054 1337 2123 quoniam
1377 2053 1554 2108 anima
1589 2070 1706 2124 qua:
1739 2063 1915 2124 peccat

325 2151 440 2221 ipsa
469 2148 720 2203 morietur
764 2146 982 2220 (Ezech.
1025 2145 1227 2217 xvm)?
1263 2162 1330 2200 an
1358 2145 1486 2201 illud
1531 2146 1702 2216 magis
1737 2154 1917 2215 potest

326 2237 577 2309 intelligi,
603 2237 746 2307 quod
780 2237 939 2292 istam
961 2244 1191 2291 mortem
1213 2235 1379 2301 dicat,
1413 2250 1519 2305 qua
1546 2251 1670 2291 cum
1695 2236 1914 2291 Christo

324 2327 563 2400 peccatis
577 2326 859 2392 morimur,
876 2333 931 2381 et
947 2325 1094 2381 vitiis
1117 2340 1181 2382 ac
1196 2326 1491 2381 sceleribus
1514 2325 1674 2380 ﬁnem
1698 2326 1909 2393 damus,

325 2428 386 2474 ut
409 2416 696 2489 Apostolus
720 2417 837 2472 hazc
859 2415 1060 2471 dixisse
1086 2415 1352 2479 videatur,
1386 2415 1511 2485 quia
1538 2415 1660 2484 finis
1700 2414 1913 2469 illorum

324 2527 466 2568 mors
487 2521 561 2565 est
577 2510 603 2562 ?
621 2509 854 2582 (Ambr.)
880 2509 1068 2564 Finem
1089 2508 1227 2563 dixit
1249 2509 1452 2563 exitum
1474 2509 1600 2563 vitae
1620 2517 1675 2563 et
1695 2516 1911 2564 actuum

320 2599 412 2656 cui
438 2610 532 2655 aut
563 2615 741 2664 mors,
783 2607 878 2654 aut
902 2599 1011 2654 vita
1054 2599 1312 2655 succedit.
1354 2598 1461 2654 Sed
1499 2600 1601 2653 hoc
1626 2598 1744 2654 loco
1766 2612 1912 2653 mors

323 2690 540 2761 duplex,
567 2706 597 2744 a
623 2697 798 2745 morte
829 2690 974 2745 enim
1005 2689 1074 2745 ad
1101 2698 1327 2747 mortem
1357 2689 1640 2744 transitur.

397 2783 558 2837 Nunc
609 2798 729 2837 vero
769 2782 976 2836 liberati
1032 2800 1063 2836 a
1104 2791 1336 2853 peccato,
1389 2782 1525 2836 servi
1565 2790 1740 2834 autem
1780 2779 1910 2849 facti

327 2871 458 2938 Deo,
509 2872 709 2927 habetis
757 2873 987 2943 fructum
1039 2883 1261 2928 vestrum
1310 2874 1364 2926 in
1409 2872 1907 2941 sanctiﬁcationem,

321 2962 481 3031 ﬁnem
519 2979 636 3017 vero
662 2963 818 3017 vitam
846 2973 1114 3018 wternam.
1165 2963 1278 3019 Hoc
1326 2970 1433 3027 est,
1462 2962 1506 3016 si
1552 2973 1772 3032 accepta
1824 2976 1906 3016 re-

323 3052 583 3107 missione
622 3060 992 3121 peccatorum,
1034 3052 1294 3106 bonorum
1329 3059 1546 3106 actuum
1579 3050 1757 3106 aemuli
1793 3050 1906 3104 fue-

321 3143 517 3210 rimus,
557 3142 905 3214 acquiremus
943 3143 1309 3208 sanctitatem,
1352 3141 1515 3197 ﬁnem
1561 3157 1692 3196 vero
1738 3141 1904 3196 babe-

323 3233 525 3298 bimus,
563 3233 618 3288 id
657 3242 761 3299 est,
799 3234 1026 3299 exitum,
1057 3234 1221 3287 vitam
1256 3241 1607 3303 perpetuam;
1647 3248 1677 3286 a
1729 3242 1904 3289 morte
1934 3218 1977 3279 Ο

323 3323 474 3377 enim
523 3312 658 3388 hinc,
692 3336 854 3392 quam
882 3322 1045 3377 ﬁnem
1094 3322 1259 3389 dixit,
1312 3323 1660 3377 transibimus
1709 3324 1777 3378 ad
1827 3324 1907 3377 vi-

327 3423 438 3469 tam
493 3430 612 3485 quae
660 3416 777 3470 sine
831 3415 937 3470 line
977 3424 1079 3470 est.
1138 3414 1320 3486 (Aug.)
1361 3415 1516 3469 Hunc
1567 3415 1618 3468 iu
1667 3414 1906 3470 sanctiﬁ-

321 3506 543 3563 catione
589 3505 846 3572 fructum,
896 3506 988 3577 qui
1028 3505 1234 3560 fruetus
1289 3507 1472 3576 procul
1513 3506 1676 3560 dubio
1719 3507 1902 3561 chari-

324 3608 412 3653 tas
439 3607 523 3653 est
571 3595 945 3668 atque‘opera
983 3598 1101 3668 ejus
1149 3597 1291 3652 nullo
1332 3598 1491 3653 modo
1530 3598 1729 3653 habere
1779 3614 1909 3667 pos-

323 3707 515 3747 sumus
540 3707 571 3746 a
598 3692 776 3757 nobis,
809 3691 905 3746 sed
933 3690 1197 3745 habemus
1228 3705 1328 3760 per
1363 3688 1627 3759 Spiritum
1659 3698 1905 3744 sanctum

325 3784 421 3855 qui
471 3784 628 3839 datus
665 3792 747 3838 est
783 3783 976 3848 nobis;
1012 3785 1077 3838 de
1118 3784 1235 3852 ipso
1264 3782 1461 3852 quippe
1504 3781 1677 3835 t'ructu
1723 3781 1909 3850 loque-

325 3877 490 3931 batur
512 3877 766 3946 magister
795 3875 960 3941 Deus,
1012 3876 1227 3942 quando
1257 3873 1570 3943 palmitibus
1598 3872 1651 3926 in
1692 3888 1753 3926 sc
1793 3888 1909 3927 ma-

328 3969 583 4025 nentibus
628 3970 838 4024 dicebat
889 3985 902 4021 :
954 3966 1081 4023 Sine
1140 3984 1221 4021 me
1277 3964 1407 4019 nihil
1473 3965 1682 4035 potestis
1737 3963 1909 4033 facere

326 4059 513 4130 (JOan.
541 4058 650 4132 xv).
684 4058 1018 4123 —Habetis,
1062 4059 1254 4127 inquit,
1294 4056 1520 4125 fructum
1563 4065 1807 4120 vestrum,
1854 4054 1909 4109 in

328 4146 768 4215 sanctiﬁcatione,
812 4147 969 4215 ﬁnem
1016 4162 1134 4200 vero
1179 4145 1335 4200 vitam
1382 4156 1651 4199 wternam.
1706 4141 1906 4216 (Orig.)

330 4234 566 4292 Fructus
600 4236 866 4291 fructibus
895 4244 1175 4306 comparat
1211 4243 1266 4290 et
1299 4235 1504 4306 peccati
1542 4234 1761 4305 quidem
1798 4231 1909 4287 fru-

329 4339 457 4387 etus
479 4344 578 4400 pro
600 4328 795 4399 quibus
816 4343 977 4392 nunc,
1005 4328 1108 4382 hoc
1136 4334 1239 4391 est,
1269 4334 1456 4396 postea
1506 4340 1668 4395 quam
1694 4324 1909 4380 liberati

334 4438 368 4478 a
389 4430 610 4493 peccato
635 4429 691 4476 et
716 4419 854 4476 servi
878 4418 1007 4474 tacti
1035 4419 1165 4482 Deo,
1196 4416 1369 4472 sancti
1398 4416 1748 4480 erubescunt,
1788 4430 1910 4486 pro-

331 4511 546 4567 nuntiat
581 4518 753 4565 morte
783 4508 953 4573 ﬁniri;
999 4507 1205 4562 fructus
1242 4522 1371 4561 vero
1394 4505 1617 4574 iustitiae
1649 4507 1742 4576 qui
1785 4516 1910 4561 sunt

334 4601 393 4657 in
428 4600 873 4665 sanctiﬁcatione,
913 4597 1073 4653 ﬁnem
1109 4599 1244 4653 dicit
1273 4598 1518 4668 accipere
1544 4598 1709 4655 vitam
1742 4607 1905 4654 mter-

331 4707 481 4749 uam.
514 4689 573 4745 lu
597 4706 702 4761 quo
745 4689 872 4745 illud
896 4689 1071 4759 primo
1110 4703 1214 4742 non
1240 4697 1325 4743 est
1348 4688 1722 4752 omittendum,
1765 4688 1909 4757 quod

333 4782 542 4838 fructus
579 4782 793 4852 quidem
827 4795 943 4845 eos,
978 4794 1075 4849 pro
1110 4779 1308 4850 quibus
1343 4794 1484 4834 nunc
1511 4780 1902 4846 erubescimus,

335 4873 391 4928 iu
424 4887 531 4942 quo
556 4871 686 4935 sint,
724 4869 896 4925 noluit
923 4869 1204 4923 nominare
1250 4886 1264 4922 :
1298 4883 1485 4922 eorum
1519 4883 1648 4923 vero
1675 4868 1906 4924 fructum

333 4961 428 5031 qui
488 4961 699 5016 liberati
739 4970 863 5015 sunt
911 4976 943 5014 a
995 4966 1249 5030 peccato,
1299 4967 1354 5014 et
1411 4958 1551 5013 servi
1608 4957 1737 5013 facti
1787 4968 1911 5014 sunt

336 5054 472 5119 Deo,
518 5053 649 5108 dicit
698 5068 819 5109 esse
861 5053 915 5107 in
962 5051 1430 5108 sanctiﬁcatione:
1458 5050 1722 5104 bonorum
1763 5048 1909 5103 enim

333 5143 674 5216 frequentius
715 5160 878 5214 quam
920 5144 1186 5199 malorum
1229 5141 1476 5197 habenda
1514 5140 1776 5195 memoria
1804 5149 1908 5195 est.

337 5237 450 5294 Sed
491 5246 547 5293 et
602 5236 729 5291 illud
770 5236 943 5292 adhuc
991 5235 1388 5291 observandum
1450 5242 1604 5303 puto,
1656 5232 1911 5301 quoniam

335 5329 680 5389 collationem
704 5329 939 5383 diximus
959 5326 1228 5383 fructuum
1253 5326 1515 5382 malorum
1537 5334 1592 5380 et
1638 5324 1911 5380 fructuum

336 5423 602 5477 bonorum
632 5418 826 5474 fecisse
872 5417 1208 5488 Apostolum,
1258 5417 1401 5487 quod
1449 5416 1521 5471 ibi
1552 5415 1770 5486 quidem
1815 5415 1905 5470 ubi

335 5512 408 5567 de
433 5510 590 5567 malis
618 5509 882 5565 fructibus
928 5508 1163 5574 dicebat,
1210 5523 1316 5564 non
1349 5507 1506 5573 dixit,
1547 5508 1777 5562 fructum
1822 5522 1912 5563 vc-

337 5610 516 5657 strum
559 5601 845 5667 habuistis,
896 5601 951 5655 in
978 5601 1173 5671 quibus
1228 5616 1371 5654 nunc
1419 5599 1760 5663 erubescitis.
1814 5600 1910 5655 sed

333 5694 478 5752 dixit
506 5712 521 5750 :
544 5711 696 5767 quem
730 5711 852 5767 ergo
878 5695 1104 5766 fructum
1126 5696 1423 5750 habuistis?
1447 5695 1536 5750 ubi
1562 5711 1692 5751 vero
1722 5696 1789 5752 de
1816 5698 1910 5752 bo-

338 5788 427 5847 uis
454 5782 719 5844 fructibus
759 5788 913 5855 dicit,
962 5788 1199 5843 additum
1229 5799 1311 5844 est
1354 5799 1614 5855 vestrum;
1657 5789 1735 5844 sic
1763 5789 1906 5844 enim

1939 4564 1988 4622 D

2011 616 2110 672 per
2145 601 2287 671 quod
2313 602 2553 657 indicare
2590 604 2721 659 mihi
2768 604 2986 659 videtur
3041 605 3184 674 quod
3218 606 3428 665 fruetus
3481 622 3597 660 ma-

2012 693 2113 757 lus,
2164 692 2374 748 fructus
2415 695 2811 750 erubescendus
2863 704 2918 750 et
2944 697 3308 765 pmnitendus,
3347 714 3452 754 non
3509 703 3596 753 est

2011 791 2198 838 uoster
2222 783 2468 850 fructus;
2499 800 2611 838 non
2641 786 2788 840 enim
2825 787 3018 841 malam
3044 788 3098 841 in
3138 788 3297 843 nobis
3339 790 3595 845 arborem

2012 874 2155 928 Deus
2201 873 2482 943 plantavit,
2514 889 2633 942 quae
2672 874 2842 929 malos
2878 875 3086 930 fructus
3120 877 3410 947 proferret,
3451 880 3596 935 sicut

2011 974 2069 1021 et
2094 966 2209 1036 ipse
2237 966 2367 1020 dicit
2387 980 2487 1037 per
2515 968 2832 1035 prophetam
2867 986 2880 1020 :
2917 967 3029 1038 Ego
3067 967 3300 1037 plantaui
3345 980 3394 1024 te
3438 972 3590 1024 vitem

2014 1058 2342 1128 fructifera»:
2391 1067 2658 1127 totamque
2685 1059 2940 1123 feracem,
2968 1061 3230 1128 quomodo
3270 1078 3515 1116 conversa
3542 1079 3597 1116 es

2010 1150 2066 1202 in
2093 1148 2495 1202 amaritudinem
2522 1148 2639 1202 ritis
2668 1149 2896 1203 alienis?
2935 1149 3070 1219 (Isa.
3102 1152 3179 1221 v.)
3211 1151 3442 1207 Fructus
3467 1167 3596 1221 ergo

2010 1240 2183 1295 malos
2205 1240 2418 1295 etiamsi
2446 1239 2739 1294 aiferamus
2779 1254 2882 1292 non
2918 1249 3045 1293 sunt
3065 1242 3255 1304 nostri,
3283 1242 3376 1296 sed
3406 1242 3592 1305 alieni,

2012 1330 2064 1385 id
2112 1339 2214 1396 est,
2254 1332 2460 1401 peccati
2498 1330 2746 1385 :i'ruetus
2783 1339 2964 1383 autem
3014 1330 3185 1385 bonos
3214 1331 3257 1384 si
3308 1331 3597 1387 aﬂeramus

2013 1419 2067 1474 in
2121 1421 2576 1486 sanctiﬁcatione,
2636 1421 2810 1476 nostri
2851 1428 2978 1476 sunt
3013 1419 3240 1476 fructus.
3284 1421 3419 1476 Istos
3451 1423 3595 1477 enim

2014 1508 2223 1565 fructus
2248 1519 2311 1563 ut
2335 1509 2554 1565 alferret
2604 1511 2835 1565 humana
2869 1518 3065 1565 natura
3093 1526 3124 1565 a
3168 1509 3463 1566 Conditore
3495 1525 3597 1566 suo

2013 1601 2296 1671 suscepit:
2330 1616 2455 1655 nam
2509 1601 2582 1656 illi
2634 1602 2795 1656 alieni
2849 1617 2958 1657 non
3007 1610 3136 1657 sunt
3183 1603 3236 1656 in
3293 1603 3451 1657 nobis
3503 1618 3594 1658 se-

2012 1692 2201 1747 minati
2225 1708 2255 1746 a
2281 1691 2428 1747 Deo:
2455 1692 2544 1746 ubi
2575 1707 2705 1748 vero
2738 1692 2869 1748 dicit
2892 1693 3057 1747 vitam
3085 1702 3343 1748 aeternam
3370 1694 3437 1747 ad
3465 1693 3594 1750 illud

2013 1784 2379 1852 aspiciendam
2437 1791 2553 1849 est,
2605 1785 2749 1855 quod
2805 1785 2919 1855 ipse
2969 1785 3219 1840 Salvator
3256 1787 3436 1841 dixit:
3470 1786 3601 1842 Hcce

2016 1881 2093 1927 est
2132 1875 2235 1927 vita
2265 1881 2461 1930 (eterna
2491 1882 2547 1927 ut
2591 1885 2908 1943 cognoscant
2948 1884 2998 1929 te
3035 1875 3203 1929 solum
3234 1892 3409 1929 verum
3430 1876 3599 1930 Deum

2018 1972 2067 2017 et
2131 1979 2284 2034 quem
2335 1962 2523 2017 misisti
2562 1963 2745 2017 Jesum
2786 1961 3050 2017 Christum
3097 1964 3281 2035 (Joan.
3328 1964 3487 2035 xvu).
3532 1964 3601 2021 Et

2018 2055 2214 2109 iterum
2244 2070 2254 2109 :
2282 2053 2396 2127 Ego
2431 2069 2549 2107 sum
2574 2055 2677 2118 ria,
2701 2055 2894 2109 veritas
2920 2065 2967 2109 et
2988 2057 3095 2123 vita
3134 2055 3315 2126 (Joan.
3344 2056 3490 2125 xxv);
3545 2064 3603 2111 et

2017 2144 2132 2213 ipse
2152 2143 2438 2214 Apostolus
2470 2144 2523 2199 in
2555 2144 2675 2199 aliis
2703 2145 2832 2199 dicit
2855 2144 2982 2213 quia
3008 2146 3276 2215 rapiemur
3298 2148 3352 2199 in
3375 2145 3601 2201 nubibus

2017 2235 2220 2289 obviam
2248 2232 2456 2289 Christo
2476 2237 2531 2289 in
2563 2246 2761 2302 aera,et
2781 2237 2857 2289 ita
2884 2252 3087 2307 semper
3107 2253 3223 2290 cum
3246 2235 3469 2289 Domino
3496 2236 3597 2289 eri-

2015 2341 2133 2379 mus
2177 2324 2231 2395 (I
2257 2323 2561 2397 Thcssnv).
2607 2323 2760 2380 Sicut
2792 2339 2922 2395 ergo
2956 2340 3170 2395 semper
3213 2340 3335 2381 cum
3370 2325 3599 2381 Domino

2016 2417 2179 2471 linem
2204 2431 2311 2470 non
2339 2414 2524 2482 habet,
2548 2416 2625 2470 ita
2652 2423 2708 2470 et
2734 2415 2844 2470 vita
2865 2424 3067 2471 aeterna
3090 2416 3294 2470 nullum
3322 2417 3483 2471 ﬁnem
3506 2417 3604 2473 has

2012 2510 2141 2565 here
2163 2508 2431 2564 credenda
2457 2517 2562 2564 est.

2082 2599 2356 2672 Stipendia
2376 2602 2514 2656 enim
2536 2601 2735 2672 peccati
2755 2617 2915 2655 mors.
2942 2597 3128 2654 Gratia
3160 2609 3335 2654 autem
3357 2600 3455 2656 Dei
3489 2601 3597 2657 vita

2010 2702 2207 2747 eterna
2227 2693 2283 2745 in
2306 2688 2515 2746 Christo
2540 2692 2667 2746 Jesu
2698 2690 2920 2745 Domino
2954 2702 3149 2745 nostra.
3184 2690 3418 2764 (Ambr.)
3445 2690 3594 2759 Quaa-

2018 2795 2163 2839 stum
2191 2784 2399 2855 peccati
2418 2793 2646 2839 mortem
2673 2783 2823 2847 dicit,
2846 2784 2971 2853 quia
2986 2798 3085 2852 per
3107 2791 3385 2852 peccatum
3412 2797 3557 2837 mors
3581 2799 3593 2837 ί

2010 2890 2076 2930 ac
2119 2890 2219 2945 per
2245 2876 2349 2930 hoc
2394 2874 2487 2945 qui
2533 2874 2598 2929 de
2628 2883 2823 2929 caetero
2873 2872 3147 2928 abstinent
3193 2887 3252 2927 se
3278 2887 3310 2927 a
3337 2872 3597 2942 peccatis,

2007 2967 2332 3036 stipendium
2362 2967 2636 3037 accipiunt
2660 2968 2826 3021 vitam
2854 2973 3141 3032 teternam;
3186 2965 3312 3034 quia
3357 2963 3450 3034 qui
3490 2979 3598 3019 non

2008 3066 2254 3128 peccant,
2284 3057 2444 3113 alieni
2470 3067 2596 3113 sunt
2622 3074 2652 3112 a
2684 3065 2857 3112 morte
2883 3056 3138 3111 secunda.
3164 3055 3315 3110 Sicut.
3337 3054 3482 3109 enim
3513 3068 3599 3109 se-

2007 3159 2234 3219 quentes
2250 3159 2531 3220 peccatum
2557 3149 2844 3220 acquirunt
2866 3157 3116 3212 mortem,
3143 3147 3215 3201 ita
3237 3155 3291 3203 et
3311 3155 3598 3217 sequentes

2010 3243 2237 3314 gratiam
2254 3242 2369 3307 Dei,
2398 3242 2451 3297 id
2476 3250 2577 3307 est,
2602 3241 2760 3297 ﬁdem
2777 3240 3144 3311 Christi,-qum
3171 3240 3335 3295 donat
3355 3247 3597 3311 peccata,

2011 3334 2285 3389 habebunt
2312 3333 2479 3386 vitam
2507 3342 2764 3387 aeternam
2792 3340 2851 3386 ut
2893 3332 3158 3403 gaudeant
3192 3344 3251 3386 se
3287 3330 3352 3384 ad
3391 3338 3600 3399 tempus

2011 3422 2255 3488 dissolvi,
2285 3420 2530 3492 [scientes
2562 3420 2705 3475 hanc
2740 3434 2798 3476 se
2831 3421 2996 3475 vitam
3028 3428 3438 3484 consecuturos,
3480 3434 3599 3487 quae

2012 3521 2067 3568 et
2096 3512 2242 3566 omni
2290 3511 2448 3568 ttcdio
2483 3520 2687 3577 careat,
2727 3520 2781 3567 et
2816 3512 3213 3568 successionem
3247 3526 3353 3565 non
3381 3511 3595 3565 habeat.

2012 3601 2193 3674 (Aug.)
2224 3602 2376 3658 Unde
2399 3611 2454 3657 et
2479 3602 2649 3671 ipsam
2666 3602 2830 3657 vitam
2847 3612 3129 3668 aeternam,
3157 3617 3278 3672 quae
3295 3610 3442 3657 certe
3457 3617 3599 3656 mer-

2010 3704 2102 3748 ccs
2131 3702 2212 3747 est
2242 3706 2465 3760 operum
2501 3690 2786 3756 bonorum,
2824 3692 3052 3763 gratiam
3077 3692 3170 3747 Dci
3195 3690 3425 3760 appellat
3451 3692 3593 3760 Apo-

2010 3783 2200 3838 stolus.
2230 3780 2581 3850 Stipendium,
2619 3780 2815 3850 inquit,
2846 3782 3043 3850 peccati
3073 3796 3233 3834 mors.
3271 3780 3458 3833 Gratia
3499 3796 3599 3832 au-

2010 3881 2111 3925 tem
2135 3870 2238 3923 Dei
2268 3876 2370 3923 vita
2401 3878 2618 3933 (eterna,
2643 3870 2697 3922 in
2730 3867 2938 3923 Christo
2972 3868 3101 3923 Jesu
3145 3869 3368 3922 Domino
3395 3878 3596 3924 nostra.

2014 3960 2350 4029 Stipendium
2384 3976 2483 4031 pro
2511 3975 2675 4029 opere
2701 3960 2903 4015 militia:
2926 3959 3167 4014 debitum
3192 3960 3458 4023 redditur,
3484 3974 3591 4014 non

2012 4054 2263 4108 donatur.
2322 4051 2453 4106 Ideo
2485 4050 2621 4104 dixit
2655 4069 2668 4104 :
2705 4050 3019 4121 stipendium
3065 4049 3264 4120 peccati
3320 4065 3482 4113 mors,
3536 4057 3595 4103 ut

2012 4156 2240 4201 mortem
2262 4152 2483 4215 peccato
2517 4160 2620 4199 non
2653 4144 2925 4198 immerito
2968 4143 3197 4208 illatam,
3230 4142 3321 4196 sed
3348 4142 3585 4195 debitam

2010 4240 2432 4302 demonstraret;
2459 4237 2630 4308 gratia
2650 4244 2828 4290 autem
2853 4235 2954 4290 nisi
2972 4233 3140 4304 gratis
3162 4241 3265 4298 est,
3287 4233 3457 4301 gratia
3484 4246 3590 4286 non

2011 4339 2112 4385 est.
2145 4328 2551 4399 Intelligendum
2576 4335 2660 4382 est
2681 4327 2846 4396 igitur
2865 4325 3025 4380 etiam
3051 4324 3165 4394 ipsa
3190 4323 3420 4377 hominis
3451 4321 3593 4376 bona

2012 4421 2207 4476 merita
2233 4434 2353 4475 esse
2379 4420 2473 4474 Dei
2496 4434 2740 4483 munera,
2767 4417 3087 4487 quibuscum
3114 4417 3223 4471 vita
3245 4423 3444 4470 aeterna
3468 4414 3595 4469 red-

2019 4513 2192 4581 ditur;
2217 4511 2345 4582 quid
2386 4510 2486 4565 nisi
2511 4510 2681 4581 gratia
2712 4524 2809 4579 pro
2851 4508 3023 4578 gratia
3064 4507 3336 4562 redditur?
3362 4505 3591 4578 (Ambr.)

2012 4603 2080 4657 Et
2107 4603 2212 4657 hoc
2239 4602 2436 4656 donum
2469 4618 2500 4654 a
2527 4601 2632 4654 Deo
2660 4615 2756 4669 per
2792 4590 3068 4653 Christum
3099 4598 3253 4653 nobis
3277 4597 3463 4652 datum
3484 4595 3593 4652 Do-

2010 4693 2216 4747 minum
2268 4700 2509 4746 nostrum
2553 4698 2811 4754 tstatur,
2848 4697 2908 4742 ut
2932 4689 3042 4742 Deo
3072 4688 3217 4743 Patri
3255 4690 3454 4760 gratias
3498 4703 3595 4760 per

2012 4783 2215 4838 nullum
2248 4782 2477 4836 alterum
2506 4781 2610 4835 nisi
2639 4794 2735 4849 per
2758 4778 2952 4834 Filium
2983 4778 3099 4848 ejus
3125 4795 3360 4850 agamus.
3394 4778 3591 4851 (Θήρ.)

2011 4875 2157 4929 Bene
2186 4882 2361 4928 autem
2377 4872 2769 4941 metaphoram,
2810 4868 2863 4923 id
2902 4881 3004 4934 est,
3035 4869 3258 4940 ﬁguram
3292 4870 3494 4923 militia:
3522 4885 3592 4924 ex

2013 4964 2163 5017 initio
2186 4962 2514 5032 propositam
2554 4968 2756 5024 servat,
2789 4969 2848 5013 ut
2875 4958 3228 5013 militantibus
3253 4958 3352 5010 sub
3370 4967 3591 5026 peccato

2017 5072 2160 5125 rege,
2188 5056 2295 5109 imo
2323 5055 2500 5124 potius
2531 5052 2798 5123 tyrannidi
2828 5052 2943 5121 cjus
2965 5050 3296 5122 parentibus,
3324 5050 3591 5120 stipendia

2015 5145 2195 5200 debita
2225 5153 2451 5198 mortem
2502 5143 2647 5197 dicat
2683 5140 2907 5195 exsolvi.
2964 5142 3129 5196 Deum
3160 5155 3287 5194 vero
3325 5154 3430 5194 non
3472 5151 3591 5196 erat

2016 5239 2233 5309 dignum
2251 5237 2509 5291 militibus
2533 5234 2645 5288 suis
2672 5232 2935 5302 stipendia
2951 5231 3101 5301 quasi
3121 5232 3355 5286 debitmn
3372 5230 3589 5302 aliquod

2016 5329 2167 5392 dare,
2193 5327 2285 5381 sed
2322 5326 2517 5379 donum
2545 5334 2599 5378 et
2619 5322 2872 5394 gratiam,
2902 5336 3021 5391 qua:
3049 5331 3131 5376 est
3157 5322 3266 5375 vita
3294 5330 3496 5376 teterua
3534 5322 3589 5376 in

2020 5422 2234 5476 Christo
2252 5417 2377 5474 Jesu
2411 5418 2636 5472 Domino
2664 5422 2868 5471 nostro.
2883 5414 2996 5484 Ego
3016 5409 3119 5468 non
3147 5425 3274 5485 puto
3300 5416 3460 5469 etiam
3487 5416 3589 5475 hoc

2019 5526 2245 5568 vacuum
2268 5526 2409 5575 esse,
2432 5510 2573 5579 quod
2588 5510 2653 5562 ad
2674 5507 2838 5571 vitam
2861 5515 3111 5562 aeternam
3134 5505 3335 5561 addidit
3359 5508 3411 5560 in
3436 5505 3592 5562 Chri-

2016 5614 2097 5658 sto
2141 5602 2269 5656 Jesu
2320 5599 2545 5653 Domino
2597 5607 2816 5662 nostra;
2868 5596 2963 5652 sed
3002 5596 3128 5664 quia
3179 5594 3421 5652 fortassis
3460 5595 3587 5651 sciri

2019 5696 2183 5751 voluit
2232 5692 2375 5747 aliud
2415 5707 2535 5747 esse
2582 5691 2749 5745 vitam
2788 5697 3046 5744 aeternam
3095 5688 3292 5752 solum,
3351 5697 3406 5744 et
3442 5689 3587 5745 aliud

2017 5788 2183 5842 vitam
2236 5794 2494 5841 tetcrnam
2550 5783 2603 5838 in
2660 5782 2877 5839 Christo
2922 5779 3065 5837 .lcsu.
3116 5780 3178 5836 Et
3217 5780 3291 5838 illi
3318 5783 3460 5838 cnim
3491 5780 3583 5843 oui
