3998 6202
529 329 661 386 M07

524 444 746 509 surgent
790 435 846 492 in
881 433 1254 492 confusionem
1305 443 1364 490 et
1417 434 1770 506 opprobrium
1821 433 2096 504 sempiter-

523 549 677 594 num,
715 530 993 586 habebunt
1015 528 1233 600 quidem
1263 527 1432 584 vitam
1465 536 1746 592 aeternam,
1777 540 1886 582 non
1919 534 2098 580 tamen

524 621 582 677 in
621 620 841 678 Christo
892 617 1046 684 Jesu,
1097 618 1194 676 sed
1245 618 1301 674 in
1355 616 1672 674 confusione
1711 625 1765 674 et
1810 613 2099 685 opprobrio

523 721 726 767 sterno
763 729 777 765 :
801 709 938 782 justi
993 725 1123 766 vero
1180 710 1272 780 qui
1317 718 1542 780 surgent
1597 708 1652 764 in
1728 708 1894 764 vitam
1945 715 2100 761 mter-

523 819 650 856 nam
706 802 763 856 in
808 801 1024 858 Christo
1061 799 1188 856 Jcsu
1215 841 1232 866 ,
1282 801 1556 855 habebunt
1605 799 1771 854 vitam
1819 807 2097 854 aeternam.

525 893 813 948 Peccatum
859 906 988 961 ergo
1032 892 1293 946 militibus
1331 891 1480 954 suis,
1533 890 1590 945 in
1632 890 1828 958 quibus
1887 899 2098 962 regnat,

525 981 790 1052 stipendia
857 980 1018 1050 digna
1089 980 1318 1050 largitur
1395 989 1646 1034 mortem.
1708 977 1936 1034 Mortem
2006 994 2103 1034 au-

526 1079 631 1124 tem
700 1069 929 1124 dicimus
983 1083 1092 1124 non
1160 1070 1300 1124 hanc
1361 1068 1731 1139 corporalem,
1784 1068 1878 1124 sed
1952 1068 2098 1124 illam

525 1161 591 1216 de
605 1177 712 1232 qua
733 1162 994 1232 scriptum
1013 1171 1118 1225 est,
1133 1161 1258 1230 quia
1275 1161 1479 1226 anima,
1497 1177 1616 1232 qua?
1633 1171 1832 1230 peccat,
1853 1161 1966 1231 ipsa
1988 1177 2100 1216 mo-

527 1250 689 1304 rietur
717 1250 935 1322 (Ezech.
967 1249 1145 1320 xvm).

1133 1361 1360 1418 CAPUT
1391 1361 1501 1416 VII.

525 1447 686 1505 Ponit
711 1450 991 1526 Apostolus
1013 1454 1358 1526 cessationem
1393 1453 1520 1526 legis
1547 1455 1748 1519 veteris,
1775 1471 1894 1526 qua
1913 1465 1992 1511 est
2016 1455 2102 1511 is:

801 1523 1007 1586 mortis,
1033 1532 1080 1576 et
1107 1532 1296 1578 tractat
1325 1524 1389 1578 de
1409 1523 1517 1594 lege
1553 1523 1796 1594 spiritus.

595 1608 676 1662 An
692 1609 966 1679 ignoratis,
989 1611 1202 1680 fratres,
1231 1613 1512 1669 scientibus
1535 1615 1674 1669 enim
1700 1614 1861 1687 legent
1889 1616 2097 1688 loquor.

527 1698 761 1770 (Ambr.)
801 1699 872 1756 Ut
899 1701 1110 1757 animos
1151 1703 1366 1757 illorum
1408 1703 1584 1758 firmet
1622 1705 1679 1760 in
1731 1706 1973 1762 doctrina
2017 1707 2098 1762 di-

522 1790 670 1855 vina,
701 1790 947 1861 exemplo
985 1792 1232 1848 humanm
1257 1793 1392 1865 legis
1434 1794 1624 1861 utitur,
1659 1805 1720 1850 ut
1757 1813 1854 1878 per
1885 1805 2100 1854 terrena

525 1882 755 1937 suadeat
812 1881 1080 1947 etelestia,
1137 1885 1278 1940 sicut
1335 1901 1368 1941 a
1424 1881 1609 1942 mundi
1653 1899 1904 1944 creatura
1953 1889 2102 1948 Deus

523 1969 855 2041 agnoscitur,
885 1971 1010 2040 quia
1035 1973 1178 2027 enim
1203 1974 1359 2030 unius
1380 1983 1466 2030 est
1496 1983 1686 2042 totum,
1718 1976 1843 2033 licet
1871 1978 2100 2034 diversm

524 2062 637 2118 sint
691 2077 798 2127 res,
846 2077 911 2118 ex
946 2061 1124 2134 aliqua
1155 2073 1334 2120 tamen
1374 2076 1526 2138 parte
1561 2067 1663 2122 sibi
1693 2067 1924 2126 invicem
1950 2068 2100 2124 simiâ€”

529 2151 608 2210 les
633 2159 778 2206 sunt.
805 2151 999 2210 Sciunt
1031 2155 1172 2210 enim
1202 2155 1372 2229 legem
1402 2157 1654 2226 Romani,
1687 2159 1816 2228 quia
1841 2174 1948 2214 non
1971 2166 2100 2214 sunt

523 2243 766 2312 barbari,
810 2247 904 2303 sed
932 2249 1457 2318 comprehenderunt
1485 2249 1781 2306 naturalem
1807 2250 2096 2322 justitiam,

523 2335 721 2404 partim
749 2350 814 2390 ex
837 2335 1063 2402 Graecis,
1093 2338 1234 2393 sicut
1263 2348 1317 2394 et
1336 2337 1507 2395 Grteci
1533 2355 1598 2394 ex
1621 2339 1882 2396 Hebraeis.
1905 2340 2100 2410 Quam-

524 2426 608 2482 vis
644 2427 790 2482 enim
835 2435 959 2482 ante
989 2427 1206 2500 Moysen
1255 2446 1361 2486 non
1387 2431 1604 2488 latuerit
1657 2433 1764 2498 lex,
1813 2435 1905 2492 sed
1954 2435 2088 2492 ordo

525 2529 632 2570 non
672 2523 994 2584 eratneque
1030 2519 1350 2575 auctoritas.
1383 2520 1516 2576 Nam
1565 2521 1710 2594 leges
1737 2521 1996 2580 Romanis
2027 2537 2098 2578 ex

525 2603 753 2660 Athenis
775 2606 996 2675 perlata:
1023 2619 1167 2663 sunt.
1193 2608 1310 2666 Non
1350 2611 1720 2683 ignorantibus
1767 2629 1896 2686 ergo
1924 2613 2096 2684 legem

527 2694 658 2749 dicit
697 2713 712 2750 :
765 2696 902 2762 Quia
936 2696 1022 2752 lea:
1064 2698 1368 2755 dominatur
1401 2701 1618 2768 homini,
1645 2713 1840 2774 quanto
1872 2714 2099 2774 tempore

527 2788 666 2842 vivit.
694 2787 810 2844 Non
837 2800 922 2846 est
954 2792 1223 2848 occultum
1247 2808 1460 2850 omnem
1505 2795 1670 2850 vitam
1714 2796 1946 2864 hominis
1977 2810 2098 2850 esse

526 2877 627 2934 sub
649 2877 763 2950 lege
807 2889 1039 2946 natum,
1065 2897 1186 2952 qua:
1213 2883 1339 2940 data
1374 2893 1458 2940 est
1483 2887 1682 2941 mundo
1707 2903 1720 2940 :
1753 2887 1869 2942 haec
1890 2885 1976 2943 lex
2001 2901 2096 2957 ge-

531 2968 731 3025 neralis
783 2977 886 3026 est.
937 2970 1090 3028 Nunc
1139 2988 1268 3028 vero
1309 2973 1472 3028 aliam
1516 2976 1768 3046 proponit
1813 2975 2098 3045 specialem

528 3058 796 3130 (quamvis
821 3070 876 3120 et
906 3063 1018 3133 ipsa
1053 3063 1319 3135 generalis
1346 3074 1448 3131 est,
1478 3065 1573 3122 sed
1602 3066 1727 3122 dum
1763 3081 1870 3122 non
1898 3067 2094 3134 recipi-

529 3159 616 3204 tur
643 3152 710 3206 ab
735 3153 1062 3218 hominibus,
1105 3152 1163 3206 lit
1198 3154 1496 3225 specialis),
1523 3168 1619 3224 per
1648 3171 1808 3226 quam
1835 3155 1946 3210 vult
1973 3172 2098 3226 pro-

527 3237 658 3294 bare
686 3241 1034 3296 assertionem
1061 3257 1236 3308 suam,
1272 3245 1535 3315 gradatim
1559 3245 1703 3301 enim
1734 3245 1847 3299 vult
1889 3246 2100 3302 tradere

529 3328 848 3396 veritatem;
871 3331 1000 3387 dicit
1022 3347 1149 3402 ergo
1181 3351 1196 3388 :
1226 3331 1368 3390 Nam
1397 3351 1511 3406 qua:
1539 3335 1630 3389 sub
1657 3335 1765 3390 viro
1792 3344 1868 3390 est
1890 3335 2098 3402 mulier,

529 3419 725 3472 vivente
774 3421 901 3482 viro,
943 3420 1159 3493 alligata
1197 3434 1269 3478 est
1297 3423 1396 3494 legi
1437 3424 1569 3490 viri;
1615 3425 1753 3496 quod
1786 3427 1832 3480 si
1865 3436 2100 3484 mortuus

529 3509 690 3579 fuerit
735 3511 812 3566 vir
837 3511 972 3582 ejus,
1016 3513 1189 3568 soluta
1226 3524 1300 3568 est
1325 3532 1358 3568 a
1391 3514 1500 3585 lege
1531 3516 1669 3579 viri;
1701 3515 1861 3586 igitur
1907 3516 2100 3574 vivente

529 3598 642 3652 viro
671 3599 940 3654 vocabitur
975 3601 1235 3669 adultera,
1275 3604 1321 3658 si
1349 3601 1509 3674 fuerit
1548 3605 1739 3675 juncta
1774 3604 1926 3660 alteri
1967 3607 2096 3664 viro.

534 3688 720 3762 (Aug.)
771 3691 923 3759 Quod
961 3703 1142 3750 autem
1189 3695 1323 3752 dicit
1365 3713 1378 3751 :
1429 3695 1622 3752 Mulier
1660 3699 1797 3752 enim
1828 3698 1924 3754 sub
1967 3700 2099 3768 viro,

531 3782 642 3837 vivo
669 3785 877 3848 marito,
884 3784 1072 3855 juncta
1091 3796 1166 3840 est
1193 3785 1315 3860 legi,
1330 3787 1378 3841 si
1401 3796 1574 3841 autem
1597 3798 1832 3844 mortuus
1852 3789 2008 3858 fuerit
2025 3791 2103 3844 vir

530 3871 649 3942 ejus
665 3913 680 3937 ,
710 3885 959 3928 evacuata
984 3884 1061 3929 est
1089 3891 1121 3929 a
1145 3875 1255 3946 lege
1279 3876 1398 3942 viri,
1431 3885 1488 3933 et
1510 3888 1724 3934 caetera.
1750 3879 2104 3936 Animadver-

534 3959 753 4016 tendum
775 3972 858 4024 est
887 3963 1044 4020 istam
1075 3964 1478 4021 similitudinem
1498 3966 1553 4022 in
1575 3967 1676 4024 hoc
1699 3965 1914 4022 differre
1949 3969 2017 4024 ab
2037 3982 2101 4025 ea

535 4067 595 4108 re
622 4063 842 4124 propter
873 4071 1034 4125 quam
1075 4058 1314 4112 adhibita
1339 4065 1455 4124 est,
1493 4059 1638 4129 quod
1659 4059 1748 4114 hic
1775 4059 1948 4114 virum
1975 4061 2103 4116 dicit

534 4144 707 4210 mori,
740 4153 797 4200 et
833 4146 1024 4200 mulier
1065 4148 1230 4202 nubat
1267 4147 1353 4202 cui
1387 4149 1562 4214 volet,
1594 4148 1817 4204 liberata
1850 4150 2034 4220 utique
2070 4167 2102 4206 a

534 4229 651 4304 lege
670 4235 806 4302 viri;
837 4236 908 4292 ibi
936 4246 1115 4292 autem
1149 4239 1440 4293 constituet
1463 4237 1698 4294 animam
1731 4239 1889 4310 quasi
1917 4240 2106 4298 mulie-

537 4338 653 4378 rem
674 4364 690 4386 ,
711 4325 884 4382 virum
905 4335 1083 4382 autem
1113 4327 1265 4398 quasi
1291 4329 1570 4398 passiones
1595 4339 1958 4401 peccatorum,
1985 4349 2104 4403 qua:

535 4422 830 4482 operantur
855 4415 908 4470 in
936 4417 1214 4482 membris,
1244 4427 1306 4472 ut
1350 4416 1584 4473 fructum
1624 4417 1801 4474 ferant
1839 4421 2018 4484 morti,
2051 4419 2102 4475 id

539 4512 642 4567 est,
669 4513 726 4558 ut
749 4503 838 4558 tali
864 4505 1112 4575 eoujugio
1135 4505 1315 4576 proles
1337 4507 1495 4580 digna
1521 4517 1790 4574 nascatur,
1805 4518 1856 4564 et
1884 4509 1966 4564 les
1986 4525 2104 4580 qua:

536 4595 662 4650 data
701 4603 782 4650 est
810 4609 915 4648 non
945 4596 1011 4650 ad
1039 4595 1386 4654 auferendum
1417 4609 1718 4670 peccatum,
1748 4599 1831 4653 vel
1873 4601 1942 4655 ad
1975 4601 2106 4656 libe-

537 4684 802 4739 rationem
838 4699 869 4738 a
900 4693 1143 4753 peccato,
1175 4687 1269 4742 sed
1299 4687 1365 4742 ad
1396 4689 1784 4744 ostendendum
1823 4701 2103 4759 peccatum

537 4784 664 4830 ante
704 4775 954 4846 gratiam,
990 4792 1088 4846 per
1141 4779 1284 4847 quod
1332 4777 1530 4834 factum
1581 4789 1684 4845 est,
1735 4788 1794 4834 ut
1840 4780 1940 4836 sub
1989 4782 2106 4853 lege

535 4864 698 4936 positi
748 4865 1137 4921 vehementiori
1204 4865 1467 4922 desiderio
1531 4868 1786 4937 peccandi
1853 4885 2106 4940 raperen-

539 4967 647 5022 tur,
691 4965 746 5012 et
780 4956 1012 5026 amplius
1067 4957 1229 5011 etiam
1281 4957 1720 5026 prmvaricatione
1769 4967 2101 5029 peccarent:

537 5062 658 5102 cum
687 5061 816 5118 ergo
848 5055 904 5104 et
946 5046 1018 5103 ibi
1072 5047 1174 5100 tria
1217 5046 1356 5112 sint,
1391 5047 1569 5102 anima
1602 5048 2102 5118 tanquammulier,

535 5137 816 5208 passiones
845 5145 1186 5209 peccatorum
1219 5145 1476 5207 tanquam
1514 5137 1614 5204 vir,
1661 5147 1716 5192 et
1738 5138 1820 5193 lex
1852 5147 2104 5207 tanquam

538 5229 625 5284 lex
669 5229 802 5297 viri;
847 5245 952 5284 non
992 5230 1066 5286 ibi
1110 5231 1350 5300 peccatis
1389 5231 1646 5296 mortuis,
1691 5239 1946 5300 tanquam
1987 5229 2108 5284 viro

539 5330 776 5386 mortuo,
803 5319 1021 5374 liberari
1057 5321 1291 5374 animam
1319 5320 1468 5385 dicit,
1503 5319 1598 5376 sed
1661 5321 1829 5390 ipsam
1871 5321 2107 5375 animam

539 5411 677 5466 mori
704 5419 950 5482 peccato,
977 5418 1032 5466 et
1071 5411 1284 5465 liberari
1314 5426 1342 5464 a
1371 5410 1506 5481 lege,
1531 5420 1592 5465 ut
1625 5411 1694 5465 sit
1733 5411 1952 5466 alterius
1985 5409 2108 5476 viri,

543 5500 596 5554 id
632 5511 716 5557 est
757 5501 989 5568 Christi,
1037 5517 1158 5555 cum
1196 5510 1406 5556 mortua
1451 5500 1612 5556 fuerit
1644 5512 1888 5571 peccato,
1923 5517 2112 5572 quam-

541 5589 628 5646 vis
673 5593 850 5647 adhuc
889 5591 1042 5662 quasi
1095 5591 1307 5647 vivente
1366 5591 1482 5664 ipso
1529 5603 1789 5663 peccato;
1843 5594 1987 5663 quod
2031 5591 2110 5655 lit,

547 5693 670 5733 cum
721 5680 895 5734 adhuc
924 5681 1262 5736 manentibus
1312 5683 1364 5736 in
1399 5683 1553 5738 nobis
1600 5683 1907 5748 desideriis,
1945 5691 1999 5738 et
2025 5684 2110 5738 in-

1152 326 1214 382 B.
1253 324 1503 382 RAMNI
1542 324 1762 382 MAURI
1796 322 2114 380 ARCUIEP.

2156 319 2462 385 uocum.
2505 317 2790 376 ormtun
2826 316 3006 373 mas
3041 317 3125 371 ut.
3579 321 3680 376 Î·Î¹Î¹Îº

2128 433 2182 494 Î‘
2207 430 2516 490 citamcntis
2545 431 2866 502 quibusdam
2889 430 2957 484 ad
2985 432 3324 500 peccandmn,
3356 448 3450 486 non
3467 434 3687 489 olmlintus

2203 531 2414 584 tainen,
2453 536 2626 592 neque
2666 519 3065 586 consentimus,
3107 527 3282 573 mente
3323 521 3580 576 servientes
3611 521 3690 594 legi

2199 611 2330 674 Dei,
2375 611 2506 681 quia
2565 611 2764 665 mortui
2823 625 3012 664 sumus
3062 617 3301 680 peccato.
3356 608 3574 664 Morietur
3621 629 3692 665 au-

2201 710 2306 758 tem
2342 711 2394 755 et
2435 709 2740 774 peccatum,
2792 717 2914 756 cum
2952 698 3261 755 reformatio
3293 704 3514 770 corporis
3551 703 3595 757 in
3632 721 3693 756 re-

2197 793 2532 848 surrecuone
2556 792 2698 846 facta
2733 790 2910 853 fuerit,
2941 792 3007 847 de
3033 807 3138 862 qua
3159 799 3278 862 post
3303 791 3438 853 dicit.
3464 791 3693 862 Viriï¬cabit

2197 891 2247 937 et
2269 881 2514 936 mortalia
2538 899 2760 951 corpora
2805 893 2977 937 vestra
3031 892 3240 954 propter
3277 881 3511 952 Spiritum
3536 901 3694 938 manen-

2197 983 2301 1028 tem
2349 974 2404 1027 in
2443 973 2601 1028 vobis.
2653 973 2884 1046 (Arnim)
2938 971 3061 1030 Hice
3107 973 3191 1028 lex
3232 974 3296 1030 de
3329 973 3583 1044 Evangelia
3610 987 3692 1040 est,

2199 1079 2306 1120 non
2345 1079 2411 1119 ex
2463 1061 2666 1135 Moyse,
2709 1080 2883 1134 neque
2922 1081 2986 1120 ex
3025 1063 3234 1132 justitia
3288 1075 3504 1122 terrena.
3531 1068 3694 1138 Aliquid

2197 1166 2349 1223 ergo,
2384 1151 2519 1207 duce
2555 1160 2773 1216 natura,
2798 1152 2999 1222 aliquid
3031 1167 3097 1207 ex
3135 1153 3248 1224 lege
3287 1153 3445 1225 Moysi
3479 1156 3697 1210 addiscen-

2199 1249 2302 1306 tcs,
2331 1239 2554 1312 perfecti
2592 1240 2721 1296 facti
2759 1251 2884 1297 sunt
2921 1257 3020 1312 per
3051 1241 3388 1312 Evangeliqu
3413 1245 3599 1299 Christi.
3629 1245 3699 1301 Se-

2199 1333 2380 1404 quenti
2443 1349 2574 1406 ergo
2623 1334 2867 1404 exemplo
2914 1337 3153 1406 apertius
3205 1337 3389 1393 suadet
3444 1339 3700 1395 Christiani-

2198 1439 2374 1479 smum
2430 1435 2650 1480 exutum
2680 1440 2800 1480 esse
2831 1441 2861 1480 a
2897 1425 3013 1496 lege
3058 1427 3344 1492 factorum,
3373 1444 3468 1482 non
3499 1430 3556 1482 ab
3591 1421 3700 1484 omni

2199 1517 2348 1588 lege;
2377 1534 2478 1576 nec
2507 1517 2650 1574 ultra
2674 1518 2788 1589 jam
2835 1518 3086 1588 expedire
3115 1535 3237 1576 esse
3267 1521 3360 1574 sub
3387 1520 3510 1590 lege,
3537 1537 3592 1574 ne
3615 1535 3699 1592 gra-

2200 1607 2331 1662 tiam
2372 1607 2464 1663 Dei
2517 1619 2740 1663 evacuet
2773 1625 3028 1664 reversus
3067 1609 3166 1664 sub
3215 1609 3402 1682 legem,
3431 1611 3542 1680 quia
3571 1611 3698 1681 grauia

2200 1699 2295 1755 Dei
2338 1699 2588 1756 liberavit
2635 1701 2907 1757 hominem
2947 1715 2979 1754 a
3029 1700 3186 1774 lege,
3229 1712 3284 1756 ut
3333 1701 3534 1772 spiritu,
3576 1699 3700 1754 idest

2127 1773 2174 1832 Î’
2202 1804 2404 1860 mente,
2433 1794 2782 1851 serviatDeo.
2814 1796 3130 1854 Sicutenim
3157 1795 3374 1860 mulier,
3396 1805 3579 1850 mortuo
3601 1794 3699 1856 vim,

2200 1883 2429 1940 liberata
2479 1893 2566 1942 est
2601 1900 2634 1940 a
2661 1885 2778 1957 lege
2815 1885 2952 1951 viri,
2995 1899 3104 1940 non
3131 1902 3163 1939 a
3191 1885 3311 1956 lege
3344 1895 3530 1940 natura:
3555 1903 3566 1936 :
3591 1885 3700 1937 itaet

2201 1975 2256 2031 hi
2287 1975 2378 2050 qui
2403 1977 2576 2048 gratia
2603 1976 2695 2032 Dei
2721 1977 2932 2032 liberati
2960 1993 2990 2032 a
3013 1977 3130 2048 lege
3153 1987 3304 2042 sunt,
3331 1993 3358 2030 a
3384 1993 3478 2046 qua
3501 1977 3701 2031 teneban-

2199 2077 2290 2126 tur
2317 2067 2428 2134 rei,
2459 2077 2518 2124 ut
2551 2077 2764 2130 mortua
2795 2069 2902 2124 illis
2938 2069 3044 2135 sit,
3076 2077 3135 2124 ut
3155 2069 3545 2126 Cbristianismo
3575 2067 3702 2138 juncti

2198 2172 2306 2214 non
2360 2158 2470 2214 siut
2511 2158 2758 2216 adulteri.
2829 2158 2888 2215 Si
2941 2160 3084 2216 enim
3128 2161 3216 2216 lex
3271 2161 3405 2230 apud
3452 2161 3557 2214 illos
3591 2159 3704 2222 vivit,

2199 2246 2426 2303 adulteri
2450 2257 2612 2316 sunt,
2636 2256 2691 2304 et
2716 2248 2852 2304 nihil
2878 2249 2982 2310 illis
3001 2249 3248 2320 proderit
3276 2249 3585 2312 Christianos
3609 2249 3703 2310 dici,

2199 2334 2325 2406 quia
2369 2335 2590 2392 obnoxii
2644 2347 2806 2394 erunt
2859 2337 3072 2394 ultioni.
3125 2337 3242 2394 Nec
3291 2340 3428 2394 enim
3483 2338 3597 2408 legis
3629 2336 3707 2391 erit

2204 2425 2437 2491 adulter,
2494 2426 2588 2482 sed
2642 2425 2947 2498 Evangelii,
3001 2428 3093 2498 qui
3139 2439 3355 2486 mortua
3393 2428 3499 2500 lege
3538 2429 3708 2498 junctus

2198 2515 2520 2588 Evangelio,
2565 2525 2689 2588 post
2719 2515 2860 2573 redit
2891 2518 2958 2572 ad
2981 2515 3153 2592 legem
3190 2539 3206 2574 :
3236 2531 3440 2580 mortua
3477 2519 3598 2575 enim
3645 2515 3709 2570 lex

2199 2601 2418 2668 dicitur,
2471 2603 2684 2673 quando
2711 2619 2872 2676 quem
2924 2605 3141 2660 tenebat
3178 2621 3359 2669 reum,
3402 2605 3610 2674 ignotum
3647 2607 3710 2655 est

2198 2691 2279 2757 ei,
2309 2693 2630 2748 auctoritate
2657 2693 2790 2766 legis
2809 2701 3076 2748 cessante.
3109 2692 3273 2759 Quod
3301 2695 3346 2749 si
3369 2703 3578 2746 mortuus
3591 2688 3708 2762 fuerit

2199 2781 2276 2834 vir
2298 2781 2444 2852 ejus,
2467 2781 2684 2837 liberata
2705 2793 2779 2838 est
2819 2801 2852 2838 a
2893 2781 3004 2855 lege
3035 2783 3163 2849 viri;
3199 2797 3256 2838 ut
3285 2801 3384 2838 non
3419 2784 3478 2837 sit
3505 2783 3708 2845 adsueui,

2190 2872 2377 2944 juncta
2405 2873 2450 2928 si
2474 2873 2632 2945 fuerit
2656 2874 2807 2930 alteri
2829 2876 2955 2932 viro.
2981 2875 3190 2931 Sublati
3222 2892 3253 2930 a
3277 2876 3422 2948 lege,
3446 2883 3630 2944 accepta
3651 2887 3710 2926 re-

2200 2963 2458 3022 missione
2481 2974 2822 3034 peccatorum
2841 3007 2856 3034 ,
2885 2973 2939 3021 et
2960 2965 3132 3038 juncti
3168 2965 3485 3036 Evangelia,
3507 2981 3594 3018 non
3619 2971 3712 3016 sunt

2201 3053 2429 3112 adulteri
2451 3055 2603 3124 legis,
2643 3056 2768 3126 quia
2801 3067 3008 3112 mortua
3037 3057 3179 3129 apud
3220 3057 3339 3113 illos
3377 3067 3472 3111 est.
3503 3055 3552 3109 Si
3575 3063 3709 3108 autem

2125 3124 2170 3188 (á¼¶
2201 3153 2482 3200 servantes
2534 3124 2742 3216 legem,
2791 3145 3050 3201 accedere
3091 3163 3149 3202 se
3176 3156 3377 3218 putant
3419 3145 3478 3199 ad
3521 3145 3710 3210 Evange-

2201 3233 2351 3298 lium,
2385 3221 2473 3289 rei.
2493 3243 2652 3289 erunt
2678 3245 2732 3289 et
2759 3236 3006 3300 adulteri,
3039 3236 3162 3305 quia
3203 3239 3323 3292 viva
3350 3223 3710 3308 legejuuxerunt

2200 3337 2259 3378 se
2287 3323 2433 3390 ï¬dei,
2459 3335 2514 3380 et
2547 3335 2710 3380 erunt
2735 3325 2787 3381 in
2819 3332 3045 3399 utraque
3075 3329 3330 3384 aduitcri.
3367 3327 3544 3400 (Orig)
3569 3325 3712 3380 Scien-

2202 3415 2344 3470 tibus
2383 3431 2512 3488 ergo
2562 3417 2732 3490 legem
2781 3418 3018 3490 loquitur
3051 3419 3271 3484 Paulus,
3317 3421 3370 3476 id
3407 3436 3504 3484 ÎµÎµÎ¹,
3544 3413 3712 3473 scicnti-

2201 3502 2302 3560 bus
2353 3520 2472 3574 qua:
2523 3505 2594 3562 sit
2637 3507 2692 3562 in
2739 3506 2856 3579 lege
2911 3517 3154 3564 vetustas
3207 3509 3400 3566 littera:
3446 3518 3496 3564 et
3551 3506 3711 3562 novitas

2204 3593 2436 3666 Spiritus
2471 3615 2483 3650 :
2516 3597 2656 3668 quod
2717 3599 2810 3668 qui
2859 3599 2997 3654 bene
3045 3600 3178 3668 scit,
3234 3601 3382 3654 novit
3427 3599 3534 3654 sine
3574 3594 3711 3655 dubio,

2203 3686 2328 3758 quia
2357 3688 2428 3742 ita
2477 3689 2559 3744 lex
2605 3689 2912 3746 dominatur
2946 3691 3172 3757 homini,
3223 3689 3456 3762 quandiu
3501 3688 3627 3750 vivit,
3661 3683 3711 3737 si-

2204 3789 2296 3835 cut
2319 3781 2404 3835 vir
2431 3782 2662 3849 mulieri,
2687 3792 2740 3837 et
2769 3783 2910 3839 sicut
2953 3794 3127 3839 morte
3156 3785 3264 3840 viri
3303 3785 3547 3839 liberatur
3568 3777 3714 3834 mulier

2203 3885 2235 3926 a
2259 3871 2375 3942 lege
2399 3871 2648 3945 conjugii,
2672 3883 2727 3928 et
2753 3873 2994 3930 sociandi
3025 3889 3084 3930 se
3113 3875 3236 3931 viro
3262 3875 3352 3930 alii
3381 3872 3560 3944 accipit
3591 3869 3714 3924 liter-

2204 3968 2368 4017 tatem
2394 3980 2408 4016 :
2435 3963 2508 4018 ita
2529 3971 2586 4018 ct
2609 3964 2786 4020 anima
2822 3966 2973 4037 cujus
2997 3965 3083 4020 vir
3110 3964 3197 4022 lex
3233 3975 3336 4030 est,
3366 3981 3482 4020 cum
3525 3967 3713 4016 vetusta-

2202 4062 2312 4110 tem
2352 4054 2550 4110 litterze
2585 4055 2638 4111 in
2665 4055 2780 4130 lege
2807 4057 3248 4129 deprehenderit,
3285 4061 3409 4129 quia
3452 4056 3580 4129 quod
3603 4062 3714 4108 vete-

2204 4146 2372 4200 rascit
2414 4161 2582 4218 prope
2645 4149 3023 4204 exterminium
3053 4160 3158 4216 est,
3205 4149 3373 4204 veluti
3415 4156 3602 4204 mortua
3641 4139 3716 4196 sibi

2203 4235 2320 4306 lege
2355 4237 2650 4291 secundum
2675 4236 2931 4304 litteram,
2962 4239 3158 4308 accipit
3186 4247 3502 4311 potestatem
3529 4228 3717 4292 nubendi

2205 4325 2298 4379 alii
2342 4325 2479 4393 viro,
2521 4328 2616 4398 qui
2663 4338 2747 4382 est
2797 4327 3018 4396 spiritus
3075 4327 3214 4400 legis
3263 4347 3278 4384 :
3332 4329 3540 4400 spiritus
3576 4332 3714 4378 autem

2208 4415 2470 4470 Dominus
2497 4424 2600 4470 est.
2630 4414 2786 4482 Quod
2824 4423 3004 4470 autem
3035 4416 3182 4481 dicit,
3212 4416 3327 4472 Lex
3360 4417 3634 4471 donunatur
3650 4409 3717 4463 io-

2136 4480 2182 4542 Ï…
2206 4505 2356 4570 mini,
2384 4514 2578 4576 quanto
2601 4480 2828 4576 tempore
2853 4505 2992 4568 vivit,
3028 4521 3134 4560 non
3165 4480 3232 4560 ad
3263 4503 3546 4568 hominem,
3571 4501 3645 4556 sed
3666 4495 3714 4550 ad

2205 4595 2378 4666 legem
2441 4594 2715 4650 refertur:
2763 4597 2868 4652 hoc
2917 4597 3060 4652 enim
3115 4607 3170 4654 et
3227 4597 3281 4652 in
3327 4591 3718 4665 consequentibus

2207 4684 2430 4750 indicat,
2477 4684 2567 4740 ubi
2611 4685 2759 4751 dicit,
2803 4686 3017 4742 vivente
3043 4686 3160 4741 viro
3189 4686 3409 4757 alligata
3455 4693 3532 4740 est
3557 4680 3720 4752 legLel

2209 4777 2377 4847 ipsius
2412 4777 2644 4850 exempli
2689 4778 2830 4848 quod
2877 4788 3210 4850 assumptum
3249 4788 3334 4834 est
3377 4775 3576 4848 plenius
3609 4771 3714 4825 idem

2207 4867 2340 4923 ordo
2387 4869 2644 4934 declarat,
2694 4868 2866 4943 legem
2908 4870 3052 4926 enim
3090 4870 3206 4925 loco
3243 4871 3352 4924 viri
3379 4869 3564 4941 posuit,
3602 4859 3718 4920 etde

2206 4957 2320 5029 ipsa
2353 4957 2484 5012 dicit
2519 4977 2532 5010 :
2567 4957 2627 5014 Si
2661 4969 2836 5014 autem
2857 4969 3088 5014 mortuus
3109 4959 3270 5030 fuerit
3307 4959 3402 5024 vir,
3437 4959 3592 5012 solata
3615 4958 3717 5005 ests

2203 5049 2313 5122 lege
2336 5051 2450 5106 viri.
2477 5049 2606 5117 Qua:
2631 5060 2804 5106 tamen
2831 5051 2874 5106 si
2905 5052 2970 5108 de
2997 5049 3272 5122 apostolis,
3293 5051 3376 5107 vel
3397 5051 3460 5105 de
3485 5047 3562 5102 his
3579 5043 3653 5115 qui
3671 5053 3718 5093 Îµá¼°

2207 5143 2621 5200 circumcisione
2645 5145 3014 5210 crediderunt,
3049 5144 3186 5200 dicta
3219 5143 3594 5212 intelligantur,
3620 5127 3720 5188 nihil

2207 5233 2632 5288 commovebitur
2661 5235 3003 5304 mutationis;
3038 5234 3238 5288 clarum
3269 5244 3500 5300 namque
3523 5217 3721 5293 estquod

2209 5321 2264 5377 hi
2295 5321 2464 5394 legem
2492 5322 2638 5376 velut
2657 5323 2828 5378 virum
2859 5324 3176 5389 habuerunt,
3201 5323 3303 5377 sub
3336 5319 3486 5390 cujus
3504 5315 3723 5388 potestate

2210 5412 2483 5467 vivebant.
2529 5411 2634 5468 Sed
2657 5413 2744 5469 ubi
2777 5413 2921 5468 venit
2939 5413 3206 5484 plenitudo
3234 5422 3550 5482 temporum,
3576 5405 3644 5459 les
3665 5398 3724 5452 ia-

2213 5499 2417 5556 lirmari
2455 5503 2621 5571 erepit
2655 5501 2711 5556 in
2759 5517 2942 5566 carne,
2973 5511 3028 5556 et
3071 5501 3438 5556 infirmitatem
3477 5507 3604 5550 mors
3631 5501 3725 5542 cm-

2213 5600 2396 5648 secuta
2432 5601 2541 5656 est,
2589 5601 2644 5646 ct
2669 5594 2714 5645 si
2741 5591 2833 5660 qui
2859 5592 2958 5646 sub
2999 5597 3261 5661 potestate
3309 5585 3412 5642 viri
3445 5583 3587 5652 hujus
3608 5578 3723 5631 riter

2216 5691 2338 5737 rant
2381 5691 2637 5750 tanquam
2672 5681 2889 5744 mulier,
2934 5689 3143 5737 mortua
3188 5681 3371 5736 littera
3419 5669 3611 5746 spiritui
3649 5679 3726 5718 mt-
