3998 6202
282 294 423 353 tios

820 294 1369 357 ENA‘RRATIONUM
1407 298 1474 356 ΙΝ
1515 297 1661 356 EPP.
1703 298 1908 355 PAULI
1942 298 2070 354 LIB.
2110 297 2198 355 iV.
2243 330 2308 342 -—
2336 301 2403 357 ΙΝ
2434 302 2651 359 EPIST.
2689 302 2782 361 AD
2819 302 2987 361 ROM.

3406 313 3547 370 ηπ)

278 413 417 468 bium
462 408 682 467 Christo
733 413 1036 467 credentes.
1083 411 1147 466 lii
1197 426 1329 466 vero
1362 413 1455 482 qui
1497 426 1563 466 ex
1616 413 1866 482 gentibus
1894 416 1942 474 Α
1971 410 2117 467 nullo
2181 426 2379 484 genere
2434 414 2618 470 vivere
2685 417 2735 471 ci
2804 418 2963 473 debet
3019 431 3262 477 vetustas
3314 423 3545 495 litterae,

282 504 515 561 Dmnino
572 504 947 568 crediderunt,
1007 517 1115 557 non
1179 502 1506 557 videbuntur
1550 501 1652 555 sub
1704 500 1865 569 huius

275 602 401 665 viri,
435 599 488 654 id
518 605 625 659 est,
652 597 755 651 sub
781 596 914 666 legis
936 603 1203 665 potestate
1228 595 1450 657 vixisse,
1488 609 1587 649 nec
1613 594 1864 649 habuisse

277 690 454 740 virum
491 687 621 757 legis
660 701 984 740 sermonem.
1025 684 1416 739 Testimonium
1473 696 1653 739 autem
1705 685 1866 755 hujus

283 778 379 841 rei,
411 775 466 829 id
505 784 611 840 est,
643 775 785 844 quod
816 774 866 827 hi
910 773 1003 844 qui
1033 789 1097 828 ex
1138 773 1556 827 circumcisione
1589 782 1717 827 sunt
1765 772 1867 827 sub

277 871 398 927 viro
436 867 668 931 fuerint,
715 866 768 920 hi
821 873 1002 920 autem
1047 865 1140 934 qui
1181 880 1248 921 ex
1287 865 1539 935 gentibus
1567 866 1686 919 sine
1721 866 1863 932 viro,

279 961 445 1016 lsaias
469 958 740 1013 clamabat
780 957 969 1010 dicens
995 973 1008 1009 :
1042 954 1248 1009 Ltvtare
1272 956 1467 1010 sterilis
1488 972 1608 1027 quae
1632 973 1736 1010 non
1766 973 1861 1025 pa-

277 1054 353 1104 ris
377 1061 399 1102 :~
426 1062 645 1117 erumpe
674 1056 720 1100 et
761 1046 955 1110 clama,
978 1062 1096 1117 qua:
1128 1062 1231 1100 non
1262 1049 1495 1117 parturis
1518 1060 1537 1098 :
1565 1047 1866 1118 quiumulti

276 1141 377 1211 ﬁlii
403 1140 646 1203 desertre,
672 1139 841 1208 magis
868 1154 1026 1209 quam
1050 1138 1163 1208 ejus
1197 1154 1315 1209 quer
1335 1140 1487 1193 habet
1526 1141 1694 1193 virum
1723 1138 1860 1208 (lsa.

272 1247 365 1285 ’.ιγ
386 1235 419 1295 ).
465 1230 660 1285 Multos
692 1230 833 1284 tizios
858 1228 1045 1284 dicens
1072 1230 1322 1293 desertae,
1355 1230 1528 1300 magis
1553 1244 1713 1299 quam
1745 1228 1863 1295 eius

273 1336 398 1389 qua:
442 1321 609 1375 habet
642 1319 841 1384 virum,
877 1319 1004 1388 quia
1059 1318 1228 1388 multo
1272 1319 1457 1389 plures
1510 1334 1578 1374 ex
1611 1320 1863 1391 gentibus

270 1427 440 1483 (piam
497 1426 564 1466 ex
613 1410 1025 1466 circumcisione
1076 1410 1448 1476 crediderunt,
1513 1419 1570 1466 et
1630 1412 1865 1465 ostendit

274 1515 396 1555 eam
422 1515 545 1571 quae
581 1501 744 1556 habet
770 1500 979 1563 virum,
1007 1515 1334 1571 synagogam
1376 1515 1495 1554 esse
1539 1515 1658 1569 quae
1705 1500 1867 1554 habet

275 1595 482 1665 legem;
515 1593 787 1647 desertam
828 1605 961 1647 vero
982 1631 996 1656 ,
1024 1602 1080 1645 ct
1101 1605 1287 1661 vagam
1308 1631 1322 1656 ,
1346 1604 1410 1643 ac
1437 1589 1555 1643 sine
1593 1589 1699 1642 ulla
1732 1589 1865 1659 legis

270 1695 550 1758 {unc-state
576 1684 847 1739 viventem
871 1724 887 1749 ,
920 1683 1162 1753 gentium
1194 1680 1624 1745 multitudinem,
1658 1696 1778 1750 qum
1811 1690 1865 1735 ct

1969 518 2093 572 quae
2142 513 2226 559 est
2284 508 2439 575 quasi
2497 507 2649 576 pri0r
2693 508 2798 573 vir,
2852 526 2920 564 ne
2974 509 3114 566 forte
3162 513 3207 567 si
3258 513 3410 570 illum
3450 519 3547 573 ha-

1959 593 2094 648 beat
2131 594 2186 648 in
2229 610 2289 650 se
2339 596 2634 653 viventem.
2680 596 2944 654 elliciatnr
2990 601 3253 668 adultera,
3310 621 3430 675 quae
3474 608 3550 664 ita

1968 685 2207 740 secundo
2261 687 2463 741 sociata
2514 697 2620 752 est,
2683 698 2741 742 ut
2798 691 2846 745 ei
2892 692 3069 748 adhuc
3114 696 3324 751 viveret
3378 699 3546 767 prior.

1968 777 2082 832 Hoc
2107 788 2212 841 est,
2251 779 2392 847 quod
2426 794 2522 850 per
2567 781 2724 834 aliam
2767 782 3012 852 figurant,
3055 796 3108 840 et
3154 787 3207 841 in
3249 790 3551 860 superiori-

1969 870 2067 924 bus
2091 870 2249 955 dixit,
2280 869 2403 938 quia
2434 870 2567 923 mori
2595 876 2746 940 prius
2770 882 3001 942 oportet,
3035 885 3087 931 et
3121 877 3193 931 ita
3223 881 3548 951 consepeliri

1966 958 2206 1014 Christo.

2036 1048 2246 1120 Itaque,
2274 1050 2463 1120 fratres
2487 1066 2608 1105 met.
2632 1061 2678 1105 et
2709 1068 2794 1106 vos
2821 1056 3014 1108 mortui
3041 1057 3163 1111 estis
3192 1056 3301 1128 legi
3320 1072 3412 1129 per
3437 1074 3553 1113 cor-

1963 1153 2062 1206 pus
2091 1138 2305 1200 Christi,
2331 1153 2385 1195 ut
2413 1141 2528 1195 sitis
2553 1140 2771 1196 alterius
2799 1143 2888 1212 qui
2910 1160 2974 1197 ea:
2996 1147 3215 1200 mortuis
3244 1149 3548 1216 resurrexit,

1965 1244 2024 1281 ur
2052 1228 2431 1296 fructi/iremus
2450 1229 2777 1301 Deo.(Aug.)
2819 1231 2930 1285 Cur
2975 1235 3169 1287 mortui
3217 1251 3402 1291 sumus
3447 1238 3549 1309 legi

1966 1329 2062 1385 per
2085 1331 2281 1386 corpus
2306 1315 2531 1383 Christi,
2565 1318 2609 1372 si
2636 1318 2775 1372 bona
2805 1330 2889 1374 est
2916 1319 3036 1375 lex?
3073 1324 3197 1391 quia
3235 1326 3432 1380 mortui
3463 1343 3554 1381 su-

1965 1426 2087 1465 mus
2112 1410 2212 1480 legi
2246 1411 2563 1475 dominanti,
2598 1413 2810 1467 liberati
2834 1415 2902 1468 ab
2926 1431 2988 1469 ea
3023 1415 3251 1484 all‘ectu,
3280 1434 3440 1488 quam
3465 1421 3552 1476 lex

1964 1499 2119 1567 punit
2144 1508 2198 1552 et
2221 1501 2459 1567 damnat,
2489 1503 2744 1557 usitatius
2773 1504 2916 1557 enim
2942 1515 3170 1561 vocatur
3200 1507 3305 1571 lex,
3335 1511 3552 1579 quando

1965 1589 2290 1654 dominatur,
2321 1601 2374 1645 et
2406 1601 2605 1656 terret,
2642 1602 2695 1646 et
2725 1595 2998 1659 vindicat,
3038 1608 3201 1666 atque
3235 1599 3372 1653 idem
3409 1616 3551 1671 prm-

1966 1692 2181 1751 ceptum
2218 1682 2533 1737 timentibus
2574 1684 2657 1738 lex
2699 1694 2814 1746 est,
2862 1689 3168 1744 anmntibus
3195 1694 3387 1760 gratia.
3424 1693 3553 1750 inde

274 1775 482 1831 sterilis
500 1782 621 1828 erat
643 1773 843 1828 nullius
883 1772 1106 1844 legitimi
1136 1771 1285 1826 verbi
1314 1770 1596 1841 proferens
1619 1787 1860 1842 germen.
1900 1765 1941 1823 Β
1968 1781 2052 1827 cst
2081 1772 2206 1826 illud
2234 1773 2285 1826 in
2320 1773 2606 1843 Evangelio
2632 1793 2643 1827 :
2669 1773 2779 1829 Lex
2802 1792 2893 1845 per
2926 1776 3137 1848 Moysen
3161 1780 3286 1834 data
3313 1793 3409 1844 est,
3434 1800 3555 1853 gra-

281 1864 509 1919 l’onitur
546 1878 678 1934 ergo
723 1863 775 1917 in
822 1862 906 1916 his
948 1862 1019 1916 ab
1076 1860 1338 1931 Apostolo
1391 1862 1571 1926 homo,
1626 1862 1719 1930 qui
1764 1862 1865 1915 sub

274 1956 397 2025 lege
432 1956 590 2017 vivit,
635 1967 892 2025 tanquam
937 1954 1130 2010 mulier
1150 1970 1274 2025 qum
1321 1955 1422 2010 sub
1452 1955 1569 2009 viro
1611 1963 1733 2019 est;
1781 1956 1865 2009 vi-

277 2064 397 2102 rum
452 2058 632 2102 autem
672 2047 826 2117 ponit
861 2061 1169 2101 sermonem
1216 2045 1374 2117 legis,
1417 2062 1537 2116 quae
1567 2054 1744 2101 tamen
1789 2048 1866 2101 vi-

272 2154 396 2193 rum
422 2137 705 2193 mortalem
744 2137 898 2200 dicit,
927 2136 1125 2207 quiest
1149 2136 1445 2192 secundum
1470 2136 1707 2192 litteram
1746 2154 1864 2192 scr-

264 2248 366 2287 1uo
415 2232 568 2303 legis.
609 2231 716 2286 Sed
761 2231 808 2285 is
862 2230 1133 2300 quomodo
1188 2230 1260 2286 sit
1296 2238 1543 2284 mortuus
1578 2231 1866 2299 perviden-

272 2326 404 2379 dum
432 2332 535 2378 est.
558 2322 744 2377 Potest
770 2322 988 2392 quidem
1022 2321 1184 2375 etiam
1230 2321 1358 2375 mihi
1394 2322 1563 2377 videri
1601 2330 1863 2386 mortuus,

264 2431 400 2471 cum
430 2414 690 2484 spiritalis
723 2414 1076 2485 intelligentia
1105 2412 1363 2478 excludit,
1398 2422 1453 2468 ct
1494 2414 1637 2468 velut
1675 2414 1864 2468 interi-

279 2507 382 2562 mit
403 2506 766 2576 corporalem,
804 2514 861 2561 et
888 2504 1128 2560 ostendit
1152 2504 1523 2575 refugiendam
1568 2519 1689 2559 esse
1724 2505 1870 2558 occi-

277 2597 496 2650 dentem
539 2594 795 2659 litteram,
834 2603 889 2649 et
927 2603 1241 2662 sequentem
1270 2592 1649 2665 [sequendum]
1692 2593 1866 2649 viviﬁ-

272 2694 495 2740 cantem
550 2684 819 2755 spiritum.
863 2682 971 2739 Sed
1017 2692 1073 2738 et
1115 2684 1219 2738 hoc
1253 2684 1413 2738 modo
1462 2692 1707 2738 mortuus
1747 2700 1868 2739 esse

276 2776 368 2831 hic
418 2775 502 2829 \ir
532 2774 842 2841 evidentius
868 2773 1273 2844 approbabitur.
1306 2773 1517 2827 Etenim
1564 2772 1645 2828 lex
1696 2774 1868 2828 donec

273 2866 523 2920 umbram
563 2866 788 2936 gerebat
813 2863 1119 2920 futururum
1147 2865 1429 2927 bonorum,
1481 2873 1535 2920 et
1562 2865 1614 2918 in
1645 2863 1865 2917 Jerusa-

272 2956 381 3011 lem
410 2966 622 3013 terrena
674 2956 912 3011 caelestis
938 2954 1165 3009 cultum
1193 2966 1353 3026 typus
1394 2966 1449 3010 et
1480 2956 1660 3026 imago
1702 2970 1865 3024 gere-

276 3050 459 3113 batur,
488 3057 545 3103 et
570 3049 742 3104 altare
777 3048 1031 3103 manebat
1069 3062 1134 3101 ac
1172 3047 1557 3110 sacerdotium,
1588 3061 1768 3101 sermo
1795 3047 1868 3101 le-

270 3140 381 3211 gis,
414 3109 593 3194 littera
614 3138 890 3202 videlicet,
910 3137 1092 3192 vivere
1113 3138 1417 3191 videbatur.
1447 3109 1693 3192 Nondum
1718 3138 1865 3192 enim
1893 3109 1940 3172 (ἶ

280 3228 566 3284 introierat
599 3229 652 3283 in
680 3238 868 3284 sancta
895 3242 999 3282 non
1033 3226 1339 3282 manufacta
1364 3227 1629 3290 Christus,
1664 3242 1765 3283 nec
1784 3242 1869 3283 ac-

276 3328 524 3377 cesserat
560 3321 629 3378 ad
651 3320 893 3377 velamen
923 3320 1170 3384 interius,
1190 3319 1330 3389 quod
1359 3319 1424 3374 ad
1454 3314 1707 3373 Hebraeos
1734 3318 1868 3373 scri-

278 3412 416 3467 bens
445 3411 739 3482 Apostolus
786 3422 1009 3467 carnem
1049 3409 1251 3467 Christi
1303 3423 1426 3464 esse
1482 3409 1868 3477 interpretatur

281 3502 471 3574 (Hebr.
507 3502 587 3575 ι).
617 3501 719 3559 Ubi
740 3500 1126 3565 vero,Verbum
1155 3515 1277 3553 caro
1300 3499 1497 3568 factum
1518 3509 1615 3563 est,
1642 3508 1688 3552 et
1718 3498 1870 3552 habi-

281 3594 411 3649 tauit
442 3594 498 3648 in
538 3593 689 3648 nobis
724 3592 909 3664 (lacn.
947 3589 1010 3664 ι),
1046 3606 1077 3644 a
1114 3589 1403 3660 prmsentia
1429 3588 1547 3657 ejus
1567 3588 1866 3644 Jerusalem

283 3694 500 3741 terrena
521 3698 644 3740 eum
668 3684 866 3754 templo
891 3689 947 3738 et
973 3681 1151 3746 altari,
1168 3690 1330 3751 atque
1361 3680 1614 3736 omnibus
1636 3696 1757 3749 qua:
1792 3680 1866 3735 ibi

282 3777 612 3847 gerebantur
653 3790 842 3833 eversa
893 3781 997 3831 est.
1047 3772 1199 3828 Tunc
1245 3780 1496 3828 mortuus
1527 3771 1612 3828 vir
1632 3771 1771 3841 ejus,
1809 3771 1862 3825 id

280 3876 403 3932 est,
449 3868 743 3924 seclmdum
790 3865 1028 3920 litteram
1064 3864 1182 3918 'lex.
1233 3863 1315 3916 An
1366 3876 1471 3916 non
1510 3861 1634 3931 jure
1671 3860 1869 3915 dicitur

284 3959 341 4013 in
372 3959 475 4014 hac
518 3965 677 4028 parte
715 3964 961 4011 mortuus
1004 3969 1183 4010 sermo
1210 3952 1365 4023 legis,
1397 3953 1483 4007 cui
1518 3951 1661 4006 nulla
1697 3951 1868 4006 sacri-

283 4047 430 4113 ﬁcia,
461 4047 666 4102 nullum
689 4044 1076 4109 sacerdotium,
1106 4042 1252 4097 nulla
1277 4042 1501 4097 Levitici
1528 4042 1739 4097 ordinis
1769 4043 1870 4095 mi—

284 4136 897 4194 nisteria-deferuntur?
925 4134 1260 4190 Homicidam
1295 4135 1490 4203 punire
1524 4149 1629 4189 nou
1661 4141 1863 4204 potest,

282 4247 388 4288 nec
431 4232 732 4287 adulteram
799 4230 1073 4301 lapidare;
1130 4228 1245 4282 lucc
1291 4227 1435 4282 enim
1477 4228 1578 4282 sibi
1634 4227 1868 4283 vindicat

276 4326 655 4381 Romanorum
708 4330 964 4393 potestas,
1002 4330 1059 4376 et
1103 4320 1321 4375 dubitas
1357 4320 1534 4374 adhuc
1567 4319 1612 4375 si
1655 4327 1865 4375 mortua

285 4418 360 4474 sit
404 4417 700 4474 secundum
737 4415 974 4470 litteram
1012 4412 1141 4467 lex?
1196 4412 1305 4468 Ter
1333 4413 1386 4466 in
1427 4426 1571 4466 anno
1605 4427 1866 4482 apparere

287 4507 518 4564 Domino
565 4505 743 4560 omnis
797 4502 1070 4558 masculus
1131 4514 1241 4556 non
1294 4502 1576 4566 ascendit;
1631 4502 1748 4556 ovis
1810 4502 1866 4557 in

279 4598 583 4656 feativitate
602 4597 825 4652 Pascha:
861 4595 916 4650 in
957 4594 1178 4650 civitate
1202 4593 1624 4664 quanrclegisse
1650 4602 1873 4665 putatur

287 4692 549 4748 Dominus
593 4691 736 4745 Deus
768 4688 927 4743 inulla
951 4684 1249 4755 iugulatur,
1296 4685 1553 4755 manipuli
1601 4685 1871 4755 primitia-

287 4797 411 4838 rum
443 4792 547 4835 non
572 4778 893 4843 onerantur,
922 4768 1067 4831 nulla
1109 4775 1418 4830 celebratur
1459 4773 1694 4841 oblatio;
1726 4775 1871 4830 nulla

288 4874 464 4945 lepra,
513 4869 660 4925 nulla
690 4868 952 4939 expiatur
982 4864 1346 4920 immunditla.
1379 4863 1445 4917 Et
1487 4863 1724 4918 dubitari
1773 4878 1875 4933 po-

288 4971 400 5021 test
448 4962 502 5017 iu
538 4960 623 5017 his
649 4960 905 5015 omnibus
936 4965 1205 5012 mortuam
1246 4969 1368 5010 esse
1410 4953 1643 5008 litteram
1697 4953 1875 5026 legis?

288 5055 427 5113 Cum
457 5066 589 5127 ergo
615 5050 875 5109 claruerit
923 5049 1160 5120 pertinace
1197 5046 1378 5101 omnia
1432 5054 1705 5100 mortuum
1753 5061 1876 5102 esse

292 5147 475 5203 virum
518 5145 776 5216 priorem,
815 5140 958 5196 nulla
988 5136 1368 5211 praevaricatio
1395 5144 1478 5191 est
1508 5135 1726 5191 Christo
1756 5145 1876 5191 tan-

292 5252 457 5311 quam
493 5237 611 5292 viro
641 5235 798 5291 alteri
834 5231 1055 5297 scciari,
1095 5229 1238 5285 sicut
1280 5227 1493 5283 mulieri
1535 5228 1741 5284 crimen
1769 5243 1875 5283 non

288 5338 379 5385 est
399 5328 487 5394 ἐξ,
518 5328 638 5383 viro
667 5326 847 5397 priore
885 5322 1164 5388 defuncto,
1188 5319 1447 5390 suscipiat
1473 5319 1709 5374 secunda
1742 5335 1873 5374 con-

295 5420 484 5481 nubia,
534 5426 589 5472 ct
634 5422 922 5487 propterea
971 5412 1123 5478 dicit,
1184 5413 1346 5483 igitur
1382 5412 1577 5465 virente
1639 5413 1751 5466 viro
1790 5428 1876 5467 co-

295 5508 689 5582 gnominabitur
721 5506 983 5569 adultera,
1028 5504 1074 5558 si
1125 5505 1284 5574 fuerit
1330 5520 1449 5557 cum
1492 5503 1599 5556 alio
1631 5504 1765 5569 viro,
1817 5513 1877 5558 ut

297 5599 554 5653 ostendat
582 5597 711 5667 quia
756 5604 814 5651 et
858 5595 1039 5649 anima
1089 5593 1344 5657 hominis,
1390 5591 1433 5646 si
1470 5592 1580 5662 jam
1629 5593 1773 5648 venit
1811 5593 1878 5648 ad

299 5692 601 5756 Christum,
624 5698 678 5746 et
702 5687 919 5745 Christo
946 5686 1092 5743 velut
1119 5685 1351 5741 secundo
1381 5684 1499 5739 viro
1540 5684 1743 5740 sociata
1773 5692 1876 5752 cst,

1896 4468 1945 4527 D

1968 1865 2040 1917 tia
2062 1873 2110 1918 et
2140 1866 2329 1919 veritas
2355 1883 2447 1935 per
2475 1864 2659 1920 Iesum
2693 1866 2957 1923 Christum
2996 1871 3135 1939 facta
3166 1883 3242 1927 est
3269 1873 3451 1944 (Joan.
3477 1882 3549 1944 1);

1968 1958 2152 2012 eadem
2171 1958 2365 2027 quippe
2380 1957 2463 2012 lex
2481 1973 2599 2026 quae
2614 1972 2710 2028 per
2723 1958 2938 2030 Moysen
2955 1962 3077 2015 data
3095 1973 3200 2028 est,
3221 1974 3279 2018 ut
3303 1965 3555 2021 formida-

1968 2054 2139 2111 retur,
2162 2048 2336 2117 gratia
2359 2055 2413 2100 et
2434 2048 2639 2101 veritas
2661 2062 2757 2116 per
2780 2048 2961 2102 Jesum
2985 2050 3258 2106 Christum
3284 2052 3422 2108 facta
3447 2064 3549 2121 est,

1971 2144 2030 2190 ut
2056 2137 2390 2206 impleretur.
2424 2136 2515 2192 Sic
2546 2153 2675 2207 ergo
2701 2138 2904 2193 dictmn
2936 2148 3037 2206 est,
3062 2144 3256 2196 mortui
3285 2145 3405 2198 estis
3429 2144 3551 2215 legi,

1969 2243 2032 2282 ac
2064 2229 2107 2281 si
2140 2228 2414 2282 diceretur
2451 2230 2649 2283 mortui
2688 2230 2820 2284 estis
2855 2231 3118 2300 supplicio
3145 2232 3280 2302 legis
3307 2248 3406 2302 per
3434 2252 3540 2291 cor-

1966 2333 2069 2389 pus
2097 2317 2297 2372 Christi
2323 2359 2336 2379 ,
2374 2332 2471 2387 per
2500 2321 2641 2387 quod
2682 2328 2809 2373 sunt
2839 2321 3033 2375 delicta
3065 2322 3294 2388 donata,
3326 2340 3447 2394 quae
3473 2326 3555 2381 le-

1968 2407 2155 2477 gitimo
2204 2408 2463 2479 supplicio
2506 2411 2967 2481 constringebant.
3012 2412 3240 2488 (Ambr.)
3288 2415 3552 2484 Quoniam

1968 2496 2220 2552 Salvator
2251 2514 2448 2568 corpus
2491 2515 2646 2554 suum
2687 2501 2905 2557 diabolo
2934 2504 3251 2576 cruciﬁgere
3284 2510 3554 2577 permisit,

1968 2588 2149 2643 sciens
2186 2604 2306 2643 esse
2345 2604 2443 2660 pro
2479 2590 2634 2645 nobis
2669 2601 2724 2646 et
2764 2601 2951 2647 contra
2995 2594 3177 2660 illum;
3221 2596 3424 2653 idcirco
3460 2615 3559 2668 per

1969 2693 2164 2748 corpus
2187 2678 2388 2733 Christi
2415 2679 2591 2734 salvos
2622 2694 2723 2735 nos
2749 2682 2881 2736 dicit
2906 2682 3098 2739 factos.
3127 2684 3260 2740 Mori
3283 2687 3426 2742 enim
3447 2687 3559 2761 legi

1971 2770 2151 2824 vivere
2193 2781 2271 2824 cst
2314 2771 2421 2825 Deo
2457 2789 2468 2824 :
2501 2772 2622 2840 quia
2653 2772 2735 2825 lex
2769 2772 3137 2829 dominabitur
3160 2779 3555 2846 peccatoribus.

1969 2859 2066 2915 Cui
2099 2877 2229 2933 ergo
2256 2863 2600 2919 dimittuntur
2628 2875 2871 2935 peccata,
2901 2869 3131 2922 moritur
3161 2870 3261 2941 legi
3287 2912 3302 2936 ,
3343 2871 3447 2927 hoc
3476 2880 3562 2928 est

1969 2951 2187 3007 liberari
2219 2970 2247 3006 a
2273 2952 2408 3025 lege.
2435 2953 2620 3026 itaque
2646 2969 2742 3023 per
2764 2971 2962 3025 corpus
2989 2955 3190 3014 Christi
3221 2960 3321 3014 hoc
3364 2976 3559 3018 consc-

1956 3042 2191 3113 ‘quimur
2215 3042 2537 3099 beneficium
2568 3064 2580 3098 :
2617 3045 2835 3100 tradens
2858 3046 3001 3100 enim
3031 3062 3231 3119 corpus
3259 3064 3415 3104 suum
3443 3049 3561 3105 Sal-

1969 3141 2126 3188 vator
2150 3141 2379 3188 mortem
2414 3133 2576 3200 vicit,
2616 3145 2667 3190 et
2705 3146 2985 3204 peccatum
3020 3139 3327 3204 damnavit,
3361 3139 3413 3194 in
3443 3142 3560 3210 ipso

1968 3224 2112 3277 enim
2146 3224 2390 3293 peccavit
2421 3224 2687 3291 diabolus,
2717 3240 2838 3280 cum
2867 3227 3016 3281 illum
3042 3228 3382 3284 innocentem
3410 3231 3560 3286 occi-

1969 3316 2078 3382 dit,
2106 3317 2197 3386 qui
2232 3324 2513 3387 pcccatum
2558 3318 2779 3372 omnino
2817 3319 3050 3375 nesciret
3087 3338 3100 3374 :
3139 3335 3261 3375 cum
3288 3322 3430 3376 enim
3456 3324 3556 3378 ho-

1966 3406 2168 3461 minem
2196 3406 2297 3461 sibi
2325 3408 2534 3477 peccati
2567 3423 2729 3464 causa
2760 3408 3095 3477 defenderet,
3124 3411 3372 3467 inventus
3402 3423 3481 3468 est
3508 3414 3560 3469 in

1954 3510 2034 3553 ‘eo
2063 3512 2208 3562 reus,
2234 3498 2288 3551 in
2316 3513 2424 3568 quo
2452 3500 2759 3554 accusabat.
2795 3499 2931 3554 Hinc
2958 3500 3159 3556 factum
3184 3512 3269 3557 est
3294 3511 3352 3557 ut
3372 3520 3562 3561 omnes

1969 3589 2255 3643 credentes
2279 3589 2335 3642 in
2359 3587 2635 3644 Christum
2667 3598 2929 3644 eruantur
2955 3606 2985 3645 a
3018 3592 3153 3662 lege,
3188 3592 3401 3648 sublato
3432 3610 3559 3665 pec-

1969 3687 2120 3743 cato,
2147 3679 2275 3749 quia
2316 3679 2518 3734 victum
2544 3688 2827 3749 peccatum
2849 3721 2864 3745 ,
2893 3682 3035 3750 quod
3053 3681 3434 3767 est‘liabolus,
3458 3700 3559 3756 per

1968 3786 2165 3841 corpus
2195 3770 2398 3826 Christi
2424 3787 2532 3826 non
2558 3771 2721 3826 habet
2743 3773 3119 3829 auctoritatem
3150 3775 3203 3828 in
3232 3790 3327 3830 eos
3361 3778 3453 3846 qui
3491 3780 3559 3834 ad

1946 3862 2116 3918 illum
2160 3865 2467 3934 pertinent,
2513 3880 2542 3917 a
2586 3880 2694 3935 quo
2734 3864 2910 3918 victus
2956 3875 3058 3918 est.
3092 3865 3227 3920 Dum
3274 3867 3419 3922 enim
3452 3884 3558 3924 non

1950 3965 2156 4028 peccat
2204 3963 2259 4009 et
2300 3955 2567 4011 occiditur
2607 3955 2759 4024 quasi
2806 3970 2958 4018 reus,
2999 3956 3127 4011 vicit
3172 3968 3454 4027 peccatum
3493 3961 3561 4015 de

1954 4053 2221 4118 peccato,
2245 4045 2347 4099 hoc
2372 4054 2454 4099 est
2484 4044 2755 4099 diabolum
2790 4043 3010 4115 proprio
3040 4058 3294 4115 peccato,
3325 4049 3467 4118 qtlod
3506 4049 3560 4104 in

1950 4153 2033 4194 ‘eo
2056 4134 2293 4201 a‘dmisit,
2324 4136 2621 4200 damnavit,
2646 4144 2702 4190 et
2728 4137 3148 4206 chirographum
3172 4136 3312 4208 quod
3340 4148 3564 4207 peccato

1966 4228 2097 4282 Adin
2121 4226 2397 4282 decretum
2420 4232 2557 4289 erat,
2590 4225 2803 4287 delevit,
2830 4226 3044 4295 quando
3070 4226 3138 4281 ab
3165 4225 3355 4282 inferis
3381 4243 3560 4283 resur-

1968 4318 2128 4382 rexit,
2163 4318 2286 4370 data
2320 4313 2625 4383 huiusmodi
2656 4314 2827 4368 forma
2869 4316 3215 4370 credentibus
3254 4316 3392 4383 sibi,
3437 4326 3496 4371 ut
3530 4333 3561 4374 a

1968 4418 2141 4464 morte
2168 4407 2401 4463 secunda
2429 4407 2599 4461 teneri
2623 4422 2727 4461 non
2756 4413 2996 4477 possent.
3034 4406 3113 4461 Ac
3139 4422 3236 4477 per
3270 4406 3372 4463 hoc
3412 4425 3560 4464 mor—

1975 4499 2050 4554 tui
2077 4513 2264 4553 sumus
2286 4497 2389 4567 legi
2412 4512 2509 4566 per
2530 4512 2729 4567 corpus
2748 4496 2949 4552 Christi
2977 4515 2990 4551 :
3016 4497 3107 4569 qui
3130 4499 3272 4553 enim
3296 4499 3397 4571 legi
3423 4518 3562 4557 mor-

1973 4597 2098 4645 tuus
2128 4605 2234 4645 non
2262 4589 2451 4654 fuerit,
2484 4604 2609 4644 reus
2637 4598 2736 4655 est,
2768 4598 2825 4644 et
2852 4590 2941 4658 qui
2975 4607 3098 4646 reus
3122 4602 3235 4658 est,
3266 4597 3559 4652 secundam

1961 4692 2201 4739 'mortem
2229 4681 2462 4737 evadere
2488 4698 2593 4738 non
2621 4690 2817 4751 potest.
2843 4680 3041 4755 (θήῃ.)
3072 4681 3233 4740 Vides
3268 4690 3557 4755 quomodo,

1976 4776 2103 4843 licet
2137 4775 2429 4847 figurarum
2461 4775 2749 4830 diversitas
2780 4775 3060 4845 videatur,
3089 4778 3156 4831 ad
3185 4794 3351 4832 unum
3380 4787 3560 4834 tamen

1976 4882 2192 4922 sensum
2221 4875 2415 4922 cuncta
2448 4875 2789 4921 revocantur.
2822 4864 2956 4920 Nam
2996 4873 3051 4921 et
3088 4866 3230 4937 quod
3265 4867 3436 4939 legem
3466 4884 3557 4923 no-

1981 4958 2061 5012 bis
2108 4966 2375 5011 mortuam
2417 4956 2573 5020 dicit,
2596 4955 2697 5011 hoc
2729 4956 2868 5009 idem
2902 4954 3110 5008 videtur
3137 4954 3382 5026 intelligi,
3418 4955 3562 5025 quod

1979 5056 2034 5105 et
2091 5067 2189 5104 nos
2242 5049 2440 5104 mortui
2484 5064 2670 5103 sumus
2718 5047 2820 5119 legi
2861 5063 2958 5117 per
3004 5062 3202 5117 corpus
3232 5043 3457 5114 Christi,
3513 5046 3573 5101 in

1979 5157 2087 5212 quo
2133 5156 2361 5210 corpore
2418 5140 2732 5209 iniquitates
2793 5147 3010 5195 nostras
3060 5140 3210 5206 tulit,
3250 5149 3306 5195 et
3338 5148 3561 5211 peccata

1980 5240 2168 5287 nostra
2195 5230 2431 5303 portavit
2461 5228 2595 5301 (Ira.
2629 5229 2744 5292 un)
2764 5269 2780 5295 ,
2809 5238 2865 5284 et
2891 5230 2943 5287 in
2980 5246 3086 5300 quo
3116 5232 3265 5286 exuit
3294 5231 3589 5302 principa-v

1986 5330 2072 5377 tus
2099 5330 2151 5376 et
2172 5328 2486 5392 potestates,
2510 5319 2846 5388 triumphans
2870 5333 2965 5375 eos
2987 5319 3040 5375 in
3065 5320 3372 5392 semetipso.
3388 5319 3555 5375 Festi.

1983 5413 2220 5466 nandmu
2262 5420 2346 5464 est
2373 5424 2502 5480 ergo
2546 5408 2612 5464 ad
2657 5408 2785 5462 istas
2831 5409 3096 5465 secundas
3140 5410 3397 5480 nuptias,
3444 5422 3566 5478 qua:

1985 5502 2255 5558 beatiores
2283 5507 2408 5554 sunt
2436 5498 2601 5553 multo
2642 5512 2803 5568 quam
2835 5497 3042 5567 primae.
3086 5498 3152 5553 Et
3188 5500 3310 5555 vide
3343 5498 3386 5553 si
3431 5496 3566 5556 forte

1981 5590 2096 5661 jam
2135 5600 2247 5644 tum
2292 5590 2375 5646 lex
2411 5587 2547 5651 tale,
2577 5587 2759 5643 nescio
2789 5586 2951 5658 quid,
2985 5586 3338 5645 adumbrabat
3376 5588 3432 5643 in
3474 5602 3562 5650 eo,

1987 5696 2109 5737 cum
2132 5679 2354 5751 iubebat
2379 5688 2440 5735 ut
2483 5677 2700 5744 mulier,
2744 5687 2957 5735 mortuo
2985 5679 3165 5749 priore
3194 5679 3326 5741 viro,
3359 5677 3426 5733 de
3456 5690 3565 5745 quo
