  <div class='ocr_page' id='page_1' title='image "/cluster/home/n/w/nwhite01/storage/ocr_20150623/111/hvd.32044054759766/709.png"; bbox 0 0 3998 6202; ppageno 0'>
   <div class='ocr_carea' id='block_1_1' title="bbox 558 304 688 360">
    <p class='ocr_par' dir='ltr' id='par_1_1' title="bbox 558 304 688 360">
     <span class='ocr_line' id='line_1_1' title="bbox 558 304 688 360; baseline -0.023 0"><span class='ocrx_word' id='word_1_1' title='bbox 558 304 688 360; x_wconf 71' lang='grc' dir='ltr'><strong>ΝΗ</strong></span> 
     </span>
    </p>
   </div>
   <div class='ocr_carea' id='block_1_2' title="bbox 1155 264 2179 346">
    <p class='ocr_par' dir='ltr' id='par_1_2' title="bbox 1155 275 2179 346">
     <span class='ocr_line' id='line_1_2' title="bbox 1155 275 2179 346; baseline -0.015 -1"><span class='ocrx_word' id='word_1_2' title='bbox 1155 290 1219 346; x_wconf 84' lang='grc' dir='ltr'><strong>Β.</strong></span> <span class='ocrx_word' id='word_1_3' title='bbox 1256 284 1511 343; x_wconf 75' lang='lat' dir='ltr'><strong>BABANI</strong></span> <span class='ocrx_word' id='word_1_4' title='bbox 1549 282 1766 340; x_wconf 69' lang='lat' dir='ltr'><strong>MAURI</strong></span> <span class='ocrx_word' id='word_1_5' title='bbox 1805 276 2121 337; x_wconf 77' lang='lat' dir='ltr'><strong>ARCHIEP.</strong></span> <span class='ocrx_word' id='word_1_6' title='bbox 2162 275 2179 330; x_wconf 82' lang='lat' dir='ltr'><strong>l</strong></span> 
     </span>
    </p>
   </div>
   <div class='ocr_carea' id='block_1_3' title="bbox 2222 264 3135 346">
    <p class='ocr_par' dir='ltr' id='par_1_3' title="bbox 2222 264 3135 333">
     <span class='ocr_line' id='line_1_3' title="bbox 2222 264 3135 333; baseline -0.015 1"><span class='ocrx_word' id='word_1_7' title='bbox 2222 271 2469 333; x_wconf 77' lang='lat' dir='ltr'><strong>DGUNT.</strong></span> <span class='ocrx_word' id='word_1_8' title='bbox 2506 267 2795 328; x_wconf 72' lang='lat' dir='ltr'><strong>OPERUM</strong></span> <span class='ocrx_word' id='word_1_9' title='bbox 2832 264 3015 322; x_wconf 76' lang='lat' dir='ltr'><strong>PARS</strong></span> <span class='ocrx_word' id='word_1_10' title='bbox 3048 264 3135 321; x_wconf 81' lang='lat' dir='ltr'><strong>Ill.</strong></span> 
     </span>
    </p>
   </div>
   <div class='ocr_carea' id='block_1_4' title="bbox 3615 261 3728 319">
    <p class='ocr_par' dir='ltr' id='par_1_4' title="bbox 3615 261 3728 319">
     <span class='ocr_line' id='line_1_4' title="bbox 3615 261 3728 319; baseline -0.035 -1"><span class='ocrx_word' id='word_1_11' title='bbox 3615 261 3728 319; x_wconf 72' lang='lat' dir='ltr'><strong>illi</strong></span> 
     </span>
    </p>
   </div>
   <div class='ocr_carea' id='block_1_5' title="bbox 558 379 3731 476">
    <p class='ocr_par' dir='ltr' id='par_1_5' title="bbox 558 379 3731 476">
     <span class='ocr_line' id='line_1_5' title="bbox 558 379 3731 476; baseline -0.014 -3"><span class='ocrx_word' id='word_1_12' title='bbox 558 429 741 473; x_wconf 84' lang='lat' dir='ltr'><strong>semen</strong></span> <span class='ocrx_word' id='word_1_13' title='bbox 764 426 869 467; x_wconf 93' lang='lat' dir='ltr'><strong>non</strong></span> <span class='ocrx_word' id='word_1_14' title='bbox 890 411 1205 476; x_wconf 89' lang='lat' dir='ltr'><strong>susceperat</strong></span> <span class='ocrx_word' id='word_1_15' title='bbox 1236 402 1384 472; x_wconf 90' lang='lat' dir='ltr'><strong>(talis</strong></span> <span class='ocrx_word' id='word_1_16' title='bbox 1402 399 1547 454; x_wconf 90' lang='lat' dir='ltr'><strong>enim</strong></span> <span class='ocrx_word' id='word_1_17' title='bbox 1588 397 1765 451; x_wconf 77' lang='lat' dir='ltr'><strong>fuerat</strong></span> <span class='ocrx_word' id='word_1_18' title='bbox 1782 395 1876 464; x_wconf 86' lang='lat' dir='ltr'><strong>qui</strong></span> <span class='ocrx_word' id='word_1_19' title='bbox 1899 392 2135 447; x_wconf 82' lang='lat' dir='ltr'><strong>fructum</strong></span> <span class='ocrx_word' id='word_1_20' title='bbox 2161 397 2211 457; x_wconf 79' lang='grc' dir='ltr'><strong>Λ</strong></span> <span class='ocrx_word' id='word_1_21' title='bbox 2238 398 2420 444; x_wconf 89' lang='lat' dir='ltr'><strong>autem</strong></span> <span class='ocrx_word' id='word_1_22' title='bbox 2449 387 2638 442; x_wconf 90' lang='lat' dir='ltr'><strong>mortis</strong></span> <span class='ocrx_word' id='word_1_23' title='bbox 2664 386 2787 441; x_wconf 79' lang='lat' dir='ltr'><strong>ideo</strong></span> <span class='ocrx_word' id='word_1_24' title='bbox 2814 382 2960 438; x_wconf 87' lang='lat' dir='ltr'><strong>dicta</strong></span> <span class='ocrx_word' id='word_1_25' title='bbox 2989 389 3096 445; x_wconf 89' lang='lat' dir='ltr'><strong>est,</strong></span> <span class='ocrx_word' id='word_1_26' title='bbox 3127 379 3247 449; x_wconf 88' lang='lat' dir='ltr'><strong>quia</strong></span> <span class='ocrx_word' id='word_1_27' title='bbox 3271 379 3416 449; x_wconf 90' lang='lat' dir='ltr'><strong>punit</strong></span> <span class='ocrx_word' id='word_1_28' title='bbox 3442 392 3567 437; x_wconf 85' lang='lat' dir='ltr'><strong>reos,</strong></span> <span class='ocrx_word' id='word_1_29' title='bbox 3584 387 3731 438; x_wconf 66' lang='lat' dir='ltr'><strong>mni.</strong></span> 
     </span>
    </p>
   </div>
   <div class='ocr_carea' id='block_1_6' title="bbox 561 479 2138 575">
    <p class='ocr_par' dir='ltr' id='par_1_6' title="bbox 561 479 2138 575">
     <span class='ocr_line' id='line_1_6' title="bbox 561 479 2138 575; baseline -0.018 -11"><span class='ocrx_word' id='word_1_30' title='bbox 561 522 668 563; x_wconf 87' lang='lat' dir='ltr'><strong>non</strong></span> <span class='ocrx_word' id='word_1_31' title='bbox 683 510 865 575; x_wconf 85' lang='lat' dir='ltr'><strong>posset</strong></span> <span class='ocrx_word' id='word_1_32' title='bbox 886 494 1122 565; x_wconf 73' lang='lat' dir='ltr'><strong>afferre),</strong></span> <span class='ocrx_word' id='word_1_33' title='bbox 1151 492 1433 561; x_wconf 87' lang='lat' dir='ltr'><strong>juberetur</strong></span> <span class='ocrx_word' id='word_1_34' title='bbox 1472 487 1628 542; x_wconf 81' lang='lat' dir='ltr'><strong>fratri</strong></span> <span class='ocrx_word' id='word_1_35' title='bbox 1647 486 1763 555; x_wconf 79' lang='lat' dir='ltr'><strong>ejus</strong></span> <span class='ocrx_word' id='word_1_36' title='bbox 1778 483 2011 547; x_wconf 85' lang='lat' dir='ltr'><strong>nubere;</strong></span> <span class='ocrx_word' id='word_1_37' title='bbox 2035 479 2138 536; x_wconf 79' lang='lat' dir='ltr'><strong>fra-</strong></span> 
     </span>
    </p>
   </div>
   <div class='ocr_carea' id='block_1_7' title="bbox 566 572 2138 655">
    <p class='ocr_par' dir='ltr' id='par_1_7' title="bbox 566 572 2138 655">
     <span class='ocr_line' id='line_1_7' title="bbox 566 572 2138 655; baseline -0.018 -2"><span class='ocrx_word' id='word_1_38' title='bbox 566 611 651 655; x_wconf 91' lang='lat' dir='ltr'><strong>ter</strong></span> <span class='ocrx_word' id='word_1_39' title='bbox 671 572 815 652; x_wconf 79' lang='lat' dir='ltr'><strong>enim</strong></span> <span class='ocrx_word' id='word_1_40' title='bbox 838 593 1046 648; x_wconf 86' lang='lat' dir='ltr'><strong>videtur</strong></span> <span class='ocrx_word' id='word_1_41' title='bbox 1068 587 1202 655; x_wconf 81' lang='lat' dir='ltr'><strong>legis</strong></span> <span class='ocrx_word' id='word_1_42' title='bbox 1227 585 1420 639; x_wconf 67' lang='lat' dir='ltr'><strong>litterae</strong></span> <span class='ocrx_word' id='word_1_43' title='bbox 1438 577 1732 635; x_wconf 90' lang='lat' dir='ltr'><strong>secundum</strong></span> <span class='ocrx_word' id='word_1_44' title='bbox 1757 575 2002 644; x_wconf 87' lang='lat' dir='ltr'><strong>spiritum</strong></span> <span class='ocrx_word' id='word_1_45' title='bbox 2029 572 2138 635; x_wconf 76' lang='lat' dir='ltr'><strong>lex,</strong></span> 
     </span>
    </p>
   </div>
   <div class='ocr_carea' id='block_1_8' title="bbox 569 664 2143 757">
    <p class='ocr_par' dir='ltr' id='par_1_8' title="bbox 569 664 2143 757">
     <span class='ocr_line' id='line_1_8' title="bbox 569 664 2143 757; baseline -0.02 -11"><span class='ocrx_word' id='word_1_46' title='bbox 569 703 629 745; x_wconf 90' lang='lat' dir='ltr'><strong>ut</strong></span> <span class='ocrx_word' id='word_1_47' title='bbox 651 689 716 744; x_wconf 89' lang='lat' dir='ltr'><strong>de</strong></span> <span class='ocrx_word' id='word_1_48' title='bbox 747 688 863 757; x_wconf 89' lang='lat' dir='ltr'><strong>ipso</strong></span> <span class='ocrx_word' id='word_1_49' title='bbox 886 682 1057 751; x_wconf 82' lang='lat' dir='ltr'><strong>magis</strong></span> <span class='ocrx_word' id='word_1_50' title='bbox 1080 677 1270 732; x_wconf 91' lang='lat' dir='ltr'><strong>mulier</strong></span> <span class='ocrx_word' id='word_1_51' title='bbox 1292 672 1484 729; x_wconf 66' lang='lat' dir='ltr'><strong>aderat</strong></span> <span class='ocrx_word' id='word_1_52' title='bbox 1506 671 1731 725; x_wconf 77' lang='lat' dir='ltr'><strong>fructus.</strong></span> <span class='ocrx_word' id='word_1_53' title='bbox 1760 667 1867 723; x_wconf 86' lang='lat' dir='ltr'><strong>Sed</strong></span> <span class='ocrx_word' id='word_1_54' title='bbox 1894 667 2007 721; x_wconf 70' lang='lat' dir='ltr'><strong>bzec</strong></span> 
     </span>
    </p>
   </div>
   <div class='ocr_carea' id='block_1_9' title="bbox 570 754 2147 836">
    <p class='ocr_par' dir='ltr' id='par_1_9' title="bbox 570 754 2147 836">
     <span class='ocr_line' id='line_1_9' title="bbox 570 754 2147 836; baseline -0.016 -2"><span class='ocrx_word' id='word_1_55' title='bbox 570 780 693 835; x_wconf 89' lang='lat' dir='ltr'><strong>nius</strong></span> <span class='ocrx_word' id='word_1_56' title='bbox 735 754 789 830; x_wconf 80' lang='lat' dir='ltr'><strong>in</strong></span> <span class='ocrx_word' id='word_1_57' title='bbox 817 774 947 827; x_wconf 90' lang='lat' dir='ltr'><strong>locis</strong></span> <span class='ocrx_word' id='word_1_58' title='bbox 976 770 1087 825; x_wconf 86' lang='lat' dir='ltr'><strong>suis</strong></span> <span class='ocrx_word' id='word_1_59' title='bbox 1110 765 1477 836; x_wconf 84' lang='lat' dir='ltr'><strong>requirentur.</strong></span> <span class='ocrx_word' id='word_1_60' title='bbox 1507 761 1657 815; x_wconf 85' lang='lat' dir='ltr'><strong>Nune</strong></span> <span class='ocrx_word' id='word_1_61' title='bbox 1689 766 1894 823; x_wconf 86' lang='lat' dir='ltr'><strong>autem,</strong></span> <span class='ocrx_word' id='word_1_62' title='bbox 1924 765 1982 811; x_wconf 91' lang='lat' dir='ltr'><strong>ut</strong></span> <span class='ocrx_word' id='word_1_63' title='bbox 2007 754 2147 809; x_wconf 77' lang='lat' dir='ltr'><strong>disi-</strong></span> 
     </span>
    </p>
   </div>
   <div class='ocr_carea' id='block_1_10' title="bbox 572 847 2145 937">
    <p class='ocr_par' dir='ltr' id='par_1_10' title="bbox 572 847 2145 937">
     <span class='ocr_line' id='line_1_10' title="bbox 572 847 2145 937; baseline -0.017 -12"><span class='ocrx_word' id='word_1_64' title='bbox 572 885 712 934; x_wconf 89' lang='lat' dir='ltr'><strong>mus,</strong></span> <span class='ocrx_word' id='word_1_65' title='bbox 745 866 891 937; x_wconf 85' lang='lat' dir='ltr'><strong>prius</strong></span> <span class='ocrx_word' id='word_1_66' title='bbox 924 858 1258 916; x_wconf 88' lang='lat' dir='ltr'><strong>moriendum</strong></span> <span class='ocrx_word' id='word_1_67' title='bbox 1306 864 1389 910; x_wconf 89' lang='lat' dir='ltr'><strong>est</strong></span> <span class='ocrx_word' id='word_1_68' title='bbox 1432 852 1533 922; x_wconf 86' lang='lat' dir='ltr'><strong>legi</strong></span> <span class='ocrx_word' id='word_1_69' title='bbox 1568 851 1779 915; x_wconf 67' lang='lat' dir='ltr'><strong>litterae,</strong></span> <span class='ocrx_word' id='word_1_70' title='bbox 1807 856 1866 901; x_wconf 92' lang='lat' dir='ltr'><strong>ut</strong></span> <span class='ocrx_word' id='word_1_71' title='bbox 1904 847 1984 901; x_wconf 88' lang='lat' dir='ltr'><strong>sic</strong></span> <span class='ocrx_word' id='word_1_72' title='bbox 2020 861 2145 900; x_wconf 80' lang='lat' dir='ltr'><strong>con-</strong></span> 
     </span>
    </p>
   </div>
   <div class='ocr_carea' id='block_1_11' title="bbox 566 936 2146 1028">
    <p class='ocr_par' dir='ltr' id='par_1_11' title="bbox 566 936 2146 1028">
     <span class='ocr_line' id='line_1_11' title="bbox 566 936 2146 1028; baseline -0.016 -14"><span class='ocrx_word' id='word_1_73' title='bbox 566 958 717 1028; x_wconf 81' lang='lat' dir='ltr'><strong>jungi</strong></span> <span class='ocrx_word' id='word_1_74' title='bbox 748 936 1014 1026; x_wconf 86' lang='lat' dir='ltr'><strong>possimus</strong></span> <span class='ocrx_word' id='word_1_75' title='bbox 1043 950 1287 1010; x_wconf 84' lang='lat' dir='ltr'><strong>Christo,</strong></span> <span class='ocrx_word' id='word_1_76' title='bbox 1335 944 1424 1012; x_wconf 91' lang='lat' dir='ltr'><strong>qui</strong></span> <span class='ocrx_word' id='word_1_77' title='bbox 1456 959 1522 996; x_wconf 79' lang='lat' dir='ltr'><strong>ex</strong></span> <span class='ocrx_word' id='word_1_78' title='bbox 1569 941 1795 994; x_wconf 83' lang='lat' dir='ltr'><strong>mortuis</strong></span> <span class='ocrx_word' id='word_1_79' title='bbox 1835 936 2146 991; x_wconf 77' lang='lat' dir='ltr'><strong>resurrexit.</strong></span> 
     </span>
    </p>
   </div>
   <div class='ocr_carea' id='block_1_12' title="bbox 645 1029 2150 1101">
    <p class='ocr_par' dir='ltr' id='par_1_12' title="bbox 645 1029 2150 1101">
     <span class='ocr_line' id='line_1_12' title="bbox 645 1029 2150 1101; baseline -0.019 0"><span class='ocrx_word' id='word_1_80' title='bbox 645 1047 774 1101; x_wconf 80' lang='lat' dir='ltr'><strong>Cum</strong></span> <span class='ocrx_word' id='word_1_81' title='bbox 804 1044 939 1098; x_wconf 84' lang='lat' dir='ltr'><strong>enim</strong></span> <span class='ocrx_word' id='word_1_82' title='bbox 961 1055 1187 1094; x_wconf 75' lang='lat' dir='ltr'><strong>essemus</strong></span> <span class='ocrx_word' id='word_1_83' title='bbox 1224 1037 1279 1089; x_wconf 86' lang='lat' dir='ltr'><strong>in</strong></span> <span class='ocrx_word' id='word_1_84' title='bbox 1311 1049 1499 1095; x_wconf 78' lang='lat' dir='ltr'><strong>carne,</strong></span> <span class='ocrx_word' id='word_1_85' title='bbox 1533 1029 1797 1099; x_wconf 82' lang='lat' dir='ltr'><strong>passiones</strong></span> <span class='ocrx_word' id='word_1_86' title='bbox 1823 1036 2150 1096; x_wconf 75' lang='lat' dir='ltr'><strong>peccatorum</strong></span> 
     </span>
    </p>
   </div>
   <div class='ocr_carea' id='block_1_13' title="bbox 575 1112 2151 1207">
    <p class='ocr_par' dir='ltr' id='par_1_13' title="bbox 575 1112 2151 1207">
     <span class='ocr_line' id='line_1_13' title="bbox 575 1112 2151 1207; baseline -0.017 -18"><span class='ocrx_word' id='word_1_87' title='bbox 575 1151 689 1207; x_wconf 74' lang='lat' dir='ltr'><strong>qua:</strong></span> <span class='ocrx_word' id='word_1_88' title='bbox 717 1136 807 1203; x_wconf 85' lang='lat' dir='ltr'><strong>p&#39;er</strong></span> <span class='ocrx_word' id='word_1_89' title='bbox 828 1130 989 1201; x_wconf 83' lang='lat' dir='ltr'><strong>legem</strong></span> <span class='ocrx_word' id='word_1_90' title='bbox 1010 1136 1149 1191; x_wconf 84' lang='lat' dir='ltr'><strong>sunt,</strong></span> <span class='ocrx_word' id='word_1_91' title='bbox 1176 1122 1523 1193; x_wconf 81' lang='lat' dir='ltr'><strong>operabantur</strong></span> <span class='ocrx_word' id='word_1_92' title='bbox 1543 1119 1595 1171; x_wconf 83' lang='lat' dir='ltr'><strong>in</strong></span> <span class='ocrx_word' id='word_1_93' title='bbox 1622 1116 1861 1171; x_wconf 75' lang='lat' dir='ltr'><strong>membris</strong></span> <span class='ocrx_word' id='word_1_94' title='bbox 1885 1112 2075 1167; x_wconf 75' lang='lat' dir='ltr'><strong>nostris</strong></span> <span class='ocrx_word' id='word_1_95' title='bbox 2100 1120 2151 1163; x_wconf 85' lang='lat' dir='ltr'><strong>ut</strong></span> 
     </span>
    </p>
   </div>
   <div class='ocr_carea' id='block_1_14' title="bbox 576 1209 2153 1295">
    <p class='ocr_par' dir='ltr' id='par_1_14' title="bbox 576 1209 2153 1295">
     <span class='ocr_line' id='line_1_14' title="bbox 576 1209 2153 1295; baseline -0.017 -17"><span class='ocrx_word' id='word_1_96' title='bbox 576 1223 951 1295; x_wconf 71' lang='lat' dir='ltr'><strong>{ructi/icarent</strong></span> <span class='ocrx_word' id='word_1_97' title='bbox 975 1218 1146 1272; x_wconf 86' lang='lat' dir='ltr'><strong>morti.</strong></span> <span class='ocrx_word' id='word_1_98' title='bbox 1173 1210 1352 1284; x_wconf 82' lang='lat' dir='ltr'><strong>(Aug.)</strong></span> <span class='ocrx_word' id='word_1_99' title='bbox 1377 1209 1512 1275; x_wconf 89' lang='lat' dir='ltr'><strong>Quid</strong></span> <span class='ocrx_word' id='word_1_100' title='bbox 1534 1216 1615 1263; x_wconf 89' lang='lat' dir='ltr'><strong>est</strong></span> <span class='ocrx_word' id='word_1_101' title='bbox 1636 1220 1766 1276; x_wconf 89' lang='lat' dir='ltr'><strong>ergo</strong></span> <span class='ocrx_word' id='word_1_102' title='bbox 1790 1220 1904 1257; x_wconf 87' lang='lat' dir='ltr'><strong>cum</strong></span> <span class='ocrx_word' id='word_1_103' title='bbox 1927 1216 2153 1255; x_wconf 80' lang='lat' dir='ltr'><strong>essemus</strong></span> 
     </span>
    </p>
   </div>
   <div class='ocr_carea' id='block_1_15' title="bbox 581 1293 2153 1376">
    <p class='ocr_par' dir='ltr' id='par_1_15' title="bbox 581 1293 2153 1376">
     <span class='ocr_line' id='line_1_15' title="bbox 581 1293 2153 1376; baseline -0.017 -7"><span class='ocrx_word' id='word_1_104' title='bbox 581 1293 633 1369; x_wconf 82' lang='lat' dir='ltr'><strong>in</strong></span> <span class='ocrx_word' id='word_1_105' title='bbox 669 1330 853 1376; x_wconf 81' lang='lat' dir='ltr'><strong>carne,</strong></span> <span class='ocrx_word' id='word_1_106' title='bbox 886 1310 991 1364; x_wconf 87' lang='lat' dir='ltr'><strong>nisi</strong></span> <span class='ocrx_word' id='word_1_107' title='bbox 1022 1322 1143 1361; x_wconf 90' lang='lat' dir='ltr'><strong>cum</strong></span> <span class='ocrx_word' id='word_1_108' title='bbox 1173 1305 1240 1359; x_wconf 87' lang='lat' dir='ltr'><strong>de</strong></span> <span class='ocrx_word' id='word_1_109' title='bbox 1272 1317 1436 1357; x_wconf 87' lang='lat' dir='ltr'><strong>carne</strong></span> <span class='ocrx_word' id='word_1_110' title='bbox 1461 1293 1940 1369; x_wconf 65' lang='lat' dir='ltr'><strong>prtesumeremus?</strong></span> <span class='ocrx_word' id='word_1_111' title='bbox 1969 1293 2020 1346; x_wconf 83' lang='lat' dir='ltr'><strong>id</strong></span> <span class='ocrx_word' id='word_1_112' title='bbox 2049 1300 2153 1354; x_wconf 85' lang='lat' dir='ltr'><strong>est,</strong></span> 
     </span>
    </p>
   </div>
   <div class='ocr_carea' id='block_1_16' title="bbox 2240 472 3733 549">
    <p class='ocr_par' dir='ltr' id='par_1_16' title="bbox 2240 472 3733 549">
     <span class='ocr_line' id='line_1_16' title="bbox 2240 472 3733 549; baseline -0.008 -13"><span class='ocrx_word' id='word_1_113' title='bbox 2240 482 2368 537; x_wconf 83' lang='lat' dir='ltr'><strong>ﬁcat</strong></span> <span class='ocrx_word' id='word_1_114' title='bbox 2386 490 2565 535; x_wconf 91' lang='lat' dir='ltr'><strong>autem</strong></span> <span class='ocrx_word' id='word_1_115' title='bbox 2585 487 2901 549; x_wconf 84' lang='lat' dir='ltr'><strong>peccatores</strong></span> <span class='ocrx_word' id='word_1_116' title='bbox 2924 493 2939 528; x_wconf 91' lang='lat'><strong>:</strong></span> <span class='ocrx_word' id='word_1_117' title='bbox 2967 490 3074 529; x_wconf 86' lang='lat' dir='ltr'><strong>non</strong></span> <span class='ocrx_word' id='word_1_118' title='bbox 3093 488 3221 544; x_wconf 87' lang='lat' dir='ltr'><strong>ergo</strong></span> <span class='ocrx_word' id='word_1_119' title='bbox 3244 472 3379 525; x_wconf 82' lang='lat' dir='ltr'><strong>mala</strong></span> <span class='ocrx_word' id='word_1_120' title='bbox 3397 482 3494 535; x_wconf 85' lang='lat' dir='ltr'><strong>est,</strong></span> <span class='ocrx_word' id='word_1_121' title='bbox 3512 473 3593 527; x_wconf 87' lang='lat' dir='ltr'><strong>sed</strong></span> <span class='ocrx_word' id='word_1_122' title='bbox 3604 472 3733 541; x_wconf 68' lang='lat' dir='ltr'><strong>iusta.</strong></span> 
     </span>
    </p>
   </div>
   <div class='ocr_carea' id='block_1_17' title="bbox 2240 560 3737 639">
    <p class='ocr_par' dir='ltr' id='par_1_17' title="bbox 2240 560 3737 639">
     <span class='ocr_line' id='line_1_17' title="bbox 2240 560 3737 639; baseline -0.003 -15"><span class='ocrx_word' id='word_1_123' title='bbox 2240 571 2497 639; x_wconf 80' lang='lat' dir='ltr'><strong>Quamvis</strong></span> <span class='ocrx_word' id='word_1_124' title='bbox 2514 570 2660 625; x_wconf 86' lang='lat' dir='ltr'><strong>enim</strong></span> <span class='ocrx_word' id='word_1_125' title='bbox 2687 567 2887 623; x_wconf 88' lang='lat' dir='ltr'><strong>malum</strong></span> <span class='ocrx_word' id='word_1_126' title='bbox 2906 566 2976 620; x_wconf 90' lang='lat' dir='ltr'><strong>sit</strong></span> <span class='ocrx_word' id='word_1_127' title='bbox 2997 562 3343 633; x_wconf 83' lang='lat' dir='ltr'><strong>patientibus,</strong></span> <span class='ocrx_word' id='word_1_128' title='bbox 3360 563 3489 630; x_wconf 81' lang='lat' dir='ltr'><strong>quod</strong></span> <span class='ocrx_word' id='word_1_129' title='bbox 3512 560 3699 618; x_wconf 68' lang='lat' dir='ltr'><strong>inicum</strong></span> <span class='ocrx_word' id='word_1_130' title='bbox 3716 581 3737 619; x_wconf 82' lang='lat' dir='ltr'><strong>a</strong></span> 
     </span>
    </p>
   </div>
   <div class='ocr_carea' id='block_1_18' title="bbox 2242 651 3739 733">
    <p class='ocr_par' dir='ltr' id='par_1_18' title="bbox 2242 651 3739 733">
     <span class='ocr_line' id='line_1_18' title="bbox 2242 651 3739 733; baseline -0.005 -17"><span class='ocrx_word' id='word_1_131' title='bbox 2242 662 2382 733; x_wconf 88' lang='lat' dir='ltr'><strong>lege,</strong></span> <span class='ocrx_word' id='word_1_132' title='bbox 2412 661 2505 718; x_wconf 89' lang='lat' dir='ltr'><strong>sed</strong></span> <span class='ocrx_word' id='word_1_133' title='bbox 2536 659 2624 714; x_wconf 88' lang='lat' dir='ltr'><strong>illa</strong></span> <span class='ocrx_word' id='word_1_134' title='bbox 2661 674 2766 713; x_wconf 92' lang='lat' dir='ltr'><strong>non</strong></span> <span class='ocrx_word' id='word_1_135' title='bbox 2798 666 2883 711; x_wconf 91' lang='lat' dir='ltr'><strong>est</strong></span> <span class='ocrx_word' id='word_1_136' title='bbox 2912 657 3052 709; x_wconf 87' lang='lat' dir='ltr'><strong>mala</strong></span> <span class='ocrx_word' id='word_1_137' title='bbox 3071 695 3086 719; x_wconf 90' lang='lat'><strong>,</strong></span> <span class='ocrx_word' id='word_1_138' title='bbox 3129 654 3252 722; x_wconf 90' lang='lat' dir='ltr'><strong>quia</strong></span> <span class='ocrx_word' id='word_1_139' title='bbox 3290 654 3427 723; x_wconf 72' lang='lat' dir='ltr'><strong>iuste</strong></span> <span class='ocrx_word' id='word_1_140' title='bbox 3454 651 3594 707; x_wconf 81' lang='lat' dir='ltr'><strong>inl‘ert</strong></span> <span class='ocrx_word' id='word_1_141' title='bbox 3621 655 3739 708; x_wconf 77' lang='lat' dir='ltr'><strong>iram.</strong></span> 
     </span>
    </p>
   </div>
   <div class='ocr_carea' id='block_1_19' title="bbox 2246 744 3744 824">
    <p class='ocr_par' dir='ltr' id='par_1_19' title="bbox 2246 744 3744 824">
     <span class='ocr_line' id='line_1_19' title="bbox 2246 744 3744 824; baseline -0.005 -15"><span class='ocrx_word' id='word_1_142' title='bbox 2246 755 2430 824; x_wconf 88' lang='lat' dir='ltr'><strong>Itaque</strong></span> <span class='ocrx_word' id='word_1_143' title='bbox 2456 769 2560 807; x_wconf 88' lang='lat' dir='ltr'><strong>non</strong></span> <span class='ocrx_word' id='word_1_144' title='bbox 2592 750 2732 805; x_wconf 88' lang='lat' dir='ltr'><strong>mala</strong></span> <span class='ocrx_word' id='word_1_145' title='bbox 2761 759 2845 805; x_wconf 89' lang='lat' dir='ltr'><strong>est</strong></span> <span class='ocrx_word' id='word_1_146' title='bbox 2884 747 3275 818; x_wconf 84' lang='lat' dir='ltr'><strong>peccatoribus,</strong></span> <span class='ocrx_word' id='word_1_147' title='bbox 3320 746 3411 799; x_wconf 89' lang='lat' dir='ltr'><strong>sed</strong></span> <span class='ocrx_word' id='word_1_148' title='bbox 3444 744 3589 812; x_wconf 86' lang='lat' dir='ltr'><strong>justa,</strong></span> <span class='ocrx_word' id='word_1_149' title='bbox 3629 745 3744 801; x_wconf 82' lang='lat' dir='ltr'><strong>bonis</strong></span> 
     </span>
    </p>
   </div>
   <div class='ocr_carea' id='block_1_20' title="bbox 2249 834 3744 912">
    <p class='ocr_par' dir='ltr' id='par_1_20' title="bbox 2249 834 3744 912">
     <span class='ocr_line' id='line_1_20' title="bbox 2249 834 3744 912; baseline -0.004 -15"><span class='ocrx_word' id='word_1_150' title='bbox 2249 860 2378 898; x_wconf 84' lang='lat' dir='ltr'><strong>vero</strong></span> <span class='ocrx_word' id='word_1_151' title='bbox 2404 841 2661 912; x_wconf 81' lang='lat' dir='ltr'><strong>spiritalis</strong></span> <span class='ocrx_word' id='word_1_152' title='bbox 2701 848 2803 895; x_wconf 81' lang='lat' dir='ltr'><strong>est.</strong></span> <span class='ocrx_word' id='word_1_153' title='bbox 2851 838 2982 904; x_wconf 85' lang='lat' dir='ltr'><strong>Quis</strong></span> <span class='ocrx_word' id='word_1_154' title='bbox 3009 837 3151 890; x_wconf 90' lang='lat' dir='ltr'><strong>enim</strong></span> <span class='ocrx_word' id='word_1_155' title='bbox 3189 835 3394 889; x_wconf 90' lang='lat' dir='ltr'><strong>dubitet</strong></span> <span class='ocrx_word' id='word_1_156' title='bbox 3428 834 3744 904; x_wconf 75' lang='lat' dir='ltr'><strong>spiritaleesse</strong></span> 
     </span>
    </p>
   </div>
   <div class='ocr_carea' id='block_1_21' title="bbox 2250 925 3745 1005">
    <p class='ocr_par' dir='ltr' id='par_1_21' title="bbox 2250 925 3745 1005">
     <span class='ocr_line' id='line_1_21' title="bbox 2250 925 3745 1005; baseline -0.005 -17"><span class='ocrx_word' id='word_1_157' title='bbox 2250 936 2419 1005; x_wconf 67' lang='lat' dir='ltr'><strong>probi!</strong></span> <span class='ocrx_word' id='word_1_158' title='bbox 2441 949 2534 989; x_wconf 84' lang='lat' dir='ltr'><strong>ere</strong></span> <span class='ocrx_word' id='word_1_159' title='bbox 2562 930 2828 1001; x_wconf 78' lang='lat' dir='ltr'><strong>peccare?</strong></span> <span class='ocrx_word' id='word_1_160' title='bbox 2863 928 2970 984; x_wconf 88' lang='lat' dir='ltr'><strong>Sed</strong></span> <span class='ocrx_word' id='word_1_161' title='bbox 2999 927 3122 995; x_wconf 88' lang='lat' dir='ltr'><strong>quia</strong></span> <span class='ocrx_word' id='word_1_162' title='bbox 3161 926 3264 981; x_wconf 87' lang='lat' dir='ltr'><strong>hoc</strong></span> <span class='ocrx_word' id='word_1_163' title='bbox 3291 940 3394 979; x_wconf 89' lang='lat' dir='ltr'><strong>non</strong></span> <span class='ocrx_word' id='word_1_164' title='bbox 3426 925 3582 993; x_wconf 85' lang='lat' dir='ltr'><strong>potuit</strong></span> <span class='ocrx_word' id='word_1_165' title='bbox 3604 934 3651 980; x_wconf 91' lang='lat' dir='ltr'><strong>ut</strong></span> <span class='ocrx_word' id='word_1_166' title='bbox 3670 926 3745 980; x_wconf 84' lang='lat' dir='ltr'><strong>sal-</strong></span> 
     </span>
    </p>
   </div>
   <div class='ocr_carea' id='block_1_22' title="bbox 2251 1015 3748 1087">
    <p class='ocr_par' dir='ltr' id='par_1_22' title="bbox 2251 1015 3748 1087">
     <span class='ocr_line' id='line_1_22' title="bbox 2251 1015 3748 1087; baseline -0.006 -8"><span class='ocrx_word' id='word_1_167' title='bbox 2251 1023 2693 1083; x_wconf 72' lang='lat' dir='ltr'><strong>varethominem</strong></span> <span class='ocrx_word' id='word_1_168' title='bbox 2722 1019 3043 1077; x_wconf 79' lang='lat' dir='ltr'><strong>remittendo</strong></span> <span class='ocrx_word' id='word_1_169' title='bbox 3060 1025 3302 1087; x_wconf 87' lang='lat' dir='ltr'><strong>peccata,</strong></span> <span class='ocrx_word' id='word_1_170' title='bbox 3326 1015 3408 1071; x_wconf 72' lang='lat' dir='ltr'><strong>lex</strong></span> <span class='ocrx_word' id='word_1_171' title='bbox 3446 1015 3554 1070; x_wconf 79' lang='lat' dir='ltr'><strong>ﬁdei</strong></span> <span class='ocrx_word' id='word_1_172' title='bbox 3577 1016 3748 1070; x_wconf 81' lang='lat' dir='ltr'><strong>dalaest</strong></span> 
     </span>
    </p>
   </div>
   <div class='ocr_carea' id='block_1_23' title="bbox 2252 1105 3748 1183">
    <p class='ocr_par' dir='ltr' id='par_1_23' title="bbox 2252 1105 3748 1183">
     <span class='ocr_line' id='line_1_23' title="bbox 2252 1105 3748 1183; baseline -0.005 -18"><span class='ocrx_word' id='word_1_173' title='bbox 2252 1128 2371 1183; x_wconf 73' lang='lat' dir='ltr'><strong>qua:</strong></span> <span class='ocrx_word' id='word_1_174' title='bbox 2399 1112 2683 1168; x_wconf 85' lang='lat' dir='ltr'><strong>credentes</strong></span> <span class='ocrx_word' id='word_1_175' title='bbox 2710 1109 2967 1164; x_wconf 63' lang='lat' dir='ltr'><strong>liberaret</strong></span> <span class='ocrx_word' id='word_1_176' title='bbox 2993 1123 3025 1161; x_wconf 86' lang='lat' dir='ltr'><strong>a</strong></span> <span class='ocrx_word' id='word_1_177' title='bbox 3050 1106 3289 1160; x_wconf 88' lang='lat' dir='ltr'><strong>dominio</strong></span> <span class='ocrx_word' id='word_1_178' title='bbox 3321 1105 3476 1175; x_wconf 92' lang='lat' dir='ltr'><strong>legis,</strong></span> <span class='ocrx_word' id='word_1_179' title='bbox 3512 1112 3563 1157; x_wconf 91' lang='lat' dir='ltr'><strong>ut</strong></span> <span class='ocrx_word' id='word_1_180' title='bbox 3586 1114 3748 1174; x_wconf 80' lang='lat' dir='ltr'><strong>possent</strong></span> 
     </span>
    </p>
   </div>
   <div class='ocr_carea' id='block_1_24' title="bbox 2257 1194 3746 1274">
    <p class='ocr_par' dir='ltr' id='par_1_24' title="bbox 2257 1194 3746 1274">
     <span class='ocr_line' id='line_1_24' title="bbox 2257 1194 3746 1274; baseline -0.006 -15"><span class='ocrx_word' id='word_1_181' title='bbox 2257 1218 2508 1274; x_wconf 85' lang='lat' dir='ltr'><strong>reparare</strong></span> <span class='ocrx_word' id='word_1_182' title='bbox 2537 1218 2596 1256; x_wconf 91' lang='lat' dir='ltr'><strong>se</strong></span> <span class='ocrx_word' id='word_1_183' title='bbox 2626 1203 2692 1255; x_wconf 90' lang='lat' dir='ltr'><strong>ad</strong></span> <span class='ocrx_word' id='word_1_184' title='bbox 2723 1201 2911 1263; x_wconf 83' lang='lat' dir='ltr'><strong>vitam,</strong></span> <span class='ocrx_word' id='word_1_185' title='bbox 2944 1214 3081 1269; x_wconf 90' lang='lat' dir='ltr'><strong>quos</strong></span> <span class='ocrx_word' id='word_1_186' title='bbox 3099 1198 3185 1251; x_wconf 76' lang='lat' dir='ltr'><strong>lex</strong></span> <span class='ocrx_word' id='word_1_187' title='bbox 3213 1194 3426 1251; x_wconf 85' lang='lat' dir='ltr'><strong>tenebat</strong></span> <span class='ocrx_word' id='word_1_188' title='bbox 3453 1209 3560 1250; x_wconf 85' lang='lat' dir='ltr'><strong>reos</strong></span> <span class='ocrx_word' id='word_1_189' title='bbox 3593 1197 3746 1250; x_wconf 82' lang='lat' dir='ltr'><strong>mortis.</strong></span> 
     </span>
    </p>
   </div>
   <div class='ocr_carea' id='block_1_25' title="bbox 2254 1289 3748 1368">
    <p class='ocr_par' dir='ltr' id='par_1_25' title="bbox 2254 1289 3748 1368">
     <span class='ocr_line' id='line_1_25' title="bbox 2254 1289 3748 1368; baseline -0.009 -15"><span class='ocrx_word' id='word_1_190' title='bbox 2254 1299 2388 1368; x_wconf 80' lang='lat' dir='ltr'><strong>Ipsis</strong></span> <span class='ocrx_word' id='word_1_191' title='bbox 2409 1297 2552 1351; x_wconf 90' lang='lat' dir='ltr'><strong>enim</strong></span> <span class='ocrx_word' id='word_1_192' title='bbox 2570 1296 2653 1350; x_wconf 75' lang='lat' dir='ltr'><strong>lex</strong></span> <span class='ocrx_word' id='word_1_193' title='bbox 2677 1294 2868 1348; x_wconf 88' lang='lat' dir='ltr'><strong>mortis</strong></span> <span class='ocrx_word' id='word_1_194' title='bbox 2888 1300 2992 1355; x_wconf 87' lang='lat' dir='ltr'><strong>est,</strong></span> <span class='ocrx_word' id='word_1_195' title='bbox 3020 1290 3216 1360; x_wconf 85' lang='lat' dir='ltr'><strong>quibus</strong></span> <span class='ocrx_word' id='word_1_196' title='bbox 3240 1289 3374 1344; x_wconf 90' lang='lat' dir='ltr'><strong>iram</strong></span> <span class='ocrx_word' id='word_1_197' title='bbox 3387 1297 3615 1357; x_wconf 81' lang='lat' dir='ltr'><strong>operatur</strong></span> <span class='ocrx_word' id='word_1_198' title='bbox 3635 1302 3748 1341; x_wconf 77' lang='lat' dir='ltr'><strong>catus</strong></span> 
     </span>
    </p>
   </div>
   <div class='ocr_carea' id='block_1_26' title="bbox 585 1378 3750 1459">
    <p class='ocr_par' dir='ltr' id='par_1_26' title="bbox 585 1378 3750 1459">
     <span class='ocr_line' id='line_1_26' title="bbox 585 1378 3750 1459; baseline -0.015 -2"><span class='ocrx_word' id='word_1_199' title='bbox 585 1407 649 1459; x_wconf 87' lang='lat' dir='ltr'><strong>de</strong></span> <span class='ocrx_word' id='word_1_200' title='bbox 678 1404 830 1457; x_wconf 89' lang='lat' dir='ltr'><strong>nobis</strong></span> <span class='ocrx_word' id='word_1_201' title='bbox 858 1400 1270 1459; x_wconf 83' lang='lat' dir='ltr'><strong>conﬁderemus,</strong></span> <span class='ocrx_word' id='word_1_202' title='bbox 1306 1391 1508 1447; x_wconf 89' lang='lat' dir='ltr'><strong>homini</strong></span> <span class='ocrx_word' id='word_1_203' title='bbox 1531 1389 1676 1443; x_wconf 88' lang='lat' dir='ltr'><strong>enim</strong></span> <span class='ocrx_word' id='word_1_204' title='bbox 1711 1387 1912 1443; x_wconf 87' lang='lat' dir='ltr'><strong>dictum</strong></span> <span class='ocrx_word' id='word_1_205' title='bbox 1946 1391 2061 1446; x_wconf 85' lang='lat' dir='ltr'><strong>est,</strong></span> <span class='ocrx_word' id='word_1_206' title='bbox 2101 1390 2159 1434; x_wconf 93' lang='lat' dir='ltr'><strong>ut</strong></span> <span class='ocrx_word' id='word_1_207' title='bbox 2259 1387 2484 1459; x_wconf 52' lang='lat' dir='ltr'><strong>peccati,</strong></span> <span class='ocrx_word' id='word_1_208' title='bbox 2510 1384 2710 1455; x_wconf 44' lang='lat' dir='ltr'><strong>(orm)</strong></span> <span class='ocrx_word' id='word_1_209' title='bbox 2743 1385 2926 1438; x_wconf 68' lang='grc' dir='ltr'><strong>νοιρει</strong></span> <span class='ocrx_word' id='word_1_210' title='bbox 2953 1392 3133 1436; x_wconf 66' lang='lat' dir='ltr'><strong>amem</strong></span> <span class='ocrx_word' id='word_1_211' title='bbox 3163 1380 3280 1435; x_wconf 65' lang='lat' dir='ltr'><strong>ﬁeri</strong></span> <span class='ocrx_word' id='word_1_212' title='bbox 3310 1389 3371 1434; x_wconf 76' lang='grc' dir='ltr'><strong>υι</strong></span> <span class='ocrx_word' id='word_1_213' title='bbox 3399 1381 3494 1435; x_wconf 65' lang='lat' dir='ltr'><strong>hoc</strong></span> <span class='ocrx_word' id='word_1_214' title='bbox 3519 1395 3608 1434; x_wconf 63' lang='lat' dir='ltr'><strong>non</strong></span> <span class='ocrx_word' id='word_1_215' title='bbox 3628 1378 3750 1434; x_wconf 61' lang='lat' dir='ltr'><strong>m</strong></span> 
     </span>
    </p>
   </div>
   <div class='ocr_carea' id='block_1_27' title="bbox 584 1470 3751 1551">
    <p class='ocr_par' dir='ltr' id='par_1_27' title="bbox 584 1470 3751 1551">
     <span class='ocr_line' id='line_1_27' title="bbox 584 1470 3751 1551; baseline -0.012 -4"><span class='ocrx_word' id='word_1_216' title='bbox 584 1495 650 1547; x_wconf 84' lang='lat' dir='ltr'><strong>de</strong></span> <span class='ocrx_word' id='word_1_217' title='bbox 677 1491 984 1547; x_wconf 89' lang='lat' dir='ltr'><strong>hominibus</strong></span> <span class='ocrx_word' id='word_1_218' title='bbox 1013 1487 1211 1541; x_wconf 90' lang='lat' dir='ltr'><strong>dictum</strong></span> <span class='ocrx_word' id='word_1_219' title='bbox 1230 1490 1342 1537; x_wconf 85' lang='lat' dir='ltr'><strong>est:</strong></span> <span class='ocrx_word' id='word_1_220' title='bbox 1367 1478 1567 1534; x_wconf 77' lang='lat' dir='ltr'><strong>Videbit</strong></span> <span class='ocrx_word' id='word_1_221' title='bbox 1594 1476 1760 1531; x_wconf 86' lang='lat' dir='ltr'><strong>omnis</strong></span> <span class='ocrx_word' id='word_1_222' title='bbox 1782 1490 1904 1528; x_wconf 86' lang='lat' dir='ltr'><strong>caro</strong></span> <span class='ocrx_word' id='word_1_223' title='bbox 1926 1470 2159 1527; x_wconf 85' lang='lat' dir='ltr'><strong>salutare</strong></span> <span class='ocrx_word' id='word_1_224' title='bbox 2259 1482 2325 1536; x_wconf 74' lang='lat' dir='ltr'><strong>de</strong></span> <span class='ocrx_word' id='word_1_225' title='bbox 2347 1481 2460 1551; x_wconf 68' lang='lat' dir='ltr'><strong>lege</strong></span> <span class='ocrx_word' id='word_1_226' title='bbox 2482 1478 2808 1547; x_wconf 57' lang='lat' dir='ltr'><strong>Moysi,q.m</strong></span> <span class='ocrx_word' id='word_1_227' title='bbox 2841 1488 2924 1530; x_wconf 69' lang='grc' dir='ltr'><em>εει</em></span> <span class='ocrx_word' id='word_1_228' title='bbox 2951 1474 3245 1529; x_wconf 66' lang='lat' dir='ltr'><strong>secundum</strong></span> <span class='ocrx_word' id='word_1_229' title='bbox 3269 1472 3514 1537; x_wconf 64' lang='grc' dir='ltr'><strong>ιηιεηιιι,</strong></span> <span class='ocrx_word' id='word_1_230' title='bbox 3535 1472 3751 1533; x_wconf 40' lang='lat' dir='ltr'><strong>senum“</strong></span> 
     </span>
    </p>
   </div>
   <div class='ocr_carea' id='block_1_28' title="bbox 593 1561 3753 1649">
    <p class='ocr_par' dir='ltr' id='par_1_28' title="bbox 593 1561 3753 1649">
     <span class='ocr_line' id='line_1_28' title="bbox 593 1561 3753 1649; baseline -0.007 -13"><span class='ocrx_word' id='word_1_231' title='bbox 593 1585 703 1637; x_wconf 77' lang='lat' dir='ltr'><strong>Dei.</strong></span> <span class='ocrx_word' id='word_1_232' title='bbox 736 1582 873 1649; x_wconf 87' lang='lat' dir='ltr'><strong>Quid</strong></span> <span class='ocrx_word' id='word_1_233' title='bbox 900 1588 983 1635; x_wconf 86' lang='lat' dir='ltr'><strong>est</strong></span> <span class='ocrx_word' id='word_1_234' title='bbox 1012 1577 1196 1631; x_wconf 80' lang='lat' dir='ltr'><strong>ridebit</strong></span> <span class='ocrx_word' id='word_1_235' title='bbox 1235 1574 1401 1627; x_wconf 85' lang='lat' dir='ltr'><strong>omnis</strong></span> <span class='ocrx_word' id='word_1_236' title='bbox 1430 1588 1583 1633; x_wconf 85' lang='lat' dir='ltr'><strong>caro,</strong></span> <span class='ocrx_word' id='word_1_237' title='bbox 1623 1568 1724 1622; x_wconf 86' lang='lat' dir='ltr'><strong>nisi</strong></span> <span class='ocrx_word' id='word_1_238' title='bbox 1746 1566 1963 1639; x_wconf 48' lang='lat' dir='ltr'><strong>.videbit</strong></span> <span class='ocrx_word' id='word_1_239' title='bbox 1986 1564 2161 1620; x_wconf 88' lang='lat' dir='ltr'><strong>omnis</strong></span> <span class='ocrx_word' id='word_1_240' title='bbox 2260 1577 2353 1630; x_wconf 67' lang='lat' dir='ltr'><strong>sed</strong></span> <span class='ocrx_word' id='word_1_241' title='bbox 2377 1576 2443 1628; x_wconf 68' lang='lat' dir='ltr'><strong>de</strong></span> <span class='ocrx_word' id='word_1_242' title='bbox 2463 1572 2609 1628; x_wconf 66' lang='lat' dir='ltr'><strong>omni</strong></span> <span class='ocrx_word' id='word_1_243' title='bbox 2652 1571 2887 1633; x_wconf 60' lang='lat' dir='ltr'><strong>potuine,</strong></span> <span class='ocrx_word' id='word_1_244' title='bbox 2923 1568 3176 1637; x_wconf 84' lang='lat' dir='ltr'><strong>quoniam</strong></span> <span class='ocrx_word' id='word_1_245' title='bbox 3218 1574 3423 1620; x_wconf 86' lang='lat' dir='ltr'><strong>certum</strong></span> <span class='ocrx_word' id='word_1_246' title='bbox 3446 1561 3753 1632; x_wconf 78' lang='lat' dir='ltr'><strong>estquodqui-</strong></span> 
     </span>
    </p>
   </div>
   <div class='ocr_carea' id='block_1_29' title="bbox 590 1653 3755 1741">
    <p class='ocr_par' dir='ltr' id='par_1_29' title="bbox 590 1653 3755 1741">
     <span class='ocr_line' id='line_1_29' title="bbox 590 1653 3755 1741; baseline -0.008 -12"><span class='ocrx_word' id='word_1_247' title='bbox 590 1673 786 1730; x_wconf 82' lang='lat' dir='ltr'><strong>homo?</strong></span> <span class='ocrx_word' id='word_1_248' title='bbox 810 1672 949 1741; x_wconf 78' lang='lat' dir='ltr'><strong>Ergo</strong></span> <span class='ocrx_word' id='word_1_249' title='bbox 978 1684 1093 1721; x_wconf 84' lang='lat' dir='ltr'><strong>cum</strong></span> <span class='ocrx_word' id='word_1_250' title='bbox 1126 1680 1349 1719; x_wconf 76' lang='lat' dir='ltr'><strong>essemus</strong></span> <span class='ocrx_word' id='word_1_251' title='bbox 1376 1663 1431 1715; x_wconf 85' lang='lat' dir='ltr'><strong>in</strong></span> <span class='ocrx_word' id='word_1_252' title='bbox 1458 1677 1636 1724; x_wconf 83' lang='lat' dir='ltr'><strong>carne,</strong></span> <span class='ocrx_word' id='word_1_253' title='bbox 1671 1658 1723 1712; x_wconf 88' lang='lat' dir='ltr'><strong>id</strong></span> <span class='ocrx_word' id='word_1_254' title='bbox 1750 1666 1852 1722; x_wconf 89' lang='lat' dir='ltr'><strong>est,</strong></span> <span class='ocrx_word' id='word_1_255' title='bbox 1885 1657 1938 1710; x_wconf 92' lang='lat' dir='ltr'><strong>in</strong></span> <span class='ocrx_word' id='word_1_256' title='bbox 1962 1669 2162 1709; x_wconf 84' lang='lat' dir='ltr'><strong>concu-</strong></span> <span class='ocrx_word' id='word_1_257' title='bbox 2264 1668 2579 1735; x_wconf 63' lang='grc' dir='ltr'><strong>ιηιεςυιηιυθ</strong></span> <span class='ocrx_word' id='word_1_258' title='bbox 2612 1663 2892 1724; x_wconf 57' lang='lat' dir='ltr'><strong>insumus,</strong></span> <span class='ocrx_word' id='word_1_259' title='bbox 2926 1660 3335 1728; x_wconf 71' lang='lat' dir='ltr'><strong>quibuscunque</strong></span> <span class='ocrx_word' id='word_1_260' title='bbox 3366 1656 3584 1710; x_wconf 84' lang='lat' dir='ltr'><strong>moribus</strong></span> <span class='ocrx_word' id='word_1_261' title='bbox 3603 1653 3755 1723; x_wconf 80' lang='lat' dir='ltr'><strong>agitur,</strong></span> 
     </span>
    </p>
   </div>
   <div class='ocr_carea' id='block_1_30' title="bbox 590 1746 3753 1834">
    <p class='ocr_par' dir='ltr' id='par_1_30' title="bbox 590 1746 3753 1834">
     <span class='ocr_line' id='line_1_30' title="bbox 590 1746 3753 1834; baseline -0.009 -18"><span class='ocrx_word' id='word_1_262' title='bbox 590 1761 863 1834; x_wconf 78' lang='lat' dir='ltr'><strong>piscentiis</strong></span> <span class='ocrx_word' id='word_1_263' title='bbox 893 1758 1071 1812; x_wconf 85' lang='lat' dir='ltr'><strong>car..is</strong></span> <span class='ocrx_word' id='word_1_264' title='bbox 1095 1768 1462 1816; x_wconf 73' lang='lat' dir='ltr'><strong>versaremur,</strong></span> <span class='ocrx_word' id='word_1_265' title='bbox 1495 1760 1549 1805; x_wconf 91' lang='lat' dir='ltr'><strong>et</strong></span> <span class='ocrx_word' id='word_1_266' title='bbox 1582 1750 1653 1805; x_wconf 86' lang='lat' dir='ltr'><strong>ibi</strong></span> <span class='ocrx_word' id='word_1_267' title='bbox 1684 1758 1847 1803; x_wconf 85' lang='lat' dir='ltr'><strong>totam</strong></span> <span class='ocrx_word' id='word_1_268' title='bbox 1885 1760 2032 1817; x_wconf 85' lang='lat' dir='ltr'><strong>spem</strong></span> <span class='ocrx_word' id='word_1_269' title='bbox 2067 1760 2162 1800; x_wconf 90' lang='lat' dir='ltr'><strong>no—</strong></span> <span class='ocrx_word' id='word_1_270' title='bbox 2198 1751 2238 1810; x_wconf 79' lang='grc' dir='ltr'><strong>Β</strong></span> <span class='ocrx_word' id='word_1_271' title='bbox 2265 1759 2417 1829; x_wconf 66' lang='lat' dir='ltr'><strong>quasi</strong></span> <span class='ocrx_word' id='word_1_272' title='bbox 2447 1760 2546 1812; x_wconf 62' lang='lat' dir='ltr'><strong>sub</strong></span> <span class='ocrx_word' id='word_1_273' title='bbox 2576 1756 2690 1824; x_wconf 63' lang='lat' dir='ltr'><strong>[ego</strong></span> <span class='ocrx_word' id='word_1_274' title='bbox 2723 1755 2825 1807; x_wconf 62' lang='lat' dir='ltr'><strong>huc</strong></span> <span class='ocrx_word' id='word_1_275' title='bbox 2849 1769 2954 1822; x_wconf 68' lang='lat' dir='ltr'><strong>qua</strong></span> <span class='ocrx_word' id='word_1_276' title='bbox 2980 1751 3149 1804; x_wconf 72' lang='grc' dir='ltr'><strong>υιῑιυι-</strong></span> <span class='ocrx_word' id='word_1_277' title='bbox 3173 1750 3356 1804; x_wconf 61' lang='grc' dir='ltr'><strong>ἤνεικε</strong></span> <span class='ocrx_word' id='word_1_278' title='bbox 3382 1746 3647 1802; x_wconf 62' lang='lat' dir='ltr'><strong>credendus</strong></span> <span class='ocrx_word' id='word_1_279' title='bbox 3667 1753 3753 1799; x_wconf 68' lang='lat' dir='ltr'><strong>esi;</strong></span> 
     </span>
    </p>
   </div>
   <div class='ocr_carea' id='block_1_31' title="bbox 589 1835 3757 1919">
    <p class='ocr_par' dir='ltr' id='par_1_31' title="bbox 589 1835 3757 1919">
     <span class='ocr_line' id='line_1_31' title="bbox 589 1835 3757 1919; baseline -0.009 -13"><span class='ocrx_word' id='word_1_280' title='bbox 589 1865 753 1906; x_wconf 73' lang='lat' dir='ltr'><strong>stram</strong></span> <span class='ocrx_word' id='word_1_281' title='bbox 788 1861 1038 1919; x_wconf 85' lang='lat' dir='ltr'><strong>tauquam</strong></span> <span class='ocrx_word' id='word_1_282' title='bbox 1070 1848 1121 1900; x_wconf 89' lang='lat' dir='ltr'><strong>in</strong></span> <span class='ocrx_word' id='word_1_283' title='bbox 1161 1846 1313 1900; x_wconf 86' lang='lat' dir='ltr'><strong>nobis</strong></span> <span class='ocrx_word' id='word_1_284' title='bbox 1347 1856 1699 1913; x_wconf 85' lang='lat' dir='ltr'><strong>poneremus,</strong></span> <span class='ocrx_word' id='word_1_285' title='bbox 1730 1839 2007 1909; x_wconf 83' lang='lat' dir='ltr'><strong>passiones</strong></span> <span class='ocrx_word' id='word_1_286' title='bbox 2039 1851 2162 1908; x_wconf 84' lang='lat' dir='ltr'><strong>pec-</strong></span> <span class='ocrx_word' id='word_1_287' title='bbox 2267 1854 2352 1908; x_wconf 71' lang='lat' dir='ltr'><strong>cui</strong></span> <span class='ocrx_word' id='word_1_288' title='bbox 2383 1852 2567 1919; x_wconf 57' lang='lat' dir='ltr'><strong>“aqua</strong></span> <span class='ocrx_word' id='word_1_289' title='bbox 2594 1848 2677 1903; x_wconf 71' lang='grc' dir='ltr'><strong>νει</strong></span> <span class='ocrx_word' id='word_1_290' title='bbox 2704 1848 2817 1915; x_wconf 67' lang='lat' dir='ltr'><strong>ipse</strong></span> <span class='ocrx_word' id='word_1_291' title='bbox 2844 1845 2979 1899; x_wconf 63' lang='grc' dir='ltr'><strong>ωθιιί</strong></span> <span class='ocrx_word' id='word_1_292' title='bbox 3004 1843 3163 1897; x_wconf 56' lang='lat' dir='ltr'><strong>debet</strong></span> <span class='ocrx_word' id='word_1_293' title='bbox 3187 1882 3202 1905; x_wconf 62' lang='lat'><strong>,</strong></span> <span class='ocrx_word' id='word_1_294' title='bbox 3228 1840 3309 1893; x_wconf 64' lang='lat' dir='ltr'><strong>vel</strong></span> <span class='ocrx_word' id='word_1_295' title='bbox 3348 1840 3454 1909; x_wconf 72' lang='lat' dir='ltr'><strong>ipsa</strong></span> <span class='ocrx_word' id='word_1_296' title='bbox 3479 1838 3565 1900; x_wconf 67' lang='lat' dir='ltr'><strong>iui,</strong></span> <span class='ocrx_word' id='word_1_297' title='bbox 3589 1835 3757 1890; x_wconf 73' lang='grc' dir='ltr'><strong>ηοῐυηε</strong></span> 
     </span>
    </p>
   </div>
   <div class='ocr_carea' id='block_1_32' title="bbox 592 1927 2179 2008">
    <p class='ocr_par' dir='ltr' id='par_1_32' title="bbox 592 1928 2165 2008">
     <span class='ocr_line' id='line_1_32' title="bbox 592 1928 2165 2008; baseline -0.011 -12"><span class='ocrx_word' id='word_1_298' title='bbox 592 1952 833 1997; x_wconf 87' lang='lat' dir='ltr'><strong>catorum</strong></span> <span class='ocrx_word' id='word_1_299' title='bbox 866 1954 984 2008; x_wconf 74' lang='lat' dir='ltr'><strong>qua:</strong></span> <span class='ocrx_word' id='word_1_300' title='bbox 1014 1952 1107 2006; x_wconf 86' lang='lat' dir='ltr'><strong>per</strong></span> <span class='ocrx_word' id='word_1_301' title='bbox 1152 1934 1320 2004; x_wconf 82' lang='lat' dir='ltr'><strong>legem</strong></span> <span class='ocrx_word' id='word_1_302' title='bbox 1367 1940 1493 1986; x_wconf 82' lang='lat' dir='ltr'><strong>sunt</strong></span> <span class='ocrx_word' id='word_1_303' title='bbox 1524 1940 1717 1993; x_wconf 75' lang='lat' dir='ltr'><strong>auctze,</strong></span> <span class='ocrx_word' id='word_1_304' title='bbox 1746 1937 1870 1982; x_wconf 89' lang='lat' dir='ltr'><strong>sunt</strong></span> <span class='ocrx_word' id='word_1_305' title='bbox 1894 1928 2035 1982; x_wconf 89' lang='lat' dir='ltr'><strong>enim</strong></span> <span class='ocrx_word' id='word_1_306' title='bbox 2067 1942 2165 1997; x_wconf 90' lang='lat' dir='ltr'><strong>per</strong></span> 
     </span>
    </p>
   </div>
   <div class='ocr_carea' id='block_1_33' title="bbox 2222 1927 3757 2008">
    <p class='ocr_par' dir='ltr' id='par_1_33' title="bbox 2266 1927 3757 2007">
     <span class='ocr_line' id='line_1_33' title="bbox 2266 1927 3757 2007; baseline -0.013 -9"><span class='ocrx_word' id='word_1_307' title='bbox 2266 1942 2365 1998; x_wconf 85' lang='lat' dir='ltr'><strong>sub</strong></span> <span class='ocrx_word' id='word_1_308' title='bbox 2389 1940 2495 1995; x_wconf 89' lang='lat' dir='ltr'><strong>alio</strong></span> <span class='ocrx_word' id='word_1_309' title='bbox 2520 1940 2634 1993; x_wconf 81' lang='lat' dir='ltr'><strong>viro</strong></span> <span class='ocrx_word' id='word_1_310' title='bbox 2663 1937 2834 2007; x_wconf 87' lang='lat' dir='ltr'><strong>posita</strong></span> <span class='ocrx_word' id='word_1_311' title='bbox 2861 1934 3041 1988; x_wconf 89' lang='lat' dir='ltr'><strong>anima</strong></span> <span class='ocrx_word' id='word_1_312' title='bbox 3070 1933 3136 1987; x_wconf 88' lang='lat' dir='ltr'><strong>ad</strong></span> <span class='ocrx_word' id='word_1_313' title='bbox 3163 1931 3435 1986; x_wconf 84' lang='lat' dir='ltr'><strong>Christum</strong></span> <span class='ocrx_word' id='word_1_314' title='bbox 3462 1927 3666 1989; x_wconf 84' lang='lat' dir='ltr'><strong>veniens,</strong></span> <span class='ocrx_word' id='word_1_315' title='bbox 3684 1940 3757 1979; x_wconf 82' lang='lat' dir='ltr'><strong>non</strong></span> 
     </span>
    </p>
   </div>
   <div class='ocr_carea' id='block_1_34' title="bbox 597 2018 2162 2104">
    <p class='ocr_par' dir='ltr' id='par_1_34' title="bbox 597 2018 2162 2104">
     <span class='ocr_line' id='line_1_34' title="bbox 597 2018 2162 2104; baseline -0.011 -18"><span class='ocrx_word' id='word_1_316' title='bbox 597 2034 793 2104; x_wconf 85' lang='lat' dir='ltr'><strong>legem:</strong></span> <span class='ocrx_word' id='word_1_317' title='bbox 813 2026 1143 2099; x_wconf 82' lang='lat' dir='ltr'><strong>prohibendo</strong></span> <span class='ocrx_word' id='word_1_318' title='bbox 1171 2037 1401 2092; x_wconf 83' lang='lat' dir='ltr'><strong>namque</strong></span> <span class='ocrx_word' id='word_1_319' title='bbox 1424 2020 1669 2075; x_wconf 79' lang='lat' dir='ltr'><strong>fecerunt</strong></span> <span class='ocrx_word' id='word_1_320' title='bbox 1692 2018 1820 2087; x_wconf 79' lang='lat' dir='ltr'><strong>legis</strong></span> <span class='ocrx_word' id='word_1_321' title='bbox 1840 2018 2162 2087; x_wconf 65' lang='lat' dir='ltr'><strong>praevarica-</strong></span> 
     </span>
    </p>
   </div>
   <div class='ocr_carea' id='block_1_35' title="bbox 594 2109 2166 2188">
    <p class='ocr_par' dir='ltr' id='par_1_35' title="bbox 594 2109 2166 2188">
     <span class='ocr_line' id='line_1_35' title="bbox 594 2109 2166 2188; baseline -0.01 -11"><span class='ocrx_word' id='word_1_322' title='bbox 594 2133 758 2177; x_wconf 85' lang='lat' dir='ltr'><strong>torem</strong></span> <span class='ocrx_word' id='word_1_323' title='bbox 780 2160 793 2184; x_wconf 93' lang='lat'><strong>,</strong></span> <span class='ocrx_word' id='word_1_324' title='bbox 827 2118 951 2188; x_wconf 85' lang='lat' dir='ltr'><strong>quia</strong></span> <span class='ocrx_word' id='word_1_325' title='bbox 991 2115 1077 2169; x_wconf 90' lang='lat' dir='ltr'><strong>ille</strong></span> <span class='ocrx_word' id='word_1_326' title='bbox 1104 2115 1194 2184; x_wconf 86' lang='lat' dir='ltr'><strong>qui</strong></span> <span class='ocrx_word' id='word_1_327' title='bbox 1223 2113 1601 2183; x_wconf 68' lang='lat' dir='ltr'><strong>prmvaricator</strong></span> <span class='ocrx_word' id='word_1_328' title='bbox 1634 2121 1717 2165; x_wconf 89' lang='lat' dir='ltr'><strong>est</strong></span> <span class='ocrx_word' id='word_1_329' title='bbox 1744 2110 1918 2164; x_wconf 82' lang='lat' dir='ltr'><strong>factus</strong></span> <span class='ocrx_word' id='word_1_330' title='bbox 1938 2148 1955 2173; x_wconf 92' lang='lat'><strong>,</strong></span> <span class='ocrx_word' id='word_1_331' title='bbox 1998 2109 2166 2162; x_wconf 88' lang='lat' dir='ltr'><strong>Deum</strong></span> 
     </span>
    </p>
   </div>
   <div class='ocr_carea' id='block_1_36' title="bbox 595 2201 2169 2276">
    <p class='ocr_par' dir='ltr' id='par_1_36' title="bbox 595 2201 2169 2276">
     <span class='ocr_line' id='line_1_36' title="bbox 595 2201 2169 2276; baseline -0.009 -7"><span class='ocrx_word' id='word_1_332' title='bbox 595 2233 697 2269; x_wconf 80' lang='lat' dir='ltr'><strong>non</strong></span> <span class='ocrx_word' id='word_1_333' title='bbox 723 2212 910 2268; x_wconf 81' lang='lat' dir='ltr'><strong>habuit</strong></span> <span class='ocrx_word' id='word_1_334' title='bbox 929 2207 1246 2276; x_wconf 72' lang='lat' dir='ltr'><strong>adiutorem.</strong></span> <span class='ocrx_word' id='word_1_335' title='bbox 1272 2206 1644 2275; x_wconf 83' lang='lat' dir='ltr'><strong>Operabantur</strong></span> <span class='ocrx_word' id='word_1_336' title='bbox 1666 2220 1795 2274; x_wconf 89' lang='lat' dir='ltr'><strong>ergo</strong></span> <span class='ocrx_word' id='word_1_337' title='bbox 1825 2204 1877 2257; x_wconf 92' lang='lat' dir='ltr'><strong>in</strong></span> <span class='ocrx_word' id='word_1_338' title='bbox 1911 2201 2169 2257; x_wconf 85' lang='lat' dir='ltr'><strong>membris</strong></span> 
     </span>
    </p>
   </div>
   <div class='ocr_carea' id='block_1_37' title="bbox 597 2292 2169 2366">
    <p class='ocr_par' dir='ltr' id='par_1_37' title="bbox 597 2292 2169 2366">
     <span class='ocr_line' id='line_1_37' title="bbox 597 2292 2169 2366; baseline -0.008 -8"><span class='ocrx_word' id='word_1_339' title='bbox 597 2304 815 2366; x_wconf 87' lang='lat' dir='ltr'><strong>nostris,</strong></span> <span class='ocrx_word' id='word_1_340' title='bbox 848 2309 907 2355; x_wconf 92' lang='lat' dir='ltr'><strong>ut</strong></span> <span class='ocrx_word' id='word_1_341' title='bbox 939 2300 1170 2353; x_wconf 82' lang='lat' dir='ltr'><strong>fructum</strong></span> <span class='ocrx_word' id='word_1_342' title='bbox 1202 2295 1424 2362; x_wconf 81' lang='lat' dir='ltr'><strong>ferrent,</strong></span> <span class='ocrx_word' id='word_1_343' title='bbox 1456 2295 1550 2350; x_wconf 88' lang='lat' dir='ltr'><strong>sed</strong></span> <span class='ocrx_word' id='word_1_344' title='bbox 1577 2295 1662 2349; x_wconf 89' lang='lat' dir='ltr'><strong>cui</strong></span> <span class='ocrx_word' id='word_1_345' title='bbox 1700 2295 1804 2349; x_wconf 91' lang='lat' dir='ltr'><strong>nisi</strong></span> <span class='ocrx_word' id='word_1_346' title='bbox 1839 2293 2019 2348; x_wconf 88' lang='lat' dir='ltr'><strong>morti.</strong></span> <span class='ocrx_word' id='word_1_347' title='bbox 2051 2292 2169 2349; x_wconf 79' lang='lat' dir='ltr'><strong>Noli</strong></span> 
     </span>
    </p>
   </div>
   <div class='ocr_carea' id='block_1_38' title="bbox 594 2382 2172 2462">
    <p class='ocr_par' dir='ltr' id='par_1_38' title="bbox 594 2382 2172 2462">
     <span class='ocr_line' id='line_1_38' title="bbox 594 2382 2172 2462; baseline -0.008 -14"><span class='ocrx_word' id='word_1_348' title='bbox 594 2409 722 2462; x_wconf 88' lang='lat' dir='ltr'><strong>ergo</strong></span> <span class='ocrx_word' id='word_1_349' title='bbox 762 2408 880 2446; x_wconf 80' lang='lat' dir='ltr'><strong>esse</strong></span> <span class='ocrx_word' id='word_1_350' title='bbox 913 2391 965 2444; x_wconf 91' lang='lat' dir='ltr'><strong>in</strong></span> <span class='ocrx_word' id='word_1_351' title='bbox 1004 2404 1199 2453; x_wconf 90' lang='lat' dir='ltr'><strong>carne,</strong></span> <span class='ocrx_word' id='word_1_352' title='bbox 1229 2388 1282 2441; x_wconf 91' lang='lat' dir='ltr'><strong>in</strong></span> <span class='ocrx_word' id='word_1_353' title='bbox 1311 2387 1504 2456; x_wconf 88' lang='lat' dir='ltr'><strong>spiritu</strong></span> <span class='ocrx_word' id='word_1_354' title='bbox 1532 2395 1669 2440; x_wconf 86' lang='lat' dir='ltr'><strong>esto.</strong></span> <span class='ocrx_word' id='word_1_355' title='bbox 1698 2384 1836 2452; x_wconf 87' lang='lat' dir='ltr'><strong>Quid</strong></span> <span class='ocrx_word' id='word_1_356' title='bbox 1863 2394 1946 2439; x_wconf 89' lang='lat' dir='ltr'><strong>est</strong></span> <span class='ocrx_word' id='word_1_357' title='bbox 1976 2384 2030 2438; x_wconf 91' lang='lat' dir='ltr'><strong>in</strong></span> <span class='ocrx_word' id='word_1_358' title='bbox 2061 2382 2172 2453; x_wconf 89' lang='lat' dir='ltr'><strong>spi-</strong></span> 
     </span>
    </p>
   </div>
   <div class='ocr_carea' id='block_1_39' title="bbox 599 2472 2174 2546">
    <p class='ocr_par' dir='ltr' id='par_1_39' title="bbox 599 2472 2174 2546">
     <span class='ocr_line' id='line_1_39' title="bbox 599 2472 2174 2546; baseline -0.005 -10"><span class='ocrx_word' id='word_1_359' title='bbox 599 2483 701 2536; x_wconf 83' lang='lat' dir='ltr'><strong>ritu</strong></span> <span class='ocrx_word' id='word_1_360' title='bbox 732 2480 883 2536; x_wconf 90' lang='lat' dir='ltr'><strong>esto?</strong></span> <span class='ocrx_word' id='word_1_361' title='bbox 914 2481 964 2531; x_wconf 91' lang='lat' dir='ltr'><strong>in</strong></span> <span class='ocrx_word' id='word_1_362' title='bbox 998 2480 1105 2531; x_wconf 88' lang='lat' dir='ltr'><strong>Deo</strong></span> <span class='ocrx_word' id='word_1_363' title='bbox 1129 2491 1278 2545; x_wconf 88' lang='lat' dir='ltr'><strong>spem</strong></span> <span class='ocrx_word' id='word_1_364' title='bbox 1300 2489 1456 2544; x_wconf 89' lang='lat' dir='ltr'><strong>pone.</strong></span> <span class='ocrx_word' id='word_1_365' title='bbox 1487 2472 1714 2546; x_wconf 81' lang='lat' dir='ltr'><strong>(Ambr.)</strong></span> <span class='ocrx_word' id='word_1_366' title='bbox 1740 2473 1906 2544; x_wconf 86' lang='lat' dir='ltr'><strong>Igitur</strong></span> <span class='ocrx_word' id='word_1_367' title='bbox 1931 2473 1986 2527; x_wconf 92' lang='lat' dir='ltr'><strong>in</strong></span> <span class='ocrx_word' id='word_1_368' title='bbox 2009 2487 2174 2529; x_wconf 85' lang='lat' dir='ltr'><strong>carne</strong></span> 
     </span>
    </p>
   </div>
   <div class='ocr_carea' id='block_1_40' title="bbox 596 2563 2174 2639">
    <p class='ocr_par' dir='ltr' id='par_1_40' title="bbox 596 2563 2174 2639">
     <span class='ocr_line' id='line_1_40' title="bbox 596 2563 2174 2639; baseline -0.008 -11"><span class='ocrx_word' id='word_1_369' title='bbox 596 2589 735 2637; x_wconf 85' lang='lat' dir='ltr'><strong>esse,</strong></span> <span class='ocrx_word' id='word_1_370' title='bbox 780 2570 1067 2626; x_wconf 84' lang='lat' dir='ltr'><strong>multifarie</strong></span> <span class='ocrx_word' id='word_1_371' title='bbox 1098 2567 1409 2639; x_wconf 84' lang='lat' dir='ltr'><strong>intelligitur</strong></span> <span class='ocrx_word' id='word_1_372' title='bbox 1439 2583 1452 2618; x_wconf 88' lang='lat'><strong>:</strong></span> <span class='ocrx_word' id='word_1_373' title='bbox 1485 2581 1608 2620; x_wconf 91' lang='lat' dir='ltr'><strong>nam</strong></span> <span class='ocrx_word' id='word_1_374' title='bbox 1652 2564 1830 2619; x_wconf 90' lang='lat' dir='ltr'><strong>omnis</strong></span> <span class='ocrx_word' id='word_1_375' title='bbox 1868 2563 2174 2619; x_wconf 90' lang='lat' dir='ltr'><strong>incredulus</strong></span> 
     </span>
    </p>
   </div>
   <div class='ocr_carea' id='block_1_41' title="bbox 601 2652 2175 2723">
    <p class='ocr_par' dir='ltr' id='par_1_41' title="bbox 601 2652 2175 2723">
     <span class='ocr_line' id='line_1_41' title="bbox 601 2652 2175 2723; baseline -0.006 -8"><span class='ocrx_word' id='word_1_376' title='bbox 601 2662 653 2715; x_wconf 90' lang='lat' dir='ltr'><strong>in</strong></span> <span class='ocrx_word' id='word_1_377' title='bbox 683 2675 843 2715; x_wconf 89' lang='lat' dir='ltr'><strong>carne</strong></span> <span class='ocrx_word' id='word_1_378' title='bbox 877 2667 977 2717; x_wconf 85' lang='lat' dir='ltr'><strong>est.</strong></span> <span class='ocrx_word' id='word_1_379' title='bbox 1012 2658 1061 2710; x_wconf 87' lang='lat' dir='ltr'><strong>id</strong></span> <span class='ocrx_word' id='word_1_380' title='bbox 1091 2664 1173 2711; x_wconf 88' lang='lat' dir='ltr'><strong>est</strong></span> <span class='ocrx_word' id='word_1_381' title='bbox 1203 2654 1460 2720; x_wconf 86' lang='lat' dir='ltr'><strong>carnalis,</strong></span> <span class='ocrx_word' id='word_1_382' title='bbox 1491 2663 1546 2708; x_wconf 90' lang='lat' dir='ltr'><strong>et</strong></span> <span class='ocrx_word' id='word_1_383' title='bbox 1570 2652 1906 2708; x_wconf 82' lang='lat' dir='ltr'><strong>Christianus</strong></span> <span class='ocrx_word' id='word_1_384' title='bbox 1932 2652 2032 2707; x_wconf 86' lang='lat' dir='ltr'><strong>sub</strong></span> <span class='ocrx_word' id='word_1_385' title='bbox 2057 2652 2175 2723; x_wconf 89' lang='lat' dir='ltr'><strong>lege</strong></span> 
     </span>
    </p>
   </div>
   <div class='ocr_carea' id='block_1_42' title="bbox 599 2744 2177 2815">
    <p class='ocr_par' dir='ltr' id='par_1_42' title="bbox 599 2744 2177 2815">
     <span class='ocr_line' id='line_1_42' title="bbox 599 2744 2177 2815; baseline -0.004 -12"><span class='ocrx_word' id='word_1_386' title='bbox 599 2754 787 2807; x_wconf 84' lang='lat' dir='ltr'><strong>vivens</strong></span> <span class='ocrx_word' id='word_1_387' title='bbox 835 2752 887 2804; x_wconf 90' lang='lat' dir='ltr'><strong>in</strong></span> <span class='ocrx_word' id='word_1_388' title='bbox 935 2763 1097 2804; x_wconf 86' lang='lat' dir='ltr'><strong>carne</strong></span> <span class='ocrx_word' id='word_1_389' title='bbox 1142 2754 1253 2810; x_wconf 90' lang='lat' dir='ltr'><strong>est,</strong></span> <span class='ocrx_word' id='word_1_390' title='bbox 1296 2754 1352 2801; x_wconf 91' lang='lat' dir='ltr'><strong>et</strong></span> <span class='ocrx_word' id='word_1_391' title='bbox 1389 2745 1479 2815; x_wconf 89' lang='lat' dir='ltr'><strong>qui</strong></span> <span class='ocrx_word' id='word_1_392' title='bbox 1525 2745 1591 2800; x_wconf 88' lang='lat' dir='ltr'><strong>de</strong></span> <span class='ocrx_word' id='word_1_393' title='bbox 1627 2744 1935 2799; x_wconf 90' lang='lat' dir='ltr'><strong>hominibus</strong></span> <span class='ocrx_word' id='word_1_394' title='bbox 1975 2744 2177 2813; x_wconf 89' lang='lat' dir='ltr'><strong>aliquid</strong></span> 
     </span>
    </p>
   </div>
   <div class='ocr_carea' id='block_1_43' title="bbox 601 2835 2179 2916">
    <p class='ocr_par' dir='ltr' id='par_1_43' title="bbox 601 2835 2179 2916">
     <span class='ocr_line' id='line_1_43' title="bbox 601 2835 2179 2916; baseline -0.006 -17"><span class='ocrx_word' id='word_1_395' title='bbox 601 2852 813 2916; x_wconf 86' lang='lat' dir='ltr'><strong>sperat,</strong></span> <span class='ocrx_word' id='word_1_396' title='bbox 845 2842 895 2895; x_wconf 89' lang='lat' dir='ltr'><strong>in</strong></span> <span class='ocrx_word' id='word_1_397' title='bbox 926 2854 1089 2895; x_wconf 88' lang='lat' dir='ltr'><strong>carne</strong></span> <span class='ocrx_word' id='word_1_398' title='bbox 1118 2848 1233 2903; x_wconf 88' lang='lat' dir='ltr'><strong>est;</strong></span> <span class='ocrx_word' id='word_1_399' title='bbox 1258 2846 1313 2892; x_wconf 91' lang='lat' dir='ltr'><strong>et</strong></span> <span class='ocrx_word' id='word_1_400' title='bbox 1341 2837 1387 2893; x_wconf 87' lang='lat' dir='ltr'><strong>si</strong></span> <span class='ocrx_word' id='word_1_401' title='bbox 1412 2837 1534 2906; x_wconf 90' lang='lat' dir='ltr'><strong>quis</strong></span> <span class='ocrx_word' id='word_1_402' title='bbox 1571 2835 1910 2892; x_wconf 88' lang='lat' dir='ltr'><strong>Christianus</strong></span> <span class='ocrx_word' id='word_1_403' title='bbox 1940 2835 2179 2890; x_wconf 76' lang='lat' dir='ltr'><strong>luxurio-</strong></span> 
     </span>
    </p>
   </div>
   <div class='ocr_carea' id='block_1_44' title="bbox 602 2926 2180 3009">
    <p class='ocr_par' dir='ltr' id='par_1_44' title="bbox 602 2926 2180 3009">
     <span class='ocr_line' id='line_1_44' title="bbox 602 2926 2180 3009; baseline -0.005 -19"><span class='ocrx_word' id='word_1_404' title='bbox 602 2952 715 2990; x_wconf 88' lang='lat' dir='ltr'><strong>sam</strong></span> <span class='ocrx_word' id='word_1_405' title='bbox 746 2935 906 2989; x_wconf 85' lang='lat' dir='ltr'><strong>habet</strong></span> <span class='ocrx_word' id='word_1_406' title='bbox 934 2932 1118 2994; x_wconf 82' lang='lat' dir='ltr'><strong>vitam,</strong></span> <span class='ocrx_word' id='word_1_407' title='bbox 1153 2930 1206 2982; x_wconf 92' lang='lat' dir='ltr'><strong>in</strong></span> <span class='ocrx_word' id='word_1_408' title='bbox 1236 2944 1400 2984; x_wconf 89' lang='lat' dir='ltr'><strong>carne</strong></span> <span class='ocrx_word' id='word_1_409' title='bbox 1426 2935 1536 2993; x_wconf 88' lang='lat' dir='ltr'><strong>est,</strong></span> <span class='ocrx_word' id='word_1_410' title='bbox 1566 2936 1620 2982; x_wconf 89' lang='lat' dir='ltr'><strong>et</strong></span> <span class='ocrx_word' id='word_1_411' title='bbox 1645 2926 1735 2997; x_wconf 92' lang='lat' dir='ltr'><strong>qui</strong></span> <span class='ocrx_word' id='word_1_412' title='bbox 1766 2926 1904 2982; x_wconf 87' lang='lat' dir='ltr'><strong>male</strong></span> <span class='ocrx_word' id='word_1_413' title='bbox 1932 2926 2180 3009; x_wconf 71' lang='lat' dir='ltr'><strong>intelligit</strong></span> 
     </span>
    </p>
   </div>
   <div class='ocr_carea' id='block_1_45' title="bbox 2269 2018 3758 2103">
    <p class='ocr_par' dir='ltr' id='par_1_45' title="bbox 2269 2018 3758 2103">
     <span class='ocr_line' id='line_1_45' title="bbox 2269 2018 3758 2103; baseline -0.014 -13"><span class='ocrx_word' id='word_1_414' title='bbox 2269 2044 2375 2089; x_wconf 91' lang='lat' dir='ltr'><strong>tam</strong></span> <span class='ocrx_word' id='word_1_415' title='bbox 2414 2032 2627 2103; x_wconf 90' lang='lat' dir='ltr'><strong>nuptias</strong></span> <span class='ocrx_word' id='word_1_416' title='bbox 2663 2030 2780 2101; x_wconf 83' lang='lat' dir='ltr'><strong>ejus</strong></span> <span class='ocrx_word' id='word_1_417' title='bbox 2813 2027 2993 2090; x_wconf 75' lang='lat' dir='ltr'><strong>adire,</strong></span> <span class='ocrx_word' id='word_1_418' title='bbox 3036 2041 3198 2095; x_wconf 86' lang='lat' dir='ltr'><strong>quam</strong></span> <span class='ocrx_word' id='word_1_419' title='bbox 3229 2022 3465 2077; x_wconf 74' lang='lat' dir='ltr'><strong>adultera</strong></span> <span class='ocrx_word' id='word_1_420' title='bbox 3489 2018 3605 2074; x_wconf 83' lang='lat' dir='ltr'><strong>eliici</strong></span> <span class='ocrx_word' id='word_1_421' title='bbox 3629 2018 3758 2103; x_wconf 46' lang='lat' dir='ltr'><strong>videaf</strong></span> 
     </span>
    </p>
   </div>
   <div class='ocr_carea' id='block_1_46' title="bbox 2268 2101 3759 2193">
    <p class='ocr_par' dir='ltr' id='par_1_46' title="bbox 2268 2101 3759 2193">
     <span class='ocr_line' id='line_1_46' title="bbox 2268 2101 3759 2193; baseline -0.015 -14"><span class='ocrx_word' id='word_1_422' title='bbox 2268 2134 2387 2189; x_wconf 90' lang='lat' dir='ltr'><strong>tur;</strong></span> <span class='ocrx_word' id='word_1_423' title='bbox 2417 2101 2614 2193; x_wconf 86' lang='lat' dir='ltr'><strong>quippe</strong></span> <span class='ocrx_word' id='word_1_424' title='bbox 2643 2121 2687 2174; x_wconf 90' lang='lat' dir='ltr'><strong>si</strong></span> <span class='ocrx_word' id='word_1_425' title='bbox 2716 2118 2913 2188; x_wconf 88' lang='lat' dir='ltr'><strong>prioris</strong></span> <span class='ocrx_word' id='word_1_426' title='bbox 2940 2115 3113 2169; x_wconf 86' lang='lat' dir='ltr'><strong>adhuc</strong></span> <span class='ocrx_word' id='word_1_427' title='bbox 3141 2112 3245 2165; x_wconf 87' lang='lat' dir='ltr'><strong>viri</strong></span> <span class='ocrx_word' id='word_1_428' title='bbox 3272 2110 3473 2181; x_wconf 87' lang='lat' dir='ltr'><strong>legibus</strong></span> <span class='ocrx_word' id='word_1_429' title='bbox 3502 2107 3629 2160; x_wconf 81' lang='lat' dir='ltr'><strong>vivit.</strong></span> <span class='ocrx_word' id='word_1_430' title='bbox 3653 2101 3759 2170; x_wconf 73' lang='lat' dir='ltr'><strong>Quod</strong></span> 
     </span>
    </p>
   </div>
   <div class='ocr_carea' id='block_1_47' title="bbox 2269 2197 3762 2281">
    <p class='ocr_par' dir='ltr' id='par_1_47' title="bbox 2269 2197 3762 2281">
     <span class='ocr_line' id='line_1_47' title="bbox 2269 2197 3762 2281; baseline -0.015 -12"><span class='ocrx_word' id='word_1_431' title='bbox 2269 2223 2449 2269; x_wconf 86' lang='lat' dir='ltr'><strong>tamen</strong></span> <span class='ocrx_word' id='word_1_432' title='bbox 2480 2208 2771 2281; x_wconf 85' lang='lat' dir='ltr'><strong>Apostolus</strong></span> <span class='ocrx_word' id='word_1_433' title='bbox 2798 2205 2901 2261; x_wconf 90' lang='lat' dir='ltr'><strong>alia</strong></span> <span class='ocrx_word' id='word_1_434' title='bbox 2931 2218 3144 2258; x_wconf 87' lang='lat' dir='ltr'><strong>rursum</strong></span> <span class='ocrx_word' id='word_1_435' title='bbox 3168 2201 3343 2272; x_wconf 83' lang='lat' dir='ltr'><strong>ﬁgura</strong></span> <span class='ocrx_word' id='word_1_436' title='bbox 3365 2199 3430 2253; x_wconf 89' lang='lat' dir='ltr'><strong>ad</strong></span> <span class='ocrx_word' id='word_1_437' title='bbox 3448 2197 3658 2252; x_wconf 82' lang='lat' dir='ltr'><strong>eumdem</strong></span> <span class='ocrx_word' id='word_1_438' title='bbox 3677 2207 3762 2247; x_wconf 83' lang='lat' dir='ltr'><strong>seu-</strong></span> 
     </span>
    </p>
   </div>
   <div class='ocr_carea' id='block_1_48' title="bbox 2269 2286 3762 2373">
    <p class='ocr_par' dir='ltr' id='par_1_48' title="bbox 2269 2286 3762 2373">
     <span class='ocr_line' id='line_1_48' title="bbox 2269 2286 3762 2373; baseline -0.015 -11"><span class='ocrx_word' id='word_1_439' title='bbox 2269 2321 2390 2362; x_wconf 89' lang='lat' dir='ltr'><strong>sum</strong></span> <span class='ocrx_word' id='word_1_440' title='bbox 2433 2301 2823 2373; x_wconf 76' lang='lat' dir='ltr'><strong>explanationis</strong></span> <span class='ocrx_word' id='word_1_441' title='bbox 2856 2297 3090 2353; x_wconf 87' lang='lat' dir='ltr'><strong>adducit.</strong></span> <span class='ocrx_word' id='word_1_442' title='bbox 3123 2293 3262 2349; x_wconf 89' lang='lat' dir='ltr'><strong>Cum</strong></span> <span class='ocrx_word' id='word_1_443' title='bbox 3289 2292 3431 2348; x_wconf 86' lang='lat' dir='ltr'><strong>enim</strong></span> <span class='ocrx_word' id='word_1_444' title='bbox 3461 2292 3509 2345; x_wconf 92' lang='lat' dir='ltr'><strong>in</strong></span> <span class='ocrx_word' id='word_1_445' title='bbox 3540 2286 3762 2359; x_wconf 84' lang='lat' dir='ltr'><strong>superiori-</strong></span> 
     </span>
    </p>
   </div>
   <div class='ocr_carea' id='block_1_49' title="bbox 2270 2376 3765 2461">
    <p class='ocr_par' dir='ltr' id='par_1_49' title="bbox 2270 2376 3765 2461">
     <span class='ocr_line' id='line_1_49' title="bbox 2270 2376 3765 2461; baseline -0.015 -11"><span class='ocrx_word' id='word_1_446' title='bbox 2270 2397 2373 2451; x_wconf 88' lang='lat' dir='ltr'><strong>bus</strong></span> <span class='ocrx_word' id='word_1_447' title='bbox 2400 2395 2465 2448; x_wconf 89' lang='lat' dir='ltr'><strong>de</strong></span> <span class='ocrx_word' id='word_1_448' title='bbox 2500 2393 2614 2461; x_wconf 84' lang='lat' dir='ltr'><strong>lege</strong></span> <span class='ocrx_word' id='word_1_449' title='bbox 2651 2390 2844 2444; x_wconf 68' lang='lat' dir='ltr'><strong>littera:</strong></span> <span class='ocrx_word' id='word_1_450' title='bbox 2884 2387 3245 2455; x_wconf 85' lang='lat' dir='ltr'><strong>disputasset,</strong></span> <span class='ocrx_word' id='word_1_451' title='bbox 3276 2382 3416 2452; x_wconf 88' lang='lat' dir='ltr'><strong>quod</strong></span> <span class='ocrx_word' id='word_1_452' title='bbox 3448 2380 3608 2448; x_wconf 66' lang='lat' dir='ltr'><strong>utique</strong></span> <span class='ocrx_word' id='word_1_453' title='bbox 3629 2376 3681 2432; x_wconf 83' lang='lat' dir='ltr'><strong>ad</strong></span> <span class='ocrx_word' id='word_1_454' title='bbox 3700 2390 3765 2429; x_wconf 77' lang='lat' dir='ltr'><strong>eos</strong></span> 
     </span>
    </p>
   </div>
   <div class='ocr_carea' id='block_1_50' title="bbox 2271 2468 3762 2549">
    <p class='ocr_par' dir='ltr' id='par_1_50' title="bbox 2271 2468 3762 2549">
     <span class='ocr_line' id='line_1_50' title="bbox 2271 2468 3762 2549; baseline -0.015 -8"><span class='ocrx_word' id='word_1_455' title='bbox 2271 2487 2547 2541; x_wconf 77' lang='lat' dir='ltr'><strong>videretur</strong></span> <span class='ocrx_word' id='word_1_456' title='bbox 2577 2491 2782 2537; x_wconf 85' lang='lat' dir='ltr'><strong>tantum</strong></span> <span class='ocrx_word' id='word_1_457' title='bbox 2810 2479 2903 2549; x_wconf 91' lang='lat' dir='ltr'><strong>qui</strong></span> <span class='ocrx_word' id='word_1_458' title='bbox 2940 2493 3009 2532; x_wconf 77' lang='lat' dir='ltr'><strong>ex</strong></span> <span class='ocrx_word' id='word_1_459' title='bbox 3057 2475 3467 2532; x_wconf 87' lang='lat' dir='ltr'><strong>circumcisione</strong></span> <span class='ocrx_word' id='word_1_460' title='bbox 3501 2468 3762 2525; x_wconf 75' lang='lat' dir='ltr'><strong>crediderant</strong></span> 
     </span>
    </p>
   </div>
   <div class='ocr_carea' id='block_1_51' title="bbox 2272 2561 3767 2650">
    <p class='ocr_par' dir='ltr' id='par_1_51' title="bbox 2272 2561 3767 2650">
     <span class='ocr_line' id='line_1_51' title="bbox 2272 2561 3767 2650; baseline -0.015 -17"><span class='ocrx_word' id='word_1_461' title='bbox 2272 2578 2562 2650; x_wconf 86' lang='lat' dir='ltr'><strong>pertinere,</strong></span> <span class='ocrx_word' id='word_1_462' title='bbox 2587 2589 2730 2628; x_wconf 87' lang='lat' dir='ltr'><strong>nunc</strong></span> <span class='ocrx_word' id='word_1_463' title='bbox 2753 2570 2935 2627; x_wconf 89' lang='lat' dir='ltr'><strong>latenti</strong></span> <span class='ocrx_word' id='word_1_464' title='bbox 2959 2569 3191 2639; x_wconf 89' lang='lat' dir='ltr'><strong>quadam</strong></span> <span class='ocrx_word' id='word_1_465' title='bbox 3217 2565 3556 2623; x_wconf 83' lang='lat' dir='ltr'><strong>conversione</strong></span> <span class='ocrx_word' id='word_1_466' title='bbox 3575 2561 3713 2616; x_wconf 80' lang='lat' dir='ltr'><strong>carnis</strong></span> <span class='ocrx_word' id='word_1_467' title='bbox 3728 2566 3767 2612; x_wconf 84' lang='lat' dir='ltr'><strong>et</strong></span> 
     </span>
    </p>
   </div>
   <div class='ocr_carea' id='block_1_52' title="bbox 2278 2650 3764 2733">
    <p class='ocr_par' dir='ltr' id='par_1_52' title="bbox 2278 2650 3764 2733">
     <span class='ocr_line' id='line_1_52' title="bbox 2278 2650 3764 2733; baseline -0.014 -8"><span class='ocrx_word' id='word_1_468' title='bbox 2278 2672 2529 2725; x_wconf 86' lang='lat' dir='ltr'><strong>vitiorum</strong></span> <span class='ocrx_word' id='word_1_469' title='bbox 2558 2666 2783 2722; x_wconf 88' lang='lat' dir='ltr'><strong>discutit</strong></span> <span class='ocrx_word' id='word_1_470' title='bbox 2819 2664 3013 2733; x_wconf 81' lang='lat' dir='ltr'><strong>legem,</strong></span> <span class='ocrx_word' id='word_1_471' title='bbox 3042 2662 3110 2716; x_wconf 90' lang='lat' dir='ltr'><strong>ob</strong></span> <span class='ocrx_word' id='word_1_472' title='bbox 3138 2660 3189 2714; x_wconf 92' lang='lat' dir='ltr'><strong>id</strong></span> <span class='ocrx_word' id='word_1_473' title='bbox 3223 2662 3347 2714; x_wconf 87' lang='lat' dir='ltr'><strong>sine</strong></span> <span class='ocrx_word' id='word_1_474' title='bbox 3368 2657 3537 2717; x_wconf 88' lang='lat' dir='ltr'><strong>dubio,</strong></span> <span class='ocrx_word' id='word_1_475' title='bbox 3562 2652 3630 2707; x_wconf 82' lang='lat' dir='ltr'><strong>vel</strong></span> <span class='ocrx_word' id='word_1_476' title='bbox 3650 2650 3764 2705; x_wconf 70' lang='lat' dir='ltr'><strong>etim</strong></span> 
     </span>
    </p>
   </div>
   <div class='ocr_carea' id='block_1_53' title="bbox 2276 2742 3766 2817">
    <p class='ocr_par' dir='ltr' id='par_1_53' title="bbox 2276 2742 3766 2817">
     <span class='ocr_line' id='line_1_53' title="bbox 2276 2742 3766 2817; baseline -0.017 -1"><span class='ocrx_word' id='word_1_477' title='bbox 2276 2760 2344 2816; x_wconf 86' lang='lat' dir='ltr'><strong>ad</strong></span> <span class='ocrx_word' id='word_1_478' title='bbox 2366 2768 2591 2815; x_wconf 66' lang='lat' dir='ltr'><strong>caeteros</strong></span> <span class='ocrx_word' id='word_1_479' title='bbox 2620 2755 2889 2817; x_wconf 89' lang='lat' dir='ltr'><strong>homines,</strong></span> <span class='ocrx_word' id='word_1_480' title='bbox 2912 2760 3095 2806; x_wconf 90' lang='lat' dir='ltr'><strong>etnon</strong></span> <span class='ocrx_word' id='word_1_481' title='bbox 3116 2764 3211 2804; x_wconf 86' lang='lat' dir='ltr'><strong>eos</strong></span> <span class='ocrx_word' id='word_1_482' title='bbox 3236 2747 3398 2809; x_wconf 87' lang='lat' dir='ltr'><strong>solos,</strong></span> <span class='ocrx_word' id='word_1_483' title='bbox 3425 2746 3509 2815; x_wconf 88' lang='lat' dir='ltr'><strong>qui</strong></span> <span class='ocrx_word' id='word_1_484' title='bbox 3528 2759 3585 2798; x_wconf 77' lang='lat' dir='ltr'><strong>ex</strong></span> <span class='ocrx_word' id='word_1_485' title='bbox 3604 2742 3766 2795; x_wconf 58' lang='lat' dir='ltr'><strong>circa»</strong></span> 
     </span>
    </p>
   </div>
   <div class='ocr_carea' id='block_1_54' title="bbox 2277 2826 3767 2910">
    <p class='ocr_par' dir='ltr' id='par_1_54' title="bbox 2277 2826 3767 2910">
     <span class='ocr_line' id='line_1_54' title="bbox 2277 2826 3767 2910; baseline -0.017 -3"><span class='ocrx_word' id='word_1_486' title='bbox 2277 2851 2480 2908; x_wconf 88' lang='lat' dir='ltr'><strong>cisione</strong></span> <span class='ocrx_word' id='word_1_487' title='bbox 2516 2856 2660 2910; x_wconf 88' lang='lat' dir='ltr'><strong>sunt,</strong></span> <span class='ocrx_word' id='word_1_488' title='bbox 2703 2853 2969 2899; x_wconf 88' lang='lat' dir='ltr'><strong>tractatus</strong></span> <span class='ocrx_word' id='word_1_489' title='bbox 3000 2843 3100 2896; x_wconf 83' lang='lat' dir='ltr'><strong>iste</strong></span> <span class='ocrx_word' id='word_1_490' title='bbox 3128 2839 3407 2910; x_wconf 87' lang='lat' dir='ltr'><strong>pertinere</strong></span> <span class='ocrx_word' id='word_1_491' title='bbox 3441 2826 3767 2888; x_wconf 50' lang='lat' dir='ltr'><strong>videretur.“</strong></span> 
     </span>
    </p>
   </div>
   <div class='ocr_carea' id='block_1_55' title="bbox 2279 2915 3767 3011">
    <p class='ocr_par' dir='ltr' id='par_1_55' title="bbox 2279 2915 3767 3011">
     <span class='ocr_line' id='line_1_55' title="bbox 2279 2915 3767 3011; baseline -0.015 -16"><span class='ocrx_word' id='word_1_492' title='bbox 2279 2955 2430 3011; x_wconf 85' lang='lat' dir='ltr'><strong>ergo,</strong></span> <span class='ocrx_word' id='word_1_493' title='bbox 2460 2953 2577 2991; x_wconf 85' lang='lat' dir='ltr'><strong>cum</strong></span> <span class='ocrx_word' id='word_1_494' title='bbox 2600 2949 2826 2989; x_wconf 77' lang='lat' dir='ltr'><strong>essemus</strong></span> <span class='ocrx_word' id='word_1_495' title='bbox 2861 2933 2917 2984; x_wconf 85' lang='lat' dir='ltr'><strong>in</strong></span> <span class='ocrx_word' id='word_1_496' title='bbox 2959 2944 3135 2984; x_wconf 81' lang='lat' dir='ltr'><strong>came.</strong></span> <span class='ocrx_word' id='word_1_497' title='bbox 3160 2927 3231 2982; x_wconf 83' lang='lat' dir='ltr'><strong>Et</strong></span> <span class='ocrx_word' id='word_1_498' title='bbox 3260 2926 3469 2997; x_wconf 88' lang='lat' dir='ltr'><strong>quidem</strong></span> <span class='ocrx_word' id='word_1_499' title='bbox 3496 2915 3767 3011; x_wconf 74' lang='lat' dir='ltr'><strong>quantunud</strong></span> 
     </span>
    </p>
   </div>
   <div class='ocr_carea' id='block_1_56' title="bbox 604 3009 3766 3099">
    <p class='ocr_par' dir='ltr' id='par_1_56' title="bbox 604 3009 3766 3099">
     <span class='ocr_line' id='line_1_56' title="bbox 604 3009 3766 3099; baseline -0.008 -16"><span class='ocrx_word' id='word_1_500' title='bbox 604 3027 875 3082; x_wconf 86' lang='lat' dir='ltr'><strong>Christum</strong></span> <span class='ocrx_word' id='word_1_501' title='bbox 907 3024 957 3077; x_wconf 92' lang='lat' dir='ltr'><strong>in</strong></span> <span class='ocrx_word' id='word_1_502' title='bbox 988 3038 1150 3077; x_wconf 83' lang='lat' dir='ltr'><strong>carne</strong></span> <span class='ocrx_word' id='word_1_503' title='bbox 1172 3031 1271 3076; x_wconf 84' lang='lat' dir='ltr'><strong>est.</strong></span> <span class='ocrx_word' id='word_1_504' title='bbox 1298 3021 1409 3076; x_wconf 83' lang='lat' dir='ltr'><strong>Hoc</strong></span> <span class='ocrx_word' id='word_1_505' title='bbox 1427 3020 1543 3075; x_wconf 89' lang='lat' dir='ltr'><strong>loco</strong></span> <span class='ocrx_word' id='word_1_506' title='bbox 1573 3028 1752 3075; x_wconf 88' lang='lat' dir='ltr'><strong>tamen</strong></span> <span class='ocrx_word' id='word_1_507' title='bbox 1783 3022 1837 3076; x_wconf 90' lang='lat' dir='ltr'><strong>in</strong></span> <span class='ocrx_word' id='word_1_508' title='bbox 1863 3035 2028 3076; x_wconf 87' lang='lat' dir='ltr'><strong>carne</strong></span> <span class='ocrx_word' id='word_1_509' title='bbox 2052 3035 2176 3076; x_wconf 88' lang='lat' dir='ltr'><strong>esse</strong></span> <span class='ocrx_word' id='word_1_510' title='bbox 2229 3096 2249 3099; x_wconf 71' lang='lat'><strong><em>_</em></strong></span> <span class='ocrx_word' id='word_1_511' title='bbox 2282 3009 2395 3085; x_wconf 70' lang='grc' dir='ltr'><strong>ι-ειή</strong></span> <span class='ocrx_word' id='word_1_512' title='bbox 2423 3035 2632 3099; x_wconf 75' lang='lat' dir='ltr'><strong>spectat</strong></span> <span class='ocrx_word' id='word_1_513' title='bbox 2651 3065 2665 3090; x_wconf 90' lang='lat'><strong>,</strong></span> <span class='ocrx_word' id='word_1_514' title='bbox 2714 3025 2768 3079; x_wconf 83' lang='lat' dir='ltr'><strong>in</strong></span> <span class='ocrx_word' id='word_1_515' title='bbox 2812 3036 2976 3076; x_wconf 71' lang='lat' dir='ltr'><strong>carne</strong></span> <span class='ocrx_word' id='word_1_516' title='bbox 3013 3021 3201 3089; x_wconf 85' lang='lat' dir='ltr'><strong>utique</strong></span> <span class='ocrx_word' id='word_1_517' title='bbox 3233 3018 3438 3089; x_wconf 85' lang='lat' dir='ltr'><strong>positus</strong></span> <span class='ocrx_word' id='word_1_518' title='bbox 3460 3014 3553 3069; x_wconf 85' lang='lat' dir='ltr'><strong>ista</strong></span> <span class='ocrx_word' id='word_1_519' title='bbox 3584 3009 3766 3065; x_wconf 78' lang='lat' dir='ltr'><strong>dicebat:</strong></span> 
     </span>
    </p>
   </div>
   <div class='ocr_carea' id='block_1_57' title="bbox 607 3096 3768 3182">
    <p class='ocr_par' dir='ltr' id='par_1_57' title="bbox 607 3096 3768 3182">
     <span class='ocr_line' id='line_1_57' title="bbox 607 3096 3768 3182; baseline -0.006 -11"><span class='ocrx_word' id='word_1_520' title='bbox 607 3117 684 3171; x_wconf 90' lang='lat' dir='ltr'><strong>sic</strong></span> <span class='ocrx_word' id='word_1_521' title='bbox 714 3113 1090 3182; x_wconf 84' lang='lat' dir='ltr'><strong>intelligemus,</strong></span> <span class='ocrx_word' id='word_1_522' title='bbox 1119 3110 1243 3179; x_wconf 86' lang='lat' dir='ltr'><strong>quia</strong></span> <span class='ocrx_word' id='word_1_523' title='bbox 1284 3119 1408 3164; x_wconf 90' lang='lat' dir='ltr'><strong>ante</strong></span> <span class='ocrx_word' id='word_1_524' title='bbox 1447 3108 1604 3163; x_wconf 79' lang='lat' dir='ltr'><strong>[idem</strong></span> <span class='ocrx_word' id='word_1_525' title='bbox 1649 3108 1704 3162; x_wconf 92' lang='lat' dir='ltr'><strong>in</strong></span> <span class='ocrx_word' id='word_1_526' title='bbox 1742 3123 1906 3164; x_wconf 90' lang='lat' dir='ltr'><strong>carne</strong></span> <span class='ocrx_word' id='word_1_527' title='bbox 1940 3123 2175 3173; x_wconf 88' lang='lat' dir='ltr'><strong>eramus,</strong></span> <span class='ocrx_word' id='word_1_528' title='bbox 2206 3096 2249 3158; x_wconf 72' lang='grc' dir='ltr'><strong>Ο</strong></span> <span class='ocrx_word' id='word_1_529' title='bbox 2283 3122 2375 3177; x_wconf 68' lang='grc' dir='ltr'><strong>εεά</strong></span> <span class='ocrx_word' id='word_1_530' title='bbox 2399 3096 2519 3175; x_wconf 60' lang='grc' dir='ltr'><strong>οιίηι</strong></span> <span class='ocrx_word' id='word_1_531' title='bbox 2548 3118 2601 3172; x_wconf 69' lang='lat' dir='ltr'><strong>in</strong></span> <span class='ocrx_word' id='word_1_532' title='bbox 2627 3130 2791 3172; x_wconf 74' lang='lat' dir='ltr'><strong>came</strong></span> <span class='ocrx_word' id='word_1_533' title='bbox 2816 3127 3076 3175; x_wconf 77' lang='lat' dir='ltr'><strong>essemus,</strong></span> <span class='ocrx_word' id='word_1_534' title='bbox 3119 3111 3223 3166; x_wconf 89' lang='lat' dir='ltr'><strong>hoc</strong></span> <span class='ocrx_word' id='word_1_535' title='bbox 3273 3118 3375 3173; x_wconf 84' lang='lat' dir='ltr'><strong>est,</strong></span> <span class='ocrx_word' id='word_1_536' title='bbox 3412 3121 3526 3162; x_wconf 84' lang='lat' dir='ltr'><strong>cum</strong></span> <span class='ocrx_word' id='word_1_537' title='bbox 3555 3098 3768 3159; x_wconf 69' lang='lat' dir='ltr'><strong>semiudum</strong></span> 
     </span>
    </p>
   </div>
   <div class='ocr_carea' id='block_1_58' title="bbox 609 3199 2184 3274">
    <p class='ocr_par' dir='ltr' id='par_1_58' title="bbox 609 3199 2184 3274">
     <span class='ocr_line' id='line_1_58' title="bbox 609 3199 2184 3274; baseline -0.004 -13"><span class='ocrx_word' id='word_1_538' title='bbox 609 3207 707 3262; x_wconf 88' lang='lat' dir='ltr'><strong>sub</strong></span> <span class='ocrx_word' id='word_1_539' title='bbox 742 3215 962 3274; x_wconf 87' lang='lat' dir='ltr'><strong>peccato</strong></span> <span class='ocrx_word' id='word_1_540' title='bbox 987 3203 1129 3256; x_wconf 88' lang='lat' dir='ltr'><strong>enim</strong></span> <span class='ocrx_word' id='word_1_541' title='bbox 1159 3202 1499 3263; x_wconf 73' lang='lat' dir='ltr'><strong>vivebamus,</strong></span> <span class='ocrx_word' id='word_1_542' title='bbox 1532 3202 1634 3255; x_wconf 89' lang='lat' dir='ltr'><strong>hoc</strong></span> <span class='ocrx_word' id='word_1_543' title='bbox 1665 3208 1749 3256; x_wconf 90' lang='lat' dir='ltr'><strong>est</strong></span> <span class='ocrx_word' id='word_1_544' title='bbox 1785 3199 2027 3256; x_wconf 86' lang='lat' dir='ltr'><strong>carnales</strong></span> <span class='ocrx_word' id='word_1_545' title='bbox 2057 3214 2184 3254; x_wconf 85' lang='lat' dir='ltr'><strong>sen-</strong></span> 
     </span>
    </p>
   </div>
   <div class='ocr_carea' id='block_1_59' title="bbox 609 3287 2188 3362">
    <p class='ocr_par' dir='ltr' id='par_1_59' title="bbox 609 3287 2188 3362">
     <span class='ocr_line' id='line_1_59' title="bbox 609 3287 2188 3362; baseline -0.005 -11"><span class='ocrx_word' id='word_1_546' title='bbox 609 3311 701 3351; x_wconf 81' lang='lat' dir='ltr'><strong>sus</strong></span> <span class='ocrx_word' id='word_1_547' title='bbox 714 3302 1014 3362; x_wconf 86' lang='lat' dir='ltr'><strong>sequentes,</strong></span> <span class='ocrx_word' id='word_1_548' title='bbox 1039 3291 1183 3344; x_wconf 82' lang='lat' dir='ltr'><strong>vitiis</strong></span> <span class='ocrx_word' id='word_1_549' title='bbox 1197 3300 1251 3344; x_wconf 84' lang='lat' dir='ltr'><strong>et</strong></span> <span class='ocrx_word' id='word_1_550' title='bbox 1274 3290 1510 3360; x_wconf 87' lang='lat' dir='ltr'><strong>peccatis</strong></span> <span class='ocrx_word' id='word_1_551' title='bbox 1534 3290 1964 3359; x_wconf 90' lang='lat' dir='ltr'><strong>subjacebamus.</strong></span> <span class='ocrx_word' id='word_1_552' title='bbox 1982 3287 2188 3344; x_wconf 88' lang='lat' dir='ltr'><strong>Sensus</strong></span> 
     </span>
    </p>
   </div>
   <div class='ocr_carea' id='block_1_60' title="bbox 610 3378 2188 3448">
    <p class='ocr_par' dir='ltr' id='par_1_60' title="bbox 610 3378 2188 3448">
     <span class='ocr_line' id='line_1_60' title="bbox 610 3378 2188 3448; baseline -0.004 -9"><span class='ocrx_word' id='word_1_553' title='bbox 610 3395 787 3439; x_wconf 88' lang='lat' dir='ltr'><strong>autem</strong></span> <span class='ocrx_word' id='word_1_554' title='bbox 819 3384 996 3439; x_wconf 88' lang='lat' dir='ltr'><strong>carnis</strong></span> <span class='ocrx_word' id='word_1_555' title='bbox 1018 3392 1123 3445; x_wconf 89' lang='lat' dir='ltr'><strong>est,</strong></span> <span class='ocrx_word' id='word_1_556' title='bbox 1163 3397 1267 3435; x_wconf 90' lang='lat' dir='ltr'><strong>non</strong></span> <span class='ocrx_word' id='word_1_557' title='bbox 1297 3381 1517 3435; x_wconf 88' lang='lat' dir='ltr'><strong>credere</strong></span> <span class='ocrx_word' id='word_1_558' title='bbox 1538 3379 1819 3448; x_wconf 88' lang='lat' dir='ltr'><strong>spiritalia,</strong></span> <span class='ocrx_word' id='word_1_559' title='bbox 1847 3378 1901 3433; x_wconf 91' lang='lat' dir='ltr'><strong>id</strong></span> <span class='ocrx_word' id='word_1_560' title='bbox 1929 3388 2042 3443; x_wconf 89' lang='lat' dir='ltr'><strong>est,</strong></span> <span class='ocrx_word' id='word_1_561' title='bbox 2071 3379 2188 3434; x_wconf 88' lang='lat' dir='ltr'><strong>sine</strong></span> 
     </span>
    </p>
   </div>
   <div class='ocr_carea' id='block_1_61' title="bbox 613 3470 2190 3542">
    <p class='ocr_par' dir='ltr' id='par_1_61' title="bbox 613 3470 2190 3542">
     <span class='ocr_line' id='line_1_61' title="bbox 613 3470 2190 3542; baseline -0.003 -13"><span class='ocrx_word' id='word_1_562' title='bbox 613 3474 991 3529; x_wconf 84' lang='lat' dir='ltr'><strong>commixtione</strong></span> <span class='ocrx_word' id='word_1_563' title='bbox 1007 3472 1106 3525; x_wconf 87' lang='lat' dir='ltr'><strong>viri</strong></span> <span class='ocrx_word' id='word_1_564' title='bbox 1121 3471 1377 3541; x_wconf 84' lang='lat' dir='ltr'><strong>virginem</strong></span> <span class='ocrx_word' id='word_1_565' title='bbox 1396 3470 1685 3540; x_wconf 81' lang='lat' dir='ltr'><strong>peperisse,</strong></span> <span class='ocrx_word' id='word_1_566' title='bbox 1702 3478 1754 3524; x_wconf 90' lang='lat' dir='ltr'><strong>et</strong></span> <span class='ocrx_word' id='word_1_567' title='bbox 1766 3483 1831 3523; x_wconf 81' lang='lat' dir='ltr'><strong>ex</strong></span> <span class='ocrx_word' id='word_1_568' title='bbox 1845 3484 1983 3540; x_wconf 88' lang='lat' dir='ltr'><strong>aqua</strong></span> <span class='ocrx_word' id='word_1_569' title='bbox 1999 3479 2054 3525; x_wconf 88' lang='lat' dir='ltr'><strong>et</strong></span> <span class='ocrx_word' id='word_1_570' title='bbox 2070 3470 2190 3542; x_wconf 89' lang='lat' dir='ltr'><strong>Spi-</strong></span> 
     </span>
    </p>
   </div>
   <div class='ocr_carea' id='block_1_62' title="bbox 628 3561 2192 3627">
    <p class='ocr_par' dir='ltr' id='par_1_62' title="bbox 628 3561 2192 3627">
     <span class='ocr_line' id='line_1_62' title="bbox 628 3561 2192 3627; baseline 0 -10"><span class='ocrx_word' id='word_1_571' title='bbox 628 3566 729 3617; x_wconf 87' lang='lat' dir='ltr'><strong>ritu</strong></span> <span class='ocrx_word' id='word_1_572' title='bbox 772 3572 955 3618; x_wconf 77' lang='lat' dir='ltr'><strong>sancto</strong></span> <span class='ocrx_word' id='word_1_573' title='bbox 996 3561 1266 3617; x_wconf 87' lang='lat' dir='ltr'><strong>hominem</strong></span> <span class='ocrx_word' id='word_1_574' title='bbox 1312 3561 1485 3616; x_wconf 88' lang='lat' dir='ltr'><strong>denuo</strong></span> <span class='ocrx_word' id='word_1_575' title='bbox 1513 3561 1691 3627; x_wconf 89' lang='lat' dir='ltr'><strong>nasci,</strong></span> <span class='ocrx_word' id='word_1_576' title='bbox 1723 3570 1780 3617; x_wconf 87' lang='lat' dir='ltr'><strong>et</strong></span> <span class='ocrx_word' id='word_1_577' title='bbox 1809 3561 2037 3616; x_wconf 90' lang='lat' dir='ltr'><strong>solutam</strong></span> <span class='ocrx_word' id='word_1_578' title='bbox 2075 3562 2192 3617; x_wconf 88' lang='lat' dir='ltr'><strong>ani-</strong></span> 
     </span>
    </p>
   </div>
   <div class='ocr_carea' id='block_1_63' title="bbox 628 3650 2192 3723">
    <p class='ocr_par' dir='ltr' id='par_1_63' title="bbox 628 3650 2192 3723">
     <span class='ocr_line' id='line_1_63' title="bbox 628 3650 2192 3723; baseline -0.001 -14"><span class='ocrx_word' id='word_1_579' title='bbox 628 3670 767 3709; x_wconf 81' lang='lat' dir='ltr'><strong>mam</strong></span> <span class='ocrx_word' id='word_1_580' title='bbox 790 3670 818 3708; x_wconf 92' lang='lat' dir='ltr'><strong>a</strong></span> <span class='ocrx_word' id='word_1_581' title='bbox 845 3651 1031 3723; x_wconf 78' lang='lat' dir='ltr'><strong>copula</strong></span> <span class='ocrx_word' id='word_1_582' title='bbox 1058 3652 1237 3707; x_wconf 88' lang='lat' dir='ltr'><strong>carnis</strong></span> <span class='ocrx_word' id='word_1_583' title='bbox 1264 3666 1451 3705; x_wconf 84' lang='lat' dir='ltr'><strong>rursus</strong></span> <span class='ocrx_word' id='word_1_584' title='bbox 1474 3650 1528 3705; x_wconf 92' lang='lat' dir='ltr'><strong>in</strong></span> <span class='ocrx_word' id='word_1_585' title='bbox 1555 3666 1717 3705; x_wconf 90' lang='lat' dir='ltr'><strong>carne</strong></span> <span class='ocrx_word' id='word_1_586' title='bbox 1742 3666 1980 3723; x_wconf 88' lang='lat' dir='ltr'><strong>surgere.</strong></span> <span class='ocrx_word' id='word_1_587' title='bbox 2006 3653 2082 3707; x_wconf 89' lang='lat' dir='ltr'><strong>De</strong></span> <span class='ocrx_word' id='word_1_588' title='bbox 2106 3653 2192 3707; x_wconf 87' lang='lat' dir='ltr'><strong>bis</strong></span> 
     </span>
    </p>
   </div>
   <div class='ocr_carea' id='block_1_64' title="bbox 621 3742 2192 3814">
    <p class='ocr_par' dir='ltr' id='par_1_64' title="bbox 621 3742 2192 3814">
     <span class='ocr_line' id='line_1_64' title="bbox 621 3742 2192 3814; baseline -0.003 -11"><span class='ocrx_word' id='word_1_589' title='bbox 621 3747 883 3811; x_wconf 81' lang='lat' dir='ltr'><strong>dillidens,</strong></span> <span class='ocrx_word' id='word_1_590' title='bbox 922 3748 974 3800; x_wconf 89' lang='lat' dir='ltr'><strong>in</strong></span> <span class='ocrx_word' id='word_1_591' title='bbox 1006 3760 1166 3800; x_wconf 85' lang='lat' dir='ltr'><strong>carne</strong></span> <span class='ocrx_word' id='word_1_592' title='bbox 1205 3753 1307 3808; x_wconf 87' lang='lat' dir='ltr'><strong>est,</strong></span> <span class='ocrx_word' id='word_1_593' title='bbox 1341 3744 1464 3798; x_wconf 91' lang='lat' dir='ltr'><strong>hinc</strong></span> <span class='ocrx_word' id='word_1_594' title='bbox 1492 3761 1505 3796; x_wconf 90' lang='lat'><strong>:</strong></span> <span class='ocrx_word' id='word_1_595' title='bbox 1550 3742 1711 3809; x_wconf 82' lang='lat' dir='ltr'><strong>Vi.&#39;ia,</strong></span> <span class='ocrx_word' id='word_1_596' title='bbox 1738 3744 1843 3811; x_wconf 89' lang='lat' dir='ltr'><strong>ait,</strong></span> <span class='ocrx_word' id='word_1_597' title='bbox 1866 3755 2192 3814; x_wconf 83' lang='lat' dir='ltr'><strong>peccatorum</strong></span> 
     </span>
    </p>
   </div>
   <div class='ocr_carea' id='block_1_65' title="bbox 627 3834 2197 3910">
    <p class='ocr_par' dir='ltr' id='par_1_65' title="bbox 627 3834 2197 3910">
     <span class='ocr_line' id='line_1_65' title="bbox 627 3834 2197 3910; baseline -0.002 -18"><span class='ocrx_word' id='word_1_598' title='bbox 627 3856 743 3910; x_wconf 78' lang='lat' dir='ltr'><strong>quw</strong></span> <span class='ocrx_word' id='word_1_599' title='bbox 777 3854 867 3907; x_wconf 80' lang='lat' dir='ltr'><strong>per</strong></span> <span class='ocrx_word' id='word_1_600' title='bbox 904 3836 1063 3907; x_wconf 81' lang='lat' dir='ltr'><strong>legem</strong></span> <span class='ocrx_word' id='word_1_601' title='bbox 1116 3834 1490 3899; x_wconf 79' lang='lat' dir='ltr'><strong>ostenduntur,</strong></span> <span class='ocrx_word' id='word_1_602' title='bbox 1541 3835 1888 3904; x_wconf 81' lang='lat' dir='ltr'><strong>operabantur</strong></span> <span class='ocrx_word' id='word_1_603' title='bbox 1936 3837 1992 3889; x_wconf 82' lang='lat' dir='ltr'><strong>in</strong></span> <span class='ocrx_word' id='word_1_604' title='bbox 2042 3853 2197 3891; x_wconf 88' lang='lat' dir='ltr'><strong>mem-</strong></span> 
     </span>
    </p>
   </div>
   <div class='ocr_carea' id='block_1_66' title="bbox 625 3925 2193 3994">
    <p class='ocr_par' dir='ltr' id='par_1_66' title="bbox 625 3925 2193 3994">
     <span class='ocr_line' id='line_1_66' title="bbox 625 3925 2193 3994; baseline -0.001 -11"><span class='ocrx_word' id='word_1_605' title='bbox 625 3931 731 3983; x_wconf 83' lang='lat' dir='ltr'><strong>bris</strong></span> <span class='ocrx_word' id='word_1_606' title='bbox 793 3928 1026 3990; x_wconf 84' lang='lat' dir='ltr'><strong>nostris,</strong></span> <span class='ocrx_word' id='word_1_607' title='bbox 1082 3936 1134 3979; x_wconf 86' lang='lat' dir='ltr'><strong>ut</strong></span> <span class='ocrx_word' id='word_1_608' title='bbox 1181 3925 1557 3994; x_wconf 71' lang='lat' dir='ltr'><strong>[ructiﬁcarent</strong></span> <span class='ocrx_word' id='word_1_609' title='bbox 1624 3928 1797 3979; x_wconf 83' lang='lat' dir='ltr'><strong>morti.</strong></span> <span class='ocrx_word' id='word_1_610' title='bbox 1856 3926 2193 3982; x_wconf 78' lang='lat' dir='ltr'><strong>Manifestum</strong></span> 
     </span>
    </p>
   </div>
   <div class='ocr_carea' id='block_1_67' title="bbox 620 4015 2195 4089">
    <p class='ocr_par' dir='ltr' id='par_1_67' title="bbox 620 4015 2195 4089">
     <span class='ocr_line' id='line_1_67' title="bbox 620 4015 2195 4089; baseline -0.001 -14"><span class='ocrx_word' id='word_1_611' title='bbox 620 4028 726 4086; x_wconf 88' lang='lat' dir='ltr'><strong>est,</strong></span> <span class='ocrx_word' id='word_1_612' title='bbox 757 4021 882 4089; x_wconf 86' lang='lat' dir='ltr'><strong>quia</strong></span> <span class='ocrx_word' id='word_1_613' title='bbox 908 4019 997 4088; x_wconf 90' lang='lat' dir='ltr'><strong>qui</strong></span> <span class='ocrx_word' id='word_1_614' title='bbox 1027 4033 1128 4071; x_wconf 89' lang='lat' dir='ltr'><strong>non</strong></span> <span class='ocrx_word' id='word_1_615' title='bbox 1153 4015 1323 4072; x_wconf 88' lang='lat' dir='ltr'><strong>credit</strong></span> <span class='ocrx_word' id='word_1_616' title='bbox 1349 4017 1448 4071; x_wconf 89' lang='lat' dir='ltr'><strong>sub</strong></span> <span class='ocrx_word' id='word_1_617' title='bbox 1476 4026 1699 4087; x_wconf 88' lang='lat' dir='ltr'><strong>peccato</strong></span> <span class='ocrx_word' id='word_1_618' title='bbox 1720 4017 1850 4088; x_wconf 88' lang='lat' dir='ltr'><strong>agit,</strong></span> <span class='ocrx_word' id='word_1_619' title='bbox 1873 4027 1930 4073; x_wconf 88' lang='lat' dir='ltr'><strong>et</strong></span> <span class='ocrx_word' id='word_1_620' title='bbox 1950 4020 2195 4089; x_wconf 88' lang='lat' dir='ltr'><strong>captivus</strong></span> 
     </span>
    </p>
   </div>
   <div class='ocr_carea' id='block_1_68' title="bbox 623 4104 2198 4171">
    <p class='ocr_par' dir='ltr' id='par_1_68' title="bbox 623 4104 2198 4171">
     <span class='ocr_line' id='line_1_68' title="bbox 623 4104 2198 4171; baseline -0.001 -7"><span class='ocrx_word' id='word_1_621' title='bbox 623 4110 854 4165; x_wconf 86' lang='lat' dir='ltr'><strong>trahitur</strong></span> <span class='ocrx_word' id='word_1_622' title='bbox 904 4107 969 4161; x_wconf 86' lang='lat' dir='ltr'><strong>ad</strong></span> <span class='ocrx_word' id='word_1_623' title='bbox 1018 4107 1148 4160; x_wconf 86' lang='lat' dir='ltr'><strong>vitia</strong></span> <span class='ocrx_word' id='word_1_624' title='bbox 1211 4104 1576 4171; x_wconf 89' lang='lat' dir='ltr'><strong>admittenda,</strong></span> <span class='ocrx_word' id='word_1_625' title='bbox 1628 4114 1687 4161; x_wconf 90' lang='lat' dir='ltr'><strong>ut</strong></span> <span class='ocrx_word' id='word_1_626' title='bbox 1741 4104 1976 4163; x_wconf 83' lang='lat' dir='ltr'><strong>fructum</strong></span> <span class='ocrx_word' id='word_1_627' title='bbox 2033 4108 2198 4164; x_wconf 82' lang='lat' dir='ltr'><strong>faciat</strong></span> 
     </span>
    </p>
   </div>
   <div class='ocr_carea' id='block_1_69' title="bbox 624 4194 2197 4262">
    <p class='ocr_par' dir='ltr' id='par_1_69' title="bbox 624 4194 2197 4262">
     <span class='ocr_line' id='line_1_69' title="bbox 624 4194 2197 4262; baseline 0 -10"><span class='ocrx_word' id='word_1_628' title='bbox 624 4198 781 4252; x_wconf 90' lang='lat' dir='ltr'><strong>morti</strong></span> <span class='ocrx_word' id='word_1_629' title='bbox 812 4196 1080 4260; x_wconf 64' lang='lat' dir='ltr'><strong>secumlte,</strong></span> <span class='ocrx_word' id='word_1_630' title='bbox 1109 4196 1315 4248; x_wconf 88' lang='lat' dir='ltr'><strong>lucrum</strong></span> <span class='ocrx_word' id='word_1_631' title='bbox 1346 4194 1490 4250; x_wconf 89' lang='lat' dir='ltr'><strong>enim</strong></span> <span class='ocrx_word' id='word_1_632' title='bbox 1536 4204 1662 4251; x_wconf 91' lang='lat' dir='ltr'><strong>tunc</strong></span> <span class='ocrx_word' id='word_1_633' title='bbox 1698 4194 1828 4251; x_wconf 74' lang='lat' dir='ltr'><strong>facit</strong></span> <span class='ocrx_word' id='word_1_634' title='bbox 1860 4213 2038 4262; x_wconf 86' lang='lat' dir='ltr'><strong>mors,</strong></span> <span class='ocrx_word' id='word_1_635' title='bbox 2070 4213 2197 4252; x_wconf 89' lang='lat' dir='ltr'><strong>cum</strong></span> 
     </span>
    </p>
   </div>
   <div class='ocr_carea' id='block_1_70' title="bbox 621 4283 2196 4359">
    <p class='ocr_par' dir='ltr' id='par_1_70' title="bbox 621 4283 2196 4359">
     <span class='ocr_line' id='line_1_70' title="bbox 621 4283 2196 4359; baseline -0.001 -17"><span class='ocrx_word' id='word_1_636' title='bbox 621 4297 893 4359; x_wconf 86' lang='lat' dir='ltr'><strong>peccatur.</strong></span> <span class='ocrx_word' id='word_1_637' title='bbox 920 4286 975 4339; x_wconf 91' lang='lat' dir='ltr'><strong>ln</strong></span> <span class='ocrx_word' id='word_1_638' title='bbox 1005 4283 1261 4339; x_wconf 89' lang='lat' dir='ltr'><strong>membris</strong></span> <span class='ocrx_word' id='word_1_639' title='bbox 1292 4292 1471 4338; x_wconf 89' lang='lat' dir='ltr'><strong>tamen</strong></span> <span class='ocrx_word' id='word_1_640' title='bbox 1502 4284 1631 4339; x_wconf 90' lang='lat' dir='ltr'><strong>dicit</strong></span> <span class='ocrx_word' id='word_1_641' title='bbox 1660 4285 1787 4340; x_wconf 84' lang='lat' dir='ltr'><strong>vitia</strong></span> <span class='ocrx_word' id='word_1_642' title='bbox 1816 4287 2050 4356; x_wconf 89' lang='lat' dir='ltr'><strong>operari,</strong></span> <span class='ocrx_word' id='word_1_643' title='bbox 2087 4302 2196 4342; x_wconf 89' lang='lat' dir='ltr'><strong>non</strong></span> 
     </span>
    </p>
   </div>
   <div class='ocr_carea' id='block_1_71' title="bbox 623 4374 2190 4447">
    <p class='ocr_par' dir='ltr' id='par_1_71' title="bbox 623 4374 2190 4447">
     <span class='ocr_line' id='line_1_71' title="bbox 623 4374 2190 4447; baseline 0 -13"><span class='ocrx_word' id='word_1_644' title='bbox 623 4382 675 4433; x_wconf 91' lang='lat' dir='ltr'><strong>in</strong></span> <span class='ocrx_word' id='word_1_645' title='bbox 705 4393 960 4447; x_wconf 85' lang='lat' dir='ltr'><strong>corpore,</strong></span> <span class='ocrx_word' id='word_1_646' title='bbox 998 4391 1065 4430; x_wconf 89' lang='lat' dir='ltr'><strong>ue</strong></span> <span class='ocrx_word' id='word_1_647' title='bbox 1108 4374 1319 4429; x_wconf 89' lang='lat' dir='ltr'><strong>occasio</strong></span> <span class='ocrx_word' id='word_1_648' title='bbox 1354 4384 1498 4430; x_wconf 89' lang='lat' dir='ltr'><strong>esset</strong></span> <span class='ocrx_word' id='word_1_649' title='bbox 1519 4376 1655 4431; x_wconf 88' lang='lat' dir='ltr'><strong>male</strong></span> <span class='ocrx_word' id='word_1_650' title='bbox 1686 4379 2041 4434; x_wconf 85' lang='lat' dir='ltr'><strong>tractantibus</strong></span> <span class='ocrx_word' id='word_1_651' title='bbox 2067 4396 2190 4436; x_wconf 91' lang='lat' dir='ltr'><strong>cor-</strong></span> 
     </span>
    </p>
   </div>
   <div class='ocr_carea' id='block_1_72' title="bbox 623 4463 2192 4538">
    <p class='ocr_par' dir='ltr' id='par_1_72' title="bbox 623 4463 2192 4538">
     <span class='ocr_line' id='line_1_72' title="bbox 623 4463 2192 4538; baseline 0.002 -17"><span class='ocrx_word' id='word_1_652' title='bbox 623 4485 755 4538; x_wconf 85' lang='lat' dir='ltr'><strong>pus,</strong></span> <span class='ocrx_word' id='word_1_653' title='bbox 792 4466 917 4535; x_wconf 86' lang='lat' dir='ltr'><strong>quia</strong></span> <span class='ocrx_word' id='word_1_654' title='bbox 958 4466 1009 4520; x_wconf 90' lang='lat' dir='ltr'><strong>in</strong></span> <span class='ocrx_word' id='word_1_655' title='bbox 1058 4463 1369 4534; x_wconf 86' lang='lat' dir='ltr'><strong>maliloquio</strong></span> <span class='ocrx_word' id='word_1_656' title='bbox 1408 4465 1585 4536; x_wconf 89' lang='lat' dir='ltr'><strong>lingua</strong></span> <span class='ocrx_word' id='word_1_657' title='bbox 1627 4468 1901 4537; x_wconf 87' lang='lat' dir='ltr'><strong>arguitur,</strong></span> <span class='ocrx_word' id='word_1_658' title='bbox 1947 4470 2001 4523; x_wconf 92' lang='lat' dir='ltr'><strong>in</strong></span> <span class='ocrx_word' id='word_1_659' title='bbox 2046 4468 2192 4524; x_wconf 83' lang='lat' dir='ltr'><strong>furto</strong></span> 
     </span>
    </p>
   </div>
   <div class='ocr_carea' id='block_1_73' title="bbox 625 4555 2190 4630">
    <p class='ocr_par' dir='ltr' id='par_1_73' title="bbox 625 4555 2190 4630">
     <span class='ocr_line' id='line_1_73' title="bbox 625 4555 2190 4630; baseline 0.002 -19"><span class='ocrx_word' id='word_1_660' title='bbox 625 4572 813 4611; x_wconf 89' lang='lat' dir='ltr'><strong>manus</strong></span> <span class='ocrx_word' id='word_1_661' title='bbox 837 4555 1145 4624; x_wconf 89' lang='lat' dir='ltr'><strong>corripitur,</strong></span> <span class='ocrx_word' id='word_1_662' title='bbox 1170 4563 1223 4609; x_wconf 87' lang='lat' dir='ltr'><strong>et</strong></span> <span class='ocrx_word' id='word_1_663' title='bbox 1246 4556 1298 4608; x_wconf 90' lang='lat' dir='ltr'><strong>in</strong></span> <span class='ocrx_word' id='word_1_664' title='bbox 1325 4555 1695 4610; x_wconf 85' lang='lat' dir='ltr'><strong>dissimulante</strong></span> <span class='ocrx_word' id='word_1_665' title='bbox 1720 4573 1879 4613; x_wconf 90' lang='lat' dir='ltr'><strong>aures</strong></span> <span class='ocrx_word' id='word_1_666' title='bbox 1908 4560 2190 4630; x_wconf 86' lang='lat' dir='ltr'><strong>increpan-</strong></span> 
     </span>
    </p>
   </div>
   <div class='ocr_carea' id='block_1_74' title="bbox 623 4644 2192 4716">
    <p class='ocr_par' dir='ltr' id='par_1_74' title="bbox 623 4644 2192 4716">
     <span class='ocr_line' id='line_1_74' title="bbox 623 4644 2192 4716; baseline 0.002 -15"><span class='ocrx_word' id='word_1_667' title='bbox 623 4655 743 4710; x_wconf 90' lang='lat' dir='ltr'><strong>tur,</strong></span> <span class='ocrx_word' id='word_1_668' title='bbox 769 4654 822 4699; x_wconf 88' lang='lat' dir='ltr'><strong>et</strong></span> <span class='ocrx_word' id='word_1_669' title='bbox 849 4645 919 4697; x_wconf 86' lang='lat' dir='ltr'><strong>ita</strong></span> <span class='ocrx_word' id='word_1_670' title='bbox 950 4644 1000 4697; x_wconf 89' lang='lat' dir='ltr'><strong>in</strong></span> <span class='ocrx_word' id='word_1_671' title='bbox 1030 4645 1269 4710; x_wconf 64' lang='lat' dir='ltr'><strong>caeteris,</strong></span> <span class='ocrx_word' id='word_1_672' title='bbox 1293 4660 1409 4713; x_wconf 68' lang='lat' dir='ltr'><strong>quae</strong></span> <span class='ocrx_word' id='word_1_673' title='bbox 1436 4647 1681 4715; x_wconf 83' lang='lat' dir='ltr'><strong>quamvis</strong></span> <span class='ocrx_word' id='word_1_674' title='bbox 1703 4648 1768 4703; x_wconf 91' lang='lat' dir='ltr'><strong>de</strong></span> <span class='ocrx_word' id='word_1_675' title='bbox 1790 4650 1952 4704; x_wconf 86' lang='lat' dir='ltr'><strong>corde</strong></span> <span class='ocrx_word' id='word_1_676' title='bbox 1976 4658 2192 4716; x_wconf 79' lang='lat' dir='ltr'><strong>exeant,</strong></span> 
     </span>
    </p>
   </div>
   <div class='ocr_carea' id='block_1_75' title="bbox 629 4737 2193 4809">
    <p class='ocr_par' dir='ltr' id='par_1_75' title="bbox 629 4737 2193 4809">
     <span class='ocr_line' id='line_1_75' title="bbox 629 4737 2193 4809; baseline 0.001 -17"><span class='ocrx_word' id='word_1_677' title='bbox 629 4739 988 4793; x_wconf 86' lang='lat' dir='ltr'><strong>membrorum</strong></span> <span class='ocrx_word' id='word_1_678' title='bbox 1037 4745 1213 4790; x_wconf 88' lang='lat' dir='ltr'><strong>tamen</strong></span> <span class='ocrx_word' id='word_1_679' title='bbox 1259 4737 1558 4792; x_wconf 89' lang='lat' dir='ltr'><strong>ministerio</strong></span> <span class='ocrx_word' id='word_1_680' title='bbox 1595 4738 1879 4809; x_wconf 75' lang='lat' dir='ltr'><strong>explentur</strong></span> <span class='ocrx_word' id='word_1_681' title='bbox 1919 4740 2193 4809; x_wconf 88' lang='lat' dir='ltr'><strong>operibus.</strong></span> 
     </span>
    </p>
   </div>
   <div class='ocr_carea' id='block_1_76' title="bbox 627 4824 2195 4899">
    <p class='ocr_par' dir='ltr' id='par_1_76' title="bbox 627 4824 2195 4899">
     <span class='ocr_line' id='line_1_76' title="bbox 627 4824 2195 4899; baseline 0.002 -18"><span class='ocrx_word' id='word_1_682' title='bbox 627 4826 926 4896; x_wconf 85' lang='lat' dir='ltr'><strong>Disputatio</strong></span> <span class='ocrx_word' id='word_1_683' title='bbox 955 4827 1067 4880; x_wconf 80' lang='lat' dir='ltr'><strong>haec</strong></span> <span class='ocrx_word' id='word_1_684' title='bbox 1105 4827 1272 4898; x_wconf 90' lang='lat' dir='ltr'><strong>tangit</strong></span> <span class='ocrx_word' id='word_1_685' title='bbox 1300 4824 1513 4884; x_wconf 68' lang='lat' dir='ltr'><strong>Judaeos</strong></span> <span class='ocrx_word' id='word_1_686' title='bbox 1549 4837 1604 4882; x_wconf 90' lang='lat' dir='ltr'><strong>et</strong></span> <span class='ocrx_word' id='word_1_687' title='bbox 1650 4844 1743 4884; x_wconf 90' lang='lat' dir='ltr'><strong>eos</strong></span> <span class='ocrx_word' id='word_1_688' title='bbox 1782 4829 1874 4899; x_wconf 91' lang='lat' dir='ltr'><strong>qui</strong></span> <span class='ocrx_word' id='word_1_689' title='bbox 1904 4829 2195 4886; x_wconf 89' lang='lat' dir='ltr'><strong>Christiani</strong></span> 
     </span>
    </p>
   </div>
   <div class='ocr_carea' id='block_1_77' title="bbox 626 4915 2200 4985">
    <p class='ocr_par' dir='ltr' id='par_1_77' title="bbox 626 4915 2200 4985">
     <span class='ocr_line' id='line_1_77' title="bbox 626 4915 2200 4985; baseline 0.003 -15"><span class='ocrx_word' id='word_1_690' title='bbox 626 4918 946 4971; x_wconf 88' lang='lat' dir='ltr'><strong>dieuuturet</strong></span> <span class='ocrx_word' id='word_1_691' title='bbox 980 4915 1078 4968; x_wconf 88' lang='lat' dir='ltr'><strong>sub</strong></span> <span class='ocrx_word' id='word_1_692' title='bbox 1099 4915 1213 4985; x_wconf 88' lang='lat' dir='ltr'><strong>lege</strong></span> <span class='ocrx_word' id='word_1_693' title='bbox 1237 4916 1424 4970; x_wconf 90' lang='lat' dir='ltr'><strong>volunt</strong></span> <span class='ocrx_word' id='word_1_694' title='bbox 1454 4917 1654 4981; x_wconf 80' lang='lat' dir='ltr'><strong>vivere,</strong></span> <span class='ocrx_word' id='word_1_695' title='bbox 1695 4927 1753 4972; x_wconf 92' lang='lat' dir='ltr'><strong>ut</strong></span> <span class='ocrx_word' id='word_1_696' title='bbox 1778 4919 2045 4974; x_wconf 81' lang='lat' dir='ltr'><strong>discentes</strong></span> <span class='ocrx_word' id='word_1_697' title='bbox 2087 4936 2200 4975; x_wconf 87' lang='lat' dir='ltr'><strong>car-</strong></span> 
     </span>
    </p>
   </div>
   <div class='ocr_carea' id='block_1_78' title="bbox 626 5003 2201 5078">
    <p class='ocr_par' dir='ltr' id='par_1_78' title="bbox 626 5003 2201 5078">
     <span class='ocr_line' id='line_1_78' title="bbox 626 5003 2201 5078; baseline 0.001 -18"><span class='ocrx_word' id='word_1_698' title='bbox 626 5005 773 5060; x_wconf 87' lang='lat' dir='ltr'><strong>nales</strong></span> <span class='ocrx_word' id='word_1_699' title='bbox 801 5020 859 5059; x_wconf 82' lang='lat' dir='ltr'><strong>se</strong></span> <span class='ocrx_word' id='word_1_700' title='bbox 888 5019 1025 5068; x_wconf 87' lang='lat' dir='ltr'><strong>esse,</strong></span> <span class='ocrx_word' id='word_1_701' title='bbox 1061 5004 1312 5059; x_wconf 87' lang='lat' dir='ltr'><strong>recedant</strong></span> <span class='ocrx_word' id='word_1_702' title='bbox 1345 5020 1375 5058; x_wconf 91' lang='lat' dir='ltr'><strong>a</strong></span> <span class='ocrx_word' id='word_1_703' title='bbox 1411 5003 1544 5075; x_wconf 86' lang='lat' dir='ltr'><strong>lege.</strong></span> <span class='ocrx_word' id='word_1_704' title='bbox 1583 5005 1724 5061; x_wconf 84' lang='lat' dir='ltr'><strong>Vitia</strong></span> <span class='ocrx_word' id='word_1_705' title='bbox 1753 5016 1930 5062; x_wconf 90' lang='lat' dir='ltr'><strong>tamen</strong></span> <span class='ocrx_word' id='word_1_706' title='bbox 1956 5017 2201 5078; x_wconf 90' lang='lat' dir='ltr'><strong>peccato-</strong></span> 
     </span>
    </p>
   </div>
   <div class='ocr_carea' id='block_1_79' title="bbox 628 5095 2201 5168">
    <p class='ocr_par' dir='ltr' id='par_1_79' title="bbox 628 5095 2201 5168">
     <span class='ocr_line' id='line_1_79' title="bbox 628 5095 2201 5168; baseline 0.002 -21"><span class='ocrx_word' id='word_1_707' title='bbox 628 5110 768 5159; x_wconf 88' lang='lat' dir='ltr'><strong>rum,</strong></span> <span class='ocrx_word' id='word_1_708' title='bbox 786 5108 904 5164; x_wconf 72' lang='lat' dir='ltr'><strong>qum</strong></span> <span class='ocrx_word' id='word_1_709' title='bbox 923 5095 1183 5148; x_wconf 89' lang='lat' dir='ltr'><strong>dominari</strong></span> <span class='ocrx_word' id='word_1_710' title='bbox 1202 5095 1255 5148; x_wconf 91' lang='lat' dir='ltr'><strong>in</strong></span> <span class='ocrx_word' id='word_1_711' title='bbox 1270 5109 1432 5149; x_wconf 89' lang='lat' dir='ltr'><strong>carne</strong></span> <span class='ocrx_word' id='word_1_712' title='bbox 1449 5096 1729 5166; x_wconf 86' lang='lat' dir='ltr'><strong>agentibus</strong></span> <span class='ocrx_word' id='word_1_713' title='bbox 1744 5096 1891 5161; x_wconf 85' lang='lat' dir='ltr'><strong>dicit,</strong></span> <span class='ocrx_word' id='word_1_714' title='bbox 1921 5113 2016 5168; x_wconf 92' lang='lat' dir='ltr'><strong>per</strong></span> <span class='ocrx_word' id='word_1_715' title='bbox 2028 5097 2201 5167; x_wconf 85' lang='lat' dir='ltr'><strong>legem</strong></span> 
     </span>
    </p>
   </div>
   <div class='ocr_carea' id='block_1_80' title="bbox 627 5180 2202 5254">
    <p class='ocr_par' dir='ltr' id='par_1_80' title="bbox 627 5180 2202 5254">
     <span class='ocr_line' id='line_1_80' title="bbox 627 5180 2202 5254; baseline 0.001 -16"><span class='ocrx_word' id='word_1_716' title='bbox 627 5180 857 5247; x_wconf 86' lang='lat' dir='ltr'><strong>ostendi,</strong></span> <span class='ocrx_word' id='word_1_717' title='bbox 887 5200 988 5237; x_wconf 85' lang='lat' dir='ltr'><strong>non</strong></span> <span class='ocrx_word' id='word_1_718' title='bbox 1014 5199 1110 5252; x_wconf 90' lang='lat' dir='ltr'><strong>per</strong></span> <span class='ocrx_word' id='word_1_719' title='bbox 1137 5185 1305 5254; x_wconf 85' lang='lat' dir='ltr'><strong>legem</strong></span> <span class='ocrx_word' id='word_1_720' title='bbox 1345 5184 1457 5238; x_wconf 77' lang='lat' dir='ltr'><strong>fieri</strong></span> <span class='ocrx_word' id='word_1_721' title='bbox 1486 5185 1855 5238; x_wconf 88' lang='lat' dir='ltr'><strong>demonstrat:</strong></span> <span class='ocrx_word' id='word_1_722' title='bbox 1881 5186 2035 5239; x_wconf 74' lang='lat' dir='ltr'><strong>index</strong></span> <span class='ocrx_word' id='word_1_723' title='bbox 2058 5186 2202 5239; x_wconf 90' lang='lat' dir='ltr'><strong>enim</strong></span> 
     </span>
    </p>
   </div>
   <div class='ocr_carea' id='block_1_81' title="bbox 629 5273 2203 5345">
    <p class='ocr_par' dir='ltr' id='par_1_81' title="bbox 629 5273 2203 5345">
     <span class='ocr_line' id='line_1_81' title="bbox 629 5273 2203 5345; baseline 0.001 -18"><span class='ocrx_word' id='word_1_724' title='bbox 629 5273 833 5344; x_wconf 86' lang='lat' dir='ltr'><strong>peccati</strong></span> <span class='ocrx_word' id='word_1_725' title='bbox 860 5273 942 5326; x_wconf 87' lang='lat' dir='ltr'><strong>lex</strong></span> <span class='ocrx_word' id='word_1_726' title='bbox 964 5284 1064 5338; x_wconf 87' lang='lat' dir='ltr'><strong>est,</strong></span> <span class='ocrx_word' id='word_1_727' title='bbox 1093 5287 1197 5327; x_wconf 89' lang='lat' dir='ltr'><strong>non</strong></span> <span class='ocrx_word' id='word_1_728' title='bbox 1217 5274 1467 5344; x_wconf 84' lang='lat' dir='ltr'><strong>genitrix,</strong></span> <span class='ocrx_word' id='word_1_729' title='bbox 1501 5290 1618 5328; x_wconf 87' lang='lat' dir='ltr'><strong>reos</strong></span> <span class='ocrx_word' id='word_1_730' title='bbox 1644 5274 1846 5330; x_wconf 83' lang='lat' dir='ltr'><strong>faciens</strong></span> <span class='ocrx_word' id='word_1_731' title='bbox 1873 5285 2203 5345; x_wconf 83' lang='lat' dir='ltr'><strong>peccatores.</strong></span> 
     </span>
    </p>
   </div>
   <div class='ocr_carea' id='block_1_82' title="bbox 703 5359 2202 5435">
    <p class='ocr_par' dir='ltr' id='par_1_82' title="bbox 703 5359 2202 5435">
     <span class='ocr_line' id='line_1_82' title="bbox 703 5359 2202 5435; baseline 0.002 -21"><span class='ocrx_word' id='word_1_732' title='bbox 703 5359 860 5415; x_wconf 84' lang='lat' dir='ltr'><strong>Nunc</strong></span> <span class='ocrx_word' id='word_1_733' title='bbox 890 5370 1063 5416; x_wconf 86' lang='lat' dir='ltr'><strong>autem</strong></span> <span class='ocrx_word' id='word_1_734' title='bbox 1092 5362 1248 5416; x_wconf 86' lang='lat' dir='ltr'><strong>soluti</strong></span> <span class='ocrx_word' id='word_1_735' title='bbox 1277 5378 1456 5416; x_wconf 83' lang='lat' dir='ltr'><strong>sumus</strong></span> <span class='ocrx_word' id='word_1_736' title='bbox 1482 5380 1515 5415; x_wconf 91' lang='lat' dir='ltr'><strong>a</strong></span> <span class='ocrx_word' id='word_1_737' title='bbox 1549 5362 1656 5433; x_wconf 87' lang='lat' dir='ltr'><strong>lege</strong></span> <span class='ocrx_word' id='word_1_738' title='bbox 1686 5364 1866 5417; x_wconf 85' lang='lat' dir='ltr'><strong>martis</strong></span> <span class='ocrx_word' id='word_1_739' title='bbox 1896 5364 1949 5417; x_wconf 80' lang='lat' dir='ltr'><strong>in</strong></span> <span class='ocrx_word' id='word_1_740' title='bbox 1976 5381 2078 5435; x_wconf 84' lang='lat' dir='ltr'><strong>qua</strong></span> <span class='ocrx_word' id='word_1_741' title='bbox 2109 5365 2202 5417; x_wconf 87' lang='lat' dir='ltr'><strong>de-</strong></span> 
     </span>
    </p>
   </div>
   <div class='ocr_carea' id='block_1_83' title="bbox 632 5455 2202 5527">
    <p class='ocr_par' dir='ltr' id='par_1_83' title="bbox 632 5455 2202 5527">
     <span class='ocr_line' id='line_1_83' title="bbox 632 5455 2202 5527; baseline -0.001 -15"><span class='ocrx_word' id='word_1_742' title='bbox 632 5458 942 5512; x_wconf 80' lang='lat' dir='ltr'><strong>tinebamur.</strong></span> <span class='ocrx_word' id='word_1_743' title='bbox 985 5455 1155 5513; x_wconf 89' lang='lat' dir='ltr'><strong>Soluti</strong></span> <span class='ocrx_word' id='word_1_744' title='bbox 1190 5473 1375 5511; x_wconf 90' lang='lat' dir='ltr'><strong>sumus</strong></span> <span class='ocrx_word' id='word_1_745' title='bbox 1415 5472 1444 5511; x_wconf 91' lang='lat' dir='ltr'><strong>a</strong></span> <span class='ocrx_word' id='word_1_746' title='bbox 1486 5456 1621 5527; x_wconf 90' lang='lat' dir='ltr'><strong>lege,</strong></span> <span class='ocrx_word' id='word_1_747' title='bbox 1668 5457 1791 5512; x_wconf 89' lang='lat' dir='ltr'><strong>dum</strong></span> <span class='ocrx_word' id='word_1_748' title='bbox 1835 5458 2202 5513; x_wconf 85' lang='lat' dir='ltr'><strong>remissionem</strong></span> 
     </span>
    </p>
   </div>
   <div class='ocr_carea' id='block_1_84' title="bbox 635 5547 2203 5618">
    <p class='ocr_par' dir='ltr' id='par_1_84' title="bbox 635 5547 2203 5618">
     <span class='ocr_line' id='line_1_84' title="bbox 635 5547 2203 5618; baseline 0 -16"><span class='ocrx_word' id='word_1_749' title='bbox 635 5558 973 5615; x_wconf 86' lang='lat' dir='ltr'><strong>peccatorum</strong></span> <span class='ocrx_word' id='word_1_750' title='bbox 1007 5547 1314 5618; x_wconf 84' lang='lat' dir='ltr'><strong>accepimus</strong></span> <span class='ocrx_word' id='word_1_751' title='bbox 1345 5565 1357 5600; x_wconf 90' lang='lat'><strong>:</strong></span> <span class='ocrx_word' id='word_1_752' title='bbox 1391 5563 1497 5604; x_wconf 89' lang='lat' dir='ltr'><strong>non</strong></span> <span class='ocrx_word' id='word_1_753' title='bbox 1534 5548 1696 5602; x_wconf 88' lang='lat' dir='ltr'><strong>habet</strong></span> <span class='ocrx_word' id='word_1_754' title='bbox 1722 5549 1865 5603; x_wconf 91' lang='lat' dir='ltr'><strong>enim</strong></span> <span class='ocrx_word' id='word_1_755' title='bbox 1902 5549 1955 5602; x_wconf 90' lang='lat' dir='ltr'><strong>in</strong></span> <span class='ocrx_word' id='word_1_756' title='bbox 1984 5564 2080 5603; x_wconf 82' lang='lat' dir='ltr'><strong>nos</strong></span> <span class='ocrx_word' id='word_1_757' title='bbox 2110 5564 2203 5618; x_wconf 87' lang='lat' dir='ltr'><strong>po-</strong></span> 
     </span>
    </p>
   </div>
   <div class='ocr_carea' id='block_1_85' title="bbox 600 5637 2200 5712">
    <p class='ocr_par' dir='ltr' id='par_1_85' title="bbox 600 5637 2200 5712">
     <span class='ocr_line' id='line_1_85' title="bbox 600 5637 2200 5712; baseline 0.004 -24"><span class='ocrx_word' id='word_1_758' title='bbox 600 5702 615 5712; x_wconf 33' lang='lat' dir='ltr'><em>t</em></span> <span class='ocrx_word' id='word_1_759' title='bbox 637 5644 905 5704; x_wconf 84' lang='lat' dir='ltr'><strong>testatem,</strong></span> <span class='ocrx_word' id='word_1_760' title='bbox 921 5637 1098 5693; x_wconf 80' lang='lat' dir='ltr'><strong>inﬁdis</strong></span> <span class='ocrx_word' id='word_1_761' title='bbox 1115 5638 1259 5692; x_wconf 89' lang='lat' dir='ltr'><strong>enim</strong></span> <span class='ocrx_word' id='word_1_762' title='bbox 1282 5647 1336 5693; x_wconf 88' lang='lat' dir='ltr'><strong>et</strong></span> <span class='ocrx_word' id='word_1_763' title='bbox 1358 5639 1728 5710; x_wconf 88' lang='lat' dir='ltr'><strong>peccatoribus</strong></span> <span class='ocrx_word' id='word_1_764' title='bbox 1744 5640 2066 5695; x_wconf 84' lang='lat' dir='ltr'><strong>dominatur.</strong></span> <span class='ocrx_word' id='word_1_765' title='bbox 2092 5640 2200 5695; x_wconf 76' lang='lat' dir='ltr'><strong>Lex</strong></span> 
     </span>
    </p>
   </div>
   <div class='ocr_carea' id='block_1_86' title="bbox 2285 3191 3768 3273">
    <p class='ocr_par' dir='ltr' id='par_1_86' title="bbox 2285 3191 3768 3273">
     <span class='ocr_line' id='line_1_86' title="bbox 2285 3191 3768 3273; baseline -0.013 -5"><span class='ocrx_word' id='word_1_766' title='bbox 2285 3228 2507 3268; x_wconf 87' lang='lat' dir='ltr'><strong>carnem</strong></span> <span class='ocrx_word' id='word_1_767' title='bbox 2531 3211 2853 3271; x_wconf 84' lang='lat' dir='ltr'><strong>viveremus,</strong></span> <span class='ocrx_word' id='word_1_768' title='bbox 2878 3204 3006 3260; x_wconf 88' lang='lat' dir='ltr'><strong>vitia</strong></span> <span class='ocrx_word' id='word_1_769' title='bbox 3047 3208 3393 3273; x_wconf 86' lang='lat' dir='ltr'><strong>peccatorum</strong></span> <span class='ocrx_word' id='word_1_770' title='bbox 3423 3211 3531 3268; x_wconf 72' lang='lat' dir='ltr'><strong>qua:</strong></span> <span class='ocrx_word' id='word_1_771' title='bbox 3551 3209 3632 3265; x_wconf 82' lang='lat' dir='ltr'><strong>per</strong></span> <span class='ocrx_word' id='word_1_772' title='bbox 3653 3191 3768 3258; x_wconf 60' lang='lat' dir='ltr'><strong>lese!-</strong></span> 
     </span>
    </p>
   </div>
   <div class='ocr_carea' id='block_1_87' title="bbox 2286 3279 3768 3372">
    <p class='ocr_par' dir='ltr' id='par_1_87' title="bbox 2286 3279 3768 3372">
     <span class='ocr_line' id='line_1_87' title="bbox 2286 3279 3768 3372; baseline -0.015 -11"><span class='ocrx_word' id='word_1_773' title='bbox 2286 3314 2461 3370; x_wconf 89' lang='lat' dir='ltr'><strong>erant,</strong></span> <span class='ocrx_word' id='word_1_774' title='bbox 2501 3300 2865 3372; x_wconf 87' lang='lat' dir='ltr'><strong>operabantur</strong></span> <span class='ocrx_word' id='word_1_775' title='bbox 2891 3298 2943 3351; x_wconf 93' lang='lat' dir='ltr'><strong>in</strong></span> <span class='ocrx_word' id='word_1_776' title='bbox 2971 3295 3230 3351; x_wconf 85' lang='lat' dir='ltr'><strong>membris</strong></span> <span class='ocrx_word' id='word_1_777' title='bbox 3253 3292 3466 3349; x_wconf 75' lang='lat' dir='ltr'><strong>nostris.</strong></span> <span class='ocrx_word' id='word_1_778' title='bbox 3488 3290 3696 3357; x_wconf 63' lang='lat' dir='ltr'><strong>Quaenam</strong></span> <span class='ocrx_word' id='word_1_779' title='bbox 3714 3279 3768 3372; x_wconf 60' lang='lat' dir='ltr'><strong>ltt</strong></span> 
     </span>
    </p>
   </div>
   <div class='ocr_carea' id='block_1_88' title="bbox 2289 3367 3771 3463">
    <p class='ocr_par' dir='ltr' id='par_1_88' title="bbox 2289 3367 3771 3463">
     <span class='ocr_line' id='line_1_88' title="bbox 2289 3367 3771 3463; baseline -0.019 -12"><span class='ocrx_word' id='word_1_780' title='bbox 2289 3397 2390 3451; x_wconf 87' lang='lat' dir='ltr'><strong>ista</strong></span> <span class='ocrx_word' id='word_1_781' title='bbox 2419 3367 2503 3449; x_wconf 85' lang='lat' dir='ltr'><strong>est</strong></span> <span class='ocrx_word' id='word_1_782' title='bbox 2523 3367 2619 3463; x_wconf 86' lang='lat' dir='ltr'><strong>per</strong></span> <span class='ocrx_word' id='word_1_783' title='bbox 2646 3405 2806 3460; x_wconf 88' lang='lat' dir='ltr'><strong>quam</strong></span> <span class='ocrx_word' id='word_1_784' title='bbox 2834 3387 2963 3441; x_wconf 87' lang='lat' dir='ltr'><strong>vitia</strong></span> <span class='ocrx_word' id='word_1_785' title='bbox 2995 3379 3563 3457; x_wconf 50' lang='lat' dir='ltr'><strong>peccatmoperantur?</strong></span> <span class='ocrx_word' id='word_1_786' title='bbox 3592 3367 3771 3440; x_wconf 75' lang='lat' dir='ltr'><strong>Nunquid</strong></span> 
     </span>
    </p>
   </div>
   <div class='ocr_carea' id='block_1_89' title="bbox 2289 3472 3770 3553">
    <p class='ocr_par' dir='ltr' id='par_1_89' title="bbox 2289 3472 3770 3553">
     <span class='ocr_line' id='line_1_89' title="bbox 2289 3472 3770 3553; baseline -0.016 -12"><span class='ocrx_word' id='word_1_787' title='bbox 2289 3486 2374 3541; x_wconf 77' lang='lat' dir='ltr'><strong>lex</strong></span> <span class='ocrx_word' id='word_1_788' title='bbox 2404 3483 2604 3553; x_wconf 79' lang='lat' dir='ltr'><strong>Moysi,</strong></span> <span class='ocrx_word' id='word_1_789' title='bbox 2634 3479 2844 3535; x_wconf 90' lang='lat' dir='ltr'><strong>etiamsi</strong></span> <span class='ocrx_word' id='word_1_790' title='bbox 2870 3477 3166 3533; x_wconf 85' lang='lat' dir='ltr'><strong>secundum</strong></span> <span class='ocrx_word' id='word_1_791' title='bbox 3197 3475 3433 3531; x_wconf 77' lang='lat' dir='ltr'><strong>litteram</strong></span> <span class='ocrx_word' id='word_1_792' title='bbox 3458 3472 3770 3553; x_wconf 64' lang='lat' dir='ltr'><strong>observaretur.</strong></span> 
     </span>
    </p>
   </div>
   <div class='ocr_carea' id='block_1_90' title="bbox 2290 3551 3772 3644">
    <p class='ocr_par' dir='ltr' id='par_1_90' title="bbox 2290 3551 3772 3644">
     <span class='ocr_line' id='line_1_90' title="bbox 2290 3551 3772 3644; baseline -0.011 -13"><span class='ocrx_word' id='word_1_793' title='bbox 2290 3577 2418 3631; x_wconf 88' lang='lat' dir='ltr'><strong>vitia</strong></span> <span class='ocrx_word' id='word_1_794' title='bbox 2461 3551 2687 3644; x_wconf 81' lang='lat' dir='ltr'><strong>generat</strong></span> <span class='ocrx_word' id='word_1_795' title='bbox 2725 3568 3109 3640; x_wconf 84' lang='lat' dir='ltr'><strong>peccatorum?</strong></span> <span class='ocrx_word' id='word_1_796' title='bbox 3141 3566 3251 3623; x_wconf 88' lang='lat' dir='ltr'><strong>Sed</strong></span> <span class='ocrx_word' id='word_1_797' title='bbox 3280 3567 3335 3621; x_wconf 91' lang='lat' dir='ltr'><strong>in</strong></span> <span class='ocrx_word' id='word_1_798' title='bbox 3374 3571 3547 3636; x_wconf 79' lang='lat' dir='ltr'><strong>aperto</strong></span> <span class='ocrx_word' id='word_1_799' title='bbox 3571 3568 3653 3622; x_wconf 79' lang='lat' dir='ltr'><strong>est,</strong></span> 
     </span>
    </p>
   </div>
   <div class='ocr_carea' id='block_1_91' title="bbox 2292 3642 3772 3732">
    <p class='ocr_par' dir='ltr' id='par_1_91' title="bbox 2292 3642 3772 3732">
     <span class='ocr_line' id='line_1_91' title="bbox 2292 3642 3772 3732; baseline -0.014 -9"><span class='ocrx_word' id='word_1_800' title='bbox 2292 3668 2440 3723; x_wconf 86' lang='lat' dir='ltr'><strong>illam</strong></span> <span class='ocrx_word' id='word_1_801' title='bbox 2476 3642 2638 3721; x_wconf 78' lang='lat' dir='ltr'><strong>dicat</strong></span> <span class='ocrx_word' id='word_1_802' title='bbox 2688 3662 2861 3732; x_wconf 86' lang='lat' dir='ltr'><strong>legem</strong></span> <span class='ocrx_word' id='word_1_803' title='bbox 2914 3661 2968 3715; x_wconf 91' lang='lat' dir='ltr'><strong>in</strong></span> <span class='ocrx_word' id='word_1_804' title='bbox 3002 3658 3286 3723; x_wconf 84' lang='lat' dir='ltr'><strong>membris,</strong></span> <span class='ocrx_word' id='word_1_805' title='bbox 3330 3672 3446 3729; x_wconf 60' lang='lat' dir='ltr'><strong>quas</strong></span> <span class='ocrx_word' id='word_1_806' title='bbox 3488 3652 3671 3708; x_wconf 83' lang='lat' dir='ltr'><strong>resistat</strong></span> <span class='ocrx_word' id='word_1_807' title='bbox 3703 3642 3772 3712; x_wconf 64' lang='lat' dir='ltr'><strong>legi</strong></span> 
     </span>
    </p>
   </div>
   <div class='ocr_carea' id='block_1_92' title="bbox 2291 3736 3771 3824">
    <p class='ocr_par' dir='ltr' id='par_1_92' title="bbox 2291 3736 3771 3824">
     <span class='ocr_line' id='line_1_92' title="bbox 2291 3736 3771 3824; baseline -0.013 -10"><span class='ocrx_word' id='word_1_808' title='bbox 2291 3758 2505 3820; x_wconf 90' lang='lat' dir='ltr'><strong>mentis,</strong></span> <span class='ocrx_word' id='word_1_809' title='bbox 2555 3757 2620 3811; x_wconf 72' lang='lat' dir='ltr'><strong>de</strong></span> <span class='ocrx_word' id='word_1_810' title='bbox 2654 3770 2760 3824; x_wconf 88' lang='lat' dir='ltr'><strong>qua</strong></span> <span class='ocrx_word' id='word_1_811' title='bbox 2786 3762 2843 3808; x_wconf 88' lang='lat' dir='ltr'><strong>et</strong></span> <span class='ocrx_word' id='word_1_812' title='bbox 2885 3760 3014 3806; x_wconf 85' lang='lat' dir='ltr'><strong>ante</strong></span> <span class='ocrx_word' id='word_1_813' title='bbox 3039 3749 3412 3813; x_wconf 80' lang='lat' dir='ltr'><strong>tractavimus,</strong></span> <span class='ocrx_word' id='word_1_814' title='bbox 3462 3741 3685 3815; x_wconf 68' lang='lat' dir='ltr'><strong>qumodo</strong></span> <span class='ocrx_word' id='word_1_815' title='bbox 3716 3736 3771 3788; x_wconf 70' lang='lat' dir='ltr'><strong>lt!</strong></span> 
     </span>
    </p>
   </div>
   <div class='ocr_carea' id='block_1_93' title="bbox 2292 3824 3771 3909">
    <p class='ocr_par' dir='ltr' id='par_1_93' title="bbox 2292 3824 3771 3909">
     <span class='ocr_line' id='line_1_93' title="bbox 2292 3824 3771 3909; baseline -0.01 -7"><span class='ocrx_word' id='word_1_816' title='bbox 2292 3845 2667 3908; x_wconf 88' lang='lat' dir='ltr'><strong>subintroivit,</strong></span> <span class='ocrx_word' id='word_1_817' title='bbox 2698 3852 2757 3898; x_wconf 92' lang='lat' dir='ltr'><strong>ut</strong></span> <span class='ocrx_word' id='word_1_818' title='bbox 2784 3842 3082 3898; x_wconf 87' lang='lat' dir='ltr'><strong>abundaret</strong></span> <span class='ocrx_word' id='word_1_819' title='bbox 3117 3848 3419 3909; x_wconf 84' lang='lat' dir='ltr'><strong>peccatum.</strong></span> <span class='ocrx_word' id='word_1_820' title='bbox 3448 3836 3554 3906; x_wconf 83' lang='lat' dir='ltr'><strong>Ipsa</strong></span> <span class='ocrx_word' id='word_1_821' title='bbox 3588 3843 3690 3899; x_wconf 70' lang='lat' dir='ltr'><strong>ergo</strong></span> <span class='ocrx_word' id='word_1_822' title='bbox 3716 3824 3771 3877; x_wconf 70' lang='grc' dir='ltr'><strong>Ιει</strong></span> 
     </span>
    </p>
   </div>
   <div class='ocr_carea' id='block_1_94' title="bbox 2293 3921 3770 4005">
    <p class='ocr_par' dir='ltr' id='par_1_94' title="bbox 2293 3921 3770 4005">
     <span class='ocr_line' id='line_1_94' title="bbox 2293 3921 3770 4005; baseline -0.016 -11"><span class='ocrx_word' id='word_1_823' title='bbox 2293 3944 2405 4002; x_wconf 85' lang='lat' dir='ltr'><strong>est,</strong></span> <span class='ocrx_word' id='word_1_824' title='bbox 2439 3951 2561 4005; x_wconf 70' lang='lat' dir='ltr'><strong>qua:</strong></span> <span class='ocrx_word' id='word_1_825' title='bbox 2590 3933 2788 3995; x_wconf 78' lang='lat' dir='ltr'><strong>faeitin</strong></span> <span class='ocrx_word' id='word_1_826' title='bbox 2830 3933 2914 3987; x_wconf 89' lang='lat' dir='ltr'><strong>his</strong></span> <span class='ocrx_word' id='word_1_827' title='bbox 2951 3933 3043 4000; x_wconf 89' lang='lat' dir='ltr'><strong>qui</strong></span> <span class='ocrx_word' id='word_1_828' title='bbox 3085 3930 3380 3984; x_wconf 87' lang='lat' dir='ltr'><strong>secundum</strong></span> <span class='ocrx_word' id='word_1_829' title='bbox 3408 3937 3601 3982; x_wconf 86' lang='lat' dir='ltr'><strong>carnem</strong></span> <span class='ocrx_word' id='word_1_830' title='bbox 3625 3921 3770 4005; x_wconf 67' lang='lat' dir='ltr'><strong>vivunt,</strong></span> 
     </span>
    </p>
   </div>
   <div class='ocr_carea' id='block_1_95' title="bbox 2293 4003 3773 4095">
    <p class='ocr_par' dir='ltr' id='par_1_95' title="bbox 2293 4003 3773 4095">
     <span class='ocr_line' id='line_1_95' title="bbox 2293 4003 3773 4095; baseline -0.014 -14"><span class='ocrx_word' id='word_1_831' title='bbox 2293 4026 2423 4081; x_wconf 90' lang='lat' dir='ltr'><strong>vitia</strong></span> <span class='ocrx_word' id='word_1_832' title='bbox 2455 4003 2796 4095; x_wconf 84' lang='lat' dir='ltr'><strong>peccatorum</strong></span> <span class='ocrx_word' id='word_1_833' title='bbox 2820 4020 3112 4081; x_wconf 88' lang='lat' dir='ltr'><strong>abundare,</strong></span> <span class='ocrx_word' id='word_1_834' title='bbox 3145 4026 3205 4073; x_wconf 91' lang='lat' dir='ltr'><strong>ut</strong></span> <span class='ocrx_word' id='word_1_835' title='bbox 3228 4017 3541 4073; x_wconf 81' lang='lat' dir='ltr'><strong>fruetiliceut</strong></span> <span class='ocrx_word' id='word_1_836' title='bbox 3560 4003 3773 4066; x_wconf 65' lang='lat' dir='ltr'><strong>morti.“</strong></span> 
     </span>
    </p>
   </div>
   <div class='ocr_carea' id='block_1_96' title="bbox 2296 4105 3774 4184">
    <p class='ocr_par' dir='ltr' id='par_1_96' title="bbox 2296 4105 3774 4184">
     <span class='ocr_line' id='line_1_96' title="bbox 2296 4105 3774 4184; baseline -0.012 -12"><span class='ocrx_word' id='word_1_837' title='bbox 2296 4117 2398 4172; x_wconf 91' lang='lat' dir='ltr'><strong>hoc</strong></span> <span class='ocrx_word' id='word_1_838' title='bbox 2439 4130 2671 4184; x_wconf 87' lang='lat' dir='ltr'><strong>namque</strong></span> <span class='ocrx_word' id='word_1_839' title='bbox 2709 4121 2793 4169; x_wconf 89' lang='lat' dir='ltr'><strong>est</strong></span> <span class='ocrx_word' id='word_1_840' title='bbox 2822 4111 2909 4167; x_wconf 91' lang='lat' dir='ltr'><strong>illa</strong></span> <span class='ocrx_word' id='word_1_841' title='bbox 2933 4111 3017 4165; x_wconf 77' lang='lat' dir='ltr'><strong>lex</strong></span> <span class='ocrx_word' id='word_1_842' title='bbox 3048 4111 3101 4165; x_wconf 91' lang='lat' dir='ltr'><strong>in</strong></span> <span class='ocrx_word' id='word_1_843' title='bbox 3132 4110 3390 4165; x_wconf 88' lang='lat' dir='ltr'><strong>membris</strong></span> <span class='ocrx_word' id='word_1_844' title='bbox 3418 4105 3692 4166; x_wconf 77' lang='lat' dir='ltr'><strong>nostris.ut</strong></span> <span class='ocrx_word' id='word_1_845' title='bbox 3714 4111 3774 4150; x_wconf 71' lang='grc' dir='ltr'><strong>κο</strong></span> 
     </span>
    </p>
   </div>
   <div class='ocr_carea' id='block_1_97' title="bbox 2295 4190 3774 4272">
    <p class='ocr_par' dir='ltr' id='par_1_97' title="bbox 2295 4190 3774 4272">
     <span class='ocr_line' id='line_1_97' title="bbox 2295 4190 3774 4272; baseline -0.011 -10"><span class='ocrx_word' id='word_1_846' title='bbox 2295 4214 2493 4262; x_wconf 73' lang='grc' dir='ltr'><em>ειειειιε</em></span> <span class='ocrx_word' id='word_1_847' title='bbox 2519 4205 2805 4260; x_wconf 82' lang='lat' dir='ltr'><strong>adversum</strong></span> <span class='ocrx_word' id='word_1_848' title='bbox 2834 4202 3011 4272; x_wconf 74' lang='lat' dir='ltr'><strong>legem</strong></span> <span class='ocrx_word' id='word_1_849' title='bbox 3031 4200 3261 4265; x_wconf 70' lang='lat' dir='ltr'><strong>mentis,</strong></span> <span class='ocrx_word' id='word_1_850' title='bbox 3299 4199 3528 4269; x_wconf 73' lang='lat' dir='ltr'><strong>captivos</strong></span> <span class='ocrx_word' id='word_1_851' title='bbox 3557 4207 3639 4248; x_wconf 86' lang='lat' dir='ltr'><strong>nos</strong></span> <span class='ocrx_word' id='word_1_852' title='bbox 3665 4190 3774 4244; x_wconf 68' lang='lat' dir='ltr'><strong>ducat</strong></span> 
     </span>
    </p>
   </div>
   <div class='ocr_carea' id='block_1_98' title="bbox 2293 4288 3773 4369">
    <p class='ocr_par' dir='ltr' id='par_1_98' title="bbox 2293 4288 3773 4369">
     <span class='ocr_line' id='line_1_98' title="bbox 2293 4288 3773 4369; baseline -0.011 -16"><span class='ocrx_word' id='word_1_853' title='bbox 2293 4306 2539 4369; x_wconf 85' lang='lat' dir='ltr'><strong>peccato,</strong></span> <span class='ocrx_word' id='word_1_854' title='bbox 2560 4305 2614 4351; x_wconf 90' lang='lat' dir='ltr'><strong>et</strong></span> <span class='ocrx_word' id='word_1_855' title='bbox 2642 4297 2741 4352; x_wconf 88' lang='lat' dir='ltr'><strong>bos</strong></span> <span class='ocrx_word' id='word_1_856' title='bbox 2762 4294 2971 4350; x_wconf 79' lang='lat' dir='ltr'><strong>fructus</strong></span> <span class='ocrx_word' id='word_1_857' title='bbox 2992 4292 3185 4348; x_wconf 83' lang='lat' dir='ltr'><strong>otl‘erat</strong></span> <span class='ocrx_word' id='word_1_858' title='bbox 3205 4293 3387 4348; x_wconf 84' lang='lat' dir='ltr'><strong>morti.</strong></span> <span class='ocrx_word' id='word_1_859' title='bbox 3412 4288 3555 4344; x_wconf 78' lang='lat' dir='ltr'><strong>Nunc</strong></span> <span class='ocrx_word' id='word_1_860' title='bbox 3574 4293 3773 4340; x_wconf 68' lang='lat' dir='ltr'><strong>auau-</strong></span> 
     </span>
    </p>
   </div>
   <div class='ocr_carea' id='block_1_99' title="bbox 2222 4369 3773 4487">
    <p class='ocr_par' dir='ltr' id='par_1_99' title="bbox 2222 4369 3773 4487">
     <span class='ocr_line' id='line_1_99' title="bbox 2222 4369 3773 4487; baseline -0.008 -43"><span class='ocrx_word' id='word_1_861' title='bbox 2222 4426 2270 4487; x_wconf 77' lang='lat' dir='ltr'><strong>D</strong></span> <span class='ocrx_word' id='word_1_862' title='bbox 2295 4388 2394 4443; x_wconf 81' lang='lat' dir='ltr'><strong>luti</strong></span> <span class='ocrx_word' id='word_1_863' title='bbox 2421 4404 2601 4487; x_wconf 66' lang='lat' dir='ltr'><strong>sumus</strong></span> <span class='ocrx_word' id='word_1_864' title='bbox 2628 4404 2661 4441; x_wconf 80' lang='grc' dir='ltr'><em>α</em></span> <span class='ocrx_word' id='word_1_865' title='bbox 2682 4385 2791 4456; x_wconf 79' lang='lat' dir='ltr'><strong>lege</strong></span> <span class='ocrx_word' id='word_1_866' title='bbox 2811 4385 3023 4487; x_wconf 71' lang='lat' dir='ltr'><strong>mortui,</strong></span> <span class='ocrx_word' id='word_1_867' title='bbox 3048 4384 3104 4437; x_wconf 81' lang='lat' dir='ltr'><strong>in</strong></span> <span class='ocrx_word' id='word_1_868' title='bbox 3124 4400 3228 4452; x_wconf 83' lang='lat' dir='ltr'><strong>qua</strong></span> <span class='ocrx_word' id='word_1_869' title='bbox 3256 4381 3618 4487; x_wconf 56' lang='lat' dir='ltr'><strong>detinebantur;</strong></span> <span class='ocrx_word' id='word_1_870' title='bbox 3708 4369 3773 4487; x_wconf 66' lang='lat' dir='ltr'><strong>II:</strong></span> 
     </span>
    </p>
   </div>
   <div class='ocr_carea' id='block_1_100' title="bbox 2293 4458 3774 4549">
    <p class='ocr_par' dir='ltr' id='par_1_100' title="bbox 2293 4458 3774 4549">
     <span class='ocr_line' id='line_1_100' title="bbox 2293 4458 3774 4549; baseline -0.012 -13"><span class='ocrx_word' id='word_1_871' title='bbox 2293 4495 2422 4549; x_wconf 88' lang='lat' dir='ltr'><strong>ergo</strong></span> <span class='ocrx_word' id='word_1_872' title='bbox 2449 4477 2564 4547; x_wconf 89' lang='lat' dir='ltr'><strong>lege</strong></span> <span class='ocrx_word' id='word_1_873' title='bbox 2593 4492 2734 4531; x_wconf 91' lang='lat' dir='ltr'><strong>nunc</strong></span> <span class='ocrx_word' id='word_1_874' title='bbox 2753 4475 2914 4531; x_wconf 90' lang='lat' dir='ltr'><strong>soluti</strong></span> <span class='ocrx_word' id='word_1_875' title='bbox 2938 4489 3155 4538; x_wconf 88' lang='lat' dir='ltr'><strong>sumus;</strong></span> <span class='ocrx_word' id='word_1_876' title='bbox 3180 4491 3340 4539; x_wconf 76' lang='lat' dir='ltr'><strong>nunc,</strong></span> <span class='ocrx_word' id='word_1_877' title='bbox 3361 4469 3588 4541; x_wconf 78' lang='lat' dir='ltr'><strong>quando?</strong></span> <span class='ocrx_word' id='word_1_878' title='bbox 3608 4465 3698 4521; x_wconf 81' lang='lat' dir='ltr'><strong>sine</strong></span> <span class='ocrx_word' id='word_1_879' title='bbox 3714 4458 3774 4513; x_wconf 62' lang='lat' dir='ltr'><strong>tb-</strong></span> 
     </span>
    </p>
   </div>
   <div class='ocr_carea' id='block_1_101' title="bbox 2296 4553 3771 4630">
    <p class='ocr_par' dir='ltr' id='par_1_101' title="bbox 2296 4553 3771 4630">
     <span class='ocr_line' id='line_1_101' title="bbox 2296 4553 3771 4630; baseline -0.009 -8"><span class='ocrx_word' id='word_1_880' title='bbox 2296 4568 2386 4623; x_wconf 91' lang='lat' dir='ltr'><strong>bio</strong></span> <span class='ocrx_word' id='word_1_881' title='bbox 2412 4582 2536 4622; x_wconf 92' lang='lat' dir='ltr'><strong>cum</strong></span> <span class='ocrx_word' id='word_1_882' title='bbox 2564 4564 2779 4621; x_wconf 86' lang='lat' dir='ltr'><strong>Christo</strong></span> <span class='ocrx_word' id='word_1_883' title='bbox 2805 4565 3003 4619; x_wconf 90' lang='lat' dir='ltr'><strong>mortui</strong></span> <span class='ocrx_word' id='word_1_884' title='bbox 3029 4579 3217 4619; x_wconf 87' lang='lat' dir='ltr'><strong>sumus</strong></span> <span class='ocrx_word' id='word_1_885' title='bbox 3233 4602 3250 4628; x_wconf 96' lang='lat'><strong>,</strong></span> <span class='ocrx_word' id='word_1_886' title='bbox 3276 4573 3333 4618; x_wconf 89' lang='lat' dir='ltr'><strong>et</strong></span> <span class='ocrx_word' id='word_1_887' title='bbox 3357 4557 3626 4630; x_wconf 87' lang='lat' dir='ltr'><strong>consepulti</strong></span> <span class='ocrx_word' id='word_1_888' title='bbox 3648 4553 3685 4607; x_wconf 85' lang='lat' dir='ltr'><strong>ei</strong></span> <span class='ocrx_word' id='word_1_889' title='bbox 3709 4559 3771 4619; x_wconf 72' lang='lat' dir='ltr'><strong>pe!</strong></span> 
     </span>
    </p>
   </div>
   <div class='ocr_carea' id='block_1_102' title="bbox 2298 4644 3771 4727">
    <p class='ocr_par' dir='ltr' id='par_1_102' title="bbox 2298 4644 3771 4727">
     <span class='ocr_line' id='line_1_102' title="bbox 2298 4644 3771 4727; baseline -0.01 -15"><span class='ocrx_word' id='word_1_890' title='bbox 2298 4656 2645 4727; x_wconf 89' lang='lat' dir='ltr'><strong>baptismum,</strong></span> <span class='ocrx_word' id='word_1_891' title='bbox 2676 4664 2731 4711; x_wconf 86' lang='lat' dir='ltr'><strong>et</strong></span> <span class='ocrx_word' id='word_1_892' title='bbox 2758 4653 3001 4709; x_wconf 74' lang='lat' dir='ltr'><strong>cruciﬁxi</strong></span> <span class='ocrx_word' id='word_1_893' title='bbox 3024 4669 3150 4709; x_wconf 86' lang='lat' dir='ltr'><strong>cum</strong></span> <span class='ocrx_word' id='word_1_894' title='bbox 3183 4654 3330 4723; x_wconf 85' lang='lat' dir='ltr'><strong>ipso,</strong></span> <span class='ocrx_word' id='word_1_895' title='bbox 3359 4661 3415 4707; x_wconf 93' lang='lat' dir='ltr'><strong>et</strong></span> <span class='ocrx_word' id='word_1_896' title='bbox 3440 4651 3549 4706; x_wconf 82' lang='lat' dir='ltr'><strong>ideo</strong></span> <span class='ocrx_word' id='word_1_897' title='bbox 3573 4644 3771 4705; x_wconf 64' lang='lat' dir='ltr'><strong>dicit,»-</strong></span> 
     </span>
    </p>
   </div>
   <div class='ocr_carea' id='block_1_103' title="bbox 2299 4728 3773 4815">
    <p class='ocr_par' dir='ltr' id='par_1_103' title="bbox 2299 4728 3773 4815">
     <span class='ocr_line' id='line_1_103' title="bbox 2299 4728 3773 4815; baseline -0.008 -14"><span class='ocrx_word' id='word_1_898' title='bbox 2299 4748 2396 4801; x_wconf 79' lang='lat' dir='ltr'><strong>luti</strong></span> <span class='ocrx_word' id='word_1_899' title='bbox 2416 4763 2597 4800; x_wconf 82' lang='lat' dir='ltr'><strong>sumus</strong></span> <span class='ocrx_word' id='word_1_900' title='bbox 2622 4764 2654 4801; x_wconf 90' lang='lat' dir='ltr'><strong>a</strong></span> <span class='ocrx_word' id='word_1_901' title='bbox 2681 4744 2791 4815; x_wconf 76' lang='lat' dir='ltr'><strong>lege</strong></span> <span class='ocrx_word' id='word_1_902' title='bbox 2810 4745 3022 4799; x_wconf 75' lang='lat' dir='ltr'><strong>monui.</strong></span> <span class='ocrx_word' id='word_1_903' title='bbox 3050 4744 3164 4799; x_wconf 82' lang='lat' dir='ltr'><strong>Nisi</strong></span> <span class='ocrx_word' id='word_1_904' title='bbox 3185 4744 3328 4799; x_wconf 90' lang='lat' dir='ltr'><strong>enim</strong></span> <span class='ocrx_word' id='word_1_905' title='bbox 3352 4742 3470 4812; x_wconf 84' lang='lat' dir='ltr'><strong>quis</strong></span> <span class='ocrx_word' id='word_1_906' title='bbox 3490 4728 3773 4794; x_wconf 64' lang='lat' dir='ltr'><strong>moneasioe</strong></span> 
     </span>
    </p>
   </div>
   <div class='ocr_carea' id='block_1_104' title="bbox 2302 4814 3770 4903">
    <p class='ocr_par' dir='ltr' id='par_1_104' title="bbox 2302 4814 3770 4903">
     <span class='ocr_line' id='line_1_104' title="bbox 2302 4814 3770 4903; baseline -0.01 -14"><span class='ocrx_word' id='word_1_907' title='bbox 2302 4836 2372 4889; x_wconf 91' lang='lat' dir='ltr'><strong>rit</strong></span> <span class='ocrx_word' id='word_1_908' title='bbox 2401 4849 2521 4889; x_wconf 89' lang='lat' dir='ltr'><strong>cum</strong></span> <span class='ocrx_word' id='word_1_909' title='bbox 2552 4814 2785 4897; x_wconf 87' lang='lat' dir='ltr'><strong>Christo,</strong></span> <span class='ocrx_word' id='word_1_910' title='bbox 2814 4833 2881 4888; x_wconf 89' lang='lat' dir='ltr'><strong>ab</strong></span> <span class='ocrx_word' id='word_1_911' title='bbox 2910 4835 3013 4887; x_wconf 86' lang='lat' dir='ltr'><strong>ista</strong></span> <span class='ocrx_word' id='word_1_912' title='bbox 3042 4832 3159 4903; x_wconf 86' lang='lat' dir='ltr'><strong>lege</strong></span> <span class='ocrx_word' id='word_1_913' title='bbox 3185 4848 3290 4888; x_wconf 92' lang='lat' dir='ltr'><strong>non</strong></span> <span class='ocrx_word' id='word_1_914' title='bbox 3310 4830 3541 4888; x_wconf 84' lang='lat' dir='ltr'><strong>solvitur.</strong></span> <span class='ocrx_word' id='word_1_915' title='bbox 3565 4823 3665 4879; x_wconf 87' lang='lat' dir='ltr'><strong>Scio</strong></span> <span class='ocrx_word' id='word_1_916' title='bbox 3685 4814 3770 4871; x_wconf 72' lang='lat' dir='ltr'><strong>cliti</strong></span> 
     </span>
    </p>
   </div>
   <div class='ocr_carea' id='block_1_105' title="bbox 2302 4908 3772 4992">
    <p class='ocr_par' dir='ltr' id='par_1_105' title="bbox 2302 4908 3772 4992">
     <span class='ocr_line' id='line_1_105' title="bbox 2302 4908 3772 4992; baseline -0.006 -16"><span class='ocrx_word' id='word_1_917' title='bbox 2302 4923 2421 4979; x_wconf 83' lang='lat' dir='ltr'><strong>aliis</strong></span> <span class='ocrx_word' id='word_1_918' title='bbox 2442 4921 2836 4992; x_wconf 77' lang='lat' dir='ltr'><strong>exemplaribus</strong></span> <span class='ocrx_word' id='word_1_919' title='bbox 2850 4923 3106 4991; x_wconf 89' lang='lat' dir='ltr'><strong>scriptum</strong></span> <span class='ocrx_word' id='word_1_920' title='bbox 3125 4938 3140 4976; x_wconf 88' lang='lat'><strong>:</strong></span> <span class='ocrx_word' id='word_1_921' title='bbox 3158 4923 3201 4977; x_wconf 82' lang='grc' dir='ltr'><em>Α</em></span> <span class='ocrx_word' id='word_1_922' title='bbox 3224 4921 3332 4992; x_wconf 78' lang='lat' dir='ltr'><strong>lege</strong></span> <span class='ocrx_word' id='word_1_923' title='bbox 3352 4919 3541 4984; x_wconf 73' lang='lat' dir='ltr'><strong>mortis,</strong></span> <span class='ocrx_word' id='word_1_924' title='bbox 3554 4918 3600 4970; x_wconf 74' lang='lat' dir='ltr'><strong>in</strong></span> <span class='ocrx_word' id='word_1_925' title='bbox 3619 4928 3699 4983; x_wconf 65' lang='lat' dir='ltr'><strong>qua</strong></span> <span class='ocrx_word' id='word_1_926' title='bbox 3715 4908 3772 4959; x_wconf 66' lang='grc' dir='ltr'><strong>Αθ-</strong></span> 
     </span>
    </p>
   </div>
   <div class='ocr_carea' id='block_1_106' title="bbox 2299 5007 3773 5078">
    <p class='ocr_par' dir='ltr' id='par_1_106' title="bbox 2299 5007 3773 5078">
     <span class='ocr_line' id='line_1_106' title="bbox 2299 5007 3773 5078; baseline -0.007 -9"><span class='ocrx_word' id='word_1_927' title='bbox 2299 5014 2624 5076; x_wconf 71' lang='lat' dir='ltr'><strong>(incitamur;</strong></span> <span class='ocrx_word' id='word_1_928' title='bbox 2660 5014 2751 5069; x_wconf 90' lang='lat' dir='ltr'><strong>sed</strong></span> <span class='ocrx_word' id='word_1_929' title='bbox 2775 5014 2906 5077; x_wconf 91' lang='lat' dir='ltr'><strong>hoc,</strong></span> <span class='ocrx_word' id='word_1_930' title='bbox 2945 5015 2996 5069; x_wconf 89' lang='lat' dir='ltr'><strong>id</strong></span> <span class='ocrx_word' id='word_1_931' title='bbox 3026 5022 3141 5078; x_wconf 84' lang='lat' dir='ltr'><strong>est,</strong></span> <span class='ocrx_word' id='word_1_932' title='bbox 3169 5015 3390 5078; x_wconf 78' lang='lat' dir='ltr'><strong>mortui,</strong></span> <span class='ocrx_word' id='word_1_933' title='bbox 3417 5020 3472 5067; x_wconf 89' lang='lat' dir='ltr'><strong>et</strong></span> <span class='ocrx_word' id='word_1_934' title='bbox 3495 5007 3647 5062; x_wconf 86' lang='lat' dir='ltr'><strong>verius</strong></span> <span class='ocrx_word' id='word_1_935' title='bbox 3664 5009 3773 5055; x_wconf 76' lang='grc' dir='ltr'><strong>ειτο·</strong></span> 
     </span>
    </p>
   </div>
   <div class='ocr_carea' id='block_1_107' title="bbox 2302 5092 3770 5173">
    <p class='ocr_par' dir='ltr' id='par_1_107' title="bbox 2302 5092 3770 5173">
     <span class='ocr_line' id='line_1_107' title="bbox 2302 5092 3770 5173; baseline -0.002 -16"><span class='ocrx_word' id='word_1_936' title='bbox 2302 5103 2443 5158; x_wconf 82' lang='lat' dir='ltr'><strong>ctius</strong></span> <span class='ocrx_word' id='word_1_937' title='bbox 2498 5103 2711 5173; x_wconf 85' lang='lat' dir='ltr'><strong>legitur.</strong></span> <span class='ocrx_word' id='word_1_938' title='bbox 2750 5103 2900 5169; x_wconf 88' lang='lat' dir='ltr'><strong>Quod</strong></span> <span class='ocrx_word' id='word_1_939' title='bbox 2949 5117 3076 5157; x_wconf 83' lang='lat' dir='ltr'><strong>vero</strong></span> <span class='ocrx_word' id='word_1_940' title='bbox 3125 5102 3330 5158; x_wconf 89' lang='lat' dir='ltr'><strong>addidit</strong></span> <span class='ocrx_word' id='word_1_941' title='bbox 3386 5102 3438 5155; x_wconf 85' lang='lat' dir='ltr'><strong>in</strong></span> <span class='ocrx_word' id='word_1_942' title='bbox 3469 5092 3770 5173; x_wconf 52' lang='lat' dir='ltr'><strong>conclusione}</strong></span> 
     </span>
    </p>
   </div>
   <div class='ocr_carea' id='block_1_108' title="bbox 2304 5171 3773 5261">
    <p class='ocr_par' dir='ltr' id='par_1_108' title="bbox 2304 5171 3773 5261">
     <span class='ocr_line' id='line_1_108' title="bbox 2304 5171 3773 5261; baseline -0.007 -16"><span class='ocrx_word' id='word_1_943' title='bbox 2304 5190 2390 5246; x_wconf 81' lang='lat' dir='ltr'><strong>Ita</strong></span> <span class='ocrx_word' id='word_1_944' title='bbox 2442 5201 2497 5244; x_wconf 85' lang='lat' dir='ltr'><strong>ut</strong></span> <span class='ocrx_word' id='word_1_945' title='bbox 2556 5171 2841 5245; x_wconf 75' lang='lat' dir='ltr'><strong>serviamus</strong></span> <span class='ocrx_word' id='word_1_946' title='bbox 2888 5192 2944 5245; x_wconf 84' lang='lat' dir='ltr'><strong>in</strong></span> <span class='ocrx_word' id='word_1_947' title='bbox 3000 5192 3225 5245; x_wconf 82' lang='lat' dir='ltr'><strong>novitate</strong></span> <span class='ocrx_word' id='word_1_948' title='bbox 3272 5191 3506 5261; x_wconf 75' lang='lat' dir='ltr'><strong>spiritus,</strong></span> <span class='ocrx_word' id='word_1_949' title='bbox 3552 5191 3595 5236; x_wconf 82' lang='lat' dir='ltr'><strong>et</strong></span> <span class='ocrx_word' id='word_1_950' title='bbox 3636 5171 3773 5231; x_wconf 70' lang='grc' dir='ltr'><em>κοιίι</em></span> 
     </span>
    </p>
   </div>
   <div class='ocr_carea' id='block_1_109' title="bbox 2306 5262 3772 5351">
    <p class='ocr_par' dir='ltr' id='par_1_109' title="bbox 2306 5262 3772 5351">
     <span class='ocr_line' id='line_1_109' title="bbox 2306 5262 3772 5351; baseline -0.011 -15"><span class='ocrx_word' id='word_1_951' title='bbox 2306 5292 2551 5336; x_wconf 81' lang='lat' dir='ltr'><strong>vetustate</strong></span> <span class='ocrx_word' id='word_1_952' title='bbox 2587 5282 2793 5346; x_wconf 71' lang='lat' dir='ltr'><strong>littera&#39;,</strong></span> <span class='ocrx_word' id='word_1_953' title='bbox 2823 5282 2966 5351; x_wconf 86' lang='lat' dir='ltr'><strong>quod</strong></span> <span class='ocrx_word' id='word_1_954' title='bbox 2993 5282 3111 5337; x_wconf 85' lang='lat' dir='ltr'><strong>sine</strong></span> <span class='ocrx_word' id='word_1_955' title='bbox 3134 5280 3293 5336; x_wconf 84' lang='lat' dir='ltr'><strong>dubio</strong></span> <span class='ocrx_word' id='word_1_956' title='bbox 3318 5280 3382 5336; x_wconf 86' lang='lat' dir='ltr'><strong>de</strong></span> <span class='ocrx_word' id='word_1_957' title='bbox 3416 5278 3523 5347; x_wconf 86' lang='lat' dir='ltr'><strong>lege</strong></span> <span class='ocrx_word' id='word_1_958' title='bbox 3546 5274 3699 5328; x_wconf 69' lang='lat' dir='ltr'><strong>litterae</strong></span> <span class='ocrx_word' id='word_1_959' title='bbox 3718 5262 3772 5315; x_wconf 65' lang='lat' dir='ltr'><strong>di’</strong></span> 
     </span>
    </p>
   </div>
   <div class='ocr_carea' id='block_1_110' title="bbox 2305 5360 3774 5439">
    <p class='ocr_par' dir='ltr' id='par_1_110' title="bbox 2305 5360 3774 5439">
     <span class='ocr_line' id='line_1_110' title="bbox 2305 5360 3774 5439; baseline -0.007 -12"><span class='ocrx_word' id='word_1_960' title='bbox 2305 5382 2450 5427; x_wconf 90' lang='lat' dir='ltr'><strong>ctum</strong></span> <span class='ocrx_word' id='word_1_961' title='bbox 2484 5372 2660 5425; x_wconf 84' lang='lat' dir='ltr'><strong>videtu</strong></span> <span class='ocrx_word' id='word_1_962' title='bbox 2672 5388 2717 5433; x_wconf 89' lang='lat' dir='ltr'><strong>r,</strong></span> <span class='ocrx_word' id='word_1_963' title='bbox 2745 5370 2849 5425; x_wconf 87' lang='lat' dir='ltr'><strong>hoc</strong></span> <span class='ocrx_word' id='word_1_964' title='bbox 2874 5371 3033 5425; x_wconf 89' lang='lat' dir='ltr'><strong>modo</strong></span> <span class='ocrx_word' id='word_1_965' title='bbox 3054 5377 3433 5439; x_wconf 85' lang='lat' dir='ltr'><strong>consequenter</strong></span> <span class='ocrx_word' id='word_1_966' title='bbox 3456 5360 3774 5427; x_wconf 66' lang='lat' dir='ltr'><strong>intelling</strong></span> 
     </span>
    </p>
   </div>
   <div class='ocr_carea' id='block_1_111' title="bbox 2308 5450 3771 5527">
    <p class='ocr_par' dir='ltr' id='par_1_111' title="bbox 2308 5450 3771 5527">
     <span class='ocr_line' id='line_1_111' title="bbox 2308 5450 3771 5527; baseline -0.008 -12"><span class='ocrx_word' id='word_1_967' title='bbox 2308 5468 2500 5515; x_wconf 86' lang='lat' dir='ltr'><strong>terant.</strong></span> <span class='ocrx_word' id='word_1_968' title='bbox 2545 5460 2600 5513; x_wconf 91' lang='lat' dir='ltr'><strong>ln</strong></span> <span class='ocrx_word' id='word_1_969' title='bbox 2635 5474 2798 5514; x_wconf 88' lang='lat' dir='ltr'><strong>carne</strong></span> <span class='ocrx_word' id='word_1_970' title='bbox 2832 5459 3045 5527; x_wconf 90' lang='lat' dir='ltr'><strong>quidem</strong></span> <span class='ocrx_word' id='word_1_971' title='bbox 3072 5459 3230 5527; x_wconf 89' lang='lat' dir='ltr'><strong>positi</strong></span> <span class='ocrx_word' id='word_1_972' title='bbox 3253 5466 3305 5514; x_wconf 90' lang='lat' dir='ltr'><strong>et</strong></span> <span class='ocrx_word' id='word_1_973' title='bbox 3336 5454 3599 5512; x_wconf 88' lang='lat' dir='ltr'><strong>secundum</strong></span> <span class='ocrx_word' id='word_1_974' title='bbox 3618 5450 3771 5501; x_wconf 72' lang='grc' dir='ltr'><em>αιηιοιιι</em></span> 
     </span>
    </p>
   </div>
   <div class='ocr_carea' id='block_1_112' title="bbox 2307 5537 3773 5618">
    <p class='ocr_par' dir='ltr' id='par_1_112' title="bbox 2307 5537 3773 5618">
     <span class='ocr_line' id='line_1_112' title="bbox 2307 5537 3773 5618; baseline -0.004 -16"><span class='ocrx_word' id='word_1_975' title='bbox 2307 5550 2565 5613; x_wconf 85' lang='lat' dir='ltr'><strong>viventes,</strong></span> <span class='ocrx_word' id='word_1_976' title='bbox 2591 5557 2810 5618; x_wconf 89' lang='lat' dir='ltr'><strong>propter</strong></span> <span class='ocrx_word' id='word_1_977' title='bbox 2830 5557 3171 5618; x_wconf 85' lang='lat' dir='ltr'><strong>peccatorum</strong></span> <span class='ocrx_word' id='word_1_978' title='bbox 3197 5549 3340 5611; x_wconf 80' lang='lat' dir='ltr'><strong>vitia,</strong></span> <span class='ocrx_word' id='word_1_979' title='bbox 3361 5542 3567 5616; x_wconf 58' lang='lat' dir='ltr'><strong>quaties</strong></span> <span class='ocrx_word' id='word_1_980' title='bbox 3588 5537 3673 5595; x_wconf 57' lang='lat' dir='ltr'><strong>illa.</strong></span> <span class='ocrx_word' id='word_1_981' title='bbox 3693 5543 3773 5597; x_wconf 66' lang='grc' dir='ltr'><strong>φιτ</strong></span> 
     </span>
    </p>
   </div>
   <div class='ocr_carea' id='block_1_113' title="bbox 2305 5631 3771 5707">
    <p class='ocr_par' dir='ltr' id='par_1_113' title="bbox 2305 5631 3771 5707">
     <span class='ocr_line' id='line_1_113' title="bbox 2305 5631 3771 5707; baseline -0.014 -11"><span class='ocrx_word' id='word_1_982' title='bbox 2305 5642 2499 5696; x_wconf 89' lang='lat' dir='ltr'><strong>eratin</strong></span> <span class='ocrx_word' id='word_1_983' title='bbox 2526 5640 2783 5697; x_wconf 88' lang='lat' dir='ltr'><strong>membris</strong></span> <span class='ocrx_word' id='word_1_984' title='bbox 2811 5641 3030 5707; x_wconf 89' lang='lat' dir='ltr'><strong>nostris,</strong></span> <span class='ocrx_word' id='word_1_985' title='bbox 3056 5639 3229 5694; x_wconf 79' lang='lat' dir='ltr'><strong>alebat</strong></span> <span class='ocrx_word' id='word_1_986' title='bbox 3251 5650 3303 5693; x_wconf 90' lang='lat' dir='ltr'><strong>ut</strong></span> <span class='ocrx_word' id='word_1_987' title='bbox 3326 5631 3771 5692; x_wconf 71' lang='lat' dir='ltr'><strong>iructiﬁrarrntmlr-</strong></span> 
     </span>
    </p>
   </div>
  </div>
