3998 6202
336 280 477 334 HIS

859 280 1415 351 ENARRATIONUM
1457 280 1523 337 IN
1561 281 1710 337 EPP.
1749 278 1957 336 PAULI
1996 278 2122 333 LIB.
2162 278 2251 335 IV.
2292 312 2360 322 —
2398 281 2464 337 IN
2506 281 2725 340 EPIST.
2765 283 2859 339 AD
2889 284 3056 342 RUM.

3450 283 3601 339 40H

332 395 397 453 ti,
426 405 536 446 nou
552 399 877 460 poteramus
903 395 1110 450 servire
1150 394 1204 449 in
1238 395 1476 449 novitate
1510 394 1768 463 spiritus,
1798 391 1924 445 dum
1958 398 2002 456 Α
2031 389 2297 457 Quoniam
2325 391 2496 463 legem
2528 394 2719 449 mortis
2742 394 2884 449 hanc
2912 394 3079 459 dicit,
3105 404 3162 449 et
3185 404 3370 449 erutos
3407 409 3505 450 nos
3543 398 3615 452 ab

328 482 426 536 itla
447 482 533 535 lex
554 482 921 537 membrorum
968 485 1183 539 vivebat
1228 486 1284 539 in
1322 485 1496 549 nobis,
1536 485 1644 538 imo
1672 485 1799 538 dum
1826 498 1924 537 nos

328 573 630 629 mundum
662 573 809 628 illam
844 573 1012 646 legem
1035 576 1368 631 vivebamus.
1395 575 1496 631 Ubi
1528 590 1658 629 vero
1680 573 1926 629 Christus

332 676 435 731 pro
488 662 646 717 nobis
700 672 948 719 mortuus
989 673 1100 728 est,
1151 673 1208 719 et
1249 680 1348 720 nos
1402 680 1525 719 cum
1574 664 1693 734 ipso
1730 662 1926 718 mortui

334 770 523 810 sumus
534 763 782 824 peccato,
798 764 853 810 et
875 755 1088 811 liberati
1109 772 1297 812 sumus
1320 772 1418 827 per
1432 757 1606 826 ipsum
1623 773 1653 810 a
1667 756 1784 827 lege
1808 770 1930 824 pec-

330 845 466 909 cati,
499 845 553 898 in
582 860 686 915 qua
710 847 1107 912 detinebamur,
1129 863 1419 917 possumus
1440 849 1554 917 jam
1589 848 1796 902 servire
1824 847 1925 918 legi

334 940 462 1005 Dei;
492 940 703 995 servire
726 950 905 997 autem
936 942 989 996 in
1018 943 1256 997 novitate
1284 944 1506 1013 spiritus
1533 951 1588 997 et
1620 956 1724 996 non
1752 942 1805 995 in
1838 955 1929 994 ve-

333 1038 536 1086 tustate
579 1030 793 1086 litterae.
831 1029 948 1087 Non
976 1032 1122 1087 enim
1152 1033 1357 1088 idcirco
1401 1049 1497 1088 nos
1536 1034 1784 1089 Christus
1829 1033 1925 1087 ab-

330 1121 533 1176 straxit
558 1137 590 1175 a
614 1121 732 1193 lege
756 1122 1002 1193 peccati,
1024 1131 1083 1177 ut
1104 1124 1366 1179 vetustati
1385 1124 1577 1179 litterae
1605 1124 1924 1188 serviamus,

334 1212 391 1268 id
419 1222 527 1279 est,
553 1222 614 1268 ut
633 1215 1104 1271 circumcisionem
1132 1217 1481 1287 recipiamus,
1510 1227 1564 1273 et
1588 1219 1812 1272 sabbata
1842 1216 1926 1271 vel

330 1316 533 1361 caetera
575 1321 695 1375 qua:
730 1315 973 1362 vetustas
1010 1307 1145 1378 legis
1183 1310 1379 1364 littera:
1417 1310 1690 1375 continet;
1729 1309 1823 1363 sed
1870 1316 1929 1362 ut

335 1396 511 1469 legem
541 1397 635 1452 Dei
666 1398 721 1452 in
749 1398 974 1468 spiritus
1016 1399 1264 1465 novitate,
1292 1414 1597 1464 servemus,
1634 1401 1684 1454 id
1713 1408 1825 1461 est,
1859 1411 1925 1453 ex

332 1489 591 1543 onmibus
613 1505 733 1559 qua:
758 1490 813 1544 in
841 1506 905 1546 ea
936 1492 1136 1560 scripta
1166 1501 1322 1557 sunt,
1358 1492 1658 1563 spiritalem
1707 1505 1924 1547 sensum

333 1575 541 1647 Spiritu
568 1578 805 1633 donante
829 1581 1122 1650 capiamus,
1151 1582 1291 1637 sicut
1311 1592 1366 1637 et
1395 1584 1534 1638 idem
1564 1583 1848 1653 Apostolus
1872 1583 1923 1636 in

331 1668 458 1723 aliis
485 1669 639 1734 dicit,
673 1673 819 1740 quod
840 1672 1082 1728 velamen
1106 1684 1189 1728 est
1209 1675 1439 1743 positum
1471 1676 1523 1728 in
1558 1675 1693 1731 l‘acie
1719 1677 1918 1748 Moysi;

330 1776 459 1814 cum
487 1769 667 1816 autem
698 1778 991 1820 conversus
1022 1764 1186 1820 fuerit
1215 1766 1338 1836 quis
1380 1767 1446 1820 ad
1489 1767 1798 1831 Dominum,
1831 1783 1922 1821 au-
1952 1739 1998 1797 Β

328 1852 543 1907 feratur
563 1853 807 1908 velamen
833 1871 847 1908 :
878 1854 1136 1909 Dominus
1165 1857 1304 1910 enim
1331 1858 1544 1927 spiritus
1567 1868 1640 1911 est
1673 1873 1691 1909 :
1721 1858 1807 1911 ubi
1833 1875 1928 1912 au-

332 1950 437 1994 tem
465 1941 680 2010 spiritus
713 1941 956 2006 Domini,
987 1943 1061 1997 ibi
1097 1944 1309 1998 libertas
1341 1945 1424 2016 (11
1461 1944 1582 1998 Cor.
1618 1950 1723 2013 ιιι).
1769 1945 1929 2001 Novi-

334 2040 506 2086 tatem
546 2047 678 2089 sane
705 2033 929 2103 Spiritus
957 2035 1070 2088 scio
1099 2036 1375 2104 quosdam
1393 2035 1532 2090 male
1572 2036 1928 2107 intelligentes

314 2123 465 2177 illuc
488 2124 738 2187 traxisse,
767 2131 827 2177 ut
855 2124 1103 2179 dicerent
1129 2140 1323 2179 novum
1351 2141 1471 2179 esse.
1494 2125 1776 2195 Spiritum,
1802 2136 1924 2181 tan-

330 2229 496 2283 quam
520 2214 612 2284 qui
640 2223 766 2269 ante
789 2231 896 2269 non
926 2215 1089 2270 fuerit
1107 2255 1123 2279 ,
1166 2232 1271 2271 nec
1307 2217 1581 2272 veteribus
1610 2219 1924 2283 innotuerit,

331 2313 390 2360 et
414 2305 664 2359 nesciunt
688 2320 749 2360 se
791 2306 845 2360 in
889 2306 992 2361 hoc
1027 2307 1344 2376 gravissime
1374 2308 1778 2377 blasphemare;
1813 2308 1928 2379 ipse

329 2397 481 2451 enim
512 2397 747 2467 Spiritus
776 2399 947 2453 estin
989 2399 1136 2469 lege,
1178 2399 1292 2469 ipse
1341 2400 1392 2453 in
1435 2399 1724 2470 Evangelio
1750 2442 1764 2465 ,
1812 2401 1926 2471 ipse

330 2502 549 2557 semper
568 2503 692 2543 cum
719 2487 882 2544 Patre
903 2498 956 2544 et
982 2489 1116 2544 Filio
1138 2499 1242 2554 est,
1265 2498 1320 2543 et
1345 2506 1561 2560 semper
1584 2500 1684 2555 est,
1707 2503 1761 2546 et
1784 2502 1920 2558 erat,

328 2584 391 2633 et
415 2579 523 2633 erit
544 2578 687 2633 sicut
705 2578 868 2635 Pater
889 2587 947 2633 et
967 2579 1155 2634 Filius.
1186 2580 1302 2635 Non
1326 2596 1458 2651 ergo
1483 2582 1596 2651 ipse
1621 2597 1794 2636 novus
1818 2591 1919 2647 est,

330 2669 430 2726 sed
460 2671 745 2726 credentes
773 2671 1012 2735 innovat,
1045 2686 1165 2725 cum
1190 2687 1284 2727 eos
1308 2688 1338 2726 a
1365 2674 1640 2727 veteribus
1669 2674 1828 2728 malis
1853 2673 1922 2727 ad

332 2773 529 2814 novam
552 2757 718 2813 vitam
746 2766 801 2813 et
826 2773 1022 2813 novam
1051 2759 1450 2814 observantiam
1477 2759 1673 2815 Christi
1707 2760 1921 2832 religio-

330 2850 424 2905 nis
456 2849 697 2915 adducit,
721 2858 776 2904 et
803 2850 1074 2920 spiritales
1093 2865 1161 2903 ex
1186 2850 1494 2905 carnalibus
1518 2850 1666 2905 facit.
1691 2851 1918 2924 (Ambr.)

327 2938 442 2992 Lex
480 2947 637 2992 vetus
663 2954 771 2994 non
807 2938 1055 2993 criminis
1091 2938 1275 3007 utique
1306 2953 1501 2992 nomen
1528 2947 1629 3002 est,
1659 2940 1751 2994 sed
1776 2947 1915 2992 tem-

324 3025 480 3094 poris
506 3025 589 3080 vel
615 3027 791 3082 :etatis
822 3044 838 3080 :
871 3029 1050 3083 senuit
1074 3029 1217 3082 enim
1244 3028 1368 3097 quia
1401 3029 1649 3084 cessavit.
1676 3029 1787 3084 Lex
1819 3045 1916 3084 au—

2025 494 2091 535 ca
2128 480 2463 549 gratulatur,
2505 491 2561 537 et
2600 483 2655 537 in
2702 484 2792 538 illa
2822 485 2935 539 Deo
2962 485 3169 540 servire
3197 493 3382 555 negat,
3411 501 3480 541 ne
3505 486 3613 542 ini-

2026 589 2189 643 quam
2217 574 2360 629 hanc
2387 590 2635 632 asserere
2666 587 2972 647 putaretur,
3004 578 3108 634 hoc
3137 570 3332 649 purgat
3372 595 3496 634 cum
3536 580 3618 636 di-

2026 664 2102 718 cit
2133 682 2146 717 :
2174 662 2342 718 Absit.
2373 664 2475 720 Sed
2498 677 2764 735 peccatum
2792 685 2894 722 non
2923 670 3160 739 cognovi,
3191 670 3292 723 nisi
3310 686 3404 740 per
3427 669 3613 742 legent.

2027 751 2145 807 Non
2169 769 2300 824 ergo
2322 766 2602 825 peccatum
2631 766 2715 812 est
2740 758 2849 823 lex,
2875 758 2966 813 sed
2993 760 3151 814 index
3175 761 3383 830 peccati
3407 778 3420 815 :
3444 771 3619 817 osten-

2027 847 2105 900 dit
2128 848 2271 901 enim
2296 857 2351 903 et
2371 864 2489 918 quzc
2511 850 2749 905 latebant
2771 860 3017 921 peccata,
3040 860 3093 908 et
3115 854 3241 924 quia
3265 870 3371 909 neu
3398 855 3619 925 impune

2027 938 2209 994 futura
2240 949 2424 998 essent
2442 943 2581 1012 apud
2601 944 2786 998 Deum.
2808 944 2924 1010 Quo
2939 955 3234 1014 comperto.
3258 947 3421 1002 homo
3448 946 3622 1003 factus

2027 1036 2110 1082 est
2140 1044 2281 1083 reus.
2315 1030 2498 1101 (.4ug.)
2526 1032 2705 1098 Quare
2729 1033 3058 1105 intelligitur.
3094 1036 3268 1107 legem
3298 1038 3364 1092 ad
3393 1039 3497 1093 hoc
3524 1039 3615 1093 da-

2030 1128 2136 1172 tam
2180 1134 2322 1185 esse,
2360 1136 2464 1174 non
2515 1129 2574 1174 ut
2618 1131 2897 1191 peccatum
2946 1125 3275 1180 insereretur
3299 1168 3313 1192 ,
3350 1142 3527 1197 neque
3560 1137 3620 1184 ut

2026 1210 2449 1280 exstirparetur.
2507 1212 2602 1264 sed
2647 1219 2856 1266 tantum
2885 1221 2944 1266 ut
2972 1214 3434 1271 demonstraretur
3477 1219 3622 1287 quod

2028 1299 2263 1354 animam
2293 1301 2583 1355 humanam
2613 1303 2766 1372 quasi
2797 1304 2862 1358 de
2890 1304 3198 1360 innocentia
3223 1322 3471 1362 securam
3498 1308 3614 1378 ipsa

2028 1388 2239 1457 peccati
2271 1389 2735 1445 demonstratione
2762 1407 2908 1446 ream
2937 1392 3158 1460 laceret,
3191 1406 3249 1450 ut
3274 1397 3399 1467 quia
3433 1414 3623 1468 pecca-

2028 1489 2139 1535 tum
2172 1483 2290 1535 sine
2313 1484 2483 1552 gratia
2512 1483 2605 1537 Dei
2637 1485 2777 1539 vinci
2808 1501 2912 1539 non
2940 1488 3127 1556 possit,
3155 1489 3269 1558 ipsa
3298 1499 3482 1545 reatus
3509 1490 3618 1545 sol-

2029 1571 2309 1627 licitudine
2357 1575 2422 1627 axl
2467 1576 2867 1644 percipiendam
2912 1581 3139 1648 gratiam
3187 1591 3617 1639 converteretur.

2029 1664 2213 1732 Itaque
2233 1681 2336 1717 non
2367 1666 2761 1736 ait,peccatum
2790 1683 2893 1722 non
2921 1668 3022 1724 l‘eci
3050 1671 3151 1725 nisi
3184 1686 3279 1741 per
3307 1670 3499 1743 legem,
3526 1673 3621 1729 sed

2025 1765 2291 1823 peccatum
2334 1773 2436 1809 non
2479 1759 2691 1827 cognovi
2729 1760 2832 1813 nisi
2859 1776 2951 1830 per
2978 1759 3140 1830 legem
3168 1776 3186 1813 .'
3215 1764 3356 1818 unde
3395 1773 3620 1834 apparet

2029 1846 2520 1913 concupiscentiam
2551 1863 2648 1915 per
2669 1847 2839 1919 legem
2858 1863 2978 1903 -non
3013 1851 3255 1915 insitam,
3279 1852 3371 1907 sed
3397 1855 3621 1908 demon—

2027 1945 2253 1990 stratam
2286 1954 2298 1989 :
2332 1953 2670 2007 consequens
2706 1948 2886 1993 autem
2918 1949 3088 2003 erat,-
3109 1951 3169 1996 ιιι
3204 1945 3461 2012 quoniam
3492 1961 3621 2000 non-

2027 2026 2152 2081 dum
2181 2038 2399 2097 accepta
2436 2030 2609 2098 gratia
2649 2032 3099 2100 concupiscentize
3123 2035 3301 2089 resisti
3332 2052 3435 2090 non
3473 2048 3622 2107 pote-

2028 2125 2133 2179 rat,
2162 2126 2454 2186 augeretur
2487 2119 2680 2184 etiam,
2707 2120 2833 2189 quia
2865 2121 3099 2191 majores
3137 2124 3282 2178 vires
3309 2124 3471 2180 habet
3492 2142 3623 2181 con-

1998 2208 2357 2276 cupiscentia
2406 2210 2635 2263 crimine
2678 2211 3139 2280 prmvaricationis
3188 2212 3459 2282 adjuncto,
3493 2231 3614 2271 cum

2027 2298 2190 2351 etiam
2236 2315 2340 2351 non
2378 2298 2547 2368 legem
2581 2300 2740 2363 facit,
2778 2316 2941 2370 quam
2972 2302 3017 2356 si
3044 2302 3190 2357 nulla
3222 2302 3338 2377 lege
3364 2305 3619 2374 prohibe-

2025 2397 2195 2442 retur.
2230 2387 2282 2442 Ν
2289 2406 2373 2442 am
2395 2392 2869 2461 concupiscentiam
2895 2392 3204 2462 nesciebam,
3237 2396 3339 2450 nisi
3364 2399 3449 2450 (ea:
3474 2397 3621 2452 dice-

2025 2490 2101 2532 ret
2132 2494 2151 2531 :
2186 2479 2308 2533 Non
2344 2484 2691 2553 concupisces.
2725 2484 2959 2554 (Ambr.)
2986 2482 3102 2542 Non
3136 2486 3391 2545 discrevit
3420 2503 3620 2543 concu-

2023 2569 2343 2638 piscentiam
2373 2587 2401 2625 a
2433 2583 2685 2641 peccato,
2721 2576 2811 2631 sed
2850 2578 3097 2644 miscuit,
3139 2580 3241 2636 hoc
3277 2582 3618 2654 signiﬁcans,

2023 2659 2151 2726 quia
2179 2675 2302 2713 cum
2330 2677 2430 2716 nec
2467 2664 2704 2733 suspicio
2731 2667 2949 2735 quidem
2980 2678 3123 2724 esset
3154 2672 3295 2727 istud
3321 2689 3426 2729 non
3451 2673 3616 2731 licere

2023 2749 2185 2831 apud»
2211 2751 2377 2806 Deum
2412 2771 2425 2806 :
2459 2757 2719 2825 cognovi,
2756 2757 2959 2827 inquit,
2991 2775 3113 2815 esse
3152 2776 3452 2832 peccatum.
3503 2765 3618 2823 Sub

2027 2855 2124 2895 sua
2157 2857 2384 2911 persona
2414 2847 2571 2914 quasi
2602 2849 2911 2917 generalem
2947 2851 3058 2922 agit
3092 2868 3333 2907 causam.
3376 2854 3486 2911 Lex
3516 2857 3617 2911 ita-

2019 2948 2128 3002 que
2153 2936 2650 3004 concupiscentiam
2701 2941 2974 3009 prohibet,
3005 2959 3126 3012 quae
3154 2955 3439 3014 propterea
3472 2951 3614 3017 quod

2018 3022 2417 3079 oblectamento
2436 3034 2539 3092 est,
2564 3043 2669 3082 non
2698 3032 2988 3098 putabatur
3008 3048 3128 3086 esse
3148 3045 3452 3104 peccatum.
3477 3038 3615 3094 Sim-

328 3124 440 3171 tem
476 3116 699 3184 spiritus
726 3117 842 3187 ipsa
872 3125 955 3172 est
980 3117 1065 3172 lex
1107 3117 1263 3182 ﬁdei,
1304 3118 1429 3187 quia
1475 3117 1607 3172 lides
1637 3119 1688 3171 in
1730 3118 1914 3172 animo
1941 3103 1986 3165 C
2018 3113 2139 3181 plex
2190 3116 2332 3169 enim
2383 3117 2664 3173 videbatur
2727 3136 2915 3187 causa,
2975 3103 3361 3194 concupiscere
3410 3128 3613 3198 aliquid

324 3215 417 3263 est
446 3222 546 3262 nec
571 3207 827 3276 operibus
859 3208 1186 3273 addiscitur,
1231 3209 1325 3263 sed
1361 3209 1522 3264 corde
1547 3209 1787 3263 creditur
1813 3227 1828 3263 :
1860 3217 1917 3263 et

331 3313 494 3355 mens
526 3298 638 3369 ipsa
673 3298 922 3370 intelligit
968 3308 1175 3355 naturae
1215 3317 1329 3356 sum
1368 3315 1488 3355 esse
1531 3299 1672 3370 quod
1711 3302 1914 3367 credit,

325 3407 432 3448 me
475 3393 644 3448 oculis
685 3392 960 3458 cernitur,
989 3402 1082 3447 aut
1115 3394 1361 3448 manibus
1388 3392 1666 3463 palpatur,
1705 3400 1760 3445 et
1797 3408 1917 3462 quae

324 3493 619 3554 sperantur
644 3485 782 3540 dona
813 3499 921 3541 non
950 3484 1183 3539 visibilia
1210 3492 1369 3547 sunt,
1402 3499 1504 3539 nec
1538 3492 1752 3538 terrena
1772 3524 1788 3548 ,
1820 3484 1916 3543 sed

322 3574 615 3645 spiritalia.
647 3574 818 3630 Vetus
845 3589 975 3645 ergo
1010 3574 1093 3628 lex
1123 3574 1177 3628 in
1205 3573 1404 3627 tabulis
1430 3573 1657 3643 lapideis
1682 3572 1914 3627 formata

324 3676 436 3735 est,
475 3668 557 3723 lex
587 3677 767 3723 autem
807 3667 1031 3737 spiritus
1073 3666 1126 3720 in
1171 3664 1368 3721 tabulis
1395 3665 1574 3720 cordis
1599 3664 1915 3734 spiritaliter

322 3760 606 3827 scribitur,
646 3768 707 3816 ut
749 3760 822 3815 sit
856 3768 1059 3814 aeterna
1089 3775 1103 3812 :
1134 3758 1313 3813 littera
1349 3765 1527 3811 autem
1559 3755 1691 3826 legis
1718 3754 1916 3811 veteris

324 3858 487 3907 tutati:
507 3851 866 3905 consumitur.
902 3847 1087 3919 (Aug.)
1127 3848 1193 3903 Et
1224 3848 1481 3917 quoniam
1510 3846 1595 3901 lex
1628 3846 1809 3900 littera
1832 3854 1916 3900 est

323 3941 407 3995 eis
428 3941 526 4010 qui
558 3956 665 3995 non
689 3954 808 3994 eam
834 3939 1058 4009 implent
1081 3953 1181 4010 per
1205 3936 1451 4008 spiritum
1477 3937 1782 4000 charitatis,
1806 3948 1914 4003 quo

324 4032 562 4101 pertinet
582 4031 987 4087 Testamentum
1004 4029 1241 4094 Novum;
1271 4029 1453 4097 itaque
1473 4026 1671 4081 mortui
1693 4034 1914 4094 peccato

325 4120 629 4175 liberantur
652 4135 682 4173 a
709 4120 890 4175 littera
926 4135 1036 4189 qua
1071 4121 1380 4174 detinentur
1402 4158 1417 4183 ,
1459 4126 1510 4172 et
1539 4115 1629 4186 qui
1674 4130 1780 4170 non
1816 4114 1916 4169 im-

324 4210 478 4281 plent
520 4211 663 4282 quod
697 4211 957 4280 scriptum
988 4218 1074 4264 est
1098 4224 1114 4263 :
1144 4209 1231 4264 lex
1252 4208 1398 4263 enim
1424 4208 1556 4278 quid
1582 4206 1725 4260 aliud
1748 4218 1909 4275 quam

323 4305 440 4361 sola
478 4304 658 4360 littera
694 4312 776 4358 est
808 4304 891 4359 eis
935 4302 1026 4372 qui
1059 4317 1180 4358 eam
1212 4301 1392 4372 legere
1425 4306 1693 4355 noverunt
1730 4305 1787 4353 et
1815 4298 1913 4351 im-

322 4398 480 4468 plere
507 4413 614 4452 non
637 4396 903 4465 possunt?
938 4394 1057 4449 Non
1086 4394 1232 4448 enim
1266 4394 1543 4464 ignoratur
1571 4392 1639 4445 ab
1682 4390 1763 4445 eis
1796 4389 1913 4458 qui-

2018 3207 2277 3276 proximi,
2307 3210 2411 3263 hoc
2447 3208 2534 3263 lex
2571 3211 2806 3279 prodidit
2829 3227 2950 3267 esse
2977 3225 3261 3283 peccatum
3296 3229 3311 3267 :
3344 3216 3615 3271 saeculari-

2016 3297 2119 3351 bus
2152 3312 2385 3367 namque
2418 3299 2725 3354 hominibus
2756 3300 2888 3354 nihil
2915 3310 3021 3356 tam
3052 3303 3280 3356 inultum
3311 3303 3535 3365 videtur
3558 3314 3613 3360 et

2016 3388 2283 3458 placidum
2315 3405 2478 3459 quam
2508 3391 2776 3462 voluptas.

2093 3477 2383 3535 Occasione
2411 3491 2583 3536 autem
2605 3492 2816 3551 accepta
2834 3523 2848 3547 ,
2882 3493 3153 3553 peccatum
3178 3501 3270 3554 per
3294 3486 3602 3541 mandatum

2012 3579 2286 3638 apemtum
2325 3581 2400 3624 est
2444 3573 2498 3626 in
2536 3588 2619 3626 me
2651 3590 2854 3627 omnem
2889 3576 3384 3646 concupiscentiam.
3421 3576 3605 3648 (Αιιε.)

2015 3658 2168 3724 Quod
2201 3669 2379 3715 autem
2420 3662 2583 3726 dicit,
2613 3665 2885 3716 occasione
2924 3677 3165 3735 accepta,
3203 3678 3469 3735 peccatum
3510 3685 3606 3738 per

2013 3751 2322 3804 mandatum
2358 3763 2625 3820 apemtum
2663 3765 2736 3806 est
2767 3754 2823 3806 in
2867 3771 2949 3808 me
2987 3772 3191 3809 omnem
3232 3759 3600 3826 concupiscen-

2013 3840 2143 3892 tiam
2169 3880 2183 3904 ,
2234 3840 2635 3910 intelligendum
2678 3851 2764 3897 est
2810 3860 2916 3898 non
2948 3860 3162 3900 omnem
3203 3848 3370 3902 fuisse
3404 3864 3604 3904 concu-

2012 3930 2356 3998 piscentiam,
2393 3939 2679 4000 antequam
2716 3935 3079 4002 prohibitione
3109 3945 3266 3990 aucta
3306 3947 3467 3994 esset.
3492 3941 3604 3995 Au-

2013 4032 2171 4092 getur
2217 4025 2359 4077 enim
2422 4025 2786 4092 prohibitione
2847 4028 3323 4096 concupiscentia,
3377 4036 3595 4099 quando

2013 4117 2163 4171 deest
2193 4117 2363 4187 gratia
2404 4117 2701 4172 liberantis.
2746 4118 2871 4173 ldeo
2911 4121 3149 4173 nondum
3181 4132 3263 4175 est
3293 4123 3468 4176 omnis
3504 4138 3601 4177 an-

2013 4216 2229 4276 tequam
2274 4207 2655 4277 prohibeatur;
2701 4224 2825 4263 cum
2869 4217 3048 4263 autem
3096 4210 3366 4279 prohibita
3413 4209 3599 4280 fuerit,

2012 4297 2329 4362 desistente,
2361 4305 2419 4351 ut
2447 4298 2699 4362 diximus,
2731 4300 2901 4368 gratia
2922 4340 2937 4363 ,
2978 4300 3427 4356 tantum'crescit
3472 4316 3600 4357 con-

2012 4389 2364 4459 cupiscentia,
2398 4399 2457 4443 ut
2484 4390 2556 4444 ita
2588 4389 2643 4443 in
2667 4404 2768 4443 suo
2790 4406 2989 4461 genere
3015 4391 3210 4456 omnis,
3240 4391 3292 4446 id
3318 4401 3432 4457 est,
3461 4409 3593 4448 con-

321 4459 426 4545 bus
446 4459 752 4558 conscripta
783 4496 884 4541 est.
917 4484 1025 4540 Sed
1050 4459 1313 4557 quoniam
1335 4484 1389 4537 in
1414 4492 1621 4537 tantum
1648 4490 1776 4536 nota
1800 4490 1901 4542 est,
1937 4459 1983 4516 ί)
2009 4487 2280 4533 summata
2311 4478 2418 4540 liat,
2449 4486 2509 4531 ut
2531 4479 2691 4533 etiam
2717 4459 2903 4534 contra
2926 4479 3098 4551 legem
3120 4479 3287 4536 faciat
3302 4489 3358 4536 et
3385 4496 3595 4552 prmva-

323 4581 382 4636 in
408 4588 669 4650 quantum
702 4579 904 4648 scripta
941 4577 1156 4646 legitur,
1184 4590 1292 4629 non
1328 4575 1381 4628 in
1408 4583 1669 4642 quantum
1710 4572 1903 4627 dilecta

320 4667 622 4739 perﬁcitur,
638 4665 772 4721 nihil
800 4674 885 4720 est
917 4664 1062 4719 aliud
1089 4663 1284 4717 talibus
1321 4662 1424 4716 nisi
1450 4662 1652 4724 littera,
1672 4675 1793 4728 qum
1820 4661 1907 4714 lit-

321 4769 437 4814 tera
464 4772 573 4811 non
599 4766 685 4811 est
709 4754 942 4824 adjntrix
986 4753 1311 4824 lugentium,
1354 4753 1446 4806 sed
1494 4750 1648 4805 testis
1684 4764 1882 4818 peccan

317 4849 476 4904 tium.
501 4847 585 4900 Ab
614 4844 733 4913 ejus
761 4860 895 4916 ergo
933 4843 1282 4918 damnatione
1305 4841 1638 4905 liberantur,
1677 4840 1768 4908 qui
1808 4854 1908 4908 per

316 4940 569 5011 spiritum
597 4938 944 5003 inuovantur,
972 4943 1031 4988 ut
1050 4934 1163 5004 jam
1199 4947 1304 4988 non
1331 4933 1441 4987 sint
1471 4931 1690 5003 obligati
1717 4931 1909 4986 litterae

317 5030 387 5086 ad
433 5044 684 5099 pinnam,
738 5028 831 5083 sed
874 5025 1171 5083 intellectui
1208 5037 1305 5093 per
1337 5022 1602 5093 justftiam
1649 5022 1906 5093 copulati,

316 5122 447 5178 inde
471 5130 557 5176 est
585 5128 641 5174 et
664 5119 795 5175 illud
822 5134 836 5172 :
867 5116 1070 5172 Littera
1094 5116 1308 5180 occidit,
1333 5115 1552 5183 spiritus
1580 5124 1755 5168 autem
1780 5115 1912 5169 eiei-

319 5213 447 5282 ﬁcat
478 5209 531 5281 (1
539 5209 567 5263 1
592 5207 715 5264 Cor.
751 5207 856 5278 ιιι).
884 5207 952 5261 Ει
972 5204 1099 5274 quia
1126 5205 1369 5267 dixerat,
1396 5202 1635 5257 concitati
1666 5217 1846 5256 sumus
1877 5218 1910 5255 α

317 5303 431 5373 lege
456 5302 661 5365 mortis,
696 5300 753 5353 in
779 5315 883 5369 qua
912 5296 1276 5352 detinebantur
1294 5334 1309 5360 ,
1347 5294 1419 5348 ita
1449 5302 1507 5347 ut
1536 5294 1823 5349 serviamus
1854 5295 1911 5349 in

319 5393 549 5446 novitate
565 5391 779 5459 spiritus
798 5428 813 5453 ,
839 5398 887 5442 et
914 5388 1093 5442 nonin
1115 5395 1367 5441 mactate
1397 5384 1618 5449 linem;
1647 5393 1810 5454 atqne
1836 5385 1909 5441 ita

320 5499 421 5555 per
445 5485 562 5539 haec
587 5484 751 5539 verba
779 5482 937 5552 quasi
967 5479 1373 5550 reprehendisse
1410 5477 1582 5548 legem
1616 5485 1798 5547 posset
1824 5477 1905 5531 vi-

324 5576 467 5639 deri,
498 5575 720 5645 subjecit
745 5574 950 5630 statim.

400 5678 538 5745 Quid
551 5694 669 5748 ergo
683 5675 942 5732 dicemus?
955 5672 1065 5728 Lex
1082 5686 1347 5729 peccatum
1363 5673 1471 5728 est?
1484 5671 1647 5725 Absit.
1668 5668 1902 5743 (Ambr.)

2009 4570 2273 4625 ricatione
2299 4570 2505 4624 crimen
2542 4570 2866 4625 accumulet.
2896 4569 3027 4626 Cant
3061 4580 3240 4626 autem
3280 4572 3430 4637 dicit,
3466 4571 3598 4628 Sine

2006 4662 2119 4732 lege
2162 4662 2300 4715 enim
2348 4671 2615 4732 peccatum
2662 4674 2926 4716 mortuum
2971 4672 3084 4727 est,
3139 4678 3245 4719 non
3294 4665 3436 4733 quod
3486 4679 3595 4719 non

2005 4766 2114 4816 εει,
2139 4752 2276 4807 dixit
2308 4762 2576 4807 mortuum
2603 4760 2706 4820 est,
2739 4753 2833 4808 sed
2882 4753 3008 4823 quia
3061 4754 3215 4820 latet,
3251 4755 3393 4825 quod
3425 4755 3477 4809 in
3509 4769 3594 4809 se-

2006 4843 2301 4897 .tuentibus
2319 4840 2645 4903 manifestat,
2661 4857 2784 4896 cum
2802 4843 2955 4909 dicit,
2972 4843 3062 4896 sed
3078 4853 3343 4911 peccatum
3362 4851 3419 4896 ut
3433 4859 3595 4913 appa-

2009 4946 2119 4990 reat
2145 4944 2411 5006 peccatum
2441 4952 2534 5005 per
2563 4936 2753 4988 bonum
2778 4936 2909 4990 mihi
2947 4945 3216 5005 operatum
3249 4946 3323 4989 est
3353 4938 3591 4988 mortem.

2009 5027 2157 5083 Bona
2184 5036 2270 5083 est
2296 5028 2441 5083 enim
2471 5026 2558 5081 lex
2577 5068 2591 5092 ,
2616 5027 2710 5083 sed
2739 5028 2854 5081 sine
2881 5027 3054 5097 gratia
3082 5026 3321 5080 ostendit
3349 5033 3587 5081 tantum-

2012 5122 2174 5177 modo
2200 5130 2422 5191 peccata
2441 5160 2455 5183 ,
2492 5135 2597 5174 non
2628 5119 2785 5173 tollit.
2817 5118 2948 5173 Erat
2980 5116 3125 5172 enim
3154 5125 3208 5171 et
3249 5126 3375 5172 ante
3404 5132 3591 5188 pecca-

2012 5219 2159 5276 tum,
2191 5211 2285 5265 sed
2327 5224 2433 5264 non
2462 5224 2625 5263 omne
2661 5216 2808 5271 erat,
2842 5207 3059 5276 quando
3086 5207 3292 5261 crimen
3331 5210 3595 5276 prtevari-

2011 5302 2243 5359 cationis
2282 5302 2458 5356 adhuc.
2502 5299 2703 5355 deerat.
2759 5297 2910 5354 Unde
2959 5298 3064 5353 alio
3111 5297 3231 5353 loco
3276 5298 3453 5353 dicit:
3488 5297 3588 5353 Ubi

2011 5397 2149 5449 enim
2174 5409 2277 5446 non
2303 5402 2377 5446 est
2419 5389 2532 5456 lex,
2564 5407 2655 5445 nec
2676 5389 3057 5455 praevaricatio.
3088 5386 3285 5460 (Hier.)
3312 5388 3589 5457 Quomodo

2010 5483 2275 5540 medicina
2305 5496 2411 5536 non
2448 5487 2529 5536 est
2555 5495 2717 5536 causa
2758 5479 2981 5546 mortis,
3026 5479 3071 5534 si
3107 5479 3358 5534 ostendat
3382 5492 3587 5534 venena

2011 5571 2330 5638 mortifera,
2386 5573 2513 5628 licet
2563 5572 2651 5627 his
2697 5570 2823 5625 mali
2879 5570 3126 5626 homines
3180 5570 3472 5624 abutantur
3520 5571 3591 5624 ad

2006 5675 2269 5732 mortem,
2295 5674 2351 5722 et
2382 5665 2462 5720 vel
2508 5679 2566 5720 se
2602 5659 2961 5727 interficiant,
3003 5659 3088 5717 vel
3126 5661 3448 5718 insidientur
3480 5658 3586 5718 inl-
