3998 6202
561 258 695 323 “Ui

1192 252 1256 307 Β.
1296 250 1549 307 RABANI
1589 250 1805 308 MAUBI
1843 247 2141 309 ARClﬂEP

2233 246 2506 307 IOGUNT.
2544 247 2833 311 OPERUII
2870 246 3055 311 PARS
3084 247 3175 307 II.

3620 257 3729 316 lllb

556 376 743 438 micis;
782 373 862 429 sic
898 372 984 427 lex
1015 370 1139 427 data
1181 379 1267 425 est
1308 379 1368 425 ut
1408 376 1751 440 peccatorum
1794 381 1999 423 venena
2046 365 2141 422 ιιι)-
2168 366 2214 426 Α
2241 363 2495 421 cordibus
2525 364 2728 420 nostris
2756 364 2896 420 idem
2935 363 3225 435 Apostolus
3250 365 3401 421 docet
3432 384 3446 418 :
3479 365 3593 423 Cum
3628 375 3733 429 ικξιιι

557 472 840 529 monstret,
866 472 926 517 ut
949 462 1221 517 hominem
1249 459 1388 515 male
1407 458 1655 513 libertate
1675 473 1773 512 sua
1798 458 2131 518 abutentem,

555 556 651 626 qui
692 555 843 624 prius
869 553 1154 609 ferebatur
1192 549 1555 620 improvidus,
1599 555 1656 604 et
1700 564 1798 618 per
1840 545 2133 616 praecipitia

556 648 857 712 labebatur,
912 645 1066 699 freno
1116 642 1248 714 legis
1298 641 1548 702 retineat,
1577 647 1633 694 et
1684 637 1997 708 compositis
2042 637 2136 692 do-

558 748 678 794 ceat
722 738 969 792 incedere
1014 735 1316 806 gressibus,
1350 734 1425 788 ita
1467 742 1527 787 ut
1560 732 1858 787 serviamus
1894 730 1946 783 in
1981 728 2133 784 novi-

559 838 668 885 tate
712 830 966 899 spiritus,
1012 837 1070 882 et
1124 844 1226 883 non
1274 827 1325 881 in
1369 834 1635 880 vetustate
1676 824 1898 887 littera},
1934 823 1985 877 id
2017 830 2133 888 est,

557 922 802 975 vivamus
847 919 947 975 sub
973 926 1268 989 praecepto,
1303 917 1392 986 qui
1424 916 1575 986 prius
1605 914 1658 967 in
1702 913 1915 968 modum
1948 913 2136 966 bruto-

559 1026 679 1065 rum
697 1009 1010 1064 animalium
1034 1008 1374 1078 degebamus,
1404 1004 1779 1059 Mauducemus
1806 1011 1852 1055 et
1877 1001 2136 1064 bibamus,

556 1116 673 1153 crus
701 1100 839 1152 enim
866 1096 1151 1151 moriemur
1179 1094 1227 1166 (ι
1258 1093 1382 1148 Cor.
1413 1109 1497 1156 xv,
1521 1091 1631 1163 52).
1683 1090 1834 1158 Quod
1876 1090 1920 1146 si
1949 1089 2134 1145 subin-

559 1198 733 1244 trante
764 1189 879 1259 lege
911 1188 1052 1259 (quae
1087 1188 1242 1240 docet
1271 1185 1399 1255 quid
1432 1184 1627 1249 facere,
1653 1192 1705 1237 et
1729 1182 1979 1252 prohibet
2007 1183 2137 1253 quid

557 1298 664 1336 non
690 1280 870 1335 facere
885 1278 1196 1348 debeamus)
1216 1278 1346 1332 vitio
1367 1285 1552 1331 nostro
1571 1283 1627 1328 et
1649 1273 2033 1329 incontinentis
2060 1272 2140 1329 le-

557 1381 940 1429 ramurcontra
966 1371 1102 1425 scita
1126 1366 1660 1440 lrgalia,videturlex
1687 1381 1849 1420 causa
1875 1380 1995 1420 esse
2014 1379 2140 1435 pec-

557 1465 686 1527 cati,
703 1479 822 1533 qua:
840 1462 963 1515 dum
988 1460 1237 1530 prohibet
1250 1455 1763 1527 concupiscentiam,
1778 1454 2138 1526 quodammo-

558 1556 627 1609 do
642 1572 758 1611 eam
783 1555 1118 1607 inﬂammare
1138 1552 1498 1621 cognoscitur.
1516 1549 1801 1604 Saecularis
1820 1547 1960 1617 apud
1982 1546 2135 1602 Gra-

558 1662 653 1702 cos
679 1645 945 1701 sententia
974 1652 1054 1698 est
1078 1661 1091 1695 :
1121 1642 1390 1712 Quidquid
1419 1642 1546 1696 licet
1572 1642 1749 1696 minus
1776 1640 2132 1703 desideratur,

2232 463 2428 525 gentes,
2449 470 2568 522 qua!
2590 470 2694 509 non
2713 454 2903 509 habent
2931 453 3091 525 legens
3121 455 3427 510 naturaliter
3445 474 3503 510 ea
3521 476 3623 528 qua
3640 462 3735 533 legis

2232 555 2353 599 sunt
2399 544 2632 614 facium,
2662 546 2784 610 isti,
2823 544 2989 615 legem
3018 561 3120 600 non
3163 546 3615 619 habentes,sz
3646 567 3736 609 sui

2235 636 2351 701 lex;
2372 638 2463 707 qui
2491 636 2725 691 indicant
2748 653 2877 707 opus
2899 637 3025 707 legis
3048 638 3299 708 scriptum
3328 640 3383 692 iu
3406 641 3618 696 cordibus
3635 645 3738 711 suis,

2236 728 2585 783 testimonium
2618 727 2878 798 praebente
2902 728 3009 783 illis
3036 728 3356 783 conscientia
3374 728 3534 800 (licus.
3560 732 3628 804 ιι).
3658 733 3737 791 Ista

2236 817 2322 873 lex
2347 834 2468 887 qua:
2495 818 2547 871 in
2576 818 2740 875 corde
2760 818 3040 884 scribitur,
3071 832 3263 873 omnes
3290 820 3514 879 continet
3531 824 3735 889 nationes,

2234 919 2291 965 ct
2318 909 2494 965 nullus
2517 909 2795 965 hominum
2817 918 2920 973 est,
2936 910 3030 980 qui
3054 911 3192 966 hanc
3218 910 3386 981 legem
3411 912 3618 979 nesciat;
3634 915 3741 972 unde

2236 1000 2414 1053 OllllllS
2448 1000 2682 1053 mundus
2725 999 2828 1054 sub
2876 1009 3137 1070 peccato,
3182 1009 3241 1055 et
3280 1002 3505 1057 universi
3556 1004 3741 1062 homines

2238 1093 2682 1162 praevaricatores
2706 1091 2839 1163 legis
2862 1100 3013 1157 sunt,
3033 1102 3090 1147 et
3108 1093 3313 1149 idcirco
3333 1092 3524 1161 justum
3539 1093 3739 1162 judicium

2239 1183 2333 1238 Dei
2368 1191 2453 1238 est
2475 1181 2764 1238 scribentis
2785 1183 2839 1238 in
2860 1184 3023 1240 corde
3042 1185 3261 1253 generis
3286 1186 3513 1240 humani.
3537 1185 3662 1251 Quod
3678 1189 3743 1242 till

2237 1273 2356 1342 fieri
2387 1273 2644 1339 nolueris,
2672 1272 2827 1328 alteri
2856 1290 2921 1329 ne
2962 1274 3166 1344 feceris.
3194 1275 3329 1342 Quis
3357 1276 3742 1346 ignorat

2241 1368 2412 1435 dium,
2453 1367 2777 1424 adulterium
2798 1409 2813 1434 ,
2838 1367 2980 1423 furta
3010 1377 3068 1423 et
3087 1382 3308 1426 omnem
3332 1370 3741 1439 concupiscentiam

2241 1476 2359 1516 esse
2381 1461 2603 1525 malum,
2635 1476 2703 1516 ex
2728 1476 2796 1517 eo
2819 1461 2961 1529 quod
2990 1461 3094 1516 sibi
3133 1475 3199 1516 ea
3241 1460 3374 1514 nolit
3398 1459 3540 1514 ﬁeri?
3572 1459 3621 1514 Si
3640 1461 3743 1514 enim

2242 1553 2383 1609 mala
2405 1568 2527 1608 esse
2561 1554 2821 1619 nesciret,
2848 1569 3122 1623 nunquam
3153 1553 3259 1608 sibi
3282 1552 3596 1608 dolat-etesse
3618 1551 3741 1606 illata.

2246 1643 2350 1698 Per
2378 1644 2518 1698 hanc
2546 1643 2848 1699 naturalem
2879 1643 3052 1712 legem
3086 1652 3145 1700 et
3182 1642 3319 1699 Cain
3355 1643 3582 1713 cognovit
3600 1657 3743 1712 peccs-

557 1754 686 1809 ergo
717 1736 1018 1793 econtrario
1039 1734 1299 1804 quidquid
1321 1749 1427 1788 non
1449 1734 1576 1787 licet
1615 1731 1908 1787 fomentum
1944 1729 2142 1799 accipit
2172 1717 2216 1776 Β
2249 1742 2361 1786 tum
2414 1747 2570 1787 suum
2598 1772 2615 1795 ,
2657 1732 2843 1788 dicens
2874 1750 2889 1788 :
2922 1732 3102 1803 Major
3127 1742 3204 1788 est
3231 1748 3389 1787 causa
3411 1747 3535 1797 utea,
3560 1748 3684 1802 quam
3705 1740 3743 1784 st

561 1828 836 1883 desiderii.
865 1826 1015 1881 Unde
1041 1835 1097 1879 et
1123 1824 1327 1878 Tullius
1350 1825 1415 1877 de
1448 1823 1839 1892 parricidarum
1867 1820 2144 1891 suppliciis

561 1919 700 1988 apud
729 1918 1083 1972 Athenienses
1110 1915 1359 1968 Solonem
1401 1914 1684 1985 scripsisse
1720 1922 1878 1983 negat
1896 1953 1911 1976 ,
1942 1927 2009 1967 ne
2036 1926 2142 1966 non

563 2021 672 2064 tam
723 2010 1006 2078 prohibere
1056 2023 1216 2076 quam
1266 2020 1609 2060 commouere
1650 2006 1943 2059 videretur.
1977 2004 2144 2074 Igitur

560 2101 644 2156 lex
674 2101 818 2171 apud
844 2107 1246 2168 contemptores
1266 2105 1321 2150 et
1359 2095 1546 2165 legalis
1577 2104 1843 2165 praecepta
1871 2094 2144 2150 calcantes

561 2210 682 2249 esse
731 2190 943 2246 videtur
990 2190 1206 2245 occasio
1247 2189 1604 2250 delictorum,
1648 2189 1775 2241 dum
1809 2186 2143 2257 prohibendo

563 2282 707 2352 quiut
740 2297 844 2336 non
880 2281 992 2334 vult
1030 2280 1167 2345 ﬁeri,
1202 2280 1331 2350 ligat
1353 2294 1449 2333 eos
1477 2278 1705 2332 vinculis
1727 2277 2139 2341 mandatorum;

563 2374 652 2444 qui
671 2374 821 2443 prius
842 2375 1043 2441 absque
1058 2373 1174 2443 lege
1191 2380 1476 2441 peccantes
1492 2386 1599 2425 non
1622 2370 1941 2425 tenebantur
1962 2368 2146 2424 crimi-

564 2467 739 2520 nibus.
762 2464 884 2519 llmc
902 2465 1158 2529 diximus,
1177 2462 1371 2531 legem,
1393 2476 1513 2530 (tua:
1534 2476 1630 2530 per
1642 2458 1861 2530 Moysen
1883 2458 2010 2513 data
2031 2467 2136 2523 est,

566 2555 960 2626 intelligenles;
986 2570 1170 2607 verum
1192 2553 1315 2622 quia
1332 2552 1385 2606 in
1412 2550 1864 2619 consequentibus
1885 2550 2144 2618 scriptum

2245 1822 2504 1876 dimittar.
2564 1822 2632 1877 Et
2673 1821 2848 1878 Adam
2891 1832 2948 1879 et
2989 1822 3100 1877 Eva
3142 1832 3498 1895 cognoverunt
3532 1831 3745 1893 peccatum

2247 1926 2436 1975 suum,
2478 1920 2535 1965 et
2578 1920 2864 1981 propterea
2894 1913 3202 1968 absconditi
3238 1914 3479 1969 suntsub
3503 1913 3625 1983 ligno
3642 1913 3742 1968 vita.

2245 2001 2459 2057 Pharao
2484 2016 2719 2072 quoque,
2762 2012 3052 2072 antequam
3097 2003 3187 2059 lex
3215 2004 3432 2059 daretur
3456 2018 3543 2074 per
3566 2003 3745 2073 Moysen,

2246 2094 2553 2147 stimulatus
2574 2091 2691 2164 lege
2709 2101 2938 2161 naturae,
2961 2110 3057 2150 sua
3101 2095 3329 2150 crimina
3354 2095 3612 2151 conﬁtetur
3626 2105 3667 2149 et
3687 2094 3742 2147 di-

2247 2184 2323 2236 cit
2347 2202 2361 2236 :
2390 2183 2645 2239 Dominus
2664 2195 2870 2254 Justus,
2890 2202 2985 2257 ego
3008 2197 3182 2241 autem
3205 2198 3255 2242 et
3277 2186 3489 2258 populus
3508 2203 3628 2241 meus
3643 2187 3745 2256 inpii

2247 2274 2446 2344 (Exod.
2461 2275 2560 2347 ix).
2578 2275 2732 2331 lianc
2753 2275 2925 2347 legem
2949 2278 3122 2332 nescit
3150 2278 3596 2349 pucritia,igoorst
3617 2276 3746 2331 inlau-

2250 2365 2343 2430 tia,
2359 2375 2412 2419 et
2432 2382 2663 2435 peccans
2687 2367 2892 2437 absque
2916 2369 3173 2424 mandato
3202 2384 3311 2425 non
3333 2377 3529 2424 tenetur
3549 2368 3643 2437 lege
3660 2381 3746 2436 peo-

2248 2460 2377 2516 cati.
2396 2459 2667 2516 Maledicit
2691 2461 2831 2530 patri
2859 2471 2916 2516 et
2935 2462 3116 2525 matri,
3133 2472 3191 2518 et
3213 2471 3457 2533 parentes
3474 2460 3690 2523 verberat,
3707 2466 3746 2511 et

2248 2551 2371 2620 quia
2396 2550 2626 2605 necdum
2644 2551 2856 2622 accepit
2876 2551 3047 2623 legem
3060 2551 3359 2620 sapientiae,
3376 2560 3612 2607 mortuum
3631 2560 3695 2604 est
3708 2548 3744 2601 in

571 2654 657 2700 est
681 2664 693 2697 :
722 2644 828 2699 Lex
859 2645 972 2707 Dei,
998 2652 1052 2696 rt
1081 2643 1165 2697 lex
1212 2643 1392 2697 carnis
1417 2649 1579 2710 atque
1611 2640 1995 2702 membrorum,
2027 2654 2147 2709 quae
2247 2654 2312 2695 eo
2346 2651 2648 2711 peccatum.
2677 2643 2810 2699 Cum
2834 2654 3012 2700 autem
3040 2643 3578 2706 mandsutmvencrit,
3606 2641 3647 2696 id
3672 2648 3743 2701 αι.

574 2737 1073 2807 pugnatadversum
1090 2736 1260 2806 legem
1285 2735 1711 2796 mentisnostrze,
1729 2731 2149 2800 etcaplivosnos
2251 2739 2462 2801 tempus
2508 2733 2881 2805 intelligentiae
2931 2735 3239 2815 appetentis
3284 2736 3452 2797 bona,
3493 2743 3542 2786 et
3585 2729 3743 2785 vitantis

478 2873 488 2882 .
579 2830 726 2883 ducit
753 2829 805 2883 in
839 2828 953 2898 lege
977 2827 1214 2897 peccati,
1252 2825 1518 2895 simulque
1567 2831 1801 2894 quatuor
1833 2822 1977 2892 leges
2006 2821 2149 2875 inter
2251 2823 2423 2889 mala;
2454 2832 2584 2878 tunc
2604 2824 2791 2894 incipit
2810 2833 3089 2894 peccatum
3111 2824 3456 2887 reviviscere,
3475 2832 3526 2877 et
3542 2820 3615 2875 ille
3631 2817 3740 2881 ωσι-ἱ,

571 2936 629 2977 se
651 2921 967 2976 dimicantes
991 2921 1042 2973 in
1064 2936 1170 2974 uno
1196 2918 1314 2974 loco
1338 2918 1568 2986 scriptas
1583 2930 1702 2972 esse
1724 2927 2012 2983 cognosco,
2039 2927 2146 2966 non
2252 2930 2483 2986 reusque
2509 2932 2631 2971 esse
2656 2917 2888 2987 peccati.
2918 2916 3096 2987 Atque
3123 2915 3200 2971 ita
3228 2915 3289 2971 lit
3316 2924 3374 2970 ut
3398 2923 3583 2983 tempus
3606 2907 3743 2965 intcﬂi‘

573 3010 778 3080 absque
807 3025 865 3063 re
894 3009 1147 3071 arbitror,
1172 3007 1218 3061 si
1261 3021 1500 3075 quaeram
1548 3012 1678 3074 quot
1702 3016 1899 3074 genera
1930 3000 2063 3070 legis
2090 3000 2144 3053 in
2173 3051 2217 3080 η
2251 3007 2464 3078 gentia},
2495 3022 2604 3076 quo
2629 3006 2721 3061 Dci
2751 3006 3005 3061 mandata
3036 3007 3433 3078 cognoscimus,
3459 2999 3741 3072 utperrenls-

573 3051 778 3080 ...ημιην
807 3051 864 3063 ,ν
894 3051 1147 3071 ......-....,
1172 3051 1218 3061 ..-
1261 3051 1500 3075 .νυν--..-
1549 3051 1677 3074 .,.---
1703 3051 1899 3074 0----”
1931 3051 2057 3070 --ο-ν
2252 3051 2464 3078 υπηη,
2497 3051 2602 3076 Ἰ..-
2629 3051 2721 3061 ν-.
2751 3051 3005 3061 ...-....-...
3039 3051 3100 3061 νυ
3143 3051 3433 3068 .---.,....--,
3463 3051 3601 3072 --τη
3667 3051 3678 3052 κ

567 3100 862 3172 Scripturis
886 3099 1088 3154 sanctis
1108 3113 1230 3152 esse
1260 3104 1655 3159 memorentur;
1686 3093 1883 3150 dicitur
1916 3090 1998 3145 lex
2024 3103 2145 3158 qua:
2162 3051 2219 3116 ‘C
2250 3112 2371 3152 mus
2392 3097 2461 3151 ad
2482 3098 2668 3162 vitam,
2697 3106 2948 3167 operetur
2972 3098 3028 3151 in
3055 3051 3216 3152 [urbis
3245 3105 3463 3154 mortem
3484 3112 3497 3126 -
3521 3094 3559 3150 si
3582 3102 3742 3162 agamus

566 3205 664 3259 per
689 3189 907 3260 Moysen
929 3188 1053 3242 data
1098 3196 1213 3251 est,
1243 3186 1536 3242 secundum
1564 3183 1694 3238 illud
1717 3183 1858 3252 quod
1886 3182 2144 3250 scriptum
2248 3185 2626 3257 negligeniiug,
2656 3196 2711 3242 ει
2733 3188 2949 3242 occasio
2973 3187 3258 3257 sapientia;
3275 3187 3483 3242 εωαωι
3503 3197 3607 3243 nos,
3630 3190 3743 3247 atque

569 3288 653 3335 est
680 3282 747 3334 ad
773 3277 992 3333 Galams
1015 3296 1029 3330 :
1057 3278 1324 3346 Quotquot
1350 3276 1488 3329 enim
1508 3290 1571 3328 ea:
1594 3273 1832 3343 aperibus
1853 3272 1983 3339 legis
2004 3280 2145 3336 sunt,
2247 3276 2556 3347 supplantat
2586 3284 2644 3331 ει
2666 3277 2830 3332 dum;
2853 3278 2921 3331 ad
2949 3285 3184 3331 ωοηειη
3208 3295 3221 3331 ε
3247 3292 3351 3333 non
3371 3274 3500 3345 quod
3517 3271 3741 3340 ίηιευίεω.

566 3369 661 3422 sub
690 3368 965 3423 maledicto
1008 3377 1149 3421 sunt.
1186 3367 1449 3436 Scriptum
1496 3373 1570 3418 est
1597 3366 1735 3419 enim
1774 3376 1793 3414 :
1836 3359 2147 3416 Maledictus

568 3459 737 3513 omnis
764 3459 853 3529 qui
885 3474 989 3511 non
1021 3468 1284 3528 permanet
1315 3458 1368 3510 in
1395 3455 1636 3508 omnibus
1660 3470 1777 3525 quae
1804 3455 1998 3522 scripta
2025 3462 2146 3507 sunt

567 3548 622 3602 iu
657 3548 788 3600 libro
824 3547 970 3617 legis,
1003 3555 1060 3600 ut
1108 3547 1269 3616 faciat
1299 3562 1359 3600 ea
1391 3543 1534 3615 (Gal.
1572 3543 1677 3615 in).
1728 3543 1792 3598 Et
1831 3558 2043 3597 rursum
2091 3543 2147 3596 in

569 3637 759 3694 eadem
788 3638 1027 3708 Epistula
1069 3658 1083 3691 :
1111 3635 1220 3691 Lex
1245 3645 1453 3707 propter
1479 3633 1936 3706 prtevaricutiones
1976 3635 2147 3703 posita

571 3737 666 3792 cst,
681 3727 843 3781 donec
870 3727 1057 3780 reuirat
1084 3742 1256 3780 semen
1283 3725 1367 3778 cui
1391 3724 1760 3794 repromissum
1771 3731 1870 3787 est,
1892 3721 2147 3791 disposita

565 3835 659 3889 per
687 3817 897 3886 angelos
927 3817 981 3870 in
1008 3832 1168 3871 manu
1196 3814 1503 3870 Mediatoris
1540 3812 1751 3884 (lbid.).
1781 3812 1849 3866 Et
1883 3812 2077 3869 iterum
2128 3828 2142 3864 :

567 3907 757 3978 Itaque
777 3906 862 3960 lea:
883 3906 1196 3976 pwdagogus
1221 3913 1396 3959 noster
1418 3904 1518 3973 fuit
1539 3905 1593 3958 iu
1615 3903 1845 3968 Christo,
1876 3914 1929 3958 ut
1955 3919 2020 3957 ea:
2042 3902 2146 3971 ﬁds

565 3996 935 4067 iustiﬁcemur.
960 3993 1248 4066 Postquam
1277 4003 1450 4049 autem
1486 3994 1623 4048 venit
1645 3994 1799 4062 ﬁdes,
1822 4009 2146 4065 nequaquam

569 4087 712 4141 ultra
735 4086 830 4142 sub
853 4085 1137 4157 padagogo
1166 4099 1387 4141 sumus:
1419 4101 1594 4140 omnes
1618 4088 1755 4140 enim
1778 4085 1876 4154 lilii
1904 4084 1999 4138 Dei
2024 4084 2147 4138 estis

570 4195 665 4248 per
710 4178 889 4248 ﬁdem,
921 4194 1037 4248 qua:
1061 4187 1138 4230 est
1178 4178 1234 4230 in
1264 4176 1469 4231 Christo
1498 4175 1628 4231 Iesu
1676 4176 1864 4247 (Ibid.)
1911 4175 2146 4231 Historia

573 4281 809 4337 quoque,
832 4282 950 4335 quae
971 4274 1237 4338 praecepta
1266 4280 1373 4320 non
1396 4269 1661 4330 continet,
1681 4266 1777 4320 sed
1796 4265 1926 4334 quid
1945 4266 2143 4320 factum

568 4367 643 4412 snt
672 4358 858 4422 refert,
907 4358 974 4411 ab
1015 4355 1272 4427 Apostolo
1316 4356 1403 4411 lex
1443 4355 1761 4426 appellatur.
1799 4355 1968 4410 Dicite
2018 4356 2145 4408 milii

566 4449 657 4517 qui
688 4448 781 4502 sub
804 4448 912 4518 lege
940 4448 1093 4503 vultis
1122 4464 1253 4513 esse,
1284 4464 1388 4501 non
1417 4446 1613 4517 legistis
1643 4446 1804 4517 legem
1823 4448 1849 4500 1’
1880 4446 2145 4517 Scriptum

571 4548 648 4593 est
691 4540 852 4604 enim,
880 4540 1004 4609 quia
1037 4539 1301 4593 Abraham
1328 4540 1461 4594 duos
1490 4538 1628 4609 ﬁlios
1657 4540 1861 4603 habuit,
1891 4554 2052 4592 unum
2080 4538 2147 4591 de

571 4630 766 4685 ancilla
791 4669 808 4695 ,
856 4640 904 4685 et
947 4632 1173 4684 alterum
1217 4631 1281 4685 de
1327 4631 1509 4685 libera.
1561 4631 1668 4687 Sed
1707 4632 1798 4702 qui
1844 4647 1909 4685 ea:
1951 4630 2148 4685 ancilla

570 4720 856 4775 secundum
886 4737 1097 4774 carnem
1125 4730 1282 4775 natus
1306 4732 1380 4775 est
1408 4734 1426 4774 :
1448 4722 1538 4793 qui
1561 4734 1734 4777 autent
1761 4723 1825 4776 de
1848 4722 2035 4785 libera,
2056 4739 2149 4793 per

572 4811 1023 4882 repromissionem
1054 4809 1196 4883 (Gal.
1227 4812 1322 4884 tv).
1354 4812 1459 4867 Sed
1477 4821 1531 4865 et
1556 4812 1744 4881 psalmi
1772 4813 1857 4868 lex
1876 4812 2148 4882 appellan-

574 4912 682 4966 tur,
711 4911 765 4957 ut
809 4900 1155 4973 conpleretur
1177 4918 1345 4957 senm
1379 4904 1468 4972 qui
1493 4904 1547 4956 in
1586 4903 1695 4974 lege
1718 4920 1895 4959 eorum
1923 4906 2150 4974 scriptus

502 5009 525 5057 '_
577 5005 652 5047 est
671 5033 686 5055 ,
714 4994 841 5065 quia
870 4994 1089 5048 oderunt
1117 5009 1197 5048 me
1222 4994 1384 5064 gratis
1417 4992 1596 5064 (Joan.
1624 5010 1717 5060 ιιι;
1754 4994 1902 5050 Psal.
1934 4996 2146 5069 vant).

577 5082 733 5137 Isaiae
779 5096 993 5153 quoque
1039 5083 1375 5154 prophetiam
1421 5084 1591 5153 legem
1633 5085 1905 5153 apostolus
1931 5096 2088 5145 vocat
2132 5105 2146 5141 :

576 5172 644 5225 In
671 5172 780 5243 lege
801 5174 1049 5242 scriptum
1069 5183 1164 5237 est,
1184 5175 1429 5243 quoniam
1450 5174 1504 5227 in
1527 5173 1643 5228 aliis
1663 5174 1856 5245 linguis
1878 5188 1926 5231 et
1951 5178 2004 5231 in
2031 5176 2150 5231 aliis

579 5261 730 5316 labiis
761 5262 947 5332 loquar
979 5262 1168 5333 popula
1212 5263 1353 5327 huic,
1398 5272 1447 5315 et
1492 5281 1582 5318 nec
1609 5265 1681 5318 sic
1708 5267 1987 5319 exaudient
2028 5282 2109 5319 me
2129 5305 2147 5332 ,

581 5352 705 5404 dicit
737 5351 1022 5417 Dominus;
1047 5352 1189 5421 quod
1209 5349 1362 5421 juxta
1392 5352 1708 5408 llebraicum
1733 5364 1788 5408 et
1814 5354 2059 5424 Aquilam
2095 5356 2149 5411 in

584 5439 718 5495 lsaia
746 5443 1003 5512 scriptum
1034 5444 1225 5514 reperi.
1254 5445 1563 5515 Appellatur
1589 5448 1672 5499 lex
1719 5450 1880 5503 etiam
1922 5449 2148 5519 mystica

585 5527 935 5602 intelligentia
959 5533 1389 5603 Scripturarutn:
1417 5537 1621 5591 Scimus
1643 5539 1764 5607 quia
1790 5538 1873 5593 lex
1899 5539 2149 5609 spiritalis

582 5634 676 5675 est.
704 5625 765 5681 Et
787 5637 937 5681 extra
962 5627 1075 5681 haec
1094 5629 1275 5684 ontuia
1296 5631 1592 5685 naturalem
1620 5631 1788 5699 legem
1808 5633 2062 5698 setiptam
2088 5633 2144 5689 in

2249 3366 2339 3421 tite
2379 3377 2659 3436 peccatum
2702 3369 2776 3423 sit
2802 3367 2911 3438 (lex
2939 3367 3085 3422 enim
3115 3367 3475 3440 intelligentia
3504 3365 3741 3423 διικιά

2240 3456 2411 3526 justa,
2442 3465 2499 3514 et
2541 3457 2681 3512 bona
2710 3457 2837 3526 est),
2887 3458 2981 3512 sed
3006 3472 3104 3526 per
3133 3454 3520 3528 intelligentiam
3554 3455 3737 3524 peccato-

2250 3563 2370 3603 rum
2412 3554 2575 3615 atque
2610 3547 2867 3601 virtutum
2897 3546 3029 3601 mihi
3080 3555 3359 3616 peccatum
3390 3544 3616 3604 nascitur,
3640 3533 3739 3607 quod

2246 3638 2559 3708 priusquam
2584 3636 2963 3707 intelligerem,
2989 3643 3275 3706 peccatum
3293 3648 3515 3692 essenon
3532 3638 3734 3687 noveram;

2244 3736 2410 3797 aulae
2430 3728 2505 3782 ita
2525 3728 2727 3782 factum
2747 3734 2853 3791 est,
2867 3734 2929 3783 ut
2952 3726 3097 3797 quod
3122 3727 3260 3782 mihi
3275 3741 3371 3796 pro
3387 3720 3670 3780 boundsttun
3682 3721 3738 3767 αι

2247 3834 2371 3875 meo
2385 3819 2515 3874 vitio
2529 3825 2769 3875 mutetur
2789 3817 2843 3873 in
2864 3817 3088 3874 multum.
3103 3818 3174 3873 Et
3196 3826 3255 3872 ut
3269 3813 3579 3890 hyperbolico
3590 3808 3735 3867 dial.

2247 3924 2494 3979 novoque
2515 3911 2681 3965 verbo
2712 3919 2839 3964 utar
2862 3909 2933 3965 ad
2970 3909 3346 3979 explicandum
3379 3916 3571 3961 senatui
3592 3908 3734 3953 ιιωων

2248 4010 2527 4071 peccatum
2562 4000 2707 4069 quod
2752 4001 3067 4070 priusquam
3113 4000 3370 4055 haberem
3414 3985 3734 4062 intelligentiam

2246 4093 2450 4163 absque
2470 4101 2694 4163 peccato
2725 4102 2863 4156 erat,
2878 4092 3327 4162 praevaricatione
3345 4084 3557 4144 mandati
3575 4076 3735 4147 incipiat

2248 4200 2369 4239 esse
2396 4184 2527 4238 mihi
2551 4183 2865 4255 peccantius
2882 4191 3190 4253 peccatum.
3205 4183 3361 4237 Prius
3377 4187 3637 4249 quaeramus
3651 4180 3734 4238 (1⁸η

2248 4276 2321 4330 sit
2339 4277 2442 4331 ista
2463 4276 2901 4346 concupiscentia
2922 4276 2991 4330 de
3006 4289 3111 4344 qua
3131 4273 3222 4330 lex
3244 4274 3391 4336 dicit,
3406 4268 3515 4324 Non
3530 4257 3733 4329 Μ’

2172 4397 2223 4460 D
2250 4385 2354 4423 ccs.
2371 4367 2475 4422 Alii
2497 4376 2699 4460 putant,
2708 4367 2834 4460 illud
2848 4382 2969 4424 esse
2989 4367 3322 4460 mandatum,
3481 4361 3529 4460 in

2248 4461 2506 4530 scriptum
2537 4468 2642 4524 est,
2673 4458 2798 4513 Non
2823 4459 3155 4529 concupisces
3182 4473 3288 4512 rem
3315 4453 3521 4527 prositut“
3542 4447 3620 4503 tui.
3657 4439 3731 4495 Not

2248 4560 2430 4604 autem
2479 4564 2576 4619 per
2616 4548 3106 4617 concupiscentiam
3155 4561 3345 4603 omnes
3389 4535 3729 4615 perturbatio”

2247 4638 2442 4693 animm
2481 4638 2813 4709 sigiiilicatas
2849 4645 3136 4707 putamus,
3190 4636 3383 4707 quibus
3422 4638 3665 4687 ultumum
3691 4623 3727 4671 ει

2248 4727 2510 4792 dolemus,
2529 4728 2802 4793 timemus,
2827 4736 2881 4782 ct
2906 4728 3359 4798 concupiscimus;
3381 4731 3434 4779 et
3457 4723 3544 4776 hoc
3560 4715 3726 4783 Αροειο·

2249 4817 2334 4873 lus
2361 4833 2457 4873 vas
2476 4818 2777 4884 electionis,
2799 4818 2953 4887 cujus
2974 4834 3169 4890 corpus
3180 4817 3427 4888 templum
3445 4801 3726 4890 οηιδΡίΓίΨ

2251 4908 2447 4971 sancti,
2497 4915 2553 4961 et
2585 4907 2677 4977 qui
2712 4907 2926 4963 dicebat
2971 4925 2985 4961 :
3025 4887 3109 4963 ΑΞ.
3135 4887 3518 4977 eaqu
3557 4887 3725 4985 queritis

2249 4995 2364 5066 ejus
2383 4998 2471 5067 qui
2498 4997 2554 5050 in
2581 5011 2662 5050 ms
2684 4994 2918 5065 loquitur
2941 4993 3180 5053 Christus
3200 4996 3226 5049 ἱ
3251 4993 3303 5065 (ι
3325 4992 3439 5047 Cor.
3467 4983 3590 5053 xm.)
3609 4980 3661 5035 Ει
3688 4980 3723 5027 il

2251 5087 2359 5142 alio
2385 5088 2524 5151 loco,
2549 5086 2791 5142 Christus
2812 5104 2906 5143 nos
2929 5088 3145 5142 redemit
3174 5084 3313 5157 (Gal.
3339 5082 3437 5155 m);
3460 5089 3509 5135 et
3527 5079 3721 5131 rursm:

2264 5174 2386 5231 Viuo
2427 5187 2601 5231 autem
2633 5176 2749 5246 ⁸ἰιιιιι
2789 5192 2894 5231 non
2931 5192 3055 5247 ego,
3085 5176 3204 5230 sirit
3233 5174 3420 5229 main
3449 5183 3520 5223 ius
3550 5160 3725 5217 CM!“

2252 5264 2396 5337 (Gal.
2446 5268 2532 5338 ιι).
2568 5267 2685 5322 Non
2715 5268 2782 5323 de
2828 5283 2888 5323 se
2918 5268 3178 5339 loquitur,
3223 5266 3315 5322 sed
3339 5265 3403 5319 de
3435 5275 3494 5315 co
3534 5255 3607 5326 qui
3638 5252 3722 5317 P0“

2252 5366 2469 5425 peccata
2491 5358 2609 5412 vult
2632 5372 2790 5427 agere
2814 5359 3207 5426 plenilunium,
3228 5366 3289 5411 et
3314 5354 3410 5408 sub
3444 5355 3633 5420 ροηοιυ
3650 5345 3720 5389 ⁸⁸³

2251 5448 2594 5517 fragilitatem
2618 5449 2876 5505 describit
2896 5450 3218 5505 corulltionis
3242 5450 3491 5504 humane
3516 5449 3613 5505 ιιιπε
3629 5427 3721 5482 δαν

2254 5557 2372 5595 rum
2412 5543 2708 5607 hominum,
2744 5540 3019 5597 interioris
3045 5550 3100 5597 et
3129 5538 3417 5598 exterioris,
3448 5520 3718 5605 pugnantium

2254 5637 2393 5689 inter
2421 5650 2478 5690 se
2513 5635 2650 5690 bella
2693 5636 3007 5704 perpetitur.
3039 5635 3257 5691 Interior
3282 5633 3428 5688 homo
3451 5610 3716 5679 consedi!“
