3998 6202
567 316 705 374 1419

1205 311 1267 367 Β.
1307 307 1561 367 MBAN!
1598 307 1815 366 MAUlll
1851 305 2152 365 ARClllEP

2269 302 2525 364 OGUNT.
2567 302 2854 360 OPERUM
2893 299 3070 358 PARS
3105 296 3192 358 111.

3590 306 3692 364 ΗΞθ

563 427 908 500 iudicaturus
929 430 1046 478 est:
1073 421 1354 492 quodcum
1383 420 1508 474 data
1538 419 1655 492 lege
1682 419 2031 474 manifestum
2060 425 2146 472 est
2174 420 2222 478 Α
2250 413 2476 500 mulier,
2537 423 2594 468 (ι
2641 412 2879 468 invitans
2916 420 2979 468 ut
3020 411 3086 467 ad
3125 427 3182 468 se
3223 411 3413 468 veniant
3445 413 3698 486 insilﬁentcs,

569 515 830 572 revixisse
869 521 1171 584 peccatum.
1214 510 1391 578 Quare
1441 510 1668 576 revixit,
1717 509 1819 564 nisi
1861 509 1988 578 quia
2025 515 2152 563 ante

567 610 782 665 vixerat
822 613 878 660 et
904 612 1090 674 postea
1115 601 1322 656 desidia
1352 599 1634 655 hominum
1687 607 1959 654 mortuum
2001 597 2151 652 aesti-

569 706 772 754 matum
800 702 905 760 est,
933 709 1057 748 cum
1084 689 1324 746 viveret?
1355 690 1646 761 putabatur
1667 689 1814 743 enim
1844 703 1950 743 non
1979 687 2154 757 impu-

570 787 672 842 tari
700 793 982 856 peccatum
1037 797 1158 838 cum
1211 783 1590 852 imputaretur,
1644 781 1834 836 vivens
1873 795 2004 850 ergo
2053 793 2154 850 pro

568 884 783 932 mortuo
811 873 1132 928 habebatur.

639 964 753 1035 Ego
779 975 950 1017 autem
979 961 1204 1016 vivebam
1232 963 1345 1016 sine
1370 959 1498 1031 lege.
1548 957 1735 1032 (Aug)
1776 957 1930 1026 Quod
1972 966 2152 1013 autem

568 1057 663 1122 ait,
683 1053 795 1124 Ego
815 1063 988 1107 autem
1019 1051 1244 1106 vivebam
1261 1051 1546 1122 aliquando
1568 1051 1680 1105 sine
1708 1049 1834 1122 lege,
1853 1049 2157 1121 intelligen-

569 1145 696 1200 dum
731 1153 833 1208 est,
865 1143 1046 1198 vivere
1091 1143 1220 1196 mihi
1247 1142 1488 1207 videbar,
1522 1141 1650 1212 quia
1681 1148 1808 1196 ante
1839 1141 2154 1196 mandatum

569 1237 768 1292 latebat
794 1244 1094 1305 peccatum.
1127 1231 1324 1305 (Amb.)
1350 1231 1486 1299 Quid
1507 1240 1593 1286 est
1611 1231 1728 1288 sine
1753 1231 1907 1303 lege?
1925 1245 2046 1286 cum
2070 1231 2154 1286 lex

567 1339 782 1394 semper
810 1325 993 1389 fuerit,
1022 1325 1162 1378 sicut
1181 1337 1342 1392 supra
1366 1323 1679 1388 memoravi,
1696 1322 1800 1378 nisi
1817 1323 1942 1394 quia
1963 1323 2080 1378 sine
2097 1323 2159 1376 ti-

567 1431 718 1473 more
743 1416 836 1471 Dei
863 1418 1025 1472 homo
1047 1416 1264 1470 vivebat
1285 1416 1692 1485 securus,quod
1709 1430 1815 1470 non
1843 1421 1988 1470 esset
2015 1415 2158 1469 Deus
2187 1411 2210 1434 ’

557 1506 908 1578 judicaturus
950 1518 1106 1564 actus
1136 1509 1421 1563 humanos.
1456 1505 1563 1563 Sed
1592 1523 1710 1560 cum
1740 1508 1961 1562 venisset
2005 1523 2158 1561 man-

563 1601 757 1656 datum
777 1642 793 1668 ,
813 1611 1083 1672 peccatum
1118 1601 1322 1656 revixit.
1354 1601 1478 1658 Ideo
1503 1601 1644 1656 dixit
1672 1602 1934 1658 revixisse
1968 1617 2158 1672 pecca-

571 1702 684 1748 tum
709 1701 766 1748 ut
794 1693 1128 1766 significaret
1153 1695 1279 1764 quia
1326 1685 1454 1749 ante
1475 1695 1717 1761 vixerat,
1761 1702 1949 1764 postea
1978 1703 2157 1750 autem

2255 486 2514 560 scribitur
2559 505 2742 560 dicere
2791 521 2808 560 :
2853 504 3017 576 Aquae
3066 502 3263 574 furtiva
3288 505 3502 560 dulciores
3537 517 3702 574 unum

2254 597 2407 666 panis
2452 595 2790 650 absconditus
2833 596 3048 651 suavior
3089 593 3262 668 (Prov.
3296 596 3384 670 lx).
3425 597 3512 653 Ista
3543 600 3704 656 dulcedo

2255 691 2340 740 est
2367 685 2582 741 occasio
2602 700 2702 754 per
2723 685 3040 741 mandatum
3067 685 3275 741 inventa
3298 688 3492 756 peccati,
3509 703 3600 758 qua:
3618 705 3704 745 cum

2256 774 2553 844 appetitur,
2569 775 2757 846 utique
2777 774 2936 842 fallit,
2965 775 3016 830 in
3043 775 3266 844 majores
3277 777 3404 832 enim
3423 780 3709 836 atnaritudines

2255 863 2452 919 vertit:
2481 873 2749 934 peccatum
2777 863 2944 930 enim,
2983 863 3170 934 inquit,
3197 867 3439 920 occasione
3469 878 3630 936 accepta
3647 886 3710 938 per

2256 958 2566 1010 mandatum
2593 953 2778 1026 fefellit
2807 971 2890 1010 me
2924 965 2972 1010 et
3008 972 3101 1026 per
3127 954 3252 1010 illud
3296 957 3475 1010 occidit.
3504 957 3708 1013 Peccatum

2257 1062 2364 1103 non
2392 1046 2631 1120 legitime
2661 1057 2818 1104 utens
2843 1047 2983 1119 lege.
3015 1063 3077 1103 ex
3108 1048 3438 1118 prohibitione
3474 1058 3596 1105 aucto
3620 1051 3712 1108 desi-

2257 1140 2430 1208 derio,
2462 1139 2674 1196 dulcius
2692 1138 2893 1195 factum
2913 1149 3021 1206 est,
3047 1149 3103 1194 et
3122 1141 3239 1196 ideo
3261 1139 3445 1206 fefellit,
3467 1140 3596 1199 fallax
3612 1143 3708 1198 enim

2257 1230 2484 1287 dulcedo
2505 1239 2607 1297 est,
2633 1231 2757 1300 quia
2775 1231 2887 1302 jam
2911 1231 3095 1302 plures
3118 1239 3273 1302 atque
3295 1231 3495 1302 majmes
3513 1245 3712 1302 pataram

2257 1321 2650 1378 amaritudines
2695 1333 3018 1392 sequuntur.
3072 1317 3204 1390 Quia
3244 1336 3365 1394 ergo
3401 1321 3460 1378 ab
3495 1320 3716 1377 hominibus

2258 1413 2498 1478 nondum
2544 1413 2844 1485 spiritalem
2871 1413 3105 1485 gratiam
3149 1412 3552 1483 consequentibus
3569 1413 3715 1468 stnvius

2259 1505 2568 1562 admittitur
2592 1505 2735 1576 quod
2763 1513 2995 1570 velatur,
3032 1503 3167 1560 fallit
3190 1512 3445 1576 peccatum
3470 1503 3576 1558 falsa
3597 1503 3717 1558 dulce-

2259 1597 2387 1652 dine
2407 1615 2419 1651 :
2443 1597 2568 1668 quia
2589 1611 2718 1654 vero
2739 1597 2904 1652 etiam
2928 1597 3157 1664 occidit,
3184 1605 3353 1652 reatus
3372 1595 3718 1666 prerat-intimis

2261 1689 2482 1745 occidit.
2513 1687 2712 1762 (Amb.)
2729 1687 3020 1745 Peccatum
3045 1690 3150 1745 hoc
3169 1688 3282 1745 loco
3296 1687 3527 1744 diabolum
3539 1685 3718 1757 intelligo.

571 1786 774 1842 desidia
805 1786 1085 1840 hominum
1111 1797 1379 1842 mortuum
1407 1801 1529 1842 esse
1553 1787 1878 1842 aestimatum
1899 1795 2004 1853 est,
2032 1802 2157 1844 eum
2188 1771 2232 1831 Β
2259 1781 2353 1851 qui
2400 1788 2592 1836 auctor
2613 1779 2822 1850 peccati
2852 1788 2938 1836 est
2960 1797 2974 1835 :
2998 1779 3092 1836 hic
3135 1781 3448 1837 occasionem
3473 1779 3631 1834 invenit
3659 1793 3721 1847 per

570 1879 741 1933 viver.
761 1887 798 1944 t,
831 1878 974 1933 sicut
1001 1878 1200 1933 assolet
1225 1877 1360 1934 falsa
1385 1879 1528 1934 fama
1553 1878 1669 1935 ﬁeri
1687 1879 1986 1952 peregrinis
2015 1898 2028 1935 :
2053 1880 2156 1936 hoc

569 1984 700 2040 ergo
727 1967 1016 2039 significat,
1039 1969 1180 2038 quod
1209 1969 1362 2023 initio
1383 1969 1726 2025 nonlatuerit
1745 1977 2026 2040 peccatum
2057 1970 2159 2025 im-

566 2060 748 2131 putari
777 2059 917 2130 apud
951 2059 1141 2124 Deum,
1166 2058 1270 2114 hoc
1291 2070 1373 2114 est
1400 2059 1632 2126 vixisse;
1669 2061 1763 2116 sed
1785 2075 1908 2116 cum
1929 2075 2160 2117 consue-

570 2151 698 2206 tudo
720 2150 977 2222 peccandi
1004 2149 1108 2206 hoc
1127 2149 1512 2214 oblitterasset,
1531 2160 1804 2206 mortuum
1829 2151 2159 2217 aestimatum

562 2251 674 2308 est,
708 2250 766 2295 ut
792 2240 997 2296 crimen
1027 2255 1148 2296 cum
1179 2255 1408 2310 persona
1432 2239 1662 2296 deiicere
1691 2249 1991 2311 putaretur.
2024 2239 2159 2296 Cum

565 2342 748 2388 autem
805 2333 928 2388 data
973 2341 1127 2396 esset
1173 2331 1280 2396 lex,
1315 2331 1399 2388 vel
1442 2331 1764 2398 reformata,
1797 2332 1992 2388 revixit
2017 2332 2159 2403 apud

567 2439 684 2490 eos,
713 2423 854 2494 apud
883 2437 1018 2494 quos
1041 2431 1312 2478 mortuum
1335 2423 1662 2478 aestimatum
1694 2432 1845 2479 erat:
1878 2431 2161 2494 cmperunt

566 2515 715 2570 enim
759 2515 898 2570 scire
927 2515 1182 2584 imputari
1212 2521 1516 2584 peccatum.
1565 2508 1681 2586 Ego
1711 2523 1884 2569 autem
1921 2525 2160 2571 mortuus

569 2624 710 2661 sunt.
735 2606 980 2662 Mortuus
1003 2615 1086 2661 est
1107 2605 1288 2670 homo,
1315 2605 1441 2676 quia
1459 2605 1604 2661 videt
1623 2619 1683 2660 sc
1707 2620 1860 2661 reum
1873 2620 1994 2661 esse
2019 2605 2160 2675 apud

571 2695 741 2752 Deum
769 2696 861 2766 qui
891 2705 1018 2750 ante
1037 2711 1096 2750 se
1118 2697 1341 2766 putabat
1371 2711 1480 2752 non
1502 2695 1746 2752 futurum
1773 2697 2066 2752 obnoxium
2093 2711 2160 2752 ex

571 2786 660 2844 his
688 2802 810 2857 qum
837 2787 1116 2858 peccabat.
1142 2785 1325 2862 (Aug.)
1361 2787 1500 2859 Ego,
1525 2787 1722 2859 inquit,
1750 2797 1989 2842 mortuus
2019 2803 2158 2853 sum,

565 2877 624 2932 id
663 2887 768 2944 est,
802 2887 1074 2935 mortuum
1107 2893 1194 2934 me
1223 2895 1345 2936 esse
1382 2879 1650 2952 cognovi,
1691 2877 1778 2934 vel
1803 2879 1930 2949 quia
1977 2891 2162 2937 reatus

570 2971 1036 3038 praevaricationis
1061 2980 1270 3028 certum
1295 2971 1488 3027 mortis
1508 2970 1832 3043 supplicium
1861 2969 2162 3028 commina-

568 3071 749 3124 batur.
784 3065 926 3120 Sane
950 3066 1092 3136 quod
1119 3068 1216 3133 ait,
1245 3073 1532 3137 peccatum
1556 3064 1776 3131 revixit,
1807 3064 1940 3120 satis
1957 3062 2162 3136 signiti-

572 3161 716 3216 cavit
769 3159 876 3214 hoc
899 3159 1059 3213 modo
1082 3159 1372 3228 aliquando
1396 3158 1599 3214 vixisse
1619 3165 1923 3229 peccatum,
1948 3156 2001 3212 id
2045 3164 2158 3222 est,
2190 3137 2234 3200 Ο

573 3258 760 3303 uotum
792 3246 978 3312 fuisse,
993 3249 1138 3303 sicut
1165 3247 1422 3313 arbitror,
1454 3247 1508 3301 in
1530 3247 1974 3318 praevaricatione
2000 3245 2161 3316 primi

571 3339 832 3404 hominis,
853 3339 980 3408 quia
1001 3347 1056 3392 et
1075 3337 1190 3409 ipse
1209 3337 1524 3393 mandatum
1546 3347 1859 3409 acceperat;
1891 3353 1996 3393 non
2017 3337 2161 3394 enim

572 3439 752 3500 potest
800 3427 1164 3496 reviviscere,
1217 3429 1320 3484 nisi
1347 3428 1492 3498 quod
1519 3428 1656 3484 vixit
1695 3427 2020 3498 aliquando,
2067 3428 2162 3484 sed

574 3529 848 3579 mortuum
870 3519 1062 3587 fuerat,
1079 3519 1132 3575 id
1153 3529 1259 3586 est,
1279 3520 1608 3576 occultatum
1627 3536 1751 3578 cum
1776 3521 2034 3578 mortales
2047 3523 2162 3578 nati

572 3613 693 3670 sine
735 3613 992 3669 mandato
1032 3612 1168 3686 legis
1205 3613 1455 3670 homines
1499 3629 1607 3670 non
1637 3613 1882 3670 viverent
1928 3627 2161 3686 sequen-

572 3715 658 3761 tes
679 3704 1148 3776 coneupiscentias
1173 3705 1354 3760 carnis
1391 3705 1510 3760 sine
1539 3704 1647 3759 ulla
1677 3704 2006 3778 cognitione,
2034 3705 2160 3776 quia

570 3797 691 3853 sine
715 3796 821 3852 ulla
853 3796 1219 3852 cohibitioue:
1244 3812 1396 3868 ergo,
1429 3812 1552 3870 ego,
1573 3797 1772 3868 inquit,
1797 3796 2025 3852 vivebam
2059 3796 2164 3852 ali-

571 3887 783 3960 quando
805 3888 918 3942 siue
937 3886 1222 3958 lege,uude
1245 3884 1572 3954 manifestat,
1591 3901 1696 3952 non
1721 3903 1785 3942 ex
1811 3902 2040 3958 persona
2063 3902 2161 3942 sua

575 3977 814 4052 propria,
838 3977 932 4034 sed
961 3979 1283 4050 generaliter
1302 3995 1366 4035 ex
1389 3995 1622 4050 persona
1649 3979 1886 4036 hominis
1911 3995 1972 4035 se
1991 3979 2158 4051 loqui.

647 4071 718 4126 Et
765 4073 1032 4126 inventum
1074 4080 1148 4126 est
1196 4071 1326 4126 mihi
1369 4073 1713 4139 mandatum,
1757 4073 1898 4144 quod
1937 4083 2050 4128 erat
2093 4072 2162 4127 ad

572 4164 732 4218 vitam
758 4162 974 4228 datum,
1030 4163 1128 4216 hoc
1175 4177 1286 4217 esse
1329 4162 1398 4216 ad
1442 4172 1678 4218 mortem.
1723 4159 1928 4235 (Amb.)
1963 4162 2162 4232 Verum

571 4264 676 4322 est,
709 4254 835 4326 quia
862 4253 948 4309 lex
975 4255 1043 4311 ad
1072 4254 1237 4309 vitam
1267 4254 1390 4309 data
1419 4263 1504 4310 est
1537 4274 1550 4310 :
1590 4255 1684 4309 sed
1725 4270 1846 4310 cum
1887 4255 2160 4310 hominem

572 4363 680 4402 non
714 4347 885 4402 solum
929 4347 995 4402 de
1021 4347 1300 4416 praeterito
1325 4386 1342 4414 ,
1387 4347 1481 4402 sed
1517 4348 1680 4402 etiam
1715 4348 1782 4403 de
1817 4346 2000 4403 futuro
2029 4359 2155 4418 pec-

574 4449 790 4492 cantem
821 4451 972 4492 rcum
1001 4436 1152 4504 facit,
1179 4438 1322 4494 facta
1349 4435 1432 4495 est
1461 4439 1544 4495 lex
1574 4441 1696 4497 data
1726 4441 1793 4497 ad
1815 4442 2005 4509 vitam,
2034 4458 2157 4498 esse

574 4527 642 4580 ad
675 4534 926 4589 mortem,
953 4527 1048 4582 sed
1076 4535 1134 4580 ut
1159 4528 1294 4593 dixi,
1320 4530 1566 4598 peccanti
1587 4571 1602 4594 ,
1632 4531 1759 4602 quia
1785 4529 2163 4588 obedientibus

575 4614 791 4686 prolicit
825 4615 894 4670 ad
925 4615 1113 4670 vitam.
1164 4616 1348 4688 (Aug.)
1387 4617 1642 4674 Mandato
1671 4620 1816 4674 enim
1854 4620 1900 4675 si
1944 4619 2164 4678 obedia-

575 4723 664 4766 tur
696 4709 882 4779 utique
913 4709 1019 4763 vita
1068 4716 1171 4776 est,
1202 4709 1297 4764 sed
1325 4711 1600 4766 inventum
1634 4722 1720 4770 est
1757 4727 1877 4770 esse
1914 4713 1983 4770 ad
2011 4729 2161 4770 mor-

575 4813 703 4869 tem,
735 4802 863 4860 dum
885 4801 946 4856 lit
971 4809 1160 4858 contra
1189 4805 1520 4871 mandatum,
1549 4817 1609 4860 ut
1635 4821 1740 4864 non
1767 4807 1938 4862 solum
1966 4823 2160 4880 pecca-

499 4893 515 4902 ’
576 4905 689 4952 tum
715 4895 826 4961 fiat,
857 4893 1000 4966 quod
1024 4894 1189 4949 etiam
1219 4903 1346 4951 ante
1376 4897 1690 4952 mandatum
1721 4897 1904 4964 fiebat,
1934 4899 2028 4954 sed
2059 4900 2162 4956 hoc

575 4986 970 5051 alumdantius,
1020 4995 1075 5041 et
1122 4987 1479 5057 perniciosius
1513 4997 1571 5042 ut
1605 4987 1717 5058 jam
1761 4990 1830 5044 ab
1863 4991 2067 5046 sciente
2107 5001 2157 5047 et

575 5080 970 5152 prtevaricante
992 5089 1264 5148 peccetur.
1301 5078 1442 5134 Nam
1465 5090 1734 5150 peccatum
1764 5077 1976 5152 accepta
2005 5099 2160 5138 occa-

575 5175 722 5226 sione
769 5187 862 5243 per
905 5169 1214 5224 mandatum
1241 5171 1446 5226 seduxit
1469 5186 1550 5226 me
1581 5181 1630 5225 et
1671 5189 1764 5242 per
1789 5171 1921 5226 illud
1951 5175 2159 5229 occidit.

576 5261 730 5329 Quod
781 5269 962 5315 autem
1011 5259 1113 5326 ait,
1163 5271 1434 5331 peccatum
1488 5264 1762 5319 occasione
1807 5275 2019 5336 accepta
2072 5283 2165 5336 per

576 5353 887 5408 numdutum
907 5351 1090 5422 fefellit
1113 5369 1213 5418 me,
1241 5365 1290 5407 et
1312 5371 1404 5424 per
1421 5355 1556 5410 illud
1577 5358 1785 5423 occidit,
1814 5355 1936 5413 ideo
1959 5359 2159 5413 dictum

577 5453 682 5509 est,
711 5442 838 5516 quia
851 5443 1102 5498 desiderii
1128 5445 1384 5516 prohibiti
1412 5447 1618 5504 fructus
1645 5449 1853 5504 dulcior
1876 5459 1979 5504 est.
2013 5450 2166 5506 Unde

575 5533 744 5587 etiam
769 5549 1102 5605 quaecunque
1124 5546 1346 5607 peccata
1371 5538 1582 5594 occulte
1603 5539 1739 5594 fiunt
1754 5539 1994 5596 dulciora
2017 5549 2162 5604 sunt,

581 5623 826 5690 quamvis
870 5625 1147 5680 mortifera
1193 5626 1296 5680 ista
1327 5627 1550 5684 dulcedo
1595 5629 1686 5684 sit.
1718 5629 1846 5684 Inde
1892 5639 1975 5684 est
2021 5631 2164 5698 quod

571 5713 724 5787 apud
757 5713 1096 5771 Salomonem
1147 5715 1353 5775 fallacis
1376 5720 1637 5778 doctrinae
1685 5719 1920 5792 imagine
1966 5720 2199 5799 sedens,

2259 1873 2456 1948 legem,
2485 1875 2760 1946 quomodo
2786 1875 3165 1932 crudelitatem
3207 1889 3351 1931 suam
3377 1875 3436 1930 de
3467 1886 3575 1930 nece
3604 1871 3720 1928 boni

2257 1967 2345 2022 nis
2370 1967 2618 2032 satiaret,
2645 1975 2705 2021 ut
2729 1967 2854 2038 quia
2877 1967 2964 2022 lex
2995 1967 3317 2024 comminata
3339 1976 3413 2022 est
3433 1965 3721 2038 peccatoribus.

2259 2058 2423 2114 homo
2454 2058 2714 2114 instinctu
2745 2057 2864 2129 ejus
2877 2057 3154 2128 prohibita
3179 2071 3381 2127 semper
3408 2055 3654 2115 admittens.
3673 2052 3724 2106 of-

2259 2149 2413 2208 fenso
2443 2151 2574 2217 Deo,
2603 2150 2866 2208 ultionem
2883 2151 3022 2222 legis
3047 2150 3556 2217 incurreret,utabea
3573 2163 3660 2218 qua:
3676 2145 3722 2200 illi

2258 2239 2544 2312 profutura
2590 2241 2716 2296 data
2760 2251 2882 2297 erat
2922 2243 3308 2307 damnaretur;
3337 2241 3448 2310 quia
3469 2239 3585 2295 enim
3612 2235 3726 2292 invi:o

2261 2331 2352 2387 illo
2378 2331 2464 2386 lex
2493 2331 2615 2388 data
2645 2339 2762 2397 est,
2807 2331 3016 2387 exarsit
3043 2331 3242 2388 invidia
3269 2331 3500 2388 adversus
3516 2327 3724 2387 hominem.

2257 2431 2322 2478 ut
2341 2437 2473 2478 etim
2494 2421 2728 2494 amplius
2749 2421 2962 2478 vitiosis
2984 2421 3347 2494 voluptatibus
3390 2418 3652 2484 macularet,
3684 2429 3726 2468 ne

2261 2529 2457 2571 manus
2487 2513 2605 2585 ejus
2653 2513 2929 2569 evaderet.
2979 2511 3175 2586 Itaque
3208 2512 3291 2569 (ea:
3329 2511 3510 2585 quidem
3541 2521 3673 2565 sancta
3698 2516 3729 2559 et

2259 2603 2572 2660 mandatum
2606 2615 2878 2670 sanctum,
2917 2615 2968 2660 et
3005 2605 3216 2676 justum
3253 2615 3299 2660 et
3323 2603 3490 2659 bonum
3512 2595 3728 2675 (Aug.)lo-

2261 2697 2438 2752 benda
2463 2697 2611 2753 enim
2635 2694 2822 2767 jubet,
2851 2705 2906 2754 et
2927 2696 3266 2768 prohibenda
3299 2695 3543 2768 prohibet,
3578 2692 3619 2747 in
3643 2686 3730 2744 male

2261 2799 2448 2846 utente
2473 2789 2672 2860 quippe
2695 2789 2884 2844 vitium
2916 2797 3021 2856 est,
3053 2805 3162 2845 non
3189 2790 3244 2845 in
3267 2787 3495 2844 mandato
3513 2786 3620 2856 ipso,
3638 2779 3728 2852 quod

2263 2881 2465 2937 bonum
2496 2889 2602 2948 est,
2623 2881 2879 2952 quoniam
2904 2882 3049 2939 bona
3075 2890 3162 2939 est
3185 2881 3290 2947 lex,
3310 2880 3353 2936 sl
3381 2879 3554 2950 quisea
3572 2873 3732 2945 legitime

2263 2982 2472 3042 utatur;
2527 2974 2670 3030 male
2710 2981 2894 3030 autem
2941 2975 3124 3030 utitur
3145 2974 3281 3045 lege,
3321 2972 3406 3044 qui
3428 2985 3519 3026 non
3549 2983 3597 3024 se
3614 2963 3732 3021 subdit

2265 3066 2379 3122 Deo
2404 3066 2494 3136 pia
2541 3065 2846 3122 humilitate
2867 3107 2884 3132 ,
2929 3075 2989 3122 ut
3034 3082 3136 3138 per
3157 3065 3378 3139 gratiam
3419 3063 3495 3120 lex
3517 3059 3649 3134 possit
3667 3058 3731 3112 ita-

2264 3157 2420 3228 pleri.
2451 3156 2650 3229 (Amb.)
2671 3157 2739 3214 Ut
2765 3157 2899 3214 nihil
2927 3157 3177 3214 adversae
3197 3157 3498 3230 suspicionis
3521 3156 3734 3208 remaneret

2263 3248 2318 3302 in
2349 3247 2484 3319 lege,
2529 3249 2609 3304 sic
2635 3247 2782 3303 illam
2822 3249 3192 3316 commendat,
3221 3257 3281 3305 ut
3301 3264 3402 3305 non
3438 3246 3580 3304 solum
3598 3243 3734 3315 justam

2264 3339 2426 3405 hanc,
2455 3339 2548 3394 sed
2573 3348 2629 3394 et
2654 3348 2900 3395 sanctam
2954 3348 3010 3395 et
3065 3339 3264 3396 bonam
3321 3337 3625 3412 pronuntiet:
3655 3343 3733 3387 nan

2263 3429 2580 3486 mandatum
2604 3429 2781 3503 legem
2819 3429 3050 3502 intelligi
3099 3429 3431 3502 evangelicns
3455 3439 3604 3484 sermo
3633 3428 3736 3477 testa-

2265 3529 2384 3588 tur;
2415 3521 2494 3577 ait
2512 3521 2690 3578 enim:
2715 3521 2774 3578 Si
2800 3522 2876 3577 vis
2902 3523 2976 3576 ad
2997 3521 3163 3578 vitam
3186 3520 3396 3594 ingredi,
3419 3535 3546 3576 sem
3565 3511 3737 3570 unum

2265 3613 2484 3687 (Matth.
2515 3615 2614 3689 ιχ).
2655 3613 2858 3688 [Cass]
2897 3615 3166 3688 Denique,
3211 3616 3348 3674 sicut
3381 3611 3566 3670 bonitas
3599 3615 3736 3668 ecetra.

2265 3721 2515 3777 supernae
2535 3707 2798 3764 bonitatis
2825 3708 3047 3776 intuitu,
3082 3709 3140 3764 in
3169 3707 3422 3764 malitiam
3455 3698 3736 3762 vertitur-zu:

2263 3803 2427 3858 etiam
2469 3799 2683 3872 iustitia
2708 3813 2898 3860 nostra
2942 3803 3148 3863 divinas
3171 3805 3363 3862 collata
3403 3800 3593 3874 iustitiae
3621 3803 3738 3865 palm

2264 3903 2600 3950 menstruato
2624 3893 2816 3951 similis
2831 3895 3149 3968 deputatur,
3181 3897 3387 3953 dicente
3399 3886 3737 3960 lsaiapropheu:

2265 3987 2425 4045 Sicut
2456 4004 2661 4060 pannus
2716 3999 3061 4044 menstruato:
3096 3991 3352 4046 universa:
3385 3982 3582 4058 justitie
3613 3981 3740 4030 nam

2265 4077 2404 4151 (lea.
2429 4079 2600 4152 μιν).
2626 4076 2768 4134 Etut
2788 4079 2992 4150 aliquid
3011 4081 3195 4136 adhuc
3222 4077 3502 4137 evidentius
3517 4069 3738 4128 informis,

2263 4169 2402 4242 legis
2443 4185 2660 4242 quoque
2702 4171 2873 4242 ipsius
2900 4183 3176 4244 praecepta
3204 4171 3380 4227 vitalia
3399 4209 3414 4234 ,
3443 4180 3548 4238 quae
3568 4161 3741 4218 dicuntur

2263 4265 2512 4320 ordinata
2546 4279 2646 4336 per
2671 4257 2892 4338 angelos
2920 4265 2976 4320 in
3014 4281 3183 4322 manu
3217 4260 3524 4326 Mcdiatoris,
3538 4263 3581 4313 ει
3599 4254 3649 4308 de
3675 4258 3741 4318 qui

2265 4353 2405 4410 idem
2435 4353 2723 4425 Apostolus
2756 4373 2769 4408 :
2798 4353 2989 4426 Itaque
3031 4353 3140 4421 lex,
3167 4354 3361 4424 inquit,
3388 4358 3564 4412 sancta,
3592 4349 3740 4398 etw-

2265 4444 2450 4500 datum
2472 4455 2736 4511 sanctum,
2753 4453 2802 4501 et
2817 4446 3044 4518 justum,
3061 4458 3113 4502 et
3125 4448 3316 4502 bonum
3328 4444 3462 4518 (Gal.
3475 4442 3564 4512 tu),
3575 4439 3610 4494 si
3627 4429 3738 4506 ped?

2265 4537 2429 4593 ctioni
2447 4537 2773 4610 evangelicae
2793 4537 3174 4606 conferantur,
3201 4538 3416 4594 minime
3440 4536 3558 4590 bona
3582 4537 3741 4602 Ρωηωιο

2268 4630 2472 4686 tiantur
2491 4629 2713 4688 oraculo
2737 4645 2755 4696 ;
2779 4631 2856 4686 ait
2880 4630 3028 4687 enim
3059 4649 3072 4686 :
3105 4631 3176 4686 Et
3205 4630 3328 4686 dedi
3345 4630 3418 4684 eis
3443 4629 3652 4698 precepts
3675 4625 3740 4668 se!

2265 4723 2421 4792 bona,
2450 4732 2498 4778 et
2530 4724 2774 4794 justitias
2801 4725 2856 4778 in
2883 4722 3074 4796 quibus
3104 4740 3212 4779 non
3237 4723 3397 4778 visent
3429 4721 3477 4774 in
3510 4716 3572 4770 eis
3595 4703 3738 4802 (Eucl-

2267 4813 2380 4887 xx).
2407 4813 2696 4885 Apostolus
2725 4829 2942 4885 quoque
2973 4815 3048 4870 ita
3071 4813 3206 4871 Novi
3255 4813 3450 4870 lumine
3483 4803 3740 4892 Τεξωωθιξξιτ

2265 4883 2494 4976 gloriati"
2541 4903 2678 4976 legis
2727 4883 2958 4959 afﬁrmat
2981 4903 3244 4968 obtundi,
3283 4909 3344 4956 nt
3383 4914 3496 4956 eam
3527 4883 3742 4959 Evangelici

2265 4997 2668 5068 comparatione
2697 4995 2943 5068 fulgoris,
2973 5010 3074 5053 nec
3097 4995 3447 5069 gloriﬁcatam
3467 5003 3568 5047 esse
3583 4989 3744 5078 pruth

2265 5063 2598 5154 tiet,-diceus
2632 5107 2645 5143 :
2686 5063 2828 5143 Nam
2859 5105 2951 5144 nec
2976 5063 3266 5160 gloriosum
3295 5095 3370 5141 est
3393 5083 3448 5139 id
3473 5077 3592 5153 quod
3605 5063 3743 5146 ρίοάβ·

2266 5191 2441 5236 catum
2489 5191 2561 5236 est
2591 5179 2808 5254 [claruit
2855 5181 2912 5235 in
2957 5181 3056 5234 hac
3083 5177 3254 5252 pane]
3283 5183 3481 5250 propter
3503 5163 3744 5227 excelle!”

2269 5271 2492 5344 gloriam
2523 5271 2607 5344 (11
2634 5268 2758 5326 Car.
2789 5270 2898 5341 ιιι).
3653 5340 3682 5346 __
3711 5336 3720 5346 _

2339 5359 2494 5425 Quod
2523 5340 2643 5431 ergo
2667 5340 2864 5414 bonurn
2879 5369 2976 5424 est,
2999 5357 3130 5412 milli
3163 5359 3358 5429 factum
3385 5363 3454 5411 est
3473 5340 3745 5431 morsum.

2269 5423 2505 5520 (Αιὲιιπ.)
2533 5423 2670 5503 va...
2701 5449 2864 5509 absit.
2901 5423 3052 5504 unde
3082 5423 3232 5504 enim
3257 5448 3370 5502 fieri
3401 5451 3570 5514 potest,
3595 5443 3639 5491 ut
3654 5423 3746 5520 at“

2267 5517 2471 5594 bonum
2487 5517 2608 5595 esse
2620 5540 2902 5610 probatur,
2928 5553 3072 5594 mors
3085 5537 3443 5612 intelligatur?
3453 5523 3656 5601 Nunquid

2267 5629 2382 5684 rius
2417 5605 2637 5683 laudari
2655 5630 2870 5700 potest?
2889 5629 3046 5700 paulo
3081 5639 3212 5686 ante
3232 5605 3394 5685 verba
3415 5626 3496 5682 illo
3525 5616 3639 5691 quod
3661 5605 3750 5666 dixit

2267 5721 2418 5788 absit,
2463 5721 2776 5778 defenderat
2817 5736 2846 5777 α
2886 5721 3154 5780 crimine.
3209 5720 3438 5807 nondum
3483 5707 3752 5771 laudaverat;

3849 2923 3851 3074 ι
