3998 6202
295 342 430 399 “21

824 330 1381 393 ENARRATIONUM
1422 328 1488 388 1N
1527 330 1677 388 EPP.
1721 325 1927 385 PAULI
1969 322 2095 383 LIB.
2136 324 2223 382 μ’.
2257 358 2324 367 -
2361 326 2425 382 lN
2469 328 2684 385 EPIST.
2724 328 2816 384 AD
2852 324 3017 384 RUM.

3428 329 3562 387 11.83

294 452 454 509 modo
492 462 673 512 autem
702 450 789 505 lex
826 449 1046 520 quidem
1085 457 1275 503 sancta
1304 455 1361 503 et
1398 446 1713 514 mandatum
1751 458 1876 501 San-
1903 444 1955 502 A
1982 439 2135 495 Sicut
2163 450 2218 496 et
2245 441 2482 505 Pharao,
2510 443 2636 513 quia
2663 441 2824 498 istum
2859 444 3074 499 modum
3104 444 3437 514 impleverat,
3473 449 3565 505 Del

295 551 539 607 ctum,et
569 540 789 609 iustum,
819 541 1116 594 ethonum.
1162 537 1319 604 Quod
1368 552 1491 605 ergo
1539 535 1730 589 bonum
1775 543 1875 597 cst,

293 634 420 688 mihi
450 632 648 702 factum
687 641 760 686 est
789 630 969 685 mors?
993 630 1172 694 Absit;
1223 628 1350 699 quia
1404 627 1605 682 bonum
1657 641 1762 679 non
1793 633 1881 679 est

295 742 462 782 mors.
1816 772 1823 773 ,

366 815 474 870 Sed
498 806 767 885 peccatum
789 851 804 877 ,
846 822 899 865 ut
935 820 1191 881 appareat
1224 820 1493 881 peccatum
1515 850 1529 871 ,
1571 825 1663 880 per
1689 809 1880 862 bonum

298 905 423 959 mihi
452 912 725 973 operatum
759 911 834 955 est
874 910 1110 954 mortem.
1146 898 1328 972 (Aug)
1356 898 1510 965 Quod
1535 907 1717 951 autem
1756 896 1833 949 ait
1864 911 1877 947 :

300 996 453 1063 Quod
501 1010 622 1064 ergo
673 993 864 1046 bonum
899 1000 974 1044 est
1006 991 1133 1044 mihi
1175 990 1376 1060 factum
1419 997 1494 1043 est
1524 986 1701 1040 mors?
1724 985 1879 1048 absit,

297 1086 386 1142 sed
420 1093 688 1156 peccatum
723 1092 780 1136 ut
809 1091 1060 1153 appareat
1088 1089 1376 1152 peccatum,
1406 1094 1500 1149 per
1521 1078 1711 1132 bonum
1755 1076 1885 1129 mihi

298 1188 568 1250 operatum
590 1184 665 1230 est
686 1183 938 1237 mortem;
955 1172 1043 1227 hic
1062 1172 1342 1227 evidenter
1362 1170 1600 1226 ostendit
1614 1167 1755 1239 quod
1788 1182 1880 1222 su-

300 1270 484 1342 perius
518 1268 762 1332 dixerat,
808 1264 937 1321 Sine
983 1263 1093 1335 lege
1136 1263 1275 1317 enim
1303 1270 1571 1334 peccatum
1616 1270 1882 1314 mortuum

300 1370 404 1424 est,
435 1360 558 1416 ideo
596 1356 828 1419 dixisse,
880 1354 1008 1424 quia
1048 1352 1222 1409 latet:
1255 1351 1690 1421 quandoquidem
1741 1362 1886 1402 nunc

301 1453 432 1510 dicit
454 1467 562 1507 non
589 1450 716 1507 illud
759 1449 984 1512 bonum,
1011 1446 1062 1500 id
1103 1455 1187 1500 est
1209 1444 1382 1515 legem
1413 1442 1607 1497 factam
1635 1440 1735 1495 sibi
1765 1454 1885 1495 esse

301 1553 531 1601 mortem
559 1583 576 1608 ,
629 1539 723 1596 sed
791 1545 1072 1607 peccatum
1124 1541 1408 1603 operatum
1454 1545 1578 1587 esse
1630 1537 1885 1592 mortem,

300 1650 399 1708 per
439 1635 640 1690 bonum
696 1631 849 1701 legis,
904 1629 959 1684 id
1008 1636 1115 1693 est,
1143 1634 1204 1681 ut
1249 1631 1534 1697 appareret
1576 1630 1883 1694 peccatum,

301 1725 446 1797 quod
474 1723 676 1779 latebat
698 1721 815 1777 sine
843 1719 980 1791 lege.
1010 1718 1163 1774 Tune
1190 1718 1333 1773 enim
1357 1731 1416 1771 se
1451 1722 1722 1770 mortuum
1748 1711 1891 1783 quis-

1983 532 2212 587 virtutes
2232 532 2448 603 etsigna
2472 533 2524 586 in
2553 532 2699 587 illum
2723 543 2939 589 ostensa
2964 544 3112 599 sunt,
3136 550 3233 603 per
3250 550 3371 605 qua:
3385 540 3567 592 emtcri

1982 623 2158 678 territi
2205 624 2274 677 ad
2310 623 2673 679 emolumenta
2725 625 2850 680 vitae
2900 640 2958 679 se
3006 636 3358 691 exercerent,
3405 638 3465 683 ut
3518 630 3570 684 in

1982 721 2196 768 mortuo
2244 715 2355 796 vita
2401 715 2662 769 discatur.
2715 714 2822 770 Sed
2873 717 3013 772 alius
3057 718 3249 774 modus
3288 730 3372 774 est
3408 737 3570 790 quem

1985 812 2184 859 tractat
2214 803 2504 873 Apostolus
2530 824 2543 859 :
2585 816 2643 861 ut
2686 808 2938 862 ostendat
2967 809 3108 863 enim
3142 809 3260 880 plus
3287 820 3571 879 peccatum

1982 910 2103 951 esse
2125 896 2227 952 sub
2255 896 2392 967 lege,
2424 912 2585 966 quam
2626 898 2803 954 fuerat
2845 908 2973 955 ante
3014 900 3208 973 legem,
3232 917 3395 973 supra
3436 902 3579 961 hunc

1985 989 2204 1044 modum
2260 999 2605 1060 peccatorum
2656 992 2971 1063 ampliorem
3025 982 3247 1055 modum
3305 999 3578 1071 significat

1984 1080 2221 1135 crevisse
2242 1089 2362 1149 post
2376 1080 2546 1152 legem
2582 1081 2782 1137 invidia
2805 1092 2858 1139 et
2884 1086 3079 1141 astutia
3104 1085 3344 1155 Satanae,
3366 1099 3427 1145 ut
3447 1107 3579 1160 pro-

1986 1171 2223 1227 videntia
2253 1173 2346 1228 Dei
2371 1173 2643 1228 contraria
2678 1173 2830 1230 fieret
2859 1175 3086 1242 homini,
3125 1194 3250 1234 cum
3283 1181 3579 1238 timorele-

1988 1261 2070 1333 gis
2097 1262 2319 1317 minime
2337 1278 2563 1334 peccare
2609 1264 2874 1319 debuerit.
2926 1266 3051 1322 Ideo
3071 1268 3213 1324 Deus
3233 1278 3292 1325 ut
3320 1271 3580 1328 invidiam

1988 1353 2187 1408 diaboli
2219 1354 2488 1418 vinceret,
2534 1364 2589 1409 et
2625 1356 3023 1425 providentiam
3053 1358 3261 1415 homini
3291 1372 3466 1417 ratam
3499 1362 3581 1419 fa-

1988 1453 2159 1511 ceret,
2200 1446 2427 1500 mutavit
2446 1445 2696 1502 "ordinem
2720 1488 2749 1513 ,.
2779 1449 3005 1505 mittens
3036 1446 3372 1509 Salvatorem
3421 1453 3581 1510 Chri-

1989 1540 2132 1589 stum
2163 1532 2337 1602 quiet
2377 1533 2647 1590 diabolum
2678 1535 2939 1603 vinceret,
2979 1547 3036 1593 et
3069 1548 3275 1596 statuta
3316 1542 3412 1598 Dei
3453 1559 3582 1615 erga

1990 1622 2266 1678 hominem
2297 1623 2562 1680 firmaret.
2588 1623 2785 1699 (0rig.)
2810 1626 2867 1681 ln
2896 1628 2981 1684 his
3008 1628 3142 1685 locis
3160 1632 3364 1699 positos
3392 1636 3588 1690 crebro

1991 1725 2094 1766 nos
2116 1727 2338 1767 necesse
2363 1713 2541 1769 estde
2565 1712 2745 1783 legum
2769 1715 3178 1773 diversitatihus
3202 1735 3583 1790 commonere;

302 1830 409 1887 quc
430 1812 730 1884 cognoscit,
760 1825 883 1867 cum
920 1809 1048 1864 illud
1075 1809 1218 1879 quod
1246 1817 1392 1862 recte
1417 1813 1747 1876 praeceptum
1769 1817 1890 1859 esse
1921 1813 1967 1873 Β
1996 1802 2101 1857 hoc
2120 1802 2264 1858 etiim
2292 1803 2406 1858 vult
2433 1803 2650 1870 Paulus,
2681 1805 2772 1875 qui
2801 1808 2901 1863 sub
2932 1822 3041 1863 uno
3064 1808 3198 1878 legis
3219 1811 3438 1869 nomine
3458 1830 3586 1870 scu-

304 1907 614 1971 conbtetur,
634 1904 859 1975 implere
881 1918 987 1958 non
1005 1908 1203 1973 potest,
1221 1910 1276 1955 et
1298 1898 1759 1971 praevaricationis
1780 1897 1893 1951 cri-

306 1997 451 2053 mine
477 1993 707 2064 amplius
728 2002 938 2064 peccat,
958 2006 1120 2062 quam
1147 1991 1193 2046 si
1221 2006 1329 2045 non
1353 1989 1751 2060 prohiberetur.
1780 1985 1896 2041 Hoc

303 2098 407 2153 cst,
438 2088 579 2158 quod
605 2089 658 2141 in
687 2084 1142 2156 consequentibus
1176 2082 1339 2147 dicit,
1369 2080 1437 2135 Ut
1462 2081 1556 2150 ﬁat
1583 2095 1743 2150 supra
1779 2094 1896 2132 mo-

303 2180 429 2237 dum
445 2196 664 2251 peccans
685 2188 928 2250 peccator
945 2194 1038 2246 per
1057 2176 1366 2230 mandatum
1387 2173 1566 2247 (Rom.
1595 2172 1691 2244 vn)
1711 2190 1724 2226 :
1753 2172 1896 2242 quod

307 2284 434 2331 ante
462 2274 777 2330 mandatum
816 2274 996 2329 minus
1038 2281 1183 2336 erat,
1237 2271 1362 2342 quia
1404 2270 1497 2326 ubi
1536 2286 1644 2327 non
1674 2278 1761 2326 est
1785 2269 1892 2335 lex,

306 2385 408 2427 nec
427 2367 824 2441 praevaricatio.
841 2365 985 2421 Mors
1010 2382 1115 2421 non
1143 2373 1227 2420 est
1247 2364 1356 2429 lex,
1386 2363 1785 2434 sed'peceatum
1813 2370 1897 2417 est

308 2476 459 2517 mors
490 2478 505 2515 :
532 2467 827 2532 peccatum,
850 2457 1051 2528 inquit,
1078 2465 1133 2509 ut
1162 2462 1413 2526 appareat
1455 2463 1749 2525 peccatum,
1788 2467 1894 2507 non

308 2550 466 2616 dixit,
495 2557 554 2603 ut
593 2548 698 2613 sit,
731 2547 857 2617 quia
908 2554 1028 2600 erat
1074 2554 1130 2599 et
1160 2544 1377 2614 quando
1421 2559 1530 2599 non
1577 2543 1892 2614 apparebat.

309 2643 450 2712 Quid
476 2648 645 2697 estut
684 2648 936 2712 appareat
983 2636 1293 2709 peccatum?
1337 2636 1467 2706 quia
1522 2633 1893 2703 concupiscen-

268 2798 273 2807 ,
309 2738 440 2791 tiam
482 2732 773 2789 nesciebam
818 2732 918 2786 nisi
961 2730 1047 2785 lea:
1090 2730 1317 2795 diceret,
1370 2727 1494 2783 Non
1540 2728 1892 2798 concupisces.

309 2825 431 2883 Non
452 2824 560 2889 ait,
582 2821 1080 2893 concupiscentiam
1119 2835 1227 2874 non
1258 2817 1544 2883 habebam,
1568 2816 1664 2872 sed
1688 2831 1894 2871 concu-

309 2919 633 2992 piscentiam
682 2914 994 2973 nesciebam
1021 2932 1035 2967 ε
1068 2913 1149 2968 sic
1176 2913 1340 2968 etiam
1364 2922 1421 2966 et
1450 2910 1539 2965 hic
1576 2924 1684 2964 non
1711 2908 1809 2973 ait,
1839 2916 1897 2961 ut

311 3012 386 3068 sit
413 3017 720 3082 peccatum,
748 3007 864 3073 sed,
894 3017 950 3060 ut
980 3014 1228 3077 appareat
1266 3012 1555 3075 peccatum,
1590 3016 1683 3073 per
1707 3000 1898 3054 bonum

312 3102 444 3159 mihi
479 3110 751 3173 operatum
777 3108 854 3154 est
888 3107 1128 3153 mortem.
1158 3094 1396 3170 (Amhr.)
1425 3092 1598 3149 Aliter
1627 3091 1898 3147 diabolum

1999 1907 2121 1947 sum
2147 1893 2212 1947 de
2239 1909 2347 1948 una
2368 1894 2437 1949 ad
2465 1894 2690 1950 alteram
2718 1896 2898 1952 tacitis
2941 1898 3163 1955 indiciis.
3190 1904 3465 1971 transfert,
3498 1906 3588 1959 illa

1998 1990 2059 2037 ut
2084 1982 2320 2041 arbitror
2352 1984 2653 2055 proposito,
2684 2000 2792 2054 quo
2819 1994 2872 2041 et
2920 1986 3218 2058 Scripturze
3253 1995 3590 2064 prophetica;

1998 2083 2265 2142 constant,
2295 2091 2361 2132 ne
2382 2094 2446 2134 ea
2468 2094 2590 2149 qua:
2627 2080 2873 2150 inSpirati
2905 2082 3166 2139 divinitus
3197 2085 3591 2156 proloquuntur

1999 2167 2256 2236 impolitis
2276 2168 2584 2225 hominibus
2607 2178 2660 2226 et
2690 2171 2868 2227 minus
2895 2170 3073 2229 adhuc
3093 2173 3176 2229 vel
3197 2174 3342 2240 fidei,
3369 2176 3453 2230 vel
3479 2186 3592 2232 stu-

1997 2257 2072 2313 dii
2100 2258 2468 2318 deferentibus
2496 2262 2549 2317 in
2573 2263 2861 2333 propatulo
2891 2275 3238 2335 ponerentur,
3265 2276 3320 2322 et
3341 2269 3586 2338 pedibus,

1996 2358 2059 2405 ut
2080 2349 2154 2404 ita
2190 2349 2445 2418 dixerim,
2476 2353 2842 2409 conculcanda
2872 2356 3245 2423 traderentur;
3273 2361 3368 2416 sed
3398 2368 3480 2424 ut,
3503 2376 3590 2416 sc-

1998 2442 2230 2497 cundum
2260 2458 2324 2498 ea
2363 2459 2485 2514 quae
2524 2461 2685 2516 supra
2714 2460 2810 2517 per
2841 2450 3132 2518 quamdam
3179 2451 3590 2508 similitudinem

2000 2538 2252 2599 diximus,
2289 2540 2605 2610 mysterium
2642 2543 2724 2596 Sui
2769 2543 3000 2615 regisad
3022 2558 3224 2613 paucos
3248 2554 3305 2601 et
3328 2546 3595 2604 occultius

1997 2629 2429 2698 perveniret.Ait
2453 2630 2633 2699 itaque
2652 2646 2666 2684 :
2684 2631 2825 2697 Quid
2850 2650 2970 2703 ergo
3000 2633 3274 2689 dicemus?
3299 2636 3384 2690 lea:
3405 2654 3594 2707 pecca—

1999 2733 2109 2779 tum
2131 2725 2245 2778 est?
2266 2725 2520 2791 Putastis,
2540 2726 2732 2796 inquit,
2749 2743 2835 2785 me
2850 2728 2917 2782 de
2931 2727 3048 2799 lege
3064 2729 3230 2800 Moysi
3252 2730 3455 2797 dicere,
3472 2747 3596 2800 quae

2004 2812 2176 2887 [quia]
2200 2826 2477 2886 peccatum
2500 2818 2616 2873 est?
2640 2819 2808 2883 Absit,
2844 2821 3000 2874 absit.
3022 2821 3106 2875 Ad
3132 2828 3422 2894 utrumque
3447 2824 3597 2878 sulti-

2001 2906 2126 2970 ciat,
2152 2908 2276 2976 quia
2301 2924 2475 2979 neque
2498 2909 2565 2965 de
2592 2910 2710 2982 lege
2733 2910 2901 2982 Moysi
2950 2911 3159 2983 loquor,
3186 2929 3362 2984 neque
3383 2915 3450 2971 de
3479 2917 3594 2987 ipsa

2003 2999 2146 3065 dico,
2176 3000 2300 3071 quia
2324 3013 2609 3072 peceatum
2632 3014 2748 3070 est;
2781 3006 2877 3061 sed
2895 3016 3165 3077 peccatum
3186 3024 3291 3063 non
3318 3024 3599 3080 cognosce-

2008 3089 2127 3145 bam
2168 3093 2269 3147 nisi
2293 3109 2387 3163 per
2415 3093 2598 3166 legem,
2623 3113 2747 3152 nam
2790 3099 3264 3170 concupiscentiam
3307 3102 3599 3157 nesciebam

312 3208 415 3265 per
430 3192 634 3249 bonum
652 3189 993 3248 occasionem
1016 3188 1147 3244 dicit
1162 3186 1459 3257 accepisse,
1481 3194 1541 3240 ut
1556 3183 1757 3239 malum
1778 3196 1907 3253 ope-
1939 3177 1981 3237 C
2016 3182 2115 3236 nisi
2134 3182 2219 3237 lea:
2250 3184 2478 3241 diceret:
2502 3185 2627 3242 Non
2658 3191 3007 3261 concupisces.
3025 3191 3284 3265 Intellige,
3312 3194 3512 3264 inquit,
3533 3199 3603 3251 de

318 3294 537 3345 raretnr
561 3283 790 3348 homini,
823 3281 950 3336 dum
980 3280 1128 3335 illum
1151 3277 1366 3334 seducit
1405 3275 1473 3332 ad
1503 3284 1754 3337 mortem,
1783 3272 1909 3344 quia

319 3386 379 3433 ut
405 3391 469 3433 ea
493 3390 615 3447 quae
639 3381 766 3429 ante
793 3372 963 3444 legem
991 3370 1132 3426 male
1150 3378 1302 3440 gesta
1332 3375 1458 3424 sunt
1479 3380 1577 3439 per
1604 3365 1914 3422 illecebram

317 3469 585 3541 cupidinis
612 3467 973 3540 probarentur
990 3479 1110 3519 esse
1127 3472 1364 3533 peccata,
1382 3470 1438 3518 et
1461 3464 1528 3517 de
1549 3469 1747 3517 caetero
1774 3459 1914 3515 vita-

318 3569 531 3623 rentur,
545 3560 669 3614 data
690 3569 771 3614 est
787 3557 895 3621 lex,
912 3554 1253 3612 manifestata
1276 3553 1549 3609 inlitteris.
1568 3551 1719 3607 Tunc
1731 3551 1917 3607 incen-

320 3668 416 3708 sus
440 3658 525 3707 est
546 3649 794 3711 Satanas,
820 3663 915 3718 per
934 3647 1133 3703 bonum
1161 3645 1348 3715 utique
1372 3662 1386 3697 :
1414 3642 1550 3699 vidit
1569 3641 1717 3697 enim
1736 3641 1917 3713 provi-

322 3741 440 3798 deri
458 3740 684 3804 homini,
707 3748 766 3794 et
784 3737 972 3794 illicita
988 3736 1062 3791 illi
1086 3736 1279 3799 suasit,
1304 3741 1363 3788 ut
1383 3746 1483 3802 pro
1510 3732 1618 3786 vita
1642 3745 1710 3786 ex
1726 3730 1843 3802 lege
1866 3734 1917 3789 ei

325 3849 475 3890 mors
513 3832 841 3904 proveniret.
883 3829 1040 3898 Quod
1063 3828 1282 3899 quidem
1310 3824 1647 3897 negligentize
1668 3824 1919 3877 humanae

324 3927 706 3985 ascribendum
731 3932 847 3989 est,
874 3938 997 3994 quas
1045 3921 1127 3977 sic
1158 3920 1395 3991 vigorem
1425 3931 1537 3971 suae
1581 3922 1788 3969 natura:
1831 3911 1917 3966 in-

326 4017 565 4074 ﬁrmavit
587 4014 881 4084 cupiditate
921 4010 1203 4082 peccandi,
1243 4018 1304 4063 ut
1338 4009 1709 4085 suggestiones
1733 4002 1923 4058 adver-

326 4106 461 4164 sarii
488 4104 784 4176 reprimere
808 4117 915 4157 non
944 4107 1145 4173 posset.
1169 4097 1424 4153 Inimicus
1450 4104 1649 4158 tamen,
1681 4108 1841 4165 quem
1864 4092 1920 4147 in

326 4204 555 4267 peccato
603 4192 897 4264 signiﬁcat,
941 4201 1000 4245 ut
1030 4196 1290 4260 appareat
1332 4200 1454 4242 esse
1510 4185 1795 4250 inimicus,
1826 4200 1924 4255 per

329 4288 507 4359 legem
535 4285 750 4355 accepit
775 4281 1122 4341 occasionem
1164 4278 1381 4349 operari
1408 4277 1614 4334 homini
1644 4285 1875 4332 mortem
1904 4293 1918 4329 :

328 4380 461 4435 dum
504 4376 649 4433 enim
703 4375 773 4431 ad
820 4373 1004 4429 illicita
1061 4371 1210 4426 illum
1261 4360 1497 4434 suadet,
1532 4374 1759 4439 apparet
1806 4379 1926 4421 esse

330 4470 604 4526 inimicus.
656 4468 975 4536 Quanquam
1045 4472 1101 4520 et
1139 4472 1266 4518 ante
1321 4461 1492 4532 legem
1548 4466 1781 4514 mortem
1830 4457 1928 4512 bo-

332 4559 463 4615 miui
485 4557 884 4630 procuraverit,
909 4563 1133 4625 excepta
1158 4554 1330 4624 prima
1353 4567 1515 4609 causa
1538 4550 1685 4613 Adae,
1708 4556 1830 4620 post
1848 4548 1928 4604 le-

334 4669 457 4725 gem
483 4660 659 4707 tamen
682 4648 913 4719 majores
938 4649 988 4704 ei
1031 4661 1222 4718 ptenas
1266 4645 1405 4716 apud
1432 4644 1652 4708 inferos,
1667 4643 1758 4697 ubi
1779 4656 1927 4697 mors

337 4744 574 4800 secunda
597 4753 703 4808 est,
718 4741 995 4797 adinvenit
1020 4757 1033 4794 :
1058 4741 1236 4795 minus
1262 4741 1407 4794 enim
1428 4738 1675 4794 criminis
1696 4744 1780 4791 est
1798 4744 1925 4791 ante

337 4831 514 4903 legem
535 4830 935 4886 manifestatam
969 4843 1246 4900 peccasse,
1284 4842 1445 4899 quam
1478 4836 1598 4898 post
1628 4826 1822 4896 legem.

414 4921 481 4980 Ut
501 4925 596 4994 ﬁat
626 4938 786 4994 supra
820 4920 1033 4976 modum
1061 4921 1230 4993 ipsum
1270 4936 1491 4992 peccans
1530 4929 1797 4990 peceatum
1831 4932 1925 4989 per

341 5014 673 5069 mandatum.
726 5011 908 5084 (Aug)
939 5010 1010 5067 Ut
1053 5010 1148 5064 fiat
1194 5024 1356 5080 supra
1405 5010 1625 5064 modum
1673 5019 1928 5080 peccator

343 5114 441 5162 aut
469 5114 749 5178 peccatum
776 5121 873 5175 per
914 5103 1247 5158 mandatum.
1275 5102 1456 5169 Quare
1485 5118 1646 5173 supra
1676 5100 1929 5157 modum?

343 5199 471 5268 quia
502 5198 614 5269 jam
640 5207 729 5254 est
746 5194 1148 5269 przevaricatio:
1177 5193 1263 5248 ubi
1287 5193 1431 5247 enim
1453 5193 1535 5248 lex
1566 5209 1671 5248 non
1692 5200 1796 5259 est,
1827 5207 1929 5248 nec

345 5289 739 5361 praevaricatio.
798 5285 1024 5355 (Ambr.)
1076 5274 1215 5351 Quid
1266 5291 1387 5348 est,
1463 5300 1624 5354 supra
1677 5283 1935 5337 modum?

346 5380 503 5453 quasi
554 5380 710 5434 datus
739 5375 812 5431 sit
838 5375 1027 5430 modus
1056 5374 1518 5444 delinquentibus,
1556 5387 1678 5427 cum
1708 5387 1933 5442 peccare

351 5486 459 5526 non
489 5467 691 5523 liceat?
729 5466 824 5522 sed
852 5465 944 5520 Dei
976 5466 1138 5519 verba
1183 5473 1311 5520 sunt
1352 5463 1619 5519 dicentis:
1647 5462 1771 5517 Non
1807 5473 1929 5518 sunt

351 5558 621 5629 completa.
642 5565 855 5627 peccata
897 5555 1346 5619 Aman/urorum,
1373 5570 1470 5624 per
1513 5555 1656 5624 quod
1697 5556 1933 5612 ostendit

353 5663 667 5706 mensuram
688 5661 809 5702 esse
829 5645 1118 5716 quamdam
1145 5645 1482 5708 delictorum,
1505 5662 1665 5716 quam
1680 5663 1801 5701 cum
1833 5648 1933 5702 im-

353 5740 620 5815 plcverint
654 5747 989 5809 peccatores,
1014 5738 1121 5793 vita
1152 5737 1299 5807 digni
1340 5738 1561 5795 minime
1583 5738 1929 5809 iudicentur:

2014 3288 2117 3342 qua
2141 3273 2258 3345 lege
2285 3275 2493 3347 loquar,
2526 3294 2646 3347 quae
2674 3280 2774 3335 nisi
2799 3290 2963 3347 esset,
2991 3292 3275 3353 peccatum
3318 3302 3478 3342 nemo
3513 3304 3605 3343 co-

2014 3372 2317 3432 gnoseeret.
2334 3364 2583 3436 Nunquid
2596 3368 2764 3440 Moysi
2785 3380 2869 3426 est
2888 3371 2995 3436 lex,
3018 3386 3116 3443 per
3134 3388 3296 3443 quam
3310 3375 3482 3430 Adam
3509 3393 3603 3433 eo~

2014 3457 2194 3525 gnovit
2227 3467 2511 3526 peccatum
2543 3477 2723 3527 suum,
2749 3471 2805 3518 et
2832 3465 3113 3520 abscondit
3146 3481 3205 3521 se
3245 3482 3275 3521 a
3308 3478 3603 3539 conspectu

2016 3545 2146 3602 Dei?
2168 3544 2320 3619 (Gen.
2345 3548 2449 3621 ιιι.)
2479 3549 2726 3622 Nunquid
2752 3552 2919 3626 Moysi
2947 3555 3031 3610 lex
3058 3565 3164 3622 est,
3194 3572 3293 3627 per
3321 3575 3486 3630 quam
3512 3575 3607 3616 co-

2017 3642 2204 3713 gnovit
2225 3641 2358 3698 Cain
2382 3654 2661 3712 peccatum
2685 3658 2842 3700 suum
2865 3656 2920 3702 et
2940 3648 3104 3703 dixit:
3131 3648 3311 3721 Majas
3335 3663 3411 3706 est
3432 3669 3610 3719 pecca-

2018 3745 2128 3787 tum
2158 3749 2361 3797 meum,
2387 3749 2542 3802 quam
2565 3745 2621 3788 ut
2660 3737 2864 3791 veniam
2903 3740 3148 3793 merear?
3168 3738 3321 3811 (Gen.
3365 3744 3466 3814 tv.)
3497 3742 3608 3799 Aut

2018 3838 2116 3892 per
2143 3838 2307 3892 quam
2327 3820 2540 3879 Pharao
2567 3827 2821 3895 cognovit
2848 3836 3131 3896 peccatum
3157 3846 3332 3896 suum,
3357 3842 3412 3888 et
3427 3834 3562 3888 dixit
3587 3847 3603 3886 ε

2018 3911 2277 3966 Dominus
2302 3912 2483 3982 justus
2509 3922 2609 3979 est,
2639 3930 2731 3984 ego
2774 3925 2948 3969 autem
2980 3926 3029 3970 et
3068 3919 3290 3988 populus
3320 3936 3464 3975 meus
3506 3923 3607 3975 im-

2018 4002 2131 4075 pii?
2156 4004 2354 4075 (Exod.
2374 4004 2475 4076 ix.)
2497 4004 2652 4073 Quod
2681 4005 2727 4060 si
2752 4006 2807 4062 hi
2838 4006 3085 4065 homines
3110 4008 3309 4081 aliique
3336 4011 3608 4067 innumeri

2022 4110 2149 4155 ante
2172 4098 2337 4171 Moysi
2367 4100 2538 4170 legem
2573 4109 2941 4171 cognoverunt
2968 4110 3249 4172 peccatum
3284 4119 3462 4168 suum,
3495 4119 3603 4159 non

2023 4192 2129 4261 erit
2152 4191 2268 4246 sine
2294 4191 2458 4247 dubio
2503 4191 2672 4262 Moysi
2701 4192 2810 4257 lex,
2852 4193 2918 4248 de
2958 4209 3067 4264 qua
3109 4195 3241 4250 dicit
3267 4195 3555 4265 Apostolus
3587 4212 3606 4252 :

2026 4282 2167 4349 Quia
2212 4293 2479 4355 peccatum
2527 4300 2632 4339 non
2683 4286 2916 4355 cognovi,
2957 4285 3059 4341 nisi
3085 4302 3180 4357 per
3225 4287 3423 4357 legem;
3453 4297 3508 4344 et
3542 4292 3611 4346 de

2025 4390 2130 4445 qua
2161 4375 2294 4431 dicit
2323 4390 2338 4430 :
2369 4374 2853 4447 Concupiscentiam
2891 4378 3179 4433 nesciebam
3211 4380 3310 4434 nisi
3342 4379 3427 4434 lea:
3467 4381 3611 4436 dice~

2032 4481 2147 4525 ret:
2180 4469 2304 4524 Non
2346 4473 2710 4542 concupisces;
2757 4473 2851 4527 sed
2881 4481 2965 4527 est
2996 4473 3086 4528 illa
3114 4473 3219 4538 lex,
3251 4476 3316 4530 de
3356 4492 3461 4545 qua
3500 4476 3609 4532 fre-

2030 4568 2260 4629 quenter
2303 4560 2560 4625 diximus,
2590 4576 2711 4631 quae
2733 4560 2786 4615 in
2810 4561 3087 4618 hominum
3131 4565 3380 4621 cordibus
3408 4568 3611 4638 scripta

2027 4656 2131 4715 est,
2161 4658 2642 4715 noniatramento,
2676 4653 2769 4707 sed
2820 4651 3030 4728 Spiritu
3057 4654 3148 4710 Dei
3186 4656 3317 4722 vivi,
3348 4668 3403 4712 et
3452 4659 3614 4714 doct

2025 4752 2464 4809 unumquemque
2506 4741 2633 4808 quid
2679 4744 2942 4813 agendum
2971 4746 3068 4811 sit,
3101 4747 3226 4815 quid
3284 4751 3606 4805 cavendum.

2024 4829 2143 4899 lp-a
2169 4837 2253 4884 est
2280 4844 2407 4901 ergo
2441 4845 2539 4900 per
2575 4847 2738 4901 quam
2781 4835 3058 4906 cognoscit
3104 4836 3269 4891 homo
3319 4848 3606 4907 peccatum

2025 4936 2205 4977 suum.
2235 4920 2434 4991 Aperte
2470 4921 2560 4976 hic
2611 4923 2912 4978 naturalem
2956 4924 3125 4995 legem
3172 4925 3305 4979 dicit
3347 4928 3532 4981 taudiu
3578 4946 3608 4981 a

2030 5012 2185 5066 nobis
2213 4998 2485 5081 ignorari,
2514 5013 2752 5081 quaudiu
2783 5026 3039 5081 processu
3085 5015 3259 5069 anatis
3297 5018 3611 5077 noverimus
3696 5024 3704 5031 '

2030 5102 2171 5157 inter
2196 5102 2400 5157 bonum
2448 5110 2504 5157 et
2533 5101 2735 5156 malum
2781 5102 3112 5166 discernere,
3138 5112 3192 5157 et
3221 5121 3250 5157 a
3278 5106 3609 5162 conscientia

2030 5203 2218 5250 nostra
2237 5194 2595 5250 audierimus.
2624 5191 2889 5262 Loquitur
2931 5193 3073 5247 enim
3103 5196 3258 5251 nobis
3296 5197 3436 5251 intra
3482 5214 3603 5253 con-

2032 5286 2334 5352 scientiam,
2365 5296 2422 5340 ct
2444 5285 2611 5349 dicit,
2662 5282 2786 5337 Non
2827 5285 3177 5354 concupisces.
3217 5286 3323 5342 Sed
3356 5289 3609 5358 quoniam

2035 5393 2144 5433 non
2186 5392 2421 5446 semper,
2451 5390 2551 5431 nec
2598 5389 2663 5428 ex
2710 5374 3249 5439 initio,utuascitur
3289 5378 3478 5440 homo,
3528 5377 3611 5433 lex

2036 5469 2139 5523 ista
2185 5468 2459 5522 invenitur
2485 5467 2539 5522 in
2569 5467 2811 5531 homine,
2839 5467 2933 5521 sed
2960 5466 3291 5536 aliquandiu,
3324 5469 3449 5523 dum
3479 5479 3615 5525 auus

2034 5560 2270 5618 nondum
2302 5562 2524 5631 patitur,
2567 5561 2684 5617 sine
2712 5561 2814 5615 hac
2837 5560 2955 5631 lege
2984 5561 3199 5624 vivitur,
3229 5561 3369 5616 sicut
3410 5570 3467 5616 et
3501 5563 3617 5631 ipse

2036 5652 2234 5709 Paulus
2284 5652 2502 5719 fatetur,
2539 5652 2757 5723 quando
2808 5651 2938 5707 dicit
2974 5669 2986 5704 :
3024 5651 3137 5722 Ego
3180 5662 3352 5706 autem
3389 5653 3617 5708 vivebam

2036 5743 2148 5797 sine
2216 5754 2325 5815 tege
2383 5740 2709 5812 aliquando;
2762 5741 2816 5797 in
2883 5740 2974 5797 illo
3031 5750 3270 5811 tempore
3330 5757 3438 5813 quo
3501 5743 3618 5796 sine
