3998 6202
442 313 493 367 ’.ιι
515 304 612 371 39:3

1102 313 1164 367 B.
1205 312 1461 368 RABANI
1501 312 1716 368 MAClll
1756 312 2076 368 ARCIHEP.
2120 312 2428 369 MOCUNT.
2469 313 2753 371 Ol’iiiil'il
2791 314 2971 370 PARS
3009 314 3096 370 ιιι.

3587 321 3719 379 ili}

464 435 583 503 lege
622 422 853 486 viximus
879 469 895 495 ,
941 426 1428 497 concupiscentiam
1468 425 1864 482 nesciebamus.
1923 425 2038 480 Non
2067 431 2115 490 Α
2145 422 2268 495 (ipp.
2288 424 2404 497 ut)?
2431 425 2538 481 Sed
2568 427 2670 482 hoc
2713 429 2874 483 modo
2926 444 3033 498 quo
3059 431 3312 497 diximus,
3335 434 3450 488 sine
3478 440 3605 510 tege
3627 455 3724 494 na-

463 525 601 579 dixit
653 539 758 578 non
819 521 1105 584 habebam,
1149 521 1243 576 sed
1279 521 1388 585 ait,
1418 519 1740 584 nesciebam,
1786 528 2039 588 tanquam

462 631 585 687 qua:
630 621 773 670 esset
813 612 1046 683 quidem,
1100 611 1443 681 ignoraretur
1490 618 1669 663 tamen
1707 608 1849 679 quod
1896 614 2041 662 esset

427 726 430 730 λ
463 706 922 778 concupiscentia.
976 704 1079 760 Ubi
1119 710 1300 757 autem
1345 703 1495 756 venit
1535 700 1708 764 ratio,
1743 708 1797 754 et
1830 699 1912 755 lex
1944 714 2040 755 na-

463 800 654 856 turalis
681 799 855 855 locum
887 797 940 851 in
978 794 1133 849 nobis
1161 808 1416 864 processu
1462 792 1639 847 aetatis
1682 791 1909 855 invenit,
1938 790 2038 845 do-

458 910 586 952 cere
615 909 716 949 nos
736 892 900 960 carpit
945 905 1066 959 quae
1090 896 1272 945 essent
1292 888 1456 950 bona,
1480 893 1535 939 et
1552 884 1838 954 prohibere
1868 898 1899 936 a
1926 897 2038 936 ma-

459 1085 585 1133 ante
636 1074 1048 1137 nesciebamus,
1094 1071 1163 1125 ab
1207 1071 1320 1140 ipsa
1357 1068 1643 1123 didicimus
1674 1066 1868 1121 malam
1913 1078 2037 1119 esse

454 1165 964 1237 concupiscentiam.
1014 1161 1301 1217 Occasione
1348 1169 1521 1212 autem
1574 1167 1808 1226 accepta,
1846 1171 2033 1226 pecca-

436 1269 565 1313 vtum
585 1274 678 1329 per
707 1256 1012 1310 mandatum
1039 1260 1306 1324 operatum
1329 1258 1404 1304 est
1433 1250 1487 1303 in
1508 1264 1588 1302 me
1609 1263 1812 1301 omnem
1843 1262 2033 1299 concu—

452 1349 779 1419 piscentiam.
812 1345 924 1401 Lex
952 1344 1065 1409 illa,
1107 1342 1173 1397 de
1196 1357 1300 1413 qua
1330 1340 1462 1396 dicit
1491 1339 1620 1410 quia
1647 1337 2032 1408 concupiscere

453 1439 780 1501 nesciebam,
809 1436 911 1491 nisi
961 1435 1047 1489 lex
1077 1434 1303 1498 diceret,
1349 1429 1474 1486 Non
1516 1430 1879 1500 concupisces,
1913 1428 2030 1499 ipsa

451 1542 633 1587 autem
670 1530 833 1584 etiam
884 1526 1196 1583 mandatum
1244 1523 1562 1595 appellatur.
1606 1522 1698 1577 Ait
1730 1536 1861 1593 ergo
1902 1521 2031 1591 quia

449 1623 734 1680 occasione
776 1620 1012 1676 mandati
1052 1616 1213 1689 hujus
1262 1633 1368 1687 quo
1406 1616 1794 1686 concupiscere
1846 1614 2032 1685 prohi-

450 1716 644 1770 bemur
691 1719 971 1782 peccatum
1001 1707 1628 1764 vehementiusexarsit
1676 1705 1729 1760 in
1768 1705 1943 1771 nobis,
1972 1711 2028 1759 et

2144 514 2301 568 turali
2334 515 2468 569 vixit
2494 516 2658 571 etiam
2690 516 2805 585 ipse
2846 518 3135 588 aliquando
3163 521 3214 575 in
3254 525 3502 592 pueritia,
3532 544 3645 599 quo
3668 531 3727 586 in

2142 612 2383 675 tempore
2409 607 2545 661 dixit
2582 624 2691 663 non
2735 609 2903 664 fuisse
2936 612 2990 665 in
3023 611 3241 668 homine
3284 626 3603 684 peccatum,
3633 622 3726 677 sed

2138 706 2414 752 mortuum
2463 697 2655 765 fuisse,
2706 708 2761 754 et
2812 701 3074 757 revixisse
3129 707 3471 773 postmodum
3510 710 3609 765 ubi
3642 710 3729 767 lex

2142 786 2436 843 adveniens
2462 789 2729 845 naturalis
2758 790 3045 861 prohibere
3081 796 3582 865 concupiscentiam
3620 816 3729 856 cm-

2135 876 2254 945 pit:
2287 892 2408 947 quas
2442 877 2529 932 lex
2561 880 2726 934 veluti
2777 892 3045 937 mortuum
3084 885 3369 942 suscitavit
3414 901 3724 959 peceatum;

452 987 548 1043 lis.
598 986 713 1041 lloe
768 998 920 1053 ergo,
956 981 1082 1036 dum
1140 980 1273 1035 dicit
1291 1019 1306 1041 ,
1355 975 1478 1031 Non
1508 976 1863 1045 concupisces,
1892 973 2034 1041 quod
2048 1008 2107 1053 ὦ
2134 969 2343 1036 peccati
2380 984 2612 1039 namque
2636 982 2830 1027 natura
2857 974 2972 1030 haec
3000 984 3106 1042 est,
3134 978 3180 1032 si
3209 977 3304 1033 fiat
3321 982 3468 1051 quod
3495 983 3583 1038 [ex
3610 984 3725 1040 ﬁeri

2134 1065 2301 1111 vetat.
2330 1056 2675 1117 Reviviscente
2695 1078 2820 1134 ergo
2839 1076 3073 1131 peccato,
3108 1084 3224 1139 ego,
3256 1070 3456 1141 inquit,
3486 1087 3727 1132 mortuus

2133 1162 2269 1201 sum.
2292 1148 2424 1221 Ego,
2453 1152 2613 1220 quis?
2633 1153 2813 1208 anima
2852 1155 2972 1212 sine
3000 1159 3165 1214 dubio
3192 1176 3315 1231 quae
3351 1162 3562 1219 fecerat
3587 1170 3727 1236 quod

2133 1237 2250 1293 fieri
2300 1239 2385 1296 lex
2425 1244 2684 1299 vetabat:
2712 1245 2903 1300 Anima
2938 1248 3083 1303 enim
3123 1267 3241 1321 qua
3269 1252 3471 1323 peccat,
3508 1268 3571 1311 ut
3602 1274 3724 1329 pro-

2131 1331 2293 1401 pheta
2330 1332 2462 1388 dicit
2491 1332 2710 1403 (Eaech.
2749 1338 2904 1410 xvnt)
2942 1340 3057 1410 ipsa
3105 1344 3383 1400 morietur.
3441 1346 3724 1405 Inventum

2132 1432 2219 1478 est
2245 1439 2376 1496 ergo
2413 1427 2726 1482 mandatum
2772 1431 2918 1500 quod
2966 1432 3154 1488 datum
3203 1434 3387 1491 fuerat
3429 1440 3501 1493 ad
3533 1442 3722 1505 vitam,

2131 1513 2327 1568 animae
2346 1514 2573 1584 scilicet,
2600 1528 2659 1573 ut
2677 1532 2797 1573 eam
2818 1520 3037 1577 doceret
3059 1539 3226 1595 opera
3247 1527 3376 1582 vitae
3411 1533 3648 1587 cessisse
3672 1534 3724 1589 ei

2132 1604 2202 1658 ad
2230 1612 2480 1671 mortem,
2513 1607 2640 1663 dum
2668 1611 2941 1679 prohibita
2965 1629 3070 1669 non
3094 1623 3202 1670 tam
3222 1618 3724 1691 rcfugit,quamar-

2131 1694 2233 1750 den
2241 1696 2345 1752 tius
2359 1698 2581 1768 expetit.
2609 1699 2788 1757 Movet
2808 1717 2894 1758 me
2908 1711 3087 1760 tamen
3104 1706 3159 1760 in
3183 1707 3269 1763 bis
3283 1711 3560 1778 quomodo
3574 1714 3723 1769 dixe-

446 1820 665 1863 oumem
710 1811 990 1874 operatum
1035 1809 1120 1857 est
1146 1799 1199 1856 in
1229 1799 1387 1855 nobis
1424 1797 1936 1868 concupiscentiam.
1967 1796 2025 1851 in
2057 1782 2102 1843 Β
2131 1789 2201 1844 rit
2222 1801 2501 1859 peccatum
2516 1803 2788 1851 mortuum
2804 1810 2925 1852 esse
2952 1806 3006 1853 et
3034 1799 3319 1868 revixisse,
3335 1803 3556 1858 videtur
3576 1809 3718 1862 enim

444 1912 513 1953 eo
563 1908 795 1966 namque
821 1894 876 1948 in
917 1907 1024 1963 quo
1054 1890 1386 1960 concupiscit
1428 1902 1560 1945 caro
1608 1887 1871 1942 adversus
1917 1885 2025 1955 spi-

445 1992 631 2057 ritum,
653 1990 707 2045 id
734 1996 834 2053 est,
866 1989 1124 2044 adversus
1152 1986 1349 2059 legem,
1371 2000 1489 2056 qua:
1532 1983 1695 2049 dicit,
1730 1982 1853 2037 Non
1893 1998 2023 2037 con-

440 2084 675 2153 cupisces
693 2122 709 2147 ,
738 2080 901 2137 etiam
925 2080 1241 2135 adversatur
1268 2078 1343 2145 ei,
1375 2086 1431 2133 et
1455 2086 1729 2133 certamen
1764 2075 2025 2146 quodam-

440 2173 605 2229 inodo
632 2170 789 2243 gerit,
806 2180 865 2226 ut
883 2186 988 2226 non
1018 2169 1189 2226 solum
1225 2168 1673 2238 concupiscentiae
1702 2164 2020 2231 satisfaciat,

442 2266 537 2322 sed
565 2266 726 2321 etiam
756 2263 1123 2319 adversarium
1148 2261 1348 2316 vincat.
1390 2259 1515 2315 ilice
1547 2268 1781 2328 estergo
1807 2257 2024 2313 occasio

438 2376 607 2431 quam
645 2357 776 2415 dicit
815 2356 1001 2413 venire
1037 2370 1103 2410 ex
1131 2354 1418 2419 mandato;
1458 2352 1643 2408 nescio
1687 2364 1794 2422 quo
1820 2349 2020 2405 etenim

440 2462 600 2524 pacto
625 2467 689 2508 ea
712 2466 830 2521 qure
849 2447 1200 2519 prohibentur
1234 2445 1510 2500 ardentius
1545 2443 1938 2506 desiderantur,
1967 2450 2023 2496 et

438 2544 564 2598 ideo
606 2557 729 2597 cum
773 2540 1086 2595 mandatum
1130 2545 1402 2602 sanetum,
1432 2544 1490 2591 et
1511 2534 1718 2603 justum
1746 2541 1803 2588 et
1820 2534 2017 2587 bonum

435 2636 512 2690 sit
560 2634 724 2706 (quod
751 2633 897 2687 enim
926 2630 1175 2702 prohibet
1203 2627 1426 2693 malum,
1467 2625 1777 2682 necessario
1816 2625 2020 2680 bonum

439 2724 557 2803 est).
584 2725 709 2779 dum
749 2721 1085 2792 prohibendo
1133 2716 1624 2789 concupiscentiam
1681 2715 1852 2786 magis
1897 2728 2017 2768 eam

433 2823 694 2887 provocat
721 2824 775 2869 et
816 2812 1132 2876 inﬂammat,
1163 2825 1261 2880 per
1308 2807 1511 2863 bonum
1562 2807 1691 2862 mihi
1735 2815 2018 2876 operatum

437 2916 525 2962 est
563 2915 811 2961 mortem.
865 2902 1072 2957 lndica‘t
1105 2908 1283 2956 tamen
1324 2896 1614 2968 Apostolus
1645 2896 1700 2951 in
1728 2896 1829 2961 his,
1874 2895 2018 2966 quod

434 2998 589 3069 origo
614 2995 816 3067 peccati
843 3009 909 3050 ex
939 2990 1378 3062 concupiscentia
1404 2996 1524 3045 orta
1565 2989 1655 3052 sit,
1681 2987 1806 3043 dum
1835 2985 2018 3056 prohi-

434 3089 633 3145 bentur
656 3103 689 3143 tt
718 3087 856 3158 lege,
882 3087 996 3142 sive
1015 3083 1203 3155 Moysi,
1219 3099 1338 3154 quae
1350 3082 1507 3149 dicit,
1530 3097 1634 3135 non
1661 3079 2013 3150 concupisces,

430 3178 550 3234 sive
576 3177 765 3243 etiam,
807 3184 861 3231 ut
890 3190 1056 3245 supra
1098 3173 1468 3244 exposuimus,
1508 3168 1761 3236 naturali,
1791 3183 1857 3224 eo
1884 3184 2014 3223 con-

2130 1879 2256 1949 quia
2286 1895 2393 1937 non
2438 1882 2613 1951 possit
2639 1884 2747 1940 dici
2789 1897 3086 1954 mortuum,
3118 1890 3221 1945 nisi
3255 1893 3401 1961 quod
3430 1893 3723 1964 aliquando

2127 1973 2344 2040 vixerit,
2359 1982 2413 2029 et
2435 1976 2781 2047 postmodum
2799 1979 2905 2057 vita
2922 1983 3179 2037 caruerit.
3198 1982 3304 2041 Sed
3316 1995 3373 2039 et
3386 1987 3491 2042 hoc
3515 1987 3717 2058 ipsum,

2128 2064 2273 2134 quod
2319 2064 2470 2131 dicit,
2505 2067 2710 2134 revixit,
2757 2084 2868 2124 non
2917 2086 3091 2141 nuper
3142 2073 3324 2128 datam
3368 2075 3578 2143 vitam,
3625 2082 3719 2135 sezl

2128 2154 2366 2224 priorem
2399 2156 2663 2212 redditam
2698 2157 2876 2226 docet,
2923 2160 3039 2231 ipse
3082 2163 3225 2219 enim
3277 2181 3477 2234 sermo,
3508 2172 3717 2238 recidi,

2124 2261 2342 2304 rursum
2369 2248 2574 2306 vixisse
2610 2250 2899 2322 signiﬁcat.
2938 2252 3048 2309 Nos
3091 2265 3274 2312 autem
3308 2271 3540 2316 mortem
3577 2264 3720 2320 hanc

2123 2339 2333 2409 peccati
2363 2338 2625 2396 beneﬂcio
2652 2342 2745 2397 Dei
2768 2342 2952 2398 datam
2978 2345 3207 2402 dicimus
3236 2356 3479 2417 tempore
3499 2367 3572 2409 co
3610 2371 3721 2424 quo

2122 2430 2242 2485 sine
2292 2429 2413 2501 lege
2442 2430 2797 2499 vivebamus;
2824 2436 2965 2504 quod
3004 2445 3060 2492 et
3084 2438 3131 2493 si
3176 2441 3427 2497 veniente
3457 2448 3718 2502 mandato

2121 2522 2267 2593 quod
2287 2532 2556 2589 sanctum,
2586 2533 2642 2580 et
2657 2524 2889 2595 justum,
2913 2539 2969 2585 et
2993 2529 3193 2587 bonum
3214 2545 3321 2601 est,
3351 2540 3639 2596 reviviscit
3658 2543 3716 2598 in

2127 2616 2286 2671 nobis
2308 2625 2614 2687 peccatum,
2642 2626 2697 2675 et
2726 2621 2930 2677 occidit
2956 2638 3091 2679 nos:
3121 2625 3413 2684 Peccatum
3433 2632 3587 2688 enim
3627 2650 3718 2691 ac-

2119 2716 2280 2777 cepta
2310 2710 2596 2766 occasione
2619 2727 2718 2782 per
2748 2714 3062 2770 mandatum
3114 2719 3333 2774 seduxit
3358 2735 3467 2789 me,
3512 2734 3574 2779 et
3618 2743 3721 2797 per

2119 2797 2252 2854 illud
2279 2800 2491 2867 occidit,
2508 2818 2615 2858 non
2642 2812 2726 2860 est
2743 2807 3020 2863 accusatio
3043 2812 3284 2868 mandati
3312 2828 3413 2885 per
3435 2816 3539 2873 hoc
3566 2820 3714 2889 quod

2115 2894 2476 2961 occasionem,
2508 2910 2615 2965 qua
2640 2899 2842 2955 occidit
2889 2916 2977 2958 me
3003 2915 3305 2973 peccatum,
3330 2910 3551 2968 venisse
3580 2914 3716 2970 dicit

2122 2998 2193 3037 ex
2242 2985 2519 3052 mandato,
2548 2986 2642 3042 sed
2673 2988 2788 3045 haec
2810 3001 2895 3046 est
2927 2992 3056 3052 dicti
3088 2995 3247 3064 huius
3293 3006 3707 3072 consequentia.

2118 3072 2229 3130 Lex
2257 3076 2457 3132 dicitur
2475 3093 2597 3148 quae
2623 3080 2781 3137 docet
2823 3085 2957 3154 quid
3006 3085 3127 3142 fieri
3156 3088 3378 3157 debeat,
3429 3095 3561 3163 quid
3614 3112 3711 3151 ca-

2117 3165 2250 3220 veri.
2277 3165 2509 3224 Necesse
2537 3179 2621 3225 est
2645 3180 2705 3227 ut
2732 3172 2861 3230 illud
2890 3177 3034 3246 quod
3061 3179 3245 3235 caveri
3293 3182 3425 3239 dicit
3476 3186 3713 3244 edoceat

436 3267 718 3323 tentiosius
738 3264 879 3335 quod
902 3263 1236 3335 prohibetur,
1262 3260 1553 3330 expetitur.
1573 3257 1862 3313 Sciendum
1881 3270 2013 3313 sane
2034 3296 2055 3322 ,
2113 3255 2271 3324 quale
2295 3257 2385 3324 sit,
2422 3274 2529 3329 quo
2576 3276 2675 3332 per
2699 3263 2804 3320 hoc
2842 3269 3023 3324 caveri
3061 3269 3274 3329 facilius
3297 3277 3512 3345 possit:
3544 3296 3710 3336 neuio

429 3368 520 3416 est
566 3359 709 3430 quod
755 3354 1186 3426 concupiscentia
1214 3355 1302 3409 hic
1332 3353 1615 3423 culpabilis
1649 3353 1904 3423 ponitur:
1929 3360 2013 3407 est
2112 3346 2258 3401 enim
2289 3358 2469 3418 potest
2497 3352 2671 3410 vitare
2698 3358 2840 3425 quod
2861 3362 3055 3417 nescit.
3092 3362 3152 3418 Si
3174 3367 3297 3436 quis
3322 3383 3454 3439 ergo
3473 3372 3710 3429 edoctus

430 3458 615 3505 autem
646 3447 701 3502 in
730 3445 915 3501 multis
944 3454 999 3500 et
1048 3443 1330 3499 laudabilis
1375 3442 1516 3498 sicut
1562 3456 1726 3512 supra
1768 3442 2011 3497 ostendi-
2109 3452 2209 3508 per
2236 3439 2434 3512 legem,
2455 3443 2617 3513 quale
2642 3446 2715 3503 sit
2748 3447 2804 3504 id
2826 3451 2969 3520 quod
3012 3468 3212 3511 cavere
3237 3456 3416 3526 debet,
3454 3477 3567 3517 non
3593 3471 3705 3520 tam

426 3554 600 3596 mus:
633 3537 763 3594 Sine
805 3538 914 3607 lege
952 3536 1089 3589 enim
1135 3542 1402 3606 peccatum
1442 3544 1707 3588 mortuum
1754 3541 1852 3587 est.
1894 3532 2009 3603 Ego
2110 3543 2318 3601 caveat,
2366 3552 2531 3607 quam
2580 3537 2744 3596 faciat
2786 3541 2948 3610 illud,
3002 3549 3342 3605 occasionem
3374 3554 3603 3623 quiilem
3630 3557 3708 3613 te.

431 3639 605 3685 autem
630 3627 861 3684 vivebam
885 3626 997 3681 sine
1025 3625 1133 3697 lege
1157 3623 1581 3715 aliquandoued
1603 3624 1691 3678 ubi
1706 3625 1838 3679 venit
1860 3640 2009 3678 man-
2110 3624 2194 3715 gis
2225 3639 2330 3681 non
2364 3625 2622 3684 facienda:
2655 3632 2734 3686 rei
2779 3633 3060 3690 scientiam
3092 3637 3362 3695 videbitur
3398 3646 3700 3715 accepisse.

430 3719 636 3785 datum,
677 3725 943 3788 peccatum
974 3715 1176 3770 revixit.
1214 3712 1328 3784 Ego
1366 3723 1542 3768 autem
1589 3722 1825 3766 mortuus
1865 3728 2004 3778 sum,

428 3820 478 3866 et
506 3812 772 3866 inventum
797 3817 871 3864 est
901 3807 1029 3862 mihi
1069 3806 1397 3873 mandatum,
1420 3806 1558 3878 quod
1583 3814 1694 3860 erat
1723 3805 1792 3859 ad
1820 3807 2002 3871 vitam,

420 3900 526 3954 hoc
568 3915 678 3955 esse
715 3897 784 3953 ad
824 3906 1060 3952 mortem.
1094 3896 1171 3951 De
1202 3897 1283 3952 his
1328 3911 1465 3967 pene
1491 3897 1741 3953 omnibus
1787 3894 1899 3966 jam
1949 3897 2003 3952 in

426 3991 797 4061 superioribus
824 3989 979 4060 plene
1022 3997 1310 4045 tractatum
1357 3996 1479 4043 est:
1517 3986 1658 4043 unde
1709 4003 1778 4044 ne
1815 3989 2003 4044 cadent

427 4083 622 4153 schius
653 4080 1008 4145 revolvamus,
1041 4080 1277 4136 breviter
1303 4095 1424 4149 quae
1470 4079 1611 4134 dicta
1650 4090 1780 4134 sunt
1809 4081 1859 4135 in
1891 4096 2003 4135 me-

428 4178 656 4233 moriam
708 4176 1100 4232 revocabimus.
1151 4174 1283 4230 Siue
1327 4175 1441 4246 lege
1487 4183 1670 4229 autem
1717 4183 1999 4244 peccatum

426 4279 697 4324 mortuum
731 4283 853 4323 esse
896 4267 946 4321 in
986 4267 1160 4329 nobis,
1193 4267 1296 4321 hoc
1329 4273 1412 4320 est
1438 4275 1727 4336 antequam
1754 4281 1851 4337 per
1870 4274 2001 4322 teta-

426 4367 534 4414 tem
568 4356 905 4413 rationabilis
954 4355 1091 4411 intra
1145 4370 1240 4410 nos
1286 4370 1475 4412 sensus
1509 4355 1712 4428 vigeret
1755 4357 1998 4412 ostendi-

2108 3714 2215 3770 Sed
2256 3717 2339 3771 lex
2380 3734 2485 3773 non
2517 3720 2717 3777 idcirco
2740 3738 2864 3778 eum
2902 3726 3163 3784 docuerat
3208 3740 3269 3785 ut
3308 3731 3514 3789 faceret
3540 3714 3701 3808 quod

2107 3821 2213 3862 non
2257 3808 2482 3875 debeat,
2524 3820 2579 3868 et
2636 3825 2964 3882 moreretur,
2995 3819 3089 3873 sed
3136 3828 3197 3874 ut
3230 3836 3335 3877 non
3377 3824 3609 3891 faceret,
3645 3836 3707 3883 et

2105 3898 2331 3954 viveret.
2359 3900 2451 3956 Sic
2493 3919 2623 3974 ergo
2661 3916 2942 3975 peccatum
2990 3913 3277 3969 occasione
3326 3928 3550 3988 accepta
3600 3935 3704 3991 per

2106 3994 2417 4048 mandatum
2439 3997 2654 4052 seduxit
2672 4015 2779 4065 me,
2797 4010 2854 4056 et
2874 4017 2971 4073 per
3014 4004 3145 4061 illud
3165 4008 3390 4075 occidit;
3422 4022 3519 4067 aut
3542 4028 3703 4071 certe

2104 4081 2228 4147 quia
2254 4083 2411 4173 dixit,
2444 4096 2725 4155 peceatum
2757 4106 2855 4160 per
2886 4095 3199 4152 mandatum
3231 4101 3447 4157 seduxit
3490 4120 3602 4173 me,
3642 4120 3697 4163 et

2102 4186 2199 4241 per
2242 4172 2369 4229 illud
2424 4177 2660 4244 occidit,
2707 4190 2887 4249 potest
2936 4184 3025 4239 hic
3061 4196 3342 4257 peccatum
3394 4193 3483 4247 vel
3513 4172 3695 4265 ipsum

2102 4274 2378 4353 auctorem
2430 4269 2631 4325 dixisse
2677 4274 2927 4343 peccati,
2978 4276 3046 4332 de
3093 4294 3201 4348 quo
3251 4283 3515 4353 scriptum
3558 4297 3690 4343 est:

2102 4350 2326 4424 Serpens
2367 4356 2574 4411 seduxit
2601 4374 2681 4413 me
2720 4358 2879 4430 (Gen.
2921 4363 3041 4436 Ill);
3071 4365 3153 4421 vel
3200 4350 3379 4424 etiath
3394 4386 3692 4441 personam

426 4465 566 4514 mus,
602 4464 723 4503 cum
762 4448 923 4503 etiam
966 4447 1270 4518 exemplum
1311 4447 1464 4518 pueri
1513 4447 1865 4517 percutientis
1905 4465 1995 4520 pa.
2028 4469 2076 4529 ι)
2103 4441 2321 4499 [iniisse
2346 4453 2589 4514 peccato,
2621 4463 2742 4519 qua:
2790 4451 2906 4508 visa
2960 4455 3032 4509 sit
3080 4457 3356 4516 hominem
3403 4465 3691 4523 seduxisse

422 4549 562 4595 trem
599 4547 690 4594 aut
734 4550 984 4604 matrem,
1011 4540 1094 4594 vel
1122 4540 1489 4595 maledicentis
1531 4541 1889 4606 adduximus;
1944 4542 1997 4595 in

423 4646 532 4702 quo
573 4629 866 4687 secundum
908 4631 1079 4703 legem
1125 4632 1341 4705 quidem
1384 4629 1761 4702 prohibentem
1792 4634 1998 4703 percuti

425 4722 507 4780 vel
558 4720 802 4779 maledici
840 4730 1047 4792 patrem
1082 4731 1173 4775 aut
1228 4731 1452 4778 matrem
1480 4762 1495 4787 ,
1548 4733 1828 4793 peceatum
1881 4724 1998 4781 fieri

424 4816 675 4872 videtur:
718 4815 811 4871 sed
841 4813 982 4869 istud
1021 4825 1297 4884 peccatum
1326 4823 1595 4869 mortuum
1626 4831 1749 4870 esse
1778 4816 1998 4884 dicitur,

421 4907 549 4977 quia
592 4906 674 4961 lex
703 4905 937 4961 nondum
988 4908 1141 4959 aest
1190 4905 1242 4959 in
1286 4920 1483 4975 puero,
1510 4922 1629 4975 quia
1656 4922 1780 4961 cum
1808 4908 1999 4963 doceat

421 5000 527 5053 hoc
552 4998 695 5067 quod
721 4996 852 5053 facit
881 4996 996 5052 ﬁeri
1022 5013 1127 5051 non
1165 4994 1324 5050 licere
1355 5016 1366 5050 :
1398 4996 1514 5051 sine
1549 4997 1650 5053 hac
1674 5009 1856 5053 autem
1880 4998 1995 5069 lege

422 5098 478 5143 et
527 5088 746 5143 l’aulum
803 5097 859 5143 et
922 5104 1110 5145 omnes
1166 5087 1413 5143 homines
1482 5098 1690 5143 certum
1752 5098 1836 5144 est
1899 5089 1997 5144 ali-

420 5177 638 5247 quando
666 5177 883 5242 vixissc,
907 5177 1009 5233 hoc
1021 5187 1127 5243 est,
1144 5178 1196 5232 in
1217 5185 1376 5232 :etate
1404 5178 1594 5247 puerili
1614 5194 1627 5243 ;
1644 5193 1834 5234 omnes
1849 5180 1992 5234 enim

419 5268 670 5324 similiter
713 5283 811 5339 per
859 5268 988 5324 illud
1041 5278 1250 5338 tempus
1299 5269 1534 5325 nondum
1577 5285 1805 5340 capaces
1837 5270 1996 5340 hujus

422 5358 683 5414 naturalis
710 5359 842 5428 legis
868 5357 1187 5413 existebant.
1218 5356 1349 5411 Nam
1369 5358 1553 5427 utique
1581 5374 1687 5413 non
1718 5358 1993 5414 videretur

420 5449 489 5505 de
532 5450 635 5506 hoc
678 5449 826 5503 Pauli
863 5463 988 5503 vera
1038 5462 1158 5502 esse
1208 5446 1501 5516 professio;
1532 5447 1801 5517 quomodo
1846 5449 1989 5504 cnim

420 5541 537 5596 sine
565 5542 679 5612 lege
708 5540 871 5611 Moysi
899 5541 1210 5611 probabitur
1236 5539 1429 5595 Paulus
1462 5539 1749 5610 aliquando
1772 5541 1989 5604 vixisse,

418 5644 543 5682 cnim
579 5630 693 5697 ipse
721 5645 777 5685 se
811 5630 1095 5685 llcbrieum
1150 5646 1213 5685 ex
1258 5629 1520 5697 Hebraeis,
1569 5640 1625 5686 et
1669 5640 1859 5686 octavo
1906 5632 1993 5687 die

418 5723 796 5782 circumcisum
819 5724 1112 5779 secundent
1135 5724 1264 5788 legis
1288 5733 1557 5796 praecepta
1583 5725 1814 5780 fateatur
1836 5723 1990 5795 (Phi-

2099 4535 2383 4625 occasione
2419 4540 2678 4604 mandati,
2714 4551 2775 4597 ut
2798 4559 3019 4601 suavem
3058 4546 3262 4605 faceret
3290 4557 3690 4625 concupiscu-

2095 4623 2244 4689 tiam,
2274 4633 2331 4681 et
2355 4626 2555 4693 anima,
2600 4627 2726 4685 dum
2780 4633 3047 4690 suavitate
3083 4623 3539 4709 concupiscentia
3586 4646 3686 4700 de-

2093 4713 2359 4784 lectatur,
2400 4720 2804 4787 praevaricando
2845 4727 3191 4796 mandatum,
3237 4734 3383 4800 quod
3422 4736 3683 4793 dicebat:

2096 4803 2219 4860 Non
2245 4808 2598 4877 concupisces,
2634 4824 2956 4869 moreretur.
2994 4815 3099 4873 Sed
3140 4833 3211 4874 ne
3242 4822 3368 4890 quis
3394 4822 3501 4878 hoc
3528 4841 3688 4880 man»

2095 4894 2222 4951 dato
2264 4896 2399 4969 legis
2443 4900 2770 4968 ascriberet,
2820 4906 2962 4974 quod
3005 4910 3293 4966 occasione
3340 4916 3601 4985 praecepti
3652 4933 3683 4970 a

2096 4998 2318 5058 peccato
2341 4990 2562 5046 seducta
2597 5003 2682 5048 est
2708 4994 2888 5050 anima
2913 5006 2969 5051 et
3008 4999 3209 5064 occisa,
3240 5000 3520 5074 subjungit
3536 5009 3687 5075 Apo-

2096 5081 2266 5136 stolus
2284 5089 2339 5136 et
2366 5084 2496 5139 dicit
2523 5103 2539 5139 :
2573 5084 2759 5158 Itaque
2797 5088 2884 5143 (ea:
2913 5091 3119 5162 quidem
3160 5105 3368 5160 sancta,
3390 5108 3438 5152 et
3462 5100 3688 5152 manda-

2095 5183 2206 5227 tum
2241 5184 2501 5241 sanctum,
2532 5186 2579 5231 ει
2599 5177 2830 5247 justum,
2853 5191 2900 5234 et
2931 5183 3157 5247 bonum;
3186 5185 3387 5241 bonum
3441 5203 3687 5259 namque

2095 5271 2179 5320 est
2207 5265 2516 5320 mandatum
2548 5277 2604 5321 et
2630 5267 2715 5322 lex
2740 5280 2928 5325 sancta
2965 5279 3070 5336 est,
3092 5272 3235 5327 bona
3262 5275 3407 5330 enim
3432 5279 3685 5348 praecipit

2097 5365 2152 5410 et
2196 5356 2463 5412 honorum
2509 5358 2905 5417 observantiam
2953 5366 3191 5421 mandat.
3234 5366 3391 5431 Quod
3423 5387 3568 5439 ergo,
3597 5372 3687 5426 in-

2098 5446 2234 5515 quit,
2267 5444 2456 5501 bonun't
2481 5458 2586 5514 est,
2618 5451 2745 5505 mihi
2789 5452 2988 5521 factum
3034 5464 3109 5508 est
3160 5457 3341 5510 mors?
3362 5458 3533 5513 Absit.
3578 5458 3688 5515 Ob-

2093 5533 2381 5603 jectioncm
2434 5554 2564 5593 vero
2610 5540 2802 5595 refellit
2853 5545 3160 5601 necessario
3222 5560 3683 5617 consurgentem,

2098 5640 2155 5684 et
2186 5629 2337 5694 dicit,
2383 5646 2490 5685 non
2529 5633 2672 5702 quod
2720 5635 2916 5689 bonum
2966 5636 3101 5707 legis
3140 5646 3195 5691 et
3243 5637 3487 5694 mandati
3530 5656 3685 5694 mor-

2103 5730 2210 5777 tem
2245 5723 2377 5778 mihi
2406 5722 2681 5791 intulerit;
2723 5727 2817 5782 sel
2846 5737 3145 5797 peccatum,
3182 5727 3376 5799 inquit,
3425 5739 3485 5784 ut
3514 5745 3684 5801 quam
