3998 6202
332 385 471 460 tias

864 395 1417 457 ENARRATIONUM
1452 395 1520 452 IN
1562 394 1711 452 EPP.
1750 392 1960 452 PAULI
1996 348 2125 449 LIB.
2164 393 2257 451 lli.
2294 425 2363 438 --
2399 394 2467 451 1N
2503 394 2722 453 EPIST.
2762 394 2856 452 AD
2894 394 3069 454 ROM.

3455 402 3635 459 1826³

328 523 576 589 iniquum
595 514 1287 588 sitappareat,perbonum
1308 512 1438 568 mihi
1461 510 1641 567 intulit
1662 515 1910 565 mortem.
1941 508 1992 568 Α
2018 504 2249 562 vitaliter
2297 507 2566 579 intelligit,
2616 494 2709 563 lex
2745 508 3002 579 spiritalis
3044 509 3477 581 est‘ct‘S'p’lritus
3515 515 3589 567 vi-

328 612 536 667 Bouum
575 621 809 679 namque
855 619 939 663 est
988 606 1302 660 mandatum
1355 603 1401 659 si
1460 611 1833 665 conservatur,
1870 600 1926 656 si.

325 718 463 758 vero
500 716 608 756 non
638 707 908 764 servetur,
946 696 1254 753 necessario
1310 695 1510 750 malum
1559 694 1663 749 erit
1709 693 1786 747 illi
1823 693 1916 763 qui

326 791 624 866 perdiderit
650 790 873 846 bonum.
926 788 1014 844 Fit
1040 802 1168 859 ergo
1201 788 1374 858 ipsum
1422 792 1705 857 peccatum
1752 799 1916 855 supra

328 883 547 940 modum
575 890 828 954 peccator
862 894 929 935 ex
967 880 1254 935 occasione
1282 877 1542 932 mandati.
1591 876 1836 931 Diximus
1861 885 1917 931 et

328 973 580 1045 superius
605 970 748 1041 quod
770 970 923 1041 quasi
955 984 1240 1040 personam
1264 967 1485 1022 ﬁnxerit
1512 966 1742 1035 peccati,
1768 975 1823 1020 et
1848 965 1915 1020 de

331 1065 448 1136 ipsa
477 1064 624 1119 dicat
650 1076 813 1131 supra
844 1060 1059 1115 modum
1083 1066 1422 1129 peccatorem
1450 1055 1700 1112 effectum
1738 1056 1913 1125 ipsum

331 1160 635 1225 peccatum,
683 1151 751 1206 de
786 1150 941 1220 cujus
989 1162 1219 1218 persona
1247 1146 1487 1217 loquitur
1520 1160 1589 1201 ex
1631 1144 1914 1200 occasione

333 1243 570 1300 mandati
588 1258 603 1297 :
620 1241 797 1296 minus
820 1241 963 1296 enim
984 1237 1192 1310 peccati
1218 1245 1319 1302 est,
1350 1236 1395 1291 si
1422 1235 1475 1290 id
1501 1235 1644 1305 quod
1667 1249 1772 1290 non
1797 1248 1917 1305 pro—

331 1336 548 1393 hibetur
571 1333 856 1398 admittas;
881 1331 930 1386 si
952 1344 1083 1386 vero
1108 1329 1274 1385 vetita
1293 1336 1349 1384 et
1376 1328 1663 1383 interdicta
1689 1325 1915 1382 commi-

330 1429 469 1484 seris
498 1442 660 1499 supra
686 1426 927 1489 modum,
960 1431 1018 1477 ut
1045 1423 1122 1477 ita
1156 1421 1354 1486 dicam,
1377 1427 1630 1491 peccator
1655 1433 1743 1482 es,
1785 1418 1913 1489 quia

330 1536 440 1576 non
474 1519 646 1576 solum
684 1514 1039 1581 commisisti,
1092 1513 1237 1585 quod
1281 1527 1387 1567 non
1434 1510 1686 1577 debuisti,
1737 1510 1831 1566 sed
1860 1518 1915 1564 ct

328 1620 656 1685 praeceptum
682 1609 1067 1681 praevaricatus
1092 1622 1171 1662 es.
1213 1604 1369 1674 Quod
1423 1612 1603 1659 autem
1637 1603 1872 1658 diximus
1894 1641 1909 1667 ,

329 1715 597 1778 peccatum
625 1712 887 1775 peccator,
930 1698 1216 1757 maluimus
1260 1697 1451 1752 vitium
1509 1695 1778 1752 sermonis
1826 1709 1914 1749 re-

328 1798 512 1867 cipere
559 1809 721 1866 quam
771 1806 993 1848 sensum
1040 1788 1282 1861 Apostoli
1330 1803 1437 1844 uon
1476 1787 1682 1857 integre
1732 1786 1914 1857 expri-

2017 595 2279 651 vilicans:
2310 596 2401 666 qui
2435 612 2565 652 vero
2615 599 2905 654 carnaliter
2951 598 3039 653 lex
3082 598 3300 666 litteris,
3328 612 3383 656 et
3413 603 3609 660 littera-

2016 687 2267 743 occidens
2298 701 2419 743 esse
2452 697 2799 745 memoratur.
2832 688 2984 757 Quod
3012 705 3139 746 vero
3174 692 3323 758 dicit,
3350 693 3460 764 Ego
3499 712 3596 749 au-

2015 785 2114 830 tem
2147 775 2375 831 carnalis
2423 793 2568 841 sum,
2601 779 2925 835 venundatus
2969 781 3063 835 sub
3102 793 3335 852 peccato,
3366 785 3455 839 hic
3480 784 3596 856 jam

2018 877 2272 937 tanquam
2314 869 2504 923 doctor
2534 869 2788 927 Ecclesiae
2810 887 3094 942 personam
3137 875 3189 929 in
3241 878 3591 948 semetipsum

2016 957 2239 1027 suscipit
2262 957 2615 1021 inﬁrmorum,
2630 973 2852 1032 propter
2875 964 3018 1032 quod
3037 973 3093 1019 et
3116 965 3243 1020 alibi
3268 967 3405 1022 dixit
3431 986 3443 1021 :
3474 966 3591 1022 Fa-

2015 1063 2129 1106 ctus
2146 1069 2263 1106 sum
2292 1052 2515 1121 inﬁrmis
2533 1052 2792 1122 inﬁrmus,
2809 1065 2866 1107 ut
2888 1056 3124 1125 inﬁrmos
3145 1058 3451 1130 lucrarer~(1
3463 1058 3588 1115 Cor.

2016 1139 2125 1211 rx).
2171 1141 2239 1196 Et
2284 1141 2374 1195 hic
2407 1154 2536 1211 ergo
2586 1140 2974 1201 inﬁrmioribus
3022 1148 3346 1219 quibusque,
3380 1150 3434 1206 id
3484 1160 3590 1216 est,

2014 1230 2343 1294 carnalibus,
2374 1239 2433 1286 et
2459 1230 2549 1301 qui
2580 1232 2680 1287 sub
2715 1242 2942 1301 peccato
2980 1239 3270 1293 venundati
3299 1248 3440 1302 sunt,
3474 1240 3592 1296 elli-

2015 1326 2159 1379 citur
2186 1324 2385 1379 Paulus
2415 1324 2668 1387 carnalis,
2695 1334 2750 1379 et
2778 1324 2881 1381 sub
2901 1339 3126 1396 peccato
3153 1333 3507 1397 venundatus,
3537 1342 3595 1389 et

2014 1414 2255 1484 loquitur
2273 1429 2336 1471 ea
2365 1429 2484 1484 qua:
2530 1414 2635 1469 illis
2672 1414 2818 1487 loqui
2851 1417 3022 1473 moris
3048 1428 3151 1486 est,
3184 1419 3268 1475 vel
3290 1424 3597 1479 excusatio,

2015 1510 2102 1564 nis
2132 1509 2217 1565 vel
2246 1509 2671 1566 inexcusationis
2715 1511 2961 1567 obtentu.
2992 1512 3084 1568 Ait
3123 1527 3254 1586 ergo
3279 1514 3347 1570 de
3372 1530 3431 1571 se
3476 1524 3593 1570 tan-

2014 1616 2177 1671 quam
2212 1616 2278 1656 ex
2303 1616 2536 1671 persona
2575 1600 2789 1657 illorum
2829 1603 3054 1674 loquens
3084 1624 3097 1661 :
3136 1606 3246 1678 Ego
3274 1618 3449 1663 autem
3479 1625 3603 1663 car-1

2016 1695 2152 1747 nalis
2179 1709 2317 1760 sum,
2345 1692 2670 1748 venundatus
2719 1695 2815 1749 sub
2861 1707 3093 1765 peccato,
3124 1697 3227 1753 hoc
3262 1706 3366 1763 est,
3403 1712 3599 1755 secun-

2015 1785 2141 1841 dum
2170 1799 2393 1840 carnem
2422 1784 2629 1849 vivens,
2661 1786 2793 1841 etin
2825 1789 3028 1857 peccati
3058 1796 3378 1858 potestatem
3417 1790 3595 1846 libidi-

329 1903 511 1954 tuere,
563 1886 688 1957 quia
756 1884 811 1940 in
872 1882 1066 1938 Latino
1129 1894 1380 1938 sermone
1454 1879 1763 1951 angustavit
1812 1893 1913 1933 nos
1941 1889 1989 1949 Β
2017 1878 2101 1934 nis
2149 1887 2204 1935 et
2241 1879 2692 1949 concupiscentiae
2723 1880 2901 1950 pretio
2954 1882 3225 1938 redactus.
3259 1882 3443 1954 (Aug.)
3480 1882 3598 1939 Sci-

328 1994 524 2035 nouten
551 1974 783 2049 peccati,
834 1974 977 2046 quod
1021 1984 1214 2029 neutro
1242 1985 1439 2044 genere
1483 1970 1806 2036 declinatur,
1855 1970 1910 2025 in

328 2069 518 2126 ϐιωεο
539 2083 670 2123 vero
694 2065 1007 2122 femininum
1034 2073 1141 2130 est,
1171 2071 1225 2119 et
1249 2064 1371 2120 ideo
1416 2069 1755 2134 pcecatorem
1785 2075 1909 2115 eum

329 2176 430 2216 nos
457 2158 864 2229 appellavimus,
883 2171 1009 2210 nam
1038 2155 1111 2211 ibi
1134 2154 1407 2226 peccatrix
1435 2152 1687 2224 appellari
1710 2160 1906 2222 potest.

400 2250 607 2306 Scimus
653 2259 859 2315 autem,
900 2248 1025 2318 quia
1075 2246 1160 2302 lea:
1186 2244 1440 2318 spiritalis
1485 2254 1584 2312 est,
1628 2261 1720 2316 ego
1770 2246 1910 2300 enim

327 2339 559 2396 carnalis
594 2355 733 2405 sum,
760 2337 1089 2392 venundatus
1135 2338 1230 2393 sub
1276 2347 1506 2408 peccato.
1544 2336 1727 2409 (Aug)
1758 2336 1912 2404 Quod

329 2442 509 2488 autem
539 2432 633 2497 ait,
659 2429 981 2485 venundatus
1009 2446 1126 2484 sum
1144 2438 1374 2501 peccato,
1399 2428 1801 2500 intelligendum
1826 2435 1915 2483 est

329 2524 474 2596 quod
509 2523 875 2594 unusquisque
920 2521 1192 2592 peccando
1227 2521 1463 2575 animam
1501 2526 1657 2576 suam
1695 2518 1912 2574 diabolo

323 2614 535 2680 vendit,
558 2612 776 2683 accepta
813 2624 1070 2682 tanquam
1112 2612 1285 2682 pretio
1331 2611 1612 2677 dulcedine
1644 2619 1912 2682 tempora-
1962 2666 1967 2670 ,

330 2707 399 2762 iis
433 2706 739 2778 voluptatis.
773 2705 925 2780 Unde
965 2713 1020 2761 et
1047 2704 1303 2760 Dominus
1345 2704 1673 2774 Redemptor
1726 2713 1914 2758 uoster

2012 1980 2129 2027 mus
2158 1972 2316 2037 enim,
2348 1970 2541 2042 inquit,
2570 1973 2696 2043 quia
2717 1971 2802 2026 lex
2845 1972 3099 2042 spiritalis
3124 1984 3233 2041 est,
3274 1991 3367 2046 ego
3420 1988 3597 2031 autem

2013 2059 2243 2115 carnalis
2262 2076 2399 2115 sum.
2424 2060 2480 2115 ln
2510 2075 2617 2132 quo
2636 2061 2769 2117 satis
2798 2063 3036 2118 ostendit
3064 2077 3170 2117 non
3201 2079 3361 2133 posse
3386 2065 3597 2136 impleri

2009 2151 2205 2222 legem,
2226 2151 2328 2206 nisi
2370 2166 2401 2205 a
2449 2151 2801 2222 spiritalibus,
2828 2153 3043 2223 quinon
3065 2154 3197 2208 ﬁunt
3229 2155 3328 2210 nisi
3352 2169 3450 2225 per
3470 2171 3595 2225 gra-

2012 2244 2143 2298 tiam
2176 2261 2189 2298 :
2213 2242 2442 2314 spiritali
2463 2243 2610 2299 enim
2638 2241 2741 2314 legi
2775 2252 2975 2314 quanto
3001 2244 3061 2300 ﬁt
3081 2245 3312 2316 quisque
3339 2245 3591 2313 similior,

2010 2335 2066 2391 id
2091 2343 2193 2400 est,
2218 2344 2421 2405 quanto
2448 2335 2620 2405 magis
2654 2344 2709 2390 et
2729 2335 2846 2405 ipse
2888 2335 2942 2390 in
2971 2336 3269 2406 spiritalem
3302 2338 3479 2409 surgit
3507 2336 3591 2392 af-

2012 2426 2233 2492 fectum,
2275 2434 2422 2482 tanto
2448 2427 2621 2497 magis
2649 2442 2768 2481 eam
2798 2426 2987 2497 implet
3025 2444 3040 2483 :
3089 2428 3215 2498 quia
3246 2436 3451 2498 quanto
3479 2444 3594 2483 ma-

2011 2517 2096 2590 gis
2139 2532 2201 2572 ea
2235 2515 2537 2573 delectatur
2571 2514 2684 2585 jam
2731 2528 2839 2572 non
2887 2519 2985 2573 sub
3037 2518 3155 2589 ejus
3194 2520 3413 2575 nomine
3457 2519 3595 2575 allli~

2012 2618 2133 2666 ctus
2163 2649 2179 2675 ,
2222 2608 2316 2664 sed
2372 2605 2488 2676 ejus
2544 2606 2746 2662 lumine
2797 2616 3113 2680 vegetatus,
3166 2607 3409 2683 (Ilion)
3465 2611 3594 2681 quia

2010 2710 2324 2773 prleceptum
2387 2692 2600 2755 Domini
2643 2698 2877 2775 lucidum
2928 2710 3004 2755 est
3053 2699 3367 2760 illuminans
3414 2701 3594 2757 oculos

326 2799 507 2854 dictus
534 2806 638 2865 est,
685 2798 812 2867 quia
859 2797 960 2851 hoc
1012 2795 1339 2867 modo,quo
1366 2794 1567 2851 dictum
1616 2804 1737 2861 est,
1782 2807 1914 2851 ven-
2006 2791 2204 2867 (Psal.
2241 2793 2428 2866 xvm),
2468 2802 2523 2849 et
2565 2812 2577 2848 :
2632 2793 2739 2849 Lex
2788 2793 3001 2849 Domini
3047 2794 3422 2862 imntaculata,
3471 2811 3597 2850 con-

329 2888 427 2943 diti
474 2902 711 2943 eramus.
766 2885 993 2959 (Οι-ἱῃ.)
1037 2886 1098 2942 Si
1146 2887 1234 2941 cui
1282 2885 1423 2942 forte
1464 2885 1554 2941 illa
1603 2886 1908 2957 expositio,
2012 2884 2498 2951 vertens‘animas,
2552 2883 2770 2957 (Ibid.)
2825 2884 2997 2956 gratia
3050 2885 3288 2965 donante
3332 2896 3593 2957 peccata»,

328 2996 491 3050 quam
550 2982 615 3035 de
670 2979 853 3049 legum
918 2977 1233 3035 diversitate
1288 2978 1643 3045 tenebamus,
1704 2978 1914 3033 violen-
2011 2982 2066 3031 et
2124 2973 2441 3030 infundente
2510 2973 2761 3046 spiritum
2829 2976 3151 3042 cbaritatis,
3214 2992 3324 3048 quo
3376 2988 3434 3032 et
3483 2992 3595 3034 non

333 3078 415 3126 ter
459 3079 784 3142 praesumpta
839 3070 1148 3135 videbatur,
1213 3062 1459 3124 advertat
1508 3084 1655 3124 nunc
1706 3068 1760 3124 in
1803 3068 1911 3125 hoc
2011 3066 2084 3121 sit
2130 3066 2394 3121 modestia
2453 3073 2509 3119 et
2554 3065 2629 3120 sit
2664 3065 2826 3120 etiam
2880 3066 3119 3137 jucunda
3170 3066 3401 3138 iustitia.
3445 3066 3593 3124 Scri-

328 3162 563 3233 capitulo
589 3202 604 3228 ,
649 3161 917 3232 quomodo
966 3176 1071 3216 non
1119 3159 1291 3216 solum
1329 3159 1526 3232 legum,
1563 3160 1658 3216 sed
1693 3167 1748 3215 et
1784 3174 1907 3231 per-
1950 3229 1977 3233 _
2010 3169 2162 3233 ptum
2218 3166 2301 3216 est
2365 3159 2419 3214 in
2483 3158 2741 3215 Malaebia
2791 3176 2806 3213 :

2861 3158 3172 3215 Mementote
3242 3160 3370 3232 legis
3424 3159 3597 3232 Moysi

328 3267 583 3307 sonarum
633 3252 922 3308 diversitas
957 3251 1337 3306 introducitur.
1374 3246 1509 3304 Nam
1549 3249 1770 3317 Paulus,
1812 3249 1905 3320 qui
1932 3229 1980 3290 Ο
2012 3254 2147 3308 servi
2190 3253 2326 3318 mei,
2366 3267 2525 3324 quam
2566 3249 2812 3305 mandavi
2853 3253 2899 3305 ei
2941 3252 2996 3306 in
3042 3249 3219 3307 Horeb
3261 3252 3330 3306 ad
3390 3267 3597 3308 omnem

331 3347 384 3400 iu
429 3344 549 3401 aliis
578 3344 713 3400 dixit
743 3343 827 3415 (ΙΙ
855 3343 978 3398 Cor.
1006 3342 1094 3413 χ),
1137 3342 1261 3398 Non
1306 3342 1442 3398 enim
1475 3342 1759 3397 secundum
1788 3358 1908 3396 car-

332 3454 448 3492 nem
491 3438 728 3504 vivimus,
774 3436 863 3492 sed
906 3436 1192 3491 secundum
1237 3452 1448 3490 carnem
1498 3433 1820 3501 militamus,
1854 3432 1908 3489 in

331 3527 583 3597 prmsenti
634 3527 751 3582 loco
805 3525 937 3581 dicit
979 3542 1039 3581 se
1079 3539 1200 3581 esse
1239 3524 1546 3592 carnalem,
1591 3533 1646 3580 et
1693 3525 1781 3580 hic
1808 3525 1909 3583 sub

328 3624 555 3687 peccato
574 3618 774 3673 dicitse
789 3632 908 3673 esse
924 3616 1316 3684 venundatum;
1341 3617 1431 3687 qui
1456 3618 1510 3670 in
1534 3617 1654 3672 aliis
1676 3616 1906 3684 dixerat,

337 3706 513 3762 Pretio
542 3707 697 3779 empti
729 3707 851 3762 estis
887 3706 939 3780 (Ι
981 3705 1104 3762 Cor.
1133 3706 1264 3780 vlt);
1296 3717 1349 3763 et
1394 3707 1589 3763 iterum
1624 3724 1636 3760 :
1668 3702 1908 3760 Christus

331 3815 426 3852 nos
451 3796 664 3852 redemit
697 3795 840 3870 (Gal.
865 3796 951 3868 ιιι)
972 3813 987 3863 ;
1012 3805 1067 3852 et
1098 3813 1313 3865 rursum
1346 3798 1399 3852 in
1421 3797 1542 3852 aliis
1571 3794 1706 3852 dixit
1734 3815 1747 3850 :
1778 3795 1907 3852 Vivo

330 3884 504 3942 autem
528 3887 648 3959 jam
673 3903 778 3943 non
812 3904 941 3958 ego;
968 3888 1085 3942 vivit
1107 3898 1281 3942 autem
1308 3888 1364 3942 in
1392 3902 1473 3941 me
1494 3886 1735 3941 Christus
1762 3884 1907 3959 (Cal.

333 3978 431 4045 It);
471 3987 526 4032 et
551 3979 765 4045 iterum,
809 3979 901 4050 qui
926 3979 1047 4034 ait:
1081 3979 1301 4050 Propter
1326 3979 1701 4034 inhabitantem
1732 3980 1908 4050 Spiri-

332 4080 442 4123 tum
476 4069 591 4139 ejus
614 4070 670 4123 in
710 4069 855 4124 nobis
879 4069 1058 4142 (Rom.
1085 4070 1236 4141 vni);
1261 4086 1404 4125 nunc
1427 4070 1556 4125 dicit
1583 4087 1595 4124 :
1627 4067 1765 4135 Quia
1805 4085 1910 4123 non

332 4159 532 4214 habitat
555 4161 609 4213 in
635 4177 734 4226 me,
765 4160 862 4215 hoc
900 4170 996 4227 est,
1023 4163 1079 4215 in
1103 4178 1262 4237 carne
1289 4178 1404 4217 mea
1434 4162 1662 4230 bonum;
1691 4163 1832 4233 quod
1860 4162 1908 4218 si

334 4265 440 4304 non
464 4248 742 4307 habitabat
774 4252 827 4307 in
858 4268 1025 4309 carne
1045 4255 1163 4325 ejus
1201 4255 1421 4319 bonum,
1452 4257 1724 4326 quomodo
1752 4255 1905 4324 dicit,

333 4342 460 4411 quia
510 4356 706 4413 corpus
730 4355 978 4400 nostrum
1019 4348 1275 4416 templum
1314 4356 1396 4403 est
1427 4348 1521 4402 Dei
1552 4358 1605 4404 et
1646 4349 1908 4420 templum

334 4434 570 4505 Spiritus
606 4438 817 4492 sancti?
838 4438 944 4494 Sed
965 4447 1021 4494 et
1042 4449 1237 4495 caetera
1264 4440 1317 4495 in
1346 4440 1543 4511 quibus
1567 4442 1855 4498 conﬁtetur
1876 4457 1908 4496 a

333 4525 470 4597 lege,
515 4543 636 4597 quae
684 4529 738 4583 in
787 4531 1043 4617 membris
1091 4532 1205 4588 suis
1248 4540 1352 4594 est,
1387 4544 1442 4588 et
1492 4545 1753 4604 repugnat
1800 4534 1905 4605 legi

332 4618 531 4672 mentis
585 4634 715 4685 sure,
760 4622 1029 4691 captivum
1098 4638 1157 4678 se
1223 4622 1349 4679 duci
1398 4624 1452 4678 in
1501 4624 1621 4695 lege
1675 4626 1906 4695 peccati,

333 4710 604 4778 quomodo
644 4708 951 4782 apoStolicae
980 4713 1302 4769 convenient
1331 4714 1608 4786 dignitati,
1651 4726 1706 4773 et
1747 4718 1909 4775 Paulo

332 4801 624 4870 prmisipue,
652 4803 705 4856 in
741 4819 847 4874 quo
891 4804 1137 4859 Christus
1165 4814 1220 4859 et
1246 4806 1380 4861 vivit
1407 4816 1462 4863 et
1499 4806 1767 4877 loquitur?
1801 4810 1908 4865 Sed

333 4889 651 4961 colligamus
673 4907 739 4946 ex
768 4893 868 4958 bis,
901 4895 1170 4963 quomodo
1200 4895 1366 4950 moris
1403 4906 1483 4951 est
1513 4896 1806 4968 Scriptura:
1828 4899 1902 4954 di-

333 4980 472 5033 vina:
488 4989 541 5035 et
560 4996 817 5050 personas
837 4983 1086 5048 latenter,
1116 4992 1170 5037 et
1195 5000 1299 5049 res,
1317 4994 1371 5039 et
1397 5000 1610 5052 causas,
1635 4989 1701 5042 de
1714 4988 1909 5056 quibus

333 5070 514 5125 dicere
535 5071 763 5137 videtur,
779 5080 834 5126 ct
863 5073 1079 5127 nomina
1101 5083 1449 5139 commutare,
1483 5075 1592 5130 imo
1617 5077 1795 5145 potius
1815 5077 1907 5133 iis-

332 5163 454 5219 dem
479 5163 782 5219 nominibus
800 5164 854 5220 in
874 5165 993 5223 aliis
1019 5174 1179 5236 atque
1194 5166 1313 5222 aliis
1335 5167 1494 5223 rebus
1514 5168 1611 5233 uti,
1628 5177 1683 5222 ut
1704 5168 1756 5223 in
1774 5184 1909 5238 prte~

333 5255 474 5311 senti
489 5255 604 5310 loco
616 5256 689 5310 ait
707 5255 1020 5327 Apostolus:
1041 5256 1250 5330 Scimus
1262 5258 1398 5311 enim
1415 5259 1539 5328 quia
1554 5258 1638 5313 lex
1653 5260 1904 5330 spiritalis

2007 3341 2181 3400 Israel
2228 3352 2484 3415 prrvccpta
2512 3351 2560 3398 et
2583 3342 2792 3413 judicia
2821 3342 3075 3414 (Malach.
3099 3342 3197 3411 ιν).
3249 3343 3595 3412 Mementote,
3692 3382 3715 3394 -

2010 3437 2217 3508 inquit,
2279 3435 2413 3508 legis
2460 3436 2629 3509 Moysi
2679 3437 2823 3492 servi
2880 3439 3009 3505 mei,
3064 3452 3226 3509 quam
3276 3438 3326 3496 ei
3372 3439 3495 3496 dedi
3537 3441 3593 3496 iu

2008 3539 2194 3586 monte
2238 3529 2438 3596 lloreb,
2471 3531 2563 3600 qui
2595 3538 2679 3586 est
2720 3516 2875 3595 Sina,
2905 3529 2974 3587 ad
2993 3546 3212 3587 omnem
3250 3531 3419 3589 lsrael
3459 3549 3597 3604 pra:-

2009 3630 2165 3691 cepta
2218 3629 2275 3676 et
2321 3619 2539 3689 iudicia,
2575 3622 2788 3678 dicente
2843 3632 3023 3678 autem
3057 3623 3337 3694 Apostolo,
3382 3624 3593 3680 Scimus

2006 3709 2132 3779 quia
2156 3707 2240 3762 lea:
2251 3708 2503 3778 spiritalis
2526 3718 2622 3763 est.
2654 3708 2723 3764 Et
2747 3711 2938 3767 beatus
2962 3712 3130 3768 David
3160 3731 3173 3766 :
3206 3712 3390 3769 Revela
3418 3714 3594 3768 oculos

2008 3811 2151 3851 meos
2180 3805 2230 3849 et
2278 3796 2618 3851 considerabo
2652 3798 2917 3853 mirabilia
2945 3808 3039 3854 tua
3072 3801 3137 3855 de
3164 3802 3273 3872 lege
3296 3811 3389 3855 tua
3416 3800 3589 3873 (Psal.

2009 3890 2219 3963 cxvtu),
2232 3894 2421 3962 etquis
2435 3893 2758 3963 spiritaliter
2769 3909 2955 3949 omnes
2970 3895 3192 3951 caeleste
3206 3903 3399 3949 m'auna
3413 3909 3595 3951 come-

2011 3984 2229 4050 debant,
2262 3992 2318 4039 et
2334 3985 2617 4040 universus
2642 3985 2869 4055 populus
2892 3985 3137 4043 lsraelde
3151 3986 3338 4042 eadem
3365 3987 3590 4056 spiritali

2012 4083 2069 4129 et
2095 4082 2356 4143 sequente
2409 4089 2504 4130 eos
2548 4074 2809 4130 bibebant
2862 4083 3036 4146 petra,
3063 4087 3209 4146 petra
3259 4084 3433 4131 autem
3478 4088 3593 4132 erat

2009 4163 2247 4220 Christus
2278 4164 2327 4236 (1
2342 4162 2463 4219 Cor.
2480 4164 2560 4235 χ).
2589 4163 2690 4232 Qui
2715 4166 2944 4221 credunt
2961 4166 3013 4221 in
3040 4166 3254 4222 Christo
3279 4167 3595 4238 spiritaliter
3674 4233 3681 4242 ’

2011 4255 2212 4313 debent
2238 4257 2370 4328 legis
2394 4265 2665 4327 praecepta
2700 4272 2922 4314 servare
2956 4273 3076 4328 quae
3103 4257 3249 4314 dedit
3276 4258 3331 4313 in
3386 4257 3589 4325 lioreb,

2010 4347 2155 4418 quod
2187 4347 2574 4417 interpretatur
2596 4350 2803 4404 siccitas
2820 4389 2836 4416 ,
2860 4365 2957 4420 per
2983 4365 3145 4420 quam
3173 4351 3410 4405 omnium
3433 4350 3594 4406 vitio-

2011 4453 2132 4493 rum
2180 4438 2377 4493 humor
2416 4440 2758 4507 excoquitur,
2785 4448 2840 4495 et
2867 4439 2935 4493 ad
2963 4440 3146 4495 radios
3190 4440 3323 4496 solis
3365 4441 3593 4512 iustitiae

2012 4528 2251 4584 libidinis
2271 4528 2494 4583 rheuma
2516 4529 2767 4583 siccatur.
2792 4529 2989 4602 (Δηώ.)
3022 4529 3219 4602 Legem
3244 4546 3374 4605 ergo
3421 4531 3593 4604 Moysi

2014 4621 2312 4692 spiritalem
2341 4630 2521 4687 vocat,
2550 4638 2670 4693 quae
2696 4622 2822 4677 data
2848 4633 2932 4680 est
2958 4625 3012 4679 in
3049 4627 3264 4693 tabulis,
3300 4642 3421 4697 qua:
3465 4627 3590 4697 quia

2015 4725 2243 4781 peccare
2261 4711 2509 4783 prohibet
2528 4712 2782 4783 spiritalis
2801 4722 2913 4780 est;
2938 4716 3135 4786 quippe
3168 4732 3289 4772 cum
3306 4716 3591 4773 invisibilia

2012 4803 2295 4878 [visibilia]
2324 4814 2381 4862 et
2405 4806 2649 4862 carnalia
2675 4807 2779 4864 coli
2808 4809 3115 4880 prohibeat.
3172 4809 3297 4866 llaec
3338 4811 3406 4865 ad
3441 4824 3590 4864 com-

2016 4896 2414 4953 meudationem
2440 4898 2576 4969 legis
2599 4899 2886 4969 pertinent,
2920 4914 2988 4955 ne
3009 4899 3163 4970 eulpa
3188 4900 3347 4970 digna
3368 4907 3590 4969 putare-

2017 4998 2121 5057 tur,
2152 4993 2277 5061 quia
2307 4993 2648 5048 severitatem
2679 4993 2922 5048 cxercuit
2951 4993 3005 5047 in
3042 5001 3384 5063 peccatores:
3419 4990 3591 5045 homi-

2013 5098 2136 5139 nem
2162 5093 2343 5139 autem
2370 5084 2641 5138 carnalem
2670 5083 2919 5152 appellat,
2943 5082 3069 5136 dum
3090 5089 3298 5151 peccat.
3336 5079 3591 5135 Venditus

2009 5177 2104 5230 sub
2127 5185 2357 5247 peccato.
2398 5175 2512 5230 Hoc
2546 5183 2630 5230 est
2670 5174 2943 5229 venditum
2978 5188 3098 5230 esse
3126 5171 3225 5228 sub
3253 5180 3498 5243 peccato,
3520 5187 3586 5227 ex

2008 5262 2179 5327 Adam
2211 5270 2302 5340 qui
2336 5270 2487 5341 prior
2528 5269 2774 5338 peccavit
2802 5268 3064 5339 originem
3095 5267 3334 5334 trahere,
3381 5275 3436 5323 et
3464 5278 3591 5338 pro-

333 5357 408 5401 est
423 5362 444 5412 ;
471 5346 575 5401 hoc
602 5345 774 5402 adhuc
799 5348 940 5416 quod
966 5347 1138 5413 dixit,
1167 5327 1373 5403 SEimus
1393 5327 1517 5419 quia
1545 5348 1630 5403 lea:
1651 5327 1903 5420 spiritalis
2003 5363 2122 5435 prio
2143 5327 2659 5430 delicto-subjeetnm
2690 5357 2805 5414 ﬁeri
2833 5327 3073 5430 peccato,
3109 5360 3248 5416 sicut
3274 5327 3403 5416 dicit
3427 5327 3589 5415 [saias

331 5449 430 5507 est,
463 5442 756 5512 apostolica
783 5443 1103 5499 auctoritate
1126 5444 1457 5514 pronuntiat.
1478 5442 1595 5499 Non
1621 5445 1766 5500 enim
1802 5447 1906 5501 scit

335 5534 506 5607 legem
531 5537 823 5606 spiritalem
843 5553 965 5594 esse
991 5539 1081 5611 qui
1106 5539 1336 5595 carnalis
1361 5548 1462 5607 est,
1493 5546 1546 5595 et
1572 5539 1670 5595 sub
1690 5548 1912 5610 peccato

334 5628 670 5684 venundatus
696 5637 779 5684 est
805 5646 820 5684 :
846 5629 940 5684 sed
983 5629 1076 5700 qui
1122 5630 1286 5686 habet
1320 5630 1373 5685 in
1400 5645 1458 5687 se
1501 5628 1763 5702 Spiritum
1795 5630 1909 5699 Dei,

334 5717 427 5775 ille
452 5717 556 5790 scit
577 5719 702 5790 quia
726 5718 985 5791 spiritalis
1020 5730 1123 5776 est.
1154 5719 1307 5788 Quod
1335 5722 1401 5778 de
1430 5720 1599 5793 Moysi
1630 5722 1745 5793 lege
1783 5738 1915 5778 con-

334 5807 483 5867 venis
517 5809 755 5877 dictum;
788 5810 904 5881 ipsa
946 5826 1180 5882 namque
1235 5820 1321 5869 est
1369 5828 1488 5884 quae
1539 5813 1587 5870 ei
1652 5814 1742 5885 qui
1802 5814 1911 5885 spi-

2011 5454 2312 5523 propheta:
2349 5448 2557 5505 Venditi
2628 5450 2767 5514 estis,
2839 5448 3033 5519 inquit,
3106 5448 3328 5518 peccatis
3407 5449 3589 5503 vestris

2015 5542 2239 5616 (Isa.t.).
2271 5540 2441 5596 Adam
2499 5540 2644 5595 enim
2672 5539 2912 5595 vendidit
2946 5552 3023 5595 se'
3047 5538 3213 5609 prior,
3246 5554 3309 5594 ac
3333 5552 3430 5610 per
3484 5539 3588 5595 hoc

2013 5647 2173 5688 omne
2201 5646 2385 5687 semen
2433 5629 2550 5699 ejus
2587 5630 2885 5701 subjectum
2914 5636 2999 5685 est
3032 5636 3275 5699 peccato.
3308 5626 3584 5695 Quamob-

2015 5737 2128 5778 rem
2159 5720 2429 5777 inﬁrmum
2467 5735 2585 5776 esse
2613 5719 2883 5776 hominem
2911 5719 2981 5775 ad
3005 5726 3272 5790 praecepta
3299 5719 3429 5788 legis
3465 5734 3585 5774 ser-

2015 5815 2213 5879 vanda,
2238 5813 2343 5869 nisi
2369 5814 2564 5869 divinis
2601 5813 2814 5871 auxiliis
2843 5812 3133 5870 muniatur.
3173 5811 3310 5868 llinc
3332 5820 3415 5868 est
3444 5809 3606 5866 unde“
