4026 6180
450 354 588 410 ΗΞἹ
1060 355 1120 410 Β.
1163 351 1416 409 RABANI
1453 351 1671 410 MAUlll
1709 350 2024 408 ARClllEP.
2059 349 2367 408 MOGUNT.
2411 350 2691 410 OPERUM
2735 351 2914 408 PARS
2950 350 3037 407 Ill.
3578 354 3716 410 1H8

447 470 556 523 ait:
585 467 691 522 Lex
719 467 970 538 spiritalis
995 477 1090 532 est,
1123 483 1214 538 ego
1243 475 1412 520 autem
1429 462 1656 519 carnalis
1684 479 1821 528 sum,
1843 479 2035 518 vcnun-
2062 468 2110 528 Α
2139 461 2230 518 Sic
2255 471 2310 516 et
2340 471 2644 532 peccatum,
2678 463 2804 533 quia
2829 479 2934 518 non
2967 462 3264 518 illustratur
3297 459 3421 520 luce
3466 460 3724 536 jstitia',

451 561 607 612 datus
638 557 731 612 sul:
758 567 990 628 peccato,
1040 558 1142 612 hoc
1181 565 1284 621 est,
1321 555 1406 610 lex
1443 555 1595 610 ﬁrma
1630 561 1714 609 est
1759 562 1816 608 et
1856 553 2024 622 justa,
2126 565 2232 605 non
2259 551 2607 622 intelligendo
2641 550 3000 621 dignoscitur,
3035 551 3194 605 sicuti
3225 552 3476 608 tenebras
3512 551 3724 608 dictum

450 661 506 704 et
539 661 688 706 caret
725 651 918 721 culpa:
949 651 1110 704 homo
1136 659 1317 706 autem
1343 649 1549 722 fragilis
1574 656 1674 713 est,
1703 655 1758 702 et
1801 654 2029 718 paterno
2126 650 2211 696 est
2238 655 2343 694 non
2369 639 2601 695 videndo
2629 639 2839 696 sentiri.
2871 640 2935 694 Et
2960 640 3027 695 ad
3065 641 3169 696 hoc
3197 641 3432 712 pertinet
3479 642 3627 712 quod
3667 641 3726 696 in

448 742 764 813 subiugatus
799 741 1014 806 delicti),
1045 749 1102 794 ut
1143 749 1410 810 potestate
1466 739 1549 794 sui
1579 739 1656 792 uti
1705 753 1812 794 nou
1861 735 2031 806 possit
2127 729 2337 799 psalmo
2365 727 2586 795 dicitur,
2638 727 2845 783 Delicta
2875 731 2990 802 quis
3026 729 3310 801 intelligit?
3342 729 3514 789 (Psal.
3540 735 3726 802 XVIII.)

449 833 593 887 circa
637 831 998 886 obedientiam
1029 831 1182 902 legis.
1215 831 1338 886 ldeo
1359 839 1442 884 est
1469 829 1537 884 ad
1577 828 1671 882 Dei
1722 826 2030 882 misericor-

450 921 596 975 diam
622 919 1058 992 confugiendum,
1087 930 1146 976 ut
1174 921 1519 977 severitatem
1545 919 1676 989 legis
1721 917 1943 988 elfugiat
1977 925 2032 971 et

451 1022 780 1067 exoneratus
808 1012 1039 1078 delictis,
1075 1012 1141 1067 de
1169 1020 1386 1078 caetero,
1428 1012 1538 1066 Deo
1561 1010 1790 1074 favente,
1816 1009 2034 1064 inimico

450 1101 687 1157 resistat.
727 1103 864 1171 Quid
889 1114 976 1159 est
999 1105 1141 1160 enim
1166 1103 1467 1174 subjectum
1495 1118 1614 1159 esse
1657 1110 1900 1172 peccato,
1929 1101 2030 1156 nisi

450 1207 646 1262 corpus
681 1193 882 1249 habere
915 1195 1047 1249 vitio
1073 1195 1268 1250 anima:
1313 1193 1660 1264 corruptum?
1689 1193 1774 1248 cui
1806 1192 1851 1248 si
1889 1193 2034 1246 inse-

453 1291 542 1337 rat
569 1283 882 1358 lseinferat]
907 1295 1210 1354 peccatum,
1235 1293 1290 1340 et
1311 1285 1551 1355 impellat
1583 1284 1855 1339 hominem
1878 1283 2032 1354 quasi

453 1385 724 1448 captivum
773 1378 1004 1444 delictis,
1035 1387 1096 1434 ut
1137 1378 1301 1434 faciat
1330 1379 1660 1435 voluntatem
1704 1380 1841 1450 ejus.
1898 1378 2036 1434 Hinc

455 1467 716 1523 Dominus
741 1467 882 1528 inter
907 1477 1100 1524 caetera
1125 1470 1202 1526 ait
1233 1469 1379 1542 (Luc.
1405 1469 1524 1542 vni)
1549 1488 1562 1524 :
1602 1467 1750 1525 Venit
1771 1468 2032 1534 diabolus,

456 1565 504 1612 et
533 1556 668 1611 tollit
693 1557 834 1629 quod
853 1559 1164 1614 scminatum
1210 1569 1286 1614 est
1330 1561 1385 1614 in
1414 1576 1504 1614 cor
1533 1559 1768 1625 illorum,
1800 1574 1864 1613 ne
1907 1557 2038 1614 salvi

455 1646 608 1713 ﬁant.
651 1647 804 1704 Unde
867 1649 1006 1704 idem
1061 1649 1349 1721 Apostolus
1399 1651 1453 1705 in
1511 1649 1617 1704 alia
1661 1649 1899 1720 Epistola
1961 1649 2038 1705 ait

453 1734 708 1809 (Ephvr)
733 1754 748 1790 :
783 1736 906 1792 Non
948 1747 1022 1792 est
1051 1739 1196 1794 nobis
1224 1738 1520 1793 colluctatio
1553 1739 1800 1793 adversus
1827 1756 2036 1793 carnem

2201 819 2263 876 Si
2287 832 2461 874 autem
2485 819 2627 891 quod
2655 820 2746 874 odi
2772 819 2904 874 illud
2943 821 3102 891 facio,
3130 822 3397 875 consentio
3452 822 3554 892 tegi
3601 839 3732 893 quo-

2131 914 2280 966 niam
2307 914 2440 968 bona
2469 922 2566 968 est.
2590 912 2794 984 (Amb.)
2817 911 3018 967 Probat
3038 913 3209 982 legem
3235 921 3380 967 recte
3410 914 3725 982 prohibere,

2130 1005 2344 1075 quando
2375 1004 2602 1058 invitum
2629 1018 2689 1058 se
2720 1003 2825 1058 hoc
2879 1003 3060 1058 facere
3104 1001 3248 1072 quod
3278 1001 3366 1056 lex
3418 1011 3572 1056 vetat
3601 1017 3729 1071 pm-

2132 1096 2348 1150 ﬁtetur:
2381 1101 2435 1150 et
2463 1101 2668 1148 natura:
2694 1107 2806 1148 sua:
2833 1092 2965 1148 dicit
2988 1107 3108 1148 esse
3137 1093 3282 1160 quod
3335 1092 3561 1146 mandat
3602 1091 3726 1151 lex;

2131 1187 2257 1257 quia
2283 1185 2424 1256 quod
2457 1194 2611 1240 extra
2641 1183 2794 1250 facit,
2823 1184 3070 1239 odiosum
3119 1182 3252 1238 dicit
3301 1181 3404 1236 sibi
3437 1182 3630 1252 May.)
3663 1169 3727 1236 Si

2133 1281 2238 1336 hoc
2273 1278 2410 1334 facis
2441 1277 2584 1348 quod
2623 1275 2709 1344 lex
2760 1276 2898 1342 odit,
2948 1273 3217 1346 quomodo
3261 1274 3539 1328 consean
3588 1272 3732 1342 legi?

2131 1371 2381 1438 Prorsus,
2431 1369 2479 1424 si
2523 1370 2665 1440 quod
2708 1369 2852 1434 nolo,
2898 1369 3003 1424 hoc
3044 1366 3211 1433 facio,
3261 1367 3546 1442 consentio
3598 1367 3730 1438 legi,

2101 1463 2389 1539 quoniam
2431 1462 2574 1519 bona
2625 1468 2728 1516 est.
2779 1459 3095 1529 Quomodo?
3141 1458 3267 1530 quia
3305 1457 3461 1526 jubet
3489 1459 3585 1513 lex
3623 1476 3732 1514 non

2137 1557 2488 1628 concupisces,
2520 1570 2626 1610 non
2679 1553 2866 1624 implet
2893 1553 3068 1625 legem
3107 1551 3392 1608 infirmitas
3441 1567 3592 1618 mea,
3634 1551 3733 1606 sed

2137 1643 2242 1716 legi
2289 1644 2558 1701 consentit
2594 1641 2844 1699 voluntas
2880 1632 3021 1699 mea.
3064 1639 3262 1714 (θήῃ.)
3301 1641 3503 1696 Tamen
3537 1656 3620 1696 ex.
3659 1657 3729 1694 ea

2137 1745 2314 1806 parte,
2346 1752 2454 1808 qua
2495 1752 2600 1791 non
2632 1735 2746 1790 vult
2773 1735 2976 1790 malum
3001 1733 3273 1790 consentit
3297 1732 3399 1802 legi
3432 1731 3556 1798 Dei,
3597 1734 3730 1804 quia

454 1836 502 1879 et
560 1827 888 1896 sanguinem,
926 1828 1016 1882 sed
1065 1828 1314 1883 adversus
1364 1829 1619 1900 principes
1659 1839 1704 1883 et
1741 1838 2037 1899 potestates,
2071 1822 2115 1881 Β
2145 1830 2286 1884 bona
2314 1837 2415 1892 est,
2463 1843 2583 1898 qua:
2621 1828 2872 1898 prohibet
2892 1825 3113 1892 malum,
3144 1833 3200 1881 et
3231 1826 3282 1880 in
3307 1825 3729 1880 consonantiam

454 1926 636 1971 contra
669 1917 929 1987 spiritalia
956 1918 1198 1990 nequitia.
1227 1918 1278 1972 in
1309 1918 1618 1985 caelestibus,
1655 1933 1792 1988 quos
1838 1918 2039 1974 satelli-

449 2015 535 2060 tes
561 2014 774 2063 constat
801 2021 921 2062 esse
958 2006 1199 2062 Satanae.
1228 2008 1362 2064 Nam
1387 2017 1512 2062 ante
1538 2007 2036 2079 praevaricationem

451 2097 707 2164 hominis,
737 2098 1051 2168 priusquam
1094 2114 1154 2154 se
1180 2099 1512 2169 manciparet
1555 2098 1738 2165 morti,
1771 2113 1878 2154 non
1917 2105 2038 2153 erat

451 2187 539 2243 bis
563 2197 806 2259 potestas
842 2191 912 2245 ad
941 2189 1200 2246 interiora
1244 2189 1483 2245 hominis
1525 2189 1784 2246 accedere
1809 2197 1866 2244 et
1886 2189 2034 2260 cogi-

453 2279 686 2336 lationes
714 2280 971 2336 adversas
999 2281 1258 2336 inserere.
1293 2279 1446 2338 Unde
1465 2279 1666 2336 astutia
1688 2278 1805 2350 ejus
1834 2279 2034 2336 factum

449 2380 555 2437 est,
584 2381 644 2426 ut
673 2369 1110 2428 confabulatione
1151 2387 1251 2442 per
1276 2381 1584 2442 serpentem
1613 2371 1886 2427 hominem
1929 2370 2036 2428 cir-

449 2462 803 2518 cumveniret.
829 2461 1120 2532 Postquam
1148 2470 1328 2518 autem
1377 2461 1733 2518 circumvenit
1788 2477 1932 2526 eum,
1980 2470 2038 2518 et

451 2554 776 2625 subiugavit,
801 2562 1122 2625 potestatem
1150 2555 1202 2609 in
1231 2569 1354 2609 eum
1381 2553 1608 2624 accepit,
1641 2561 1702 2608 ut
1723 2552 2033 2608 interiorem

455 2644 728 2701 hominem
770 2644 1033 2716 pulsaret,
1063 2644 1320 2714 copulans
1362 2658 1424 2700 se
1472 2643 1640 2699 menti
1677 2643 1928 2714 ejus;ita
1974 2653 2036 2700 ut

454 2753 562 2795 non
601 2737 772 2808 possit
803 2753 1097 2810 agnoscere
1123 2736 1252 2808 quid
1289 2751 1446 2794 suum
1475 2737 1550 2793 sit
1580 2735 1637 2792 in
1679 2736 2028 2810 cogitatione,

449 2836 580 2907 quid
610 2835 770 2904 illius,
807 2835 909 2893 nisi
932 2835 1185 2908 respiciat
1219 2834 1413 2907 legem.

525 2926 679 2995 Quod
695 2927 831 2982 enim
860 2943 1046 2998 operor
1066 2943 1168 2982 non
1195 2925 1460 2998 intelligo;
1477 2943 1581 2982 non
1601 2927 1740 2982 enim
1757 2925 1898 2998 quod
1921 2923 2033 2981 volo

449 3020 548 3074 hoc
583 3034 705 3090 ago,
739 3017 830 3074 sed
870 3019 1010 3090 quod
1039 3017 1126 3072 odi
1159 3015 1291 3070 illud
1319 3017 1478 3088 facio.
1511 3016 1706 3090 (0rig.)
1757 3016 1910 3084 Quod
1953 3013 2032 3071 ait

451 3124 584 3180 ergo
613 3109 799 3180 ignoro
826 3109 955 3178 quid
984 3123 1200 3179 operor,
1223 3121 1328 3163 non
1364 3118 1471 3162 tam
1503 3123 1616 3163 rem
1651 3108 1821 3179 ipsam
1867 3122 2028 3177 quam

2136 1921 2423 1993 quamdam
2469 1921 2540 1974 ad
2599 1919 2769 1991 legem
2797 1917 2894 1972 Dei
2927 1917 3011 1972 lex
3043 1915 3306 1972 naturalis
3346 1915 3644 1970 adducitur
3665 1923 3730 1970 ut

2139 2011 2326 2067 eadem
2357 2009 2524 2066 velint
2560 2019 2723 2079 atque
2752 2009 2943 2064 eadem
2989 2007 3182 2062 nolint.
3236 2003 3388 2073 Quod
3437 2005 3485 2060 si
3525 2019 3727 2060 secun-

2137 2104 2263 2160 duin
2293 2102 2623 2158 voluntatem
2656 2101 2756 2172 legi
2791 2100 2884 2156 Dei
2919 2098 3308 2163 consentimus,
3363 2095 3572 2152 malum
3595 2111 3731 2168 ergo

2136 2194 2281 2267 quod
2309 2193 2558 2257 facimus,
2593 2208 2699 2249 non
2719 2193 2832 2264 jam
2856 2207 2956 2247 nos
2981 2191 3056 2254 id,
3072 2190 3165 2245 sed
3182 2197 3468 2260 peccatum
3489 2189 3638 2260 quod
3669 2189 3728 2243 in

2135 2285 2302 2356 nobis
2315 2293 2400 2342 est
2425 2293 2704 2355 operatur,
2719 2283 2770 2338 id
2797 2291 2904 2344 est.
2921 2281 3006 2341 lex
3033 2287 3089 2337 et
3110 2278 3358 2336 voluntas
3381 2279 3590 2344 carnis,
3605 2295 3732 2350 qua:

2135 2377 2378 2448 captivos
2396 2391 2496 2433 nos
2516 2375 2663 2431 ducit
2685 2376 2736 2430 in
2759 2374 2874 2446 lege
2891 2373 3096 2445 peccati
3116 2388 3235 2443 quae
3254 2373 3308 2428 in
3331 2373 3600 2428 membris
3619 2383 3726 2428 est.

2135 2467 2322 2543 (Aug.)
2348 2467 2493 2524 Satis
2519 2468 2734 2538 quidem
2759 2465 2844 2522 lex
2867 2467 2933 2521 ab
2961 2465 3105 2520 omni
3129 2465 3508 2520 criminatione
3538 2464 3728 2520 defen-

2134 2559 2324 2620 ditur;
2357 2558 2452 2614 sed
2489 2557 2811 2622 cavendum,
2849 2571 2918 2611 ne
2951 2555 3073 2625 quis
3093 2555 3389 2610 arbitretur
3417 2554 3505 2610 his
3541 2554 3726 2609 verbis

2133 2649 2336 2706 auferri
2365 2647 2524 2705 nobis
2550 2647 2777 2702 liberum
2796 2645 3086 2700 voluntatis
3111 2644 3421 2708 arbitrium,
3447 2643 3594 2714 quod
3616 2659 3722 2697 nua

2131 2739 2208 2798 ita
2237 2750 2341 2798 est.
2379 2740 2533 2796 Nunc
2567 2739 2709 2795 enim
2749 2739 2911 2794 homo
2959 2736 3284 2793 describitur
3324 2737 3428 2791 sub
3479 2737 3601 2810 lege
3627 2751 3722 2807 po-

2135 2833 2276 2891 situs
2305 2842 2434 2888 ante
2487 2831 2739 2903 gratiam.
2802 2828 2954 2884 Tunc
2981 2827 3130 2883 enim
3179 2835 3436 2898 peccator
3482 2828 3724 2884 vincitur

2132 2927 2260 2984 dum
2285 2926 2490 2983 viribus
2517 2924 2630 2980 suis
2651 2922 2798 2992 iuste
2835 2921 3020 2976 vivere
3040 2927 3270 2976 conatur
3297 2919 3419 2976 sine
3447 2917 3724 2990 adiutorio

2130 3017 2413 3074 liberantis
2470 3017 2658 3090 gratia:
2709 3013 2834 3079 Dei;
2891 3013 2945 3068 in
3003 3009 3173 3068 libero
3239 3024 3421 3068 autem
3495 3013 3725 3068 arbitria

2132 3111 2318 3178 habet,
2339 3118 2399 3164 ut
2424 3109 2609 3164 credat
2629 3105 2902 3161 liberatori
2927 3112 2982 3158 et
3008 3102 3238 3173 accipiat
3263 3102 3516 3174 gratiam,
3533 3113 3594 3158 ut
3608 3105 3726 3176 jam

450 3169 705 3272 opinatur
749 3169 872 3270 quis
897 3169 1133 3270 ignorat,
1160 3200 1286 3256 licet
1311 3200 1550 3256 carnalis
1574 3169 1784 3263 sib-sed
1805 3169 2028 3254 causam
2057 3169 2102 3233 Ο
2134 3199 2242 3264 illo,
2300 3169 2392 3268 qui
2447 3211 2570 3252 eam
2599 3195 2789 3260 donat,
2843 3193 3110 3250 liberante
3139 3200 3193 3247 et
3238 3191 3557 3260 adiuvante,
3616 3211 3726 3249 nou

451 3292 530 3348 rei
581 3306 744 3362 quam
803 3291 914 3361 agit
952 3291 1150 3346 dicitur
1187 3291 1456 3362 ignorare.
1513 3291 1665 3358 Quod
1697 3306 1825 3346 vero
1867 3291 2028 3346 dicit:

453 3381 579 3436 Non
607 3381 744 3436 enim
770 3380 910 3452 quod
937 3379 1049 3435 volo
1075 3397 1196 3450 ago,
1243 3381 1336 3434 sed
1384 3381 1523 3453 quod
1550 3380 1640 3435 odi
1683 3380 1819 3434 illud
1865 3383 2028 3452 facio,

451 3469 689 3525 ostendit
735 3469 879 3539 quod
945 3469 1069 3524 licet
1121 3470 1357 3526 carnalis
1402 3471 1493 3537 sit,
1545 3479 1600 3526 et
1645 3471 1746 3527 sub
1810 3481 2031 3542 peccato

455 3561 811 3626 venundatus,
833 3560 923 3630 qui
957 3559 1071 3616 haec
1094 3560 1349 3630 loquitur,
1382 3570 1561 3617 tamen
1583 3563 1746 3618 etiam
1782 3565 2031 3621 resistere

451 3649 844 3720 aliquantulum
893 3649 1040 3705 vitiis
1081 3659 1324 3717 conetur,
1359 3651 1491 3722 legis
1519 3652 1725 3708 scilicet
1769 3653 2032 3710 naturalis

448 3741 740 3805 instinctu;
784 3742 877 3798 sed
925 3742 1172 3798 vincatur
1212 3757 1242 3796 a
1279 3744 1446 3810 vitiis,
1475 3753 1532 3800 et
1559 3745 1899 3816 opprimatur
1944 3746 2028 3800 in-

449 3833 612 3899 vitus,
649 3841 708 3886 ut
737 3848 878 3906 saepe
906 3834 1124 3901 accidit,
1168 3836 1316 3891 verbi
1345 3837 1552 3906 gratia,
1609 3853 1732 3893 cum
1782 3838 2030 3908 proponit

455 3928 580 3998 quis
601 3926 871 3998 patienter
899 3925 1044 3982 ferre
1072 3927 1414 3998 instigantem
1469 3942 1550 3996 se,
1573 3935 1630 3984 et
1675 3930 1744 3983 ad
1783 3928 2028 3984 ultimum

449 4020 686 4075 vincitur
717 4019 1019 4084 iracundia,
1052 4028 1104 4075 et
1133 4020 1338 4094 patitur
1377 4021 1480 4076 hoc
1503 4020 1746 4078 invitus:
1780 4021 2030 4078 irascitur

448 4127 578 4183 ergo
609 4126 732 4167 cum
764 4111 897 4167 nolit
924 4112 1104 4170 irasci.
1137 4113 1250 4169 Hoc
1280 4113 1419 4170 idem
1449 4114 1614 4170 etiam
1640 4115 1848 4172 timoris
1897 4115 2029 4170 vitio

449 4199 696 4260 accidere
753 4201 932 4267 solet,
984 4210 1043 4257 ut
1104 4213 1292 4259 contra
1335 4203 1661 4260 voluntatem
1711 4206 1832 4277 quis
1882 4214 2030 4262 metu

449 4297 505 4346 et
537 4291 822 4348 formidine
858 4301 1145 4358 terreatur,
1177 4295 1279 4350 hoc
1313 4303 1369 4350 et
1396 4295 1448 4350 in
1479 4295 1711 4352 elatione
1750 4296 1913 4352 subiti
1943 4296 2028 4353 vel

451 4381 711 4462 inopinati
750 4381 972 4439 honoris
999 4399 1140 4454 saepe
1177 4385 1441 4456 contingit
1465 4394 1524 4440 ut
1547 4386 1887 4458 arrogantior
1913 4387 2026 4452 fiat,

448 4483 505 4528 ct
531 4473 806 4539 tumidior,
834 4491 995 4546 quant
1019 4477 1150 4532 vult.
1184 4478 1366 4549 (Aug)
1409 4478 1564 4545 Quod
1615 4479 1760 4534 enim
1811 4494 2025 4550 operor,

447 4565 545 4632 ait,
578 4566 789 4638 ignoro,
829 4584 952 4622 nam
979 4569 1053 4624 ita
1079 4569 1166 4624 hic
1195 4570 1397 4625 dictum
1419 4579 1523 4636 est,
1544 4571 1931 4642 ignoro,-qnasi
1971 4591 2030 4630 se

449 4673 674 4728 peccare
711 4661 946 4714 nesciat:
981 4675 1106 4716 nam
1153 4663 1484 4718 contrarium
1531 4663 1636 4717 erit
1685 4664 1828 4733 quod
1857 4665 2025 4724 dixit:

452 4749 560 4806 Sed
592 4757 857 4820 peccatum
886 4761 940 4808 ut
971 4762 1220 4821 appareat
1248 4762 1539 4822 peccatum,
1565 4770 1657 4824 per
1686 4755 1874 4811 bonum
1902 4759 2029 4812 mihi

447 4853 720 4914 operatum
743 4851 820 4926 est
850 4851 1173 4908 mortem;et
1209 4843 1336 4900 illud
1367 4846 1644 4912 superius:
1683 4845 1794 4902 Sed
1845 4864 2028 4920 pecca-

450 4948 562 4991 tum
609 4951 716 4990 non
763 4935 1005 5006 cognovi,
1054 4935 1155 4991 nisi
1202 4951 1295 5006 per
1321 4933 1501 5005 legem.
1561 4936 1838 5002 Quomodo
1883 4939 2027 4994 enim

451 5035 694 5098 apparet,
725 5033 820 5081 aut
847 5025 1117 5096 quomodo
1160 5025 1410 5095 cognovit
1461 5026 1604 5094 quod
1637 5026 1884 5098 ignorat?
1936 5030 2032 5084 sed

449 5117 529 5174 ita
557 5116 759 5172 dictum
801 5125 906 5182 est,
951 5115 1220 5184 quomodo
1264 5114 1506 5174 dicturus
1549 5125 1634 5172 est
1665 5117 1861 5188 impiis,
1911 5118 2033 5174 Non

450 5209 570 5264 noui
591 5224 678 5263 vos
707 5205 1058 5280 (Matth.vu).
1090 5207 1274 5277 Neque
1299 5209 1444 5264 enim
1469 5209 1668 5279 aliquid
1684 5210 1851 5265 Deum
1883 5211 2022 5266 latet.

450 5301 668 5371 quando
710 5296 880 5354 vultus
932 5298 1144 5354 Domini
1192 5309 1275 5356 est
1295 5316 1448 5370 super
1487 5299 1734 5367 facientes
1764 5302 1930 5368 mala,
1976 5313 2034 5360 ut

449 5391 633 5460 perdat
663 5391 729 5445 de
763 5398 904 5444 terra
936 5390 1237 5444 memoriam
1271 5406 1450 5444 eorum
1479 5389 1651 5461 (Psal.
1677 5393 1911 5466 xui");
1943 5393 2027 5448 vel

452 5490 600 5538 certe
643 5481 723 5536 sic
747 5481 950 5536 dictum
981 5489 1065 5536 est
1110 5481 1212 5535 hoc
1240 5478 1378 5545 loco,
1425 5478 1577 5546 Quod
1605 5497 1790 5552 operor
1827 5483 2027 5553 ignoro,

453 5569 862 5641 utintclligatur
887 5585 992 5625 non
1021 5571 1258 5642 approbo
1289 5590 1300 5626 :
1330 5571 1599 5642 quomodo
1626 5572 1768 5629 enim
1796 5574 2032 5630 tenebrae

458 5675 564 5716 non
600 5660 872 5724 videntur,
919 5663 1012 5718 sed
1065 5662 1198 5718 lucis
1245 5665 1645 5732 comparatione
1691 5665 2026 5730 sentiuntur;

461 5749 562 5808 huc
594 5760 678 5807 est
700 5761 880 5808 autem
905 5753 1106 5809 sentire
1128 5756 1398 5822 tenebras,
1421 5756 1564 5825 quod
1585 5766 1666 5811 est
1694 5771 1800 5814 non
1826 5755 2028 5819 videre.

2131 3297 2342 3361 peccet,
2374 3296 2537 3359 atque
2592 3288 2668 3344 ita
2711 3286 2928 3342 desinat
2953 3299 3076 3339 esse
3122 3283 3225 3338 sub
3251 3283 3390 3357 lege,
3455 3286 3557 3341 sed
3599 3301 3722 3342 eum

2131 3381 2248 3452 lege
2294 3380 2377 3436 vel
2422 3380 2477 3434 in
2517 3379 2654 3450 lege,
2692 3377 2925 3449 impleas
2948 3390 3068 3431 eam
3104 3374 3374 3432 charitate
3413 3375 3534 3444 Dei,
3580 3378 3729 3452 quod

2132 3474 2328 3528 timore
2372 3489 2478 3528 non
2504 3480 2738 3544 poterat.
3005 3512 3033 3536 ,

2205 3566 2362 3631 Nunc
2411 3575 2585 3621 autem
2621 3567 2738 3638 jam
2785 3584 2888 3623 non
2914 3585 3006 3640 ego
3035 3583 3224 3638 operor
3251 3565 3413 3630 illud,
3458 3565 3552 3621 sed
3582 3563 3732 3636 quod

2129 3660 2329 3714 habitat
2360 3658 2416 3713 in
2447 3676 2526 3716 me
2549 3671 2838 3727 peccatum.
2873 3660 3070 3733 (Orig)
3098 3661 3164 3716 Et
3190 3660 3282 3716 hic
3307 3659 3534 3731 quidem
3583 3656 3725 3714 Pau-

2129 3749 2213 3805 lus
2235 3749 2655 3815 carnalis'dicit,
2687 3751 2809 3821 quia
2835 3751 2952 3822 jam
2977 3768 3079 3806 non
3107 3767 3200 3821 ego
3228 3767 3418 3821 operor
3438 3749 3601 3812 illud,
3630 3747 3728 3801 seri

2127 3843 2266 3916 quod
2289 3841 2488 3898 habitat
2516 3841 2570 3897 in
2593 3859 2672 3897 me
2695 3855 2982 3914 peccatum.
3007 3842 3207 3898 Paulus
3232 3857 3361 3898 vero
3387 3841 3652 3913 spiritalis
3671 3841 3726 3894 ia

2127 3935 2250 3991 aliis
2307 3935 2438 3990 dicit
2507 3932 2558 4007 (Ι
2595 3932 2719 3989 Cor.
2761 3935 2885 4007 xv):
2944 3934 3082 4001 Quia
3148 3935 3503 3990 abundantius
3563 3948 3728 4004 quam

2127 4042 2304 4080 omnes
2336 4024 2415 4078 illi
2443 4024 2711 4091 laboravi;
2764 4043 2868 4080 non
2899 4043 2994 4098 ego
3018 4038 3211 4091 autem,
3255 4025 3346 4080 sed
3397 4027 3578 4097 gratia
3631 4023 3738 4078 Dei

2127 4132 2349 4175 mecum.
2401 4115 2472 4172 Ut
2493 4131 2624 4188 ergo
2655 4117 2758 4172 iste
2782 4116 2998 4173 labores
3028 4132 3156 4172 suos
3182 4132 3286 4174 non
3313 4116 3420 4172 sibi
3465 4117 3565 4171 sed
3597 4131 3724 4187 gra-

2130 4209 2216 4266 tia:
2263 4207 2360 4264 Dei
2395 4223 2514 4278 quae
2549 4207 2601 4263 in
2659 4208 2777 4278 ipso
2843 4207 3170 4278 operabatur
3223 4205 3484 4270 ascribit,
3533 4205 3614 4260 ita
3670 4214 3724 4258 et

2129 4302 2218 4357 ille.
2257 4301 2492 4358 carnalis
2532 4316 2697 4371 opera
2742 4316 2848 4356 non
2875 4302 3012 4356 bona
3044 4316 3150 4357 non
3189 4300 3313 4366 sibi,
3345 4299 3440 4355 sed
3471 4309 3723 4370 peccato,

2127 4392 2268 4462 quod
2297 4392 2350 4446 in
2385 4408 2445 4447 se
2471 4392 2680 4447 habitat
2712 4400 2766 4449 et
2808 4401 3085 4462 operatur,
3111 4399 3455 4446 annumerat.
3489 4389 3724 4462 (Αυκίην.)

2131 4485 2256 4542 l.leo
2289 4501 2418 4556 ergo
2443 4485 2593 4552 dicit,
2639 4503 2740 4540 non
2770 4485 2886 4556 jam
2921 4502 3014 4557 ego
3039 4501 3225 4558 operor
3251 4483 3408 4548 illud,
3439 4482 3534 4538 sed
3580 4485 3721 4554 quod

2132 4577 2334 4631 habitat
2383 4577 2437 4630 in
2469 4594 2548 4630 me
2578 4587 2866 4647 peccatum.
2917 4577 3181 4644 Quoniam
3215 4576 3386 4648 legem
3415 4575 3553 4631 vidit
3590 4588 3717 4646 pro-

2134 4667 2322 4722 hibere
2358 4666 2498 4736 quod
2532 4667 2663 4737 agit,
2703 4676 2758 4722 et
2785 4667 3058 4724 consentit
3089 4683 3195 4721 non
3225 4665 3423 4722 debere
3482 4665 3624 4732 fieri,
3655 4679 3718 4719 ac

2132 4773 2230 4828 per
2254 4757 2356 4812 hoc
2381 4756 2523 4812 aliud
2553 4771 2694 4822 esse,
2741 4755 2894 4826 cujus
2923 4757 3154 4828 impulsu
3183 4757 3298 4811 haec
3329 4755 3415 4827 agi
3456 4754 3716 4818 declarat,

2132 4848 2186 4904 id
2215 4857 2319 4913 est,
2350 4857 2650 4918 peccatum.
2679 4847 2966 4903 l’ccmtum
2993 4857 3170 4904 autem
3209 4845 3333 4902 ideo
3373 4861 3596 4918 semper
3614 4861 3714 4900 no-

2131 4939 2322 5004 minat,
2353 4955 2476 4994 cum
2501 4940 2710 4994 sciatur
2749 4939 2997 4994 diabolus
3023 4954 3142 4994 esse
3166 4954 3288 4993 cum
3319 4938 3528 5010 angelis
3569 4939 3714 4994 suis:

2136 5030 2264 5100 quia
2325 5029 2428 5086 nisi
2473 5038 2756 5099 peccasset
2785 5029 2991 5100 primus
3040 5029 3226 5094 homo,
3275 5029 3394 5084 tunc
3425 5043 3536 5083 non
3588 5045 3712 5099 pro-

2133 5118 2412 5188 venirent;
2448 5135 2511 5174 ac
2535 5133 2633 5190 per
2671 5120 2773 5174 hoc
2799 5126 3078 5188 peccatum
3123 5126 3226 5184 est,
3255 5117 3398 5187 quod
3421 5133 3492 5172 ea
3535 5117 3714 5174 omnia

2135 5208 2285 5264 facit.

2209 5299 2334 5356 Scio
2361 5301 2495 5355 enim
2521 5301 2769 5372 quoniam
2798 5317 2900 5356 non
2941 5301 3141 5357 habitat
3169 5301 3222 5355 in
3248 5317 3347 5364 nte,
3397 5301 3501 5356 hoc
3531 5311 3630 5363 est,
3662 5301 3713 5355 in

2137 5407 2292 5448 carne
2314 5407 2428 5444 mea
2451 5393 2661 5446 bonum.
2690 5391 2884 5465 (Orig.)
2915 5392 3160 5446 Nondum
3193 5391 3339 5446 enim
3366 5392 3419 5446 in
3449 5407 3518 5446 eo
3557 5391 3710 5446 Chri-

2137 5492 2254 5539 Stus
2293 5482 2579 5552 inhabitat,
2609 5499 2782 5556 neque
2827 5499 3024 5554 corpus
3055 5499 3170 5552 eius
3197 5481 3452 5552 templum
3477 5483 3571 5536 Dei
3598 5492 3704 5536 est:

2136 5583 2506 5633 Verumtamen
2583 5591 2688 5632 non
2755 5589 3138 5647 usquequaque
3210 5575 3300 5630 hic
3375 5575 3533 5645 cujus
3587 5589 3708 5645 per-

2137 5680 2267 5720 sona
2296 5665 2632 5737 proponitur,
2663 5665 2871 5722 alienus
2896 5675 2978 5720 est
3002 5680 3032 5718 a
3065 5663 3242 5726 bonis,
3285 5662 3379 5718 sed
3431 5663 3710 5733 proposito

2137 5758 2351 5829 quidem
2377 5767 2432 5815 et
2469 5757 2740 5816 voluntate
2769 5758 2932 5828 coapit
2959 5756 3096 5812 bona
3123 5754 3422 5825 requirere,
3463 5756 3706 5816 nendum
