4026 6180
332 326 354 380 i
364 325 468 382 ﬁt)

863 320 1406 380 ENARRATIORUM
1444 321 1509 376 ΙΝ
1549 320 1697 376 ΕΡΡ.
1739 317 1945 376 PAULI
1983 314 2111 371 LlB.
2152 317 2239 372 IV.
2279 348 2349 357 -—
2384 316 2449 371 ΙΝ
2488 315 2701 372 EPIST.
2740 313 2831 371 AD
2868 312 3031 372 ROM.

3437 315 3578 375 1430

333 448 515 494 tamen
547 442 726 507 potest
754 440 893 489 bona
922 435 1084 489 rebus
1113 442 1167 488 et
1219 435 1472 504 operibus
1498 434 1774 497 obtinere;
1821 439 1905 486 est
1935 432 1979 490 Λ
2009 429 2115 495 dia,
2148 437 2332 482 sancta
2365 427 2601 497 justitia,
2628 443 2748 499 qum
2794 427 2974 483 omnia
3022 427 3075 481 in
3122 426 3364 498 apostolo
3412 428 3580 485 Paulo

329 529 477 583 enim
508 526 628 580 talis
654 524 900 595 quaadam
946 523 1239 578 inlirmitas
1264 525 1317 579 in
1355 523 1459 589 his,
1486 524 1578 595 qui
1611 524 1763 578 initia
1783 536 1910 577 con-

328 614 654 672 versationis
686 613 956 683 accipiunt
979 621 1034 668 et
1067 630 1189 669 cum
1216 615 1346 668 velit
1375 617 1497 683 quis
1524 615 1705 669 statim
1732 613 1910 668 facere

330 721 489 760 omne
518 704 659 774 quod
712 704 909 759 bonum
954 712 1060 767 est,
1090 719 1195 758 non
1235 705 1418 759 statim
1467 704 1793 759 voluntatem
1825 718 1907 757 se-

328 805 529 867 quatur
569 794 812 851 ell‘ectus.
870 794 1003 849 Nam
1067 803 1122 850 et
1175 797 1466 851 meditatur
1516 797 1656 865 apud
1713 802 1909 851 seruet-

333 892 529 960 ipsum,
560 887 821 953 decernit,
859 888 1007 943 verbi
1039 902 1224 953 causa,
1265 897 1323 941 ut
1372 904 1478 943 non
1527 884 1813 954 irascatur,
1854 897 1911 943 et

331 983 434 1035 hoc
481 980 537 1033 in
582 978 854 1034 voluntate
901 977 1109 1032 deﬁnit.
1148 976 1255 1032 Sed
1285 979 1540 1047 quoniam
1585 978 1741 1049 longo
1781 994 1903 1044 usu,

327 1079 385 1125 ct
406 1068 792 1125 consuetudine
827 1068 1058 1132 diutina,
1090 1068 1276 1121 vitium
1322 1068 1375 1121 in
1398 1084 1463 1123 eo
1495 1068 1786 1123 iracundia:
1807 1069 1905 1123 do-

330 1163 596 1216 minatum
626 1169 726 1223 est,
758 1159 987 1215 obsistat
1023 1160 1187 1213 etiam
1222 1159 1487 1214 voluntati
1523 1170 1580 1215 et
1606 1160 1903 1229 proposito,

329 1265 396 1305 ac
435 1249 593 1305 solito
620 1248 720 1303 sibi
752 1264 845 1302 usa
872 1247 1066 1302 itinere
1097 1248 1177 1302 vis
1198 1246 1397 1303 furoris
1424 1249 1677 1318 erumpit.
1705 1247 1909 1303 Simili-

332 1353 417 1396 ter
446 1341 557 1411 agit
586 1350 641 1395 et
669 1340 906 1395 libidinis
938 1340 1148 1393 vitium.
1174 1339 1299 1394 Pari
1326 1354 1539 1409 quoque
1566 1338 1878 1393 consuetudi

332 1432 418 1486 nis
469 1431 678 1493 morbo,
708 1438 762 1485 et
797 1428 1134 1483 mendacium
1164 1430 1417 1498 subripit,
1458 1428 1689 1483 formido
1731 1429 1908 1484 dcte.-

333 1529 439 1585 ret,
465 1529 521 1576 et
545 1521 598 1575 in
626 1522 713 1576 his
736 1520 961 1591 singulis
991 1521 1093 1574 iste
1134 1520 1223 1589 qui
1247 1520 1361 1590 jam
1403 1520 1554 1574 initia
1598 1520 1909 1576 conversio-

334 1613 420 1667 nis
473 1613 688 1682 accipit,
748 1620 1120 1681 competenter
1166 1611 1325 1666 dicit:
1363 1611 1487 1682 quia
1535 1611 1661 1666 velle
1697 1611 1906 1681 adjacet

332 1704 483 1769 mihi,
542 1704 788 1772 perﬁcere
839 1713 1011 1757 autent
1064 1705 1253 1758 bonum
1305 1721 1409 1758 non
1464 1706 1693 1773 invenio.
1774 1704 1903 1759 Non

2012 517 2237 587 ejusque
2261 518 2603 573 consortibus
2654 519 2727 572 ita
2754 518 2910 588 plena
2961 524 3123 587 atque
3155 516 3392 586 perfecta
3416 518 3583 575 fuisse

2012 624 2116 663 non
2158 608 2376 663 dubium
2406 617 2510 674 est,
2542 616 2601 662 ut
2645 609 2902 663 virtutum
2949 609 3147 677 potius,
3179 625 3338 679 quam
3393 613 3584 669 verbo-

2011 713 2130 752 rum
2164 698 2473 769 magisterio
2500 697 2569 752 ab
2589 698 2670 753 eis
2706 698 2893 769 religio
2918 699 3221 753 doceretur.
3269 697 3407 765 Quid
3438 700 3581 769 quod

2002 788 2117 859 jugi
2171 788 2521 844 ecclesiarum
2573 790 2812 844 omnium
2868 805 3016 853 cura,
3061 805 3125 845 ac
3172 790 3416 861 pervigili
3472 792 3582 846 sol-

2009 880 2288 935 licitudine
2341 895 2557 952 semper
2595 882 2771 936 exusti
2824 882 3277 953 suntiquantum
3327 885 3430 939 hoc
3482 885 3581 938 mi-

2009 973 2319 1028 sericordize
2346 972 2586 1027 bonum?
2613 981 2813 1043 quanta
2846 972 3109 1043 perfectio
3150 983 3253 1039 est,
3282 990 3380 1043 pro
3420 989 3584 1030 scan-

2009 1065 2364 1122 dalizantibus
2390 1066 2491 1131 uri,
2518 1071 2641 1122 cum
2671 1066 3068 1123 inﬁrmantibus
3096 1068 3398 1124 inﬁrmari?
3446 1068 3581 1126 Cum

2006 1169 2139 1225 ergo
2167 1156 2331 1210 tantis
2358 1155 2644 1225 Apostolus
2680 1155 3031 1211 abundaverit
3057 1158 3233 1223 donis,
3272 1159 3401 1229 quid
3451 1159 3582 1213 illud

2006 1254 2092 1302 est
2117 1246 2243 1301 boni
2289 1245 2440 1316 cuius
2468 1246 2803 1318 perfectione
2847 1248 3102 1311 caruerit,
3136 1264 3243 1302 non
3290 1250 3587 1319 poterimus

2008 1358 2318 1415 agnoscere,
2345 1343 2447 1398 nisi
2473 1344 2525 1397 in
2549 1342 2719 1409 ilium,
2735 1358 2841 1412 quo
2855 1342 2968 1413 ipse
2981 1341 3185 1396 locutus
3197 1352 3280 1397 est
3299 1344 3585 1412 profeceri-

2007 1452 2128 1491 mus
2155 1433 2424 1490 aﬂ‘ectum.
2461 1432 2660 1490 Omnes
2688 1434 2869 1503 itaque
2899 1447 3034 1503 quas
3062 1432 3295 1487 diximus
3338 1447 3460 1486 eum
3497 1433 3590 1487 ba-

2008 1525 2189 1582 buisse
2208 1524 2455 1588 virtutes,
2471 1524 2715 1592 quamvis
2731 1522 2875 1578 velut
2895 1536 3133 1592 gemmae,
3145 1521 3589 1591 splendidissime

2011 1630 2076 1670 ac
2101 1614 2353 1684 pretiosae
2369 1613 2500 1678 sint,
2519 1622 2696 1667 tamen
2719 1611 2763 1667 si
2779 1612 3038 1682 prmclaro
3056 1611 3128 1666 illi
3148 1620 3308 1681 atque
3319 1613 3589 1682 praecipuo

2014 1706 2329 1777 margarito,
2367 1706 2508 1774 quod
2537 1704 2628 1760 ille
2677 1704 3020 1775 evangelicns
3066 1706 3366 1773 negotiator
3415 1705 3592 1775 inqui-

327 1795 469 1848 em'm
495 1794 632 1865 quod
657 1792 771 1848 volo
799 1794 988 1848 bonum
1012 1794 1111 1848 hoc
1139 1809 1257 1863 ago,
1293 1798 1385 1848 sed
1412 1795 1551 1865 quod
1576 1795 1664 1849 odi
1714 1794 1910 1849 malum
1941 1774 1986 1834 Β
2010 1774 2162 1862 rens,
2213 1795 2480 1851 universis
2541 1810 2661 1865 qute
2708 1774 2951 1864 possedit
2977 1795 3231 1861 venditis,
3272 1774 3588 1866 comparare

331 1883 468 1938 illud
506 1885 667 1955 facio.
701 1884 906 1957 (Amb.)
941 1885 1006 1940 Et
1055 1886 1348 1939 notandum
1395 1886 1535 1956 quod
1588 1903 1695 1943 non
1757 1888 1908 1953 dicit,

328 1975 471 2031 sicut
504 1976 821 2046 quibusdam
860 1976 1092 2041 videtur,
1123 1991 1342 2031 carnem
1377 1978 1593 2043 malam,
1626 1978 1718 2033 sed
1768 1980 1910 2049 quod

329 2067 539 2122 habitat
558 2068 609 2121 in
639 2081 800 2122 carne
822 2081 927 2122 non
954 2081 1074 2122 esse
1104 2068 1321 2130 bonum,
1350 2068 1440 2122 sed
1466 2083 1584 2123 esse
1603 2078 1908 2139 peccatum.

328 2158 610 2224 Quomodo
640 2157 848 2211 habitat
886 2158 943 2212 in
968 2173 1134 2215 carne
1177 2167 1481 2227 peccatum,
1508 2175 1632 2214 cum
1685 2176 1790 2215 non
1841 2160 1913 2216 sit

326 2249 631 2303 substantia
656 2248 747 2303 sed
774 2248 1143 2319 praevaricatio
1168 2248 1449 2322 [privatio}
1462 2250 1623 2304 boni?
1644 2249 1909 2318 Quoniam

325 2338 489 2408 primi
517 2338 749 2392 hominis
772 2352 967 2407 corpus
985 2347 1294 2409 corruptunt
1324 2346 1404 2395 εει
1430 2355 1525 2410 per
1547 2351 1827 2411 peccatum
1851 2346 1910 2396 ut

327 2429 495 2500 possit
521 2428 771 2484 dissolvi:
799 2430 910 2498 ipsa
924 2430 1129 2499 peccati
1154 2433 1427 2500 corruptio
1440 2433 1908 2501 perconditionem

326 2519 642 2575 ollensionis
669 2524 851 2575 manet
877 2520 930 2574 in
980 2535 1232 2592 corpore,
1288 2522 1453 2576 robur
1492 2531 1682 2579 tenens
1714 2524 1909 2579 divina:

326 2610 612 2665 sententia:
637 2610 776 2664 (bitas
818 2611 871 2665 in
900 2610 1071 2665 Adam
1113 2612 1255 2681 quod
1300 2621 1385 2667 est
1430 2613 1640 2685 signum
1681 2615 1905 2676 diaboli.

325 2698 483 2769 cujus
523 2698 778 2753 instinctu
829 2700 1090 2769 peccavit.
1132 2699 1238 2754 Per
1285 2701 1337 2755 id
1379 2716 1507 2773 ergo
1567 2704 1710 2772 quod
1781 2704 1908 2761 facti

327 2804 490 2843 causa
521 2798 720 2854 manet,
750 2790 1052 2845 inhabitare
1097 2790 1295 2845 dicitur
1318 2801 1598 2862 peccatum
1641 2794 1692 2849 in
1717 2811 1905 2862 carne,

327 2879 399 2933 ad
424 2895 585 2949 quam
604 2881 847 2936 diabolus
876 2883 1083 2938 accedit
1112 2885 1264 2954 quasi
1308 2886 1375 2940 ad
1415 2868 1565 2941 suam
1614 2887 1806 2959 legem,
1855 2900 1909 2945 et

327 2979 512 3026 manet
543 2973 696 3041 quasi
748 2973 799 3025 in
827 2982 1050 3040 peccato
1101 2984 1403 3045 peccatum,
1454 2977 1580 3045 quia
1629 2978 1759 3035 caro
1791 2978 1907 3049 jam

324 3061 531 3131 peccati
552 3070 651 3129 est,
667 3073 726 3118 ut
743 3061 972 3135 decipiat
993 3064 1259 3119 hominem
1281 3067 1707 3136 suggestionibus
1731 3070 1904 3138 malis,

327 3168 398 3208 ne
445 3154 604 3208 homo
633 3153 791 3209 faciat
819 3155 959 3223 quod
987 3157 1224 3226 przecipit
1244 3157 1348 3211 lex.
1380 3156 1671 3213 Namrelle
1695 3160 1899 3230 adjuvet

326 3249 479 3303 milli.
510 3249 643 3303 Tam
674 3251 811 3304 bona
848 3252 1063 3315 asserit,
1093 3268 1213 3322 qua:
1239 3251 1394 3322 jubet
1430 3253 1516 3309 lex
1548 3263 1607 3308 nt
1633 3255 1897 3310 naturali-

326 3348 412 3395 ter
432 3341 532 3395 sibi
562 3340 775 3411 placere
790 3342 1003 3397 dicatet
1029 3342 1155 3397 velit
1182 3341 1378 3398 facere.
1415 3343 1671 3413 Per/icere
1717 3354 1894 3399 autem

325 3422 519 3486 bonum
560 3450 662 3487 non
696 3434 898 3489 invenio
918 3447 937 3485 :
985 3443 1039 3489 et
1088 3436 1263 3505 placet
1291 3452 1417 3507 ergo
1447 3437 1588 3508 quod
1618 3452 1648 3491 a
1679 3437 1798 3509 lege
1814 3437 1900 3507 ju-

326 3529 504 3593 betur,
535 3536 590 3582 et
636 3528 882 3584 voluntas
921 3537 1004 3583 est
1040 3529 1289 3595 faciendi,
1357 3531 1452 3586 sed
1483 3539 1541 3585 ut
1592 3531 1899 3601 impleatur,

327 3628 567 3688 potestas
601 3627 653 3675 et
677 3620 850 3675 virtus
885 3620 1063 3687 deest;
1109 3621 1230 3691 quia
1284 3622 1364 3677 sic
1412 3637 1632 3692 pressus
1674 3633 1757 3679 est
1805 3639 1902 3695 po-

328 3719 522 3764 testate
562 3711 792 3780 peccati,
839 3720 1031 3766 utnon
1094 3712 1261 3782 possit
1301 3711 1381 3767 ire
1418 3728 1526 3783 quo
1550 3712 1688 3780 vult,
1724 3731 1900 3787 neque

331 3800 509 3853 valeat
557 3800 951 3866 contradicere,
1007 3803 1131 3871 quia
1182 3803 1463 3873 potestatis
1493 3803 1607 3875 ejus
1656 3806 1792 3861 alter
1819 3816 1904 3862 est

332 3891 608 3945 Dominus.
661 3890 829 3945 llomo
858 3892 1001 3946 enint
1040 3891 1150 3960 jam
1201 3896 1590 3949 consuetudine
1642 3896 1900 3965 peccandi

328 3990 603 4049 gravatur,
640 3990 693 4035 et
727 3980 934 4036 facilius
962 3983 1263 4037 succumbit
1302 3992 1546 4053 peccato,
1574 3999 1736 4055 quam
1772 3986 1898 4054 legi,

328 4085 490 4138 quam
547 4070 650 4125 scit
689 4070 824 4125 bona
868 4072 1092 4137 docere;
1130 4086 1195 4126 ac
1242 4072 1285 4127 si
1329 4072 1459 4127 velit
1508 4071 1648 4129 bona
1699 4073 1899 4140 facere,

328 4160 525 4231 premit
556 4160 701 4214 illum
725 4163 1058 4217 consuetudo
1089 4203 1103 4228 ,
1138 4162 1381 4231 adjutore
1420 4163 1657 4220 inimico.
1697 4162 1901 4237 (ϐυ-ες.)

329 4250 465 4306 Hine
494 4252 545 4306 in
573 4250 674 4306 Job
696 4253 1039 4322 itascriptum
1069 4265 1151 4309 est
1174 4243 1316 4326 (Job.
1337 4256 1564 4327 xxxviii)
1590 4273 1603 4309 :
1638 4256 1715 4310 De
1750 4257 1903 4327 cujus

328 4354 476 4398 utero
513 4361 717 4415 egressa
763 4354 837 4397 est
856 4343 1046 4414 glacies
1066 4347 1091 4399 .9
1109 4357 1157 4401 et
1189 4345 1304 4418 gelu
1331 4348 1395 4401 de
1415 4348 1543 4402 caelo
1554 4348 1671 4419 quis
1691 4348 1905 4419 genuit?

2010 1886 2302 1954 desiderat,
2331 1884 2662 1952 conferatur,
2688 1886 2761 1941 ita
2793 1901 2979 1940 eorum
3010 1887 3264 1941 meritum
3317 1887 3588 1941 revilescit

2010 1987 2171 2048 atque
2196 1978 2580 2043 contemnitur,
2600 1985 2661 2031 ut
2686 1977 2767 2032 eis
2792 1976 2908 2031 sine
2945 1978 3288 2035 cunctatione
3314 1979 3591 2033 distractis

2008 2068 2169 2123 unius
2226 2075 2433 2121 tantum
2484 2067 2611 2123 boni
2663 2067 2929 2138 possessio
2976 2066 3265 2137 locupletet
3316 2069 3581 2124 bonorum

2008 2156 2481 2212 innumerabilium
2515 2157 2870 2212 venditorem.
2913 2154 3053 2223 Quid
3099 2173 3228 2229 ergo
3268 2165 3351 2213 est
3398 2174 3586 2221 unum,

2008 2253 2150 2325 quod
2192 2251 2298 2307 illis
2328 2250 2494 2305 tantis
2544 2260 2760 2322 tamque
2796 2250 3094 2307 innumeris
3142 2252 3298 2307 bonis
3338 2260 3450 2308 tam
3500 2253 3584 2308 in-

2009 2343 2448 2415 comparabiliter
2486 2353 2855 2415 prmponatur,
2909 2351 2970 2398 ut
3013 2344 3208 2413 spretis
3249 2344 3587 2416 abjectisque

2007 2435 2271 2501 omnibus,
2307 2436 2479 2491 solum
2507 2436 2698 2491 debeat
2724 2434 3020 2506 possideri?
3045 2434 3308 2490 Nimirum
3349 2437 3435 2490 illa
3452 2452 3585 2507 pars

2009 2528 2233 2599 optima,
2305 2526 2459 2596 cujus
2531 2525 2987 2597 magnificentiam
3046 2540 3110 2581 ac
3166 2527 3587 2597 perpetuitatem

2006 2634 2152 2685 cum,
2187 2618 2376 2674 relicto
2424 2617 2784 2687 susceptionis
2841 2625 3003 2688 atque
3075 2619 3429 2675 humanitatis
3470 2620 3586 2676 olli-

2007 2710 2116 2775 cio,
2158 2709 2325 2765 Maria
2377 2709 2755 2780 przeclegisset,
2791 2710 2863 2763 ita
2910 2710 3283 2781 przedicatura
3329 2714 3586 2771 Domino:

2010 2801 2239 2866 Hart/ia,
2273 2800 2505 2867 Martha,
2534 2801 2756 2856 sollicita
2781 2819 2856 2867 es,
2882 2816 2930 2856 et
2967 2803 3192 2857 turbaris
3218 2806 3356 2859 circa
3398 2805 3587 2871 multa,

2007 2895 2189 2962 paucis
2233 2910 2349 2948 vero
2380 2908 2508 2962 opus
2538 2903 2629 2957 est,
2675 2904 2763 2947 aut
2805 2894 2963 2948 etiam
2997 2912 3121 2948 uno.
3188 2896 3360 2950 Maria
3400 2897 3587 2952 bonam

2010 2981 2303 3056 [optimam]
2316 2992 2517 3053 partem
2536 2983 2705 3055 elegit,
2723 2999 2840 3055 qua:
2866 3000 2967 3038 non
2986 2984 3329 3055 aufereturab
3353 3004 3414 3042 ea
3433 2987 3584 3058 (Luc.

2009 3077 2087 3141 ι).
2112 3072 2228 3127 Una
2247 3089 2377 3145 ergo
2403 3081 2456 3130 et
2484 3074 2595 3130 sola
2625 3082 2707 3130 est
2738 3075 2969 3141 theoria,
2995 3075 3046 3129 id
3072 3084 3178 3142 est,
3207 3078 3588 3148 contemplatio

2007 3162 2123 3227 Dei,
2151 3166 2236 3221 cui
2261 3164 2645 3219 meritoomnia
2668 3163 3111 3235 justitieationum
3135 3166 3345 3229 merita,
3368 3166 3586 3222 univer-

2003 3270 2064 3310 sa
2098 3258 2356 3310 virtutum
2379 3255 2555 3310 studia
2593 3263 3012 3324 postponuntur,
3033 3264 3090 3309 et
3114 3255 3204 3309 illa
3228 3255 3444 3324 quidem
3466 3271 3585 3311 om-

2001 3346 2090 3401 nia
2106 3361 2224 3417 quze
2241 3346 2293 3400 in
2321 3345 2564 3415 apostolo
2588 3344 2755 3400 Paulo
2772 3343 2988 3401 fulsisse
3001 3346 3347 3415 praediximus
3366 3363 3473 3402 non
3496 3364 3586 3402 so—

2002 3436 2113 3489 lum
2144 3436 2285 3491 bona
2310 3443 2364 3490 et
2390 3434 2561 3498 utilia,
2582 3435 2936 3490 verumetiam
2951 3450 3144 3506 magna
3156 3438 3585 3507 atqueprzeclara

2003 3538 2149 3580 sunt.
2181 3525 2287 3580 Sed
2313 3527 2472 3591 sicut,
2504 3526 2650 3582 verbi
2678 3526 2869 3596 gratia,
2901 3527 3078 3581 stanni
3112 3527 3406 3592 metallum,
3443 3531 3586 3599 quod

2003 3616 2229 3686 alicujus
2250 3616 2498 3672 utilitatis
2511 3618 2760 3687 etgratim
2784 3618 3100 3687 putabatur,
3141 3617 3201 3671 fit
3223 3619 3431 3689 argenti
3453 3635 3582 3674 con-

2005 3707 2347 3778 templatione
2367 3706 2719 3770 vilissimum;
2744 3714 2797 3759 et
2818 3720 3030 3762 rursum
3052 3707 3166 3760 auri
3188 3709 3588 3776 comparatione

2002 3800 2256 3856 meritum
2321 3797 2595 3855 evanescit
2643 3797 2871 3865 argenti,
2925 3812 3112 3851 aurum
3145 3805 3360 3866 quoilue
3408 3799 3583 3868 ipsum

2004 3907 2336 3966 gemmarum
2357 3890 2644 3946 collatione
2664 3891 3045 3954 contemnitur,
3060 3898 3110 3946 et
3133 3890 3371 3961 ipsarum
3392 3892 3585 3947 nihilo-

2006 3982 2185 4036 minus
2199 3979 2446 4051 quamvis
2467 3978 2753 4047 insignium
2773 3978 3056 4033 multitudo
3071 3992 3403 4049 gemmarum
3424 3981 3585 4037 unius

2004 4071 2310 4143 margarita:
2322 4070 2882 4138 eandoresupcratur:
2911 4068 2986 4122 ita
3009 4077 3065 4123 et
3084 4068 3169 4122 illa
3185 4071 3365 4125 omnia
3388 4071 3583 4127 merita

2004 4159 2329 4225 sanctitatis,
2360 4157 2607 4228 quamvis
2640 4172 2747 4211 non
2784 4156 2955 4212 solum
2996 4158 3061 4211 ad
3095 4171 3334 4227 przesens
3364 4160 3501 4214 bona
3528 4170 3583 4214 οι

2004 4251 2157 4307 utilia
2182 4248 2681 4315 sint,verumetiam
2704 4247 2902 4302 donum
2931 4247 3254 4303 aeternitatis
3278 4249 3575 4317 acquirunt,

2006 4350 2184 4395 tamen
2229 4338 2275 4394 si
2314 4336 2509 4392 divina:
2550 4335 3027 4408 contemplationis
3068 4336 3277 4392 meritis
3298 4336 3583 4393 conferan-

332 4435 486 4491 Unde
523 4444 578 4504 et
619 4434 834 4500 Paulus,
873 4437 1047 4491 infusa
1098 4438 1345 4492 videlicet
1388 4449 1548 4505 terra,
1583 4448 1783 4508 quanta
1821 4439 1904 4494 di—
1927 4462 1982 4523 Β
2009 4427 3180 4499 tur,viliaatque,utitadixerim,vendibilia
3196 4427 3579 4483 censebuntur.

330 4524 565 4594 sciplina:
586 4526 757 4594 glacie
773 4536 1053 4596 prematur
1076 4527 1190 4599 (ait)
1215 4546 1227 4581 :
1253 4526 1376 4581 velle
1390 4528 1598 4598 adjacet
1615 4530 1764 4592 mihi,
1785 4546 1905 4600 per-

328 4617 484 4686 ﬁcere
538 4626 710 4670 autem
750 4616 944 4671 bonum
987 4633 1087 4670 non
1119 4618 1339 4672 invenio.
1371 4618 1473 4685 Qui
1510 4620 1654 4673 enim
1687 4619 1825 4674 velle
1848 4636 1908 4675 se

328 4708 528 4763 habere
559 4708 772 4773 asserit,
797 4707 907 4776 jam
947 4721 1042 4777 per
1069 4707 1386 4762 inlusionem
1416 4710 1602 4781 gratiae
1623 4725 1743 4780 qua:
1774 4711 1825 4764 in
1849 4725 1908 4766 se

330 4797 535 4851 lateant
581 4796 786 4849 semina
820 4796 1072 4851 ostendit.
1146 4796 1251 4851 Sed
1270 4797 1395 4850 dum
1424 4798 1685 4867 perlicere
1706 4799 1905 4853 bonum

330 4906 437 4944 non
475 4889 696 4950 invenit,
732 4889 969 4958 profecto
992 4887 1192 4942 indicat
1233 4898 1434 4957 quanta
1459 4888 1606 4943 illum
1627 4889 1907 4959 dispensa-

332 4982 495 5036 tionis
516 4996 759 5051 superna:
770 4979 968 5051 glacies
990 4986 1214 5049 premat.
1240 4977 1526 5051 (Cassium)
1545 4980 1905 5047 Quamobrem

333 5072 464 5140 quid
494 5072 564 5126 sit
610 5072 981 5143 principaliter
1026 5071 1246 5132 bonum,
1285 5070 1427 5139 quod
1474 5071 1760 5141 Apostolus
1799 5088 1905 5127 non

333 5164 569 5235 potuerit
598 5165 874 5234 perlicere,
892 5179 1013 5219 cum
1027 5163 1205 5228 vellet,
1232 5163 1540 5234 diligentius
1568 5164 1903 5236 indagemus;

334 5254 503 5311 multa
529 5255 671 5309 enim
702 5255 949 5310 novimus
989 5255 1150 5319 bona,
1176 5267 1295 5322 quae
1326 5252 1545 5308 beatum
1591 5253 1907 5325 Apostolam

331 5360 629 5415 omnesque
659 5344 801 5400 illius
842 5344 1019 5400 meriti
1057 5344 1200 5398 viros
1230 5350 1285 5398 et
1319 5342 1571 5399 habuisse
1613 5359 1712 5414 per
1751 5354 1909 5400 natu-

335 5452 451 5491 ram
491 5443 546 5491 et
580 5435 875 5505 acquisissc
909 5449 1006 5505 per
1032 5433 1261 5505 gratiam
1307 5445 1505 5501 negare
1558 5448 1664 5487 non
1715 5448 1906 5503 possu-

334 5542 483 5580 mus:
516 5534 600 5580 est
626 5526 824 5581 etenim
867 5524 1005 5578 bona
1039 5522 1286 5587 castitas,
1315 5521 1596 5577 laudabilis
1628 5523 1909 5579 continen-

339 5617 436 5680 tia,
491 5616 731 5669 miranda
772 5613 1076 5684 prudentia,
1128 5612 1275 5684 larga
1317 5611 1647 5678 humanitas,
1675 5615 1907 5669 circum-

330 5720 514 5784 specta
537 5708 822 5773 sobrietas,
849 5706 1085 5763 modesta
1111 5705 1485 5778 temperantia,
1503 5704 1589 5776 pia
1607 5706 1908 5763 misericor-

2084 4525 2208 4581 Non
2241 4526 2378 4579 enim
2412 4524 2552 4595 quod
2601 4523 2715 4578 volo
2759 4524 2902 4593 facio
2946 4523 3158 4587 bonum,
3181 4521 3271 4576 sed
3299 4523 3437 4594 quod
3462 4523 3582 4576 uolo

2010 4621 2207 4677 malum
2248 4621 2345 4674 hoc
2374 4634 2494 4690 ago.
2529 4616 2764 4690 (Ambr.)
2799 4614 2954 4687 Saepe
2981 4616 3177 4687 repetit
3206 4623 3264 4669 ut
3301 4616 3577 4672 dilueidet.

2011 4715 2126 4769 Hoc
2151 4722 2377 4783 ergoest
2390 4710 2530 4780 quod
2557 4720 2721 4780 Supra
2753 4707 2953 4763 dictum
2978 4715 3079 4771 est,
3103 4708 3227 4777 quia
3251 4715 3309 4762 ut
3340 4707 3585 4776 captivus

2009 4819 2108 4875 per
2132 4803 2468 4875 supradictas
2486 4816 2684 4856 causas
2706 4799 2832 4854 illud
2853 4798 3063 4867 cogitur
3092 4796 3273 4852 facere
3299 4797 3440 4865 quod
3468 4796 3587 4848 vult

2007 4901 2312 4963 peccatum.
2341 4891 2491 4957 Quod
2524 4891 2568 4945 si
2588 4888 2850 4956 judicium
2873 4889 2939 4942 de
2965 4888 3104 4941 bono
3130 4887 3294 4942 habet
3317 4885 3578 4942 voluntas,

2008 4984 2341 5041 consuetudo
2367 4990 2543 5037 autem
2572 4981 2869 5036 carnalium
2894 4979 3142 5032 vitiorum
3161 5018 3175 5042 ,
3206 4991 3326 5047 qua:
3351 4974 3433 5029 lex
3464 4990 3583 5028 car-

2008 5078 2112 5140 nis,
2158 5075 2242 5131 vel
2289 5074 2372 5129 lex
2415 5073 2774 5128 membrorum
2812 5069 3071 5141 appellata
3117 5076 3199 5123 est
3249 5067 3482 5129 obsistit,
3528 5076 3583 5120 et

2008 5167 2239 5237 subripit
2278 5178 2346 5221 ex
2400 5180 2467 5221 eo
2514 5165 2655 5234 quod
2702 5163 2826 5218 boni
2879 5160 3210 5215 voluntatem
3255 5175 3386 5230 gero
3413 5200 3428 5225 ,
3458 5158 3582 5213 licet

2010 5271 2164 5326 agam
2198 5254 2336 5310 mala
2363 5294 2378 5317 ,
2422 5262 2601 5307 tamen
2630 5267 2751 5320 qua:
2778 5250 2979 5305 invitus
3006 5263 3137 5318 ago,
3169 5246 3447 5302 consentio
3478 5246 3579 5317 legi

2012 5346 2129 5408 Dei,
2160 5346 2286 5415 quia
2320 5344 2457 5399 bona
2488 5354 2571 5398 est
2598 5360 2610 5397 :
2641 5341 2783 5397 odivi
2824 5340 2967 5395 enim
2993 5340 3132 5394 mala
3161 5348 3216 5393 et
3242 5338 3400 5408 cupio
3421 5353 3581 5408 agere

2010 5451 2131 5505 qua:
2158 5435 2245 5489 lex
2267 5432 2419 5502 jubet
2442 5431 2603 5487 bona.
2637 5430 2790 5498 Quod
2813 5431 2857 5484 si
2879 5436 3066 5485 contra
3091 5429 3416 5483 voluntatem
3442 5427 3580 5481 mala

2009 5541 2111 5596 ago
2135 5525 2308 5579 Victus
2336 5521 2719 5579 consuetudine
2758 5522 3008 5576 vitiorum
3055 5533 3263 5589 usuque
3299 5517 3577 5588 peccandi,

2008 5634 2114 5674 non
2156 5616 2268 5687 jam
2312 5629 2410 5687 ego
2433 5655 2448 5681 ,
2496 5616 2599 5669 hoc
2624 5622 2707 5668 est
2736 5613 2958 5668 interior
2983 5613 3144 5669 homo
3169 5651 3184 5676 ,
3209 5610 3350 5681 quod
3378 5609 3579 5664 bonum

2006 5711 2129 5767 volo
2164 5712 2265 5767 hoc
2294 5706 2456 5775 facio,
2486 5706 2577 5763 sed
2605 5706 2746 5776 quod
2777 5704 2980 5760 habitat
3025 5704 3077 5759 in
3119 5716 3205 5757 me
3253 5710 3530 5773 peccatum
3564 5713 3579 5759 ς
