4026 6180
469 291 598 361 ml

1109 285 1169 341 Β.
1210 282 1463 341 RABANI
1502 284 1719 342 MAURI
1756 283 2073 342 ARClllEP.
2115 283 2423 343 MOGUNT.
2450 286 2739 344 OPERUH
2774 286 2954 344 PARS
2988 285 3077 343 ιιι.

3578 291 3723 348 N32

461 398 907 469 consuetudinem
961 411 1193 466 namque
1235 396 1489 468 peccandi
1530 403 1811 467 peceatum
1864 396 2038 450 noml-
2066 395 2113 457 Α
2142 398 2409 467 quomodo
2437 400 2633 470 agebat
2660 401 2803 472 quod
2832 399 3049 457 nolebat
3092 400 3325 467 malum,
3372 412 3431 458 et
3458 409 3730 474 quomodo

467 491 617 546 navit
648 507 660 542 :
689 487 747 543 Si
787 497 963 542 autent
1007 486 1147 558 quod
1173 486 1292 541 nolo
1319 487 1415 539 hoc
1452 487 1593 556 facio
1626 526 1641 550 ,
1674 486 1791 556 jam
1822 501 1927 539 non
1956 501 2047 555 ego

466 595 653 645 operor
679 577 834 644 illud,
856 570 946 631 sed
962 577 1100 647 quod
1122 576 1321 630 habitat
1345 578 1398 631 in
1425 593 1505 631 nte
1527 587 1816 646 peccatum.
1834 574 2047 646 (Amb.)

467 668 583 724 lloe
607 677 691 724 est
720 667 862 738 quod
891 680 1051 737 supra
1076 661 1190 734 jam
1216 664 1558 729 memoravit,
1596 665 1720 735 quia
1749 678 1968 734 pressus
1994 671 2051 718 et

466 756 782 827 subjugatus
824 766 1046 827 peccato
1074 796 1089 818 ,
1125 771 1230 809 non
1273 771 1426 810 suam
1450 794 1465 820 ,
1514 754 1609 809 sed
1643 753 1787 808 illius
1835 753 2049 824 perﬁcit

464 846 813 903 voluntatem.
871 846 1124 917 Nunquid
1174 846 1298 916 quia
1329 846 1556 900 invitum
1609 846 1882 900 hominem
1918 845 2048 900 dicit

464 957 708 1015 peccare,
757 943 1014 998 immunis
1036 943 1195 998 debet
1230 941 1397 998 videri
1437 957 1467 995 a
1512 941 1759 1005 crimine,
1790 941 1916 1010 quia
1945 940 2049 995 hoc

465 1036 578 1106 agit
603 1035 745 1106 quod
774 1051 881 1090 non
907 1034 1040 1101 vult,
1095 1049 1316 1104 pressus
1353 1034 1405 1087 vi
1444 1033 1769 1103 potestatis?
1801 1048 1907 1087 non
1936 1033 2045 1087 uti-

464 1141 570 1196 que
590 1141 607 1191 ;
644 1126 812 1197 ipsius
851 1126 995 1180 enim
1024 1110 1177 1192 vitii),
1204 1133 1260 1179 et
1285 1124 1489 1179 desidia
1529 1125 1644 1179 haec
1686 1132 1862 1194 coapta
1898 1132 2043 1179 sunt.

463 1215 601 1284 Quia
620 1217 764 1273 enim
793 1216 1121 1287 mancipavit
1149 1230 1208 1271 se
1232 1231 1327 1285 per
1356 1229 1635 1269 assensum
1659 1222 1907 1284 peccato,
1923 1212 2048 1282 jure

465 1310 609 1365 illius
633 1309 960 1365 dominatur.
992 1308 1230 1362 Primum
1262 1306 1407 1363 enim
1433 1308 1643 1372 suadet,
1671 1314 1729 1360 ut
1755 1305 1899 1361 vieto
1933 1305 2045 1376 jam

466 1400 793 1456 dominetur.
826 1398 1113 1468 Apostolus
1138 1407 1314 1452 autem
1347 1407 1405 1452 ut
1432 1397 1659 1469 gratiam
1701 1396 1793 1451 Dei
1825 1394 2044 1460 referat,

462 1491 582 1548 ιιιεε
611 1490 852 1561 exponit,
877 1489 943 1544 de
970 1488 1186 1559 quantis
1209 1488 1364 1543 malis
1394 1487 1664 1544 hominem
1692 1486 2000 1541 liberaverit
2029 1525 2045 1550 ,

464 1589 527 1635 ut
550 1594 668 1649 quae
685 1579 851 1634 exitia
875 1593 939 1633 ex
971 1577 1141 1631 Adam
1167 1576 1353 1640 trahit,
1381 1591 1501 1646 quae
1525 1590 1654 1631 vero
1674 1575 1932 1632 beneﬁcia
1951 1590 2049 1644 per

463 1670 742 1725 Christum
786 1676 1112 1723 consecutus
1156 1676 1265 1728 est.
1305 1677 1363 1722 ut
1393 1668 1478 1722 cui
1510 1682 1610 1722 nec
1636 1666 1721 1722 lex
1754 1667 2043 1722 subvenire

2150 488 2262 559 ipse
2291 489 2415 542 illud
2444 506 2549 545 non
2580 489 2791 560 agebat,
2823 492 2918 547 sed
2945 492 3089 562 quod
3119 492 3325 548 habitat
3366 494 3423 548 in
3466 494 3562 549 illo
3605 511 3731 565 pec-

2147 580 2365 633 catum?
2397 579 2695 650 Utrumque
2726 581 2870 636 enim
2899 582 3033 637 dixit
3061 592 3117 637 et
3147 599 3250 636 non
3274 584 3414 653 quod
3452 584 3573 638 rolo
3606 603 3726 653 ago,

2146 679 2193 723 et
2226 686 2328 723 non
2357 687 2450 740 ego
2476 687 2661 742 operor
2690 670 2823 725 illud
2844 712 2858 735 ,
2896 672 2988 725 sed
3022 673 3163 745 quod
3191 672 3391 726 habitat
3421 675 3478 726 in
3503 690 3586 727 me
3603 692 3727 744 pec-

2146 770 2340 816 catum.
2372 762 2525 817 Unde
2561 762 2862 834 intelligere
2901 764 3161 819 debemus
3197 765 3416 832 quando
3443 776 3728 834 peccatum

2145 855 2289 923 quod
2326 854 2532 908 habitat
2579 856 2631 909 in
2679 857 2833 913 nobis
2860 866 3117 926 operatur
3155 857 3209 910 in
3239 857 3418 921 nobis,
3453 867 3586 912 tunc
3630 874 3730 912 nos

2147 945 2199 999 id
2240 961 2346 999 non
2394 946 2649 1016 operari,
2701 947 2920 1017 quando
2968 963 3308 1017 nequaquam
3360 948 3412 1003 ei
3482 946 3732 1002 voluntas

2146 1044 2332 1091 nostra
2364 1037 2669 1099 consentit,
2704 1049 2760 1092 et
2786 1046 2932 1095 tenet
2971 1039 3134 1093 etiam
3191 1040 3439 1109 corporis
3484 1037 3730 1095 ntetnbra

2149 1144 2215 1183 ne
2248 1127 2504 1183 obediant
2530 1129 2812 1185 desideriis
2831 1130 2967 1201 ejus,
2991 1130 3119 1199 quid
3149 1130 3293 1184 enim
3316 1140 3582 1201 operatur
3604 1145 3735 1200 pec-

2147 1229 2329 1274 catum
2379 1219 2687 1275 nolentibus
2716 1220 2874 1275 nobis
2898 1220 3003 1275 nisi
3038 1221 3210 1275 solum
3239 1221 3387 1276 licita
3415 1221 3691 1276 desideria
3717 1261 3735 1285 ,

2147 1309 2344 1378 quibus
2369 1310 2413 1363 si
2440 1309 2735 1364 voluntatis
2758 1325 2866 1364 non
2895 1310 3215 1365 adhibeatur
3241 1326 3525 1375 assensus,
3552 1327 3737 1366 move-

2150 1411 2239 1455 tur
2267 1401 2482 1468 quidem
2525 1399 2812 1455 nonnullus
2841 1399 3088 1465 affectus,
3116 1401 3209 1456 sed
3237 1400 3416 1455 nullus
3444 1401 3494 1454 ei
3526 1401 3739 1454 relaxa-

2150 1497 2237 1544 tur
2260 1489 2503 1544 ellectus.
2538 1488 2738 1544 Motum
2784 1504 2948 1561 porro
2979 1489 3151 1544 illiciti
3180 1490 3431 1546 desiderii
3478 1490 3575 1545 cui
3625 1505 3735 1545 non

2148 1581 2451 1636 obediendo
2483 1596 2590 1636 non
2634 1581 2688 1635 id
2720 1596 2819 1637 nos
2866 1597 3185 1651 operamur,
3213 1581 3335 1638 ideo
3359 1590 3420 1637 et
3444 1597 3547 1638 nos
3574 1597 3738 1653 agere

2151 1674 2401 1738 dicimur,
2427 1672 2552 1743 quia
2581 1686 2687 1727 non
2715 1680 2802 1728 est
2828 1681 3036 1727 natura:
3062 1673 3217 1744 vigor
3242 1672 3451 1733 alienae,
3488 1673 3587 1728 sed
3618 1673 3738 1727 lan-

461 1761 659 1833 potuit,
691 1761 1106 1816 demonstraret.
1136 1756 1425 1829 (Cassium)
1446 1756 1696 1814 δειιιίιιιιι
1717 1757 1859 1813 enim
1874 1756 2044 1811 sancti
2078 1746 2122 1807 Β
2149 1779 2284 1834 guor
2312 1771 2396 1818 est
2444 1769 2642 1818 nostra
2668 1802 2683 1829 ,
2714 1778 2747 1816 a
2780 1777 2890 1833 quo
2932 1763 3189 1834 languore
3232 1764 3551 1819 omnimodo
3597 1763 3737 1821 salvi

463 1854 567 1910 viri
583 1869 642 1911 se
664 1855 865 1910 bonum
893 1851 1057 1916 istud,
1080 1852 1221 1921 quod
1244 1851 1451 1915 volunt,
1467 1867 1571 1906 non
1586 1866 1742 1922 posse
1759 1849 2041 1921 perﬁcere,

465 1948 560 2005 sed
577 1947 706 2002 illud
727 1946 869 2016 quod
884 1945 1071 1999 nolunt
1088 1945 1338 2014 quodque
1358 1944 1588 1999 oderunt
1609 1942 1831 2008 malum,
1856 1942 1908 1997 id
1936 1949 2043 2005 est,

459 2040 849 2113 cogitationum
901 2048 1080 2094 motus
1124 2046 1181 2093 et
1218 2054 1403 2093 curam
1454 2037 1814 2109 corporalium
1861 2051 2045 2091 rerum

459 2147 674 2204 semper
695 2133 1007 2199 incurrere;
1037 2140 1092 2187 et
1111 2130 1560 2187 condelectantur
1585 2131 1800 2202 quidem
1824 2129 1927 2201 legi
1950 2129 2047 2187 Dei

459 2223 754 2281 secundum
783 2222 1092 2279 interiorem
1115 2222 1411 2286 hominem,
1434 2222 1525 2292 qui
1546 2222 1773 2278 visibilia
1797 2223 2046 2278 universa

461 2312 853 2369 transcendens
886 2322 1113 2368 conatur
1160 2314 1269 2370 Deo
1319 2314 1417 2369 soli
1472 2328 1690 2384 semper
1732 2314 1898 2380 uniri,
1948 2314 2047 2370 sed

457 2405 644 2459 vident
668 2404 830 2460 aliam
852 2405 1020 2476 legem
1052 2405 1105 2460 in
1128 2406 1383 2461 membris
1406 2404 1542 2473 suis,
1564 2406 1616 2461 id
1639 2414 1745 2472 est,
1770 2407 1822 2461 in
1850 2415 2044 2463 natura

364 2528 373 2533 θ
463 2498 715 2554 humana:
770 2497 1097 2553 conditionis
1146 2497 1405 2553 insertam
1432 2539 1447 2563 ,
1488 2513 1608 2569 quae
1642 2507 1903 2570 repugnat
1942 2499 2045 2569 legi

459 2591 660 2646 tuentis
676 2606 884 2656 eorum,
914 2600 969 2647 et
989 2592 1257 2663 captivum
1284 2591 1551 2662 pertrahit
1579 2607 1797 2648 sensum
1811 2591 2046 2647 violenta

467 2679 588 2753 lege
602 2680 832 2751 peccati,
848 2681 1173 2751 compellens
1187 2682 1395 2737 scilicet
1418 2696 1563 2747 eum,
1583 2681 1772 2737 relicto
1792 2681 1883 2736 illo
1898 2681 2044 2752 prin-

466 2772 626 2842 cipali
645 2774 810 2839 bono,
825 2780 1037 2827 terrena
1053 2773 1378 2845 cogitatione
1390 2773 1785 2841 submitti.Qu:e
1799 2773 2047 2844 quamvis
2112 2845 2123 2853 .

463 2863 773 2919 necessaria
804 2872 967 2933 atque
996 2864 1207 2935 corpori
1227 2864 1373 2920 utilis
1391 2864 1658 2931 videatur,
1685 2881 1806 2920 cum
1831 2866 2047 2934 dispen-

462 2953 673 3009 satione
702 2954 964 3024 religiosa:
982 2953 1281 3026 cuiuspiam
1317 2956 1655 3012 necessitatis
1676 2957 2005 3027 impenditur
2027 2997 2044 3025 ,

464 3046 871 3116 comparatione
924 3054 1105 3103 tamen
1160 3046 1302 3104 illius
1359 3047 1487 3103 boni
1539 3049 1682 3119 quod
1731 3056 2043 3105 sanctorum

465 3137 705 3193 omnium
735 3138 972 3194 oblectat
1002 3139 1278 3207 intuitum,
1330 3140 1469 3196 mala
1522 3141 1707 3212 utique
1754 3142 1823 3198 ab
1866 3143 1945 3197 eis
1984 3157 2048 3200 ac

467 3226 719 3298 fugienda
750 3228 1060 3283 decernitur
1081 3269 1097 3294 ,
1125 3228 1215 3299 qui
1243 3245 1341 3300 per
1359 3244 1504 3295 eam,
1531 3245 1747 3300 quoquo
1777 3232 1935 3287 modo
1964 3232 2048 3288 vel

469 3320 540 3376 ad
567 3320 836 3376 modicum
879 3328 1107 3393 tempus,
1141 3322 1209 3377 ab
1243 3321 1386 3377 illius
1413 3320 1664 3392 perfecta:
1701 3321 2049 3380 beatitudinis

467 3409 666 3482 gaudio
716 3409 1085 3464 retrahuntur.
1142 3411 1280 3468 Vere
1340 3412 1482 3467 enim
1538 3410 1623 3466 lex
1669 3413 1881 3482 peccati
1923 3422 2045 3478 est,

467 3518 631 3572 quam
655 3502 892 3557 humano
910 3504 1093 3573 generi
1121 3505 1491 3575 praevaricatio
1520 3505 1603 3561 sui
1618 3506 1838 3561 induxit
1864 3516 2051 3562 aucto-

469 3593 568 3657 ris,
590 3592 849 3663 perillius
882 3609 1101 3660 noxam,
1121 3596 1179 3654 in
1209 3611 1370 3666 quem
1403 3596 1508 3652 lata
1532 3607 1615 3653 est
1639 3598 1931 3668 :equissimi
1956 3597 2047 3668 ju-

468 3682 609 3738 dicis
637 3682 727 3738 illa
751 3686 1016 3740 sententia
1050 3704 1064 3741 :
1097 3685 1379 3742 Maledicta
1400 3698 1539 3743 terra
1566 3689 1622 3743 in
1642 3690 1880 3760 operibus
1905 3691 2006 3746 tuis
2030 3708 2049 3756 ;

468 3774 649 3846 spinas
682 3785 729 3830 et
760 3775 980 3831 tribulos
1018 3777 1325 3848 geminabit
1354 3778 1467 3844 tibi,
1500 3788 1549 3834 et
1585 3780 1640 3834 in
1663 3780 1854 3834 sudore
1882 3778 2051 3836 vultus

468 3865 549 3920 tui
590 3866 709 3921 edes
752 3883 938 3937 panem
977 3877 1125 3922 tuum
1156 3864 1310 3940 (Gen.
1355 3869 1464 3941 ιιι).
1520 3871 1665 3936 llaec,
1696 3871 1938 3941 inquam,
1968 3879 2054 3927 est

469 3954 854 4013 lex‘membris
901 3959 1142 4014 omnium
1191 3959 1392 4014 inserta
1422 3960 1765 4026 mortalium,
1798 3978 1918 4033 quae
1960 3978 2049 4018 re-

467 4056 674 4118 pugnat
729 4047 833 4120 legi
886 4050 1085 4105 mentis
1134 4059 1332 4108 nostra:
1370 4068 1599 4124 eamque
1636 4068 1666 4109 a
1697 4054 1878 4110 divino
1903 4063 2052 4111 arcet

469 4137 694 4205 intuitu,
726 4155 846 4210 qua:
860 4139 1145 4197 maledicta
1173 4150 1315 4198 terra
1346 4144 1400 4199 in
1425 4144 1681 4215 operibus
1709 4146 1909 4200 nostris
1931 4153 2053 4215 post

472 4229 799 4301 agnitionem
841 4232 965 4289 boni
1007 4248 1072 4289 ac
1095 4233 1220 4289 mali
1244 4234 1629 4306 cogitationum
1666 4237 1851 4307 spinas
1888 4237 2053 4308 cmpit

473 4338 540 4378 ac
569 4323 796 4379 tribulos
822 4323 1144 4395 germinare,
1172 4341 1403 4396 quarum
1430 4328 1601 4384 aculei
1641 4329 1837 4384 natalia
1876 4329 2049 4384 virtu-

472 4422 590 4468 tum
630 4414 835 4468 semina
878 4414 1193 4485 praefocant,
1236 4433 1303 4473 ne
1352 4418 1501 4473 illum
1551 4434 1745 4490 panem
1805 4430 2049 4475 nostrum

474 4502 568 4571 qui
598 4502 665 4558 de
700 4503 839 4558 cudo
882 4505 1194 4572 descendit,
1226 4509 1426 4579 quique
1462 4510 1730 4565 conl'ortat
1758 4526 1854 4567 cor
1881 4512 2054 4567 homi-

474 4589 762 4664 nis(Psal.
807 4595 1132 4666 oin),edere
1164 4600 1368 4670 absque
1418 4600 1594 4656 vultus
1642 4602 1811 4657 nostri
1860 4602 2055 4659 sudore

475 4684 768 4755 possimus.
794 4683 967 4741 Omne
982 4686 1144 4758 igitur
1165 4688 1458 4745 humanum
1489 4708 1658 4763 genus
1687 4692 2054 4762 buiegenera-

475 4775 603 4832 liter
621 4776 723 4849 legi
750 4778 868 4833 sine
893 4777 999 4832 ulla
1028 4781 1345 4850 exceptione
1367 4781 1649 4850 subjicitur
1672 4784 1881 4839 :nullus
1910 4783 2053 4839 enim

475 4874 578 4933 est,
620 4867 869 4938 quamvis
912 4877 1155 4934 sanctus,
1183 4871 1273 4940 qui
1303 4886 1462 4942 supra
1503 4873 1703 4927 dictum
1728 4888 1917 4943 panem
1949 4890 2053 4928 non

477 4974 601 5014 cum
627 4958 823 5015 sudore
848 4959 1030 5017 vultus
1063 4961 1165 5026 sui,
1198 4969 1255 5017 et
1279 4961 1506 5016 sollicita
1548 4963 1732 5017 cordis
1755 4963 2053 5020 intentione

476 5051 777 5122 percipiat;
807 5060 1063 5110 caeterum
1092 5054 1364 5110 communi
1396 5054 1499 5108 isto
1525 5070 1661 5124 pane
1700 5054 1872 5119 multi,
1899 5065 1957 5109 ut
1976 5055 2054 5109 vi-

2081 4471 2130 4532 D

2145 1854 2372 1921 erimus,
2410 1868 2531 1909 cum
2574 1862 2629 1907 et
2672 1854 2854 1908 animo
2882 1862 2937 1909 et
2963 1869 3190 1924 corpore
3235 1854 3577 1910 immortales
3605 1854 3734 1910 facti

2145 1942 2427 2000 fuerimus.
2474 1942 2643 2013 llujus
2672 1943 2947 2014 languoris
2972 1953 3028 1998 et
3052 1942 3387 2000 inﬁrmitatis
3410 1985 3426 2009 ,
3458 1947 3604 2000 unde
3625 1945 3733 2001 illi-

2146 2036 2252 2091 cita
2278 2034 2547 2090 desideria
2570 2044 3000 2100 commoventur,
3021 2036 3166 2105 quod
3187 2045 3472 2105 peccatum
3497 2037 3738 2107 appellat

2144 2126 2435 2198 Apostolus
2457 2166 2473 2192 ,
2512 2126 2801 2182 universus
2847 2135 3032 2182 reatus
3065 2138 3409 2184 sacramento
3433 2130 3737 2199 baptisma-

2148 2219 2218 2273 tis
2246 2227 2331 2274 est
2358 2218 2567 2274 solutus
2593 2258 2610 2285 ,
2661 2234 2785 2272 cum
2840 2219 3091 2274 omnibus
3139 2235 3260 2289 qua:
3307 2219 3381 2274 illi
3420 2220 3737 2277 obedientes

2146 2313 2397 2379 fecimus,
2427 2313 2684 2377 diximus,
2727 2313 3103 2383 cogitavimus.
3152 2312 3264 2368 Nec
3293 2317 3451 2369 nobis
3477 2316 3736 2387 deinceps

2146 2407 2371 2478 languor
2398 2407 2501 2462 iste
2526 2406 2781 2472 obesset,
2813 2408 3061 2477 quamvis
3102 2408 3339 2470 inesset,
3369 2408 3417 2461 si
3451 2406 3737 2461 desideriis

2146 2497 2264 2566 ejus
2292 2497 2488 2553 illicitis
2513 2497 2675 2553 nullis
2699 2514 2934 2568 unquam
2962 2497 3324 2552 obedientiam
3364 2496 3739 2567 praeberemus

2147 2594 2262 2648 sive
2289 2593 2627 2664 operatione,
2664 2593 2778 2647 sive
2815 2592 3083 2648 locutione
3107 2632 3123 2655 ,
3172 2592 3286 2647 sive
3331 2592 3496 2647 tacita
3547 2606 3739 2647 assen-

2147 2684 2321 2746 sione,
2356 2683 2528 2737 douec
2553 2682 2718 2737 etiam
2745 2683 2859 2751 ipse
2886 2690 3192 2735 sanzuetur.

2217 2772 2432 2830 Invenio
2478 2773 2639 2843 igitur
2687 2772 2848 2842 legem
2898 2772 3083 2826 volmti
3119 2772 3245 2825 mihi
3294 2771 3472 2840 facere
3518 2770 3738 2831 bum.

2145 2866 2399 2940 quoniam
2425 2865 2552 2919 mihi
2579 2864 2775 2919 malum
2799 2864 3043 2933 adjacct:
3073 2862 3404 2917 condelector
3448 2864 3595 2916 enim
3635 2862 3737 2931 legi

2146 2956 2254 3016 Dei
2273 2956 2555 3013 secundum
2585 2955 2878 3010 interiorem
2906 2957 3185 3009 hominem.
3212 2953 3412 3025 (Orig)
3446 2953 3512 3008 Et
3544 2955 3599 3007 in
3632 2954 3734 3017 his,

2148 3058 2209 3106 ut
2228 3064 2374 3119 stupe
2399 3049 2452 3104 in
2477 3047 2841 3118 superioribus
2870 3046 3319 3110 commonuimus,
3351 3061 3459 3099 non
3485 3045 3739 3099 videntur

2149 3139 2482 3195 elocutiones
2528 3138 2738 3206 integre
2787 3136 3079 3206 explicari,
3148 3137 3242 3190 sed
3290 3132 3737 3203 coniunctionum

2149 3229 2236 3286 vel
2291 3226 2620 3285 abundantia
2671 3225 2755 3281 vel
2812 3226 3231 3297 proprietatibus
3285 3227 3587 3296 impediri;
3645 3225 3737 3283 tali

2150 3339 2280 3395 ergo
2311 3322 2544 3394 quodam
2577 3319 2767 3377 ordine
2794 3319 2972 3390 legere
3012 3319 3287 3379 debemus,
3319 3329 3379 3375 ut
3423 3319 3741 3376 intellectas

2149 3412 2378 3469 lucidior
2406 3412 2528 3467 ﬁat:
2553 3408 2725 3479 Igitur
2749 3410 2873 3480 quia
2912 3408 3107 3463 malum
3132 3409 3261 3462 mihi
3302 3409 3516 3479 adjacet
3560 3409 3739 3464 uolens

2151 3503 2324 3573 facere
2368 3502 2558 3556 bonum
2586 3541 2601 3566 ,
2646 3501 2848 3554 invenio
2878 3498 3036 3569 legent
3071 3498 3189 3563 Dei,
3223 3509 3271 3552 et
3314 3498 3652 3553 condelector
3688 3499 3739 3553 ei

2150 3594 2438 3650 secundum
2478 3592 2776 3648 interiorem
2818 3590 3124 3652 hominem;
3156 3606 3251 3659 per
3296 3591 3443 3661 quod
3473 3590 3738 3659 ostendit,

2152 3684 2297 3756 quod
2327 3682 2552 3739 interior
2598 3682 2780 3745 homo,
2816 3682 2917 3735 hoc
2944 3691 3045 3743 est,
3083 3680 3351 3741 voluntas,
3382 3688 3439 3734 et
3488 3680 3739 3751 proposio

2153 3784 2267 3829 tum
2296 3789 2403 3844 quo
2429 3771 2639 3827 initium
2680 3770 2875 3841 accipit
2904 3770 3146 3826 converti
3178 3769 3246 3823 ad
3281 3768 3600 3833 Dominum,
3634 3768 3738 3837 legi

2152 3864 2247 3918 Dei
2292 3862 2579 3928 consentit,
2616 3869 2672 3916 et
2699 3860 2996 3916 delectatur
3043 3860 3097 3915 in
3125 3874 3220 3915 ea:
3252 3860 3347 3915 sed
3378 3869 3438 3913 ut
3484 3862 3741 3930 superius

2150 3953 2408 4017 diximus,
2441 3968 2546 4007 non
2599 3951 2779 4006 statim
2833 3959 2891 4005 ut
2944 3948 3275 4004 voluntatem
3304 3951 3428 4019 quis
3459 3950 3738 4015 habuerit,

2152 4052 2391 4109 converti
2420 4051 2487 4105 ad
2515 4051 2675 4113 bona,
2705 4048 2867 4103 etiam
2898 4062 3027 4103 usus
3068 4046 3193 4102 boni
3243 4046 3427 4117 operis
3475 4047 3741 4101 subsecu-

2153 4153 2240 4199 tus
2267 4152 2381 4208 est;
2427 4142 2533 4197 cita
2565 4140 2709 4195 enim
2750 4154 2839 4194 res
2886 4148 2967 4194 est
3003 4138 3270 4201 voluntas,
3315 4146 3373 4191 et
3399 4137 3517 4192 sive
3570 4137 3741 4206 impe-

2151 4236 2391 4294 dimento
2425 4234 2787 4296 convertitur;
2818 4247 2953 4302 opus
2980 4247 3109 4287 vero
3135 4233 3346 4287 tardum
3373 4241 3483 4294 est,
3520 4231 3651 4300 quia
3686 4239 3741 4284 ct

2151 4342 2329 4390 usum,
2369 4335 2423 4383 et
2450 4334 2644 4389 artem,
2671 4332 2727 4380 et
2754 4323 2989 4378 laborem
3019 4322 3245 4392 requirit
3270 4321 3555 4392 operandi.
3583 4321 3739 4388 Quod

2154 4428 2215 4475 ut
2245 4417 2552 4474 evidentius
2593 4416 2704 4480 ﬁat,
2732 4425 2950 4470 utamur
2970 4416 3135 4471 etiam
3161 4414 3517 4470 similitudine
3559 4432 3739 4469 exem-

2154 4511 2251 4582 pli,
2280 4509 2430 4565 verbi
2480 4508 2676 4581 gratia,
2706 4507 2814 4561 vult
2848 4507 2971 4577 quis
3009 4507 3223 4576 sapiens
3254 4505 3393 4569 ﬁeri,
3428 4522 3530 4559 nec
3556 4516 3735 4560 ιιιιιειι

2149 4602 2333 4659 statim
2381 4609 2442 4655 ut
2488 4600 2657 4655 voluit
2704 4598 2920 4669 sapiens
2947 4594 3169 4653 edoctus
3215 4604 3321 4660 est,
3353 4597 3447 4649 sed
3485 4596 3736 4651 voluntas

2150 4695 2365 4764 quidem
2396 4690 2691 4764 pratcessit,
2742 4704 2841 4745 nec
2891 4690 3008 4745 sine
3038 4688 3311 4742 voluntate
3362 4685 3564 4756 aliquis
3617 4684 3733 4739 ticri

2149 4783 2366 4854 sapiens
2403 4790 2578 4853 potest
2604 4799 2617 4836 :
2663 4780 2756 4836 sed
2784 4788 2959 4834 tamen
2991 4794 3113 4833 cum
3144 4777 3393 4831 voluntas
3423 4774 3610 4840 fuerit,
3644 4775 3735 4827 al-

2154 4877 2422 4933 hihendus
2467 4882 2551 4930 est
2599 4873 2770 4939 labor,
2826 4873 3087 4935 studium,
3120 4870 3454 4933 sollicitudo,
3511 4870 3735 4939 vigilize,

2157 4968 2423 5032 doctrina,
2456 4966 2741 5029 institutio,
2781 4972 2838 5019 et
2879 4964 2970 5019 vix
2999 4963 3285 5033 aliquando
3320 4978 3421 5017 usu
3452 4962 3637 5031 longo,
3684 4969 3736 5015 et

2158 5057 2505 5114 meditatione
2530 5056 2786 5111 continua
2838 5055 3054 5124 sapiens
3079 5052 3330 5107 ecitur.
3370 5051 3477 5106 iste
3508 5067 3641 5121 ergo
3668 5050 3737 5105 ab

478 5143 690 5209 demus,
711 5142 909 5199 divites
931 5143 1049 5200 sine
1070 5143 1179 5201 ullo
1206 5144 1384 5200 vultus
1408 5144 1489 5200 sui
1514 5123 1709 5201 sudore
1742 5155 2051 5200 vescuntur.
2193 5149 2313 5205 vitio
2345 5147 2560 5217 quidem
2610 5146 2794 5201 statim
2841 5123 3173 5199 voluntatem
3203 5143 3395 5198 habuit
3423 5183 3440 5207 ,
3494 5153 3561 5198 ut
3589 5151 3738 5197 esset

551 5231 610 5289 Si
633 5236 771 5290 enim
798 5236 938 5305 quod
969 5235 1112 5300 uolo,
1139 5236 1330 5306 inquit,
1353 5236 1449 5290 hoc
1480 5236 1640 5306 facio,
1664 5237 1778 5306 jam
1823 5254 1925 5292 non
1960 5253 2054 5308 ego

478 5339 666 5397 operor
692 5326 847 5392 illud,
868 5327 957 5382 sed
981 5328 1119 5398 quod
1142 5329 1342 5384 habitat
1372 5329 1426 5383 in
1450 5345 1530 5383 me
1556 5338 1842 5399 peccatum.
1870 5328 2006 5398 (Aug
2035 5329 2054 5399 )

481 5421 620 5477 Ecce
663 5420 1115 5488 quemadmodum
1152 5421 1241 5491 qui
1275 5420 1551 5477 ambulant
1592 5422 1645 5475 in
1699 5420 1800 5475 viis
1843 5420 2055 5475 Domini

482 5520 588 5562 non
624 5517 916 5578 operantur
945 5517 1223 5579 peccatum
1250 5552 1265 5575 ,
1302 5520 1354 5568 et
1393 5521 1571 5568 tamen
1619 5527 1723 5566 non
1766 5520 1892 5565 sunt
1940 5511 2057 5569 sine

483 5607 707 5664 peccato
736 5639 750 5664 ,
804 5599 930 5669 quia
962 5599 1076 5670 jam
1115 5617 1221 5656 non
1265 5601 1367 5671 ipsi
1409 5610 1702 5673 operantur
1742 5600 1908 5664 illud,
1963 5600 2057 5655 sed

485 5689 626 5757 quod
672 5690 727 5745 in
776 5692 854 5747 eis
900 5693 1107 5748 habitat
1162 5702 1459 5763 peccatum.
1518 5693 1613 5749 llic
1656 5694 1797 5749 dicet
1841 5691 2055 5765 aliquis,

2158 5240 2393 5310 sapiens.
2409 5238 2500 5292 sed
2522 5252 2628 5291 non
2648 5237 2828 5291 statim
2844 5234 2998 5289 alluit
3015 5235 3064 5290 ei
3085 5249 3221 5304 opus
3237 5234 3552 5303 sapientiae;
3573 5233 3669 5288 sed
3685 5241 3732 5287 et

2161 5330 2214 5385 in
2240 5346 2303 5386 eo
2326 5330 2442 5399 ipso
2462 5344 2583 5383 cum
2616 5327 2859 5381 eruditur
2879 5335 2939 5381 ut
2961 5327 3175 5395 sapiens
3197 5325 3307 5389 ﬁat,
3324 5334 3530 5396 quanta
3551 5325 3734 5387 stulte,

2158 5426 2212 5473 et
2239 5426 2425 5473 contra
2456 5416 2776 5486 sapientiam
2808 5414 3011 5487 gessit!
3048 5414 3147 5482 Qui
3199 5425 3383 5470 tamen
3430 5415 3733 5485 intelligere

2159 5507 2374 5579 quidem
2423 5507 2590 5576 potuit
2622 5520 2782 5575 quam
2829 5505 2989 5560 stulte
3016 5505 3272 5576 gesserit;
3304 5504 3540 5560 habebat
3590 5504 3734 5557 enim

2157 5597 2268 5667 jam
2296 5595 2531 5652 studium
2561 5594 2865 5667 sapientia);
2908 5611 3013 5651 non
3046 5603 3221 5650 tamen
3252 5594 3327 5649 ita
3365 5593 3482 5661 jam
3517 5593 3733 5662 sapiens

2163 5699 2300 5754 erat,
2336 5699 2389 5745 ut
2420 5706 2611 5746 cavere
2648 5699 2827 5759 posset
2853 5705 2918 5744 ne
2971 5688 3099 5759 quid
3145 5688 3461 5768 insipienter
3486 5687 3731 5744 admitte-
