4026 6180
312 346 451 410 “53

726 307 746 327 ⁸
817 341 1369 401 musmonem
1405 341 1473 399 1a
1514 340 1666 399 ευρ.
1707 339 1914 397 PAULI
1948 338 2081 396 LIB.
2122 340 2214 398 ιτ.
2255 374 2322 384 -
2361 342 2427 399 nt
2465 341 2698 401 mss.
2738 344 2832 401 sn
2870 344 3043 403 nou.

3436 351 3589 408 H3“

326 474 433 517 rel.
477 462 581 517 lste
609 458 743 516 ordo
769 469 828 515 et
880 459 947 515 de
976 458 1235 530 pudicitia
1288 468 1374 515 est
1402 458 1703 525 habendus,
1750 457 1896 539 quod
1923 467 1976 526 Α
2000 466 2089 511 tur
2118 458 2219 512 scit
2274 456 2488 514 fortiter
2541 461 2895 518 testationem
2930 460 3073 519 ferre
3130 466 3463 535 certaminis,
3516 476 3576 526 et

314 550 435 613 non'
482 551 666 606 statim
717 550 840 619 quis
890 558 951 604 ut
995 550 1227 605 voluerit
1266 551 1579 620 pudicitiam
1626 549 1891 621 proﬁteri,

315 645 482 698 etiam
512 656 678 712 opere
704 641 965 711 implebit,
1021 649 1084 696 ut
1114 641 1274 697 nullis
1302 641 1751 711 concupiscentiae
1794 641 1895 697 sti-

314 732 475 787 mulis
502 732 756 803 agitetur.
807 729 903 785 Sic
953 738 1011 785 et
1046 731 1114 786 de
1142 732 1577 797 mansuetudine,
1607 738 1664 786 et
1691 731 1759 785 de
1804 746 1900 802 pa-

317 824 526 890 tientia,
551 832 606 878 et
625 823 692 877 de
717 820 942 893 singulis
969 823 1271 892 quibusque
1301 823 1593 879 virtutibus
1617 823 1897 879 sciendum

314 923 420 978 est,
453 913 505 968 in
536 912 732 982 quibus
754 912 1005 967 omnibus
1031 911 1137 966 dici
1165 913 1416 968 convenit
1440 931 1453 967 :
1487 912 1628 979 Quia
1650 910 1895 968 candela-

315 1015 433 1058 etor
473 1003 575 1073 legi
604 1002 724 1067 Dei,
760 1000 862 1055 hoc
885 1009 969 1055 est
997 1002 1304 1068 virtutibus,
1337 1002 1623 1057 secundum
1670 1003 1895 1058 interio-

318 1111 428 1149 rem
470 1093 755 1149 hominem.
804 1090 1007 1163 (Antb.)
1038 1091 1290 1146 Animum
1319 1092 1406 1147 bis
1450 1093 1708 1148 olilectari
1743 1093 1893 1158 dicit,

314 1199 439 1255 quas
483 1198 515 1238 a
545 1183 661 1255 lege
686 1182 973 1239 traduntur
996 1199 1011 1236 :
1033 1182 1123 1237 hic
1148 1191 1234 1251 est
1257 1183 1481 1238 interior
1524 1184 1719 1249 homo;
1764 1183 1895 1254 quia

318 1292 426 1331 non
454 1276 509 1330 in
549 1275 730 1328 animo
759 1273 969 1329 habitat
992 1283 1299 1344 peccatum,
1326 1274 1422 1330 sed
1451 1276 1506 1330 in
1532 1290 1729 1342 carne,
1773 1290 1898 1346 quae

316 1377 403 1423 est
459 1382 524 1422 ex
554 1366 763 1437 origine
790 1366 974 1421 carnis
1004 1366 1232 1436 peccati,
1257 1374 1316 1421 et
1359 1382 1457 1437 per
1501 1367 1777 1423 traducem
1834 1367 1895 1422 lit

312 1459 496 1514 cunnis
525 1473 651 1513 caro
676 1456 905 1527 peccati.
933 1454 992 1512 Si
1034 1457 1179 1512 enim
1206 1456 1386 1511 anima
1411 1457 1479 1512 de
1505 1457 1726 1512 traduce
1750 1464 1897 1512 esset

315 1560 373 1603 et
399 1548 535 1619 ipsa,
580 1548 714 1603 etin
746 1548 860 1618 ipsa
897 1546 1167 1602 habitaret
1196 1555 1503 1617 peccatum,
1543 1546 1668 1617 quia
1710 1546 1893 1602 anima

313 1641 445 1696 Ada:
484 1641 655 1710 magis
700 1639 946 1711 peccavit
992 1652 1157 1708 quam
1210 1654 1445 1709 corpus:
1488 1641 1584 1695 sed
1609 1646 1893 1710 peccatum

314 1734 512 1787 anima:
534 1731 777 1801 eorrupit
816 1746 1034 1802 corpus.
1079 1729 1137 1784 lu
1166 1745 1333 1786 carne
1361 1745 1490 1802 ergo
1522 1731 1731 1785 habitat
1760 1744 1892 1801 pee-

1994 562 2117 602 cum
2135 548 2428 604 tentatione
2454 551 2780 617 concutitur,
2804 552 2857 606 in
2881 552 2989 607 alta
3013 568 3139 608 arce
3151 556 3400 623 prtesidet
3419 558 3574 627 quie-

1994 641 2102 705 tis,
2131 640 2222 710 qui
2271 640 2436 695 etiam
2480 641 2623 710 apud
2681 644 3030 713 semetipsum
3078 647 3178 700 sub
3219 646 3399 716 seipso
3450 662 3575 708 esse

1993 728 2365 784 contentiones
2414 730 2666 785 vitiorum
2696 733 2984 803 compieit,
3022 734 3219 803 quibus
3267 736 3411 791 nulla
3463 737 3573 792 ira-

1993 829 2113 895 ctus
2162 820 2517 877 delectatione
2565 825 2855 879 consentit.
2921 823 3103 892 Video,
3146 827 3358 897 inquit,
3408 827 3571 884 aliam

1992 907 2153 979 legem
2179 909 2235 962 in
2263 909 2504 965 membris
2533 912 2660 966 meis
2694 925 3070 983 repugnantem
3103 915 3203 986 legi
3230 918 3416 971 mentis
3433 934 3580 980 metu,

1991 1008 2039 1051 et
2069 999 2330 1069 captivum
2361 1014 2443 1052 me
2473 998 2742 1055 ducentem
2775 1003 2833 1055 in
2859 1002 2969 1073 lege
2993 1006 3213 1074 peccati,
3257 1023 3375 1076 qute
3405 1016 3481 1061 est
3518 1008 3580 1064 in

1953 1110 1967 1117 -
1992 1090 2236 1147 vteotbris
2278 1091 2429 1145 meis.
2478 1090 2578 1146 Ubi
2602 1105 2734 1163 ergo
2763 1092 2845 1148 lex
2892 1096 3246 1163 peceaticum
3286 1097 3402 1168 lege
3428 1112 3580 1153 men-

1996 1180 2384 1244 tis'contendit.
2432 1180 2675 1251 profecto
2704 1184 2883 1238 adhuc
2914 1201 3112 1241 aurora
3157 1197 3263 1253 est,
3313 1189 3440 1259 quia
3484 1188 3577 1243 lux

1993 1282 2113 1339 qme
2156 1269 2272 1338 jam
2314 1272 2558 1335 emicuit,
2614 1272 2843 1328 necdum
2876 1283 3268 1343 praetereuntes
3325 1278 3579 1333 tenebras

1993 1362 2233 1419 funditus
2270 1364 2499 1434 pressit;
2529 1366 2707 1421 adhuc
2762 1379 2960 1422 aurora
3003 1377 3107 1433 est,
3158 1369 3283 1438 quia
3313 1371 3438 1424 dum
3491 1370 3579 1424 lex

1992 1455 2176 1510 carnis
2218 1455 2389 1527 legem
2436 1456 2657 1522 mentis,
2706 1466 2764 1512 et
2812 1457 2898 1513 lex
2943 1459 3140 1513 mentis
3180 1458 3350 1530 legem
3401 1462 3583 1517 carnis

1989 1547 2240 1616 percutit,
2272 1547 2429 1602 inter
2478 1563 2538 1603 se
2588 1547 2823 1607 vicissim
2858 1549 2948 1603 lux
2997 1557 3054 1604 et
3080 1551 3269 1605 umbra
3318 1550 3581 1622 conﬂigit.

1993 1639 2192 1712 (θήρ.)
2245 1639 2352 1695 Sed
2398 1655 2522 1695 cum
2573 1640 2690 1696 hinc
2740 1641 2937 1697 Paulus
2977 1652 3254 1712 assumpta
3307 1642 3583 1711 fragiliore

1991 1741 2222 1798 persona
2254 1729 2395 1785 intra
2424 1726 2697 1787 hominem
2725 1732 2910 1787 haberi
2942 1733 3241 1788 certamina
3279 1734 3575 1800 docuisset,

314 1833 518 1887 catum,
551 1823 705 1891 quasi
732 1823 799 1877 ad
821 1821 1018 1892 januas
1067 1824 1288 1888 animai,
1341 1831 1403 1877 ut
1451 1837 1557 1877 non
1587 1822 1732 1876 illam
1760 1837 1887 1893 per-
1917 1818 1966 1879 Β
1994 1826 2049 1875 et
2094 1819 2421 1875 ostendisset
2476 1822 2620 1890 quod
2667 1822 2828 1876 etiam
2863 1832 3054 1877 contra
3106 1824 3433 1878 voluntatem
3485 1839 3583 1894 per

313 1913 497 1969 mittat
522 1913 602 1968 ire
623 1927 729 1981 quo
763 1912 916 1978 vult;
955 1912 1008 1966 in
1054 1902 1237 1968 ani'ma
1282 1920 1464 1967 autem
1493 1912 1540 1967 si
1592 1912 1889 1982 habitaret,

1990 1906 2257 1963 desideria
2288 1910 2469 1965 carnis
2498 1912 2677 1965 anima
2714 1927 2811 1966 usu
2853 1912 2974 1983 ipso
2999 1915 3256 1983 peccandi
3288 1915 3341 1968 in
3373 1915 3583 1985 peccati

316 2019 590 2073 nunquam
614 2018 674 2058 se
692 2012 1048 2074 cognosceret
1073 2003 1235 2058 homo
1262 2021 1278 2056 :
1316 2018 1458 2058 nunc
1487 2012 1667 2059 autem
1692 2018 1894 2075 cogno-
1986 1998 2108 2069 jura
2138 2011 2437 2072 raperetur,
2471 2003 2861 2060 exclamatione
2888 2006 3255 2065 utituradhuc
3280 2023 3348 2061 ex
3393 2022 3582 2077 perso-

317 2097 421 2151 scit
443 2111 522 2161 se,
550 2103 605 2151 et
635 2093 1042 2150 condeleelatur
1070 2093 1171 2165 legi
1203 2095 1320 2150 Dei.

392 2183 555 2239 Video
582 2194 757 2240 autem
781 2182 943 2240 aliam
979 2183 1143 2256 legem
1174 2187 1230 2239 in
1260 2185 1506 2241 membris
1540 2187 1693 2253 meis,
1737 2203 1893 2259 repu-

311 2288 561 2351 gnantem
600 2278 699 2349 legi
722 2276 908 2332 mentis
940 2293 1087 2344 metr,
1124 2287 1174 2332 et
1209 2279 1471 2348 captiuum
1507 2295 1588 2333 me
1617 2278 1892 2334 ducentem

311 2379 370 2434 in
413 2377 523 2449 lege
572 2381 788 2450 peccati,
836 2395 957 2449 qua:
984 2388 1061 2433 est
1101 2378 1158 2432 iu
1210 2374 1453 2431 membris
1500 2373 1649 2428 meis.
1691 2370 1891 2444 (Orig)

311 2471 467 2534 Quod
492 2483 655 2539 supra
697 2468 927 2531 dixerat,
956 2467 1082 2523 uelle
1119 2466 1256 2522 enim
1281 2466 1473 2520 bonum
1506 2464 1712 2535 adjacet
1740 2463 1889 2531 mihi,

312 2558 405 2614 hic
448 2558 777 2613 voluntatem
804 2558 928 2613 boni
976 2557 1149 2629 legem
1180 2555 1377 2611 mentis
1406 2555 1722 2620 nominavit,
1774 2569 1893 2623 qum

314 2649 400 2704 les
449 2649 646 2705 mentis
672 2649 924 2704 convenit
951 2663 1075 2703 cum
1104 2648 1222 2719 lege
1252 2648 1370 2712 Dei,
1397 2655 1454 2701 et
1496 2644 1767 2701 consentit
1814 2644 1889 2699 ei.

313 2741 429 2797 Sed
463 2756 677 2797 rursum
714 2750 893 2796 motus
925 2741 1172 2812 corporis
1196 2748 1251 2796 et
1293 2738 1560 2795 desideria
1590 2739 1789 2804 carnis,
1818 2736 1888 2792 le-

309 2849 433 2907 gem
449 2832 810 2889 tuembromm
835 2833 985 2898 dicit,
1001 2848 1119 2902 qute
1132 2832 1396 2901 captivam
1419 2829 1567 2885 ducit
1582 2828 1823 2884 animam
1837 2835 1894 2882 et

309 2925 516 2996 peccati
541 2923 745 2995 legibus
766 2924 975 2990 subdit;
1002 2932 1209 2978 certum
1229 2930 1313 2977 est
1335 2934 1567 2990 namque
1590 2919 1731 2990 quod
1753 2918 1895 2973 desi-

309 3016 463 3071 deria
492 3015 673 3070 carnis
698 3016 935 3069 animam
977 3014 1197 3068 trahant
1225 3012 1292 3066 ad
1328 3020 1634 3081 peccatum,
1683 3018 1739 3064 et
1773 3023 1893 3064 eam

309 3107 518 3179 legibus
539 3105 656 3175 ejus
703 3105 936 3161 subdant
964 3123 977 3159 :
1011 3113 1067 3159 et
1093 3105 1234 3159 sicut
1260 3104 1342 3157 lex
1378 3102 1576 3157 mentis
1602 3116 1722 3171 quae
1765 3115 1895 3155 con-

1991 2110 2060 2149 na
2091 2094 2236 2150 illius
2262 2110 2422 2165 quem
2452 2095 2760 2166 descripsit,
2784 2105 2839 2150 et
2864 2096 3021 2152 dicit:

2062 2186 2261 2264 Infelix
2281 2204 2374 2259 ego
2400 2187 2586 2242 homo!
2612 2189 2731 2257 quis
2755 2205 2836 2242 me
2860 2186 3097 2243 liberabit
3118 2188 3182 2242 de
3203 2206 3416 2260 corpore
3439 2205 3579 2243 mor-

1991 2278 2058 2332 tis
2103 2279 2263 2349 hujus
2289 2279 2315 2332 7
2361 2277 2518 2333 Videt
2568 2293 2627 2333 se
2659 2279 2915 2334 miserum
2950 2278 3093 2333 intra
3133 2294 3294 2350 quem
3328 2286 3406 2333 tot
3436 2278 3581 2351 leges

1992 2369 2094 2424 sibi
2145 2370 2375 2424 invicem
2431 2377 2751 2441 repugnant,
2783 2377 2861 2424 tot
2906 2368 3089 2439 puclia
3120 2378 3574 2425 tonunoventur:

1992 2460 2202 2532 Pugnat
2237 2478 2361 2515 caro
2411 2461 2657 2516 adversus
2705 2460 2967 2532 spiritum,
3022 2462 3238 2531 sp‘ritus
3277 2471 3450 2515 autem
3475 2460 3573 2514 ad-

1993 2570 2169 2609 versus
2219 2571 2452 2620 carnem,
2506 2554 2699 2623 lexque
2745 2556 3113 2610 membrorum
3160 2564 3427 2628 repugnat
3470 2554 3578 2627 logi

1993 2648 2209 2713 mentis,
2239 2656 2295 2701 ct
2323 2648 2537 2721 captiva
2561 2647 2773 2702 ducitur
2799 2648 2981 2702 anima
3010 2647 3063 2701 in
3095 2646 3210 2718 lege
3241 2647 3472 2716 peccati,
3519 2653 3578 2703 et

1993 2739 2094 2794 sub
2114 2739 2242 2809 jngo
2271 2737 2387 2807 ejus
2408 2737 2659 2804 ellicitur,
2688 2739 2851 2794 etiam
2877 2755 3001 2794 cum
3033 2739 3259 2794 interior
3288 2739 3449 2793 homo
3481 2736 3578 2794 Dei

1995 2829 2111 2898 lege
2137 2829 2450 2885 delectetur.
2510 2829 2709 2901 (.4mb.)
2745 2828 3020 2884 infelicem
3048 2830 3245 2899 quippe
3294 2830 3569 2885 hominem

1992 2920 2146 2986 dicit,
2181 2923 2304 2992 quia
2348 2923 2588 2978 nascitur
2613 2922 2714 2978 sub
2741 2932 2984 2993 peccato.
3015 2922 3268 2993 Nunquid
3315 2938 3421 2978 non
3452 2938 3580 2978 vero

1996 3011 2175 3067 infelix
2222 3022 2304 3069 est
2334 3014 2512 3078 homo,
2543 3013 2633 3084 qui
2689 3013 2745 3069 iu
2775 3014 2919 3069 hanc
2949 3014 3319 3069 luereditatvm
3368 3029 3576 3085 praeva-

1996 3104 2270 3159 riralionis
2289 3105 2569 3168 successit,
2593 3105 2805 3159 hostem
2832 3119 3014 3160 secum
3043 3103 3249 3157 habens
3272 3112 3577 3173 peceatum,

306 3174 611 3255 sciititcum
640 3198 754 3269 lege
782 3197 899 3261 Dei,
922 3196 966 3251 si
998 3195 1232 3251 animam
1255 3192 1491 3265 potuerit
1512 3193 1775 3255 obtinere,
1800 3190 1894 3244 ad-
1921 3174 1967 3235 (ἶ
1998 3212 2093 3265 per
2122 3198 2262 3265 quod
2293 3196 2360 3250 ad
2414 3197 2564 3251 illum
2595 3197 2802 3251 aditum
2837 3196 2999 3251 habet,
3051 3195 3327 3250 Satanas?
3378 3193 3577 3266 (Orig,)

306 3289 460 3347 ducit
480 3304 601 3346 eam
623 3290 689 3343 ad
715 3288 885 3359 legem
912 3288 1025 3353 Dei,
1051 3288 1122 3342 ita
1157 3295 1213 3342 et
1245 3285 1352 3350 lex,
1398 3300 1518 3356 qua:
1552 3284 1603 3337 in
1632 3281 1892 3337 membris

303 3393 413 3445 est,
437 3389 492 3437 et
513 3380 962 3449 concupiscentiis
986 3378 1184 3441 carnis,
1227 3379 1271 3434 si
1314 3376 1588 3433 seduxerit
1629 3375 1889 3439 animam,

304 3475 512 3547 peccati
533 3488 651 3529 eam
666 3473 871 3543 legibus
893 3473 1083 3528 subdet
1108 3470 1306 3543 (Δηώ.)
1330 3470 1570 3537 Quatuor
1585 3467 1799 3537 quidem
1816 3466 1893 3521 le-

301 3583 399 3637 ges
418 3568 661 3623 nominat
680 3584 693 3620 :
717 3567 945 3638 primam
962 3565 1132 3635 legem
1148 3562 1471 3629 spiritalem,
1486 3575 1606 3629 qua:
1626 3567 1710 3614 est
1721 3558 1889 3614 etiam

302 3662 587 3729 naturalis,
611 3679 731 3734 qum
758 3661 1045 3717 reformata
1069 3667 1150 3715 est
1172 3674 1267 3730 per
1288 3657 1529 3729 Moysen,
1550 3666 1604 3711 et
1624 3656 1795 3726 posita
1834 3654 1889 3710 in

303 3755 657 3820 auctoritate;
683 3754 796 3825 ipsa
811 3763 894 3809 est
907 3752 993 3808 lex
1015 3753 1107 3807 Dei
1126 3770 1138 3805 :
1154 3750 1347 3806 deinde
1367 3751 1537 3821 legem
1554 3748 1751 3803 mentis
1763 3762 1891 3802 con-

303 3849 627 3904 sentientem
651 3849 753 3920 legi
776 3847 909 3902 Dei:
937 3848 1149 3902 tertiam
1184 3846 1356 3916 legem
1374 3844 1601 3915 peccati,
1636 3857 1798 3912 quam
1818 3855 1884 3895 ex

303 3942 749 4015 praevaricatione
780 3941 937 4012 primi
971 3939 1269 3996 hominisin
1295 3937 1550 3994 membris
1566 3936 1696 3991 dicit
1734 3933 1890 3990 babi-

307 4046 423 4089 tare
441 4052 455 4088 :
480 4041 727 4104 quartam
756 4047 882 4088 vero
896 4047 1017 4101 qua:
1031 4031 1084 4085 in
1104 4028 1361 4084 membris
1378 4027 1606 4087 videtur,
1624 4024 1749 4078 dum
1766 4037 1889 4092 sug-

304 4124 444 4197 gerit
468 4124 605 4180 mala
626 4133 682 4179 et
714 4123 939 4179 recedit.
970 4120 1077 4176 Sed
1118 4120 1201 4175 hu:
1241 4120 1385 4189 leges
1417 4117 1625 4172 iteratae
1655 4124 1887 4184 quatuor

306 4216 557 4270 videntur
582 4229 707 4269 cum
752 4213 861 4267 sint
890 4213 1026 4277 dum,
1072 4211 1124 4264 id
1166 4218 1266 4274 est,
1317 4208 1458 4263 bona
1483 4217 1538 4266 et
1560 4204 1720 4260 mala.
1774 4202 1883 4258 Lex

303 4308 447 4362 enim
475 4305 670 4361 mentis
718 4305 833 4374 ipsa
867 4312 954 4359 est
992 4302 1075 4356 lex
1110 4300 1366 4371 spiritalis
1403 4300 1517 4354 sive
1547 4296 1736 4367 Moysi,
1763 4310 1885 4365 qua:

303 4405 528 4450 vocatur
555 4394 641 4451 lex
670 4393 798 4458 Dei;
834 4392 1040 4464 peccati
1069 4406 1197 4444 vero
1224 4390 1308 4444 lex
1339 4389 1527 4442 eadem
1558 4394 1665 4449 est,
1691 4400 1811 4453 qnze
1829 4391 1885 4437 et

303 4486 394 4541 illa
426 4502 585 4557 quam
619 4485 671 4539 in
709 4483 969 4538 membris
1004 4482 1134 4536 dicit
1165 4479 1357 4545 videri,
1402 4492 1523 4546 quae
1563 4474 1883 4531 contradicit

300 4576 406 4646 legi
439 4576 635 4631 mentis
664 4584 881 4630 nostrae.
911 4572 1095 4643 (Aug.)
1125 4572 1319 4641 Legem
1351 4569 1553 4638 peccati
1584 4567 1735 4632 dicit,
1776 4580 1883 4635 qua

300 4668 531 4736 quisque
561 4667 746 4721 carnis
783 4665 1174 4721 consuetudine
1203 4661 1507 4729 implicatus
1536 4657 1882 4728 astringitur:

299 4757 443 4811 hanc
491 4755 778 4827 repugnari
821 4755 899 4809 ait
926 4754 1026 4825 legi
1054 4753 1252 4807 mentis
1278 4766 1389 4805 suae
1418 4759 1472 4806 et
1519 4763 1578 4804 sc
1607 4750 1885 4819 eaptivare

299 4846 403 4903 sub
437 4847 553 4917 lege
581 4846 809 4916 peccati.
844 4845 997 4902 Unde
1020 4843 1336 4913 intelligitur
1363 4842 1449 4897 ille
1484 4842 1646 4896 homo
1681 4842 1887 4897 deseri-

269 4928 273 4932 ’
299 4939 354 4995 bi
376 4939 467 5008 qui
496 4938 732 5013 nondum
756 4945 842 4994 est
862 4937 964 4992 sub
984 4935 1178 5006 gratia.
1208 4933 1272 5006 (ϐ
1282 4932 1411 5006 reg.)
1459 4933 1514 4988 Si
1536 4933 1679 4987 enim
1720 4947 1873 5003 repu-

298 5039 493 5103 gnaret
540 5038 751 5086 tantum
784 5026 1118 5085 consuetudo
1158 5024 1413 5088 carnalis,
1454 5032 1510 5079 et
1554 5039 1659 5078 non
1710 5021 1884 5092 capti-

296 5132 476 5187 varet,
526 5136 634 5176 non
664 5128 809 5177 esset
862 5116 1197 5174 dominatio:
1246 5114 1299 5168 iu
1327 5128 1394 5168 eo
1440 5121 1526 5168 est
1568 5111 1884 5176 dominatio,

299 5214 443 5283 quod
469 5214 931 5283 obtemperamus,
974 5218 1030 5265 et
1074 5208 1341 5264 servimus
1369 5203 1652 5260 desideriis
1705 5203 1886 5273 pravis

297 5300 360 5360 ἐι
382 5303 713 5359 carnalibus.
767 5302 822 5356 Si
868 5310 1046 5355 autem
1087 5299 1326 5356 existant
1369 5303 1421 5351 et
1456 5310 1563 5349 non
1595 5294 1705 5349 sint
1757 5294 1884 5349 talia

299 5397 587 5461 desideria,
629 5412 737 5451 non
765 5405 944 5450 tamen
971 5394 1057 5449 his
1078 5392 1412 5457 obediamus,
1447 5408 1553 5448 non
1582 5389 1884 5462 captivare—

298 5503 427 5543 mur
458 5495 512 5544 et
539 5489 640 5542 sub
665 5487 838 5558 gratia
865 5500 1084 5541 sumus:
1117 5486 1209 5542 sed
1248 5486 1392 5541 aliud
1438 5496 1523 5542 est
1564 5487 1702 5543 bella
1730 5484 1886 5542 forti-

299 5586 387 5633 ter
437 5576 665 5646 perpeti,
714 5575 860 5629 aliud
908 5574 1061 5630 bellis
1107 5577 1379 5632 enerviter
1434 5576 1771 5647 expugnari;
1829 5578 1885 5632 in

299 5666 423 5723 istis
459 5675 743 5724 exercetur
790 5665 986 5729 virtus,
1049 5680 1119 5721 ne
1172 5665 1316 5723 intus
1355 5666 1538 5722 extolli
1564 5666 1798 5732 debeat;
1829 5666 1884 5721 in

304 5755 415 5815 illis
448 5757 758 5814 omnimodo
787 5756 1170 5827 exstinguitur,
1206 5772 1273 5813 ne
1303 5756 1583 5814 subsistat.
1633 5758 1734 5825 Qui
1790 5758 1886 5827 igi-

1994 3287 2272 3354 Quomodo
2302 3303 2431 3358 ergo
2464 3287 2517 3341 in
2551 3295 2630 3342 tot
2653 3296 2707 3341 et
2751 3286 2947 3341 talibus
2980 3285 3136 3342 malis
3163 3301 3267 3339 non
3321 3286 3578 3339 miserunt

1992 3392 2052 3435 se
2080 3378 2223 3432 dicat
2253 3378 2433 3443 homo,
2460 3386 2516 3436 ct
2544 3379 2596 3433 in
2623 3394 2851 3447 corpore
2879 3378 3070 3432 mortis
3095 3378 3386 3432 habitare?
3418 3376 3578 3431 Meri-

1993 3477 2047 3523 to
2076 3483 2308 3539 namque
2340 3484 2537 3540 corpus
2567 3470 2758 3524 mortis
2782 3470 3103 3541 appellatur,
3133 3469 3186 3524 in
3216 3486 3324 3541 quo
3364 3470 3576 3525 haLitat

1990 3570 2271 3632 peceatum
2300 3563 2442 3632 quod
2471 3563 2663 3618 mortis
2690 3573 2777 3619 est
2802 3579 2985 3620 causa.
3021 3563 3106 3618 Fit
3131 3580 3260 3634 ergo
3300 3547 3575 3619 exclama:-

1994 3655 2070 3707 tio
2098 3655 2211 3709 haec
2241 3668 2308 3707 ex
2342 3668 2570 3723 persona
2615 3653 2777 3718 illius,
2811 3670 2970 3723 quem
3001 3654 3153 3708 initia
3200 3654 3416 3723 quidem
3445 3670 3575 3709 con-

1988 3744 2256 3800 versionis
2285 3745 2560 3814 accepisse
2589 3745 2846 3799 describit
2892 3744 3199 3814 Apostolus,
3233 3745 3285 3799 in
3320 3760 3386 3799 eo
3433 3745 3577 3813 quod

1988 3838 2236 3893 voluntas
2282 3837 2341 3893 ei
2375 3838 2582 3906 adiacet
2627 3837 2773 3901 boni,
2809 3839 2905 3894 sed
2959 3839 3196 3893 nondum
3240 3839 3293 3893 in
3324 3838 3576 3894 elTectnm

1987 3928 2200 3984 venerit
2229 3928 2375 3983 boni.
2431 3927 2547 3983 Non
2579 3929 2723 3983 enim
2776 3930 2983 3984 invenit
3034 3928 3298 3999 perlicere
3349 3930 3572 3996 bonum,

1986 4018 2113 4091 quia
2161 4017 2399 4074 nondum
2446 4018 2499 4072 in
2534 4034 2599 4073 eo
2633 4034 2762 4074 usus
2810 4018 3107 4075 inoleverat
3148 4018 3576 4089 exercitiumque

1987 4109 2266 4164 virtutum.
2312 4108 2685 4177 Respondetur
2738 4123 2865 4165 vero
2895 4109 2943 4164 ei
2972 4111 3040 4166 ad
3073 4110 3194 4175 hoc,
3226 4110 3369 4179 quod
3420 4108 3574 4165 dixe-

1988 4208 2092 4263 rat,
2128 4199 2259 4267 Quis
2284 4217 2366 4255 me
2397 4198 2635 4255 liberabit
2667 4200 2730 4255 de
2755 4217 2972 4270 corpore
3003 4201 3189 4255 mortis
3232 4201 3392 4270 hujus
3413 4199 3571 4269 l’jam

1986 4309 2094 4348 non
2130 4308 2195 4348 ex
2227 4292 2369 4347 illius
2394 4308 2622 4362 persona
2652 4294 2747 4349 sed
2776 4308 2842 4349 ex
2884 4294 3174 4364 apostolica
3202 4293 3525 4349 auctoritate
3554 4310 3570 4350 :

1986 4381 2175 4437 Gratia
2202 4384 2299 4439 Dei
2331 4401 2422 4455 per
2443 4384 2626 4438 Iesum
2672 4385 2936 4439 Christum
2980 4386 3265 4442 Dominum
3313 4396 3571 4447 nostrum.

1988 4473 2142 4531 Unde
2167 4482 2391 4543 apparet
2418 4475 2560 4543 quo-.l
2591 4483 2872 4543 propterea
2906 4476 3019 4530 hmo
3049 4477 3230 4535 omnia
3280 4475 3567 4547 descripsit

1911 4527 1962 4587 Β
1985 4527 2275 4635 Apostolus
2300 4571 2358 4620 et
2403 4527 2541 4619 mala
2589 4527 2710 4633 qua;
2738 4566 2877 4621 intra
2909 4582 3007 4623 nos
3054 4568 3353 4637 agebantur
3398 4527 3571 4640 exrpo-

1986 4658 2114 4721 suit,
2147 4665 2206 4711 ut
2233 4656 2299 4711 ad
2329 4656 2577 4713 ultimum
2602 4656 2911 4713 ostenderet
2951 4666 3007 4714 et
3037 4660 3260 4716 doceret
3286 4661 3353 4716 de
3400 4675 3575 4730 quan-

1988 4753 2059 4808 tis
2094 4768 2192 4808 nos
2222 4752 2397 4814 malis,
2430 4759 2485 4807 et
2513 4752 2578 4807 de
2606 4752 2825 4822 quantis
2874 4754 3140 4809 mortibus
3168 4754 3415 4810 ChriStus
3463 4754 3573 4809 eris

1984 4843 2122 4915 puit.
2154 4841 2353 4914 (Αηιὺ.)
2393 4841 2577 4899 Gratia
2608 4844 2751 4898 enim
2783 4843 2874 4899 Dei
2899 4844 3158 4899 liberatus
3182 4853 3266 4901 est
3294 4846 3456 4900 homo
3503 4844 3572 4900 de

1989 4948 2214 5002 corpore
2263 4933 2454 4989 mortis
2497 4934 2693 5003 hujus:
2751 4935 2891 4989 hanc
2941 4944 3170 4995 mortem
3216 4935 3371 4999 dicit,
3405 4949 3571 5003 quam

1985 5039 2148 5093 supra
2198 5025 2435 5079 ostendit
2503 5024 2555 5078 in
2604 5040 2790 5081 necem
2852 5024 3088 5078 hominis
3142 5039 3239 5093 per
3289 5032 3569 5093 peccatum

1987 5114 2263 5170 inventam
2311 5114 2452 5184 apud
2499 5115 2702 5170 inferos
2728 5155 2743 5180 ,
2792 5130 2913 5184 qum
2956 5115 3254 5185 appellatur
3288 5117 3562 5187 secunda;

1987 5220 2185 5276 corpus
2229 5215 2408 5261 autem
2462 5206 2652 5259 mortis
2704 5214 2788 5260 est
2839 5214 3033 5260 cuncta
3085 5217 3342 5275 peccata:
3399 5206 3567 5264 multa

1986 5298 2131 5352 enim
2170 5312 2334 5354 unum
2365 5313 2560 5368 corpus
2589 5305 2730 5356 sunt.
2761 5298 2969 5369 singula
2999 5300 3155 5369 quasi
3192 5299 3434 5354 membra
3459 5314 3568 5357 uno

1990 5401 2210 5451 auctore
2242 5392 2454 5445 inventa
2479 5432 2493 5457 ,
2525 5408 2588 5446 ex
2622 5393 2816 5460 quibus
2847 5394 3006 5448 homo
3026 5400 3246 5461 ereptus
3268 5391 3441 5463 gratia
3471 5391 3570 5453 Dei

1988 5498 2089 5553 per
2128 5482 2451 5552 baptismum
2482 5498 2643 5553 supra
2694 5484 2891 5537 dictam
2944 5494 3172 5539 mortem
3202 5483 3394 5538 evasit.
3456 5481 3568 5540 Nec

1989 5574 2134 5631 enim
2172 5575 2225 5629 in
2262 5589 2461 5631 carneo
2505 5590 2731 5645 corpore
2757 5576 2959 5646 positas
2988 5577 3054 5632 de
3085 5592 3150 5633 co
3180 5576 3295 5649 ipso
3320 5583 3566 5655 ereptum

1992 5682 2052 5721 se
2080 5667 2312 5733 diceret;
2346 5666 2440 5721 sed
2489 5667 2592 5721 hoc
2619 5682 2815 5734 mrptts
2842 5668 2994 5724 dixit.
3025 5668 3167 5737 quod
3195 5666 3442 5739 superius
3471 5680 3570 5737 per

1993 5758 2318 5831 baptismum
2348 5766 2403 5825 et
2429 5758 2827 5815 observantiam
2868 5758 2999 5829 legis
3029 5759 3227 5816 destrui
3276 5756 3566 5831 significat.
