4026 6180
289 354 426 413 ηδτ

814 351 1366 412 ENARRATIONUM
1402 352 1471 409 IN
1509 351 1659 409 EPP.
1698 352 1904 409 PAULI
1940 352 2067 408 LIB.
2107 353 2199 410 IV.
2238 385 2310 397 -—
2346 355 2415 413 IN
2454 353 2675 414 EPIST.
2716 357 2808 413 AD
2842 354 3012 414 ΗΘΜ.

3411 362 3559 420 “58

284 470 475 527 tuentis
499 484 627 523 mea
651 478 700 522 et
722 468 985 537 captivum
1006 484 1085 523 me
1108 468 1380 523 ducentem
1409 469 1465 523 in
1506 466 1614 539 lege
1642 465 1863 537 peccati,
1892 467 1942 528 Α
1968 465 2108 537 gelio
2132 475 2313 523 autem
2342 471 2636 525 secundum
2662 469 2925 526 Joannem
2952 469 3211 540 scriptum
3239 477 3343 537 est,
3371 472 3553 529 Domi-

208 626 211 631 ι
284 577 407 632 quis
428 574 503 615 est
533 566 588 613 in
614 558 854 612 membris
882 558 1033 612 meis.

356 651 466 707 Lex
491 651 649 715 enim,
678 651 774 713 ait,
802 648 1031 719 Spiritus
1061 659 1180 704 vita:
1220 650 1275 703 in
1315 647 1522 703 Christo
1566 648 1695 702 .lesu
1736 646 1866 701 libe-

281 743 416 797 ravit
439 758 519 796 me
539 759 571 795 a
599 741 706 811 lege
730 741 925 811 peccati
951 750 998 794 et
1045 741 1244 794 mortis.
1278 740 1482 810 (Δηὼ.)
1510 737 1866 795 Securitatem

281 836 485 906 ﬂagitat
512 834 715 889 homini
745 847 841 902 per
857 832 1083 903 gratiam
1116 832 1232 895 Dei,
1255 842 1313 886 ut
1343 832 1412 887 de
1434 832 1867 902 suggestionihus

278 926 479 982 diaboli
532 941 637 980 non
686 926 758 979 sit
813 924 1094 989 sollicitus,
1122 926 1414 980 dummodo
1444 934 1663 993 spernat
1704 923 1862 978 illas:

275 1016 412 1071 nihil
449 1017 593 1071 enim
622 1015 824 1070 homini
855 1015 1087 1070 oberunt
1110 1015 1253 1084 apud
1282 1024 1517 1070 mortem
1547 1015 1864 1081 secundam,

276 1108 403 1177 quia
448 1106 536 1161 lex
567 1104 712 1170 ﬁdei,
743 1105 795 1159 id
842 1112 925 1159 est
958 1105 1199 1175 spiritus,
1233 1105 1481 1159 liberavit
1529 1106 1802 1161 hominem
1836 1121 1865 1162 a

277 1204 453 1251 inmte
492 1194 751 1260 secunda,
777 1194 1032 1250 damnato
1072 1205 1341 1265 peccato:
1377 1210 1479 1251 nec
1542 1196 1696 1251 obest
1753 1198 1864 1267 jam

278 1285 504 1350 homini,
536 1285 662 1355 quia
697 1286 877 1340 carnis
906 1285 1046 1340 inest
1079 1294 1382 1355 peccatum,
1430 1287 1475 1341 si
1514 1286 1674 1343 modo
1703 1303 1852 1359 repu-

275 1385 407 1445 gnet
436 1375 533 1439 illi,
561 1390 775 1430 memor
788 1375 974 1430 auxilii
1005 1375 1100 1431 Dei
1129 1392 1144 1441 ;
1178 1378 1274 1431 sed
1305 1385 1362 1432 et
1389 1379 1731 1435 coronandus
1758 1388 1859 1446 est,

274 1466 367 1536 qui
394 1468 601 1536 peccati
632 1466 686 1520 in
715 1482 878 1522 carne
910 1468 1176 1522 manentis
1202 1469 1406 1538 premit
1432 1469 1661 1524 consilia
1687 1487 1702 1524 :
1741 1483 1862 1524 ma-

274 1573 378 1629 gna
409 1557 552 1613 enim
584 1556 804 1612 solertia
828 1566 915 1611 est
953 1557 1235 1613 domestici
1265 1559 1436 1615 hostis
1476 1560 1699 1615 insidias
1745 1561 1861 1616 evi-

275 1652 413 1699 tare.
448 1643 560 1700 Lex
608 1659 737 1716 ergo
763 1646 986 1715 spiritus
1016 1647 1140 1701 vitae
1171 1647 1285 1717 ipsa
1315 1656 1399 1703 est
1425 1647 1511 1704 lex
1540 1648 1661 1705 ﬁdei
1692 1667 1705 1703 :
1736 1665 1862 1705 nam

272 1746 331 1791 et
358 1734 557 1807 Moisis
604 1736 688 1792 lex
712 1737 972 1806 spiritalis
998 1745 1104 1804 est,
1140 1739 1267 1809 quia
1299 1740 1551 1809 prohibet
1590 1757 1855 1812 peccare;

1967 573 2039 613 no
2087 558 2342 614 dicente:
2389 559 2451 617 Si
2484 561 2781 616 manseritis
2813 562 2867 616 in
2896 560 3049 616 verba
3080 578 3217 628 meo,
3258 566 3550 633 agnoscetis

1967 650 2254 713 veritatem,
2285 659 2331 704 et
2370 651 2557 704 veritas
2581 650 2817 705 liberabit
2860 668 2948 705 vos
2977 648 3158 723 (Joan.
3184 651 3328 720 vnn),
3359 652 3412 707 in
3440 667 3548 724 quo

1968 737 2098 792 mihi
2127 738 2345 807 quidem
2374 738 2587 793 videtur
2611 740 2755 808 quod
2799 740 3050 809 quamvis
3075 755 3239 811 opere
3266 742 3383 799 haec
3427 758 3458 798 a
3487 758 3549 800 se

1965 827 2180 883 diversa
2210 829 2497 884 videantur
2538 829 2621 885 vel
2650 832 2892 897 nomine,
2925 845 2983 887 re
3024 840 3202 888 tamen
3234 835 3346 903 ipsa
3379 852 3545 892 unum

1966 919 2102 986 sint;
2134 919 2383 976 Christus
2423 922 2568 976 enim
2589 923 2702 977 vita
2733 932 2839 990 est,
2869 932 2925 978 et
2965 925 3082 995 ipse
3112 935 3197 981 est
3224 929 3314 996 qui
3343 929 3546 984 libera-

1964 1009 2064 1074 bit,
2090 1019 2146 1064 et
2174 1010 2262 1064 hic
2292 1010 2529 1081 Spiritus
2557 1011 2680 1066 vita:
2702 1011 2917 1067 liberat.
2944 1014 3013 1068 Et
3037 1017 3308 1084 quomodo
3340 1033 3447 1072 non
3489 1018 3545 1073 in

1965 1109 2195 1169 utroque
2243 1116 2350 1156 una
2384 1101 2606 1157 libertas
2634 1103 2755 1157 est?
2786 1102 2917 1170 Quae
2944 1106 3088 1159 enim
3139 1107 3250 1177 agit
3286 1106 3545 1176 Spiritus,

1966 1189 2083 1245 hmo
2123 1201 2179 1244 et
2207 1191 2459 1247 Christus
2497 1193 2626 1263 agit,
2654 1200 2711 1247 et
2735 1208 2855 1263 quae
2903 1194 3103 1250 Christi
3132 1205 3273 1259 sunt,
3310 1197 3545 1269 Spiritus

1962 1270 2095 1353 agit.
2147 1282 2299 1339 Sicut
2347 1285 2492 1339 enim
2522 1300 2659 1356 quos
2705 1286 3014 1342 sanctiﬁcat
3052 1288 3289 1358 Spiritus
3324 1299 3547 1345 sanctus

1964 1374 2268 1430 sanctiﬁcat
2286 1374 2553 1439 Christus,
2577 1377 2655 1432 ita
2682 1384 2737 1431 et
2764 1392 2901 1447 quos
2927 1376 3122 1433 liberat
3141 1376 3376 1448 Spiritus
3399 1380 3544 1447 vitae,

1960 1464 2160 1521 liberat
2190 1462 2253 1522 ‘et
2279 1468 2411 1521 vita.
2444 1468 2676 1522 Tantum
2730 1476 2835 1533 est,
2863 1482 2923 1523 ut
2949 1468 3161 1524 liberati
3192 1484 3222 1523 a
3248 1468 3365 1539 lege
3417 1468 3545 1539 Spi-

1963 1556 2098 1613 ritus
2132 1558 2258 1612 vita:
2279 1557 2332 1613 in
2356 1557 2575 1614 Christo
2604 1574 2944 1625 maneamus,
2984 1575 3085 1615 nec
3108 1560 3253 1615 ultra
3301 1562 3549 1617 invenia-

1963 1662 2087 1701 mur
2110 1648 2318 1703 servire
2364 1648 2467 1721 legi
2503 1651 2711 1720 peccati
2750 1651 2843 1719 qui
2874 1651 3015 1706 sicut
3043 1651 3089 1706 is
3133 1652 3228 1722 qui
3282 1651 3548 1708 liberatur

1962 1754 1995 1793 a
2024 1739 2143 1812 lege
2170 1739 2405 1812 Spiritus
2442 1742 2606 1810 vitae,
2653 1753 2939 1813 permanet
2981 1744 3036 1799 in
3068 1744 3302 1811 Christo,
3335 1747 3425 1816 qui
3456 1753 3541 1801 est

272 1845 382 1884 non
412 1840 591 1885 tamen
617 1831 759 1893 vitae,
793 1831 919 1899 quia
949 1831 1056 1886 reis
1092 1830 1285 1886 mortis
1311 1841 1533 1902 peccata
1580 1834 1857 1890 remittere
1887 1823 1932 1882 Β
1960 1829 2069 1885 Vita
2097 1847 2112 1897 ;
2154 1831 2228 1886 ita
2252 1832 2343 1902 qui
2383 1833 2552 1908 servit
2580 1833 2680 1904 legi
2712 1834 2942 1904 peccati,
2973 1844 3256 1906 permanet
3284 1836 3338 1891 in
3369 1847 3545 1896 morte

275 1936 384 1975 non
417 1929 614 1990 potest,
648 1930 710 1976 ut
758 1922 993 1977 viviﬁcet
1024 1923 1338 1979 morituros.
1372 1923 1499 1979 llaec
1526 1941 1702 1992 vero;
1730 1927 1858 1998 quia

271 2021 329 2069 et
347 2028 574 2084 peccare
600 2028 705 2068 non
731 2013 865 2078 vult,
894 2023 948 2069 et
970 2030 1000 2069 a
1033 2023 1205 2070 morte
1233 2026 1472 2083 revocat,
1504 2017 1591 2071 lex
1635 2018 1859 2087 spiritus

269 2104 397 2161 vitae
428 2106 753 2176 appellatur,
799 2122 904 2160 non
932 2121 1031 2176 per
1071 2107 1306 2163 litteram
1336 2118 1614 2176 constans,
1645 2111 1738 2166 sed
1762 2124 1860 2180 per

269 2195 541 2266 spiritum,
558 2197 682 2268 quia
703 2198 868 2252 corde
888 2198 1214 2264 creditur,et
1232 2200 1456 2270 spiritus
1476 2209 1557 2258 est
1576 2202 1718 2272 quod
1741 2217 1861 2258 crc-

268 2285 436 2341 ditur.
454 2283 578 2341 Haec
598 2286 780 2357 itaque
794 2286 876 2341 lex
901 2288 951 2342 in
966 2287 1183 2344 Christo
1195 2287 1346 2356 lesu,
1359 2290 1462 2346 hoc
1481 2300 1568 2347 est
1586 2306 1684 2362 per
1698 2291 1856 2348 ﬁdem

266 2374 493 2441 Christi,
535 2375 727 2430 liberat
761 2377 1071 2431 credentem
1102 2393 1131 2435 a
1156 2377 1273 2450 lege
1317 2380 1528 2451 peccati
1544 2389 1611 2437 ,ει
1641 2382 1853 2439 mortis.

267 2462 377 2518 Lex
404 2465 607 2533 peccati
630 2475 732 2530 est,
757 2475 918 2533 quam
937 2467 988 2520 in
1017 2466 1274 2523 membris
1298 2468 1431 2523 dicit
1450 2469 1719 2534 habitare,
1739 2487 1858 2540 quae

262 2554 497 2611 suadere
518 2555 710 2609 nititur
736 2557 962 2610 adversa
996 2570 1010 2609 :
1044 2554 1130 2610 lex
1161 2572 1291 2612 ve-ro
1339 2560 1531 2615 mortis
1576 2559 1740 2631 Moysi
1772 2561 1857 2617 lex

264 2657 374 2711 est,
392 2648 515 2717 quia
533 2647 819 2704 mortiﬁcat
833 2659 1162 2718 peccatores.
1180 2650 1312 2706 Nam
1335 2660 1390 2708 et
1411 2652 1464 2707 in
1487 2654 1592 2708 alia
1612 2654 1854 2725 Epistola

264 2741 414 2797 inter
439 2750 632 2797 caetera
665 2742 797 2798 dicit
820 2743 887 2797 de
915 2744 1235 2799 auctoritate
1256 2744 1422 2816 legis:
1446 2744 1505 2801 Si
1532 2748 1846 2803 ministratio

262 2833 449 2888 mortis
469 2832 696 2902 formata
715 2833 769 2886 in
792 2831 1052 2904 lapidibus
1073 2833 1244 2903 fuitin
1276 2835 1467 2907 gloria,
1488 2845 1596 2893 etc.
1618 2836 1709 2910 (11
1727 2825 1851 2894 Cor:

264 2929 374 3001 ιιι).
398 2928 513 2984 Νοιι
542 2944 669 2999 ergo
698 2928 1023 2993 mirandum,
1057 2929 1100 2984 si
1134 2929 1215 2984 lex
1245 2930 1505 3001 spiritalis
1546 2932 1760 2987 dicatur
1801 2940 1856 2987 et

266 3019 350 3076 lex
372 3022 578 3085 mortis,
604 3035 727 3075 cum
750 3028 805 3075 et
828 3019 1171 3092 Evangeliqu
1203 3022 1391 3078 eodem
1417 3024 1574 3079 modo
1598 3027 1689 3079 sit.
1716 3023 1856 3079 Dicit

261 3113 409 3167 enim
462 3112 569 3167 alio
615 3111 735 3167 loco
761 3152 775 3174 ,
825 3112 970 3166 inter
1011 3120 1251 3167 eaztera:
1291 3113 1426 3168 Aliis
1468 3117 1600 3169 odor
1647 3117 1767 3170 vita:
1794 3116 1849 3171 in

261 3207 451 3268 vitam,
473 3203 592 3257 aliis
624 3203 753 3257 odor
782 3204 965 3257 mortis
1007 3203 1061 3257 in
1086 3214 1304 3258 mortem
1328 3203 1413 3275 (lI
1440 3203 1563 3259 Cor.
1589 3206 1671 3276 ιι).
1701 3206 1846 3274 Quos
1876 3175 1921 3237 C

258 3297 407 3354 enim
428 3296 612 3367 opinio
641 3297 903 3353 virtutum
938 3305 1033 3351 aut
1059 3313 1236 3352 rerum
1262 3307 1535 3368 gestarum
1586 3301 1734 3356 visus
1754 3308 1850 3355 aut

262 3390 482 3445 auditus
519 3388 828 3444 attrahebat
878 3390 943 3444 ad
990 3390 1147 3446 ﬁdem
1174 3432 1190 3456 ,
1252 3391 1338 3447 his
1377 3393 1515 3448 odor
1567 3394 1688 3448 vita:
1732 3401 1851 3449 erat

266 3478 615 3550 Evangelium
645 3497 657 3532 :
685 3478 793 3533 illis
831 3487 1010 3534 autem
1039 3496 1268 3551 quorum
1297 3498 1514 3536 sensum
1550 3482 1851 3539 inﬂamma-

262 3569 360 3626 bat
410 3568 553 3626 facta
598 3571 770 3626 virtus
818 3570 885 3625 ad
939 3570 1456 3638 contradicendum,
1502 3576 1689 3630 mortis
1731 3582 1851 3630 erat

262 3663 401 3718 odor
449 3662 762 3733 praedicatio
808 3661 955 3718 ﬁdei.
1017 3662 1132 3718 Una
1204 3679 1334 3735 ergo
1398 3680 1519 3720 cum
1567 3666 1640 3720 sit
1689 3666 1845 3733 ﬁdes,

262 3752 634 3807 diversitatem
658 3760 879 3822 prastat
907 3750 1237 3818 hominibus,
1268 3754 1410 3809 sicut
1442 3763 1499 3810 et
1520 3756 1600 3811 sol
1628 3772 1751 3812 cum
1778 3758 1850 3812 sit

263 3859 427 3907 unus,
455 3857 636 3899 ceram
667 3842 845 3907 solvit,
889 3840 1061 3896 lutum
1113 3843 1326 3914 stringit
1355 3862 1369 3898 :
1405 3860 1509 3913 qua
1542 3860 1673 3916 ergo
1726 3848 1850 3915 quis

263 3944 450 3991 tuente
496 3936 755 3990 odoratus
797 3932 962 3988 fuerit
991 3934 1171 3999 ﬁdem,
1208 3935 1289 3990 sic
1318 3936 1564 4006 proﬁciet
1595 3936 1691 3990 illi.
1741 3936 1849 3992 Sed

262 4026 477 4081 dicetur
495 4024 670 4080 forte:
706 4024 763 4079 Si
791 4023 981 4080 eadem
1023 4033 1246 4095 prmstat
1290 4025 1422 4083 ﬁdes
1470 4042 1591 4097 quae
1636 4036 1693 4083 et
1737 4028 1845 4093 lex,

262 4131 366 4173 cur
411 4132 519 4172 nou
558 4116 723 4171 etiam
765 4114 883 4185 ipsa
916 4128 987 4170 ex
1016 4123 1171 4185 parte
1203 4116 1290 4172 lex
1348 4117 1540 4173 mortis
1586 4117 1843 4185 dicatur;

263 4208 559 4264 mortiﬁcat
603 4209 745 4265 enim
780 4222 888 4263 non
934 4209 1260 4270 credentes?
1298 4208 1404 4265 Sed
1449 4226 1555 4266 non
1606 4209 1675 4265 ita
1721 4218 1843 4266 est:

266 4295 402 4354 ﬁdes
443 4298 588 4353 enim
633 4299 760 4355 data
799 4310 904 4369 est,
930 4300 1333 4373 quzejustiﬁcat
1359 4300 1733 4372 confugientes
1774 4300 1842 4358 ad

261 4404 348 4454 se,
374 4399 436 4446 ut
484 4392 727 4447 remittat
767 4394 847 4450 eis
879 4410 1018 4466 quos
1062 4395 1145 4449 lex
1190 4400 1338 4449 tenet
1362 4407 1503 4461 reos,
1535 4400 1597 4448 ut
1623 4391 1847 4466 agentes

1959 1937 2079 1992 qua:
2099 1925 2248 1978 venit
2296 1939 2362 1978 ex
2392 1924 2846 1980 condcmnatioae
2868 1928 3096 1996 peccati.

2030 2016 2170 2083 Quia
2196 2018 2337 2088 quod
2366 2019 2685 2089 impossibile
2708 2029 2820 2073 erat
2842 2020 2995 2092 legis,
3022 2023 3076 2075 in
3102 2040 3203 2094 quo
3229 2024 3541 2094 inﬁrmaba-
3640 2042 3649 2050 '

1957 2118 2045 2163 tur
2070 2125 2165 2180 per
2193 2125 2423 2174 carnem,
2453 2109 2594 2164 Deus
2639 2108 2835 2164 Filium
2873 2129 3029 2167 suum
3052 2116 3257 2169 mittens
3293 2117 3347 2170 in
3389 2118 3538 2171 simi-

1958 2196 2234 2254 o’iludinem
2315 2199 2490 2254 carnis
2558 2201 2801 2271 peccati,
2869 2202 2935 2257 de
3011 2214 3224 2275 peccato
3272 2205 3540 2261 damnavit

1956 2300 2223 2359 peccatum
2268 2290 2322 2344 in
2371 2307 2549 2345 carne.
2596 2291 2801 2365 (Amb.)
2850 2291 2976 2350 Hmc
3021 2294 3151 2350 dicit
3210 2304 3269 2350 ut
3301 2297 3544 2367 baptiza.

1960 2388 2044 2436 tos
2069 2393 2292 2436 securos
2316 2379 2505 2435 reddat
2536 2382 2631 2451 qui
2661 2381 2874 2438 liberati
2911 2399 2941 2438 a
2969 2393 3193 2454 peccato
3218 2396 3363 2440 sunt.
3398 2386 3542 2453 Quo-

1958 2472 2100 2526 niam
2134 2472 2275 2543 quod
2302 2473 2623 2544 impossibile
2650 2484 2785 2539 erat,
2817 2476 3009 2547 inquit,
3036 2477 3182 2549 legis.
3207 2479 3303 2535 Cui
3336 2481 3537 2553 impos-

1952 2561 2147 2637 sibile?
2201 2564 2356 2619 nobis
2414 2565 2625 2620 scilicet
2674 2567 3004 2637 impossibile
3055 2578 3174 2626 erat
3228 2573 3538 2628 mandatum

1957 2651 2092 2724 legis
2113 2652 2361 2724 implere,
2396 2656 2523 2725 quia
2554 2656 2782 2728 subjecti
2810 2674 3027 2715 eramus
3061 2671 3305 2731 peccato.
3338 2662 3537 2736 (0rig.)

1958 2742 2065 2800 Sed
2094 2760 2217 2800 cum
2245 2746 2297 2801 in
2323 2747 2695 2817 superioribus
2724 2758 2803 2806 tot
2825 2750 2971 2823 leges
2995 2753 3358 2810 nominaverit
3382 2755 3541 2828 (dixit

1956 2832 2100 2891 enim
2135 2846 2193 2891 et
2218 2836 2393 2908 legem
2418 2838 2536 2904 Dei,
2563 2848 2620 2893 et
2646 2839 2816 2912 legem
2849 2843 3046 2898 mentis
3068 2883 3083 2908 ,
3122 2854 3178 2899 et
3208 2845 3380 2914 legem
3425 2846 3536 2915 spi-

1957 2924 2097 2978 ritus
2125 2924 2301 2996 vitae),
2324 2940 2355 2981 e
2385 2929 2663 2983 contrario
2687 2945 2900 3000 quoque
2931 2932 3107 3002 legem
3137 2948 3257 3002 qua:
3286 2935 3339 2988 in
3370 2950 3535 2991 mem-

1954 3016 2070 3071 bris
2092 3024 2197 3082 est,
2229 3026 2283 3072 et
2309 3014 2480 3089 legem
2511 3020 2701 3075 mortis
2725 3060 2740 3087 ,
2770 3030 2825 3076 et
2853 3021 3022 3091 legem
3059 3025 3262 3094 peccati
3295 3041 3533 3083 commc-

1956 3110 2267 3176 inaraverit,
2301 3110 2387 3165 hic
2411 3128 2555 3166 nunc
2578 3112 2643 3166 de
2669 3128 2774 3182 qua
2814 3114 3009 3169 harum
3033 3115 3151 3185 lege
3186 3117 3365 3182 dicat,
3410 3134 3532 3173 nam

1950 3200 2088 3272 quod
2120 3201 2435 3273 impossibile
2481 3212 2593 3258 erat
2618 3203 2766 3275 legis,
2807 3205 2860 3258 in
2904 3221 3005 3275 quo
3037 3207 3410 3275 inﬁrmabatur
3441 3226 3533 3279 per

1948 3308 2183 3358 carnem,
2207 3308 2312 3347 non
2347 3301 2429 3349 est
2476 3309 2656 3364 parva:
2695 3294 3104 3352 deliberationis
3143 3297 3359 3367 eligere.
3396 3298 3534 3356 Puto

1952 3390 2130 3438 tamen
2168 3385 2310 3454 quod
2337 3384 2508 3457 legem
2539 3386 2709 3457 Moysi
2739 3387 2902 3441 etiam
2927 3389 3035 3453 hic,
3078 3390 3220 3445 sicut
3249 3399 3303 3445 et
3329 3391 3383 3444 in
3414 3391 3533 3447 aliis

1948 3474 2211 3545 saepejam
2239 3475 2494 3542 diximus,
2519 3476 2572 3530 in
2588 3476 2722 3532 duas
2738 3485 2920 3547 partes
2932 3477 3220 3549 Apostolus
3231 3479 3453 3546 dividat,
3477 3490 3533 3536 et

1950 3564 2092 3620 aliud
2123 3565 2177 3619 in
2204 3580 2269 3621 ea
2297 3579 2540 3636 carnem,
2564 3564 2708 3621 aliud
2739 3568 2988 3639 spiritum
3018 3570 3278 3635 nominet,
3305 3577 3358 3625 et
3384 3569 3529 3624 illam

1949 3657 2168 3729 quidem
2191 3658 2619 3724 observantiam,
2662 3674 2783 3728 qua:
2819 3660 3112 3715 secundum
3145 3661 3381 3715 litteram
3430 3677 3524 3733 ge-

1952 3750 2113 3813 ritur,
2152 3764 2369 3805 sensum
2397 3749 2579 3804 carnis
2602 3749 2854 3819 appellet,
2903 3750 3060 3807 sicuti
3091 3751 3221 3806 dicit
3246 3753 3312 3806 de
3341 3753 3528 3822 hujus-

1950 3843 2093 3897 modi
2139 3841 2325 3898 Judao
2348 3859 2363 3895 :
2390 3839 2620 3897 Frustra
2663 3842 2879 3910 inﬂatus
2905 3859 2937 3895 a
2965 3858 3120 3896 sensu
3164 3844 3338 3897 carnis
3376 3861 3485 3898 sua’
3511 3862 3530 3907 ;

1949 3935 2096 3991 illam
2124 3950 2253 3989 vero
2281 3950 2402 4005 quae
2436 3934 2700 4002 accipitur
2723 3932 3043 4003 spiritaliter
3072 3935 3320 4005 spiritum
3354 3938 3531 3991 nomi-

1949 4034 2064 4091 net,
2088 4026 2228 4080 sicut
2260 4033 2315 4080 et
2343 4024 2467 4078 alibi
2501 4023 2630 4078 dicit
2654 4022 2744 4094 (ll
2778 4022 2902 4078 Cor.
2932 4023 3014 4097 ιιι)
3044 4040 3057 4077 :
3091 4024 3289 4079 Littera
3313 4026 3524 4092 occidit,

1947 4119 2162 4189 spiritus
2210 4126 2388 4171 autem
2438 4116 2659 4185 uiviﬁcat
2681 4132 2701 4181 ;
2737 4124 2795 4172 et
2837 4116 2891 4170 in
2930 4116 3035 4172 hoc
3066 4131 3197 4186 ergo
3224 4117 3343 4172 loco
3381 4119 3524 4188 quod

1947 4210 2097 4273 dicit,
2126 4208 2440 4278 impossibile
2487 4206 2634 4278 legis,
2668 4215 2717 4261 et
2769 4207 2824 4263 in
2880 4224 2984 4280 quo
3024 4208 3392 4278 in/irmabatur
3436 4223 3529 4279 per

1947 4318 2182 4367 carnem,
2214 4300 2538 4365 intellectus,
2586 4299 2675 4370 qui
2711 4300 3005 4356 secundum
3030 4299 3266 4354 litteram
3294 4308 3400 4366 est,
3429 4315 3526 4355 ac-

1948 4392 2052 4461 cipi
2081 4401 2296 4462 potest:
2325 4393 2443 4463 ipse
2459 4391 2604 4447 enim
2630 4400 2679 4448 et
2707 4391 3051 4461 impossibilis
3070 4398 3257 4446 eratet
3277 4390 3525 4447 inﬁrmus

261 4483 368 4539 sub
403 4483 507 4539 ﬁde
529 4482 683 4539 liberi
713 4485 822 4540 sint
859 4501 890 4540 a
915 4494 1171 4556 peccato:
1205 4500 1327 4539 nam
1352 4484 1453 4539 sub
1481 4484 1598 4555 lege
1621 4492 1846 4555 agentes
1875 4526 1922 4586 Β
1947 4483 1992 4538 si
2018 4482 2311 4538 secundum
2337 4497 2582 4547 carnem,
2604 4482 2655 4535 id
2684 4490 2789 4547 est,
2820 4481 3114 4537 secundum
3141 4481 3373 4536 litteram
3395 4497 3525 4538 sen-

260 4572 482 4627 obnoxii
525 4582 669 4628 sunt.
700 4573 801 4643 Qui
828 4591 960 4646 ergo
988 4592 1093 4632 non
1120 4576 1379 4631 obediunt
1401 4574 1548 4640 ﬁdei,
1571 4590 1677 4630 non
1701 4575 1848 4631 occi-
1875 4571 1919 4586 "
1949 4575 2160 4629 tiretur.
2191 4573 2331 4642 Quid
2364 4572 2509 4629 enim
2539 4580 2648 4626 tam
2679 4571 3010 4642 impossibile
3036 4613 3052 4637 ,
3102 4587 3265 4641 quam
3310 4573 3524 4628 sabbati

259 4660 460 4717 dentur
482 4678 512 4717 a
545 4662 669 4729 ﬁde,
696 4666 798 4720 sub
822 4664 939 4736 lege
969 4664 1087 4738 [sed
1107 4681 1139 4719 ιι
1183 4664 1347 4737 lege],
1378 4664 1502 4736 quia
1533 4679 1641 4719 non
1688 4679 1843 4720 acce-

1946 4665 2253 4721 observatio
2279 4704 2294 4728 ,
2346 4664 2640 4720 secundqu
2698 4664 2931 4718 litteram
2975 4662 3110 4737 legis
3154 4663 3299 4717 utin
3340 4662 3525 4719 multis

261 4753 456 4810 dentes
477 4754 545 4808 ad
572 4753 754 4822 ﬁdem,
786 4758 863 4812 rei
888 4764 1140 4813 tenentur
1162 4772 1190 4811 a
1216 4757 1363 4827 lege:
1397 4757 1625 4825 ideoque
1656 4770 1845 4812 omnes
1940 4755 2052 4826 jam
2080 4754 2316 4811 diximus
2348 4771 2361 4808 :
2387 4752 2609 4822 iubetur
2634 4753 2779 4807 enim
2813 4767 2919 4809 non
2947 4752 3096 4807 exire
3122 4752 3191 4808 de
3216 4752 3395 4818 domo,
3416 4767 3525 4806 non

261 4847 354 4917 qui
386 4847 525 4903 malo
567 4850 749 4905 animo
771 4850 1067 4906 odorantur
1116 4852 1282 4906 verba
1307 4850 1449 4915 ﬁdei,
1483 4859 1765 4906 remanent
1790 4852 1842 4905 in

260 4945 459 4994 morte.
503 4935 795 4995 Videamus
838 4955 993 4995 nunc
1027 4940 1157 5010 quid
1187 4940 1415 5005 intersit,
1472 4954 1594 4995 cum
1647 4941 1845 4997 dicitur

262 5028 351 5084 lex
398 5029 658 5099 spiritalis
719 5040 775 5087 et
826 5031 908 5087 lex
956 5032 1196 5103 spiritus.
1247 5030 1362 5088 Hoc
1409 5032 1672 5098 interest,
1716 5032 1839 5102 quia

263 5117 470 5173 idcirco
508 5118 706 5174 dicitur
730 5119 813 5175 lex
856 5120 1133 5189 spiritalis,
1165 5119 1291 5188 quia
1313 5127 1579 5189 prtecepta
1604 5120 1716 5185 dat,
1748 5135 1845 5190 per

264 5221 388 5278 qua:
442 5222 548 5262 non
598 5217 871 5277 peccetur,
905 5208 1030 5277 quia
1082 5207 1173 5277 qui
1206 5222 1314 5262 non
1354 5216 1544 5278 peccat
1582 5208 1843 5278 spiritalis

261 5306 491 5354 vocatur
514 5338 530 5365 ,
554 5300 781 5355 cernulus
802 5300 1143 5370 superiorum
1169 5297 1491 5354 cmlestium.
1524 5298 1632 5354 Lex
1660 5308 1840 5356 autem

263 5388 487 5460 spiritus
526 5399 812 5460 propterea
854 5397 1098 5456 vocatur,
1122 5389 1248 5460 quia
1296 5389 1457 5453 Deus,
1507 5389 1661 5459 etijus
1706 5388 1842 5446 ﬁdes

265 5488 398 5547 est,
447 5481 668 5552 spiritus
696 5489 807 5537 est:
856 5478 965 5536 illic
1015 5494 1147 5551 ergo
1194 5478 1359 5535 verba
1392 5486 1538 5543 sunt,
1585 5478 1674 5535 hic
1713 5494 1840 5545 res;

268 5571 377 5628 illic
431 5588 553 5643 quae
599 5573 694 5629 Dei
750 5582 893 5638 sunt,
926 5572 1015 5627 hic
1061 5572 1200 5627 Deus
1243 5571 1376 5641 ipse.
1425 5568 1622 5642 (Orig.)
1654 5569 1762 5627 Sed
1789 5579 1845 5627 et

269 5662 399 5719 illud
427 5680 531 5719 non
559 5666 874 5721 omittamus
911 5664 1054 5735 quod
1080 5663 1169 5718 hic
1193 5663 1431 5733 quidem.
1459 5662 1552 5733 qui
1592 5662 1843 5718 liberata

271 5754 385 5826 lege
416 5757 619 5827 peccati
646 5766 698 5813 et
722 5756 931 5821 mortis,
959 5752 1193 5826 Spiritus
1215 5752 1568 5821 vitardicitur,
1599 5753 1651 5809 in
1679 5751 1847 5809 Evan~

1944 4865 2005 4905 se
2034 4864 2251 4906 movere
2276 4849 2343 4905 de
2364 4848 2482 4904 loco
2505 4862 2622 4911 suo,
2650 4846 2784 4901 nihil
2807 4846 2990 4903 oneris
3011 4846 3208 4901 levare.
3236 4844 3367 4913 Quae
3393 4845 3521 4915 quia

1946 4939 2300 5010 impossibilia
2333 4937 2519 4993 vident
2540 4936 2708 4992 ,ἰυόωί
2738 4937 2829 5006 qui
2859 4935 3151 4992 secundum
3180 4948 3397 4988 carnem
3448 4934 3526 4989 le-

1949 5044 2069 5100 gem
2091 5030 2399 5093 observant;
2427 5028 2603 5097 inepta
2629 5027 2874 5096 quisedam
2911 5033 2968 5079 et
2987 5024 3211 5078 ridicula
3241 5038 3519 5079 commen-

1949 5126 2152 5182 tantur,
2186 5118 2383 5187 quibus
2404 5116 2895 5187 impossibilitatem
2927 5113 3059 5182 legis
3080 5115 3283 5169 sarcire
3305 5114 3523 5169 videan-

1924 5216 2055 5263 -tur.
2107 5208 2246 5275 Quid
2289 5215 2472 5262 autem
2516 5207 2692 5261 dicam
2729 5206 2798 5261 de
2847 5205 3236 5260 sacriﬁciorum
3269 5206 3476 5260 ratione
3503 5245 3519 5270 ,

1947 5313 2068 5369 quae
2095 5296 2255 5353 simul
2281 5296 2461 5352 omnis
2486 5311 2551 5351 ex
2582 5297 2792 5366 integro
2837 5295 3180 5365 impossibilis
3219 5292 3363 5350 facta
3393 5294 3521 5350 est?

1948 5387 2156 5456 Quippe
2180 5384 2272 5440 ubi
2300 5399 2401 5440 nec
2443 5384 2700 5455 templum
2743 5394 2865 5449 est,
2908 5398 3009 5440 nec
3043 5383 3237 5449 altare,
3261 5383 3523 5440 necullus

1942 5493 2167 5550 prorsus
2212 5473 2549 5532 sacriﬁcandi
2599 5474 2786 5540 locus;
2822 5474 2874 5530 in
2902 5474 3098 5545 quibus
3137 5473 3361 5546 singulis
3392 5468 3477 5529 lex
3502 5514 3517 5538 ,

1945 5584 2053 5625 non
2076 5568 2251 5623 dicam
2279 5565 2628 5636 impossibilis
2655 5575 2709 5621 et
2738 5566 2972 5632 inﬁrma,
3004 5567 3097 5621 sed
3126 5574 3181 5622 et
3214 5565 3372 5634 plane
3406 5565 3520 5637 jam

1945 5668 2159 5715 mortua
2185 5666 2289 5714 est.
2319 5656 2451 5713 Nam
2494 5667 2620 5712 ante
2655 5658 2795 5713 hanc
2843 5665 3071 5712 mortem
3103 5656 3478 5713 inﬁrmabatur
3503 5697 3519 5722 ,

1946 5760 2075 5808 tunc
2103 5765 2227 5807 cum
2258 5750 2516 5822 sanguine
2547 5748 2831 5806 vitulorum
2874 5757 2929 5807 et
2960 5750 3233 5807 hircorum
3283 5749 3519 5806 conaba-
