4026 6180
590 356 733 416 1159
1234 352 1299 410 Β.
1335 349 1589 410 MBAN!
1625 349 1844 409 MAURI
1880 347 2175 409 ARCIIIEE

2238 347 2545 406 MOGUNT.
2585 348 2871 409 OPERUM
2907 350 3085 409 PARS
3120 349 3210 409 lli.
3639 358 3740 415 ιω

589 479 702 533 tur,
725 482 826 523 nec
852 475 1032 523 tamen
1071 473 1287 537 poterat
1331 465 1546 524 auferre
1567 474 1813 538 peccata,
1844 475 1900 522 et
1924 464 2171 539 infirma-
2198 464 2247 527 Α
2276 461 2523 532 Satanas,
2552 465 2735 521 amisit
2759 465 3057 522 dominium
3078 473 3398 524 retentarum
3421 469 3745 539 animum:

590 563 753 617 batur
776 562 828 616 in
858 559 1066 632 legibus
1092 559 1275 631 lepraa,
1305 575 1441 630 quas
1479 577 1581 616 nec
1615 560 1910 631 explanare
1937 576 2177 632 unquam
2270 550 2385 622 jam
2429 555 2667 627 signatos
2705 556 2861 628 signo
2896 558 3076 614 crucis
3103 558 3159 613 in
3205 572 3309 629 qua
3333 558 3486 615 victus
3509 570 3597 627 est,
3617 562 3660 616 in
3682 578 3743 620 se-

592 649 805 718 potuit,
845 663 947 704 nec
985 647 1227 718 implere.
1254 648 1312 703 ln
1341 650 1426 704 his
1464 665 1593 721 ergo
1630 650 1898 715 omnibus,
1949 651 2177 722 aliisque
2276 646 2453 701 cunda
2495 656 2671 704 morte
2704 657 2891 704 tenere
2928 665 3036 705 non
3066 651 3279 705 audeat.
3321 650 3483 726 (Aug.)
3521 653 3657 709 Aliter
3681 670 3745 709 au-

593 738 894 795 innumeris
921 747 978 794 et
1002 739 1355 808 impossibilis
1386 750 1505 795 erat
1533 740 1638 805 lex,
1678 749 1734 795 et
1775 741 2175 808 inlirmabatur,

593 843 855 902 quantum
905 833 972 886 ad
1025 832 1207 887 carnis
1254 832 1666 902 intelligentiam
1715 844 1942 905 spectat.
1990 837 2185 913 Meg.)

591 923 762 976 Aliter
782 930 962 977 autem
987 937 1084 992 per
1107 922 1231 986 hoc,
1256 922 1398 992 quod
1425 924 1517 988 ait,
1540 939 1636 993 per
1662 939 1882 981 carnem
1914 926 2177 984 inﬁrmari

592 1014 787 1082 legem,
813 1013 1253 1068 manifestissime
1272 1012 1431 1069 docet
1452 1015 1751 1084 eademque
1770 1015 1885 1086 ipsa
1907 1027 2179 1087 praecepta

591 1104 726 1172 legis
754 1112 1036 1174 propterea
1086 1120 1193 1159 non
1233 1104 1451 1175 impleta
1476 1144 1491 1168 ,
1542 1106 1800 1175 quoniam
1827 1107 2025 1175 quibus
2052 1106 2164 1164 dat:

590 1204 712 1248 erat
740 1195 820 1250 lex
848 1202 974 1249 ante
997 1196 1227 1267 gratiam
1260 1194 1424 1250 dediti
1469 1205 1625 1250 erant
1655 1196 1963 1253 carnalibus
1995 1199 2177 1265 bonis,

590 1293 646 1339 et
670 1299 737 1339 ex
767 1286 853 1339 bis
881 1285 1274 1339 beatitudinem
1327 1285 1613 1354 acquirere
1660 1286 1972 1354 cupiebant,
2003 1302 2179 1359 neque

592 1376 925 1439 metuebant,
952 1373 1055 1428 nisi
1078 1389 1199 1428 cum
1227 1373 1535 1429 carnalibus
1565 1374 1721 1430 bonis
1747 1374 2063 1431 imminebat
2082 1377 2179 1432 ad-

591 1463 858 1525 versitas;
886 1471 941 1519 et
975 1464 1097 1519 ideo
1114 1478 1238 1519 cum
1271 1463 1359 1518 illa
1388 1464 1702 1534 temporalia
1734 1466 1873 1520 bona
1900 1468 2183 1522 turbaren-

595 1566 700 1619 tur,
730 1554 886 1609 facile
908 1555 1231 1609 recedebant
1256 1570 1287 1609 a
1310 1556 1594 1626 prmeeptis
1618 1554 1772 1626 legis.
1806 1556 2185 1611 lnlirmabatur

591 1656 723 1714 ergo
771 1642 857 1699 lex
905 1659 1012 1699 non
1048 1644 1319 1714 implendo
1352 1644 1495 1714 quod
1528 1645 1879 1717 praecipiebat
1902 1686 1918 1712 ,
1947 1661 2053 1701 non
2082 1661 2182 1702 sua

2278 743 2389 792 tem
2423 755 2436 790 :
2472 737 2636 793 Carni
2684 739 2896 809 peccati
2938 753 3084 794 mors
3128 740 3307 796 debita
3332 750 3449 796 est:
3488 750 3537 797 at
3564 759 3664 799 vero
3686 745 3744 802 ilh

2279 842 2427 883 mors
2452 827 2665 883 Domini
2721 828 3048 901 dignationis
3100 829 3220 895 fuit,
3281 848 3380 886 non
3418 832 3587 898 debiti;
3620 844 3660 889 ct
3692 846 3743 890 ta-

2276 935 2404 974 men
2459 920 2564 975 hoc
2608 934 2824 990 quoque
2869 921 3160 992 Apostolus
3186 931 3451 993 peccatum
3473 934 3743 983 vocatum-

2278 1007 2517 1078 ptionem
2556 1008 2800 1065 mortalis
2826 1009 3030 1074 carnis,
3071 1011 3321 1081 quamvis
3357 1027 3453 1066 non
3476 1016 3744 1083 peccatricis;

2281 1099 2403 1155 ideo
2441 1099 2569 1169 quia
2597 1099 2918 1154 immortalis
2942 1109 3200 1171 tanquam
3247 1110 3507 1172 peccatum
3538 1102 3640 1159 facit
3666 1120 3744 1160 cum

2280 1189 2534 1247 moritur.
2584 1189 2789 1263 (0rig.)
2838 1191 2994 1259 Quod
3047 1200 3231 1248 autem
3279 1194 3446 1249 hostia
3484 1210 3569 1266 pro
3595 1206 3746 1267 peccato

2280 1281 2457 1339 factus
2507 1282 2577 1339 sit
2633 1282 2886 1340 Christus
2924 1294 2980 1339 et
3029 1285 3246 1341 oblatus
3289 1284 3359 1341 sit
3390 1300 3486 1361 pro
3518 1287 3746 1358 purgatione

2280 1380 2859 1441 pcccatorum,omnes
2882 1372 3180 1445 Scriptura:
3196 1383 3471 1442 testantur,
3492 1386 3542 1432 et
3560 1378 3747 1450 pradpa

2279 1461 2479 1517 Paulus
2507 1462 2575 1518 ad
2606 1461 2865 1520 Hebraeos
2893 1463 3162 1529 scribens,
3204 1480 3326 1520 cum
3355 1464 3511 1519 dicit:
3538 1463 3630 1519 Hoc
3659 1468 3747 1521 cuia

2280 1553 2403 1624 fecit
2426 1554 2606 1623 semel,
2630 1557 3214 1628 semetipsum'hostiant
3237 1557 3486 1628 oﬂereudo
3506 1557 3654 1622 (Hebr.
3671 1560 3747 1626 ut);

2278 1653 2338 1700 et
2380 1645 2579 1701 iterum
2611 1663 2625 1701 :
2651 1646 2743 1716 qui
2783 1648 2996 1718 proprio
3035 1645 3182 1703 Filio
3210 1665 3312 1703 non
3337 1650 3569 1720 pepercit,
3600 1650 3667 1703 sed
3691 1666 3749 1718 μ

592 1733 771 1803 culpa,
796 1736 890 1790 sed
916 1750 1013 1805 per
1034 1750 1279 1800 carnem,
1316 1735 1371 1791 id
1411 1746 1496 1791 est
1528 1752 1627 1807 per
1666 1752 1759 1792 eos
1789 1738 2037 1793 homines
2087 1740 2182 1809 qui
2281 1736 2434 1792 nobis
2471 1737 2710 1792 omnibus
2753 1739 2974 1793 tradidit
3002 1739 3155 1794 illum
3182 1739 3359 1813 (Rom.
3384 1743 3527 1813 vin);
3561 1758 3637 1813 per
3659 1744 3749 1796 hanc

592 1823 828 1878 carnalia
876 1826 1013 1881 bona
1061 1827 1366 1896 appetendo
1393 1843 1499 1882 non
1540 1829 1797 1883 amabant
1838 1828 1973 1901 legis
2010 1827 2175 1899 justi-
2206 1815 2253 1876 Β
2277 1841 2407 1898 ergo
2432 1827 2669 1882 hostiam
2696 1828 2880 1885 carnis
2910 1845 3056 1897 sua,
3101 1846 3225 1901 quae
3251 1832 3439 1888 dicitur
3476 1848 3564 1905 pro
3580 1844 3748 1903 peccato,

598 1910 748 1976 tiam,
782 1914 875 1967 sed
902 1914 952 1967 ei
982 1915 1298 1985 temporalia
1327 1918 1608 1972 commoda
1643 1920 2045 1989 praeponebant.
2093 1919 2175 1978 Ob

595 2001 701 2058 hoc
736 2003 876 2060 Deus
899 2004 1094 2060 Filium
1124 2023 1280 2062 suum
1304 2009 1453 2064 misit
1502 2010 1557 2064 in
1592 2012 1946 2069 similitudine
1996 2014 2177 2071 carnis

595 2095 822 2164 peccati.
854 2095 1059 2170 (Greg.)
1083 2095 1246 2154 Venit
1281 2100 1449 2167 enim,
1478 2102 1620 2158 sicut
1648 2105 1909 2175 scriptum
1947 2113 2033 2161 est
2056 2145 2073 2174 ,
2119 2107 2177 2162 in

593 2186 991 2242 similitudinem
1025 2191 1201 2246 carnis
1241 2196 1440 2263 peccati
1466 2193 1771 2269 (Rom.vttt)
1793 2239 1806 2263 ,
1854 2198 1930 2253 uti
1957 2199 2025 2255 de
2050 2213 2179 2271 pec-

595 2287 718 2333 cato
745 2280 1027 2337 damnaret
1055 2294 1372 2353 peccatum,
1417 2287 1652 2361 dumque
1695 2290 1834 2347 hosti
1879 2294 2067 2366 objicit
2097 2296 2178 2350 in-

597 2382 768 2423 nocen
776 2369 903 2425 tiam
920 2373 1101 2428 carnis
1113 2389 1245 2440 suae,
1258 2377 1487 2433 extersit
1501 2380 1748 2452 contagia
1763 2382 1944 2438 carnis
1954 2396 2174 2453 nostrae;

596 2472 662 2513 ex
693 2475 800 2531 qua
840 2477 941 2518 nos
979 2465 1221 2535 captivos
1263 2468 1511 2525 inimicos
1553 2474 1755 2538 tenuit,
1783 2490 1879 2545 per
1906 2476 2051 2531 illam
2077 2492 2179 2535 nos

597 2550 800 2610 liberos
824 2557 1084 2626 expiavit,
1112 2559 1238 2629 quia
1263 2575 1426 2630 quam
1463 2576 1563 2617 nos
1603 2561 2024 2621 instrumentum
2046 2565 2180 2623 feciv

600 2657 724 2701 mus
765 2646 936 2716 culpae
954 2687 969 2713 ,
1003 2649 1119 2705 haec
1146 2651 1303 2707 nobis
1331 2667 1429 2722 per
1451 2654 1802 2711 mediatorem
1830 2673 1985 2714 versa
2016 2669 2099 2716 est
2121 2661 2177 2717 in

598 2748 751 2791 arma
793 2733 1037 2804 justititc.
1067 2738 1265 2812 (θήῃ.)
1293 2742 1451 2810 Quod
1491 2745 1627 2800 dixit
1676 2746 1732 2801 in
1781 2747 2178 2806 similitudinem

595 2824 771 2879 cumis
798 2829 1016 2896 peccati,
1046 2833 1282 2887 ostendit
1310 2849 1410 2889 nos
1458 2836 1676 2905 quidem
1714 2838 1915 2895 habere
1956 2855 2177 2897 carnem

595 2918 825 2986 peccati,
854 2918 1048 2975 Filium
1074 2938 1203 2979 vero
1225 2923 1321 2980 Dei
1346 2926 1752 2984 similitudinem
1783 2930 2037 2988 habuisse
2061 2948 2179 2989 car-

595 3007 683 3063 nis
704 3011 935 3078 peccati,
983 3029 1090 3069 non
1134 3030 1354 3071 carnem
1389 3019 1616 3088 peccati.
1643 3019 1844 3077 Omnes
1888 3024 2034 3079 enim
2077 3040 2177 3081 nos

595 3097 877 3167 homines,
927 3104 1018 3174 qui
1054 3120 1124 3160 ex
1154 3108 1360 3163 semine
1394 3110 1497 3165 viri
1545 3126 1670 3167 cum
1720 3113 1945 3170 muliere
1977 3131 2171 3172 conve-

595 3188 796 3246 nientis
816 3195 1062 3264 concepti
1088 3211 1306 3264 sumus,
1334 3198 1422 3254 illa
1446 3204 1754 3259 necessario
1785 3205 1989 3260 utimur
2019 3222 2172 3273 voce,

594 3293 702 3349 qua
730 3280 861 3336 dicit
894 3282 1082 3348 David,
1129 3291 1378 3358 quoniam
1426 3293 1483 3347 in
1532 3294 1896 3365 iniquitatibus
1943 3301 2175 3370 concepit

595 3385 680 3423 rue
704 3380 872 3425 mater
896 3390 1011 3429 mea
1038 3376 1057 3444 (
1080 3374 1230 3433 Psal.
1258 3397 1293 3435 ι.
1313 3380 1353 3449 ).
1394 3378 1593 3438 Verum
1628 3385 1755 3454 quia
1782 3402 1849 3442 ex
1883 3389 2025 3443 nulla
2074 3392 2176 3449 viri

598 3462 935 3533 contagione,
979 3467 1076 3521 sed
1136 3468 1251 3524 solo
1309 3469 1517 3542 Spiritu
1578 3485 1770 3532 sancto
1826 3494 1987 3552 super
2048 3483 2175 3537 Vir-

597 3549 777 3619 ginem
818 3553 1100 3622 veniente,
1132 3566 1189 3613 et
1222 3559 1425 3618 virtute
1459 3562 1720 3621 Altissimi
1773 3549 2132 3628 obumbrante
2158 3614 2172 3639 ,

600 3640 752 3694 venit
794 3643 863 3697 ad
909 3658 1107 3714 corpus
1154 3648 1600 3721 immaculatum,
1656 3666 1905 3713 naturam
1957 3663 2174 3732 quidem

598 3731 843 3799 corporis
881 3736 1052 3789 nostri
1094 3738 1321 3805 habuit,
1361 3742 1712 3812 pollutionem
1746 3757 1922 3806 tamen
1946 3731 2175 3822 peccati,

600 3836 722 3890 qua:
772 3837 839 3878 ex
884 3829 1338 3898 concupiscentia:
1390 3844 1536 3891 motu
1578 3842 1853 3911 conceptis
1905 3845 2174 3915 traditur,

599 3911 820 3967 omnino
839 3930 945 3969 non
968 3916 1174 3974 habuit.
1191 3920 1388 3995 Marb.)
1404 3922 1527 3982 Ideo
1538 3929 1685 3989 enim
1703 3931 1977 4002 virginalis
1991 3911 2177 3997 uterus

599 4001 806 4061 electus
843 4017 929 4063 est
970 4010 1035 4064 ad
1074 4022 1291 4081 partum
1314 4016 1680 4087 Dominicum,
1716 4001 1862 4079 utiln
1889 4030 2176 4088 sanctitate

601 4092 843 4152 dill‘erret
867 4113 994 4154 caro
1020 4100 1232 4157 Domini
1252 4120 1287 4160 a
1313 4121 1477 4163 carne
1502 4121 1685 4167 nostra
1718 4128 1735 4168 :
1757 4114 1811 4168 in
1839 4130 2001 4173 causa
2030 4122 2176 4178 enim

603 4186 795 4244 similis
821 4201 928 4258 est,
953 4207 1059 4248 non
1096 4194 1149 4249 in
1174 4197 1432 4266 qualitate
1461 4204 1668 4271 peccati
1691 4206 2022 4265 substantiae.
2042 4211 2176 4269 Pro-

600 4285 788 4347 pterea
817 4297 947 4352 ergo
978 4284 1207 4341 similem
1237 4289 1391 4356 dixit,
1416 4292 1541 4362 quia
1564 4293 1632 4350 de
1648 4298 1835 4353 eadem
1874 4302 2176 4360 substantia

597 4371 800 4437 carnis,
817 4388 922 4428 non
940 4378 1185 4433 eamdem
1211 4379 1398 4437 habuit
1426 4385 1925 4461 nativitatem,quia
1953 4405 2176 4464 peccato

2274 1915 2552 1973 damnavit
2578 1927 2860 1989 peccatum
2882 1921 2935 1975 in
2956 1922 3298 1987 carne,sicut
3320 1922 3450 1977 idem
3474 1923 3699 1992 Apostolus
3714 1924 3748 1976 in

2274 2007 2397 2063 aliis
2442 2008 2613 2076 dicit,
2646 2010 2773 2080 quia
2808 2011 3062 2081 apparuit
3107 2012 3165 2067 in
3215 2013 3507 2069 novissimis
3529 2013 3676 2068 diebus
3706 2014 3749 2066 ad

2274 2101 2699 2159 destructionem
2738 2104 2984 2173 peccati;
3030 2113 3087 2159 et
3126 2105 3325 2161 iterum
3364 2106 3595 2177 propheta
3627 2106 3748 2161 die't:

2274 2193 2396 2266 Ipse
2428 2204 2641 2265 peccata
2684 2204 2864 2252 nostra
2890 2197 3036 2264 tulit,
3064 2205 3118 2252 et
3156 2197 3445 2269 iniquitates
3483 2208 3648 2252 nostra
3675 2214 3752 2266 pot-

2275 2291 2401 2343 tavit
2432 2288 2569 2361 (Isa.
2603 2289 2742 2362 ιλιι).
2788 2288 2895 2347 Pro
2946 2299 3173 2361 peccato
3225 2305 3391 2363 ergo,
3436 2291 3527 2348 hoc
3567 2300 3662 2356 est,
3691 2305 3752 2360 per

2276 2382 2510 2439 hostiam
2536 2383 2719 2439 carnis
2752 2398 2885 2449 suae,
2909 2398 3069 2454 quam
3096 2384 3297 2441 obtulit
3323 2400 3416 2456 pro
3435 2392 3637 2455 peccato,
3654 2383 3751 2436 data-

2275 2475 2425 2530 navit
2449 2483 2733 2545 peccatum
2755 2473 2809 2529 in
2835 2488 2998 2531 carne
3021 2490 3144 2532 sua.

2347 2563 2418 2620 Ut
2458 2565 2774 2636 justiﬁcatio
2815 2565 2942 2637 legis
2977 2566 3282 2638 impleretur
3311 2567 3364 2621 in
3398 2567 3527 2621 nobis
3549 2606 3563 2630 ,
3595 2564 3662 2636 qui
3685 2579 3753 2616 m

2274 2658 2561 2713 secundum
2591 2674 2800 2713 carnem
2830 2658 3167 2715 ambulamus
3197 2700 3215 2726 ,
3260 2660 3350 2716 sed
3373 2659 3616 2715 “tandem
3644 2656 3751 2727 spiti-

2275 2760 2406 2805 tum.
2464 2748 2570 2807 Per
2596 2751 2737 2806 hanc
2778 2751 2979 2806 etenim
3017 2752 3257 2807 hostiam
3297 2750 3486 2817 carnis,
3525 2764 3623 2819 qua:
3649 2746 3748 2803 obla-

2275 2849 2330 2895 ta
2359 2848 2444 2896 est
2484 2856 2584 2912 pro
2610 2849 2853 2913 peccato,
2887 2850 2944 2898 et
2972 2842 3256 2898 damnavit
3276 2850 3553 2914 peccatum,
3574 2839 3655 2895 hoc
3680 2844 3752 2896 est.

2276 2932 2481 3006 fugavit
2506 2941 2811 3004 peccatum,
2858 2944 2914 2990 et
2962 2936 3221 3002 abstulit,
3268 2943 3331 2991 ut
3365 2932 3635 3006 justilicatio
3662 2930 3751 2999 legit

2274 3023 2594 3094 impleretur
2631 3024 2683 3079 in
2711 3024 2885 3091 nobis,
2910 3026 3003 3095 qui
3048 3025 3227 3097 legem
3273 3025 3543 3104 secundum
3573 3022 3751 3092 spiritum

2277 3115 2635 3182 custodimus,
2660 3123 2716 3171 et
2736 3132 2842 3170 non
2872 3116 3175 3172 secundum
3207 3130 3460 3174 carnem:
3484 3116 3530 3170 in
3556 3129 3635 3183 qua
3648 3117 3752 3181 parte

2228 3201 2247 3225 ‘
2279 3208 2574 3263 secundum
2614 3223 2679 3265 ea
2731 3224 2853 3279 quae
2883 3226 3046 3280 supra
3083 3210 3447 3282 exposuimus,
3494 3202 3753 3277 impossibilia

2276 3306 2396 3352 crat
2422 3297 2508 3353 lex
2545 3310 2600 3354 et
2625 3299 2861 3355 inﬁrma.
2911 3300 3096 3374 (Δις.)
3130 3301 3190 3357 ω
3221 3302 3363 3358 enim
3405 3302 3504 3371 egit
3540 3312 3656 3353 mors
3684 3293 3755 3349 lio-

2279 3390 2412 3444 mini
2453 3405 2522 3446 ne
2563 3406 2711 3449 mors
2751 3391 3040 3448 timeretur
3060 3433 3075 3457 ,
3098 3401 3159 3448 et
3179 3408 3246 3448 ex
3283 3408 3347 3449 eo
3363 3392 3466 3462 jam
3494 3405 3582 3446 non
3601 3393 3753 3457 appete

2278 3486 2469 3534 rentur
2495 3480 2813 3550 temporalia
2829 3482 2992 3548 bona,
3018 3498 3121 3538 nec
3148 3492 3501 3539 metuerentur
3522 3474 3751 3547 temporalia

2277 3569 2441 3636 mala,
2481 3570 2537 3625 in
2566 3570 2763 3641 quibus
2797 3573 3039 3629 carnalis
3064 3583 3189 3629 erat
3220 3575 3307 3630 illa
3337 3573 3607 3645 prudentia,
3624 3570 3663 3622 in
3683 3579 3750 3635 qua

2278 3659 2488 3732 impleri
2514 3646 2671 3735 'legis
2714 3673 2983 3735 praecepta
3029 3682 3138 3721 non
3189 3676 3451 3738 poterant.
3490 3662 3583 3720 [iac
3628 3671 3753 3714 autem

2277 3751 2562 3821 prudentia
2610 3753 2665 3807 in
2690 3753 2911 3809 homine
2936 3755 3223 3812 Dominico
3252 3757 3502 3813 exstincta
3526 3762 3570 3810 et
3598 3750 3754 3805 ablata.

2270 3838 2480 3909 iustitia
2533 3841 2665 3913 legis
2696 3843 2948 3915 impletur
2968 3885 2986 3911 ,
3030 3861 3155 3901 cum
3184 3846 3462 3903 secundum
3489 3855 3664 3899 canem
3683 3849 3754 3891 ποι

2278 3932 2605 4000 ambulatur,
2624 3935 2721 3990 sed
2744 3937 3040 3992 secundum
3078 3937 3352 4007 spiritum.
3390 3935 3527 3993 Unde
3546 3927 3756 3986 verissimo

2277 4022 2481 4079 dictum
2533 4033 2656 4080 est:
2688 4024 2812 4081 Non
2842 4028 2953 4082 veni
2974 4027 3147 4100 [legem
3177 4028 3399 4094 solvere,
3436 4026 3516 4083 sed
3545 4020 3756 4091 adimle

2279 4115 2495 4189 (Matth.
2513 4117 2590 4191 v).
2615 4117 2902 4175 Plenitudo
2925 4134 3057 4192 ergo
3087 4121 3225 4194 legis
3248 4121 3474 4177 charitas
3500 4108 3752 4190 (Romanii

2277 4216 2333 4262 et
2353 4208 2593 4266 cbaritas
2625 4225 2817 4266 eorum
2853 4220 2957 4278 est,
2989 4212 3081 4283 qui
3120 4214 3412 4270 secundum
3449 4209 3658 4282 spiritum
3679 4214 3756 4255 am-

2238 4310 2251 4332 ο
2277 4296 2494 4364 bulaut;
2534 4298 2650 4355 lucc
2690 4301 2837 4355 enim
2879 4301 2948 4356 ad
2998 4303 3234 4373 gratiam
3315 4302 3529 4373 pertinet
3586 4293 3755 4364 Spiritui

2278 4387 2452 4443 sancti
2474 4405 2492 4441 :
2536 4389 2755 4459 quando
2779 4390 2924 4447 enim
2949 4406 3057 4448 non
3085 4401 3208 4448 erat
3234 4385 3673 4457 charitasjustitize.
3691 4374 3755 4434 εοδ

597 4461 899 4531 subjectum
926 4483 1031 4522 non
1058 4468 1370 4543 fuitcorpus
1388 4474 1617 4532 Domini.
1642 4477 1864 4549 Expiata
1888 4461 1973 4539 est
1991 4496 2172 4543 autem
2201 4479 2474 4579 Dlilllor.
2524 4479 2610 4536 lex
2671 4497 2780 4537 non
2841 4482 3189 4554 implebatur.
3243 4482 3436 4579 lAmlh)
3490 4480 3596 4579 ωεξ)
3639 4473 3755 4579 ἰείξιξξ

602 4569 630 4579 .-
667 4552 868 4579 α..ε-ε.--
924 4570 1103 4579 μμ.-
1337 4566 1372 4579 ..
1473 4568 1484 4579 .
1530 4568 1541 4579 .
1717 4572 1727 4579 .
1866 4573 1899 4579 -_
2295 4572 2310 4579 -
2648 4573 2683 4579 --
2724 4575 2734 4579 _

600 4569 634 4605 a
667 4552 870 4624 Spiritu
921 4570 1112 4616 sancto
1159 4579 1287 4619 caro
1335 4566 1568 4634 Domini,
1611 4579 1669 4626 ut
1713 4572 1766 4627 in
1813 4573 1902 4629 tali
1948 4590 2174 4648 corpore

599 4655 935 4715 nasceretur,
954 4651 1113 4719 quale
1126 4652 1365 4710 fuitAda:
1383 4667 1508 4712 ante
1529 4671 1824 4730 peccatum,
1855 4665 1968 4720 sola
1992 4676 2172 4725 tamen

596 4738 867 4792 sententia
898 4739 1019 4795 data
1072 4742 1126 4797 in
1161 4744 1355 4801 Adam.
1394 4747 1556 4805 Misso
1590 4766 1718 4824 ergo
1764 4754 1907 4812 Deus
1935 4757 2173 4827 Christo,

598 4825 678 4882 De
713 4840 924 4898 peccato
955 4832 1223 4890 damnavit
1275 4849 1577 4908 peccatum,
1633 4844 1735 4901 hoc
1771 4857 1854 4902 est
1892 4825 2173 4919 peccatum

596 4929 825 4990 peccato
871 4925 1088 4995 proprio
1141 4927 1434 4985 damnavit.
1493 4933 1738 4992 Christus
1786 4939 1927 4994 enim
1975 4958 2095 4999 cum
2141 4962 2172 5001 a

597 5023 820 5082 peccato
847 5016 1195 5088 crucifigitur,
1220 5021 1310 5090 qui
1328 5032 1414 5078 est
1436 5023 1680 5089 Satanas,
1713 5032 1957 5099 peccavit
1979 5046 2172 5103 peccas

600 5109 714 5158 tum
747 5104 799 5159 in
824 5121 989 5163 carne
1012 5112 1256 5180 corporis
1282 5111 1578 5171 Salvatoris
1608 5131 1623 5170 :
1647 5134 1755 5189 quo
1782 5119 1924 5176 facto
1945 5121 2172 5179 damna-

599 5190 678 5245 vit
704 5191 846 5249 Deus
867 5207 1148 5265 peccatum
1176 5200 1229 5256 in
1275 5218 1458 5271 carne,
1489 5204 1561 5260 ibi
1588 5207 1774 5277 utique
1800 5209 1889 5263 ubi
1912 5214 2170 5280 peccavit,

597 5284 740 5375 sicut
761 5296 815 5342 et
837 5289 889 5343 in
916 5291 1021 5346 alia
1048 5292 1285 5364 Epistola
1308 5297 1480 5370 alt(ll
1504 5298 1626 5353 Cor.
1647 5301 1741 5371 u):
1768 5301 2173 5375 Detriumpltam

598 5374 719 5432 tiles
750 5378 807 5434 in
825 5379 957 5452 ipso,
982 5381 1035 5439 id
1059 5393 1142 5439 est
1163 5386 1216 5440 in
1236 5386 1471 5444 Christo.
1501 5388 1632 5444 Nam
1661 5391 1797 5447 solet
1819 5393 1924 5447 dici
1948 5394 2014 5449 de
2033 5409 2170 5465 quo-

598 5487 814 5545 cunque
870 5476 1128 5535 damnato
1175 5499 1190 5536 :
1239 5481 1299 5537 In
1353 5498 1459 5553 qua
1507 5500 1670 5540 causa
1718 5486 2003 5543 damnatus
2046 5491 2173 5544 est?

600 5559 995 5637 Respondetur,
1017 5580 1075 5626 ut
1096 5581 1243 5642 puta,
1271 5574 1322 5627 in
1351 5574 1670 5641 homicidio;
1703 5576 1778 5631 ita
1804 5586 1858 5632 et
1886 5590 2166 5648 peccatum

602 5650 656 5706 in
692 5669 855 5711 carne
902 5660 1211 5717 damnatum
1257 5672 1362 5725 est.
1406 5666 1507 5720 hoc
1533 5673 1636 5733 est,
1683 5666 1735 5721 in
1779 5677 2002 5736 peccato
2023 5668 2165 5740 quod

598 5743 813 5826 admisit
839 5747 895 5805 in
913 5766 1098 5808 carne.
1134 5753 1245 5810 lloc
1277 5754 1455 5825 itaque
1490 5766 1711 5826 peccato
1734 5773 1856 5813 reus
1885 5758 2058 5815 factus
2079 5771 2167 5817 cst

2276 4572 2591 4628 dantnatum
2631 4573 2764 4629 dicit
2802 4585 3085 4645 peccatum
3137 4586 3199 4632 ut
3241 4574 3535 4646 impleretur
3569 4570 3613 4624 in
3647 4561 3754 4620 noli!

2266 4662 2586 4733 ,ῖυειὶίῖοιιίο
2632 4664 2767 4736 legis
2816 4667 2954 4723 datin
2998 4682 3031 4721 a
3072 4666 3256 4740 Moyse
3300 4685 3313 4721 :
3357 4662 3534 4757 sublati
3568 4651 3753 4757 exuuio

2274 4757 2584 4814 conditione
2621 4758 2753 4829 legis
2792 4758 2921 4814 facti
2959 4775 3145 4815 sumus
3186 4760 3342 4815 amici
3373 4754 3588 4827 ejusdem
3613 4754 3752 4816 ,ΜΡ

2234 4916 2241 4923 ο
2277 4846 2417 4903 ticali
2450 4842 2595 4904 enim
2632 4849 2794 4905 amici
2835 4850 2967 4921 legis
3022 4860 3167 4906 sunt.
3223 4851 3485 4918 Quomodo
3516 4852 3660 4901 autem
3683 4837 3750 4892 int-

2273 4937 2523 5015 pleturin
2548 4939 2704 4994 nobis
2723 4932 3062 5009 jdstilicatio,
3103 4943 3205 5000 nisi
3247 4956 3368 4999 cum
3409 4940 3551 4995 datur
3570 4925 3751 4989 remissio

2274 5029 2512 5085 omnituu
2540 5040 2905 5099 peccatorum,
2926 5040 3007 5097 ut,
3021 5032 3245 5088 sublatis
3258 5029 3492 5101 peccatis,
3501 5021 3750 5095 justitiam

2274 5128 2549 5188 appareat,
2580 5128 2762 5175 mente
2790 5123 3033 5177 serviens
3060 5121 3165 5191 legi
3196 5121 3325 5176 Dei?
3350 5118 3456 5211 Hoc
3472 5122 3560 5179 est.

2275 5209 2506 5264 cundum
2532 5225 2752 5266 carnem
2785 5212 3084 5279 ambulare,
3116 5214 3209 5270 sed
3237 5209 3513 5269 secundum

2275 5308 2336 5354 ut
2358 5300 2575 5356 devotio
2597 5302 2796 5368 animi,
2840 5303 2933 5373 qui
2980 5312 3066 5359 est
3111 5305 3362 5375 spiritus,
3399 5313 3496 5355 non
3521 5289 3750 5385 contenti?l

2276 5391 2547 5447 desiderio
2567 5393 2798 5462 peccati,
2814 5395 2942 5464 quia
2974 5408 3073 5465 per
3092 5409 3309 5450 carnem
3327 5390 3537 5447 seminat
3555 5389 3747 5444 conm?“

2276 5484 2511 5539 scentias
2526 5484 2739 5552 anima),
2767 5486 2912 5555 quod
2945 5486 3085 5541 inest
3110 5493 3399 5556 peccatum.
3430 5479 3482 5536 Si
3504 5472 3747 5530 Damam“

2275 5585 2357 5631 est
2372 5584 2651 5645 peccatum
2678 5591 2709 5631 a
2728 5575 3030 5641 Salvatore,
3045 5576 3310 5647 quomodo
3333 5569 3491 5628 inest?
3508 5565 3745 5661 ἀιωεεξυηξ

2273 5676 2357 5724 est
2382 5683 2413 5722 a
2444 5667 2747 5735 Salvatore,
2770 5676 2825 5723 et
2844 5668 3043 5739 triplici
3066 5683 3261 5740 genere
3284 5668 3580 5722 damnatum.
3613 5651 3745 5743 Priuto

2272 5760 2414 5815 cnim
2444 5759 2497 5815 in
2519 5758 2638 5815 loco
2665 5759 2937 5815 daumavit
2962 5770 3260 5830 peccatum,
3284 5759 3403 5814 dum
3428 5768 3520 5809 non
3543 5740 3739 5819 peccavit.
