4026 6180
312 301 442 357 liii

844 295 1398 357 ENARRATIONUM
1430 298 1498 355 IN
1535 297 1687 357 EPP.
1729 298 1937 357 PAULI
1983 302 2113 359 LIB.
2148 304 2235 359 IV.
2266 335 2331 347 --
2360 304 2434 361 IN
2466 305 2681 362 EPIST.
2716 305 2806 361 AD
2844 304 3008 363 ROM.

3412 306 3480 363 ιι
3490 305 3556 363 ιε

307 413 634 491 dissentiens
659 425 690 466 a
709 419 955 482 peccato.
970 411 1174 467 Dcinde
1190 411 1243 466 in
1267 426 1428 466 cruce
1446 422 1748 481 peccatum,
1765 411 1891 481 quia

2000 420 2143 472 nodo
2161 418 2303 473 enim
2332 420 2599 488 sapientia
2625 422 2832 485 carnis,
2861 420 2967 473 hnc
2996 427 3100 487 est,
3128 418 3362 474 carnalis
3387 418 3553 475 intrlo

306 506 580 579 peccavit,
611 506 928 561 damnatum
969 503 1188 559 dicitur.
1241 504 1391 565 Unde
1420 504 1629 560 sublata
1679 514 1763 560 est
1815 504 1890 560 illi

308 598 645 662 auctoritas,
689 595 845 665 quasi
886 595 1169 665 pcecanti,
1214 609 1317 663 qua
1348 594 1629 651 detinebat
1647 595 1895 652 homines

307 688 364 743 in
410 687 629 743 inferno
657 694 881 757 propter
906 685 1161 740 delictum
1205 684 1365 750 Adte,
1412 694 1473 739 ut
1506 686 1572 743 de
1608 694 1807 741 uetere
1836 687 1893 742 in

306 782 507 851 quibus
559 779 775 850 signum
819 778 1003 834 crucis
1045 786 1170 843 est,
1223 778 1465 833 detinere
1517 793 1625 832 non
1674 779 1890 833 audeat.

307 874 494 928 Tertio
523 872 803 927 damnavit
830 880 1131 941 peccatum,
1165 872 1292 925 dum
1317 871 1471 927 irrita
1508 870 1635 927 fecit
1674 864 1893 938 delicta,

308 966 635 1023 remissione
675 973 1020 1036 peccatorum
1061 978 1320 1019 concessa
1351 978 1510 1020 :cum
1534 964 1678 1019 enim
1701 975 1893 1035 peccas

310 1067 398 1111 tor
440 1071 607 1111 causa
643 1053 864 1111 admissi
896 1054 1101 1125 peccati
1131 1054 1471 1110 damnandus
1514 1065 1691 1120 esset,
1747 1054 1901 1125 igno-

307 1162 468 1204 scens
506 1153 688 1201 autem
732 1144 783 1200 ei
826 1144 1104 1200 damnavit
1149 1144 1202 1198 in
1255 1158 1322 1199 eo
1362 1153 1665 1215 peccatum.
1710 1145 1897 1215 Itaque

307 1243 353 1297 si
384 1250 443 1296 ct
482 1255 585 1295 nos
622 1238 919 1294 Salvatoris
959 1237 1210 1307 exemplo
1236 1252 1349 1292 non
1384 1251 1674 1309 peccemus
1695 1277 1711 1303 ,
1742 1238 1896 1292 dam-

308 1346 508 1387 namus
545 1338 849 1400 peccatum.
1096 1337 1125 1372 ι’

383 1421 490 1488 Qui
514 1421 652 1475 enim
677 1418 963 1474 secundum
997 1435 1204 1474 canum
1235 1428 1388 1485 sunt,
1420 1436 1538 1490 qum
1567 1419 1741 1473 carnis
1774 1428 1895 1473 sunt

305 1514 517 1584 sapiunt
542 1526 561 1564 :
585 1511 676 1583 qui
704 1526 823 1567 vero
844 1512 1128 1565 sectmdum
1153 1512 1415 1581 spiritum,
1455 1527 1574 1584 quae
1631 1520 1751 1566 sunt
1794 1511 1897 1582 spi-

307 1603 461 1667 ritus,
492 1602 740 1657 sentiunt.
774 1599 970 1673 (Orig)
999 1601 1097 1655 llic
1127 1601 1241 1671 jam
1272 1603 1511 1672 apertius
1548 1603 1701 1673 quasi
1753 1603 1895 1659 inter

310 1709 409 1748 nos
430 1702 486 1748 et
507 1690 741 1756 Jndzeos,
766 1693 823 1746 in
846 1692 1021 1746 medio
1048 1702 1293 1749 statuens
1316 1694 1487 1763 legem
1519 1695 1686 1767 Moysi
1717 1694 1886 1751 dicit:

1981 509 2221 578 ligentia,
2245 526 2349 563 non
2380 511 2453 563 sit
2478 510 2697 563 inimica
2738 508 2867 570 Deo,
2893 525 3013 579 qua:
3041 510 3362 561 adversatur
3384 507 3547 563 Chri-

1977 608 2085 659 sto,
2128 613 2249 667 qua:
2282 612 2387 652 nun
2422 598 2612 663 recipit
2638 612 2758 652 eum
2783 612 2941 667 quem
3000 596 3151 652 misit
3210 598 3370 662 Dens,
3430 613 3555 663 quzc

1979 686 2109 742 dicit
2142 702 2160 743 :
2188 684 2301 743 Nos
2328 689 2488 758 legem
2519 688 2765 741 habemus
2795 696 2846 741 et
2886 686 3173 741 secundum
3206 686 3373 756 lrgem
3405 686 3557 741 debet

1981 779 2134 842 mori,
2161 779 2408 849 quoniam
2437 777 2635 832 Filium
2656 778 2750 833 Dei
2765 795 2822 833 se
2843 779 2962 849 fecit
2986 780 3012 833 ν
3032 776 3219 849 (Joan.
3252 783 3388 834 xtx.l
3409 776 3555 843 Quo.

1982 870 2142 924 modo
2173 885 2304 940 ergo
2334 870 2467 923 talis.
2492 870 2778 939 sapientia,
2828 880 2883 925 et
2938 869 3059 924 talis
3087 870 3443 938 intelligentia
3498 870 3551 922 iu

1976 962 2100 1033 lege
2133 963 2253 1018 Deo
2269 978 2376 1016 non
2402 963 2615 1017 dicatur
2650 963 2896 1028 inimica,
2925 973 2983 1018 et
3019 964 3122 1034 legi
3155 964 3277 1033 ejus
3300 963 3324 1011 ἲ
3362 962 3419 1015 Ei
3446 962 3557 1016 sci—

1983 1057 2111 1111 licet
2141 1071 2260 1127 quae
2294 1056 2593 1112 secundum
2627 1057 2881 1127 Spiritum
2904 1067 3009 1123 est,
3044 1073 3150 1111 non
3171 1066 3263 1112 est.
3281 1056 3553 1125 subjecta.

1983 1163 2083 1202 nec
2116 1157 2296 1218 potest
2345 1146 2583 1217 subjici:
2631 1147 2759 1217 quia
2787 1147 2928 1201 sicut
2957 1147 3230 1202 contraria
3272 1146 3371 1201 sibi
3426 1134 3555 1198 sunt

1985 1240 2094 1293 vita
2130 1248 2183 1293 et
2214 1252 2383 1297 mors.
2419 1239 2491 1291 ita
2549 1236 2823 1291 contraria
2879 1236 2982 1290 sibi
3037 1244 3165 1290 sunt
3214 1235 3392 1289 littera
3425 1233 3559 1302 legis

1984 1331 2240 1386 occidens
2270 1345 2392 1400 quae
2417 1341 2471 1385 et
2508 1328 2773 1400 sapientia
2803 1327 3004 1394 carnis,
3035 1336 3092 1381 et
3142 1326 3369 1394 spiritus
3420 1327 3559 1380 vivi-

1987 1420 2155 1475 ﬂraus
2188 1420 2443 1488 quivere
2475 1420 2561 1475 lex
2619 1419 2716 1476 Dei
2760 1430 2868 1475 est.
2920 1417 3103 1490 (Aug.)
3169 1415 3228 1470 In
3260 1431 3325 1471 eo
3379 1429 3558 1469 autem

1987 1510 2131 1579 quod
2178 1510 2276 1574 ait,
2306 1510 2589 1577 prudentia
2610 1512 2788 1565 carnis
2812 1510 3031 1564 inimica
3059 1520 3136 1564 est
3166 1509 3294 1573 Deo,
3321 1506 3562 1563 ostendit

1984 1599 2115 1672 quid
2138 1600 2357 1667 dixerit,
2375 1601 2609 1664 inimica,
2629 1614 2697 1655 ne
2714 1599 2837 1669 quis
2854 1608 3071 1670 putaret
3104 1610 3352 1667 tanquam
3381 1610 3444 1648 ex
3466 1594 3564 1647 sd-

1989 1705 2149 1747 verso
2159 1690 2421 1761 principio
2441 1691 2677 1762 aliquam
2699 1698 2980 1757 naturam,
3013 1702 3174 1759 quam
3195 1703 3301 1744 non
3320 1683 3566 1742 condidit

310 1783 417 1850 Qui
448 1776 965 1838 secundum'curnem
989 1794 1132 1848 sunt,
1160 1800 1278 1855 qua:
1319 1786 1492 1839 carnis
1515 1795 1636 1840 sunt
1663 1787 1892 1857 sapiunt,
1923 1773 1973 1834 Β
1994 1784 2158 1849 Deus,
2181 1782 2493 1838 inimicitias
2518 1782 2782 1838 adversus
2806 1781 2981 1836 Deum
3009 1792 3289 1835 exercere.
3308 1774 3565 1832 Inimicus

312 1876 419 1932 hoc
448 1883 554 1941 est,
576 1874 748 1931 Judaei
772 1890 909 1945 quos
938 1876 1072 1931 dicit
1101 1878 1401 1933 secundum
1444 1893 1664 1934 carnem
1691 1879 1895 1948 Israel,
1988 1891 2118 1947 ergo
2146 1876 2237 1931 Dei
2268 1874 2490 1941 dicitur,
2521 1874 2615 1944 qui
2642 1873 2746 1944 legi
2779 1873 2951 1942 ipsius
2972 1887 3084 1927 non
3110 1870 3477 1939 obtemperat,
3508 1874 3566 1921 et

309 1967 403 2036 qui
430 1981 493 2021 ea
515 1981 636 2036 qua:
659 1966 839 2021 carnis
865 1975 991 2020 sunt
1010 1966 1247 2037 sapiunt,
1273 1969 1328 2022 in
1348 1982 1415 2024 eo
1438 1969 1582 2039 quod
1602 1969 1902 2026 secundum
1991 1968 2099 2024 hoc
2123 1981 2219 2036 per
2242 1967 2427 2021 carnis
2455 1964 2818 2036 prudentiam,
2851 1965 2903 2019 id
2923 1973 3030 2025 est.
3050 1976 3172 2017 cum
3196 1961 3400 2029 appetit
3426 1968 3568 2014 tem-

309 2073 531 2114 carnem
569 2058 740 2129 legem
786 2057 1131 2130 intelligunt;
1164 2061 1252 2131 qui
1292 2077 1411 2115 vero
1438 2063 1724 2117 secundum
1749 2062 1905 2135 spiri-

309 2160 421 2229 tum
464 2147 553 2222 (de
583 2150 670 2205 his
696 2149 904 2215 dicens,
946 2164 1083 2221 quos
1108 2148 1324 2207 Judzcos
1350 2152 1482 2208 dicit
1511 2153 1703 2224 spiritu
1726 2193 1743 2219 ,
1792 2168 1903 2209 non

309 2240 544 2311 littera),
592 2257 710 2314 qua!
744 2250 865 2295 sunt
906 2242 1124 2311 spiritus
1163 2243 1411 2297 seruiunt.
1442 2241 1681 2318 (Ambr.)
1729 2242 1905 2300 Aliter

302 2341 493 2399 autem
529 2349 543 2386 :
573 2331 675 2400 Qui
708 2331 1037 2402 suggestioni
1068 2347 1187 2401 qua:
1217 2332 1277 2386 iit
1308 2346 1405 2404 per
1430 2347 1651 2388 carnem
1694 2333 1907 2390 obtem-

306 2432 487 2495 perat.
538 2439 660 2495 qua:
686 2425 868 2480 carnis
914 2432 1041 2480 sunt
1083 2425 1261 2496 sapit;
1292 2425 1396 2481 hoc
1433 2426 1577 2481 enim
1616 2426 1693 2482 illi
1738 2439 1905 2483 suave

308 2516 548 2579 videtur,
576 2515 721 2586 quod
757 2515 1025 2585 sequitur,
1079 2522 1270 2571 contra
1313 2514 1397 2572 fas
1441 2524 1701 2587 appetens
1743 2532 1902 2573 usum

317 2616 379 2661 et
407 2606 732 2662 sententiam
764 2606 968 2661 erroris
995 2605 1217 2663 carnis:
1252 2605 1308 2661 in
1345 2621 1513 2661 carne
1561 2607 1704 2662 enim
1749 2622 1905 2664 error

315 2698 624 2753 mundanus
650 2695 916 2767 signatur,
948 2711 1271 2768 quacunque
1307 2711 1372 2753 ex
1413 2706 1587 2770 parte.
1645 2696 1750 2764 Qui
1784 2714 1902 2753 vero

307 2789 600 2843 secundum
645 2788 912 2860 spiritum,
948 2806 1011 2843 ea
1057 2805 1174 2861 qua:
1226 2799 1346 2845 sunt
1381 2790 1599 2861 spiritus
1651 2790 1898 2846 sentiunt.

315 2878 664 2936 Manifestum
694 2887 798 2945 est,
827 2880 953 2950 quia
980 2880 1073 2950 qui
1103 2894 1163 2935 se
1193 2894 1224 2933 a
1261 2880 1440 2935 carnis
1460 2880 1743 2936 desideriis
1770 2894 1902 2936 con-

311 2971 492 3038 tinet,
521 2969 675 3040 juxta
705 2970 877 3042 legem
923 2970 1123 3026 mentis
1161 2970 1294 3025 vivit
1326 2988 1339 3025 :
1369 2970 1473 3026 hoc
1493 2970 1637 3027 enim
1671 2970 1748 3024 illi
1773 2970 1905 3027 utile

312 3063 529 3119 videtur
554 3076 747 3133 sapere
769 3061 911 3133 quod
939 3060 1226 3117 conveniat
1251 3060 1378 3133 legi.

2002 2056 2207 2128 poralia
2251 2056 2392 2113 bona
2414 2097 2430 2123 ,
2485 2065 2544 2114 et
2582 2058 2739 2117 timet
2772 2057 3093 2128 temporalia
3129 2057 3289 2112 mala.
3325 2057 3581 2114 Deﬁnitio

2002 2149 2146 2205 enim
2202 2149 2503 2219 prudentiae
2552 2149 2607 2205 in
2651 2149 2965 2221 appetendis
3011 2148 3189 2217 bonis,
3240 2158 3295 2205 et
3347 2149 3588 2206 vitandis

2003 2238 2164 2296 malis
2182 2240 2441 2311 explicari
2470 2241 2627 2297 solet.
2654 2241 2996 2313 Quapropter
3017 2252 3166 2297 recte
3187 2240 3419 2313 appellat
3436 2240 3583 2311 Apo-

2003 2331 2174 2387 stolus
2191 2331 2373 2387 carnis
2394 2331 2736 2414 prudentiam
2755 2346 2861 2402 qua
2877 2332 2992 2388 haec
3006 2340 3337 2404 appetuntur
3358 2346 3457 2403 pro
3471 2347 3585 2386 ma-

2005 2422 2126 2494 gnis
2150 2422 2327 2489 bonis,
2368 2438 2489 2494 qua;
2519 2436 2624 2477 non
2658 2429 3005 2493 perseverant
3030 2436 3155 2479 cum
3183 2422 3418 2488 homine;
3447 2430 3589 2477 etne

2003 2512 2122 2569 haec
2148 2514 2468 2569 amittantur
2494 2515 2714 2570 timetur
2734 2553 2750 2581 ,
2778 2528 2901 2585 quae
2926 2516 3250 2585 quandoque
3277 2514 3584 2569 amittenda

1998 2590 2149 2660 sunt.
2178 2603 2295 2660 Non
2325 2613 2504 2677 potest
2526 2614 2707 2660 autem
2741 2606 2862 2661 talis
2891 2605 3199 2676 prudentia,
3238 2605 3341 2677 legi
3365 2605 3458 2659 Dei
3484 2604 3587 2659 ob-

2006 2702 2311 2766 temperare
2335 2712 2350 2750 :
2372 2695 2469 2751 sed
2488 2703 2617 2753 tunc
2630 2696 3310 2767 obtemperaturlegi,cum
3334 2699 3450 2754 ha'c
3461 2711 3591 2769 pm‘

2006 2786 2185 2842 dentia
2207 2787 2472 2842 exstincta
2495 2785 2676 2853 fuerit,
2706 2795 2766 2841 ut
2784 2787 2835 2853 ei
2860 2788 3116 2843 succedat
3131 2788 3412 2857 prudentia
3428 2788 3589 2860 Spiri-

2006 2887 2115 2944 tus,
2144 2895 2249 2949 qua
2278 2895 2380 2934 nec
2407 2879 2462 2933 in
2495 2880 2880 2950 temporalibus
2914 2881 3070 2936 bonis
3108 2896 3233 2951 spes
3260 2890 3447 2937 nostra
3477 2890 3583 2950 est,

2005 2984 2181 3038 neque
2208 2969 2261 3023 in
2285 2968 2439 3024 malis
2466 2971 2658 3035 timor;
2685 2972 2873 3028 eadem
2897 2986 3128 3043 namque
3147 2973 3340 3028 animm
3367 2982 3586 3041 natura,

2006 3068 2063 3115 et
2086 3061 2426 3131 prudentiam
2451 3077 2639 3117 carnis
2670 3064 2851 3129 habet,
2880 3078 3002 3119 cum
3028 3064 3288 3119 inferiora
3319 3073 3579 3134 sectatur,

386 3151 531 3206 Nam
580 3123 860 3223 prudeniia
906 3151 1082 3207 carnis
1132 3167 1273 3206 mors
1303 3123 1436 3216 Vest,
1475 3150 1758 3221 prudentia
1801 3166 1898 3204 au-
1926 3123 1973 3186 (ἶ
2004 3158 2062 3207 ει
2087 3123 2431 3222 prudentiam
2476 3151 2697 3222 spiritus
2723 3193 2738 3219 ,
2775 3123 2910 3209 cum
2940 3155 3219 3225 superiora
3246 3154 3397 3226 eligit
3418 3165 3473 3212 et
3497 3123 3585 3212 di;

311 3252 418 3298 tem
447 3243 678 3315 Spiritus
702 3244 806 3299 vita
841 3252 890 3298 et
920 3260 1044 3314 pax.
1074 3241 1273 3315 (θήρ.)
1312 3242 1562 3313 Nunquid
1592 3257 1698 3297 non
1729 3257 1894 3298 unum

313 3342 481 3406 atque
508 3334 652 3389 idem
683 3342 769 3389 est
801 3333 946 3404 quod
973 3333 1104 3389 dicit
1125 3333 1405 3405 prudentia
1427 3332 1602 3388 carnis
1632 3350 1773 3388 mors
1796 3341 1895 3399 est,

313 3434 372 3481 et
403 3424 557 3493 illud,
586 3424 762 3481 littera
784 3424 972 3481 occidit
994 3425 1019 3480 Ρ
1038 3424 1208 3497 Igitur
1230 3424 1518 3495 prudentia
1542 3423 1726 3480 carnis
1752 3424 1901 3480 mors

314 3526 420 3574 est.
480 3517 581 3574 Cui
629 3531 778 3573 mors
820 3517 943 3572 est?
979 3515 1187 3571 Anima:
1230 3515 1350 3571 sine
1378 3515 1580 3571 dubio:
1611 3515 1703 3585 qui
1753 3516 1900 3570 enim

316 3610 488 3681 legem
519 3609 813 3665 secundum
842 3621 1082 3673 carnem,
1112 3606 1167 3662 id
1190 3614 1298 3673 εει,
1335 3606 1631 3662 secundum
1664 3604 1901 3660 litteram

315 3700 666 3767 intellexerit,
690 3713 795 3754 non
835 3698 987 3753 venit
1019 3697 1088 3753 ad
1132 3696 1408 3754 Christum
1440 3696 1531 3768 qui
1562 3704 1645 3753 est
1684 3696 1817 3763 vita,
1848 3704 1904 3751 et

318 3792 442 3848 ideo
477 3791 755 3863 prudentia
803 3789 977 3845 carnis
1023 3794 1162 3843 m'ors
1200 3798 1300 3854 est,
1326 3787 1608 3859 prudentia
1643 3803 1762 3842 vero
1792 3786 1903 3857 spi-

318 3884 453 3936 ritus
480 3881 586 3937 vita
605 3890 655 3935 et
676 3895 781 3951 pax
796 3897 817 3947 ;
845 3880 1014 3936 vitam
1050 3894 1285 3950 namque
1318 3885 1374 3934 et
1414 3890 1603 3950 pacein
1628 3917 1644 3943 ,
1675 3891 1796 3949 quae
1820 3884 1908 3933 est

318 3974 594 4040 Christus,
660 3972 826 4030 habet
891 3972 983 4044 qui
1024 3972 1348 4044 spiritaliter
1405 3971 1654 4042 intelligit
1708 3971 1903 4043 legem.

319 4064 550 4137 (Anton)
570 4064 742 4156 Aliter
770 4082 784 4121 :
817 4063 1109 4120 Prudentia
1132 4063 1313 4119 carnis
1336 4071 1615 4135 peccatum
1638 4070 1743 4130 est,
1764 4061 1909 4135 quod

2006 3240 2167 3310 ligit:
2195 3242 2648 3313 quemadmodum
2673 3244 2863 3299 eadem
2887 3259 3042 3314 aqua:
3063 3255 3259 3300 natura
3309 3254 3364 3301 et
3391 3246 3591 3318 frigore

2001 3333 2354 3405 congelascit,
2395 3342 2451 3389 et
2477 3334 2659 3391 calore
2716 3336 3021 3391 resolvitur.
3056 3335 3162 3392 Sed
3192 3352 3313 3392 cum
3345 3338 3591 3394 adhibito

2002 3426 2184 3481 calore
2209 3425 2439 3482 solvitur
2485 3435 2542 3481 et
2589 3426 2811 3482 calescit
2849 3442 2989 3497 aqua
3018 3467 3033 3494 ,
3080 3425 3193 3496 jam
3223 3443 3383 3484 nemo
3411 3435 3593 3499 potest

2000 3534 2122 3576 eam
2153 3520 2334 3575 nivem
2355 3519 2553 3575 dicere.
2577 3518 2723 3591 Legi,
2748 3519 2943 3590 inquit,
2969 3518 3067 3574 Dei
3097 3537 3200 3574 non
3228 3531 3303 3575 est
3328 3519 3589 3591 subjecta,

2003 3627 2167 3683 neque
2193 3613 2330 3666 enim
2365 3622 2553 3682 potest.
2595 3611 2686 3667 Sic
2703 3626 2833 3683 ergo
2857 3612 3061 3667 dictum
3079 3624 3162 3667 est
3179 3631 3192 3666 :
3212 3612 3335 3683 Legi
3360 3612 3459 3667 Dei
3488 3630 3594 3668 non

2002 3711 2078 3756 est
2116 3700 2352 3772 subjecta
2391 3701 2674 3772 prudentia
2704 3702 2912 3766 carnis,
2942 3718 3034 3755 nec
3074 3701 3210 3755 enim
3235 3711 3419 3772 potest.
3450 3702 3592 3771 Quid

2004 3800 2091 3845 est
2128 3806 2293 3862 neque
2341 3792 2482 3845 enim
2530 3800 2694 3861 potest
2719 3791 2747 3845 ξ’
2789 3806 2894 3845 ron
2925 3792 3087 3846 homo
3122 3806 3229 3845 non
3255 3800 3453 3862 potest,
3484 3808 3593 3847 non

2005 3882 2187 3936 anima
2217 3897 2323 3937 non
2370 3890 2570 3953 potest,
2616 3897 2724 3938 nou
2756 3883 2986 3954 denique
3011 3883 3129 3952 ipsa
3161 3898 3309 3950 caro,
3340 3884 3466 3954 quia
3493 3885 3591 3940 Dei

2006 3981 2258 4028 creatura
2304 3980 2419 4039 est,
2449 3988 2555 4028 non
2582 3982 2762 4045 potest
2794 3990 2807 4028 :
2840 3974 2934 4030 sed
2960 3975 3247 4044 prudentia
3276 3975 3457 4030 carnis
3479 3990 3588 4031 non

2007 4069 2206 4135 potest,
2254 4062 2445 4118 vitium
2477 4078 2582 4118 non
2608 4072 2825 4134 potest,
2854 4079 2959 4119 non
2986 4073 3203 4119 natura.
3235 4064 3516 4132 Quomodo
3543 4065 3591 4121 si

321 4163 547 4228 generat
576 4154 828 4213 martem.
881 4156 1173 4214 Prudentia
1199 4157 1343 4214 enim
1371 4158 1494 4215 ideo
1520 4158 1720 4215 dicitur
1740 4198 1755 4225 ,
1782 4171 1909 4213 cum
2009 4156 2239 4222 diceres,
2267 4154 2593 4211 claudicatio
2616 4164 2780 4211 recta:
2805 4157 3161 4211 ambulationi
3201 4172 3308 4211 non
3337 4163 3419 4210 est
3456 4154 3588 4210 sub-

323 4264 415 4304 rcs
462 4249 623 4306 stulta
670 4251 778 4316 sit,
819 4251 943 4321 quia
980 4250 1330 4308 saecularibus
1356 4250 1667 4308 hominibus
1693 4264 1912 4306 errores
2004 4245 2171 4317 jecta,
2200 4260 2377 4315 neque
2399 4244 2543 4301 enim
2574 4252 2749 4315 potest
2774 4264 2787 4299 :
2817 4261 2912 4316 pes
2932 4254 3129 4315 potest,
3151 4247 3248 4300 sed
3270 4244 3593 4300 claudicatio

322 4356 390 4396 ex
442 4338 743 4399 visibilibus
784 4344 1055 4414 concepti,
1087 4344 1201 4401 sive
1235 4344 1288 4399 in
1317 4358 1478 4400 sensu
1502 4384 1517 4409 ,
1545 4343 1658 4398 sive
1682 4343 1738 4398 in
1762 4350 1908 4410 actu,
2010 4353 2119 4393 non
2150 4344 2356 4408 potest;
2393 4334 2520 4391 tolle
2545 4336 2995 4391 claudicationem
3024 4344 3080 4392 et
3123 4335 3336 4391 videbis
3384 4342 3593 4390 rectam

324 4442 515 4489 contra
559 4432 731 4506 legem
768 4435 862 4490 Dei
891 4435 1174 4507 prudentia
1210 4435 1483 4500 videntur,
1514 4434 1747 4489 maxime
1779 4431 1907 4504 quia
1932 4475 1988 4507 η
2013 4428 2455 4484 ambulationem.
2496 4426 2649 4494 Quod
2672 4442 2804 4499 ergo
2838 4428 2933 4492 ait,
2968 4426 3249 4497 prudentia
3280 4426 3455 4480 carnis
3485 4425 3590 4479 ini-

325 4530 504 4584 mnnis
527 4526 788 4585 industria
820 4538 876 4585 et
898 4529 1096 4584 astutia
1124 4528 1334 4585 illorum
1380 4528 1433 4582 in
1461 4536 1649 4593 eoest,
1691 4534 1752 4582 ut
1781 4539 1909 4597 pec.
1932 4517 1984 4536 ν
2011 4519 2149 4574 mica
2189 4520 2245 4573 in
2284 4517 2472 4584 Deum,
2505 4518 2612 4574 noli
2661 4519 2741 4574 sic
2773 4518 3022 4589 accipere
3053 4517 3211 4588 quasi
3239 4517 3461 4572 inimica
3488 4518 3591 4572 ista

328 4628 475 4675 cent.
513 4617 713 4691 Sapere
740 4619 882 4675 enim
911 4619 1010 4675 sibi
1040 4619 1313 4684 videntur,
1342 4616 1389 4674 si
1427 4616 1569 4673 istud
1598 4614 1906 4687 diligentius
2011 4610 2185 4682 possit
2210 4608 2405 4665 laedere
2426 4610 2612 4673 Deum,
2635 4610 2938 4665 resistendo
2969 4609 3190 4664 inimica
3214 4615 3318 4674 est,
3342 4623 3450 4663 non
3491 4621 3594 4661 no-

310 4719 546 4775 ‘curent,
575 4726 697 4766 cum
743 4710 876 4765 nihil
928 4708 1143 4765 stultius
1179 4710 1287 4774 sit,
1326 4725 1487 4781 quam
1532 4723 1776 4779 peccare.
1811 4706 1911 4763 Est

310 4814 384 4859 ἐι
414 4804 515 4857 alia
550 4803 830 4873 prudentia
862 4803 1039 4858 carnis
1062 4843 1075 4867 ,
1113 4816 1233 4873 qum
1280 4801 1566 4856 mundanis
1607 4799 1909 4854 rationibus

332 4895 517 4951 mllata
545 4936 561 4961 ,
611 4905 769 4967 negat
799 4895 997 4967 aliquid
1028 4894 1163 4961 lieri,
1200 4902 1261 4949 ut
1297 4892 1485 4966 [quod]
1518 4892 1699 4948 mundi
1725 4900 1912 4949 careat

334 4988 566 5043 ratione.
604 4988 758 5044 Unde
799 4988 1010 5044 deridet
1050 4985 1288 5059 Virginis
1336 4992 1569 5055 partum,
1604 4982 1787 5039 carnis
1820 4997 1910 5038 re-

333 5078 743 5134 surrectioncm.
780 5075 1069 5141 Prudentia
1119 5086 1293 5130 autem
1320 5075 1534 5146 spiritus
1582 5073 1684 5128 vita
1711 5083 1759 5127 et
1783 5088 1909 5144 pax.

310 5171 480 5239 :Vcre
526 5171 640 5225 haec
685 5177 771 5224 est
815 5169 1100 5241 sapientia,
1132 5182 1251 5238 qua:
1277 5167 1444 5221 vitam
1470 5165 1703 5235 acquirit
1739 5173 1795 5218 et
1818 5177 1911 5233 pa-

336 5276 455 5315 cem
487 5273 502 5313 :
532 5274 766 5330 sequens
791 5259 932 5313 enim
963 5256 1246 5328 spiritalia,
1280 5253 1602 5324 contemptis
1643 5251 1912 5307 illecebris

337 5351 461 5405 vita:
484 5346 785 5420 prmsentis,
808 5359 1065 5405 (sternam
1093 5346 1313 5403 habebit
1330 5346 1496 5400 vitam
1528 5359 1650 5398 cum
1671 5358 1826 5413 pace,
1857 5343 1910 5399 id

338 5450 441 5506 est,
468 5442 587 5497 sine
615 5440 985 5512 inquietudine
1014 5456 1027 5491 :
1059 5439 1150 5493 ubi
1196 5437 1337 5493 enim
1366 5435 1702 5505 perturbatio
1729 5441 1833 5499 est,
1857 5440 1914 5488 et

320 5549 498 5604 ‘pcena
526 5544 629 5589 est.

316 5654 323 5664 ι
412 5623 673 5690 Quoniam
693 5627 946 5696 sapientia
971 5622 1142 5677 carnis
1169 5612 1380 5674 inimica
1402 5628 1475 5673 est
1499 5616 1637 5672 Deo:
1654 5616 1756 5687 legi
1774 5616 1911 5670 enim

312 5713 438 5769 “Dei
469 5730 571 5768 non
598 5725 670 5769 est
698 5714 949 5782 subiecta,
999 5706 1097 5767 nec
1136 5710 1272 5766 enim
1317 5718 1501 5779 potest.
1547 5704 1740 5789 (Orig.)
1769 5705 1912 5774 Quo-

2010 4700 2214 4767 cendo;
2238 4701 2315 4757 illi
2335 4708 2516 4757 autem
2538 4710 2695 4758 nocet
2719 4702 2773 4756 in
2795 4716 2905 4772 quo
2941 4712 3028 4758 est
3068 4701 3353 4772 prudentia
3389 4700 3592 4755 carnis.

2014 4793 2243 4868 (Ambr.)
2261 4793 2564 4851 Notandum
2591 4805 2770 4851 autem
2800 4796 2942 4867 quod
2967 4811 3071 4850 non
3087 4810 3309 4851 carnem
3333 4793 3469 4847 dixit
3493 4791 3597 4846 ini-

2014 4886 2230 4951 micam,
2245 4887 2341 4943 sed
2361 4887 2679 4958 sapientiam
2695 4888 2895 4953 carnis,
2912 4887 2963 4941 id
2975 4894 3073 4947 est,
3093 4903 3197 4940 non
3213 4882 3593 4947 substantiam,

2014 4973 2109 5030 sed
2158 4982 2251 5030 aut
2306 4976 2477 5032 malos
2526 4984 2716 5041 actus,
2760 4982 2853 5029 aut
2912 4973 3293 5044 cogitationem
3341 4970 3456 5025 sive
3507 4983 3594 5023 as-

2014 5066 2408 5122 severationem
2431 5083 2551 5138 quae
2576 5067 2819 5122 nascitur
2840 5066 2905 5121 de
2925 5079 3128 5119 errore.
3161 5060 3437 5132 Sapientia
3463 5075 3595 5131 ergo

2014 5158 2197 5212 carnis
2242 5167 2325 5212 est
2380 5159 2557 5227 primo
2597 5158 2652 5212 in
2704 5157 2825 5211 loco
2863 5165 3135 5212 astrorum
3188 5156 3256 5208 ab
3287 5152 3596 5208 hominibus

2013 5245 2231 5300 inventa
2256 5246 2568 5315 disputatio,
2602 5244 2793 5300 deinde
2832 5244 3120 5300 visibilium
3145 5241 3460 5308 oblectatio,
3480 5239 3597 5296 hmo

2018 5334 2238 5390 inimica
2287 5344 2411 5389 sunt
2445 5333 2576 5401 Deo,
2625 5336 2749 5405 quia
2779 5334 3164 5390 elementorum
3196 5332 3505 5399 Dominum,
3537 5338 3596 5387 et

2017 5423 2265 5493 opiﬁcem
2304 5424 2487 5479 mundi
2510 5426 2597 5480 his
2617 5432 2926 5495 coazquant,
2948 5440 3068 5495 qua:
3098 5424 3247 5489 fecit,
3289 5429 3597 5477 astruentes

2018 5514 2151 5570 nihil
2187 5530 2347 5584 posse
2378 5515 2493 5571 fieri
2528 5526 2886 5587 praeterquam
2917 5516 3101 5571 mundi
3144 5511 3384 5569 continet
3411 5513 3592 5573 ratio:

2017 5612 2370 5682 quamobrem
2408 5618 2609 5681 negant
2648 5608 2813 5663 Deum
2843 5607 3144 5687 fecisscnut
3173 5605 3337 5677 Virgo
3356 5612 3593 5675 pareret,

2021 5714 2114 5761 aut
2158 5714 2495 5761 mortuorum
2543 5715 2770 5772 corpora
2815 5707 3183 5768 resurgerem,
3214 5696 3341 5766 quia
3370 5694 3594 5751 stultum
