4026 6180
606 307 744 364 hi3

1204 301 1268 360 Β.
1308 299 1560 358 MBAN
1599 300 1816 358 MAURI
1853 301 2172 358 ARClllEP.
2213 299 2520 359 MOGUNTa.
2562 301 2845 360 OPERUM
2884 299 3061 358 PARS
3099 297 3184 357 111.

3637 314 3737 372 liti

603 427 706 484 est,
730 415 998 494 inquiunt,
1015 421 1076 470 ut
1092 411 1234 468 Deus
1257 411 1449 467 fecerit
1473 412 1616 466 ultra
1641 427 1803 482 quam
1832 415 1972 484 sapit
1996 414 2179 468 homo.
2209 414 2257 472 Α
2289 413 2478 468 mortis
2500 413 2689 470 aculeo
2713 414 2764 468 in
2786 424 2988 469 aeterna
3011 415 3396 483 incorruptione
3418 423 3632 488 ωεηειιίι,
3657 426 3739 480 Non

602 507 649 565 Ο
691 507 985 579 prudentes
1013 504 1221 567 mundi,
1261 504 1352 573 qui
1396 511 1588 572 putant
1618 505 1787 560 Deum
1833 521 1939 559 non
1991 504 2188 559 debere

607 599 766 654 aliter
803 597 1003 661 facere,
1029 611 1190 666 quam
1235 593 1362 648 facit
1393 595 1460 648 ab
1487 609 1553 649 eo
1579 595 1794 649 condita
1816 603 2099 662 creatura;
2130 605 2190 650 tit

605 688 721 758 ipse
775 687 966 742 similis
1002 686 1267 741 creaturis
1318 687 1575 754 putetur!
1604 686 1695 740 Sic
1733 691 1920 741 caecati
1963 700 2088 742 sunt
2117 703 2188 744 ne

603 780 822 832 videant
843 777 1054 846 qualem
1078 775 1460 831 contumeliam
1483 777 1592 830 Deo
1616 775 1850 842 faciunt;
1880 793 2016 848 Opus
2040 778 2186 832 enim

605 868 747 938 quod
775 869 828 921 in
861 867 1070 921 laudem
1116 882 1269 920 suam
1306 866 1705 935 praedicandam
1733 866 1911 922 facere
1935 869 2186 939 dignatus

605 968 688 1014 est
713 999 726 1024 ,
769 958 855 1012 isti
886 959 1279 1027 vituperantes,
1328 957 1670 1011 incredulum
1705 973 1825 1013 esse
1869 969 1924 1014 et
1965 960 2186 1016 stultum

606 1056 876 1113 asserunt,
899 1063 963 1103 ac
988 1063 1083 1117 per
1110 1048 1212 1102 hoc
1241 1047 1346 1114 lcgi
1376 1046 1471 1100 Dei
1495 1047 1598 1102 hoc
1626 1047 1859 1102 studium
1885 1049 2185 1119 subjectum

604 1154 727 1193 esse
775 1154 880 1193 non
929 1147 1139 1207 potest,
1184 1138 1240 1191 in
1279 1152 1345 1192 eo
1393 1138 1536 1207 quod
1576 1140 1949 1208 exercitatur,
2003 1151 2061 1196 ut
2090 1144 2184 1198 Dei

606 1232 773 1302 gestis
809 1239 1089 1302 repugnet.

678 1319 780 1384 Qui
810 1320 946 1372 enim
970 1320 1024 1372 in
1046 1335 1204 1372 carne
1230 1327 1351 1372 sunt
1381 1317 1492 1373 Deo
1537 1319 1741 1390 placere
1784 1335 1887 1372 non
1924 1328 2182 1389 possunt:

606 1426 691 1463 uos
725 1419 898 1462 autem
941 1425 1042 1463 non
1067 1411 1188 1463 estis
1215 1410 1270 1463 in
1301 1426 1457 1463 carne
1483 1411 1573 1464 sed
1601 1411 1654 1463 in
1682 1411 1891 1481 spiritu,
1921 1412 1966 1464 si
2009 1421 2184 1464 tamen

608 1501 839 1572 Spiritus
877 1502 972 1556 Dei
1010 1502 1207 1556 habitat
1239 1504 1293 1557 in
1339 1504 1501 1558 vobis.
1549 1503 1743 1576 (Orig.)
1787 1503 1888 1570 Qui
1928 1503 1982 1557 in
2020 1517 2185 1560 carne

609 1601 753 1658 sunt,
777 1593 970 1663 inquit,
993 1595 1094 1650 hoc
1116 1604 1219 1661 est,
1248 1595 1340 1665 qni
1368 1597 1663 1651 secundum
1683 1595 1918 1652 litteram
1949 1610 2185 1666 sequun-

609 1695 695 1740 tur
739 1686 928 1754 legem,
977 1685 1088 1740 Deo
1126 1686 1338 1755 placere
1369 1702 1474 1742 non
1509 1696 1733 1758 possunt
1763 1704 1776 1740 :
1827 1687 1929 1742 hoc
1955 1689 2101 1742 enim
2130 1699 2184 1742 et

2285 503 2428 566 estis,
2476 503 2671 572 inquit,
2717 504 2771 557 in
2804 521 2961 557 carne
2983 544 2998 568 ,
3029 505 3121 558 sed
3147 506 3199 558 in
3226 505 3413 574 spiritu,
3434 510 3471 560 si
3495 520 3632 565 tamen
3659 513 3739 584 Spi-

2287 592 2418 644 ritus
2447 591 2545 646 Dei
2571 591 2772 645 habitat
2795 593 2850 646 in
2879 593 3036 646 vobis.
3072 594 3254 663 (Αιις.)
3284 593 3388 650 Non
3409 600 3519 652 estis
3545 601 3586 654 in
3611 618 3740 668 e'irue,

2285 680 2409 748 quia
2448 695 2555 734 non
2594 679 2771 735 facitis
2807 696 2968 750 opera
3008 683 3192 736 carnis
3239 686 3574 740 consentientlo
3603 705 3740 744 concu-

2284 770 2563 840 piscentia:
2588 772 2770 826 carnis
2803 790 2816 825 :
2851 774 2942 827 sed
2972 774 3105 827 estis
3156 774 3207 827 in
3240 775 3444 842 spiritu,
3479 777 3580 844 quia
3611 795 3739 834 secun-

2285 861 2412 915 dum
2452 859 2768 916 interiorem
2812 861 3084 916 hominem
3117 863 3528 919 condelcctamini
3555 867 3632 938 legi
3654 869 3741 932 Dei,

2284 952 2378 1006 sed
2414 953 2516 1007 hoc
2541 961 2656 1017 est,
2688 955 2734 1007 si
2760 963 2934 1006 tamen
2965 952 3194 1023 Spiritus
3236 955 3328 1008 Dei
3362 956 3533 1011 habitat
3558 960 3600 1012 in
3633 962 3738 1016 tabis.

2285 1041 2420 1096 Nam
2450 1044 2495 1099 si
2523 1044 2588 1098 de
2611 1044 2805 1112 spiritu
2832 1053 3010 1098 vestro
3031 1047 3371 1114 praesumitis,
3409 1048 3554 1102 adhuc
3575 1050 3616 1102 in
3638 1067 3742 1106 carne

2283 1128 2424 1188 estis
2451 1151 2464 1186 :
2499 1134 2543 1188 si
2575 1133 2701 1206 [sic]
2735 1151 2863 1204 ergo
2893 1135 3094 1189 habitet
3124 1136 3416 1202 arbitrium,
3446 1146 3495 1190 ut
3533 1138 3742 1208 ituploretis

2284 1224 2562 1278 auxilium.
2598 1226 2659 1278 Si
2685 1226 2988 1290 tamen,ait,
3019 1223 3246 1294 Spiritus
3279 1226 3368 1280 Dei
3385 1228 3554 1280 habitat
3578 1231 3617 1280 in
3640 1233 3742 1284 robii.

2285 1311 2521 1384 (Ambr.)
2537 1313 2649 1367 lloc
2670 1313 2788 1367 ideo
2813 1314 2913 1368 sub
2933 1315 3283 1384 ambiguitate
3305 1316 3557 1386 dicit,quia
3574 1318 3614 1371 in
3631 1318 3742 1389 legem

2286 1402 2489 1458 inducti
2520 1419 2623 1458 non
2657 1404 2832 1458 adhuc
2862 1405 3119 1474 perfecta:
3150 1414 3302 1459 erant
3331 1406 3462 1470 ﬁdei,
3487 1407 3564 1461 sed
3590 1423 3694 1476 spem
3708 1408 3739 1459 in

2284 1491 2364 1546 eis
2392 1491 2607 1547 videbat
2632 1493 2987 1562 perfectionis
3019 1512 3032 1548 :
3059 1494 3201 1550 unde
3231 1494 3494 1565 aliquando
3517 1497 3636 1566 quasi
3666 1514 3741 1567 per-

2286 1582 2440 1638 fectis
2495 1583 2762 1653 loquitur,
2825 1585 3117 1654 aliquando
3166 1587 3320 1656 qttasi
3351 1586 3648 1657 perlecturis;
3680 1589 3743 1641 hoc

2284 1686 2388 1744 est,
2437 1675 2724 1745 aliquando
2769 1677 2970 1742 laudat,
3019 1678 3310 1748 aliquando
3335 1688 3622 1741 commouet,
3651 1681 3740 1732 utsi

604 1776 733 1830 olim
771 1792 868 1845 per
900 1777 1089 1831 Isaiam
1124 1781 1527 1847 pronuntiatum
1553 1789 1687 1835 csta
1714 1780 1980 1846 Deo,cum
2001 1779 2130 1835 dicit
2164 1799 2176 1834 ε
2212 1767 2256 1827 Β
2285 1768 2580 1823 secundum
2633 1784 2795 1839 supra
2843 1779 3143 1824 memorata
3175 1780 3439 1825 versentur
3476 1770 3598 1838 juxta
3632 1771 3739 1838 legem

603 1867 817 1936 Jejunia
845 1878 892 1921 et
920 1869 1099 1938 ferias,
1125 1879 1170 1922 et
1201 1870 1335 1924 diem
1368 1888 1611 1942 magnum
1645 1881 1869 1926 vestrum
1908 1889 2010 1927 non
2063 1890 2178 1928 sus-

604 1955 742 2008 tineo
769 1972 789 2020 ;
817 1957 1114 2010 neomenias
1141 1966 1187 2010 et
1237 1957 1454 2011 sabbata
1505 1969 1671 2013 vestra
1707 1960 1814 2014 odit
1847 1961 2026 2015 anima
2064 1979 2177 2015 mea

607 2047 744 2117 (lsa.
772 2046 832 2118 ι).
860 2045 966 2102 Sed
996 2062 1112 2113 vos,
1143 2047 1348 2117 inquit,
1399 2049 1450 2104 in
1481 2051 1676 2119 quibus
1707 2050 1938 2121 Spiritus
1963 2053 2054 2107 Dei
2084 2053 2180 2108 ha-

606 2140 764 2204 bitat,
797 2139 840 2194 si
881 2147 1060 2196 tamen
1099 2140 1328 2206 habitat,
1384 2141 1438 2194 in
1467 2156 1631 2196 carne
1663 2157 1768 2198 non
1792 2142 1944 2208 estis,
1991 2143 2086 2198 sed
2123 2144 2177 2198 in

609 2227 810 2299 Spiritu
838 2269 854 2294 ,
883 2229 984 2283 hoc
1013 2237 1131 2293 est,
1161 2245 1266 2284 non
1298 2229 1701 2301 intelligentiam
1745 2232 2016 2288 carnalem
2047 2233 2180 2304 legis

607 2319 924 2388 sequimini,
972 2319 1066 2374 sed
1121 2320 1456 2389 spiritalem,
1495 2337 1592 2392 per
1636 2337 1797 2392 quam
1849 2324 2074 2379 venistis
2113 2325 2181 2380 ad

611 2409 874 2480 Spiritum
915 2410 1297 2477 viviﬁcantem,
1349 2411 1393 2466 si
1432 2420 1611 2468 tamen
1643 2421 1796 2469 actus
1832 2415 1998 2469 vestri
2048 2415 2181 2471 tales

608 2503 810 2567 sint,et
833 2502 1192 2568 conversatio,
1219 2512 1280 2557 ut
1317 2502 1575 2572 Spiritum
1604 2503 1695 2558 Dei
1725 2503 1779 2558 in
1807 2505 1960 2559 vobis
1983 2505 2182 2561 habere

613 2594 945 2648 utereainini.
978 2595 1033 2647 ln
1062 2593 1196 2649 duas
1224 2609 1353 2665 ergo
1379 2635 1393 2660 ,
1446 2604 1506 2648 ut
1532 2595 1795 2663 diximus,
1828 2605 2008 2666 partes
2044 2598 2180 2653 divi-

611 2687 744 2740 deus
772 2685 941 2755 legem
967 2685 1174 2757 Moysi,
1221 2686 1271 2742 id
1312 2695 1412 2750 est,
1447 2687 1499 2742 in
1539 2688 1788 2757 spiritum
1827 2699 1882 2743 et
1911 2704 2130 2744 carnem
2165 2731 2181 2755 ,

612 2789 734 2844 qua:
770 2781 895 2828 sunt
938 2775 1179 2843 spiritus,
1210 2775 1335 2844 quia
1361 2783 1416 2830 et
1440 2775 1734 2844 spiritalem
1782 2776 1954 2848 legem
1997 2778 2180 2848 appel-

613 2866 761 2931 lavit,
801 2866 1059 2936 nobisque
1097 2867 1354 2922 tradidit:
1389 2883 1507 2938 qua:
1536 2882 1665 2923 vero
1685 2868 1868 2924 carnis
1892 2878 2012 2923 sunt
2059 2884 2181 2924 car-

617 2958 831 3013 nalibus
870 2957 1069 3013 Jutlaeis
1115 2957 1349 3027 reliquit.
1411 2958 1637 3031 (Ambr.)
1677 2957 1891 3014 Aliter:
1925 2959 1979 3013 in
2020 2973 2183 3014 carne

611 3057 736 3103 sunt
778 3048 1050 3117 sapientes
1080 3048 1305 3112 mundi,
1361 3048 1486 3117 quia
1537 3048 1886 3118 respicientes
1924 3049 2179 3104 mundum

612 3139 839 3210 spiritali
868 3139 1141 3208 sapientia:
1171 3139 1450 3203 resistunt,
1467 3139 1592 3208 quia
1623 3148 1769 3194 totus
1793 3140 2023 3195 mundus
2056 3156 2182 3196 caro

611 3239 696 3287 est
725 3248 738 3284 :
765 3245 925 3286 omne
973 3230 1116 3286 enim
1159 3231 1369 3286 visibile
1403 3231 1554 3286 carni
1587 3231 1914 3302 deputatur;
1954 3241 2183 3302 cognata

612 3322 756 3377 enim
795 3331 919 3377 sunt
944 3321 1141 3384 carnis,
1176 3321 1284 3376 imo
1313 3321 1578 3377 elementa
1595 3323 1777 3377 carnis
1805 3341 1816 3375 :
1845 3322 2072 3392 ideoque
2093 3323 2182 3392 qui

614 3416 897 3472 mundanis
951 3415 1110 3470 rebus
1161 3416 1514 3485 obtemperat,
1564 3415 1806 3472 incarne
1849 3426 1950 3473 est.
2004 3418 2186 3491 (Aug.)

613 3509 744 3562 item
781 3508 832 3560 in
877 3522 1041 3561 carne
1067 3514 1190 3560 sunt
1214 3506 1306 3575 qui
1329 3506 1380 3560 in
1403 3521 1569 3562 carne
1603 3508 1898 3572 conﬁdunt,
1936 3509 2026 3580 qui
2054 3525 2184 3563 con-

613 3597 974 3668 cupisccntias
1001 3611 1127 3651 suas
1153 3605 1470 3666 sequuntur,
1501 3598 1592 3667 qui
1619 3597 1670 3652 in
1694 3598 1780 3653 liis
1803 3599 2070 3666 habitant,
2093 3602 2184 3670 qui

611 3704 798 3745 earum
838 3688 1202 3757 voluptatibus
1247 3687 1622 3754 oblectantur,
1650 3690 1741 3760 qui
1771 3691 1824 3744 in
1869 3705 2055 3746 earum
2097 3692 2188 3747 de-

613 3779 992 3835 lectationibus
1032 3779 1244 3833 beatam
1272 3777 1592 3850 felicemque
1622 3781 1786 3836 vitam
1810 3782 2141 3837 constituunt
2170 3800 2183 3836 :

617 3870 717 3940 ipsi
745 3869 889 3925 enim
919 3869 972 3924 in
1013 3883 1176 3923 carne
1219 3877 1364 3934 sunt,
1394 3868 1506 3925 Deo
1547 3869 1758 3940 placere
1797 3886 1901 3926 non
1941 3881 2184 3942 possunt.

615 3963 730 4017 Non
769 3963 914 4016 enim
949 3961 1152 4016 dictum
1189 3970 1312 4027 est,
1362 3962 1453 4031 qui
1503 3971 1684 4018 autem
1731 3979 1858 4019 caro
1909 3973 2036 4020 sunt
2079 3966 2189 4022 Deo

615 4053 830 4124 placere
865 4067 970 4106 non
996 4058 1240 4121 possunt,
1268 4052 1424 4120 quasi
1452 4052 1651 4107 dictum
1679 4062 1842 4108 esset‘
1869 4053 1921 4108 in
1951 4056 2052 4110 hac
2082 4056 2188 4109 vita

613 4160 738 4200 cum
775 4152 898 4200 sunt
929 4138 1175 4197 homines
1217 4142 1325 4197 Deo
1370 4143 1583 4212 placere
1628 4160 1734 4199 non
1787 4155 2032 4215 possunt.
2091 4145 2188 4201 Vos

613 4244 789 4290 autem
827 4250 931 4288 non
971 4234 1092 4287 estis
1122 4233 1175 4286 iu
1200 4249 1376 4296 carne,
1407 4233 1498 4287 sed
1522 4233 1576 4287 in
1614 4235 1819 4304 spiritu.
1849 4235 2080 4306 (Ambr.)
2131 4237 2188 4292 In

615 4341 780 4381 carne
825 4325 985 4394 positi
1027 4323 1276 4379 dicuntur
1312 4339 1417 4378 non
1452 4339 1572 4379 esse
1603 4325 1656 4379 in
1687 4340 1874 4390 carne,
1915 4327 1958 4381 si
1995 4342 2186 4382 assen-

617 4415 813 4470 tientes
842 4413 1035 4469 Joanni
1063 4413 1302 4484 apostolo
1345 4415 1616 4469 mundana
1647 4431 1752 4470 non
1779 4416 2040 4488 diligant;
2065 4433 2186 4473 sen-

615 4506 781 4560 tentia
795 4505 934 4560 enim
957 4505 1187 4560 hominis
1209 4519 1358 4559 suam
1373 4506 1525 4574 quasi
1549 4505 1698 4577 lingit
1717 4515 1993 4573 naturam;
2014 4509 2190 4565 utlioc

615 4594 912 4663 appelletur
937 4593 1079 4663 quod
1122 4597 1307 4650 sentit.
1339 4595 1541 4666 (ϐπ-σῃ.)
1571 4596 1753 4668 Neque
1780 4599 1832 4654 in
1865 4614 2031 4655 carne
2079 4616 2184 4656 non

617 4695 773 4740 erant
799 4685 995 4755 quibus
1020 4684 1286 4754 Epistolas
1323 4687 1723 4742 transmittebat
1751 4703 1764 4741 :
1789 4689 1882 4743 sed
1908 4690 2032 4758 quia
2066 4707 2188 4760 pas-

615 4775 794 4830 siones
821 4774 1118 4828 carnalium
1145 4773 1532 4829 desideriorum
1576 4776 1847 4842 viccrant,
1886 4776 1997 4845 jam
2035 4780 2187 4836 liberi

616 4882 711 4938 per
764 4869 1017 4922 virtutem
1069 4865 1288 4935 spiritus
1329 4865 1381 4920 in
1437 4882 1598 4921 carne
1645 4884 1750 4922 non
1801 4880 1989 4937 erant;
2036 4874 2188 4942 quasi

616 4960 721 5028 iam
747 4973 851 5014 non
883 4957 934 5012 in
961 4971 1124 5012 carne
1151 4972 1270 5012 esse
1299 4964 1400 5023 est,
1426 4958 1490 5012 de
1519 4972 1700 5015 amore
1726 4962 2023 5017 carnalium
2055 4965 2187 5020 nihil

617 5049 836 5104 habere.
870 5047 1020 5114 Quod
1047 5062 1175 5118 ergo
1194 5047 1390 5102 Paulus
1410 5048 1684 5117 apostolus
1707 5050 1836 5104 dicit
1861 5069 1872 5104 :
1903 5051 2038 5116 Quia
2062 5071 2186 5108 caro

615 5151 662 5195 et
676 5141 889 5210 sanguis
913 5156 1121 5210 regnum
1136 5138 1232 5192 Dei
1248 5139 1511 5209 possidere
1525 5157 1626 5194 non
1639 5153 1850 5210 possunt
1868 5142 1918 5214 (I
1932 5143 2052 5198 Cor.
2069 5145 2180 5217 xv);

616 5245 833 5287 carnem
861 5229 974 5286 vult
997 5231 1289 5284 secundum
1317 5230 1527 5300 culpam
1555 5231 1797 5302 intelligi,
1826 5249 1930 5286 non
1963 5250 2181 5290 carnem

617 5322 908 5379 secundum
939 5329 1220 5385 naturam;
1253 5321 1393 5375 unde
1419 5329 1474 5374 et
1501 5336 1619 5374 mox
1643 5362 1656 5385 ,
1698 5323 1823 5391 quia
1853 5338 2069 5378 carnem
2099 5341 2183 5380 se-

616 5411 848 5467 cundum
869 5409 1078 5479 culpam
1105 5409 1308 5463 (liceret
1332 5410 1584 5471 ostendit,
1616 5411 1870 5476 subdens,
1891 5429 2050 5483 neque
2073 5431 2190 5468 cor-

619 5503 786 5570 ruptio
808 5498 1210 5568 incorruptelam
1252 5499 1552 5569 possidebit.
1586 5498 1642 5552 ln
1683 5499 1769 5554 illa
1799 5516 1928 5571 ergo
1951 5503 2191 5558 cmlestis

622 5590 770 5657 regni
802 5590 969 5660 gloria
1006 5604 1133 5643 caro
1167 5590 1462 5644 secundum
1514 5598 1760 5645 naturam
1813 5595 1918 5647 erit
1938 5633 1952 5658 ,
1985 5593 2077 5649 sed
2107 5609 2192 5650 se-

619 5675 849 5731 cundum
875 5679 1140 5749 passionis
1175 5677 1440 5736 desideria
1491 5693 1600 5735 non
1643 5682 1778 5750 erit,
1813 5683 1940 5754 quia
1979 5683 2189 5741 devicto

2217 4465 2264 4523 υ

2283 1868 2506 1920 natum,
2547 1859 2596 1913 in
2641 1860 2827 1930 spiritu
2865 1875 2986 1914 esse
3037 1862 3307 1925 dicantur,
3351 1861 3463 1929 quia
3488 1861 3666 1928 Spiritus
3685 1861 3740 1914 llei

2284 1949 2338 2004 in
2369 1965 2434 2004 eo
2464 1949 2710 2004 habitare
2751 1967 2856 2006 non
2889 1960 3070 2020 potest
3097 1951 3189 2020 qui
3226 1951 3445 2005 carnalia
3471 1952 3674 2019 sequitur.

2351 2040 2410 2096 Si
2437 2059 2551 2112 qu‘s
2583 2042 2839 2112 Spiritum
2861 2041 3057 2096 Christi
3080 2060 3183 2096 non
3205 2042 3372 2107 habet,
3395 2043 3467 2094 hic
3485 2058 3566 2092 non
3589 2051 3642 2093 est
3655 2041 3740 2108 ejus.

2283 2130 2475 2204 (Orig.)
2500 2132 2649 2200 Quod
2679 2133 3054 2188 constantibus
3079 2142 3134 2187 et
3158 2133 3424 2187 dialectica
3459 2142 3556 2186 arte
3580 2132 3742 2185 ριΙΙι-υιὶς

2283 2235 2466 2279 utatur
2511 2225 2832 2295 syllogismis
2874 2225 3154 2294 apostolus
3184 2225 3389 2286 Paulus,
3417 2223 3489 2277 vel
3512 2224 3552 2276 in
3575 2224 3650 2276 hoc
3670 2222 3743 2273 loto

2282 2317 2364 2371 vel
2389 2318 2438 2370 in
2459 2317 2578 2372 aliis
2613 2317 2864 2387 Epistolis
2885 2317 3018 2382 suis,
3039 2332 3146 2372 non
3171 2319 3298 2371 mihi
3323 2333 3450 2372 nunc.
3471 2316 3741 2386 exponendum

2282 2411 2510 2474 videtur,
2551 2426 2618 2464 ne
2651 2408 2790 2464 forte
2833 2425 2935 2463 non
2971 2419 3084 2463 tam
3131 2409 3363 2464 scientia:
3398 2409 3500 2478 ejus
3527 2421 3742 2476 quamser-

2283 2499 2476 2564 mouis,
2505 2500 2556 2553 itt
2586 2516 2690 2569 quo
2720 2514 2824 2554 non
2869 2500 2983 2554 vult
3030 2515 3091 2554 se
3122 2501 3346 2570 peritum
3393 2500 3502 2562 dici,
3535 2506 3744 2552 assertores

2281 2607 2402 2648 esse
2433 2594 2748 2658 videamur;
2779 2604 2830 2647 et
2853 2593 2973 2647 ideo
3007 2595 3272 2664 propositi
3298 2595 3454 2663 magis
3475 2592 3645 2662 capituli
3664 2606 3742 2642 scn-

2283 2699 2400 2738 sum
2424 2683 2691 2737 discutere
2715 2684 3129 2752 properabimus
3175 2685 3226 2737 in
3256 2682 3593 2754 superioribus,
3612 2681 3674 2732 tibi
3693 2680 3743 2728 di-

2282 2776 2396 2829 xit:
2438 2774 2536 2829 Vos
2567 2786 2739 2829 autent
2767 2775 2818 2828 in
2865 2793 3023 2830 carne
3053 2793 3156 2830 non
3197 2778 3337 2840 estis,
3363 2775 3442 2829 sed
3466 2776 3511 2827 in
3541 2769 3743 2841 spirits;si

2283 2877 2459 2920 tamen
2512 2868 2728 2938 spiritus
2775 2867 2872 2921 Dei
2901 2868 3108 2922 habitat
3157 2869 3210 2922 in
3250 2869 3400 2932 vobis,
3448 2865 3607 2935 duplici
3643 2860 3743 2917 modo

2282 2958 2408 3028 quid
2444 2966 2527 3012 est
2555 2959 2607 3013 in
2631 2959 2817 3029 spiritu
2843 2974 2965 3016 esse
2993 2961 3412 3031 explanavimus,
3433 2959 3478 3012 id
3503 2965 3584 3018 est,
3607 2953 3665 3007 vel
3695 2953 3742 3004 le-

2283 3063 2404 3114 gem
2430 3064 2534 3103 non
2565 3050 2857 3105 secundum
2887 3050 3124 3107 litteram
3141 3051 3234 3107 sed
3255 3049 3517 3106 secundum
3540 3042 3743 3117 spiritalem

2285 3154 2500 3194 sensum
2554 3140 2868 3211 intelligere,
2925 3141 3010 3197 vel
3058 3143 3222 3197 etiam
3272 3138 3558 3196 mortiﬁcata
3594 3147 3745 3202 corpore

2285 3231 2508 3302 spiritus
2535 3239 2717 3286 etnon
2749 3232 2930 3286 carnis
2968 3231 3181 3303 legibus
3220 3233 3423 3291 vivere:
3452 3238 3628 3283 einunc
3648 3237 3744 3286 erro,

2285 3321 2426 3391 quod
2454 3321 2584 3377 dicit
2608 3340 2621 3374 :
2651 3320 2711 3376 Si
2743 3322 2860 3392 quis
2881 3332 3055 3376 autem
3077 3324 3311 3393 spiritum
3347 3320 3516 3374 Christi
3538 3313 3744 3369 nonttabtt.

2285 3411 2368 3465 hic
2395 3429 2498 3465 non
2522 3421 2595 3464 est
2621 3410 2757 3480 ejus,
2799 3419 2855 3465 et
2881 3409 3198 3482 subiungit:
3249 3409 3306 3465 Si
3337 3419 3491 3462 autem
3524 3398 3746 3458 Christiani

2286 3501 2426 3554 vobis
2453 3511 2544 3564 est,
2577 3501 2957 3568 requirendum
2987 3511 3074 3555 est
3114 3512 3290 3556 utrutn
3319 3500 3554 3554 diversum
3586 3493 3650 3551 sit,
3674 3487 3744 3556 spi-

2288 3590 2447 3644 ritum
2478 3591 2570 3644 Dei
2608 3605 2726 3645 esse
2775 3591 2828 3644 in
2879 3590 3083 3661 aliquo,
3132 3608 3199 3646 an
3229 3590 3468 3660 Spiritum
3509 3581 3677 3643 Christi,
3695 3579 3745 3627 id

2285 3678 2447 3733 etiam
2475 3679 2648 3746 ipsum
2692 3677 2988 3744 Christum,
3014 3687 3109 3733 aut
3155 3679 3400 3750 Spiritum
3423 3676 3523 3743 eius
3545 3671 3618 3742 qui
3634 3666 3743 3724 arsei-

2287 3770 2423 3823 tavit
2448 3767 2630 3823 Jesnm
2656 3784 2686 3822 a
2717 3770 2960 3824 mortuis.
3006 3767 3116 3826 Sed
3143 3779 3388 3841 quantum
3414 3766 3487 3820 vel
3510 3771 3746 3826 consequen-

2287 3860 2418 3916 tiam
2454 3859 2556 3916 loci
2585 3862 2866 3930 praesentis
2896 3861 3128 3927 intueor,
3173 3861 3256 3917 vel
3282 3861 3398 3916 illud
3420 3857 3540 3929 quod
3574 3851 3744 3907 Salvator

2287 3953 2339 4007 in
2387 3951 2679 4022 Evangelio
2723 3951 2789 4007 de
2834 3951 3037 4021 Spiritu
3091 3962 3278 4008 sancto
3322 3951 3456 4013 dicit,
3499 3937 3746 4016 quial’atrt

2285 4042 2537 4113 procedit,
2595 4053 2642 4096 et
2691 4042 2756 4096 de
2800 4059 2912 4096 meo
2965 4043 3186 4112 accipiet
3241 4041 3408 4112 (loca.
3446 4036 3542 4107 xv),
3579 4026 3743 4093 elhlljns

2286 4134 2435 4188 Verbi
2483 4133 2915 4203 explanationem
2971 4134 3024 4187 in
3081 4131 3506 4202 consequentibus
3524 4122 3660 4194 jungit
3692 4117 3743 4169 di-

2287 4241 2451 4281 cens:
2485 4225 2662 4289 Pater,
2712 4227 2885 4280 omnia
2927 4243 3040 4280 mea
3067 4237 3163 4282 tua
3211 4235 3348 4290 sunt,
3368 4234 3410 4278 et
3443 4234 3519 4276 tua
3547 4234 3633 4272 mea
3650 4219 3739 4264 πίνειν

2285 4327 2555 4387 propterea
2599 4317 2733 4381 dixi,
2775 4318 2898 4387 quia
2943 4318 3007 4372 de
3042 4334 3159 4372 nteo
3204 4318 3423 4386 accipiet,
3462 4326 3562 4366 cum
3603 4310 3741 4359 tantam

2289 4406 2427 4460 hanc
2467 4406 2688 4461 unitatis
2717 4408 2857 4461 inter
2898 4406 3114 4463 Patrem
3143 4418 3198 4464 et
3234 4407 3412 4462 Filium
3445 4399 3609 4470 aspicio
3632 4391 3741 4448 ratio-

2291 4512 2436 4561 nem,
2465 4495 2698 4568 Spiritus
2751 4497 2867 4562 Dei,
2913 4509 2967 4554 et
2998 4497 3234 4568 Spiritus
3280 4495 3483 4555 Christi,
3506 4502 3617 4543 unus
3637 4491 3740 4548 aliiue

2291 4587 2430 4642 idem
2459 4589 2591 4644 mihi
2623 4589 2857 4659 Spiritus
2883 4591 2987 4645 dici
3015 4591 3253 4646 videtur:
3285 4597 3535 4660 possumus
3555 4588 3691 4666 tamen
3706 4578 3738 4666 (ξι

2290 4678 2393 4734 hoc
2417 4680 2575 4734 modo
2605 4679 2924 4752 intelligere,
2955 4683 3097 4750 quod
3123 4682 3255 4737 dixit
3275 4659 3297 4733 εί
3319 4678 3370 4732 Si
3389 4675 3491 4747 quis
3515 4679 3650 4725 autem
3664 4659 3736 4726 5P“

2290 4774 2448 4826 ritum
2474 4773 2668 4828 Christi
2693 4791 2793 4826 non
2823 4775 2994 4838 habet,
3019 4776 3104 4828 hic
3131 4792 3231 4829 non
3250 4783 3318 4827 est
3356 4771 3475 4841 ejus,
3509 4762 3608 4834 quia
3628 4767 3665 4810 ct
3687 4766 3735 4803 rc-

2289 4879 2416 4918 vcra
2450 4865 2677 4932 abrrpte
2713 4867 3133 4933 pronuntiatum
3165 4866 3382 4926 videtur,
3411 4867 3464 4914 ut
3488 4857 3524 4911 si
3548 4851 3645 4942 quis

2297 4964 2497 5019 tantus,
2525 4965 2577 5009 et
2599 4955 2723 5008 talis
2750 4970 2870 5010 csse
2902 4958 3178 5019 meruerit,
3229 4955 3316 5025 qui
3359 4949 3580 5020 Spiritum
3603 4938 3734 4993 Clitis"

2295 5046 2492 5100 habere
2523 5046 2714 5117 dignus
2753 5048 2844 5110 sit,
2881 5049 3136 5102 continuo
3172 5045 3358 5102 Christi
3385 5055 3489 5094 esse
3511 5034 3733 5126 denegelllb

2293 5152 2414 5192 cum
2445 5139 2495 5192 in
2528 5137 2752 5192 Psalmis
2777 5138 2956 5194 dicat:
3001 5138 3129 5193 Mea:
3172 5147 3283 5192 sunt
3321 5147 3477 5189 omnes
3511 5126 3610 5194 ferre
3633 5115 3736 5170 silea-

2293 5245 2429 5294 rum,
2454 5229 2694 5298 jumenta
2727 5233 2781 5283 in
2824 5231 3101 5294 utentibus,
3131 5239 3176 5284 et
3220 5228 3357 5282 boves
3385 5219 3530 5294 (Psal.
3553 5209 3677 5274 XLIX),
3700 5209 3734 5253 θί

2292 5317 2338 5372 si
2363 5317 2506 5381 ferae,
2545 5326 2598 5370 et
2615 5316 2858 5385 jumenta
2887 5317 3002 5387 ejus
3029 5327 3168 5382 sunt,
3191 5313 3434 5385 quomodo
3459 5304 3650 5364 homines
3666 5303 3734 5390 uti“

2287 5416 2414 5464 sunt
2443 5379 2592 5475 ejus?
2615 5379 2718 5462 Sed
2741 5379 2936 5478 potest,
2968 5418 3025 5464 ut
3050 5379 3176 5471 dixi,
3201 5379 3294 5462 hoc
3315 5405 3385 5459 sic
3411 5392 3611 5462 intelligi,
3633 5393 3674 5438 ut
3693 5379 3732 5432 il-

2287 5501 2377 5556 lud
2400 5502 2453 5556 in
2477 5501 2802 5572 Evangelio:
2842 5504 2944 5568 Qui
2991 5520 3092 5558 non
3115 5503 3240 5557 tollit
3267 5513 3446 5554 crucem
3470 5501 3606 5545 suam,
3627 5489 3730 5533 et“:

2283 5593 2461 5662 quitur
2483 5609 2586 5656 me,
2614 5609 2717 5647 non
2738 5602 2812 5646 est
2837 5611 2917 5648 me
2939 5595 3125 5666 dignus
3149 5591 3345 5664 (Matth.
3367 5587 3417 5658 Χ)
3439 5602 3451 5649 ἶ
3479 5590 3524 5636 εί
3542 5577 3609 5632 hic
3628 5579 3727 5674 FQ?"

2285 5684 2377 5756 qui
2426 5699 2530 5741 non
2582 5687 2747 5743 habet
2774 5685 3035 5757 Spiritum
3075 5685 3288 5752 Christi,
3316 5681 3407 5737 hoc
3446 5683 3533 5738 est,
3572 5668 3640 5737 qui
3661 5668 3730 5712 non
