4026 6180
332 249 486 306 ,ωε

872 248 1417 307 exanmrtouuu
1454 250 1521 306 ιε
1562 250 1709 308 ere.
1747 252 1954 310 rsum
1984 252 2113 309 mu.
2146 253 2238 309 tv.
2277 282 2348 292 -
2374 229 2450 308 ix
2487 250 2706 308 EPIST.
2741 248 2835 309 AD
2872 250 3041 310 nou.

3418 246 3589 311 'lild

346 362 534 416 eodem
585 364 777 430 spiritu
829 360 1006 431 agitur
1047 371 1103 415 et
1148 374 1247 429 pro
1266 358 1504 429 justitia,
1550 376 1650 431 pro
1674 362 1924 428 veritate,
1952 366 2003 427 Α
2028 375 2088 419 se
2117 376 2216 432 per
2241 360 2501 431 Spiritum
2544 360 2678 431 ejus,
2708 362 2799 432 qui
2846 358 3124 419 suscitavit
3164 362 3348 421 Jesum
3390 380 3422 423 a
3452 381 3595 423 mor-

343 471 443 525 pro
470 454 634 507 verbo
658 453 753 509 Dei
775 454 1161 519 annuntiando,
1191 471 1286 525 pro
1309 471 1474 527 regno
1498 456 1754 512 caelorum
1782 472 1922 526 prat-

343 541 592 606 dicando,
649 557 747 613 pro
776 541 959 597 littera
1009 544 1142 614 legis
1195 545 1516 616 abjicienda,
1560 555 1615 601 et
1669 547 1918 617 spiritum

342 633 458 703 ejus
484 634 795 707 aperiendo,
842 649 944 704 pro
976 636 1275 690 resistendo
1302 637 1586 692 adversum
1614 646 1915 707 peccatum,

344 740 440 795 pro
462 724 547 779 his
568 723 837 789 omnibus,
865 725 958 794 qui
1006 740 1113 779 non
1145 741 1316 795 usque
1363 726 1430 780 ad
1458 737 1687 781 mortem
1735 726 1953 801 venire.

343 822 564 884 paratus
596 821 700 879 est,
743 828 849 867 non
892 821 976 869 est
1018 812 1134 883 ejus
1179 816 1492 886 discipulus.
1521 816 1621 884 Qui
1662 832 1790 889 ergo
1814 814 1949 882 nou‘S

343 911 428 959 est
454 903 590 967 talis,
621 917 721 959 nec
749 902 906 958 talem
927 903 981 959 in
1012 919 1072 959 se
1099 905 1349 975 Spiritum
1378 906 1537 977 gerit,
1561 908 1648 962 hic
1667 916 1918 963 creatura

344 995 561 1068 quidem
592 996 708 1067 ejus
730 1004 835 1061 est,
866 997 1006 1052 sicut
1040 996 1167 1053 ferae
1201 999 1477 1065 silvarum,
1506 1008 1560 1054 et
1598 999 1842 1068 jumenta
1863 998 1919 1053 in

342 1086 639 1152 montibus,
691 1091 747 1141 et
794 1086 982 1152 boves,
1036 1088 1129 1143 sed
1166 1088 1461 1159 discipulus
1497 1087 1617 1157 ejus
1669 1104 1775 1143 non
1809 1096 1914 1144 est.

344 1175 436 1232 Sic
462 1191 631 1248 ergo:
691 1176 753 1237 Si
795 1180 909 1249 quis
952 1178 1207 1249 Spiritum
1246 1178 1436 1235 Christi
1481 1197 1583 1235 non
1632 1181 1807 1246 liabet,
1834 1180 1918 1235 hic

342 1286 446 1324 non
470 1280 544 1324 est
565 1270 697 1341 ejus.
731 1270 964 1343 (Ambr.)
1016 1272 1229 1328 Duabus
1255 1275 1395 1327 en'm
1414 1288 1485 1328 ex
1515 1274 1694 1329 causis
1720 1274 1920 1329 deserit

342 1358 613 1415 horninem
655 1359 891 1430 Spiritus
927 1370 1162 1427 sanctus,
1205 1379 1326 1418 cum
1359 1372 1450 1427 aut
1493 1379 1711 1419 sensum
1737 1365 1918 1421 carnis

324 1436 519 1514 habet,
542 1458 635 1504 aut
667 1459 839 1521 gesta.
872 1451 1057 1521 Itaque
1092 1444 1199 1523 pcr‘
1228 1454 1341 1509 haec
1368 1454 1435 1509 ad
1470 1454 1663 1509 bonam
1692 1468 1917 1511 conver-

338 1538 603 1593 sationem
641 1538 932 1611 compcllit,
962 1542 1089 1611 quia
1114 1544 1362 1613 quamvis
1390 1544 1632 1601 bonitate
1682 1544 1779 1600 Dei
1804 1545 1914 1600 eri-

339 1639 535 1700 gantur
563 1631 827 1698 homines,
854 1647 956 1686 non
987 1632 1322 1688 honorantur
1347 1642 1526 1690 tamen
1555 1634 1650 1689 lilii
1681 1635 1775 1690 Dei
1814 1650 1915 1692 vo-

2023 454 2130 509 tuis
2163 454 2513 511 viviﬁcandos
2558 468 2678 510 esse
2723 463 2778 509 et
2816 454 2885 510 ad
2938 453 3138 510 Christi
3189 455 3590 513 similitudinem

2019 547 2421 603 resuscitandos
2449 562 2480 601 a
2507 548 2734 602 mortuis
2760 564 2774 613 ;
2804 555 2861 601 et
2886 555 3150 616 quatenus
3177 546 3231 601 id
3268 547 3380 616 ﬁat,
3411 556 3592 604 osten-

2018 635 2098 695 dit
2120 636 2324 701 dicens,
2377 644 2598 706 propter
2649 636 3035 691 inhabitantem
3086 636 3344 705 Spiritum
3394 636 3509 704 ejus
3537 638 3592 693 in

2017 727 2190 781 vobis.
2223 725 2278 781 Si
2306 728 2447 782 enim
2488 726 2721 795 Spiritus
2745 726 2946 782 Christi
2986 727 3189 781 habitat
3216 727 3268 781 in
3310 729 3460 783 vobis
3500 743 3594 783 ne-

2019 821 2310 877 cessarium
2335 821 2547 876 videtur
2572 819 2794 891 Spiritui
2841 824 2989 877 reddi
3039 824 3402 878 habitaculum
3434 839 3590 878 suum

2020 911 2382 982 templumque
2430 912 2660 966 restitui.
2710 912 2889 986 (Aug)
2917 914 3015 981 Qui
3048 914 3280 980 timetis,
3309 916 3397 985 qui
3427 917 3590 970 etiam

2017 1014 2116 1070 pro
2139 1001 2250 1070 ipsa
2298 1015 2463 1054 carne
2504 1001 2716 1056 solliciti
2761 1004 2910 1068 estis,
2939 1004 3165 1074 capillus
3204 1005 3397 1075 capitis
3426 1005 3591 1059 vestri

2016 1106 2122 1146 non
2168 1090 2382 1160 peribit.
2431 1091 2601 1145 Adam
2647 1095 2917 1161 peccando
2953 1094 3224 1149 damnavit
3270 1095 3324 1148 in
3364 1103 3588 1150 mortem

2015 1196 2245 1250 corpora
2289 1190 2503 1246 vestra;
2553 1182 2648 1237 sed
2697 1182 2856 1246 Dens,
2894 1184 2937 1239 si
2984 1194 3069 1239 est
3108 1184 3343 1253 Spiritus
3378 1185 3493 1253 ejus
3536 1188 3590 1240 in

2014 1268 2512 1331 vobis."viviticabit
2533 1280 2588 1327 et
2613 1274 2859 1328 mortalia
2905 1290 3129 1345 corpora
3157 1285 3354 1341 vestra,
3407 1278 3485 1332 sic
3531 1278 3594 1330 li-

2016 1362 2297 1418 beraberis
2319 1364 2384 1417 de
2407 1378 2636 1433 corpore
2678 1366 2867 1420 mortis
2910 1365 3088 1436 hujus,
3133 1383 3240 1422 non
3268 1383 3461 1437 corpus
3484 1384 3590 1423 non

2016 1451 2282 1520 habendo,
2336 1455 2419 1508 vel
2470 1454 2697 1510 alterum
2746 1456 3012 1523 habendo,
3065 1458 3157 1514 sed
3213 1474 3318 1513 non
3370 1459 3592 1514 ulterius

2015 1545 2318 1611 moriendo,
2374 1546 2647 1615 viri/icabit
2687 1557 2736 1602 et
2765 1549 3010 1604 mortalia
3049 1566 3268 1621 corpora
3310 1559 3474 1605 uestra
3501 1568 3595 1621 per

2014 1634 2391 1691 inhabitantem
2441 1637 2700 1707 Spiritum
2747 1639 2861 1709 ejus
2906 1641 2960 1694 in
3011 1641 3171 1703 vobis,
3228 1656 3336 1695 non
3373 1651 3594 1711 propter

338 1720 473 1788 cari,
516 1722 620 1779 nisi
650 1723 731 1780 sic
776 1724 1029 1791 vixerint,
1076 1740 1146 1781 ne
1187 1725 1393 1796 indigni
1415 1742 1670 1785 concesso
1698 1729 1915 1785 nomine
1940 1722 1989 1785 Β
2016 1726 2206 1780 merita
2233 1727 2552 1793 νθειΐδιοεεά
2579 1735 2797 1796 Propter
2825 1743 3046 1784 munera
3085 1744 3204 1794 sua.
3235 1734 3446 1800 quando
3478 1746 3593 1785 εονο

336 1812 640 1868 videantur.
672 1812 855 1887 (Aug.)
901 1813 1017 1871 Non
1061 1831 1191 1888 ergo
1216 1832 1275 1872 se
1308 1819 1582 1893 extendat,
1619 1834 1727 1874 non
1751 1834 1812 1875 se
1832 1819 1916 1889 ja-

337 1910 470 1968 ctet,
498 1919 604 1959 non
635 1904 739 1960 sibi
781 1916 995 1977 arroget
1032 1906 1285 1964 virtutem
1339 1910 1613 1979 propriam
1664 1924 1832 1982 egena
1862 1920 1919 1967 ει

336 1992 525 2047 vitiata
556 2001 770 2060 natura,
802 1994 863 2051 Si
900 1997 1017 2066 quis
1064 1995 1319 2067 Spiritum
1362 1998 1556 2053 Christi
1598 2016 1702 2055 non
1739 2000 1911 2067 habet,

337 2096 443 2139 non
472 2097 531 2139 se
555 2082 725 2151 fallat,
766 2085 850 2140 hic
873 2102 975 2141 non
997 2098 1073 2141 est
1099 2088 1233 2156 ejus.
1269 2087 1409 2144 Ecce
1431 2090 1718 2160 adjuvante
1749 2090 1916 2161 ipsius

338 2172 957 2240 misericordia,Chrisli
988 2175 1244 2247 Spiritum
1269 2162 1561 2244 habemus,
1583 2194 1649 2234 ex
1679 2182 1789 2248 ipsa
1816 2180 1915 2235 de-

336 2261 623 2318 lectatione
645 2261 886 2333 justitim,
919 2265 1129 2337 integra
1169 2265 1294 2331 lide,
1323 2267 1585 2323 catholica
1611 2284 1762 2339 pace,
1794 2269 1916 2339 Spi-

336 2359 498 2414 ritum
529 2360 623 2414 Dei
643 2360 798 2415 nobis
824 2360 1000 2415 inesse
1024 2362 1434 2431 cognoscimus:
1469 2364 1561 2418 sed
1581 2364 1708 2433 quid
1731 2365 1797 2419 de
1822 2366 1914 2420 illa

330 2465 501 2506 carne
526 2452 765 2518 mortali,
795 2452 921 2522 quid
951 2452 1018 2507 de
1059 2451 1174 2523 lege
1211 2454 1263 2508 in
1292 2455 1552 2509 membris
1584 2465 1914 2526 repugnante

335 2540 437 2612 legi
467 2541 681 2610 mentis,
733 2543 861 2613 quid
892 2543 966 2598 de
993 2541 1084 2597 illo
1130 2543 1355 2615 gemitu,
1387 2542 1551 2600 Miser
1592 2560 1684 2616 ego
1714 2546 1867 2601 homo
1888 2547 1916 2600 1'

334 2634 459 2687 audi
489 2633 629 2705 quod
654 2635 898 2704 sequitur
923 2652 937 2689 :

409 2720 471 2778 Si
502 2731 677 2778 autem
707 2721 945 2779 Christus
965 2726 1020 2779 in
1042 2726 1181 2783 vobis
1200 2736 1297 2792 est,
1322 2743 1508 2799 corpus
1534 2727 1740 2799 quidem
1768 2746 1913 2784 mor-

334 2822 482 2865 tuum
510 2821 584 2866 est
606 2822 817 2883 propter
834 2827 1123 2886 peceatum,
1149 2820 1365 2886 spiritus
1399 2836 1516 2874 vero
1558 2821 1677 2876 vivit
1704 2831 1914 2893 propter

335 2903 617 2967 iustitiam.
668 2904 863 2981 (0rig.)
894 2905 1154 2978 Spiritum
1188 2908 1411 2975 Christi,
1437 2920 1494 2965 et
1531 2910 1828 2977 Christum,
1857 2912 1912 2967 in

336 2995 440 3049 hoc
465 2994 583 3051 loco
616 3012 776 3052 unum
814 2998 943 3053 mihi
986 3006 1147 3069 atque
1174 2999 1315 3054 idem
1353 3000 1532 3056 dicere
1571 3001 1820 3069 videtur;
1856 3003 1909 3058 in

334 3098 444 3152 quo
464 3099 593 3156 ergo
618 3083 866 3142 Christus
887 3096 991 3153 εει,
1016 3088 1127 3160 ipse
1149 3090 1300 3157 dicit,
1335 3091 1457 3162 quia
1477 3108 1677 3164 semper
1695 3103 1908 3150 mortem
1939 3070 1983 3134 θ

336 3174 532 3229 Christi
553 3176 605 3229 in
636 3193 850 3248 corpore
879 3189 1055 3234 nostro
1084 3180 1498 3252 circumferimus
1519 3199 1539 3248 ,'
1562 3199 1709 3239 mors
1731 3192 1909 3242 autem

329 3263 551 3333 corpori
575 3266 780 3335 peccati
822 3282 1004 3333 causa,
1035 3268 1086 3323 id
1132 3279 1235 3336 est,
1264 3284 1331 3325 ne
1359 3280 1564 3341 peccet,
1598 3272 1908 3344 imponitur.

312 3354 489 3422 Quod
512 3356 558 3411 si
584 3370 778 3428 corpus
808 3367 1029 3428 peccato
1057 3368 1326 3416 mortuum
1352 3374 1456 3428 εει,
1486 3362 1710 3432 spiritus
1727 3378 1914 3429 neces-

337 3450 483 3505 sario
518 3451 584 3505 ad
610 3448 1189 3522 faciendamjustitiam
1215 3454 1379 3509 vivit:
1405 3454 1496 3524 qui
1520 3455 1664 3510 enim
1704 3457 1758 3510 in
1786 3471 1911 3512 cor-

335 3555 469 3611 pore
494 3550 737 3596 mortuus
788 3549 890 3607 est,
919 3557 1019 3598 nec
1069 3544 1232 3598 servit
1293 3553 1535 3615 peccato,
1583 3560 1801 3602 necesse
1830 3555 1914 3605 est

339 3640 395 3685 ut
430 3632 483 3685 in
515 3628 720 3701 Spiritu
745 3632 908 3698 vivat,
933 3640 989 3688 et
1028 3632 1254 3703 justitia:
1280 3634 1497 3689 serviat.
1533 3620 1624 3690 Sic
1668 3644 1726 3691 et
1768 3636 1911 3692 idem

336 3722 629 3794 Apostolus
654 3724 707 3778 in
732 3724 965 3794 quodam
987 3723 1106 3781 loco
1128 3724 1280 3791 dicit,
1325 3726 1610 3781 tradidisse
1634 3741 1692 3781 se
1720 3742 1909 3798 quem-

339 3815 461 3869 dam
490 3814 542 3869 in
572 3814 848 3869 interitum
869 3816 1050 3871 carnis
1072 3823 1130 3871 ut
1148 3816 1369 3885 spiritus
1397 3816 1576 3871 salvus
1600 3815 1694 3872 ﬁat
1714 3816 1766 3889 (1
1786 3815 1910 3871 Cor.

316 3904 416 3975 ‘v).
436 3902 619 3977 [Aug.]
645 3904 852 3960 Aliter:
878 3903 1083 3975 Corpus
1104 3913 1375 3960 mortuum
1404 3905 1534 3961 dicit
1553 3904 1780 3960 mortale
1806 3922 1820 3959 :
1844 3920 1913 3961 ex

340 3996 510 4064 ipsius
532 3994 674 4050 enim
696 3996 1021 4051 mortalitate
1048 3996 1342 4067 indigentia
1372 4009 1553 4050 rerum
1576 4005 1913 4051 terrenarum

340 4083 594 4140 sollicitat
649 4086 880 4140 animam
908 4126 924 4151 ,
969 4096 1026 4141 et
1077 4086 1320 4156 quaedam
1371 4084 1637 4141 desideria
1693 4087 1912 4150 excitat,

340 4176 538 4247 quibus
587 4177 654 4232 ad
704 4177 1035 4247 peccandum
1091 4194 1197 4233 non
1250 4179 1609 4247 obtemperat,
1660 4178 1751 4248 qui
1800 4175 1912 4246 jam

345 4277 525 4323 mente
569 4269 736 4323 servit
782 4267 885 4339 legi
936 4268 1067 4324 Dei:
1098 4284 1296 4339 corpus
1325 4278 1505 4324 autem
1550 4284 1654 4323 non
1704 4277 1912 4324 tantum

345 4360 665 4414 moriturum
696 4368 919 4431 propter
956 4361 1154 4416 animae
1204 4362 1513 4418 abscessum
1565 4361 1657 4431 qui
1704 4360 1915 4417 futurus

344 4459 449 4515 est,
482 4450 574 4505 sed
600 4458 807 4504 tantum
853 4459 1072 4521 propter
1112 4450 1475 4505 inﬁrmitatem
1505 4450 1683 4503 carnis
1712 4458 1765 4505 et
1792 4466 1917 4504 san-

344 4542 541 4611 guinis,
567 4542 727 4597 etiam
758 4549 1027 4595 mortuum
1070 4540 1284 4607 dicitur,
1333 4541 1583 4610 loquente
1623 4540 1912 4610 Apostolo:

345 4628 547 4702 Corpus
574 4632 781 4704 quidem
815 4641 1077 4685 mortuum
1119 4642 1193 4686 est
1223 4642 1428 4702 propter
1454 4640 1745 4703 peccatum,
1766 4630 1919 4702 spiri-

346 4731 430 4774 tus
460 4730 632 4773 autem
662 4721 765 4775 vita
792 4730 867 4775 est
898 4730 1105 4791 propter
1141 4720 1424 4790 justitiam,
1451 4721 1567 4776 htec
1591 4720 1702 4775 vita
1723 4735 1790 4776 ex
1813 4720 1920 4777 fide

349 4809 489 4863 facta
518 4818 621 4873 est,
650 4810 902 4878 quoniam
931 4809 1103 4864 virtus
1128 4824 1193 4863 ex
1218 4809 1320 4864 title
1340 4811 1492 4865 vivit.

421 4901 574 4967 Quod
601 4902 649 4956 si
677 4901 903 4971 Spiritus
925 4900 1056 4971 ejus,
1083 4900 1172 4970 qui
1208 4903 1472 4955 suscitavit
1497 4901 1676 4956 Iesum
1716 4918 1748 4955 a
1779 4917 1919 4956 mor-

349 4992 476 5055 tuis,
508 4992 705 5045 habitat
730 4993 785 5045 in
815 4993 976 5055 vobis,
1011 4993 1101 5063 qui
1137 4993 1404 5046 suscitavit
1428 4991 1612 5047 Iesum
1651 4991 1916 5048 Christum

349 5100 382 5136 a
416 5083 631 5137 mortuis
670 5084 941 5153 eiriﬁcabit
966 5093 1017 5137 et
1045 5083 1288 5137 mortalia
1332 5101 1549 5155 corpora
1592 5093 1759 5139 vestra
1797 5100 1920 5155 pro-

350 5186 464 5240 pter
512 5174 883 5229 inhabitantem
947 5173 1197 5245 Spiritum
1243 5175 1357 5245 ejus
1401 5177 1454 5229 in
1502 5176 1663 5230 vobis.
1721 5173 1915 5247 (Orig.)

352 5265 613 5332 Quoniam
643 5279 803 5333 supra
833 5265 1041 5319 dixerat
1062 5264 1127 5319 de
1153 5264 1257 5328 his,
1289 5264 1376 5333 qui
1408 5265 1473 5318 ad
1514 5264 1914 5320 similitudinem

354 5357 542 5411 mortis
563 5356 761 5411 Christi
789 5358 1013 5425 cofpora
1061 5372 1156 5411 sua
1200 5356 1527 5411 mortiﬁcant
1576 5372 1644 5411 ne
1672 5364 1917 5426 peccent,

352 5448 659 5502 necessario
706 5462 848 5502 nunc
895 5448 1218 5502 mentionem
1271 5445 1401 5502 facit
1451 5445 1567 5514 ejus
1611 5447 1702 5516 qui
1745 5448 1919 5502 susci—

357 5540 490 5593 tavit
519 5538 788 5594 Christum
828 5553 858 5592 a
890 5538 1135 5601 mortuis,
1184 5547 1243 5592 ut
1293 5536 1453 5593 simili
1498 5537 1678 5602 modo,
1724 5545 1778 5591 et
1806 5535 1919 5606 pari

359 5630 565 5686 ratione
591 5644 699 5701 qua
745 5627 1062 5686 commortui
1106 5637 1251 5697 sunt,
1288 5636 1345 5684 et
1387 5626 1703 5700 consepulti,
1751 5627 1924 5683 sciant

1941 4413 1992 4472 D

2016 1815 2260 1871 runtibile
2302 1816 2399 1871 hoc
2440 1815 2621 1871 induet
2669 1818 3105 1888 incorruptionem
3158 1829 3208 1872 et
3252 1820 3472 1875 mortale
3496 1821 3593 1875 hoe

2012 1903 2190 1959 induet
2212 1905 2652 1959 immortalitatem
2667 1905 2719 1976 (1
2735 1903 2857 1960 Cor.
2877 1907 2966 1977 xv)
2989 1925 3003 1961 :
3030 1907 3101 1961 ibi
3116 1923 3219 1977 pax
3234 1909 3474 1977 perfecta
3486 1920 3589 1979 est,

2013 1995 2141 2064 quia
2181 1994 2312 2049 nihil
2356 1991 2725 2051 molestiarum
2773 1998 2951 2051 anima
2973 1999 3037 2052 de
3070 2014 3299 2068 corpore
3331 2003 3586 2070 patietur,

2007 2085 2119 2157 jam
2147 2085 2416 2141 viviticato
2440 2093 2495 2141 et
2523 2087 2577 2141 in
2621 2086 2892 2143 caelestem
2938 2088 3250 2158 qualitatem
3283 2092 3586 2149 immutato.

2084 2174 2282 2246 Igitur,
2322 2175 2533 2246 fratres,
2580 2176 2834 2231 debitores
2863 2195 3058 2248 .sumus
3109 2195 3212 2234 non
3238 2182 3386 2235 carni
3428 2192 3485 2236 ut
3511 2200 3593 2236 se-

2013 2265 2241 2321 cundum
2274 2282 2481 2321 carnem
2512 2268 2757 2323 riramus.
2787 2266 2982 2340 (Orig.)
3027 2268 3431 2341 Cousequeuter
3460 2288 3588 2345 ergo

2013 2374 2156 2415 nunc
2179 2360 2346 2423 addit,
2376 2360 2500 2429 quia
2522 2359 2775 2415 debitores
2807 2379 3006 2428 sumus,
3034 2379 3219 2418 eorum
3251 2364 3366 2419 sine
3404 2366 3584 2428 dubio,

2012 2464 2133 2519 qua:
2152 2465 2182 2504 a
2201 2448 2407 2521 Spiritu
2423 2449 2622 2507 Christi
2648 2453 2921 2508 consecuti
2946 2468 3149 2508 sumus.
3166 2454 3359 2511 Carnis
3381 2465 3585 2522 autem,

2013 2542 2206 2613 inquit,
2241 2543 2493 2597 debitores
2530 2560 2632 2598 non
2659 2560 2882 2609 sumus;
2927 2560 3101 2615 neque
3129 2546 3273 2601 enim
3308 2555 3587 2618 propterea

2011 2647 2110 2687 nos
2139 2630 2263 2688 fecit
2283 2632 2424 2687 Deus
2445 2634 2510 2688 ad
2543 2633 2827 2705 imaginem
2857 2649 3031 2700 suam,
3064 2643 3121 2689 ut
3149 2637 3326 2691 carnis
3369 2637 3589 2694 servitio

2011 2737 2253 2777 essemus
2296 2722 2534 2787 obnoxii,
2557 2724 2649 2779 sed
2679 2724 2876 2794 potius,
2904 2733 2964 2779 ut
3007 2726 3237 2781 creatori
3279 2742 3378 2782 suo
3405 2729 3586 2783 anima

2011 2810 2319 2867 deserviens
2341 2813 2454 2882 ipsa
2477 2813 2697 2868 servitio
2721 2829 2784 2868 ac
2811 2814 3106 2869 ministerio
3127 2816 3307 2871 carnis
3325 2824 3585 2873 uteretur.

2010 2902 2237 2975 (Ambr.)
2270 2902 2495 2960 Rectum
2528 2914 2584 2959 et
2603 2904 2944 2963 manifestum
2964 2914 3045 2961 est
3070 2922 3176 2960 non
3208 2922 3307 2962 nos
3325 2908 3585 2962 adiuven-

2015 2993 2146 3049 tioni
2181 2992 2330 3058 Adin,
2356 2997 2446 3064 qui
2499 2994 2790 3050 carnaliter
2810 2995 2941 3067 egit,
2982 2996 3347 3053 obsecundare
3370 2997 3588 3062 debere,

2014 3087 2103 3156 qui
2149 3084 2298 3155 prior
2327 3100 2559 3155 peccans
2604 3094 2831 3142 mortem
2879 3087 3034 3142 nobis
3079 3088 3408 3143 haereditatis
3434 3087 3591 3142 titulo

2013 3174 2332 3245 dereliquit:
2380 3176 2473 3231 sed
2496 3174 2599 3247 legi
2640 3175 2843 3233 Christi
2870 3176 3074 3233 servire
3098 3192 3197 3232 nos
3236 3177 3450 3244 debere,
3492 3177 3589 3248 qui

2012 3279 2113 3320 nos
2155 3264 2380 3337 spiritali
2432 3266 2642 3321 ratione
2676 3281 2707 3321 a
2750 3276 2926 3322 morte
2972 3267 3279 3337 supradicta
3322 3267 3586 3323 redemit:

2013 3358 2140 3414 huic
2174 3359 2318 3413 enim
2342 3374 2528 3414 sumus
2553 3359 2842 3425 debitores,
2872 3360 2964 3431 qui
2991 3375 3089 3416 nos
3119 3361 3423 3419 carnalibus
3444 3362 3591 3418 vitiis

2014 3446 2318 3503 sordidatos
2345 3464 2441 3519 per
2464 3449 2736 3505 lavacrum
2776 3452 2997 3522 spiritus
3030 3451 3239 3508 ablutos
3251 3451 3586 3521 justificavit,

2016 3546 2071 3594 et
2094 3535 2230 3595 filios
2257 3537 2350 3593 Dei
2379 3537 2527 3595 fecit.
2558 3540 2715 3595 Prius
2752 3542 2896 3596 enim
2923 3542 2978 3597 in
3020 3557 3184 3597 carne
3222 3543 3381 3612 positi
3400 3558 3589 3600 exem-

2013 3626 2103 3697 plo
2150 3626 2279 3683 Adae
2317 3628 2628 3685 vivebamus
2676 3628 2904 3697 subjecti
2948 3632 3221 3701 peccatis;
3269 3649 3411 3689 nunc
3456 3647 3591 3689 vero

2014 3717 2230 3774 liberati
2255 3735 2285 3773 a
2309 3729 2531 3788 peccato
2560 3720 2786 3776 reddere
2826 3721 3083 3777 debemus
3127 3722 3447 3792 obsequium
3485 3724 3590 3780 Re-

2015 3809 2301 3877 demptori.
2334 3809 2485 3877 Quod
2539 3812 2753 3879 quidem
2801 3810 3114 3882 obsequium
3145 3829 3251 3869 non
3281 3814 3357 3869 illi
3401 3815 3588 3885 utique

2015 3896 2247 3969 prolicit,
2298 3899 2388 3969 qui
2413 3899 2610 3955 nullius
2636 3909 2776 3969 eget,
2825 3886 2918 3956 sed
2961 3902 3114 3957 nobis
3147 3902 3310 3956 vitam
3356 3904 3591 3973 acquirit

2015 3996 2313 4056 :eternam;
2354 3990 2438 4045 sic
2478 3990 2619 4045 enim
2647 3991 2818 4062 diligit
2842 4007 2941 4047 nos
2968 4001 3026 4046 ut
3069 3992 3169 4047 sibi
3197 3993 3423 4062 imputet
3445 3995 3588 4063 quod

2017 4082 2172 4138 nobis
2222 4082 2452 4154 prolicit.
2500 4082 2698 4156 (Θήρ.)
2728 4083 2837 4139 Sed
2886 4084 3116 4140 fortasse
3154 4084 3298 4139 dicet
3344 4084 3586 4154 aliquis:

2017 4174 2294 4242 Quomodo
2320 4175 2467 4229 carni
2497 4190 2601 4229 non
2631 4191 2816 4231 sumus
2842 4174 3133 4240 debitores,
3155 4191 3279 4230 cum
3304 4185 3359 4229 et
3386 4176 3589 4231 vietum

2016 4265 2088 4329 ei,
2116 4271 2169 4319 et
2204 4264 2573 4319 indumentum
2603 4266 2883 4336 providere
2918 4274 3122 4320 natura:
3150 4268 3467 4323 necessitate
3497 4281 3589 4322 co-

2017 4357 2250 4427 gamur?
2278 4357 2372 4412 sed
2403 4364 2461 4410 ut
2485 4356 2730 4412 ostendat
2755 4371 2858 4411 non
2884 4358 3033 4413 carni
3070 4357 3270 4428 aliquid
3320 4358 3588 4425 conferre,

2018 4446 2113 4501 sed
2136 4447 2304 4516 ipsam
2335 4446 2497 4499 vitam
2531 4446 2680 4500 carni
2726 4447 3036 4516 mancipare
3064 4446 3324 4516 culpabile
3368 4448 3590 4515 haberi,

2017 4536 2137 4590 ideo
2174 4536 2359 4592 addit:
2391 4532 2450 4590 Si
2475 4535 2611 4589 enim
2638 4535 2919 4589 secundum
2942 4552 3153 4590 carnem
3194 4537 3444 4601 vixeritis,
3478 4553 3591 4591 mo-

2018 4626 2245 4681 riemini.
2294 4623 2431 4692 Quid
2477 4632 2657 4680 autem
2702 4625 2773 4680 sit
2806 4626 3098 4681 secundum
3144 4643 3360 4682 carnem
3408 4627 3592 4682 vivere

2018 4730 2160 4786 stupe
2188 4714 2300 4786 jam
2330 4715 2533 4771 dictum
2558 4724 2660 4781 est,
2687 4716 2790 4771 hoc
2812 4727 2895 4772 est
2916 4717 3097 4771 carnis
3114 4717 3392 4773 desideriis
3418 4716 3593 4775 indul-

2017 4823 2183 4879 gere;
2212 4809 2268 4864 in
2290 4808 2394 4863 hoc
2420 4822 2548 4880 ergo
2583 4815 2743 4877 negat
2768 4822 2866 4862 nos
2897 4822 3017 4862 esse
3046 4808 3341 4872 debitores,
3370 4808 3510 4861 sicut
3536 4815 3594 4861 et

2015 4898 2145 4953 alibi
2176 4899 2307 4954 dicit
2333 4917 2346 4952 :
2378 4898 2448 4952 Et
2475 4898 2648 4952 carnis
2675 4913 2853 4951 curam
2892 4914 2955 4951 ne
2999 4897 3224 4964 feceritis
3249 4897 3304 4949 in
3347 4896 3593 4964 concupi-

2019 4990 2229 5046 scentiis
2250 4987 2423 5061 (Rom.
2448 4988 2591 5060 xm),
2618 5003 2724 5041 non
2753 4988 2938 5056 utique
2959 5001 3164 5053 negans
3188 4999 3370 5039 curam
3414 4984 3594 5039 carnis

2019 5078 2319 5135 habendam
2347 5079 2400 5132 in
2445 5077 2787 5141 necessariis,
2814 5076 2907 5130 sed
2929 5076 2980 5129 in
3008 5073 3489 5143 concupiscentiis;
3519 5073 3592 5128 ita

2021 5184 2150 5239 ergo
2178 5169 2333 5223 ethic
2357 5186 2371 5199 ’
2408 5168 2469 5222 Si
2497 5168 2655 5231 enim,
2682 5165 2872 5235 inquit,
2910 5165 3193 5219 secundum
3223 5179 3430 5218 carnem
3456 5163 3594 5217 uixe-

2022 5261 2157 5325 ritis,
2204 5257 2513 5313 moriemini.
2551 5255 2730 5327 (Aug)
2756 5254 2873 5310 Jam
2899 5270 3060 5324 supra
3087 5256 3294 5309 dixerat
3318 5252 3595 5325 prudentia

2019 5352 2192 5406 carnis
2222 5360 2360 5404 mors
2389 5359 2482 5414 est,
2517 5363 2621 5402 non
2652 5350 2779 5417 quia
2827 5362 2953 5402 caro
2973 5347 3115 5402 mala
3143 5354 3245 5411 est,
3277 5345 3370 5401 sed
3410 5360 3595 5401 secun-

2019 5443 2144 5498 dum
2172 5455 2387 5497 carnem
2409 5440 2591 5493 vivere
2620 5439 2818 5493 malum
2849 5447 2952 5492 est.
2984 5435 3182 5509 (Δηώ.)
3218 5435 3359 5491 Nihil
3389 5435 3591 5501 verius,

2021 5549 2179 5605 quam
2204 5533 2248 5587 si
2269 5531 2559 5587 secundum
2580 5529 2750 5585 Adam
2774 5529 3065 5583 vixerimus
3082 5528 3403 5591 moriemur;
3424 5525 3599 5581 Adam

2023 5624 2165 5682 enim
2200 5621 2562 5694 prtevarieans
2588 5619 2826 5677 vendidit
2861 5634 2919 5677 se
2962 5627 3214 5696 peccato,
3234 5618 3399 5682 carui
3427 5619 3597 5689 depu-
