4026 6180
529 242 670 300 μιν

1165 239 1226 296 Β.
1267 236 1521 295 RABANI
1560 236 1782 296 MAURI
1816 238 2116 299 ARCHIEP

2204 241 2495 301 lOGUNT.
2536 241 2821 301 OPERUM
2858 242 3037 299 PARS
3072 244 3162 300 ιιι.

3608 255 3718 318 “£8

524 364 691 410 tatus.
720 351 892 409 Omne
915 352 1058 405 enim
1098 359 1378 420 peccatum
1410 366 1540 406 caro
1573 360 1693 415 est;
1720 360 1941 421 propter
1962 352 2107 422 quod
2131 362 2183 419 Α
2209 354 2303 425 qui
2332 355 2629 412 secundum
2658 356 2909 425 spiritum
2938 370 3093 411 suum
3139 355 3355 423 vivunt,
3389 374 3488 415 non
3511 369 3591 434 qui
3628 384 3717 422 car.

520 444 672 500 enim
719 441 925 497 deforis
983 441 1113 496 vitia
1162 448 1215 495 et
1270 440 1465 495 delicta
1516 449 1817 497 nascuntur
1864 456 1934 496 ex
1981 456 2109 497 sen-

521 533 694 600 sibus,
713 533 765 587 id
778 541 886 597 est,
902 532 968 587 de
983 530 1189 595 auditu,
1206 530 1347 595 visu,
1371 538 1541 596 tactu,
1555 532 1808 607 odoratu,
1822 531 1909 588 vel
1928 540 2110 603 gustu,

520 625 675 682 carui
711 625 1074 694 deputantur:
1106 623 1282 678 omnis
1304 623 1451 679 enim
1481 626 1737 696 cogitatio
1760 625 1906 681 foras
1934 626 2111 696 respi-

504 717 675 774 ciens
698 718 928 772 incurrit
948 715 1222 771 delictum.
1244 715 1378 770 Nam
1392 726 1449 771 et
1470 717 1628 786 primi
1655 718 1891 774 hominis
1911 719 2114 775 deforis

510 817 804 878 peccatum
834 817 1019 861 uatum
1043 815 1148 861 est.
1194 805 1502 862 Secundum
1530 823 1748 865 carnem
1773 824 1904 880 ergo
1931 810 2115 865 vivere

522 914 670 955 mors
690 907 772 955 est
795 917 807 953 :
833 899 1011 953 omnis
1029 898 1176 952 enim
1201 906 1355 953 actus
1401 898 1582 954 carnis
1618 908 1773 954 extra
1803 900 1975 970 legem
2006 910 2111 956 est.

596 992 662 1047 Si
677 1000 850 1045 autem
879 992 1068 1061 spiritu
1110 990 1256 1060 facta
1306 992 1481 1045 carnis
1534 992 1994 1061 mortiﬁcavcritis,
2041 995 2116 1049 vi-

520 1086 668 1143 vetis.
734 1083 943 1153 Corpus
1011 1082 1127 1138 vult
1192 1082 1310 1154 lege
1367 1084 1563 1139 animae
1607 1086 1899 1155 gubernari
1934 1088 2115 1144 :unde

520 1173 780 1240 oetendit,
818 1174 944 1242 quia
988 1172 1034 1227 si
1077 1172 1214 1239 duce
1245 1181 1435 1227 sancto
1475 1171 1681 1242 Spiritu
1719 1186 1874 1232 actus
1901 1186 1957 1231 et
1983 1192 2116 1232 con-

520 1265 644 1320 silia
671 1265 854 1321 carnis
892 1279 1013 1333 quas
1061 1261 1222 1332 hujus
1249 1263 1433 1318 mundi
1463 1264 1847 1334 instigantibus
1876 1276 2117 1337 potesta-

525 1357 669 1412 tibus
695 1355 1110 1419 concinnantur,
1149 1353 1353 1411 fuerint
1379 1370 1648 1426 repressa,
1681 1373 1751 1412 ne
1786 1359 1979 1430 agendi
2025 1375 2116 1415 ac-

521 1446 727 1518 cipiant
754 1450 1099 1517 potestatem,
1132 1446 1300 1501 vitam
1326 1447 1597 1517 praestari.
1631 1448 1941 1505 Mortificari
1969 1451 2115 1507 enim

520 1540 794 1602 dicuntur,
825 1536 869 1592 si
895 1545 1110 1603 cessant
1138 1555 1151 1591 :
1187 1552 1295 1594 non
1317 1546 1445 1593 sunt
1463 1538 1630 1604 enim,
1655 1539 1702 1594 si
1723 1549 1955 1607 cessant,
1987 1541 2116 1611 quia

514 1638 807 1703 peccatum
830 1645 938 1689 non
968 1637 1073 1696 est,
1114 1629 1157 1684 si
1188 1645 1297 1684 non
1325 1629 1437 1685 fiat.
1469 1629 1669 1704 (Θήῃ.)
1693 1631 1758 1686 Ει
1779 1633 1847 1688 de
1866 1632 1970 1687 hoc
2001 1630 2115 1702 jam

2212 452 2299 507 nis
2324 452 2596 522 voluptate
2644 451 2936 516 ducuntur,
2980 465 3085 505 non
3134 451 3229 521 qui
3276 454 3451 525 spiritu
3490 473 3574 515 suo
3598 477 3725 534 agon.

2213 553 2341 599 tur:
2371 544 2465 599 sed
2496 552 2763 614 quotquot
2796 544 2991 613 spiritu
3034 544 3132 599 Dei
3160 555 3404 615 aguntur,
3426 549 3475 604 bi
3505 551 3583 607 ﬁlii
3624 567 3721 611 sunt

2214 635 2327 690 Dei.
2362 636 2515 691 Dicet
2544 634 2676 689 mihi
2710 634 2923 704 aliquis,
2970 649 3099 706 ergo
3136 636 3350 706 agimur
3394 655 3487 694 non
3531 644 3718 715 agimus!

2214 724 2510 793 respondeo
2559 724 2667 778 imo
2717 733 2773 778 et
2820 724 2938 796 agis
2981 733 3036 779 et
3082 726 3285 795 ageris,
3342 735 3397 781 et
3444 737 3556 785 tunc
3589 738 3724 804 aget-is

2213 812 2351 868 bene
2386 813 2430 867 si
2483 814 2621 868 bona
2659 814 2793 881 agis.
2830 812 3064 884 Spiritus
3112 815 3259 870 enim
3304 815 3394 871 Dei
3441 820 3520 889 qui
3566 828 3723 896 teagit,

2213 905 2392 975 agenti
2425 904 2521 958 tibi
2553 904 2769 973 adjutor
2790 914 2892 968 est,
2929 905 3102 975 ipsum
3151 922 3346 962 nomen
3373 910 3602 978 adjutoris
3632 932 3721 984 pne

2215 994 2404 1048 scribit
2452 994 2570 1058 tibi,
2622 994 2749 1064 quia
2801 1003 2857 1048 et
2889 1005 2944 1049 tu
2982 994 3096 1064 ipse
3132 995 3336 1063 aliquid
3376 999 3498 1068 agis.
3527 1000 3724 1075 Quotquot

2213 1084 2348 1138 enim
2399 1082 2602 1152 Spiritu
2650 1084 2746 1137 Dei
2770 1094 3002 1154 aguntur
3044 1084 3100 1138 hi
3141 1085 3243 1154 ﬁlii
3272 1099 3389 1141 sunt
3421 1089 3526 1143 Dei.
3551 1091 3725 1164 (Arnim)

2215 1174 2331 1229 Non
2356 1174 2533 1229 littera
2554 1174 2647 1231 sed
2667 1176 2878 1246 spiritu,
2894 1192 2999 1231 non
3020 1175 3144 1247 lege
3167 1179 3515 1249 praecipiente,
3531 1184 3724 1248 minante,

2215 1267 2590 1338 promittente,
2638 1268 2733 1323 sed
2782 1268 2975 1338 spiritu
3022 1270 3391 1338 exhortante,
3440 1274 3723 1345 illuminautc,

2216 1357 2521 1427 adjuvante,
2546 1359 2646 1431 hos
2674 1359 2804 1415 dicit
2850 1359 3056 1431 Spiritu
3089 1361 3190 1417 Dei
3233 1365 3340 1433 agi,
3374 1365 3425 1419 in
3452 1382 3643 1435 quorum
3666 1383 3728 1422 ac-

2218 1448 2362 1503 tibus
2383 1447 2605 1503 consilia
2651 1449 2953 1521 principum
2984 1460 3042 1507 et
3080 1461 3410 1524 potestatum
3438 1455 3575 1526 hujus
3593 1461 3723 1512 mundi

2218 1551 2324 1592 non
2362 1538 2646 1593 videntur:
2681 1540 2733 1593 in
2783 1556 3013 1611 quorum
3057 1544 3208 1600 enim
3256 1546 3495 1601 videntur
3532 1564 3617 1601 non
3638 1558 3726 1603 sunt

2219 1628 2315 1683 lilii
2346 1630 2465 1696 Dei,
2494 1630 2586 1686 sed
2615 1630 2835 1696 diaboli,
2863 1634 2990 1703 quia
3035 1636 3128 1706 qui
3164 1637 3231 1691 de
3266 1637 3372 1692 Deo
3400 1648 3538 1694 natus
3557 1652 3635 1703 est,
3655 1658 3727 1696 non

518 1738 685 1796 supra
714 1723 918 1779 dictum
951 1732 1057 1787 est,
1087 1723 1358 1791 quomodo
1385 1738 1584 1795 corpus
1605 1725 1820 1794 quidem
1842 1735 2116 1781 mortuum
2144 1710 2193 1771 Β
2216 1728 2421 1790 peccat,
2459 1719 2594 1775 dicit
2630 1720 2867 1778 Joannes
2909 1725 3193 1795 apostolus
3220 1725 3275 1796 (Ῑ
3294 1727 3447 1782 Joan.
3470 1727 3544 1800 v);
3574 1730 3653 1784 hoc
3669 1739 3727 1785 cst

517 1830 643 1873 esse
683 1813 880 1871 debeat
943 1823 1164 1885 propter
1208 1823 1510 1884 peccatum,
1558 1815 1782 1885 spiritus
1834 1831 1965 1872 vero
2003 1817 2116 1872 vita

520 1914 745 1978 propter
762 1904 1230 1974 justiﬁeationem.
1271 1904 1374 1972 Qui
1398 1920 1528 1977 ergo
1550 1907 1845 1963 secundum
1867 1908 2118 1978 spiritum

523 2013 691 2070 agens
712 1998 1002 2054 mortiﬁcat
1037 2007 1190 2055 actus
1228 1999 1430 2064 carnis,
1463 2001 1611 2056 vivet
1636 2012 1862 2074 propter
1902 2003 2120 2061 inhabi-

524 2101 727 2148 tantem
751 2094 803 2148 in
826 2108 884 2149 se
912 2094 1162 2164 spiritum
1186 2095 1344 2163 vitae;
1370 2096 1662 2153 mortiﬁcat
1684 2107 1865 2154 autem
1886 2099 2118 2170 quisque

521 2193 675 2240 actus
696 2185 877 2241 carnis
901 2185 1007 2240 hoc
1030 2186 1208 2241 modo.
1248 2185 1481 2242 Fructus
1508 2195 1592 2243 est
1604 2188 1825 2258 spiritus
1847 2188 2114 2255 charitas;

519 2278 704 2333 odium
752 2279 935 2335 carnis
960 2288 1046 2333 est
1076 2289 1248 2344 actus,
1286 2281 1469 2336 odium
1501 2297 1631 2354 ergo
1669 2298 1766 2353 per
1792 2284 2116 2353 charitatem

523 2372 883 2427 rnortilicatur
903 2382 958 2427 et
984 2373 1388 2445 exstinguitur;
1423 2375 1677 2447 gaudium
1724 2376 1976 2432 similiter
2004 2374 2120 2432 fru-

522 2470 644 2520 ctus
687 2472 773 2520 est
818 2464 1083 2535 spiritus;
1130 2466 1345 2521 tristitia
1390 2482 1519 2523 vero
1575 2466 1735 2537 hujus
1780 2468 1963 2524 seaculi
1996 2454 2156 2539 quas.

521 2562 756 2610 mortem
780 2564 1059 2626 operatur,
1088 2557 1268 2612 carnis
1294 2566 1379 2613 est
1398 2567 1585 2625 actus;
1620 2561 1733 2615 haec
1758 2572 1888 2633 ergo
1912 2560 2119 2616 exstin-

523 2649 708 2722 guitur
732 2648 779 2704 si
819 2649 891 2703 sit
914 2649 967 2704 in
1004 2649 1163 2705 nobis
1202 2651 1453 2722 gaudium
1498 2652 1742 2724 spiritus.
1773 2651 1882 2707 Pax
1910 2651 2118 2710 fructus

522 2739 867 2810 cstspiritus;
883 2740 1145 2797 dissensio
1162 2749 1217 2797 et
1238 2742 1506 2800 discordia
1533 2744 1713 2800 carnis
1734 2752 1817 2800 cst
1834 2744 2118 2816 actus,fsed

523 2840 730 2888 eertum
757 2841 862 2899 est,
886 2834 1214 2890 discordiam
1241 2834 1750 2907 mortificari‘possc
1783 2853 1881 2909 per
1905 2853 2115 2908 pacem.

526 2920 618 2978 Sic
639 2929 697 2976 et
735 2921 995 2992 patientia
1029 2923 1253 2994 spiritus
1283 2924 1676 2997 impatientiam
1703 2928 1885 2984 carnis
1912 2929 2114 2984 exstin-

525 3014 660 3085 guit,
699 3022 756 3070 et
800 3015 1017 3073 bonitas
1056 3017 1319 3072 malitiam
1370 3020 1610 3089 perimit,
1659 3029 1716 3078 et
1762 3022 2119 3077 mansuetudo

525 3104 807 3175 ferociam,
836 3117 891 3165 et
918 3109 1250 3167 continentia
1282 3112 1775 3189 intemperantiam,
1798 3121 1855 3169 et
1893 3114 2120 3172 castitas

526 3196 917 3269 impudicitiam
942 3210 1121 3264 necat,
1154 3202 1357 3273 talique
1379 3204 1570 3260 ordine
1608 3206 1701 3275 qui
1730 3221 1827 3275 per
1871 3206 2119 3277 Spiritum

525 3296 681 3345 actus
710 3291 890 3346 carnis
937 3292 1366 3359 mortificaverit,
1409 3295 1575 3351 vivet.
1624 3297 1946 3352 intuendum
1992 3310 2123 3355 sane

523 3386 628 3444 est,
656 3379 799 3450 quod
845 3379 987 3435 sicut
1022 3390 1253 3437 mortem
1283 3398 1393 3439 non
1440 3384 1599 3439 istam
1627 3399 1993 3453 communem,
2028 3387 2122 3443 sed

523 3465 674 3521 illam
694 3468 902 3537 peccati
934 3469 1084 3537 dicit,
1122 3468 1186 3526 Si
1214 3472 1352 3526 enim
1396 3474 1680 3529 secundum
1728 3492 1939 3531 carnem
1982 3478 2122 3533 vixe-

525 3556 644 3611 ritis
671 3557 992 3625 moriemini,
1040 3559 1114 3616 ita
1157 3567 1213 3616 et
1237 3561 1406 3617 vitam
1436 3579 1541 3619 non
1585 3563 1727 3621 hanc
1755 3580 2118 3636 communem,

418 3669 431 3677 λ
528 3651 623 3707 sed
650 3649 797 3705 illam
835 3650 969 3708 dicit
1012 3661 1292 3724 aeternam,
1333 3656 1403 3711 ad
1442 3671 1605 3728 quam
1635 3659 1915 3729 perveniet
1943 3661 2122 3719 omnis

530 3740 625 3812 qui
675 3743 974 3799 secundum
1017 3738 1081 3800 ea
1110 3760 1229 3815 quae
1256 3761 1418 3818 supra
1466 3750 1812 3819 exposuimus
1846 3749 2119 3821 perfectus

528 3833 719 3903 spiritu
748 3834 1159 3891 mortificaverit
1196 3846 1350 3894 actus
1373 3840 1574 3895 carnis.
1609 3840 1714 3898 Sed
1743 3851 1795 3896 et
1824 3841 1951 3898 illud
1980 3845 2121 3901 scire

528 3925 806 3993 debemus,
837 3929 980 3998 quod
1017 3927 1119 3984 ista
1166 3931 1514 3989 mortificatio
1543 3943 1760 3991 actuum
1805 3937 1986 3992 carnis
2023 3952 2129 4008 per

529 4017 843 4086 patientiam
891 4019 1006 4087 tiat,
1032 4030 1089 4076 et
1131 4036 1239 4077 non
1263 4024 1333 4079 ad
1370 4023 1609 4081 subitum
1633 4066 1648 4092 ,
1699 4026 1793 4081 sed
1834 4027 2115 4099 paulatim.

527 4106 711 4164 Primo
732 4109 1083 4183 languescere
1106 4128 1200 4169 eos
1237 4129 1458 4172 necesse
1506 4125 1591 4172 est
1621 4116 1674 4172 in
1703 4116 1808 4183 his,
1853 4118 1943 4189 qui
1987 4118 2122 4174 inci-

528 4201 719 4270 piunt;
754 4212 865 4259 tum
897 4204 1090 4261 deinde
1111 4222 1234 4261 cum
1264 4208 1542 4265 ardentius
1570 4210 1835 4280 prolicere
1856 4212 2121 4283 cceperint

528 4300 585 4348 et
604 4295 998 4352 abundantiore
1033 4298 1226 4368 spiritu
1269 4301 1488 4371 repleri,
1516 4309 1671 4358 actus
1698 4305 1877 4358 carnis
1905 4319 2010 4359 non
2033 4319 2115 4359 so-

528 4377 639 4435 lum
669 4382 925 4454 languere
956 4388 1051 4441 sed
1075 4396 1132 4443 et
1154 4391 1432 4446 tabescere
1459 4391 1756 4463 incipient;
1787 4392 1874 4447 ubi
1898 4408 2029 4449 vero
2052 4394 2119 4451 ad
2145 4419 2200 4481 Β

529 4472 827 4544 perfectum
861 4474 977 4545 jam
1022 4480 1290 4546 venerint,
1319 4480 1392 4536 ita
1421 4490 1480 4536 ut
1513 4481 1657 4537 nulla
1686 4483 1738 4537 in
1787 4484 1866 4538 eis
1898 4499 2121 4553 prorsus

529 4566 614 4621 vel
634 4566 686 4621 in
714 4566 875 4634 facto,
893 4568 979 4624 vel
1004 4569 1055 4623 in
1078 4571 1241 4637 dicto,
1259 4572 1343 4627 vel
1366 4572 1418 4627 in
1448 4572 1707 4645 cogitatu,
1726 4574 1929 4645 peccati
1947 4575 2122 4630 orian—

535 4668 624 4713 tur
654 4658 873 4723 indicia,
905 4669 1018 4714 tum
1063 4661 1220 4731 plene
1267 4673 1422 4719 actus
1464 4665 1646 4720 carnis
1681 4665 2038 4723 mortificasse
2066 4674 2122 4723 ct

532 4751 600 4805 ad
624 4749 890 4821 integrum
924 4753 1084 4806 morti
1131 4754 1419 4810 tradidisse
1464 4755 1718 4812 credendi
1765 4765 1910 4813 sunt.
1934 4756 2120 4831 (Aug.)

530 4840 667 4897 Cum
698 4856 827 4913 ergo
857 4842 1080 4898 dixisset
1106 4843 1414 4914 Apostolus,
1444 4846 1503 4901 Si
1532 4858 1707 4901 autem
1747 4848 1936 4919 spiritu
1958 4849 2125 4906 actio-

531 4945 623 4987 nes
665 4932 842 4987 carnis
877 4931 1341 5003 morti/icaveritis,
1383 4935 1579 5002 vivatis,
1623 4935 1676 4990 id
1717 4944 1819 5002 est,
1850 4935 1969 4991 illas
1993 4950 2125 4991 oen-

525 5023 894 5097 cupiscentias
921 5026 1125 5093 carnis,
1178 5026 1375 5101 quibus
1418 5041 1525 5081 non
1571 5027 1879 5083 consentire
1925 5041 2122 5098 magna

536 5113 654 5171 laus
688 5124 795 5183 est,
817 5131 955 5187 quas
978 5135 1083 5174 non
1107 5118 1309 5176 habere
1343 5118 1602 5191 perfectio
1629 5129 1732 5187 est,
1750 5118 1863 5188 jam
1899 5121 1988 5177 hic
2013 5135 2122 5176 me-

536 5206 793 5262 tuendum
822 5216 922 5270 est,
957 5224 1025 5264 ne
1067 5209 1353 5282 quisquam
1385 5224 1575 5267 rursus
1617 5210 1684 5265 ad
1714 5210 2121 5267 mortiﬁcandas

535 5296 778 5355 actiones
824 5301 1027 5366 carnis,
1073 5303 1140 5356 de
1190 5302 1381 5373 spiritu
1430 5317 1527 5358 suo
1571 5312 1960 5373 praesumeret;
1992 5317 2123 5375 ergo

536 5399 604 5440 ne
648 5386 738 5444 hic
785 5404 844 5445 se
890 5391 1175 5471 extolleret
1228 5392 1498 5449 humanus
1527 5394 1770 5464 spiritus,
1826 5402 1881 5451 et
1926 5396 1992 5451 ad
2019 5396 2123 5453 hoc

533 5488 670 5548 opus
690 5495 749 5536 se
770 5481 1018 5540 idoneum
1044 5483 1634 5557 firmumquejactaret,
1657 5487 1907 5559 subjecit,
1923 5496 1978 5543 et
2006 5488 2119 5543 ait:

564 5574 567 5581 ’
608 5568 914 5646 Quicunque
952 5577 1091 5630 enim
1149 5578 1337 5647 spiritu
1372 5578 1473 5633 Dei
1509 5589 1758 5651 aguntur,
1785 5580 1839 5634 hi
1878 5579 1980 5650 ﬁlii
2000 5586 2122 5637 sunt

534 5656 653 5721 Dei.
682 5658 798 5717 Non
827 5664 920 5735 qui
950 5666 1268 5723 secundum
1297 5683 1519 5724 carnem
1549 5684 1702 5726 suam
1753 5670 1961 5736 vivunt,
2011 5685 2118 5726 non

2220 1810 2365 1866 enim
2393 1812 2538 1882 quod
2575 1813 2770 1884 probat
2798 1814 2938 1871 ﬁlios
2978 1815 3076 1872 Dei
3105 1826 3165 1873 et
3200 1818 3411 1874 diaboli.
3455 1819 3584 1875 Unde
3603 1821 3723 1876 donti-

2219 1921 2322 1962 nus
2359 1906 2429 1962 ad
2463 1906 2698 1974 Judteos,
2749 1909 2893 1980 quod
2939 1909 3081 1966 male
3108 1920 3333 1983 agerent
3375 1921 3427 1967 et
3453 1912 3726 1984 parricidium

2219 2001 2536 2071 cogitarent,
2563 2001 2661 2067 ait,
2701 1999 2801 2056 Vos
2825 2018 2889 2055 ex
2903 2012 3053 2073 patre
3073 2002 3288 2057 diabolo
3311 2005 3427 2059 estis
3454 2002 3606 2075 (Joan.
3628 2004 3722 2075 nn).

2222 2091 2421 2166 [Orig.]
2454 2092 2761 2149 Notandum
2790 2101 2968 2148 autem
3007 2093 3156 2164 quod
3204 2095 3345 2149 sicut
3385 2094 3595 2149 diversas
3625 2111 3727 2149 coto-

2220 2186 2511 2241 memorari
2542 2185 2689 2258 leges
2714 2186 2768 2241 in
2795 2188 2899 2243 hac
2924 2187 3167 2259 Epistoia
3196 2187 3371 2254 Pauli,
3396 2189 3487 2243 sub
3509 2205 3597 2243 uno
3617 2205 3726 2243 voca-

2218 2269 2346 2326 bulo
2382 2271 2521 2343 legis
2561 2270 2920 2338 ostendimus,
2967 2281 3024 2328 et
3058 2274 3308 2329 diversas
3336 2283 3520 2329 mortes
3552 2276 3633 2328 sub
3654 2290 3726 2327 una

2160 2372 2184 2435 ς
2220 2362 2412 2417 mortis
2437 2361 2796 2434 appellatione
2819 2364 3089 2420 nominari
3114 2382 3131 2432 ;
3161 2365 3237 2421 ita
3259 2374 3312 2420 et
3332 2367 3549 2421 diversos
3565 2366 3726 2437 spiritus

2219 2472 2365 2514 nunc
2386 2458 2631 2514 videmus
2657 2458 2759 2514 sub
2790 2474 2898 2514 uno
2922 2460 3146 2516 nomine
3169 2460 3401 2531 Spiritus
3428 2458 3637 2513 indicari.
3660 2458 3724 2511 Ait

2219 2566 2350 2623 ergo
2375 2550 2429 2607 in
2454 2551 2708 2623 praesenti
2753 2552 3025 2624 capitulo:
3072 2552 3384 2624 Quicunque
3422 2552 3543 2631 enim
3577 2549 3722 2619 Spiritu

2219 2639 2319 2696 Dei
2351 2652 2602 2712 aguntur,
2636 2642 2693 2696 hi
2716 2642 2815 2712 filii
2856 2652 2976 2698 sunt
3004 2643 3130 2710 Dei,
3175 2644 3229 2699 in
3275 2658 3377 2714 quo
3419 2642 3579 2711 utique
3599 2640 3722 2711 ipsum

2219 2732 2316 2790 Dei
2338 2733 2601 2805 Spiritum
2626 2734 2785 2800 dicit,
2814 2742 2871 2790 et
2892 2735 3088 2792 iterum
3122 2735 3177 2791 in
3219 2735 3488 2806 sequenti:
3517 2732 3617 2787 Non
3630 2731 3724 2785 eum

2220 2826 2509 2897 accepistis,
2535 2826 2728 2897 inquit,
2753 2827 2994 2899 spiritum
3016 2828 3288 2883 servitutis
3314 2827 3487 2881 iterum
3506 2825 3551 2878 in
3566 2824 3724 2883 timore;

2221 2920 2276 2975 in
2306 2919 2410 2975 hoc
2442 2919 2680 2975 ostendit
2704 2919 2953 2991 spiritum
2978 2920 3264 2977 servitutis
3293 2920 3450 2973 aiium
3473 2926 3722 2983 esse,qusnt

2222 3009 2395 3077 illum,
2433 3025 2593 3081 quem
2622 3026 2786 3081 supra
2816 3011 2928 3066 dixi
2957 3010 3225 3081 Spiritum
3270 3009 3385 3076 Dei,
3424 3019 3476 3065 et
3508 3014 3723 3079 propterea

2222 3104 2499 3175 subjungit
2525 3121 2541 3158 :
2567 3103 2673 3160 Sed
2699 3104 2970 3175 accepistis
2990 3105 3238 3177 spiritum
3263 3102 3534 3174 adoptionis
3557 3098 3723 3169 ﬁliorum

2221 3197 2277 3250 in
2289 3212 2391 3268 quo
2403 3194 2712 3264 clamamus,
2730 3195 2898 3261 Abba,
2914 3193 3109 3262 Pater;
3128 3197 3182 3252 in
3197 3198 3299 3255 hoc
3311 3196 3536 3267 spiritum
3547 3190 3725 3261 adeptio.

2219 3286 2308 3342 nis
2335 3287 2571 3342 ostendit
2594 3286 2768 3358 ipsum
2798 3301 2936 3352 esse,
2969 3303 3133 3358 quem
3179 3303 3339 3359 supra
3382 3286 3507 3342 dixit
3529 3282 3722 3354 Spiritum

2221 3375 2339 3443 Dei,
2362 3377 2430 3433 de
2449 3393 2556 3449 quo
2573 3385 2627 3433 et
2647 3379 2862 3449 repetit,
2883 3379 2991 3450 ipse
3013 3378 3249 3451 Spiritus
3270 3378 3583 3436 testimonium
3601 3372 3721 3429 reddit

2221 3468 2431 3539 spiritui
2463 3478 2660 3536 nostro,
2686 3467 2798 3526 hoc
2823 3478 2927 3534 est,
2955 3468 3073 3542 ipse
3104 3470 3342 3542 Spiritus
3371 3469 3456 3525 Dei
3476 3468 3522 3522 in
3545 3480 3630 3537 quo
3648 3462 3721 3516 Pa-

2222 3566 2361 3615 trem
2377 3558 2546 3614 Deum
2568 3559 2865 3616 clamamus
2887 3560 3260 3618 testimonium
3283 3560 3446 3618 reddit
3462 3555 3635 3629 spiritui
3652 3567 3721 3609 no-

2224 3656 2360 3706 stro.
2384 3647 2485 3717 Qui
2502 3650 2725 3724 spiritus
2745 3659 2930 3707 noster
2949 3651 3087 3708 alius
3121 3652 3242 3709 sine
3262 3650 3414 3709 dubio
3430 3659 3504 3704 est
3522 3658 3650 3718 quam
3664 3638 3723 3696 vel

2221 3738 2311 3795 ille
2334 3740 2558 3811 spiritus
2580 3741 2877 3808 servitutis,
2904 3742 2995 3814 qui
3019 3742 3253 3799 daturin
3275 3738 3559 3807 timore,vel
3574 3736 3642 3791 hic
3656 3730 3720 3804 (ιιιί

2221 3828 2272 3887 ei
2297 3828 2364 3886 de
2391 3831 2733 3888 invocatione
2766 3831 2945 3889 Patris
2970 3830 3335 3893 testimonium
3355 3830 3551 3904 praebet.
3576 3826 3723 3883 Omnes

2222 3935 2351 3994 ergo
2397 3923 2668 3991 homines,
2702 3933 2780 3980 tut
2817 3925 3049 3992 videtur,
3090 3935 3329 4000 aguntur
3369 3923 3530 3993 aliquo
3558 3914 3718 3990 spirit“.

2223 4015 2365 4072 sicut
2396 4015 2510 4088 ipse
2538 4015 2737 4073 Paulus
2764 4017 2982 4089 scripsit
3026 4017 3079 4089 (Ι
3109 4018 3235 4074 Cor.
3266 4017 3361 4091 xu)
3388 4035 3401 4073 :
3432 4014 3567 4071 Scitis
3589 4018 3715 4064 astet!

2221 4113 2271 4158 et
2310 4120 2419 4172 vos,
2453 4121 2571 4159 cum
2619 4116 2793 4177 gentes
2840 4106 3039 4173 essetis,
3088 4106 3347 4179 quomodo
3371 4105 3436 4159 ad
3478 4099 3595 4157 idola
3613 4104 3715 4152 muta

2222 4195 2516 4267 agcbmnini
2529 4212 2548 4261 ;
2573 4196 2625 4251 in
2649 4198 2753 4253 hoc
2776 4197 3011 4253 ostendit
3030 4200 3158 4268 quia
3188 4199 3346 4255 etiam
3364 4203 3529 4267 gentes
3548 4192 3602 4245 ad
3618 4184 3715 4243 idola

2225 4303 2458 4366 aguntur
2495 4294 2677 4365 aliquo
2719 4293 2931 4365 spiritu.
2963 4293 3059 4351 Est
3104 4310 3237 4368 ergo
3270 4289 3487 4366 Spiritus
3518 4286 3615 4352 Dei,
3652 4278 3715 4352 φιί

2225 4383 2366 4439 idem
2396 4393 2482 4440 est
2522 4384 2757 4454 Spiritus
2784 4384 3008 4453 Christi,
3054 4386 3302 4455 idemque
3332 4379 3602 4457 et-Spiritus
3629 4383 3717 4427 san-

2224 4483 2344 4531 ctus
2360 4482 2475 4531 est:
2499 4473 2593 4531 sed
2623 4484 2677 4531 et
2699 4476 2924 4547 spiritus
2950 4477 3254 4548 adoptionis
3283 4474 3412 4532 idem
3432 4470 3525 4528 dici
3543 4467 3715 4526 videtur.

2223 4566 2364 4623 sicut
2421 4582 2660 4640 praesens
2710 4568 3037 4638 apostolicus
3088 4569 3326 4627 declarat
3371 4578 3548 4623 sermo.
3591 4550 3711 4612 David

2223 4674 2460 4731 quoque,
2492 4658 2582 4729 qui
2608 4660 2720 4715 ait:
2751 4658 3004 4733 Spiritum
3044 4671 3282 4716 sanctum
3321 4668 3457 4713 tuum
3479 4668 3533 4710 ne
3556 4647 3711 4717 auferat

2221 4770 2254 4807 a
2299 4769 2402 4819 me,
2441 4762 2488 4806 et
2536 4752 2723 4823 spiritu
2768 4751 3046 4824 principali
3091 4753 3337 4822 confirma
3375 4765 3450 4803 me
3487 4742 3625 4816 (Psol.
3657 4736 3710 4838 ti,

2223 4844 2292 4899 de
2326 4845 2515 4900 eodem
2540 4845 2722 4901 dicere
2751 4845 2981 4912 videtur,
3009 4860 3273 4917 quemque
3309 4837 3616 4915 principalem
3635 4843 3712 4898 5P"

2223 4934 2388 4990 ritum
2418 4946 2705 5007 propterea
2752 4935 2989 4992 arbitror
3038 4936 3381 4997 nominatum,
3430 4936 3483 4983 ut
3522 4918 3709 5015 ostende;

2225 5033 2375 5081 retur
2395 5041 2515 5081 esse
2532 5026 2746 5096 quidem
2772 5028 2967 5083 multos
3009 5027 3247 5097 spiritus,
3288 5023 3374 5079 sed
3400 5022 3448 5075 in
3472 5017 3545 5073 bis
3563 5011 3711 5103 primi:

2222 5124 2408 5186 patum
2438 5124 2493 5170 et
2515 5115 2938 5172 dominationem
2968 5116 3111 5173 hunc
3133 5114 3380 5187 Spiritum
3404 5109 3706 5165 sanctunwltt

2226 5216 2280 5264 et
2295 5206 2607 5278 principalis
2627 5206 2946 5278 appellatur,
2971 5217 3169 5263 tenere.
3187 5206 3332 5263 Sicut
3342 5203 3472 5258 enim
3482 5192 3706 5287 multi

2228 5277 2323 5352 ﬁlii
2342 5296 2460 5363 Dei,
2490 5306 2550 5351 ut
2570 5277 2849 5368 Scriptura
2877 5298 3008 5353 dicit
3033 5317 3046 5353 :
3072 5297 3181 5369 Ego
3201 5296 3329 5362 dixi,
3364 5292 3431 5347 dii
3448 5288 3552 5346 estis
3577 5291 3615 5339 et
3635 5277 3704 5348 ﬁlii

2228 5385 2438 5443 Επεεὶδί
2467 5404 2642 5443 omnes
2665 5388 2836 5460 (Psal.
2867 5388 3080 5462 Lxm),
3128 5404 3263 5446 unus
3291 5395 3451 5442 tame"
3472 5388 3543 5437 θεῖ

2227 5478 2396 5535 Filius
2424 5487 2479 5536 et
2508 5458 2829 5552 Unigenitus
2863 5481 2930 5537 de
2951 5458 3135 5549 Patre,
3159 5496 3253 5552 per
3292 5491 3436 5549 quem
3467 5479 3619 5526 omnes
3637 5458 3700 5552 ΙῖΙίξ

2226 5543 2717 5644 appellantuhvita
2745 5582 2801 5629 et
2827 5574 3051 5644 spiritus
3095 5543 3244 5630 multi
3280 5543 3475 5640 quidem
3499 5563 3617 5616 sunt,

2227 5683 2366 5725 unus
2384 5674 2488 5735 est,
2519 5666 2611 5738 qui
2654 5679 2781 5723 vere
2818 5682 2885 5725 ex
2924 5667 3039 5739 ipso
3063 5667 3171 5724 Deo
3213 5659 3451 5737 procedit,
3483 5649 3698 5709 etcrlcﬂ'
