4026 6180
324 380 349 426 1
361 371 464 427 με)

855 366 1401 427 ENARRATIONUM
1439 372 1504 426 IN
1544 368 1693 426 EPP.
1726 366 1937 426 PAULI
1969 368 2103 424 LIB.
2142 370 2231 425 lV.
2272 401 2340 411 -—
2368 367 2439 425 ΙΝ
2477 367 2693 427 ΕΡῙΞΤ.
2730 368 2822 424 AD
2854 363 3030 429 ROM.

3439 369 3579 424 “Si

310 490 572 545 munibus
623 488 869 543 vocabuli
913 504 978 543 ac
1031 488 1472 544 sanctiﬁcationis
1517 502 1631 542 sua:
1670 486 1896 556 gratiam
1930 489 1973 544 Λ
2004 484 2338 539 mandatum.
2382 484 2518 539 Nam
2545 483 2631 539 lea;
2662 494 2844 539 sancta
2872 491 2991 547 est,
3030 492 3079 537 et
3109 482 3418 540 mandatum
3446 503 3567 541 san-

318 582 509 635 donat.
542 578 696 645 Quod
729 588 910 633 autem
936 578 1129 651 plures.
1161 578 1270 632 sint
1310 577 1552 646 spiritus,
1595 574 1833 630 declarat
1857 581 1912 627 et

315 672 466 725 idem
486 667 687 723 Paulus
723 669 790 722 ad
812 668 1071 723 llebnnos
1100 668 1364 731 scril.cns,
1394 673 1448 720 et
1473 664 1656 719 dicens
1680 682 1694 718 :
1722 662 1911 716 Nonne

322 776 500 813 omnes
527 768 648 812 sunt
684 756 1048 811 ministeriules
1082 758 1296 828 spiritus
1328 757 1396 810 ad
1418 755 1761 809 ministerium
1790 754 1911 807 mis-

323 850 369 902 si
395 856 608 918 propter
631 863 717 900 eos
744 846 834 916 qui
855 847 1445 917 hwreditatcm‘capiunt
1465 843 1653 899 salutis
1674 845 1699 898 Σ)
1722 842 1907 913 (Hebr.

318 940 387 1009 ι).
414 937 523 993 Sed
548 945 604 993 et
632 936 804 990 David
838 936 1004 991 dicit":
1033 935 1136 1002 Qui
1164 937 1291 1007 facit
1318 934 1528 1006 angelos
1551 951 1673 989 suos
1698 936 1912 1005 spiritus

327 1027 501 1094 ('l’sal.
524 1027 620 1099 eu)
646 1044 661 1094 ;
695 1037 749 1081 et
790 1027 976 1083 Daniel
1002 1027 1351 1082 nihilominus
1384 1033 1633 1090 testatur,
1664 1034 1720 1080 et
1739 1024 1908 1079 dicit:

327 1118 647 1182 Benedicite,
693 1117 910 1187 spiritus
967 1130 1016 1172 et
1058 1117 1250 1171 anima:
1285 1116 1579 1186 justorunt,
1626 1115 1911 1169 Dominum

321 1208 591 1281 (Damni)
616 1225 631 1274 ;
662 1217 716 1262 et
745 1210 798 1262 in
823 1208 1074 1278 praesenti
1104 1207 1221 1261 loco
1244 1207 1441 1262 Paulus
1472 1225 1484 1257 :
1512 1206 1629 1277 Ipse
1660 1205 1911 1276 Spiritus,

330 1302 522 1368 inquit,
559 1300 908 1375 testimonium
939 1297 1105 1353 reddit
1131 1299 1336 1368 spiritui
1356 1297 1732 1370 nostro(Rom.
1757 1296 1909 1369 vin);

322 1402 385 1446 et
410 1393 462 1445 in
501 1391 659 1445 aliis:
702 1387 769 1442 Ut
805 1391 1004 1460 integer
1044 1390 1256 1459 spiritus
1300 1399 1496 1453 uester,
1525 1401 1573 1440 et
1602 1387 1816 1451 anima,
1865 1396 1914 1439 et

328 1497 516 1550 corpus
562 1481 616 1534 in
663 1480 746 1534 die
795 1480 1004 1533 Domini
1053 1479 1220 1532 nostri
1269 1476 1398 1531 Jesu
1447 1476 1639 1531 Christi
1685 1484 1916 1530 seruetur

324 1573 393 1644 (I
424 1572 601 1626 Thess.
634 1570 721 1642 v).
759 1569 889 1638 Quae
916 1569 1097 1624 omnia
1130 1568 1350 1623 dubium
1396 1582 1504 1622 non
1547 1575 1634 1622 est
1678 1565 1807 1636 quin
1848 1564 1915 1619 de

341 1660 753 1716 rationabilibus
781 1660 1058 1730 spiritibus
1076 1659 1219 1714 dicta
1244 1659 1372 1713 sint.
1399 1655 1749 1727 Appellantur
1773 1668 1913 1725 prm-

326 1760 483 1804 -terea
512 1750 735 1818 spiritus
786 1749 911 1803 mali
955 1756 1013 1803 et
1040 1747 1213 1819 angeli
1267 1748 1411 1812 mali,
1462 1747 1605 1802 sicut
1650 1756 1706 1800 et
1745 1744 1915 1799 David

2012 583 2152 627 ctum
2186 584 2232 629 et
2258 574 2467 643 justum
2500 583 2556 628 et
2579 573 2777 628 bonum
2807 588 2828 626 :
2863 571 2953 626 ille
2990 580 3172 628 autem
3199 572 3427 642 spiritus
3463 591 3576 631 ser-

2012 663 2200 719 vitutis
2237 680 2342 718 non
2371 664 2555 733 utique
2583 662 2788 729 bonus,
2822 676 2983 732 quem
3025 662 3301 732 accipiunt
3324 664 3417 732 qui
3442 680 3581 734 pra:-

2002 764 2168 825 cepta
2196 756 2333 809 date
2358 754 2493 824 legis
2519 755 2742 825 implere
2768 770 2878 810 non
2905 764 3167 825 possunt,
3192 755 3319 811 dum
3335 757 3586 813 serviunt

2006 846 2293 913 desideriis
2320 846 2645 911 carnalibus,
2676 846 2916 902 nondum
2942 846 3116 917 gratia
3131 845 3470 905 liberatoris
3493 863 3584 904 as-

2012 935 2210 1005 smnpti
2237 936 2292 990 in
2321 933 2555 991 ﬁliorum
2581 936 2924 1005 adoptionem
2950 954 2963 989 :
2991 936 3119 1006 quia
3147 943 3202 991 et
3229 936 3343 1007 ipse
3367 936 3588 1007 spiritus

2013 1025 2289 1080 servitutis
2328 1040 2436 1081 non
2473 1025 2640 1080 habet
2682 1041 3010 1097 quemquam
3042 1026 3435 1097 inpotestate,
3482 1028 3587 1083 nisi

2014 1115 2104 1186 qui
2116 1116 2167 1171 ei
2180 1132 2285 1187 per
2302 1115 2548 1172 ordinem
2564 1116 2759 1171 divina:
2777 1116 3130 1186 providentia:
3152 1117 3380 1173 traditus
3402 1116 3585 1182 fuerit,

2015 1207 2110 1261 Dei
2142 1205 2355 1275 iustitia
2382 1222 2481 1262 sua
2507 1207 2704 1277 cuique
2736 1206 3039 1262 tribuente.
3068 1205 3238 1273 Quam
3266 1218 3588 1280 potestatem

2015 1306 2296 1368 acceperat
2323 1298 2629 1370 Apostolus,
2656 1313 2782 1353 cum
2806 1297 2939 1353 dicit
2965 1299 3031 1353 de
3056 1299 3376 1368 mribusdam
3396 1318 3415 1354 :
3446 1301 3589 1367 Quos

2013 1390 2213 1442 tradidi
2232 1389 2467 1454 Summe,
2491 1398 2548 1442 ut
2570 1390 2775 1444 discant
2799 1406 2904 1443 non
2923 1388 3349 1461 blasphemareU
3375 1389 3509 1444 Tim.
3527 1390 3588 1460 I);

2015 1490 2071 1535 et
2100 1482 2296 1536 iterum
2326 1482 2393 1538 de
2420 1482 2564 1537 alio:
2594 1483 2723 1538 Jam
2738 1483 3004 1552 judicaoi,
3034 1483 3230 1554 inquit,
3259 1485 3469 1540 tradere
3492 1487 3592 1540 Itu-

2007 1571 2248 1640 jusmodi
2278 1568 2492 1626 Satana:
2521 1572 2576 1625 in
2599 1572 2866 1626 interitum
2893 1574 3069 1627 carnis
3087 1611 3104 1638 ,
3136 1582 3203 1627 ut
3242 1574 3421 1628 anima
3444 1572 3592 1628 salus

2013 1663 2080 1715 sit
2100 1661 2158 1733 -(1
2189 1659 2314 1716 Cor.
2341 1661 2417 1735 ν).
2448 1662 2553 1728 Qui
2574 1677 2706 1732 ergo
2733 1664 2967 1721 nondum
2995 1664 3097 1720 sub
3122 1665 3299 1735 gratia
3326 1675 3473 1729 sunt,
3496 1668 3588 1727 sed

2019 1754 2119 1809 sub
2158 1753 2274 1825 lege
2313 1753 2597 1811 constituti
2634 1755 2924 1811 vincuntur
2948 1756 3195 1823 peccatis
3230 1755 3303 1810 ad
3334 1756 3589 1812 obedien—

331 1840 503 1893 dieit:
535 1838 723 1892 Ernisit
745 1837 820 1893 eis
846 1839 981 1891 iram
1008 1836 1384 1907 indignationis
1423 1852 1557 1901 sum,
1585 1834 1912 1889 emissionem
1946 1840 1990 1898 Β
2020 1844 2147 1899 dum
2181 1844 2465 1899 desideriis
2498 1845 2828 1908 carnalibus,
2851 1846 3372 1914 θιρωνοηςειίοηρ
3396 1856 3593 1916 “seu

330 1948 424 2002 per
452 1931 662 2002 angelos
693 1930 859 1986 malos
886 1927 1061 2001 (l’sul.
1087 1926 1293 1999 Lxxvn)
1320 1945 1334 1994 ;
1362 1937 1419 1983 et
1442 1936 1499 1981 ut
1526 1928 1579 1982 in
1606 1926 1917 1997 Regnorum

335 2021 487 2075 libris
513 2021 772 2091 scriplum
806 2030 889 2075 est
918 2021 983 2075 de
1011 2019 1137 2074 Saul
1165 2038 1178 2072 :
1212 2018 1278 2072 Et
1306 2017 1535 2089 Spiritus
1567 2018 1780 2072 Domini
1806 2016 1918 2071 dis-

324 2113 485 2166 cessit
515 2131 548 2165 a
579 2110 737 2176 Sani,
781 2124 830 2166 et
859 2113 1150 2181 su/Ioeabat
1197 2128 1315 2166 eum
1345 2113 1559 2182 spiritus
1596 2110 1863 2181 malignus
1885 2125 1920 2162 a

335 2203 559 2257 Domino
598 2202 658 2275 (I
702 2202 828 2273 Reg.
863 2210 1022 2273 xvi);
1075 2212 1238 2273 utque
1278 2202 1333 2256 in
1366 2203 1505 2258 libro
1544 2201 1793 2257 Judicum
1837 2217 1922 2256 re-

336 2294 544 2346 l'ertnr:
580 2294 646 2349 Et
687 2295 899 2349 immisit
945 2293 1084 2348 Deus
1135 2294 1376 2365 spiritum
1421 2293 1743 2364 malignum,
1787 2293 1924 2346 inter

336 2388 566 2445 medium
612 2386 905 2441 Abimelcclt
948 2395 997 2441 et
1038 2387 1173 2441 inter
1218 2385 1444 2440 medium
1484 2387 1713 2441 uirorum
1751 2383 1923 2439 Siclti-

330 2496 543 2533 «morum
578 2478 774 2549 (Judic.
800 2480 898 2553 ix).
948 2479 1045 2535 Hic
1084 2494 1213 2550 ergo
1240 2479 1464 2549 spiritus
1501 2478 1795 2549 malignus,
1829 2475 1921 2546 qui

339 2569 537 2623 dicitur
575 2568 662 2623 vel
704 2569 882 2624 exisse
910 2579 971 2623 ut
1016 2567 1304 2623 suﬂ'ocaret
1338 2568 1488 2633 Saul,
1538 2567 1624 2621 vel
1650 2566 1922 2622 Abimele—

337 2662 497 2713 ehem
539 2659 915 2731 Sicbimosque
948 2667 1007 2713 ut
1030 2659 1330 2725 dirimeret,
1349 2667 1406 2714 ct
1433 2674 1465 2713 a
1490 2659 1717 2715 Domino
1747 2658 1923 2713 exisse

341 2772 407 2807 ae
436 2752 631 2808 missus
667 2767 789 2807 esse
840 2760 1171 2806 memoratur
1215 2762 1471 2820 tanquam
1518 2748 1760 2805 carnifex
1802 2748 1923 2820 qui-

342 2846 492 2905 dam,
523 2840 898 2912 intelligendus
940 2850 1023 2895 est
1069 2841 1265 2895 missus
1290 2841 1361 2895 ad
1387 2840 1676 2911 exigendas
1704 2841 1769 2896 dc
1791 2854 1922 2910 pec-

330 2934 843 3004 catoribuspmnas.
872 2933 938 2987 Et
962 2926 1210 3002 quamvis
1250 2933 1378 2987 mali
1420 2942 1639 3004 propter
1676 2930 1923 3002 proposi-

346 3037 458 3078 tum
484 3040 639 3080 suum
666 3023 1099 3093 voluntatemque
1127 3024 1390 3089 dicantur,
1417 3023 1472 3077 in
1510 3022 1596 3077 liis
1623 3030 1803 3075 tamen
1830 3021 1921 3090 qui

334 3130 502 3185 paena
525 3114 669 3184 digni
698 3124 822 3169 sunt
850 3114 1045 3168 divinae
1070 3113 1332 3168 voluntati
1372 3113 1630 3167 exhibent
1676 3111 1920 3166 ministe-

2018 1942 2230 1990 reatum
2258 1934 2547 1989 criminum
2574 1949 2818 1999 suorum,
2849 1934 3098 2003 spiritum
3123 1945 3456 2005 acceperunt
3479 1951 3595 1992 ser-

2017 2025 2226 2090 vitutis,
2254 2025 2308 2079 id
2321 2032 2424 2090 est,
2441 2024 2691 2095 spiritum
2717 2022 2835 2092 ejus
2849 2030 3279 2093 quipotestatem
3294 2027 3482 2081 mortis
3496 2026 3595 2081 bs-

2018 2119 2132 2174 bet.
2155 2116 2289 2173 Nam
2311 2116 2357 2172 si
2379 2116 2625 2186 spiritqu
2648 2116 2924 2172 servitutis
2946 2116 3122 2186 ipsum
3145 2116 3396 2186 spiritum
3423 2117 3595 2172 homi-

2019 2208 2105 2262 nis
2135 2206 2578 2273 intellexerimus,
2603 2206 2791 2276 incipit
2816 2214 2872 2261 et
2896 2206 3123 2275 spiritus
3148 2206 3455 2278 adoptionis
3482 2206 3598 2276 ipse

2021 2298 2244 2370 intelligi
2265 2338 2280 2363 ,
2308 2307 2561 2368 tanquam
2595 2299 2651 2354 in
2687 2297 2882 2354 melius
2918 2305 3301 2357 commutatus.
3330 2296 3447 2353 Sed
3468 2298 3593 2366 quia

2022 2391 2270 2461 spiritum
2309 2390 2613 2460 adoptionis
2656 2389 2916 2459 Spiritum
2968 2398 3217 2447 sanctum
3258 2390 3591 2460 accepimus,

2021 2498 2183 2555 quem
2198 2482 2482 2539 manifeste
2494 2484 2748 2550 ostendit,
2768 2498 2891 2538 cum
2903 2482 3037 2541 dicit
3057 2499 3071 2536 :
3092 2481 3215 2552 Ipse
3240 2479 3470 2551 Spiritus
3494 2491 3597 2535 tes-

2012 2573 2294 2629 timonium
2309 2572 2697 2643 reddittspiritui
2714 2582 2914 2637 nostra,
2930 2580 3101 2627 restat
3120 2580 3183 2626 ut
3209 2571 3456 2641 spiritum
3483 2584 3597 2627 ser—

2023 2666 2213 2721 vitutis
2237 2665 2387 2720 illum
2406 2662 2773 2735 intelligamus
2797 2663 2883 2721 cui
2916 2663 3162 2720 serviunt
3175 2671 3525 2735 peccatores;
3542 2671 3600 2717 ut

2022 2754 2473 2826 quemadmodum
2501 2753 2736 2824 Spiritus
2758 2762 2978 2809 sanctus
2996 2754 3251 2809 timorem
3272 2752 3471 2807 mortis
3490 2751 3604 2806 vin-

2024 2847 2071 2902 ci
2080 2847 2204 2911 t,sic
2216 2847 2440 2916 spiritus
2452 2844 3193 2915 servitutis,.quipotestatcm
3202 2843 3374 2899 habet
3387 2843 3595 2904 mortis,

2023 2938 2267 3008 ejusdem
2299 2939 2495 2993 mortis
2525 2947 2732 2993 terrore
2761 2952 2884 2992 reos
2914 2944 3125 2999 teneat,
3171 2943 3233 2993 ut
3268 2950 3327 2989 se
3353 2933 3419 2989 ad
3442 2933 3598 2989 Libev

2020 3028 2224 3083 ratoris
2277 3028 2533 3084 auxilium
2584 3028 2817 3099 quisque
2868 3034 3187 3091 convertat,
3250 3026 3415 3082 etiam
3478 3026 3596 3095 ipso

2026 3118 2238 3173 diabolo
2267 3118 2455 3183 invito,
2483 3118 2577 3189 qui
2605 3132 2729 3173 eum
2756 3129 2973 3186 semper
3002 3116 3055 3171 in
3094 3124 3365 3186 potestate
3393 3114 3595 3169 habere

345 3206 503 3258 riunt
522 3204 686 3259 Sicut
708 3212 761 3258 et
784 3203 894 3270 illa.
924 3204 989 3259 de
1010 3219 1117 3273 quo
1157 3203 1322 3257 refert
1351 3202 1600 3258 Michmas
1628 3201 1918 3272 ιπουιιεω,
1948 3212 1993 3273 c
2024 3212 2315 3267 desiderat.
2343 3210 2466 3265 Non
2488 3210 2646 3274 enim,
2665 3210 2763 3275 ait,
2779 3209 3050 3280 accepistis
3074 3210 3319 3278 ιρίνὲηιιιι
3339 3206 3599 3263 seruitutis

350 3295 577 3366 spiritus
609 3297 993 3365 mendaxoqui,
1046 3310 1168 3350 cum
1200 3309 1231 3349 a
1273 3294 1391 3348 Deo
1436 3294 1636 3348 dictum
1681 3292 1921 3347 luisset:

336 3388 477 3453 Quis
504 3388 709 3442 seducet
745 3388 871 3441 milii
896 3386 1110 3440 Achab?
1136 3385 1433 3455 Respondit
1466 3402 1479 3437 :
1518 3382 1631 3454 Ego
1657 3383 1922 3438 seducunt.

344 3477 414 3531 Et
473 3478 605 3531 dixit
653 3477 906 3532 Dominus
948 3492 967 3531 :
1005 3476 1074 3530 In
1122 3476 1265 3546 quo?
1303 3476 1389 3528 Ait
1422 3474 1521 3529 ille
1559 3490 1578 3529 :
1615 3474 1721 3529 Ero
1766 3475 1924 3545 spiri-

345 3580 432 3622 tus
482 3567 704 3621 mendax
743 3566 796 3620 in
837 3583 924 3620 ore
973 3565 1203 3619 omnium
1251 3564 1621 3634 praphetarum
1676 3562 1824 3632 ejus,
1874 3571 1930 3618 et

344 3660 522 3714 dicam
550 3668 616 3713 ut
639 3658 894 3712 ascendat
925 3656 980 3711 in
1028 3656 1249 3721 Galaad,
1287 3663 1343 3709 et
1384 3654 1457 3708 ibi
1488 3655 1665 3709 cadet.
1695 3653 1763 3707 Et
1793 3653 1927 3708 dixit

338 3752 637 3805 Dominus:
660 3748 840 3814 Vade;
867 3748 1101 3813 seduccs,
1126 3756 1173 3801 et
1202 3747 1410 3817 quidem
1435 3746 1623 3817 poteris
1650 3743 1769 3817 (Ill
1796 3743 1925 3815 Reg.

350 3850 506 3920 ιλιι).
539 3850 628 3905 Sic
661 3864 789 3920 ergo
821 3848 987 3903 etiam
1027 3848 1103 3905 bi.
1144 3862 1227 3916 qu.
1264 3846 1515 3902 dicuntur
1538 3845 1664 3900 mali
1686 3845 1926 3914 spiritus,

347 3940 581 3994 ollicium
632 3939 742 3993 Deo
789 3952 919 4008 erga
960 3951 1254 4006 pinnarum
1298 3935 1557 3990 exhibent
1607 3931 1926 3988 ministeria.

342 4033 783 4103 ~Suntprinterca
807 4041 863 4087 et
886 4031 974 4086 alii
996 4030 1238 4101 spiritus,
1257 4028 1324 4083 de
1343 4026 1539 4097 quibus
1563 4024 1694 4080 dicit
1720 4023 1925 4079 David:

352 4122 420 4178 In
431 4124 619 4193 spiritu
636 4121 866 4177 uiolente
886 4129 1114 4174 conteres
1130 4134 1283 4172 naves
1302 4115 1516 4170 Tharsis
1537 4112 1710 4185 (Psal.
1728 4112 1925 4185 xnvn),

347 4224 407 4268 et
446 4213 660 4283 spiritus
686 4209 927 4283 procella:
967 4210 1250 4274 dicuntur,
1297 4217 1351 4263 et
1403 4206 1616 4277 spiritus
1659 4206 1867 4259 ardoris
1908 4218 1928 4256 :

351 4319 488 4372 quos
512 4311 694 4356 tamen
721 4317 821 4372 ego
853 4300 1159 4356 materiales
1198 4298 1368 4369 magis
1393 4311 1555 4367 quam
1585 4294 1931 4351 rationabiles

355 4394 575 4463 spiritus
599 4394 803 4448 dixero.
823 4392 937 4446 Tali
958 4392 1121 4461 igitur
1134 4390 1200 4445 dc
1215 4388 1571 4459 appellatione
1583 4386 1805 4456 spiritus
1827 4386 1932 4441 dis-

345 4484 613 4537 tinctione
641 4481 938 4550 prmiiiissa,
968 4495 1109 4534 nunc
1150 4487 1343 4533 cetera
1368 4493 1777 4548 persequamur.
1795 4476 1929 4531 Cum

354 4583 531 4627 autem
550 4572 666 4625 ait:

430 4662 553 4716 Non
579 4662 717 4714 enim
763 4660 1031 4728 accepistis
1069 4658 1312 4727 spiritum
1362 4656 1622 4711 servitutis
1663 4657 1849 4711 iterum
1873 4657 1930 4712 in

356 4757 540 4809 timore
561 4766 579 4802 :
615 4753 704 4806 sed
727 4751 997 4820 accepistis
1020 4749 1261 4818 spiritum
1286 4749 1577 4818 adoptionis
1615 4748 1845 4817 filiorum
1872 4750 1928 4803 in

354 4863 457 4915 quo
507 4844 817 4905 clamamus,
865 4839 1009 4893 Abba
1072 4836 1252 4891 Pater.
1303 4837 1486 4909 (Aug.)
1512 4838 1927 4895 EvidentiSSitne

354 4940 582 4988 duorum
633 4931 1102 4985 Testamentorum
1156 4928 1408 4983 distincta
1467 4938 1592 4983 sunt
1648 4941 1924 5000 tempora:

354 5024 485 5077 illud
513 5023 654 5077 enim
685 5024 750 5077 ad
781 5023 1026 5077 timorem
1079 5022 1341 5090 pertinet;
1390 5035 1587 5074 novum
1633 5030 1810 5076 autem
1856 5023 1923 5076 ad

352 5116 690 5169 eliaritatem.
722 5114 827 5169 Sed
854 5114 1118 5183 quan-itur
1143 5113 1263 5182 quis
1288 5112 1358 5167 sit
1377 5113 1599 5182 spiritus
1621 5112 1927 5167 servitutis?

356 5206 488 5259 Nam
536 5206 756 5275 spiritus
807 5204 1110 5274 adoptionis
1169 5203 1395 5257 ﬁliorum
1442 5202 1630 5272 utique
1694 5202 1926 5271 Spiritus

356 5288 577 5353 sanctus
606 5306 706 5352 est.
753 5295 985 5365 Spiritus
1022 5311 1151 5365 ergo
1178 5293 1453 5349 servitutis
1494 5294 1549 5347 in
1598 5294 1809 5357 timore,
1840 5292 1925 5346 ille

355 5400 440 5446 est
472 5390 565 5460 qui
590 5398 908 5459 potestatem
939 5389 1099 5443 liabet
1133 5388 1341 5448 mortis,
1371 5388 1495 5455 quia
1520 5387 1571 5440 in
1597 5387 1710 5454 ipso
1735 5386 1924 5439 timore

354 5496 452 5550 per
479 5490 640 5535 totam
668 5481 835 5534 vitam
890 5479 968 5532 rei
1007 5489 1162 5533 erant
1200 5478 1471 5532 servitutis
1521 5476 1608 5544 qui
1660 5477 1758 5528 sub
1811 5475 1924 5544 lege

354 5572 617 5640 agebant,
663 5585 770 5623 non
805 5570 905 5624 sub
950 5568 1142 5639 gratia.
1184 5566 1293 5622 Nec
1336 5566 1638 5619 minantium
1667 5573 1748 5617 est
1784 5562 1925 5632 quod

359 5677 478 5715 eum
507 5667 830 5729 acceperunt
855 5673 953 5729 per
978 5658 1214 5712 divinam
1250 5656 1632 5726 providentiam
1659 5654 1748 5722 qui
1788 5655 1927 5707 bona

358 5752 666 5820 temporalia
719 5750 1091 5811 sectabantur,
1133 5765 1235 5802 non
1285 5748 1407 5816 quia
1451 5746 1615 5813 ipsius
1656 5754 1737 5799 cst
1763 5745 1847 5800 lex
1873 5754 1929 5797 ct

672 5843 943 5902 Psrnon.
1000 5840 1163 5902 CXI.

2021 3302 2210 3357 iterum
2226 3302 2288 3354 in
2311 3301 2515 3354 timore.
2545 3298 2683 3366 Quid
2708 3309 2791 3357 est
2814 3300 3001 3354 iterum
3017 3300 3043 3352 ?
3066 3298 3337 3368 quernodo
3361 3306 3599 3371 terrente

2025 3393 2410 3449 molestissimo
2434 3392 2751 3462 .pazdagogo.
2791 3390 2932 3459 Quid
2963 3401 3050 3446 est
3083 3390 3320 3447 item!
3362 3390 3507 3445 sicut
3543 3388 3597 3443 in

2026 3492 2210 3538 monte
2239 3482 2372 3537 Sina
2400 3481 2690 3557 accepistis
2724 3480 2975 3551 spisitutn
2999 3478 3300 3537 servitutis.
3333 3478 3488 3535 Dicet
3502 3477 3601 3532 ali-

2026 3575 2148 3645 quis
2181 3588 2196 3628 :
2226 3572 2380 3629 Alius
2407 3581 2493 3628 est
2525 3571 2746 3642 spiritus
2781 3570 3078 3637 servitutis,
3108 3570 3248 3627 alius
3279 3568 3503 3641 spiritus
3528 3566 3595 3621 li-

2026 3665 2353 3723 bertatis.Si
2370 3664 2511 3719 alius
2532 3672 2699 3727 esset,
2715 3678 2821 3719 non
2842 3664 3043 3719 diemet
3062 3661 3352 3731 Apostolus
3373 3660 3595 3721 iterum;

2028 3757 2169 3813 idem
2198 3770 2326 3826 ergo
2354 3754 2607 3823 spiritus,
2640 3751 2735 3808 sed
2766 3753 2826 3807 in
2866 3750 3064 3806 talnslis
3101 3750 3327 3820 lapideis
3356 3750 3413 3804 in
3434 3750 3600 3804 timo-

2028 3862 2174 3911 rem;
2206 3848 2259 3901 in
2290 3844 2485 3899 tabulis
2509 3842 2690 3901 cordis
2716 3843 2771 3896 in
2800 3841 3162 3897 Medionem.
3202 3840 3444 3895 Audistis
3467 3854 3601 3908 quo-

2028 3936 2188 3991 modo
2215 3936 2373 4004 longe
2406 3934 2635 4005 positam
2660 3931 2880 4002 plebem
2908 3945 3090 3995 voces,
3116 3930 3284 3999 ignis,
3302 3927 3512 3993 afuimus,
3544 3928 3598 3984 in

2029 4037 2212 4082 monte
2249 4026 2562 4089 terrebant;
2600 4020 2870 4093 quomodo
2896 4028 3075 4076 autem
3104 4019 3327 4079 veniant
3365 4018 3600 4088 Spiritus

2030 4124 2249 4172 sanctus
2276 4113 2449 4184 igneis
2482 4112 2676 4183 linguis
2703 4126 2866 4181 super
2892 4120 3330 4178 unumquemque
3358 4107 3598 4176 discipu-

1960 4244 1966 4252 .
2029 4206 2203 4260 lorum
2234 4203 2503 4260 inciderit.
2556 4201 2670 4259 lam
2706 4216 2836 4271 ergo
2872 4214 2979 4254 non
3023 4198 3078 4252 in
3118 4199 3349 4259 timore,
3400 4197 3497 4251 sed
3545 4196 3600 4251 in

2030 4300 2348 4365 dilectione,
2391 4306 2444 4353 ut
2481 4314 2587 4352 non
2617 4296 2792 4360 servi,
2837 4294 2933 4349 sed
2963 4291 3059 4346 lilii
3087 4291 3276 4346 simus.
3323 4290 3425 4356 Qui
3442 4291 3601 4346 enim

2030 4397 2207 4450 adhuc
2240 4394 2361 4448 ideo
2390 4394 2526 4448 bene
2554 4391 2672 4455 ait,
2713 4389 2837 4459 quia
2866 4402 3082 4459 poenam
3114 4386 3304 4452 timet,
3344 4395 3403 4440 et
3431 4385 3599 4440 Deum

2031 4501 2138 4539 non
2174 4492 2359 4548 amat,
2392 4482 2636 4537 nonduin
2678 4488 2765 4535 est
2806 4480 2949 4534 inter
2974 4478 3137 4543 ﬁlios,
3178 4478 3383 4531 utinam
3423 4486 3543 4530 tam.
3567 4492 3601 4529 ιι

1949 4561 2004 4621 Β
2030 4576 2114 4631 vel
2142 4590 2359 4646 pinnam
2376 4575 2589 4629 timeat.
2615 4573 2802 4627 Timor
2827 4585 3017 4625 servus
3042 4577 3148 4634 est,
3168 4569 3406 4624 oliui-itas
3423 4566 3600 4622 libera

2031 4676 2131 4723 est.
2174 4666 2283 4721 Fac
2311 4664 2396 4721 vel
2434 4665 2628 4719 timore
2650 4679 2851 4734 ptume,
2883 4661 2932 4717 si
2963 4663 3200 4717 nondum
3220 4668 3380 4730 potas
3408 4673 3603 4713 amore

2025 4758 2268 4830 iustitiae.
2326 4756 2516 4812 Veniet
2553 4754 2769 4810 domina
2805 4763 2866 4809 et
2894 4768 3085 4809 servus
3130 4751 3423 4815 abscedet,
3471 4750 3599 4818 quia

2028 4846 2637 4904 ronsmnmatacliaritas
2659 4845 2803 4913 {oras
2823 4844 2980 4898 mittit
2998 4844 3237 4897 timorem
3253 4839 3305 4909 (I
3325 4840 3483 4893 Joan.
3501 4839 3596 4907 Iv).

2031 4938 2243 5011 [Greg.]
2277 4938 2491 4993 Pomlus
2529 4937 2709 5005 itaque
2736 4933 3037 4989 formidinis
3072 4947 3225 4987 mens
3259 4929 3417 4983 electi
3455 4937 3600 4997 post-
3646 4976 3647 4979 η

2030 5038 2229 5100 ponat,
2270 5031 2323 5083 in
2352 5030 2550 5082 virtute
2582 5040 2641 5081 se
2674 5025 2877 5080 amoris
2903 5029 3190 5084 exerceat,
3231 5019 3603 5075 renovationis

2028 5134 2139 5171 sua:
2168 5118 2483 5188 dignitatem
2514 5116 2813 5178 desideret,
2854 5120 2912 5167 et
2938 5111 3007 5166 ad
3035 5110 3330 5164 conditoris
3366 5109 3449 5164 sui
3480 5122 3602 5177 spe-

2029 5208 2165 5261 ciem
2183 5206 2401 5260 anhelet
2427 5223 2439 5257 :
2465 5219 2626 5274 quem
2653 5216 2934 5271 quousque
2966 5200 3277 5268 conspicere
3305 5212 3412 5253 non
3435 5196 3598 5261 valet,

2028 5298 2386 5352 :eternitatem
2412 5296 2527 5366 ejus
2555 5309 2773 5349 necesse
2799 5303 2901 5356 est,
2933 5294 2984 5347 id
3015 5301 3118 5357 est,
3147 5292 3392 5346 intimum
3419 5290 3599 5345 cibum

2028 5403 2185 5442 suum
2214 5387 2458 5441 esuriens
2484 5393 2782 5454 exspectet.
2826 5383 3027 5456 (οπερ.)
3055 5384 3328 5450 Scriptum
3353 5390 3438 5438 cst
3461 5391 3517 5436 et
3541 5381 3597 5435 in

2033 5476 2293 5531 Malacliia
2341 5476 2640 5543 propheta:
2680 5472 2853 5527 Filius
2901 5473 3215 5541 honori/iecit
3245 5482 3502 5551 patrem,
3548 5478 3621 5529 α,

2030 5581 2204 5618 seruus
2231 5564 2497 5616 dominum
2528 5579 2681 5615 suum
2704 5576 2722 5612 :
2754 5572 2802 5615 et
2830 5562 2877 5615 si
2906 5558 3070 5613 Pater
3094 5577 3210 5613 sum
3236 5576 3350 5628 ego,
3396 5558 3482 5612 ubi
3521 5568 3598 5612 est

2032 5653 2199 5706 honor
2227 5652 2417 5705 meus?
2450 5650 2517 5705 Et
2546 5653 2593 5704 si
2623 5650 2876 5705 Dominus
2912 5665 3027 5704 sum
3058 5664 3172 5718 ego,
3206 5648 3293 5700 ubi
3328 5656 3403 5702 est
3438 5648 3599 5703 timor

2034 5760 2177 5797 meus
2201 5744 2225 5796 ?
2253 5743 2375 5798 dicit
2406 5742 2658 5797 Dominus
2685 5743 3024 5811 omnipotens.
3076 5739 3293 5794 Certum
3333 5747 3415 5794 est
3451 5740 3595 5793 cuius

3076 5829 3153 5890 illi
