4026 6180
593 252 723 326 fast

1233 268 1293 321 B.
1335 264 1585 322 BABANI
1624 264 1840 323 MAURI
1878 264 2190 322 ARCHIEP.
2231 265 2539 322 MOGUNT.
2577 262 2859 322 OPERUM
2892 264 3065 321 PARS
3098 258 3178 323 Ill.

3590 280 3682 340 MSS

583 367 725 455 quod
771 383 910 438 ﬁlius
956 387 1077 452 quis
1125 373 1221 437 Dei
1264 395 1359 451 per
1408 370 1715 451 adoptionis
1756 382 2006 452 spiritum
2049 381 2164 445 ﬁat,
2197 387 2239 441 Α
2270 396 2457 435 smnus
2495 380 2590 435 ﬁlii
2631 382 2762 444 Dei,
2812 391 3153 451 posteaquam
3197 383 3259 437 ab
3294 384 3454 452 Spiritu
3492 389 3689 445 servitutis

583 487 773 531 servus
798 478 982 527 autem
1012 472 1121 526 Dei
1160 487 1264 542 per
1303 473 1550 541 spiritum
1588 474 1883 527 servitutis.
1938 474 2151 527 Initium

583 581 713 635 ergo
752 561 1019 618 serviendi
1062 560 1211 624 Deo,
1259 562 1383 630 quia
1431 561 1639 614 initium
1687 562 1955 632 sapientiw
2000 562 2156 614 timor

582 655 796 709 Dumini
824 663 898 707 est
927 652 1099 725 (Psal.
1130 667 1227 717 cx;
1261 650 1404 705 Eccl.
1430 652 1497 721 ι),
1538 666 1637 722 per
1663 653 1909 722 spiritum
1949 648 2156 707 timoris

584 746 862 816 impletur,
902 759 1023 799 cum
1052 742 1307 812 parvulus
1335 742 1508 797 adhuc
1537 743 1657 812 quis
1684 743 1899 797 dicitur.
1928 743 1995 796 Et
2024 758 2150 812 par-

583 836 722 890 vulis
747 835 961 904 quidem
991 832 1314 903 paedagogus
1343 841 1427 887 est
1457 833 1641 887 timor.
1671 830 1826 887 Unde
1850 840 1906 887 et
1927 833 2153 901 Aposto-

586 929 668 982 lus
709 929 776 983 de
817 927 908 981 tali
951 925 1178 995 parvulo
1208 924 1342 979 dicit
1371 922 1513 997 (Gal.
1543 923 1658 996 tv):
1695 921 1946 989 Quandiu
1989 925 2154 978 Iuvres

578 1017 827 1088 parvulus
854 1026 960 1080 est,
995 1014 1139 1068 nihil
1168 1014 1346 1083 diﬁ‘ert
1379 1030 1413 1067 a
1446 1022 1615 1077 servo,
1656 1025 1774 1066 cum
1811 1013 1877 1066 sit
1910 1011 2152 1066 dominus

577 1110 811 1162 onmium
836 1121 856 1159 :
878 1106 969 1161 sed
989 1104 1084 1158 sub
1108 1103 1365 1158 tutoribus
1387 1112 1459 1157 est
1481 1113 1527 1156 et
1548 1100 1972 1172 procuratoribus
1996 1116 2155 1171 usque

578 1198 648 1251 ad
680 1196 1000 1267 prtefinitum
1032 1204 1232 1264 tempus
1261 1209 1293 1245 a
1320 1201 1509 1262 patre:
1545 1191 1623 1244 ita
1651 1200 1696 1244 et
1725 1200 1842 1256 nos,
1873 1207 1989 1245 cum
2014 1203 2154 1244 esse-

573 1305 692 1341 mus
727 1284 956 1357 parvuli,
986 1284 1081 1337 sub
1112 1281 1376 1336 elementis
1404 1280 1562 1350 hujus
1588 1280 1773 1334 mundi
1809 1297 2015 1334 eramus
2043 1296 2155 1333 ser-

576 1378 790 1433 uientes.
842 1377 1005 1432 Vides
1029 1415 1044 1441 ,
1102 1374 1398 1429 secundum
1454 1388 1767 1429 concessam
1816 1373 1916 1428 sibi
1966 1389 1995 1427 a
2043 1374 2155 1428 Deo

574 1467 896 1537 sapientiam
916 1505 932 1531 ,
962 1463 1162 1519 Paulus
1201 1462 1472 1533 quomodo
1512 1462 1734 1532 spiritus
1764 1462 2037 1516 servitutis
2061 1462 2153 1531 qui

574 1558 775 1610 dantur
793 1555 848 1609 in
870 1555 1068 1608 timore
1096 1553 1185 1607 hic
1206 1559 1412 1606 tutores
1439 1551 1784 1621 parvulorum
1816 1557 1871 1605 et
1899 1566 2154 1620 procura-

576 1653 722 1699 tores
773 1640 1162 1712 appellaverit,
1219 1640 1311 1709 qui
1363 1653 1804 1708 unumquemque
1855 1647 2103 1692 nostrum
2135 1679 2149 1703 ,

2262 471 2316 526 in
2363 471 2667 540 adoptionis
2711 471 2961 540 spiritum
3004 471 3313 535 venerimus,
3353 486 3453 525 cum
3483 474 3570 542 jam
3601 478 3690 532 nihil

2264 564 2401 617 inest
2421 563 2650 627 timoris,
2672 562 2726 616 id
2748 569 2850 626 est,
2874 562 3004 616 nihil
3020 568 3235 631 propter
3252 569 3423 616 metum
3440 578 3573 632 [mare
3599 569 3690 635 geri-

2261 664 2402 717 mus,
2430 654 2522 707 sed
2549 662 2770 722 propter
2797 666 3035 706 amorem
3075 651 3237 722 patris
3265 662 3432 706 cuneta
3452 655 3691 722 perﬁciinus.

2256 743 2377 814 Ipse
2415 759 2536 812 ergo
2564 741 2795 812 Spiritus
2828 743 3170 796 testimonium
3193 742 3344 795 reddit
3365 745 3531 813 spiritui
3554 760 3693 815 nostra,

2255 831 2393 902 quod
2437 845 2616 885 sumus
2663 830 2761 899 ﬁlii
2810 829 2927 883 Dei.
2973 829 3173 900 (Aug)
3215 828 3321 884 Non
3358 831 3537 899 spiritus
3570 846 3695 888 noster

2259 922 2625 977 testimonium
2669 920 2847 975 reddit
2883 919 3089 989 spiritui
3115 928 3289 975 nostro
3322 922 3428 990 quia
3453 938 3596 978 sumus
3631 926 3692 980 lilii

2256 1014 2372 1077 Dei,
2405 1015 2498 1068 sed
2548 1012 2784 1083 Spiritus
2836 1011 2931 1067 Dei
2982 1028 2997 1066 :
3046 1013 3201 1067 arrha
3241 1015 3391 1068 reddit
3429 1018 3693 1073 testimonium

2255 1113 2354 1172 pro
2380 1117 2441 1157 ea
2472 1114 2531 1155 re
2556 1115 2675 1170 qua:
2713 1101 2868 1155 nobis
2902 1101 3181 1170 promissa.
3230 1100 3428 1173 (Ambr)
3456 1104 3565 1158 Bene
3585 1121 3694 1175 agen-

2256 1189 2400 1244 tibus
2442 1187 2597 1243 nsbis
2620 1228 2635 1253 ,
2683 1195 2738 1242 et
2776 1201 2874 1256 per
2919 1188 3022 1242 hoc
3058 1189 3227 1257 ipsum
3266 1201 3482 1244 manente
3516 1193 3557 1244 in
3594 1194 3696 1283 nobis

2256 1276 2460 1345 Spiritu
2490 1286 2701 1342 sancto,
2716 1278 2843 1332 huic
2866 1277 2980 1332 voci
3009 1285 3064 1333 et
3088 1278 3260 1332 animo
3286 1288 3446 1333 nostro
3462 1296 3547 1349 quo
3563 1276 3696 1335 clama-

2254 1382 2376 1422 mus
2418 1367 2473 1421 in
2513 1373 2761 1423 oratione
2796 1367 2967 1433 Abba,
3017 1369 3068 1422 id
3107 1377 3187 1423 est
3225 1369 3384 1435 Pater,
3428 1370 3608 1440 Spiritus
3638 1374 3697 1427 Dei

2256 1458 2627 1513 testimonium
2672 1444 2802 1524 dat,
2845 1458 2972 1513 dum
3016 1468 3193 1514 manet
3228 1460 3276 1513 in
3316 1460 3480 1525 nobis;
3518 1462 3697 1530 quoniam

2255 1562 2359 1600 non
2389 1555 2591 1602 temere
2617 1547 2848 1602 dicimus
2860 1546 3029 1613 Abba,
3049 1546 3217 1603 Pater.
3239 1550 3435 1619 Dignam
3457 1551 3571 1605 enim
3588 1552 3697 1604 vitam

2252 1638 2380 1694 huic
2414 1639 2530 1694 voci
2559 1639 2943 1704 exhibeamus;
2973 1649 3029 1694 et
3063 1640 3162 1695 hoc
3185 1649 3262 1695 est
3285 1641 3586 1695 testimonium
3610 1641 3698 1695 ﬁlio-

573 1736 745 1789 donec
771 1734 1026 1804 parvulus
1059 1739 1174 1797 est,
1207 1730 1501 1787 secundum
1533 1730 1846 1784 interiorem
1876 1728 2148 1784 hominem
2186 1726 2229 1783 Β
2256 1745 2397 1796 rum,
2443 1730 2487 1785 si
2533 1731 2585 1784 in
2630 1730 2710 1785 eis
2750 1746 2849 1800 per
2890 1729 3150 1801 Spiritum
3187 1731 3415 1786 videatur
3445 1732 3609 1801 signum
3639 1747 3699 1800 pa-

572 1824 627 1877 in
669 1824 862 1878 timore
884 1821 1193 1885 custodiat,
1234 1832 1512 1889 usquequo
1553 1819 1621 1873 ad
1661 1819 1712 1873 id
1761 1818 1936 1873 aetatis
1974 1818 2155 1872 veniat

571 1930 679 1983 quo
708 1914 955 1984 spiritum
976 1911 1291 1980 adoptionis
1322 1909 1553 1964 ﬁliorum
1584 1918 1860 1965 mereatur
1882 1910 2149 1980 accipere,

570 2014 626 2061 et
645 2006 842 2075 sitiam
868 2004 1010 2059 ﬁlius
1029 2019 1099 2058 ac
1113 2003 1362 2058 dominus
1381 2003 1644 2057 omnium.
1662 2001 1861 2058 Omnia
1879 2004 2045 2069 enim,
2070 2004 2151 2057 in.

569 2097 708 2167 quit,
725 2105 893 2150 vestra
908 2100 1144 2161 sunt,~et,
1167 2109 1284 2147 cum
1304 2092 1513 2147 Christo
1534 2093 1681 2148 nobis
1698 2094 1837 2149 Deus
1860 2096 2034 2149 omnia
2055 2094 2153 2148 do—

571 2186 728 2240 nauit.
761 2183 876 2240 Hoc
901 2199 1030 2256 ergo
1062 2191 1147 2239 est
1174 2181 1316 2253 quod
1340 2181 1499 2238 docet
1524 2183 1744 2249 Paulus,
1777 2185 1901 2253 quia
1932 2194 2148 2255 postea-

567 2293 729 2349 quam
751 2277 1075 2333 commortui
1103 2291 1291 2332 sumus
1318 2274 1565 2340 Christo,
1594 2284 1650 2332 et
1676 2276 1910 2349 Spiritus
1933 2277 2050 2348 ejus
2071 2278 2151 2335 l'a-

568 2376 688 2422 ctus
711 2375 795 2422 est
822 2367 875 2421 in
904 2366 1084 2432 nobis,
1104 2381 1211 2422 non
1240 2367 1437 2421 iterum
1469 2367 1717 2438 spiritum
1749 2369 2028 2426 servitutis
2056 2387 2148 2428 ac-

568 2455 807 2524 cepimus
841 2455 895 2509 in
926 2456 1150 2522 timore,
1182 2456 1285 2511 hoc
1325 2465 1441 2521 est,
1483 2471 1590 2512 non
1638 2473 1826 2514 rursus
1855 2461 2061 2529 parvuli
2094 2473 2150 2517 et

530 2597 539 2609 ,
569 2546 718 2600 initia
739 2545 1001 2601 habentes
1024 2544 1205 2601 ell‘ecti
1223 2561 1431 2611 sumus,
1449 2548 1541 2603 sed
1564 2550 1718 2618 quasi
1740 2550 1961 2620 perfecti
1981 2556 2146 2607 semel

560 2635 675 2705 jam
723 2635 1035 2704 accepimus
1080 2635 1327 2704 spiritum
1376 2638 1702 2705 adoptionis,
1734 2639 1789 2692 iu
1821 2656 1924 2709 quo
1959 2641 2145 2712 spiritu

567 2724 888 2790 clamamus,
926 2724 1071 2778 Abba
1120 2722 1302 2779 Pater.
1352 2724 1537 2796 Neque
1576 2726 1720 2781 enim
1758 2736 1964 2797 patrem
2009 2731 2145 2785 alius

566 2816 690 2884 quis
720 2814 823 2870 nisi
844 2814 992 2870 illius
1014 2822 1191 2870 vocat.
1223 2815 1407 2888 (Ααῃ.)
1436 2815 1656 2872 Clamor
1695 2818 1797 2873 iste
1824 2820 2005 2874 cordis
2030 2830 2141 2886 est,

566 2921 672 2959 non
704 2904 971 2972 faucium,
1013 2921 1119 2961 non
1162 2906 1429 2962 labiorum
1474 2923 1488 2961 :
1534 2907 1680 2963 intus
1709 2917 1895 2974 sonat,
1927 2911 2145 2966 auribus

566 2997 658 3052 Dei
681 3005 855 3051 sonat.
875 2996 1071 3054 Clauso
1089 3012 1185 3053 ore
1206 2998 1468 3069 labiisque
1490 2998 1747 3066 immotis,
1770 3000 2013 3057 Susanna
2041 3002 2143 3057 ista

2256 1826 2486 1873 ternum.
2504 1817 2561 1874 Si
2580 1831 2750 1874 autem
2764 1820 2887 1889 lilii,
2910 1831 2958 1875 et
2971 1820 3220 1887 hreredes,
3233 1821 3434 1875 heredes
3450 1822 3608 1892 quidem
3620 1821 3698 1885 Dei,

2255 1910 2554 1965 cohreredes
2598 1920 2771 1964 autem
2812 1911 3031 1966 Christi.
3075 1910 3260 1983 (0rig.)
3296 1910 3383 1968 Hic
3407 1911 3500 1981 jam
3534 1912 3699 1983 syllogis-

2255 2016 2402 2055 mum
2455 2002 2623 2056 ncctit
2662 2002 2979 2072 Apostolus,
3026 2012 3083 2057 et
3126 2004 3266 2058 dicit.
3310 2002 3361 2057 Si
3417 2002 3609 2072 spiritum
3637 2002 3698 2053 ad-

2249 2094 2485 2164 optionis
2531 2094 2871 2164 accepimus,
2911 2108 3043 2166 ergo
3090 2094 3180 2149 ﬁlii
3221 2109 3404 2151 sumus.
3429 2093 3551 2161 Quod
3580 2094 3612 2148 si
3641 2090 3699 2147 lilii

2250 2202 2467 2254 sumus,
2496 2187 2614 2243 sine
2658 2188 2821 2243 dubio
2863 2197 2917 2242 et
2959 2188 3214 2244 bazredes.
3255 2187 3511 2242 Mercedem
3542 2198 3702 2253 namque

2250 2297 2437 2338 servus
2481 2287 2778 2351 exspectat,
2820 2281 3188 2337 brereditatem
3227 2289 3387 2336 autem
3417 2279 3532 2333 ﬁlius
3562 2284 3699 2348 sperat

2249 2372 2317 2426 Et
2343 2387 2530 2427 rursus
2553 2370 2694 2425 aliud
2718 2371 2866 2425 addit
2889 2371 3245 2427 conclusionis
3268 2377 3558 2442 augmentum
3586 2364 3702 2420 :He-

2249 2463 2393 2516 redes
2417 2462 2625 2533 quidem
2649 2462 2767 2527 Dei,
2795 2464 3090 2517 coha’redes
3117 2470 3282 2516 autem
3317 2460 3499 2516 Christi.
3537 2458 3701 2531 (Ambn)

2247 2549 2380 2605 Cum
2422 2551 2561 2605 Deus
2597 2548 2761 2604 Pater
2811 2549 2956 2604 nullo
3001 2551 3161 2605 modo
3203 2559 3421 2603 mortuus
3453 2548 3586 2618 possit
3608 2545 3700 2605 dici.

2246 2641 2495 2697 Christus
2522 2640 2690 2695 Filius
2711 2640 2829 2707 ejus
2858 2649 3105 2695 mortuus
3136 2641 3336 2696 dicatur
3364 2653 3501 2694 causa
3524 2638 3699 2691 incarna-

2250 2730 2565 2801 tionis,quid
2585 2739 2668 2785 cst
2688 2740 2746 2785 ut
2767 2732 2972 2801 hic,qui
2997 2742 3235 2787 mortuus
3253 2741 3343 2797 est,
3358 2744 3533 2800 semper
3543 2725 3702 2782 viventis

2246 2821 2419 2876 harres
2440 2837 2558 2876 esse
2579 2823 2804 2885 dicatur,
2823 2836 2945 2878 cum
2971 2824 3208 2880 hteredes
3230 2825 3395 2893 utique
3414 2840 3499 2878 non
3516 2822 3593 2877 nisi
3609 2832 3701 2874 tuor-

2250 2919 2459 2963 tuorum
2488 2910 2640 2965 sint?
2666 2909 2774 2966 Sed
2802 2912 2916 2966 haec
2937 2927 3103 2967 causa
3127 2913 3444 2967 lmmanitatis
3461 2926 3545 2965 non
3565 2909 3699 2964 divini-

2251 3002 2378 3054 tatis
2424 3008 2526 3055 est.
2580 2998 2713 3053 Nam
2758 3000 2898 3070 apud
2945 3000 3117 3056 Deum
3162 3017 3276 3071 quae
3315 3001 3439 3070 apud
3479 3014 3555 3053 nos
3587 2997 3699 3051 haere-

566 3087 977 3143 voceclamahat
997 3088 1160 3160 (Dan.
1179 3087 1301 3160 xu).
1324 3066 1431 3144 C(ir
1451 3089 1665 3155 clamet,
1687 3087 1847 3144 Pater
1866 3101 2041 3146 noster
2057 3093 2145 3161 qui
2172 3066 2217 3128 Ο
2249 3089 2390 3143 ditas
2416 3089 2635 3154 dicitur,
2659 3066 2856 3145 donum
2878 3092 3050 3160 patris
3078 3092 3133 3146 in
3158 3066 3288 3147 ﬁlios
3306 3066 3567 3147 obedientes
3587 3097 3703 3141 trans.

565 3196 619 3234 es
649 3183 703 3234 in
733 3180 896 3236 cwlis.
929 3181 1108 3247 Quare
1136 3199 1243 3237 non
1273 3192 1482 3239 tantum
1508 3182 1709 3239 Pater-.9
1730 3186 1871 3253 Quid
1900 3188 2002 3243 sibi
2035 3189 2147 3243 vult

567 3271 714 3324 Abba
745 3270 907 3325 Pater
927 3273 953 3325 .9
981 3270 1039 3327 Si
1069 3273 1213 3326 enim
1239 3287 1450 3342 quaeras
1484 3275 1613 3344 quid
1640 3276 1710 3329 sit
1737 3276 1890 3342 abba,
1922 3293 2145 3348 respons

565 3361 724 3415 detur
752 3360 881 3425 tibi,
911 3370 1077 3430 pater.
1104 3361 1255 3417 Abba
1284 3361 1428 3417 enim
1461 3362 1723 3420 Hebraice
1748 3376 1897 3433 pater
1921 3366 2140 3423 dicitur.

567 3450 746 3517 Quare
782 3458 1073 3520 utrumque
1102 3451 1270 3506 voluit
1298 3451 1589 3523 Apostolus
1615 3456 1861 3524 ponere?
1895 3455 2032 3523 Quia
2059 3459 2140 3513 vis

567 3540 732 3594 debat
763 3538 997 3609 lapidem
1027 3539 1344 3611 angularem
1373 3556 1532 3611 quem
1562 3544 1988 3613 reprobaverunt
2014 3548 2142 3603 tedi-

566 3631 812 3696 ﬁcantes,
844 3638 900 3685 et
930 3630 1106 3687 factus
1133 3639 1217 3688 est
1254 3633 1309 3687 in
1343 3641 1507 3704 caput
1544 3634 1724 3705 anguli
1758 3633 1932 3708 (Psal.
1955 3652 2136 3704 cxvn;

567 3718 757 3773 Matth.
791 3719 929 3791 xm),
960 3736 1068 3775 non
1100 3720 1216 3777 sine
1243 3736 1409 3778 causa
1435 3722 1745 3794 angularem
1776 3724 2000 3791 dictum,
2036 3727 2139 3783 nisi

563 3811 690 3880 quia
706 3811 759 3866 in
775 3811 1018 3866 osculum
1046 3812 1239 3883 recipit
1260 3821 1548 3885 utrumque
1568 3817 1832 3886 parietem
1846 3819 1914 3874 de
1925 3820 2140 3876 diverso

560 3903 891 3959 venientem.
930 3902 1457 3971 Hinccircumcisio,
1482 3905 1604 3961 inde
1632 3908 1984 3977 praeputium;
2014 3911 2139 3966 inde

563 3992 721 4059 abba,
747 3992 871 4049 inde
897 4003 1083 4063 pater;
1104 3993 1370 4063 parietum
1399 3995 1711 4062 concordia,
1736 3998 1916 4067 anguli
1945 3999 2133 4069 gloria.

563 4084 791 4157 (Ambr.)
817 4084 1004 4140 Gratia
1026 4099 1157 4157 ergo
1185 4086 1279 4141 Dei
1310 4102 1342 4141 a
1370 4087 1564 4143 timore
1593 4088 1805 4144 liberati
1832 4094 2137 4162 accepimus

561 4176 811 4245 spiritum
851 4177 1155 4246 adoptionis
1183 4176 1414 4232 ﬁliorum
1433 4219 1448 4244 ,
1481 4187 1541 4233 ut
1571 4180 1978 4237 considerantes
2006 4184 2134 4253 quid

560 4282 793 4331 eramus,
820 4277 875 4322 et
894 4268 1023 4337 quid
1052 4268 1195 4323 dono
1223 4269 1315 4323 Dei
1345 4284 1532 4325 sumus
1561 4270 1757 4341 adepti,
1791 4287 1982 4343 magna
2009 4290 2131 4329 cum

558 4357 833 4428 diligentia
864 4359 1030 4413 vitam
1066 4365 1307 4413 nostram
1334 4360 1647 4415 ordinemus
1672 4378 1685 4413 :
1713 4377 1780 4417 ne
1812 4378 2004 4418 nomen
2035 4364 2131 4418 Dei

558 4444 737 4501 Patris
768 4446 823 4500 in
855 4446 1010 4501 nobis
1041 4443 1293 4514 iniuriam
1328 4447 1584 4517 patiatur,
1615 4456 1671 4502 et
1706 4464 1766 4503 ea
1802 4452 1981 4506 omnia
2009 4468 2129 4522 qua:

557 4536 849 4601 evasimus,
880 4537 1043 4594 veluti
1073 4537 1268 4609 ingrati
1296 4553 1599 4594 curramus.
1623 4538 1803 4593 Talem
1835 4543 1977 4596 enim
2006 4558 2128 4613 gra-

559 4629 685 4682 tiam
707 4628 982 4683 consecuti
1005 4644 1209 4694 sumus,
1233 4639 1291 4684 ut
1310 4631 1602 4685 audeamus
1619 4632 1798 4686 dicere
1811 4632 1940 4699 Deo,
1960 4635 2123 4700 Abba,

556 4720 607 4774 id
627 4727 713 4776 est
741 4720 925 4789 pater!
962 4719 1189 4789 ideoque
1224 4733 1561 4787 commonet,
1591 4737 1660 4777 ne
1688 4732 1906 4795 accepta
1929 4724 2125 4780 ﬁducia

555 4812 608 4866 in
632 4810 989 4866 temeritatem
1009 4818 1269 4865 vertatur.
1294 4811 1351 4866 Si
1371 4813 1514 4867 enim
1542 4814 1666 4868 huic
1687 4815 1824 4880 voei,
1849 4830 1955 4884 qua
1993 4817 2123 4870 dici-

554 4920 696 4971 mus,
723 4904 868 4960 Abba
897 4904 1077 4970 Pater,
1101 4903 1415 4960 dissimilem
1446 4906 1608 4961 vitam
1639 4908 2013 4974 cxhibeamus,
2051 4910 2131 4963 in-

546 4996 744 5067 juriam
781 5000 889 5055 Deo
918 4998 1178 5062 facimus,
1207 5008 1460 5053 vocantes
1494 5014 1615 5053 eum
1657 5009 1884 5068 patrem.
1927 5001 2129 5055 Idcirco

551 5092 693 5147 enim
718 5093 958 5148 bonitate
978 5107 1071 5145 sua
1098 5092 1198 5145 hoc
1223 5090 1376 5145 nobis
1420 5090 1654 5154 indulsit,
1685 5093 1825 5161 quod
1853 5107 2013 5160 super
2037 5110 2127 5147 na-

553 5193 726 5237 turam
752 5191 989 5237 nostram
1010 5192 1089 5237 cst
1111 5190 1199 5247 ;ut
1218 5180 1360 5251 quod
1373 5181 1670 5236 substantia
1696 5181 1894 5252 indigni
1920 5198 2123 5249 sumus,

550 5273 804 5341 operibus
825 5288 1151 5328 mereamur.

620 5364 741 5432 Ipse
788 5363 1015 5433 Spiritus
1058 5364 1410 5418 testimonium
1456 5363 1622 5417 reddit
1667 5365 1876 5433 spiritui
1923 5375 2119 5429 nostra,

550 5452 687 5520 quod
716 5470 896 5507 sumus
923 5452 1022 5520 filii
1054 5453 1164 5507 Dei.
1213 5451 1408 5523 (Orig.)
1445 5452 1565 5521 lpsc
1605 5469 1735 5524 ergo
1772 5454 1994 5523 spiritus
2028 5456 2122 5510 ad-

550 5546 781 5612 optionis
818 5562 914 5616 per
953 5562 1112 5616 quem
1139 5546 1190 5600 in
1219 5545 1383 5599 ﬁliuni
1427 5546 1548 5613 quis
1586 5547 1900 5616 adoptatur,
1948 5548 2118 5602 reddit

554 5634 944 5700 testimonium,
996 5644 1045 5690 et
1092 5636 1373 5690 conﬁrmat
1419 5636 1664 5703 spiritum
1715 5646 1956 5693 nostrum
1993 5640 2115 5706 quia

2249 3178 2447 3244 fusum,
2488 3186 2548 3232 ut
2582 3180 2737 3234 vivus
2772 3180 3005 3236 viventis
3049 3182 3219 3236 bmrcs
3256 3181 3321 3236 sit
3352 3179 3514 3234 merito
3532 3174 3699 3247 proprio.

2246 3285 2353 3324 non
2382 3271 2705 3331 necessitate
2730 3270 2988 3326 defuncti.
3024 3271 3175 3328 Unde
3198 3280 3251 3327 et
3271 3270 3494 3326 Dominus
3515 3268 3557 3322 in
3578 3265 3700 3319 Eran-

2247 3359 2385 3429 gclio
2426 3376 2530 3414 non
2570 3361 2741 3430 magis
2782 3361 3021 3415 humana
3062 3352 3219 3432 quam
3265 3361 3425 3416 divina
3461 3357 3621 3412 ratione
3649 3351 3701 3403 ri-

2244 3466 2366 3507 vam
2381 3452 2683 3508 viventibus
2704 3454 3063 3509 substantiam
3084 3469 3231 3510 suam
3250 3453 3476 3525 partitum
3494 3463 3602 3510 esse.
3618 3446 3700 3499 Ιίοει

2245 3543 2297 3597 in
2323 3544 2578 3612 parabola
2614 3543 2973 3613 signiﬁcavit;
3003 3558 3106 3600 nec
3139 3546 3276 3600 enim
3296 3540 3515 3615 parabola
3537 3533 3699 3592 absurd:

2245 3637 2453 3692 ratione
2484 3637 2845 3705 componitur.
2877 3635 2951 3692 Ut
2982 3651 3118 3708 ergo
3147 3645 3405 3708 promptos
3440 3648 3522 3688 nos
3543 3630 3595 3685 ad
3614 3628 3700 3681 ohe

2245 3726 2495 3781 diendum
2539 3726 2650 3780 Deo
2705 3725 2851 3779 Patri
2891 3725 3137 3793 faceret,
3200 3727 3298 3781 hac
3341 3739 3425 3794 spe
3464 3721 3699 3775 exhortatur

2241 3817 2426 3872 dicens
2463 3816 2556 3871 Dei
2598 3831 2696 3872 nos
2736 3816 2944 3872 futuros
2977 3817 3249 3884 hmredes,
3286 3813 3547 3872 contendes
3573 3816 3697 3861 autem

2240 3909 2473 3975 Christi;
2500 3916 2561 3963 ut
2585 3908 2710 3979 quia
2740 3923 2933 3978 magna
2959 3921 3088 3979 spes
3111 3908 3306 3980 praemii
3329 3913 3419 3971 est,
3444 3911 3563 3958 tanto
3581 3892 3699 3963 magis

2240 4000 2293 4053 in
2339 3999 2431 4053 Dei
2475 4000 2636 4055 rebus
2678 3999 3065 4071 propensiores
3108 4012 3367 4062 essemus,
3405 3994 3697 4065 postponean

2238 4105 2423 4145 curam
2471 4090 2885 4144 mundanorum.
2945 4088 3087 4156 Quid
3131 4091 3200 4145 sit
3244 4076 3697 4142 autem'eohaeredeﬂl

2235 4196 2356 4235 esse
2399 4179 2515 4234 Filii
2560 4179 2654 4233 Dei
2690 4180 2756 4235 ab
2805 4180 3052 4249 apostolo
3094 4179 3294 4235 Joanne
3330 4178 3566 4234 docemur;
3602 4168 3699 4220 inter

2235 4282 2427 4328 Caetera
2466 4276 2608 4326 enim
2644 4271 2759 4327 ait:
2803 4271 3013 4325 Scimus
3042 4272 3282 4343 quoniam
3318 4283 3422 4322 cum
3456 4254 3694 4333 opportuni.

2233 4362 2428 4417 similes
2466 4364 2513 4417 ei
2550 4363 2743 4416 erimus
2775 4360 2826 4434 (Ι
2865 4360 3028 4415 Joan.
3067 4361 3170 4433 Ill).
3216 4356 3397 4433 [Orig.]
3433 4353 3521 4409 Sed
3556 4358 3598 4403 et
3628 4345 3696 4397 hoc

2235 4454 2393 4508 modo
2436 4454 2611 4508 bturcs
2646 4453 2766 4522 quis
2805 4452 3039 4507 ellicitur
3076 4452 3189 4519 Dei,
3228 4465 3342 4505 cum
3378 4459 3485 4517 qute
3511 4440 3586 4497 Dei
3610 4440 3695 4488 sunt

2235 4554 2508 4598 mereatur
2552 4543 2830 4612 accipere,
2881 4543 2933 4597 id
2977 4552 3090 4608 est,
3140 4534 3518 4608 incorruptiouis
3552 4536 3595 4622 et
3624 4526 3690 4622 itu-

2233 4632 2577 4688 mortalitatis
2600 4631 2846 4709 gloriam,
2877 4633 3163 4687 thesauros
3187 4627 3441 4700 sapientia:
3460 4632 3507 4679 et
3525 4617 3692 4709 scienti?

2232 4722 2565 4789 reconditos;
2590 4706 2831 4777 uolucres
2852 4737 2979 4776 vero
3003 4721 3221 4784 Christi,
3245 4733 3360 4774 cum
3383 4702 3694 4799 transforutahit

2230 4830 2425 4885 corpus
2468 4814 2786 4869 humilitatis
2832 4820 3032 4869 nostme
3076 4811 3338 4868 eonforme
3371 4800 3551 4874 corpori
3580 4794 3690 4885 chris

2239 4879 2363 4963 tatis
2389 4924 2499 4963 sua:
2517 4948 2532 4973 ,
2577 4908 2671 4963 sed
2706 4916 2762 4961 ct
2799 4923 2919 4961 cum
2948 4907 3078 4961 illud
3103 4902 3317 4975 adipisci
3341 4892 3576 4954 meruerit,
3596 4879 3691 4953 (1⁸³⁸)(Ι

2235 5000 2369 5054 dixit
2413 4999 2526 5067 ipse
2567 4998 2851 5053 Salvator:
2880 4995 3072 5061 Pater,
3107 4995 3218 5049 volo
3255 5002 3304 5046 ut
3333 4989 3411 5044 ubi
3433 5000 3512 5055 ego
3531 4977 3690 5070 sumina

2232 5088 2317 5141 isti
2357 5058 2458 5141 sint
2504 5103 2702 5140 mecum
2737 5085 2918 5155 (Joan.
2954 5086 3111 5156 xm).
3174 5083 3265 5138 Est
3302 5085 3527 5149 praeterea
3560 5058 3690 5164 utilia

2232 5179 2467 5248 dignitas
2516 5151 2856 5231 colimredunt
2901 5151 3139 5239 Christi,
3192 5171 3325 5242 quod
3368 5151 3690 5256 Pater

2230 5236 2392 5324 οιὲἶηο
2425 5269 2687 5340 judicium
2730 5269 2876 5324 dedit
2910 5268 3063 5323 Filio.
3106 5236 3297 5325 Sed-ct
3336 5259 3483 5315 Filius
3516 5236 3691 5340 dicit!"

2229 5363 2536 5417 colueredes
2574 5376 2736 5417 suos:
2782 5359 3036 5416 Sedebitis
3072 5370 3120 5414 et
3164 5374 3246 5413 vos
3284 5368 3423 5422 super
3453 5343 3573 5401 sedes
3601 5334 3689 5431 ἄειδ’

2228 5452 2413 5517 decim,
2430 5451 2731 5522 judicautes
2754 5451 3027 5505 duodecim
3053 5449 3214 5503 tribus
3234 5434 3687 5522 Ῑεγαειμίαιυιιίξη·

2230 5543 2295 5596 Εῑ
2338 5544 2437 5597 hoc
2484 5544 2644 5598 modo
2670 5543 2977 5598 colueredes
3016 5558 3142 5597 suos
3186 5538 3412 5593 Christus
3448 5542 3535 5583 non

2230 5639 2278 5690 ill
2331 5647 2539 5705 [mrtem
2590 5636 2961 5705 lnureditatis,
3019 5635 3111 5691 sed
3152 5635 3304 5689 etiam
3351 5628 3399 5682 in
3438 5617 3687 5677 consertuml
