4026 6180
309 323 474 400 uss
897 331 1440 393 eaannmonun
1478 335 1544 392 IN
1583 331 1728 394 περι).
1769 337 1974 398 psum
2017 345 2138 402 ua.
2183 347 2248 406 v.
2287 382 2356 392 —
2394 323 2460 406 tu
2499 350 2712 408 EPIST.
2755 351 2844 418 an
2880 345 3047 409 non.
3445 328 3577 412 mi

327 439 616 508 υοῑθειειίε
635 439 850 494 adduc“
869 459 892 492 ⁵
911 439 970 496 εί
990 451 1160 497 εαυιεη
1181 447 1582 514 εοηιραιίαηιαν.
1610 457 1665 500 κε
1687 456 1733 500 ει
1755 449 1914 503 simul
1941 460 1988 518 Α
2016 457 2196 511 δωρειιί
2237 460 2402 514 vitam
2443 463 2690 526 credens,
2723 461 2776 515 in
2804 477 2910 532 qua
2950 476 3009 516 se
3045 472 3226 534 sperat
3251 468 3582 526 colueredem

327 527 699 572 nlnrs'ﬁnemur-
747 527 1084 572 Cnmnnlitm-
1114 531 1330 572 ﬂhricm
1370 535 1461 572 ηιιί
1495 534 1620 572 diuit
1653 555 1666 568 ο
1707 536 1913 572 (“Latna
2018 544 2216 572 sums“:
2243 545 2480 572 II....-.._.._
2528 549 2678 572 ιιι-ξ..
2708 548 2725 572 \
2752 549 2898 572 02---.
2929 559 3104 572 ---μμ
3132 550 3346 572 ηιψςξμ,
3369 571 3394 572 η
3532 561 3544 572 .

323 527 700 596 glori/iocatur.
747 527 1084 601 Compatitur
1114 531 1330 589 Christo
1370 535 1464 604 qui
1495 534 1666 590 dicit:
1707 536 1913 594 Christo
2017 544 2217 600 Christi
2243 545 2502 603 futurum.
2527 548 2726 622 (Orig.)
2752 527 2902 606 Sicut
2927 527 3107 606 autem
3131 550 3428 622 Christum,
3455 561 3581 628 quia

326 615 714 685 concruciﬁams
749 634 868 673 sum
899 621 1046 674 cruci
1085 620 1238 694 (Gal.
1279 623 1384 695 ll);
1421 631 1476 677 et
1507 641 1521 678 :
1564 623 1690 680 Viuo
1736 637 1911 682 autem
2016 634 2396 695 humiliaverat
2437 653 2497 696 se
2533 615 2707 710 factus
2754 641 2996 698 obedieus
3035 659 3198 715 usque
3237 645 3308 700 ad
3339 658 3579 715 mortem,

317 707 438 772 jam
476 719 581 758 tum
625 721 750 776 ego,
799 707 918 762 vivit
957 723 1079 763 vero
1105 709 1341 765 Christus
1377 711 1435 765 in
1469 727 1552 766 me
1589 713 1814 787 (Mitt);
1853 725 1910 772 et

329 793 523 848 iterum
563 795 657 864 qui
710 795 840 852 dicit
877 815 896 852 ς
941 796 1002 853 Si
1043 802 1350 856 commortui
1395 819 1599 867 sumus,
1643 815 1692 859 et
1733 807 1908 861 convi-

324 900 502 938 vemus
523 900 542 939 :
564 885 612 938 si
635 888 1000 956 compotita-ur,
1023 899 1072 944 et
1089 891 1521 962 mureguabiutus
1547 893 1630 966 (11
1657 894 1790 950 Tim.
1816 897 1904 968 tt);

325 973 413 1028 vel
471 976 633 1030 etiam
692 977 785 1046 qui
839 977 1023 1035 dicere
1077 989 1257 1050 potest
1303 1001 1316 1036 :
1361 981 1504 1048 Quia
1547 985 1689 1054 quod
1727 986 1906 1042 deerat

319 1064 627 1132 passionum
667 1064 866 1120 Christi
907 1067 1074 1139 repleo
1113 1069 1172 1124 in
1215 1087 1432 1142 corpore
1486 1089 1600 1128 meo
1647 1073 1784 1146 (Col.
1833 1078 1898 1142 ι).

319 1149 564 1224 {Ambn}
590 1151 837 1224 Compati
861 1166 947 1212 est
971 1160 1375 1226 persecutiones
1411 1161 1648 1219 tolerare
1678 1174 1900 1236 propter

323 1255 476 1309 spem
518 1243 819 1301 futurorum
836 1284 858 1314 ,
897 1263 1226 1320 carnemque
1247 1251 1568 1324 cruciﬁgere
1599 1269 1728 1310 cum
1756 1257 1900 1314 vitiis

318 1338 378 1383 et
419 1333 893 1404 concupiscentiis,
928 1338 1031 1394 hoc
1063 1347 1169 1406 est,
1207 1341 1532 1410 voluptates,
1577 1351 1634 1398 et
1673 1359 1899 1414 pompas

321 1421 506 1475 szeculi
557 1437 834 1494 spernere.
897 1425 1033 1482 Cum
1091 1429 1238 1484 enim
1296 1430 1412 1486 haec
1459 1433 1641 1488 omnia
1687 1443 1898 1490 mortua

319 1499 524 1564 iuerint
567 1515 708 1583 apud
753 1516 1045 1584 hominem,
1093 1518 1364 1590 cruciligit
1403 1521 1686 1588 mundum,
1727 1521 1898 1578 futuri

2012 733 2242 779 mortem
2263 737 2441 803 autem
2467 729 2644 784 crucis
2666 729 2832 802 (Phil.
2860 731 2947 801 ιι),
2973 734 3394 802 superexaltavit
3415 736 3580 803 Deus,

2011 821 2062 864 et
2107 797 2317 868 donauit
2351 814 2430 869 illi
2471 797 2832 889 nomen'quod
2868 797 2946 874 est
2987 797 3144 890 super
3175 838 3326 876 omne
3372 841 3574 886 nomen,

2011 903 2087 958 ita
2125 914 2180 958 et
2217 918 2312 960 eos
2351 907 2444 976 qui
2475 906 2692 964 Christo
2731 911 3151 980 compatiuntur,
3179 925 3233 968 et
3269 915 3578 984 passionum

2006 991 2126 1062 ejus
2145 995 2433 1051 imitantur
2455 998 2774 1068 exemplum,
2823 1001 2964 1056 Deus
2997 1017 3120 1058 cum
3162 1005 3252 1059 illo
3292 1007 3496 1061 exaltat
3527 1009 3578 1062 in

2007 1084 2252 1155 gloriam.
2302 1086 2428 1142 Haec
2469 1103 2699 1158 namque
2733 1091 2818 1144 via
2855 1105 2966 1158 est,
3013 1109 3172 1164 quam
3211 1098 3580 1156 cobmredihus

2006 1177 2120 1232 suis
2141 1176 2387 1232 Christus
2411 1179 2642 1249 aperuit,
2670 1189 2731 1234 ut
2747 1195 2922 1251 neque
2946 1199 3010 1238 ex
3037 1184 3368 1256 fortitudine,
3402 1205 3578 1260 neque

2004 1278 2071 1318 ex
2098 1265 2379 1334 sapientia,
2403 1268 2498 1322 sed
2521 1282 2586 1322 ex
2613 1267 2914 1325 humilitate
2948 1273 3272 1342 exaltentur,
3295 1285 3350 1332 et
3384 1293 3450 1334 ex
3481 1281 3578 1334 tri-

2004 1354 2335 1410 bulationum
2364 1359 2622 1428 patientia
2646 1361 2980 1420 haereditatis
2999 1373 3214 1420 reternte
3237 1381 3573 1440 consequan-

2003 1451 2093 1498 tur
2118 1444 2368 1516 gloriam.

1371 1706 1786 1892 LIBER
1863 1779 2535 1913 QUINTUS.

710 2085 1064 2159 SEQUITUR
1097 2094 1325 2154 CAPUT
1365 2093 1491 2156 VIII.

386 2172 650 2232 Existimo
678 2195 800 2250 ergo
837 2183 976 2252 quod
1017 2201 1121 2238 non
1161 2198 1284 2242 sunt
1319 2192 1590 2262 condigna?
1626 2191 1892 2266 passiones

311 2267 474 2338 hujus
514 2271 760 2338 temporis
789 2271 858 2324 ad
887 2271 1122 2341 futuram
1161 2276 1384 2347 gloriam
1421 2291 1538 2352 qua:
1582 2285 1892 2342 revelabitur

309 2357 368 2412 in
400 2359 568 2413 nobis.
607 2359 842 2434 (Ambr.)
880 2363 1197 2423 Exhortatio
1227 2370 1342 2426 htec
1363 2374 1434 2428 ad
1463 2376 1740 2445 superiora
1769 2396 1890 2450 per-

311 2449 468 2513 tinet,
489 2465 588 2520 per
607 2465 770 2520 quam
791 2455 1028 2518 ostendit
1047 2472 1218 2526 parva
1246 2476 1386 2529 esse,
1411 2475 1532 2534 quae
1554 2468 1642 2524 hic
1664 2449 1890 2541 possunt

309 2554 338 2593 a
371 2540 594 2609 perﬁdis
631 2543 859 2616 irrogari
880 2586 896 2611 ,
935 2547 1005 2602 ad
1043 2555 1502 2622 comparationem
1533 2540 1736 2616 decreti
1771 2581 1888 2620 mu-

307 2631 454 2686 neris
476 2632 527 2686 in
558 2631 736 2688 futuro
773 2637 984 2692 stecu-lo.
1017 2637 1304 2710 Propterea
1338 2643 1459 2717 [nos
1477 2646 1652 2724 jubet]
1676 2655 1742 2708 ad
1771 2671 1886 2709 om-

303 2722 392 2774 nia
413 2723 576 2778 exitia
602 2733 819 2794 paratos
839 2741 958 2782 esse
980 2729 1195 2796 debere,
1213 2735 1337 2803 quia
1360 2753 1550 2808 magna
1573 2757 1669 2810 pro
1695 2743 1779 2797 his
1800 2762 1886 2800 re-

299 2812 573 2880 promissa
597 2823 722 2869 sunt
748 2817 966 2886 prtcmia
1001 2836 1015 2872 :
1049 2828 1105 2873 ut
1131 2819 1184 2874 in
1213 2823 1556 2883 tribulatione
1579 2829 1886 2888 consoletur

301 2918 363 2958 se
390 2904 622 2972 animus,
639 2915 694 2962 et
715 2923 810 2976 spe
830 2919 1058 2965 crescat.
1074 2910 1206 2967 Nam
1232 2923 1287 2969 et
1311 2920 1590 2988 quosdam,
1617 2923 1722 2979 imo
1747 2921 1884 2980 mul-

303 3001 390 3047 tos
409 2993 606 3050 scimus
633 3011 732 3064 pro
759 3001 1113 3066 praesentibus
1152 3001 1318 3060 lucris
1335 3046 1350 3073 ,
1379 3009 1450 3063 ad
1477 3012 1745 3068 modicum
1774 3016 1879 3070 uti-

299 3094 408 3150 que
427 3082 742 3151 profuturis,
758 3101 918 3156 quam
945 3103 1165 3158 asperos
1185 3101 1236 3146 et
1259 3093 1422 3151 duros
1441 3100 1622 3155 subire
1646 3101 1876 3170 labores,

299 3179 358 3225 et
385 3173 452 3226 ad
481 3189 601 3242 quae
631 3176 858 3230 tendunt
886 3177 1204 3248 aliquando,
1237 3185 1361 3252 quia
1392 3187 1503 3257 ipsa
1533 3189 1644 3244 vita
1676 3191 1880 3262 fragilis

295 3267 382 3314 est
408 3271 465 3316 et
489 3263 715 3330 incerta,
729 3268 1012 3336 pervenire
1039 3285 1144 3326 non
1163 3285 1410 3342 possunt.
1430 3277 1616 3335 Nautae
1635 3297 1734 3350 pro
1753 3284 1878 3353 qui-

297 3349 400 3405 bus
445 3354 742 3410 commodis
790 3357 953 3412 tantis
992 3374 1052 3413 se
1087 3363 1338 3430 procellis
1375 3375 1429 3420 et
1466 3349 1876 3440 tempestatibus

289 3442 684 3509 credunt,cum
714 3447 888 3502 sciant
909 3449 961 3503 in
990 3449 1074 3505 his
1095 3455 1264 3524 magis
1294 3465 1518 3511 mortem
1543 3469 1668 3515 ante
1693 3464 1875 3519 oculos
1903 3461 1946 3522 C
1977 3465 2136 3526 Joau.
2177 3473 2296 3546 ut).
2347 3475 2453 3534 Sed
2497 3491 2553 3537 et
2572 3442 2685 3541 Villa

291 3547 418 3588 esse
449 3547 608 3603 quam
637 3537 842 3592 vitam?
873 3539 936 3593 Et
960 3541 1160 3598 milites
1187 3557 1280 3614 spe
1308 3550 1588 3616 praesentis
1644 3556 1870 3622 ptmmii,

288 3637 418 3677 cum
451 3623 656 3679 incerta
688 3627 913 3681 victoria
948 3629 1056 3695 sit,
1108 3633 1162 3686 in
1207 3633 1412 3702 gladios
1438 3637 1720 3708 insurgere
1763 3661 1870 3699 non

290 3711 561 3768 dubitant.
587 3714 800 3782 Quanto
831 3731 964 3788 ergo
997 3720 1168 3790 magis
1195 3736 1294 3794 pro
1318 3723 1531 3784 Christo
1559 3729 1870 3798 patiendum

291 3809 398 3866 est,
429 3801 584 3872 cujus
613 3803 778 3859 etiam
806 3807 1072 3875 protelata
1106 3822 1232 3866 sunt
1259 3813 1412 3870 nobis
1445 3817 1702 3874 beneﬁcia
1733 3836 1748 3874 :
1777 3821 1867 3890 qui

291 3905 392 3958 pro
425 3894 607 3960 parvis
639 3897 925 3967 magniﬁca
963 3908 1018 3953 et
1053 3915 1152 3970 pro
1187 3907 1571 3975 temporalibus
1609 3921 1866 3982 perpetua

289 3981 516 4049 prmtuia
545 4000 671 4040 cum
699 3986 870 4056 gloria
899 3989 1200 4058 pollicetur.
1249 3994 1452 4069 (Orig.)
1483 3997 1623 4054 Nihil
1650 3981 1865 4071 quidem

1669 4070 1682 4071 ί
1966 4070 1980 4082 ⁸
2235 4070 2240 4071 ⁷
2287 4070 2388 4074 “““““
2435 4070 2540 4079 ⁷”””
2649 4070 2860 4088 ⁴⁹⁸ν⁶⁵νδ
2893 4070 3002 4092 Iul"
3045 4070 3142 4096 "ilo
3179 4070 3317 4101 ωιιι
3351 4070 3420 4106 au
3458 4070 3542 4108 ιη-

291 4070 513 4140 dignum
543 4073 772 4131 inveniri
805 4077 888 4132 vel
921 4079 1228 4150 comparari
1257 4086 1330 4140 ad
1362 4085 1600 4144 futuram
1639 4091 1864 4162 gloriam
1907 4114 1920 4164 χ
1968 4110 2143 4158 turam
2183 4070 2430 4178 gloriaui,
2472 4070 2701 4185 subiecit
2739 4123 2881 4190 quod
2923 4070 3172 4187 creatura
3213 4135 3316 4195 hoc
3355 4153 3542 4213 exilie-

291 4171 488 4213 notest.
517 4163 575 4213 In
601 4181 709 4213 nuo
738 4167 886 4213 enim
915 4173 1142 4213 nmrtnlp
1169 4175 1825 4213 inunnv-snlllnm'nnnt'..--..
1843 4187 1867 4213 ι)
1971 4200 2068 4213 -.-ι
2128 4205 2178 4213 _,.
2367 4200 2380 4213 .
2455 4211 2466 4213 _

285 4171 488 4231 potest.
517 4163 575 4218 ln
601 4181 709 4235 quo
738 4167 886 4224 enim
915 4173 1142 4228 mortale
1167 4175 1867 4242 innnortalibus'conl'cras?

285 4259 384 4306 aut
414 4254 716 4312 invisilibus
745 4259 1002 4327 visibilia,
1033 4273 1128 4317 aut
1154 4269 1372 4323 mternis
1403 4274 1740 4342 temporalia,
1770 4289 1864 4332 aut

286 4341 492 4396 caduca
519 4347 838 4414 perpetuis?
885 4349 944 4405 Si
981 4367 1103 4422 qua:
1143 4363 1322 4411 tamen
1368 4361 1420 4414 in
1465 4341 1719 4430 prmsenti
1755 4367 1864 4424 vita

285 4431 434 4486 velut
457 4435 702 4503 quaedam
728 4451 956 4508 possunt
981 4445 1188 4500 semina
1214 4448 1397 4518 gloriae
1424 4453 1598 4523 colligi
1634 4455 1827 4514 futura-
1845 4499 1860 4526 ,

283 4519 412 4584 ista,
443 4521 682 4593 inquam,
708 4530 912 4585 semina
941 4546 1007 4586 ex
1039 4535 1472 4596 tribulationibus
1504 4519 1858 4613 ettpassioni-

279 4610 386 4665 bus
415 4612 765 4686 colliguntur,
789 4621 927 4676 sicut
946 4635 1002 4679 et
1027 4627 1082 4680 in
1105 4628 1225 4684 aliis
1253 4632 1384 4686 dicit
1412 4634 1550 4689 idem
1571 4610 1860 4708 Apostolus

278 4701 374 4772 (11
398 4701 523 4759 Cor.
553 4707 669 4780 Iv):
715 4711 869 4777 Quod
901 4716 1038 4770 enim
1075 4719 1130 4772 in
1163 4725 1408 4791 pra'seati
1441 4739 1854 4788 momentaneum

276 4801 356 4844 est
382 4803 434 4846 et
460 4793 565 4849 lere
595 4800 946 4858 tribulationis
974 4817 1194 4873 nostrae,
1222 4829 1382 4882 supra
1420 4818 1632 4872 modum
1671 4821 1726 4875 in
1758 4823 1856 4878 im-

276 4895 516 4936 mensum
539 4894 747 4941 retenta:
768 4891 950 4958 g'oria:
969 4897 1170 4963 pondus
1197 4913 1440 4970 operatur
1470 4907 1524 4960 in
1553 4909 1717 4974 nobis,
1751 4931 1853 4969 non

275 4975 668 5042 respicientibus
711 4997 830 5051 qua:
867 4986 1138 5052 ridentur,
1183 4993 1273 5045 sed
1305 5011 1422 5065 qua:
1456 5013 1557 5052 non
1597 5003 1851 5060 videntur.

273 5059 522 5116 Ostendit
537 5065 680 5121 enim
703 5084 801 5138 per
827 5071 938 5127 haec
965 5077 1106 5143 quod
1135 5080 1226 5147 qui
1251 5059 1335 5135 illa
1365 5086 1580 5154 respicit
1602 5105 1720 5158 quae
1745 5059 1852 5148 non

275 5147 526 5204 videntur
551 5163 604 5207 et
633 5164 835 5212 aeterna
865 5173 1008 5228 sunt,
1033 5180 1245 5222 omnem
1283 5147 1689 5238 tribulationem
1708 5197 1854 5252 qum-

271 5249 488 5306 cuuque
527 5245 789 5302 acciderit
823 5251 904 5315 ei,
941 5259 1184 5321 quamvis
1218 5275 1355 5314 saeva
1377 5303 1392 5326 ,
1423 5271 1668 5334 quamvis
1691 5273 1844 5345 longa

269 5329 538 5399 videatur,
585 5350 1016 5400 momentancam
1062 5348 1208 5404 ducit
1253 5361 1307 5406 et
1352 5329 1519 5412 levem
1568 5375 1582 5414 :
1633 5329 1845 5422 etiani'si

274 5425 559 5480 tormentis
582 5429 915 5499 subjiciatur,
937 5444 995 5490 et
1019 5440 1239 5508 aculeis,
1269 5453 1324 5499 et
1353 5450 1582 5517 ungulis,
1616 5469 1680 5508 eo
1708 5466 1845 5512 tem-

270 5523 403 5578 pore
430 5526 541 5580 quo
571 5518 849 5586 suppliciis
874 5538 1073 5594 corpus
1101 5529 1372 5602 afﬂigitur,
1418 5538 1462 5591 si
1503 5541 1732 5610 aspiciat
1774 5549 1840 5603 ad

270 5601 506 5659 futuram
540 5607 768 5677 gloriam
805 5631 924 5683 qua:
965 5621 1252 5679 revelanda
1283 5635 1397 5690 cst,
1443 5641 1498 5684 et
1537 5637 1842 5693 consideret

267 5696 536 5758 quomodo
555 5709 673 5767 post
699 5712 843 5758 tanta
865 5715 1128 5766 tormenta
1164 5729 1360 5787 corpus
1386 5720 1485 5777 hoc
1525 5725 1840 5786 humilitatis

1919 2115 1964 2174 B
1993 2125 2104 2166 sua:
2129 2109 2616 2201 transformabitu-r,
2643 2126 2702 2174 ut
2723 2117 2818 2177 ﬁat
2839 2123 3120 2188 conformo
3142 2135 3358 2203 corpori
3384 2137 3572 2206 ειοῖίω

1995 2196 2117 2252 Filii
2134 2199 2248 2266 Dei,
2266 2193 2666 2261 tribulationem
2681 2220 3004 2276 praesentem
3025 2193 3454 2281 momen-laneam:

1993 2286 2068 2341 cit
2089 2297 2142 2342 et
2163 2288 2334 2345 levezn
2361 2309 2374 2345 :
2402 2295 2612 2362 pondus
2631 2307 2810 2356 autem
2837 2299 3035 2360 futura:
3048 2307 3238 2376 gloria:
3253 2329 3436 2384 grave,
3460 2319 3565 2377 hoc

1989 2387 2075 2434 est
2115 2397 2362 2452 magnum
2405 2385 2625 2456 deputat
2659 2398 2714 2444 et
2740 2401 2998 2452 aeternum
3028 2415 3042 2452 :
3071 2409 3128 2456 et
3155 2415 3360 2473 quanto
3393 2413 3566 2482 magis

1991 2464 2332 2540 multiplicari
2371 2475 2473 2530 sibi
2512 2477 2916 2540 tribulationum
2945 2488 3142 2546 viderit
3167 2464 3382 2564 pinnas,
3415 2464 3566 2559 εειἔῶ

1987 2561 2216 2630 amplius
2239 2565 2490 2638 intelligit
2505 2569 2608 2626 sibi
2628 2573 2838 2642 pondus
2858 2587 2912 2632 et
2939 2561 3565 2664 magnitudinem-gloria

1985 2653 2266 2710 Cllllllllal‘i.
2292 2652 2442 2724 Quod
2461 2669 2641 2716 autem
2661 2664 2810 2731 dicit,
2830 2667 2912 2722 Ad
2923 2652 3421 2750 futuramgloriani,
3443 2652 3563 2757 qum

1984 2744 2294 2802 revelabitur
2312 2750 2364 2804 iu
2391 2754 2554 2819 nobis,
2579 2759 2868 2830 suprajam
2901 2775 3033 2832 puto
3051 2769 3194 2837 quod
3223 2744 3562 2833 sollicitentur

1985 2839 2315 2896 ostendimus
2341 2841 2406 2896 de
2433 2844 2731 2904 tlill’ercntia
2754 2851 3084 2925 gloriarum,
3119 2876 3242 2931 qum
3274 2866 3346 2920 sit
3385 2867 3555 2940 gloria

1983 2941 2102 2994 quae
2122 2925 2235 2998 jam
2265 2931 2500 2987 revelata
2525 2944 2640 3003 est,
2667 2947 2722 2992 ct
2745 2957 2866 3010 quae
2891 2945 2964 2998 sit
2995 2962 3118 3017 qua:
3138 2925 3434 3012 revelantur
3463 2962 3555 3024 sit,

1981 3019 2038 3069 el
2065 3019 2332 3086 quomodo
2361 3037 2480 3091 qua:
2506 3039 2650 3081 nunc
2681 3029 2926 3088 videmus
2960 3050 3060 3105 per
3079 3043 3376 3112 speculum,
3405 3049 3556 3104 vide-

1981 3195 2081 3252 lius
2116 3195 2350 3258 hominis
2388 3203 2441 3258 in
2479 3205 2647 3274 gloria
2681 3209 2855 3268 Patris
2890 3225 2945 3270 et
2983 3229 3295 3279 sanctorum
3327 3230 3554 3297 angelu-

1979 3303 2120 3353 ruxn,
2157 3287 2454 3350 videbimus
2489 3290 2626 3356 facie
2651 3302 2722 3356 ad
2750 3303 2942 3364 faciem
2967 3308 3056 3382 (II
3079 3310 3203 3368 Cor.
3232 3319 3378 3390 xui),
3399 3287 3551 3382 sicut

1979 3381 2033 3484 et
2073 3377 2310 3438 Joannes
2353 3386 2522 3455 dixit,
2569 3394 2694 3462 quia
2731 3377 3014 3457 videbimus
3049 3420 3170 3461 eum
3194 3377 3548 3484 sicuti—esui

2733 3499 2916 3556 potest
2974 3497 3144 3552 videri
3204 3501 3374 3572 gloria
3427 3523 3550 3576 quas

1974 3561 2258 3618 revelauda
2288 3575 2370 3621 est
2411 3585 2533 3624 cum
2571 3574 2636 3628 de
2665 3577 2890 3649 singulis
2913 3561 3550 3658 quibusquevrationiims

1969 3647 2154 3705 numdi
2195 3651 2274 3708 vel
2313 3671 2500 3713 eorum
2529 3677 2648 3731 qua:
2675 3647 2836 3737 supra
2865 3647 3288 3736 mundum'sunt
3323 3683 3546 3758 incipiet

1967 3737 2213 3796 doctrina
2263 3743 2547 3816 cognosci,
2591 3761 2647 3807 et
2699 3757 2940 3816 thesauri
2987 3767 3266 3835 sapientiae
3313 3737 3548 3844 ejusrae

1967 3829 2208 3888 scicntia:
2241 3833 2488 3892 revelari.
2541 3840 2684 3896 Nam
2722 3855 3034 3919 exspectatio
3059 3869 3316 3918 creaturae
3337 3829 3540 3926 revela-

1965 3919 2159 3974 tionem
2208 3924 2440 3992 ﬁliorum
2491 3930 2590 3986 Dei
2639 3949 2923 4007 exspectat.
2980 3943 3004 4017 (
3015 3945 3230 4024 Anthr.)

1966 4017 2248 4082 praesentis
2285 4017 2540 4109 temporis
2573 4029 2860 4096 passiones
2893 4034 3142 4109 indignas
3179 4017 3323 4101 dixit
3351 4051 3420 4106 ad

1963 4200 2092 4258 ctat,
2126 4205 2184 4250 ut
2205 4200 2540 4269 compleatur
2565 4223 2824 4268 numerus
2850 4213 3084 4274 ﬁliorum
3115 4220 3208 4279 Dei
3237 4200 3538 4290 destiualus

1963 4285 2030 4338 ad
2057 4285 2252 4355 vitam;
2284 4301 2342 4346 ut
2369 4302 2495 4350 tunc
2516 4298 2730 4356 demum
2756 4305 2917 4362 etiam
2948 4309 3064 4381 ipsa
3092 4327 3340 4375 creatura
3368 4329 3538 4394 pussit

1964 4373 2178 4432 liberari
2209 4395 2238 4434 a
2268 4382 2529 4442 servitute
2552 4395 2916 4462 corruptionis
2951 4409 3008 4454 et
3041 4419 3260 4462 cessare
3294 4410 3348 4464 in
3368 4373 3532 4471 rvitio.

1963 4467 2159 4542 (θήῃ.)
2203 4475 2294 4528 Ait
2317 4477 2481 4534 etiam
2510 4493 2846 4555 creaturam,
2883 4501 2943 4548 ut
2970 4503 3096 4563 pote
3131 4467 3536 4573 rationabilem,

1962 4559 2160 4615 habere
2209 4572 2668 4636 exspectationem
2699 4582 3022 4650 quamdam,
3060 4597 3118 4642 et
3165 4605 3312 4661 spem
3341 4612 3532 4666 gerere

1962 4654 2216 4722 temporis
2240 4651 2381 4714 illius
2413 4677 2522 4732 quo
2553 4667 2834 4724 revelantla
2854 4681 2938 4727 est
2958 4675 3127 4746 gloria
3153 4651 3384 4740 ﬁliorum
3411 4688 3530 4752 Dei,

1961 4738 2062 4794 hoc
2093 4754 2202 4807 est,
2247 4759 2369 4801 cum
2413 4751 2793 4813 revelabuutur
2827 4777 2892 4816 ea
2927 4738 3048 4834 qua:
3074 4783 3374 4842 pratparata
3406 4791 3534 4834 sunt

1959 4828 2042 4884 his
2063 4833 2152 4901 qui
2171 4832 2262 4889 ﬁlii
2287 4835 2378 4892 Dei
2401 4855 2522 4896 esse
2545 4847 2914 4917 merebuntur,
2931 4828 3326 4917 einecne-cum
3347 4828 3534 4920 ablato

1958 4921 2027 5014 ab
2040 4922 2135 5014 his
2160 4925 2422 4986 velamine
2447 4949 2554 5002 quo
2587 4939 2940 5010 obteguntur,
2973 4949 3298 5008 manifestati
3328 4954 3530 5014 fuerint

1958 5011 2056 5082 ipsi
2089 5019 2178 5085 qui
2209 5021 2304 5075 ﬁlii
2333 5021 2428 5076 Dei
2457 5037 2600 5082 sunt.

2041 5102 2266 5162 Vauitati
2288 5111 2422 5165 enim
2449 5127 2688 5173 creatura
2713 5123 2945 5192 subjecta
2967 5137 3040 5181 cst
3068 5146 3172 5184 non
3197 5133 3404 5204 ualeas,
3434 5143 3526 5194 sed

1952 5206 2162 5262 propter
2198 5213 2316 5251 eum
2359 5204 2450 5270 qui
2489 5207 2705 5275 subjecit
2749 5229 2864 5266 eam
2907 5217 2960 5270 in
3003 5225 3278 5293 spe:quia
3317 5237 3366 5282 et
3412 5231 3524 5302 ipsa

1951 5294 2190 5339 creatura
2227 5285 2534 5346 liberabitur
2557 5314 2589 5349 a
2613 5302 2858 5358 seruitute
2890 5285 3242 5382 corruptionis
3276 5319 3332 5373 in
3361 5285 3519 5376 lib'er-

1947 5384 2106 5430 tatem
2147 5377 2330 5448 gloria:
2371 5383 2601 5452 ﬁliorum
2629 5389 2748 5446 Dei.
2805 5394 3000 5470 (0rig.)
3048 5377 3178 5469 Quae
3217 5417 3398 5466 autem
3435 5424 3521 5470 est

1947 5476 2195 5523 creatura
2227 5486 2348 5541 qua:
2381 5475 2766 5537 revelationem
2799 5483 3032 5544 ﬁliorum
3065 5491 3160 5548 Dei
3193 5507 3516 5568 exspectat?

1945 5555 2088 5623 Haec,
2113 5559 2438 5634 inquit,qu.'e
2465 5581 2607 5622 nunc
2632 5574 2852 5629 vanitati
2878 5578 3116 5647 subjecta
3137 5595 3251 5641 cst:
3270 5555 3511 5661 subjecta

1949 5655 2126 5702 autem
2153 5667 2256 5704 non
2287 5653 2490 5719 volens,
2523 5673 2696 5729 neque
2725 5674 2912 5733 sponte
2932 5672 3174 5740 propria,
3205 5677 3298 5734 sed
3325 5653 3514 5738 volun-

1949 5745 2056 5792 tate
2081 5739 2190 5809 ejus
2219 5745 2308 5812 qui
2337 5747 2609 5817 dispensat
2639 5755 2904 5812 universa.
2937 5739 3166 5832 Propter
3185 5767 3356 5838 ipsum
3383 5788 3514 5844 ergo
