4026 6180
488 291 515 349 δ
531 294 625 350 555

1131 286 1190 344 Β.
1229 289 1479 347 ΒΑΒᾹΝΙ
1518 289 1732 345 MAURI
1770 290 2051 345 ARCHIEF

2150 288 2431 346 IOCUNT.
2473 289 2753 347 OPERUM
2789 290 2967 347 PARS
3004 286 3087 346 m.

3586 286 3737 349 M36

485 409 725 477 subjecta
756 418 878 473 est;
930 409 1173 478 subjecta
1210 416 1389 462 autem
1422 424 1527 462 non
1556 425 1621 463 ea
1648 409 1954 463 comlitione
1990 416 2051 461 ut
2079 413 2123 470 Λ
2151 420 2282 475 ergo
2312 406 2364 459 in
2395 420 2560 461 carne
2580 416 2800 476 propter
2829 421 2927 460 nos
2953 423 2965 459 :
2991 414 3049 462 ut
3078 414 3257 460 autem
3282 404 3503 459 revelati
3531 401 3741 460 fuerim

486 508 707 556 maneat
738 514 949 569 semper
972 498 1211 566 subjecta
1242 498 1495 562 vanitati,
1536 498 1631 553 sed
1664 514 1788 553 cum
1817 498 2049 567 quadam

486 607 599 663 spe.
634 591 764 659 Qua:
794 599 973 645 autem
1020 590 1091 644 sit
1116 605 1238 659 spes
1275 589 1372 643 ista
1402 596 1789 643 commemorat
1822 588 2047 643 dicens:

486 681 749 748 Quoniam
773 690 821 736 et
850 682 987 757 ipsa,
1014 681 1204 750 inquit,
1236 689 1476 734 creatura
1505 677 1809 734 liberabitur
1828 696 1868 733 α
1895 678 2053 733 servi-

484 782 593 827 tute
637 773 1019 841 corruptionis,
1055 772 1112 826 in
1151 770 1387 826 libertate
1426 771 1610 843 gloria:
1651 771 1885 841 ﬁliorum
1931 768 2049 824 Dei.

485 861 846 917 Discutiamus
906 876 1035 933 ergo
1082 862 1343 917 intentius
1383 877 1505 932 quae
1547 869 1634 916 est
1677 862 1779 915 ista
1820 860 2047 923 vanitas,

484 953 569 1007 cui
612 960 858 1009 creatura
901 953 1099 1009 dicitur
1125 967 1247 1008 esse
1278 953 1550 1022 subjecta,
1589 961 1645 1007 et
1677 967 1796 1022 qua:
1829 960 1915 1007 est
1948 952 2050 1007 ista

482 1044 777 1113 corruptio,
807 1044 872 1098 de
908 1041 1062 1112 cujus
1091 1044 1349 1098 servitute
1389 1041 1717 1098 liberandam
1755 1058 1814 1097 se
1846 1048 2047 1112 sperat.

482 1130 608 1185 Mihi
653 1132 861 1187 videtur
895 1133 1041 1202 quod
1084 1133 1150 1188 de
1189 1132 1292 1186 hac
1329 1131 1598 1187 materiali
1630 1140 1685 1186 et
1716 1130 2049 1202 corruptibili

481 1222 722 1291 corporis
760 1222 1062 1278 substantia
1103 1222 1207 1276 ista
1242 1221 1508 1275 dicantur.
1548 1218 1732 1290 Neque
1757 1221 1903 1275 enim
1931 1236 2051 1275 cor-

481 1312 659 1381 ruptio
689 1311 1034 1383 alicuiquam,
1063 1312 1166 1365 nisi
1192 1310 1403 1381 corpori
1433 1309 1760 1364 dominatur.
1800 1308 1935 1364 Nam
1962 1310 2050 1365 ille

481 1401 706 1456 interior
733 1403 895 1457 homo
919 1402 1010 1471 qui
1040 1402 1332 1456 secundum
1355 1400 1521 1454 Deum
1543 1407 1758 1455 creatus
1781 1408 1885 1465 est,
1906 1408 1963 1454 et
1981 1400 2051 1456 ad

480 1493 770 1563 imaginem
800 1492 895 1547 Dei
928 1493 1138 1557 factus,
1171 1490 1596 1560 incorruptibilis
1625 1498 1734 1552 est,
1776 1499 1832 1544 et
1856 1490 2046 1545 invisi-

480 1585 632 1649 bilis,
672 1593 728 1640 et
761 1585 1055 1641 secundum
1088 1583 1361 1653 prepriam
1389 1582 1471 1636 sui
1502 1582 1767 1637 rationem
1801 1582 2049 1651 incorpo-

479 1688 603 1728 reus
631 1672 735 1728 dici
770 1681 966 1743 potest.
1002 1670 1253 1726 Exterior
1296 1684 1425 1725 vero
1465 1670 1626 1724 homo
1670 1678 1725 1723 et
1759 1681 2049 1737 corporeus

2153 493 2248 546 ﬁlii
2279 493 2370 547 Dei
2390 532 2403 555 ,
2429 500 2486 547 et
2510 493 2817 564 congregati
2847 494 2899 547 in
2930 508 3095 545 imum
3122 507 3221 562 per
3246 491 3545 546 Ecclesium
3568 509 3740 563 quam

2152 584 2341 638 statuit
2381 584 2472 637 uni
2511 585 2623 638 uiro
2656 584 2905 653 rirginem
2947 593 3147 637 castam
3191 584 3429 638 exhibere
3471 584 3692 638 Christo
3719 626 3739 650 ,

2152 682 2279 728 tunc
2321 681 2376 728 et
2417 674 2534 743 ipse
2576 673 2896 728 liberabitur
2942 689 2972 727 a
3019 674 3287 728 servitute
3332 676 3742 744 corruptionis,

2150 763 2292 818 sicut
2322 764 2437 833 ipse
2462 764 2594 819 dicit
2620 782 2635 817 :
2659 764 2771 834 Ego
2805 773 2978 819 autem
3004 765 3120 835 jam
3145 764 3421 830 immlor,
3451 777 3497 819 et
3527 777 3742 837 tempus

2152 854 2483 909 resolutionis
2519 871 2649 910 mea:
2679 856 2856 910 instat.
2897 854 3120 911 Cursum
3152 859 3541 923 consummari,
3574 860 3738 927 ﬁdem

2148 946 2378 1010 servavi,
2419 944 2484 1000 de
2523 957 2708 1000 cretero
2754 947 2975 1017 reposita
3005 957 3079 1001 est
3110 948 3239 1001 mihi
3282 964 3475 1002 corona
3510 950 3741 1019 justitia:

2151 1032 2237 1105 (II
2267 1033 2401 1088 Tim.
2430 1034 2527 1105 tv).
2557 1034 2671 1090 Hoc
2692 1044 2777 1090 est
2808 1036 3089 1091 liberatum
3118 1054 3242 1093 esse
3266 1053 3296 1091 a
3324 1040 3593 1095 servitute
3619 1056 3743 1094 cor-

2152 1124 2418 1193 ruptionis
2453 1125 2508 1179 in
2545 1125 2850 1181 libertatem
2892 1126 3078 1198 gloriae
3130 1128 3361 1183 ﬁliorum
3391 1130 3509 1184 Dei.
3546 1130 3739 1201 (Αιις.)

2149 1214 2301 1282 Quod
2334 1226 2515 1272 autem
2551 1218 2669 1272 ait:
2702 1217 2846 1272 Nam
2883 1221 3203 1289 exspectatis
3234 1232 3493 1274 creatura:
3530 1221 3739 1274 ret-eis-

2146 1308 2339 1361 tionem
2363 1307 2593 1376 ﬁliorum
2618 1307 2717 1362 Dei
2741 1317 3000 1379 exspectat
3024 1323 3044 1360 :
3071 1310 3292 1364 ranitati
3316 1312 3455 1364 enim
3486 1322 3737 1365 creatura

2145 1399 2379 1469 subjecta
2406 1408 2481 1454 est
2509 1416 2613 1454 non
2640 1411 2839 1471 sponte,
2869 1408 2999 1467 εισι,
3036 1417 3211 1472 usque
3238 1403 3304 1456 ad
3347 1404 3398 1456 id
3434 1405 3585 1472 quod
3620 1405 3694 1457 ait
3720 1425 3733 1457 :

2147 1486 2217 1543 Et
2236 1489 2336 1559 ipsi
2354 1491 2413 1543 in
2429 1490 2577 1543 nobis
2598 1491 2980 1561 ingemiscintus
2996 1491 3327 1561 adoptionem
3349 1503 3738 1563 exspectantes,

2148 1581 2548 1649 redemptionem
2573 1582 2806 1650 corporis
2831 1582 3027 1647 nostri,
3067 1583 3148 1637 sic
3175 1582 3589 1653 intelligendum
3618 1594 3732 1645 est,

2147 1679 2206 1724 ut
2235 1684 2408 1741 neque
2438 1684 2654 1726 sensum
2683 1672 2932 1743 gemendi
2963 1680 3019 1728 et
3048 1672 3261 1729 dolendi
3289 1675 3585 1743 opinemur
3614 1690 3741 1731 esse

478 1773 533 1818 et
556 1764 920 1834 corruptibilis
945 1763 1144 1819 dicitur
1168 1782 1180 1815 ε
1203 1770 1421 1832 propter
1441 1761 1582 1830 quod
1609 1766 1666 1815 et
1684 1759 1881 1816 Paulus
1902 1760 2050 1814 dice-
2079 1755 2122 1814 Β
2150 1763 2205 1819 in
2229 1762 2514 1819 arboribus
2532 1772 2588 1818 et
2608 1762 2847 1819 oleribus
2863 1773 2919 1819 et
2939 1765 3224 1835 lapidibus,
3238 1774 3293 1820 et
3315 1767 3533 1821 cmtcris
3553 1767 3741 1836 hujus-

477 1854 570 1908 bat
598 1871 610 1906 :
645 1852 787 1906 Nam
822 1853 916 1906 etsi
951 1855 996 1906 is
1032 1853 1123 1923 qui
1162 1851 1226 1904 de
1258 1851 1389 1920 foris
1424 1860 1499 1904 est
1536 1850 1692 1903 homo
1730 1859 1903 1903 noster
1929 1865 2046 1903 cor—

478 1946 758 2014 rumpitur,
806 1944 898 1997 sed
941 1944 1030 2015 qui
1075 1947 1217 1996 intus
1261 1950 1335 1996 est
1380 1951 1655 1996 renovatur
1684 1940 1769 2013 (II
1797 1940 1920 1995 Cor.
1949 1940 2045 2009 tv).

478 2033 753 2087 lnterioris
791 2040 971 2087 autem
1015 2032 1251 2086 hominis
1290 2030 1589 2097 renovatio,
1633 2038 1818 2101 utpote
1845 2030 1937 2101 qui
1964 2039 2047 2086 est

478 2122 834 2188 rationabilis,
869 2130 923 2177 et
962 2137 1116 2177 mens
1152 2123 1206 2177 in
1242 2123 1515 2193 agnitione
1547 2122 1647 2177 Dei
1667 2131 1723 2178 et
1750 2124 2049 2193 capacitate

476 2214 646 2269 sancti
672 2213 907 2285 Spiritus
929 2222 1161 2269 constat.
1187 2213 1384 2269 Verum
1412 2222 1469 2268 ut
1496 2214 1671 2285 aliqua
1699 2215 1763 2270 dc
1788 2224 1896 2269 tam
1922 2231 2047 2286 pro—

476 2305 659 2361 fundis
679 2307 839 2362 rebus
852 2306 1089 2361 breviter
1102 2313 1157 2361 et
1180 2306 1407 2361 strictim
1425 2306 1587 2361 etiam
1617 2306 1878 2362 chartulis
1902 2322 2047 2363 eom-

476 2398 794 2462 mittamus,
841 2405 898 2452 et
944 2398 1114 2467 ipsam
1160 2397 1435 2452 interioris
1477 2397 1733 2463 hominis,
1782 2397 1887 2453 hoc
1930 2406 2044 2463 est,

476 2487 673 2542 animae
696 2486 1000 2557 mentisque
1033 2487 1349 2542 substantia:
1378 2485 1695 2557 colligamus
1722 2487 2041 2559 imaginem,

476 2578 745 2647 quomodo
779 2578 999 2633 vanitati
1043 2587 1285 2632 creatura
1321 2578 1554 2648 subjecta
1588 2586 1661 2632 est
1702 2595 1807 2633 non
1851 2577 2045 2646 colens,

475 2669 565 2722 sed
596 2677 805 2739 propter
834 2683 954 2722 eum
988 2668 1077 2739 qui
1108 2667 1326 2738 subjecit
1370 2684 1484 2722 eam
1523 2668 1576 2722 in
1609 2681 1741 2739 spe:
1769 2675 1824 2723 et
1850 2669 2042 2739 ipsum,

476 2762 521 2815 si
554 2761 783 2825 videtur,
810 2759 1035 2815 Paulum
1069 2775 1332 2831 ponamus
1361 2760 1415 2815 in
1450 2760 1646 2826 medio,
1680 2762 1835 2832 cujus
1862 2761 2047 2832 utique

475 2850 658 2904 anima
694 2848 783 2905 vel
809 2863 989 2917 mens,
1012 2850 1104 2921 qui
1131 2859 1216 2905 est
1250 2849 1475 2905 interior
1498 2850 1615 2920 eius
1641 2851 1823 2918 homo,
1854 2867 2045 2924 super-

476 2943 720 3012 greditur
760 2952 814 2999 et
860 2943 1303 2999 sscenditomne
1336 2944 1479 3014 quod
1519 2959 1869 3014 corporeum,
1901 2945 2046 3015 quod

476 3032 715 3099 visibile,
754 3032 897 3102 quoi
925 3032 1106 3088 sensui
1137 3031 1375 3103 subjacet
1404 3040 1459 3088 et
1486 3035 1758 3104 aspectui,
1795 3043 1850 3089 et
1878 3034 2046 3105 ipsius

475 3120 669 3177 divinae
694 3129 899 3177 naturae
923 3120 1151 3176 etiieitur
1172 3136 1360 3193 capax.
1397 3121 1502 3178 Sed
1530 3123 1646 3178 haec
1671 3130 1821 3178 tanta
1846 3104 1911 3178 et,
1924 3124 2047 3180 talis
2073 3104 2117 3166 ε

479 3213 673 3266 anima:
697 3210 813 3279 ejus
847 3212 1183 3279 substantia,
1219 3229 1338 3284 qua:
1383 3214 1618 3269 rationes
1654 3224 1707 3269 et
1747 3214 2046 3285 intelligen-

483 3303 610 3357 tiam
633 3301 932 3357 caelestium
956 3303 1369 3372 divinorumque
1392 3316 1644 3360 sensuum
1671 3313 1812 3361 tenet
1835 3305 2051 3377 (quibus

483 3408 545 3448 ex
567 3392 761 3456 causis,
778 3390 924 3446 Deus
936 3391 1174 3464 viderit),
1190 3392 1431 3462 subjecta
1445 3401 1529 3449 est
1548 3395 1792 3450 servituti
1810 3396 2053 3465 corporis

478 3480 862 3553 corruptibilis,
886 3489 942 3535 et
964 3482 1187 3536 vanitati
1210 3481 1330 3550 ejus
1349 3484 1595 3539 devincta
1621 3493 1724 3539 est.
1755 3483 2049 3541 Considera

477 3576 621 3630 enim
651 3575 1005 3631 necessitates
1032 3577 1298 3647 corporis,
1336 3578 1696 3648 appetentiam
1724 3578 1830 3635 cibi
1848 3619 1864 3645 ,
1902 3580 2052 3652 dige-

479 3669 713 3724 stionum
742 3670 1032 3741 pudorem,
1074 3671 1408 3740 posteritatis
1444 3675 1761 3742 reparanda:
1786 3688 2049 3739 verecun-

480 3762 622 3815 diam
643 3800 657 3827 ,
688 3767 747 3815 ut
779 3761 981 3816 seritur
1013 3761 1246 3829 soboles,
1273 3770 1334 3817 ut
1358 3763 1565 3829 editur,
1598 3772 1661 3818 ut
1692 3765 1954 3831 nutritur;
1995 3773 2049 3819 et

481 3853 602 3907 vide
640 3859 839 3923 quanta
880 3852 934 3907 in
980 3853 1067 3907 his
1109 3852 1323 3908 vanitas
1363 3853 1642 3919 habeatur,
1682 3863 1883 3924 quanta
1925 3870 2049 3909 cor-

482 3942 679 4013 ruptio,
721 3942 808 3998 cui
849 3952 1100 3998 creatura
1144 3943 1338 3998 animm
1377 3944 1575 4001 nobilis
1615 3955 1675 4000 et
1714 3945 2051 4002 rationabilis

482 4034 606 4090 licet
633 4050 739 4092 non
765 4035 950 4091 volens
976 4036 1216 4107 subjecta
1241 4045 1349 4101 est,
1373 4038 1612 4109 subjecta
1643 4047 1820 4095 tamen
1851 4041 1902 4095 in
1933 4056 2060 4111 spe,

485 4135 692 4197 tempus
711 4124 957 4183 videlicet
981 4142 1205 4197 sperans
1232 4144 1339 4198 quo
1371 4128 1646 4195 liberetur,
1670 4146 1791 4185 cum
1820 4130 2052 4187 ﬁliorum

487 4217 576 4271 llei
610 4228 819 4287 tempus
853 4217 1118 4274 libertatis
1145 4220 1439 4274 advenerit.
1480 4219 1595 4275 lloc
1631 4229 1715 4275 est
1749 4235 1878 4291 ergo
1910 4223 2052 4290 quod

484 4317 538 4361 et
565 4307 616 4361 in
645 4307 766 4362 aliis
794 4308 1033 4377 aper-tius
1048 4306 1161 4377 jam
1184 4309 1248 4363 de
1274 4324 1333 4363 se
1356 4309 1470 4378 ipse
1503 4309 1716 4364 dicebat
1743 4308 2051 4380 Apostolus,

484 4398 609 4466 quia
637 4382 763 4452 dum
790 4414 969 4452 sumus
1006 4400 1061 4453 in
1099 4400 1397 4454 habitacula
1427 4400 1523 4454 hoc
1554 4401 1935 4472 ingemiscimus
1965 4401 2049 4473 (11

486 4485 609 4540 Cor.
657 4485 730 4557 v).
779 4485 894 4542 Hoc
921 4497 981 4543 et
1008 4488 1269 4557 sapientia
1305 4504 1402 4558 per
1440 4489 1778 4545 Salomouem
1820 4490 2053 4556 dicebat,

486 4574 610 4641 quia
639 4576 968 4645 corruptibile
989 4593 1176 4647 corpus
1204 4589 1451 4647 aggravat
1473 4579 1727 4644 animam,
1746 4588 1791 4633 et
1815 4580 2054 4651 deprimit

488 4678 691 4720 terrena
715 4667 968 4721 habitatio
993 4684 1202 4722 sensum
1230 4669 1398 4723 multa
1427 4672 1736 4740 cogitantem
1766 4669 1914 4742 (Sap.
1945 4668 2053 4741 1x);

487 4766 543 4811 et
563 4756 701 4812 idem
726 4756 921 4812 Paulus
945 4776 958 4810 :
987 4757 1123 4810 Dum
1140 4758 1278 4811 enim
1298 4775 1477 4812 sumus
1500 4760 1553 4813 in
1575 4776 1807 4829 corpore,
1828 4761 2055 4829 peregri-

490 4863 679 4901 uanmr
705 4865 737 4901 a
766 4846 989 4901 Domino
1012 4863 1030 4901 :
1061 4855 1116 4901 et
1141 4848 1288 4917 cupit
1316 4849 1487 4917 magis
1513 4849 1844 4918 peregrinari
1874 4866 1901 4902 a
1933 4864 2055 4903 cor-

486 4953 639 5008 pore,
670 4946 726 4994 et
755 4938 944 4994 adesse
974 4939 1039 4993 ad
1072 4938 1382 4993 Domiumn.
1415 4938 1525 4994 lloe
1564 4940 1765 4995 iudicat
1797 4949 1852 4995 ct
1886 4939 2054 4997 multo

484 5031 726 5102 apertius
754 5030 973 5099 exponit
993 5030 1155 5085 etiam
1178 5030 1232 5084 in
1254 5044 1321 5084 eo
1343 5030 1462 5085 loco
1489 5031 1576 5085 ubi
1599 5031 1727 5086 dicit
1764 5049 1776 5084 :
1807 5030 2058 5086 Coarctor

489 5132 660 5176 autent
686 5138 750 5176 ea:
776 5120 979 5175 duobus
1004 5134 1022 5171 .'
1048 5120 1363 5175 desiderium
1398 5120 1592 5175 habens
1629 5124 1813 5176 reverti
1828 5162 1842 5187 ,
1866 5132 1911 5175 et
1937 5139 2055 5175 cum

491 5213 696 5269 Christo
732 5230 872 5278 esse,
906 5213 1069 5267 multo
1112 5215 1247 5267 enim
1296 5213 1481 5268 melius
1508 5227 1525 5264 .'
1546 5230 1846 5285 permanere
1884 5225 2055 5269 autem

490 5304 656 5373 magis
679 5305 1023 5357 necessarium
1051 5314 1258 5373 propter
1279 5322 1361 5359 ros
1386 5305 1548 5378 (Phil.
1571 5306 1630 5378 ι).
1660 5305 1715 5359 In
1743 5322 1849 5377 quo
1875 5316 2058 5377 aperte

491 5394 724 5448 ostendit
766 5396 907 5463 quod
958 5410 1062 5447 non
1113 5395 1329 5460 volens,
1368 5404 1623 5464 quantum
1667 5398 1730 5449 al
1762 5413 1825 5449 ca
1857 5404 2059 5464 spectat

494 5498 613 5548 qua:
635 5484 829 5538 aninue
865 5498 975 5537 sua:
1008 5484 1256 5538 conscius
1286 5494 1421 5546 erat,
1454 5485 1783 5554 corruptioui
1815 5486 1938 5539 huic
1970 5501 2060 5538 va-

496 5569 755 5639 nitatique
782 5573 1042 5637 serviret;
1076 5574 1168 5627 sed
1191 5584 1408 5643 pmpter
1433 5589 1578 5636 cum,
1611 5574 1700 5643 qui
1733 5575 1843 5628 haec
1874 5575 1945 5628 ita
1970 5590 2058 5627 vo-

501 5656 615 5722 luit,
637 5670 689 5712 et
712 5673 930 5731 propter
951 5679 1071 5726 nos,
1095 5673 1145 5716 ul
1173 5663 1301 5716 salvi
1326 5679 1446 5718 esse
1466 5664 1747 5733 possimus.
1776 5664 2061 5717 Permanet

2146 1853 2356 1909 cemodi
2379 1854 2642 1909 creaturis
2665 1872 2681 1908 :
2706 1854 2795 1909 hic
2815 1855 2959 1909 enim
2985 1869 3140 1909 error
3162 1854 3587 1910 Manichaeorum
3616 1865 3735 1920 est;

2147 1959 2321 2014 neque
2340 1944 2559 2014 angelos
2577 1955 2792 1999 sanctos
2815 1944 3039 1999 vanitati
3062 1945 3332 2016 subjectos
3356 1960 3478 2001 esse
3498 1947 3740 2002 arbitro-

2146 2049 2297 2099 mur;
2326 2042 2380 2088 et
2403 2033 2468 2088 de
2493 2033 2579 2088 his
2605 2034 2989 2089 existimemus
3002 2035 3143 2104 quod
3172 2035 3549 2090 liberabuntur
3568 2053 3604 2090 a
3628 2053 3742 2092 ser-

2146 2124 2315 2180 vitute
2344 2124 2620 2192 interitus,
2648 2141 2770 2181 cum
2795 2127 3068 2182 interituri
3093 2128 3278 2198 utique
3319 2145 3426 2184 non
3455 2130 3569 2184 sint
3595 2149 3613 2183 :
3642 2131 3746 2185 Sed

2144 2231 2358 2271 onmem
2406 2224 2711 2272 creaturam
2760 2217 2814 2272 in
2867 2218 2983 2288 ipso
3030 2219 3249 2275 homine
3299 2219 3418 2275 sine
3471 2221 3585 2275 ulla
3647 2237 3743 2277 αι-

2147 2305 2346 2361 lumnia
2394 2306 2717 2377 cogitemus.
2763 2306 2879 2362 Non
2935 2309 3079 2363 enim
3134 2317 3385 2364 creatura
3443 2310 3557 2364 ulla
3611 2326 3747 2367 esse

2144 2405 2369 2466 potest,
2406 2397 2509 2452 nisi
2536 2406 2628 2451 aut
2653 2397 2941 2467 spiritalis,
2972 2413 3092 2468 quae
3123 2398 3341 2455 excellit
3384 2399 3438 2453 in
3475 2400 3741 2471 angelis;

2145 2496 2239 2540 aut
2280 2486 2531 2542 animalis
2549 2526 2569 2552 ,
2595 2502 2714 2556 qua:
2743 2487 2905 2542 etiam
2931 2489 2983 2542 in
3013 2490 3123 2543 vita
3151 2488 3451 2545 bestiarum
3479 2492 3622 2546 satis
3643 2507 3735 2562 ap»

2145 2585 2326 2646 paret;
2368 2587 2462 2630 aut
2490 2576 2817 2647 corporalis,
2852 2593 2971 2646 qua:
3006 2578 3176 2632 videri
3218 2587 3314 2633 aut
3346 2581 3492 2651 tangi
3529 2589 3732 2650 petest.

2145 2668 2335 2723 Omnis
2354 2676 2536 2722 autem
2561 2677 2644 2723 est
2664 2669 2828 2723 etiam
2852 2669 2906 2723 iu
2927 2669 3166 2737 homine,
3181 2671 3309 2741 quia
3325 2671 3491 2727 homo
3515 2683 3739 2728 constat

2145 2757 2324 2813 anima
2350 2768 2405 2813 et
2433 2773 2679 2828 corpore.
2711 2759 2855 2831 Ergo
2881 2768 3129 2816 creatura
3155 2761 3541 2818 revelationem
3586 2764 3730 2819 tilio-

2148 2865 2267 2903 rum
2299 2850 2394 2905 Dei
2422 2858 2726 2921 exspectat,
2756 2851 3015 2921 quidquid
3042 2868 3186 2909 nunc
3208 2854 3263 2908 in
3282 2854 3505 2910 homine
3518 2854 3739 2910 laboras

2146 2949 2204 2995 et
2234 2941 2567 3012 corruptioui
2592 2941 2837 3012 subjacct
2862 2984 2875 3010 ,
2913 2942 3058 2998 illam
3084 2945 3293 3002 scilicet
3323 2945 3731 3002 manifestatio-

2147 3029 2372 3096 nem,de
2393 3047 2498 3101 qua
2521 3033 2660 3087 idem
2682 3033 2814 3089 dicit
2832 3033 3119 3105 Apostolus
3145 3034 3342 3109 (Calas.
3369 3038 3453 3109 ιιι)
3478 3056 3495 3091 :
3531 3037 3737 3093 Morini

2150 3122 2288 3176 enim
2316 3122 2436 3176 estis
2473 3130 2521 3176 et
2567 3124 2670 3176 rita
2705 3134 2872 3177 vestra
2907 3125 3211 3181 abscondita
3245 3138 3323 3182 est
3364 3145 3484 3182 cum
3521 3128 3743 3184 Christo

2151 3210 2206 3264 in
2240 3209 2370 3265 Deo.
2412 3209 2544 3266 Cum
2579 3211 2815 3267 Christus
2843 3216 3142 3285 apparuerit
3169 3216 3273 3271 vita
3298 3228 3489 3284 vestra,
3531 3229 3656 3272 tunc
3684 3230 3732 3273 et

2152 3318 2239 3356 ros
2258 3318 2374 3356 cum
2396 3301 2508 3372 ipso
2532 3303 2843 3372 apparebitis
2864 3305 2916 3357 in
2936 3304 3125 3375 gloria.
3144 3305 3284 3361 Dicit
3302 3308 3447 3362 enim
3462 3308 3741 3365 Joannes:

2151 3390 2519 3457 Dilectissimi,
2551 3408 2690 3447 nunc
2710 3392 2813 3461 ﬁlii
2839 3392 2937 3447 Dei
2966 3410 3176 3459 sumus,
3207 3405 3253 3449 et
3281 3397 3515 3451 nondum
3564 3415 3731 3468 appao

2152 3481 2254 3533 ruit
2280 3480 2407 3551 quid
2433 3482 2626 3536 erimus
2655 3495 2674 3533 :
2700 3483 2893 3536 scimus
2921 3491 3092 3537 autem
3114 3486 3237 3554 quia
3259 3502 3379 3539 cum
3402 3490 3741 3556 apparuerit,

2150 3572 2344 3627 similes
2369 3574 2416 3628 ei
2440 3573 2652 3638 erimus,
2680 3574 2927 3645 quoniam
2950 3576 3229 3631 ridebimus
3252 3593 3370 3631 eum
3392 3578 3553 3632 sicuti
3571 3592 3646 3634 est
3671 3578 3732 3648 (i

2149 3662 2311 3718 Joan.
2326 3663 2433 3738 ιιι).
2452 3662 2602 3721 lianc
2621 3680 2751 3737 ergo
2770 3666 3149 3722 revelationem
3172 3667 3405 3724 ﬁliorum
3424 3670 3520 3724 Dei
3544 3686 3739 3741 exspe-

2151 3762 2261 3809 ctat
2292 3765 2563 3821 creatura,
2590 3772 2709 3826 qua:
2736 3756 2789 3810 in
2816 3757 3032 3812 homine
3062 3774 3205 3814 nunc
3230 3759 3457 3814 vanitati
3482 3761 3737 3831 subjecta

2149 3854 2251 3912 est,
2271 3848 2504 3917 quandiu
2524 3848 2699 3904 dedita
2711 3856 2792 3903 est
2816 3849 3198 3919 temporalibus
3219 3852 3399 3916 rebus,
3414 3867 3536 3921 qum
3559 3862 3747 3908 transo

2150 3944 2280 3990 eunt
2319 3946 2589 4007 tamquam
2627 3938 2839 3993 umbra.
2884 3938 3036 3995 Unde
3064 3951 3119 3995 et
3157 3942 3211 3996 in
3236 3940 3468 3997 Psalmis
3489 3943 3736 3998 dicitur:

2152 4023 2325 4079 Homo
2346 4027 2564 4080 vanitati
2586 4027 2773 4081 similis
2796 4028 2967 4097 [actus
2988 4040 3060 4083 est
3083 4030 3232 4084 :tlies
3253 4031 3370 4100 ejus
3386 4032 3524 4085 sicut
3546 4032 3747 4086 umbra-

2149 4125 2457 4185 prwtereunt
2484 4115 2654 4188 (Psal.
2677 4119 2885 4188 CXLIII).
2910 4119 2985 4173 De
3005 4134 3111 4187 qua
3131 4120 3369 4175 vanitate
3387 4121 3556 4175 etiam
3581 4120 3741 4176 Salo—

2152 4218 2276 4257 uxon
2308 4202 2544 4275 loquitur
2563 4221 2686 4259 cum
2710 4206 2872 4261 dicit:
2911 4206 3127 4262 Vanitas
3162 4209 3455 4262 sanitatum
3475 4220 3522 4262 et
3553 4211 3743 4264 omnia

2154 4293 2353 4347 uanitas
2386 4307 2542 4365 :qua:
2575 4294 2901 4350 abundantia
2933 4297 3131 4351 homini
3160 4297 3214 4350 in
3240 4299 3380 4351 omni
3409 4297 3595 4352 labore
3612 4314 3747 4363 suo,

2152 4401 2253 4454 quo
2290 4386 2398 4454 ipse
2434 4385 2637 4439 laborat
2666 4387 2759 4440 sub
2789 4386 2898 4442 sole
2920 4389 2945 4442 .9
2969 4386 3134 4460 (Eccl.
3163 4405 3202 4455 ι,
3228 4389 3334 4461 ιιι.)
3363 4389 3439 4444 De
3458 4405 3568 4459 qua
3591 4391 3736 4445 idem

2156 4477 2322 4531 David
2344 4478 2500 4532 dicit:
2526 4475 2718 4549 thuid
2737 4478 2952 4550 diligitis
2974 4480 3248 4534 vanitatem
3267 4492 3316 4533 et
3332 4482 3573 4550 queritis
3591 4497 3743 4535 πτας

2156 4568 2363 4622 dariam
2381 4571 2403 4623 1’
2424 4569 2592 4642 (Psal.
2626 4569 2723 4642 vv.)
2753 4571 2869 4625 Non
2892 4582 3080 4642 sponte
3105 4580 3286 4627 autem
3309 4572 3443 4626 dicit
3467 4587 3591 4628 esse
3608 4575 3733 4628 sub.

2150 4659 2349 4729 jcctatn
2401 4662 2624 4716 vanitati
2663 4671 2970 4718 creaturam
2998 4704 3011 4726 ,
3069 4664 3326 4733 quoniam
3378 4664 3614 4734 ptemlis
3649 4675 3737 4719 est

2162 4753 2261 4806 ista
2321 4752 2601 4822 subjectio.
2643 4752 2759 4808 Non
2805 4754 2949 4807 enim
2991 4753 3153 4809 homo
3193 4755 3335 4808 sicut
3374 4766 3571 4823 sponte
3612 4770 3734 4824 pec-

2162 4845 2328 4909 cavit,
2364 4845 2443 4899 sic
2490 4845 2654 4900 etiam
2681 4852 2876 4914 sponte
2909 4844 3193 4900 damnatus
3231 4854 3356 4899 est:
3403 4861 3527 4914 quae
3553 4854 3733 4899 tamen

2157 4937 2428 4991 damnatio
2458 4951 2565 4991 non
2602 4936 2719 4990 sine
2759 4950 2853 5005 spe
2886 4937 3241 5006 reparationis
3271 4937 3508 5005 irrogata
3530 4945 3616 4989 est
3642 4952 3735 4988 na-

2157 5038 2291 5082 tura:
2314 5036 2529 5082 nostrm.
2546 5026 2613 5081 Et
2638 5027 2779 5092 ideo,
2801 5026 3017 5097 Propter
3031 5042 3173 5091 eum,
3190 5026 3387 5095 inquit,
3407 5026 3499 5095 qui
3511 5025 3732 5094 subjecit

2157 5138 2270 5173 eam
2296 5122 2351 5173 in
2374 5137 2481 5190 spe,
2498 5120 2620 5191 quia
2649 5130 2694 5173 et
2718 5120 2831 5189 ipsa
2852 5131 3092 5174 creatura
3108 5119 3415 5173 liberabitur
3434 5136 3467 5171 α
3486 5120 3732 5172 serritnte

2158 5214 2399 5267 interitus
2427 5214 2481 5266 in
2511 5211 2797 5266 libertatem
2831 5211 3012 5282 gloria'
3041 5212 3269 5280 ﬁliorum
3296 5211 3393 5265 I!ei
3410 5229 3429 5273 ;
3461 5212 3515 5265 id
3540 5220 3644 5276 est,
3677 5221 3730 5264 ut

2160 5310 2212 5355 ct
2251 5302 2363 5372 ipsa
2392 5303 2672 5375 perveniat
2712 5302 2780 5358 ad
2817 5303 3117 5358 libertatem
3151 5302 3335 5371 gloria:
3372 5303 3609 5357 ﬁliorum
3642 5303 3729 5356 Dei

2162 5408 2258 5461 per
2297 5393 2453 5447 ﬁdem
2495 5411 2505 5446 :
2540 5409 2659 5462 qum
2691 5394 2825 5447 ﬁdes
2860 5408 2982 5447 cum
3014 5394 3067 5447 in
3094 5408 3157 5447 ea
3188 5409 3293 5447 non
3317 5403 3460 5457 erat,
3495 5404 3733 5447 tantum-

2163 5483 2322 5537 modo
2351 5493 2598 5538 creatura
2625 5485 2935 5539 dicebatur-
2960 5483 3023 5537 Et
3049 5484 3116 5538 ad
3141 5485 3309 5554 ipsam
3341 5484 3566 5548 referes,
3593 5486 3731 5552 ηιμ]

2161 5574 2402 5642 sequitur
2426 5588 2439 5627 :

2233 5665 2434 5719 Scimus
2485 5666 2618 5719 enim
2661 5666 2782 5735 quia
2834 5676 3073 5721 creatura
3113 5667 3440 5735 congemisrit
3497 5677 3544 5720 ct
3599 5669 3727 5718 deici
