4026 6180
271 391 290 444 l
303 389 405 444 457

827 389 1368 447 ENABRATIONUM
1408 388 1476 444 IN
1515 389 1664 445 EPP.
1702 388 1905 445 PAULI
1944 387 2070 442 LIB.
2111 385 2176 440 V.
2212 418 2285 428 —
2322 386 2388 441 ΙΝ
2427 385 2643 442 EPIST.
2682 385 2774 439 AD
2812 384 2975 440 ROM.

3293 432 3296 435 .
3385 388 3525 444 ηδε

270 520 430 571 usque
459 500 649 557 adhuc.
676 501 846 558 Erant
873 504 1016 558 enim
1051 503 1224 560 adhuc
1258 504 1514 560 credituri
1547 503 1641 574 qui
1679 506 1840 560 etiam

1945 508 2202 568 operante
2240 499 2445 567 pictore
2481 497 2738 567 subjectis
2771 497 2874 553 sibi
2904 496 3174 552 coloribus
3201 506 3256 550 et
3291 499 3360 552 ad
3389 516 3525 569 opus

266 594 460 663 spiritu
495 594 842 664 subjacebant
873 594 1154 649 laboriosis
1177 595 1474 650 erroribus.
1498 592 1604 650 Sed
1627 609 1696 650 ne
1722 594 1845 664 quis

267 692 484 756 putaret
536 684 604 739 de
649 685 888 754 ipsorum
932 683 1114 739 labore
1162 692 1370 739 tantum
1422 684 1624 739 dictum
1683 697 1841 748 esse,

268 774 542 846 subjungit
571 774 736 829 etiam
764 776 830 830 de
867 775 952 829 his
977 775 1068 844 qui
1098 772 1213 843 jam
1251 775 1611 830 crediderant.
1658 772 1843 840 Quan-

268 885 431 940 quam
455 868 598 923 enim
623 867 837 940 Spiritu,
861 867 964 922 hoc
981 876 1085 931 est,
1112 874 1290 922 mente
1311 865 1580 923 servirent
1597 864 1699 936 legi
1728 865 1842 926 Dei.

270 966 447 1012 tamen
487 957 612 1026 quia
641 970 806 1011 carne
835 955 1070 1011 servitur
1098 955 1198 1027 legi
1225 955 1469 1025 peccati,
1501 954 1738 1025 quandiu
1787 954 1841 1008 in

266 1047 370 1101 hac
403 1046 512 1099 vita
553 1044 827 1122 molestias
860 1051 917 1099 et
944 1044 1329 1100 sollicitudines
1368 1044 1715 1100 mortalitatis
1748 1060 1845 1099 no-

267 1141 393 1189 stra:
416 1132 669 1204 patimur.
692 1133 810 1189 ideo
838 1133 1062 1200 addidit,
1082 1134 1267 1189 dicens
1291 1151 1305 1187 :
1333 1134 1457 1189 Non
1476 1133 1645 1189 solum
1669 1144 1843 1188 autem

266 1224 383 1294 ipsi,
407 1223 498 1277 sed
529 1232 578 1277 et
611 1240 704 1277 nos
740 1223 999 1293 primitias
1036 1224 1253 1294 spiritus
1291 1224 1555 1290 habentes,
1578 1232 1628 1279 et
1654 1225 1754 1294 ipsi
1786 1223 1844 1278 in

266 1312 414 1367 nobis
452 1313 838 1383 ingemiscimus
876 1313 1204 1385 adoptionem
1230 1322 1608 1383 exspectantes,
1646 1314 1844 1369 redem-

263 1403 491 1471 ptionem
538 1403 771 1473 corporis
825 1405 1011 1459 nostri.
1056 1403 1181 1459 Haec
1231 1404 1375 1458 enim
1424 1404 1673 1473 adoptio,
1724 1419 1843 1473 qua:

259 1491 371 1561 jam
413 1490 551 1547 facta
598 1502 682 1548 est
730 1493 787 1548 in
840 1494 925 1549 bis
956 1493 1048 1563 qui
1094 1495 1462 1561 crediderunt,
1509 1495 1697 1565 spiritu
1733 1511 1842 1551 non

158 1646 169 1649 _
263 1598 491 1653 corpore
530 1583 670 1639 facta
716 1592 827 1650 est;
865 1585 1101 1640 nondum
1141 1585 1285 1641 enim
1327 1586 1489 1641 etiam
1522 1601 1720 1656 corpus
1753 1602 1843 1643 re-

265 1673 555 1729 l‘ormatum
577 1683 657 1730 est
684 1676 735 1729 in
757 1676 1030 1730 caelestem
1060 1675 1205 1730 illam
1231 1675 1677 1742 immutationem,
1705 1677 1846 1733 sicut

264 1762 488 1834 Spiritus
532 1761 642 1831 jam
683 1771 922 1819 mutatus
981 1773 1065 1819 cst
1109 1765 1546 1821 reconciliatione
1591 1765 1714 1821 ﬁdei
1775 1768 1842 1821 ab

1945 588 2059 657 ejus
2092 596 2335 658 paratus,
2377 588 2709 659 exspectatio
2753 587 2994 642 colorum
3037 586 3522 644 manifestatiouem

1947 679 2196 751 imaginis
2223 686 2522 747 exspectat.
2555 677 2671 732 Non
2690 677 2820 746 quia
2848 684 2977 731 tunc
3000 676 3090 733 alii
3111 685 3269 731 erunt
3293 686 3391 733 aut
3414 694 3520 733 non

1945 769 2153 824 colores
2183 776 2363 830 erunt,
2392 768 2485 823 sed
2510 774 2714 822 tantum
2738 767 2882 836 quod
2906 766 3069 821 aliam
3091 766 3407 836 dignitatem
3433 767 3527 823 ha-

1944 859 2167 914 bebunt.
2210 855 2445 911 Vauitati
2474 857 2633 921 enim,
2670 857 2862 926 inquit,
2893 866 3136 910 creatura
3170 856 3406 926 subjecta
3449 871 3526 915 est

1947 947 2170 1020 (Eccles.
2195 945 2257 1019 l).
2283 946 2397 1002 Hoc
2416 954 2500 1002 est
2519 946 2648 1001 illud
2678 965 2691 1000 :
2724 946 2945 1001 Vanitas
2966 949 3255 1003 sanitatum
3276 958 3325 1003 et
3349 950 3534 1004 omnia.

1944 1037 2166 1091 vanitas.
2191 1034 2322 1102 Quae
2347 1034 2673 1089 abundantia
2698 1036 2902 1091 homini
2937 1036 2990 1090 in
3014 1038 3160 1094 omni
3182 1036 3375 1095 labore
3403 1053 3527 1103 suo,

1943 1140 2102 1195 quem
2139 1125 2252 1195 ipse
2285 1125 2496 1180 laborat
2522 1125 2621 1179 sub
2655 1125 2803 1182 sole?
2831 1127 2917 1181 cui
2949 1127 3151 1182 dictum
3181 1135 3268 1183 est
3299 1147 3313 1183 :
3344 1128 3412 1183 In
3443 1129 3525 1184 ια.

1944 1216 2065 1270 bore
2115 1215 2455 1270 manducabis
2501 1232 2688 1286 panem
2746 1214 2898 1287 (Cen.
2950 1217 3057 1288 tu).
3114 1217 3346 1276 ναιήιωί
3394 1236 3528 1291 ergo

1953 1317 2196 1363 creatura
2235 1308 2566 1379 subjectaest
2602 1326 2706 1364 non
2740 1320 2942 1380 sponte.
2974 1311 3117 1369 Bene
3146 1313 3388 1370 additum
3418 1324 3524 1380 est,

1944 1416 2048 1454 non
2084 1409 2285 1471 sponte.
2312 1400 2492 1475 ⁸Ηοίιιο
2533 1402 2730 1471 quippe
2766 1411 2958 1472 sponte
2988 1404 3256 1472 peccavit,
3293 1406 3387 1461 sed
3416 1422 3525 1461 non

1943 1499 2133 1559 sponte
2173 1493 2457 1548 damnatus
2483 1501 2586 1548 est.
2624 1493 2910 1549 Peccatqu
2944 1494 3130 1565 itaque
3164 1494 3270 1550 fuit
3301 1506 3528 1567 sponta-

1943 1596 2104 1636 neum
2148 1588 2339 1637 con’tra
2377 1591 2702 1652 prmceptum
2754 1583 2937 1640 facere
2987 1585 3276 1654 veritatis;
3319 1589 3528 1657 peccati

1944 1678 2125 1725 autem
2161 1684 2320 1739 pmna
2355 1670 2544 1737 subjici
2579 1670 2821 1728 fallacias.
2856 1673 2972 1729 Non
3008 1689 3136 1746 ergo
3161 1685 3352 1746 sponte
3377 1692 3528 1732 crea-

1945 1768 2067 1816 tura
2093 1762 2318 1819 vanitati
2359 1762 2598 1832 subjecta
2649 1772 2753 1828 est,
2777 1765 2870 1819 sed
2897 1773 3107 1836 propter
3135 1784 3252 1821 cum
3283 1769 3373 1839 qui
3408 1770 3529 1823 sub-

262 1852 538 1907 erroribus
595 1867 887 1908 conversus
940 1853 1008 1908 ad
1048 1854 1238 1909 Deum.
1285 1854 1425 1923 Ergo
1465 1855 1628 1912 etiam
1673 1858 1728 1911 in
1754 1856 1837 1911 his
1864 1845 1911 1903 B
1929 1853 2062 1923 jecit
2086 1870 2201 1909 eam
2222 1856 2279 1909 in
2305 1871 2429 1925 spe,
2456 1855 2508 1910 id
2537 1862 2652 1921 est,
2682 1866 2902 1926 propter
2927 1855 3045 1926 qius
3066 1856 3334 1926 justitiam
3364 1869 3529 1930 atque

260 1943 352 2014 qui
396 1944 761 2009 crelidcrunt,
791 1953 1137 2015 exspectatur
1155 1946 1331 2001 adhuc
1350 1947 1438 2003 illa
1481 1946 1842 2004 inanil‘estatio

261 2048 381 2103 qua:
411 2034 464 2088 in
492 2033 732 2103 corporis
762 2035 1155 2091 resurrectione
1180 2036 1461 2107 proveniet
1487 2054 1501 2090 :
1535 2052 1654 2108 qua:
1674 2036 1843 2106 perti-

260 2132 355 2179 net
390 2123 457 2179 ad
496 2134 749 2196 quartum
782 2124 927 2179 illum
953 2127 1200 2196 gradum,
1237 2127 1324 2183 ubi
1364 2143 1432 2183 ex
1462 2135 1576 2186 toto
1601 2127 1839 2198 perfecta

258 2228 365 2285 pax
392 2212 518 2279 erit,
544 2221 599 2267 et
619 2213 771 2283 quies
795 2222 1020 2281 aeterna,
1043 2215 1187 2269 nulla
1219 2216 1372 2272 nobis
1395 2232 1462 2271 ex
1484 2217 1663 2287 aliqua
1684 2226 1840 2288 parte

255 2304 607 2375 corruptione
631 2305 918 2362 resistente
940 2314 1032 2362 aut
1060 2308 1389 2365 sollicitante
1410 2309 1677 2366 molestia.
1706 2310 1840 2367 Illud

255 2396 406 2452 cnim
462 2397 604 2467 quod
653 2399 974 2469 promiserat
1016 2419 1029 2453 :
1081 2400 1337 2456 Existimo
1383 2402 1524 2474 quod
1569 2419 1672 2458 non
1718 2414 1839 2459 sunt

254 2488 533 2560 condigna:
566 2490 833 2561 passiones
858 2492 927 2547 ad
954 2492 1187 2561 futuram
1220 2492 1466 2565 gloriam,
1497 2511 1615 2567 quae
1651 2496 1843 2551 revela-

256 2581 402 2634 bitur
427 2580 484 2634 iu
513 2580 682 2644 nobis,
719 2581 794 2635 ita
841 2597 946 2637 non
987 2582 1219 2638 absurde
1247 2583 1581 2655 intelligitur.
1620 2585 1840 2642 Dixerat

252 2670 404 2724 cnim
440 2670 686 2739 superius
714 2688 730 2724 :
764 2669 825 2725 Si
854 2681 1027 2726 autem
1063 2672 1248 2741 spiritu
1275 2673 1417 2743 facta
1448 2677 1623 2730 carnis
1653 2679 1837 2732 morti-

253 2758 538 2829 ﬁcavcritis
564 2774 584 2814 :
618 2758 759 2830 quod
787 2760 901 2816 ﬁeri
931 2776 1035 2815 non
1077 2769 1256 2831 potest
1296 2762 1416 2819 sine
1459 2765 1728 2832 molestia,
1751 2767 1837 2823 cui

254 2848 517 2919 patientia
544 2849 849 2905 necessaria
877 2858 993 2916 est;
1023 2865 1130 2922 quo
1161 2853 1398 2921 pertinet
1427 2860 1481 2908 et
1514 2854 1654 2923 quod
1680 2855 1840 2926 paulo

257 2949 387 2993 ante
411 2940 485 2994 ait
514 2958 526 2992 :
561 2939 623 2994 Si
646 2950 818 2994 tamen
855 2941 1253 3011 compatiamur,
1284 2951 1341 2996 ut
1378 2953 1425 2997 et
1461 2942 1836 3015 gloriﬁcemur.

255 3026 414 3095 Quod
448 3027 628 3098 itaque
654 3030 764 3083 ait:
788 3028 928 3084 Nam
952 3030 1266 3099 exspectatio
1298 3042 1553 3086 creatura:
1579 3032 1841 3089 revelatio-

258 3135 379 3171 nem
416 3116 647 3187 filiorum
692 3118 791 3173 Dei
833 3131 1115 3187 exspectat,
1159 3122 1261 3177 boc
1305 3137 1426 3178 eum
1467 3133 1597 3194 puto
1625 3125 1835 3181 dicere:

257 3206 395 3261 Nam
444 3215 498 3261 et
533 3208 635 3263 hoc
676 3208 849 3280 ipsum
892 3211 1032 3279 quod
1061 3210 1113 3265 in
1156 3210 1312 3267 nobis
1335 3211 1498 3279 dolet,
1537 3229 1659 3269 cum
1699 3214 1839 3270 facta
1867 3196 1910 3258 Ο

255 3297 443 3352 carnis
470 3298 877 3365 mortiﬁcamus,
923 3300 976 3356 id
1016 3310 1118 3368 est,
1161 3318 1283 3357 cum
1319 3304 1587 3361 esurimus
1618 3305 1700 3361 vel
1726 3307 1842 3361 siti-

255 3403 383 3442 mus
418 3388 501 3442 vel
538 3403 637 3459 per
669 3390 1086 3458 abstinentiam;
1127 3393 1254 3448 dum
1293 3392 1570 3451 irenamus
1610 3396 1833 3471 delecta-

255 3480 459 3534 tionem
482 3482 799 3538 concubitus
819 3498 916 3563 per
934 3485 1265 3551 castitatem;
1292 3485 1417 3541 dum
1441 3486 1754 3555 injuriarunt
1771 3491 1839 3545 la-

253 3570 584 3635 cerationes,
618 3579 673 3626 et
694 3572 1136 3628 contumeliarum
1169 3574 1387 3630 aculeos
1408 3591 1505 3647 per
1523 3579 1839 3646 patientiam

252 3662 619 3729 sustinemus;
649 3662 773 3718 dum
796 3662 1053 3735 neglectis
1076 3672 1237 3734 atque
1265 3663 1453 3734 ejectis
1476 3667 1840 3739 voluptatibus

252 3752 456 3809 nostris
489 3768 588 3824 pro
618 3751 796 3809 fructu
822 3754 1011 3810 matris
1037 3754 1289 3812 Ecclesia)
1311 3757 1617 3814 laboramus
1643 3777 1659 3814 :
1687 3760 1842 3830 quid-

251 3843 386 3913 quid
413 3845 465 3898 in
490 3844 648 3900 nobis
671 3844 724 3900 in
749 3846 850 3901 hac
865 3855 1027 3917 atque
1049 3848 1353 3918 lutjusmodi
1375 3851 1653 3907 attritione
1674 3851 1838 3918 dolet,

252 3941 506 3989 creatura
531 3942 633 3990 est.
657 3936 816 3993 Dolet
837 3937 981 3992 enim
1001 3952 1201 4008 corpus
1219 3947 1273 3993 ct
1294 3939 1495 4005 anima,
1516 3957 1638 4013 qua:
1656 3942 1841 4012 utique

252 4035 505 4082 creatura
533 4036 637 4095 est,
668 4037 723 4085 et
742 4038 1020 4101 exspectat
1050 4031 1430 4099 revelationem
1459 4032 1693 4088 ﬁliorum
1712 4035 1836 4102 Dei,

254 4117 311 4172 id
341 4125 442 4184 est,
479 4129 778 4191 exspectat,
811 4123 1027 4193 quando
1066 4132 1359 4195 appareat,
1398 4127 1541 4196 quod
1587 4137 1839 4184 vocatum

253 4219 343 4267 est
370 4211 422 4266 in
459 4228 521 4268 ea
549 4214 719 4285 gloria
741 4256 756 4280 ,
790 4216 858 4271 ad
887 4233 1046 4288 quam
1088 4226 1340 4274 vocatum
1375 4228 1477 4274 est.
1523 4219 1658 4288 Quia
1692 4221 1838 4276 enim

257 4299 427 4357 Filius
454 4301 549 4358 Dei
586 4305 892 4377 unigenitus
930 4324 1036 4362 non
1073 4316 1251 4379 potest
1277 4311 1533 4381 appellari
1566 4319 1836 4376 creatura,

254 4394 693 4471 quandoquidem
716 4398 1005 4468 peripsum
1028 4398 1170 4456 facta
1202 4390 1327 4455 sunt
1349 4402 1556 4467 omnia,
1580 4418 1837 4472 quaacun-

255 4497 367 4552 que
389 4483 529 4538 Deus
552 4482 696 4550 fecit,
721 4485 974 4543 distincte
995 4489 1158 4544 etiam
1184 4505 1283 4543 nos
1310 4505 1568 4545 vocamur
1586 4502 1834 4548 creatura

255 4581 386 4628 ante
423 4572 564 4628 illam
592 4575 917 4631 evidentiam
950 4577 1134 4649 gloria:
1161 4619 1176 4644 ,
1212 4588 1269 4635 et
1295 4580 1546 4636 distincte
1580 4597 1836 4638 vocamur

258 4663 356 4721 ﬁlii
383 4666 497 4732 Dei,
518 4670 763 4737 quamvis
785 4670 888 4726 hoc
910 4672 1194 4747 adoptione
1214 4689 1517 4730 mereamur
1543 4694 1557 4729 :
1587 4692 1710 4731 nam
1745 4677 1835 4732 ille

256 4755 566 4827 unigenitus
595 4768 789 4817 natura
828 4760 972 4817 ﬁlius
1029 4772 1129 4819 est.
1169 4764 1310 4835 Ergo
1351 4767 1662 4836 exspectatio
1687 4784 1836 4823 crea-

256 4859 417 4916 tura’,
442 4851 493 4906 id
517 4855 973 4926 estkexspcctatio
999 4865 1180 4911 nostra
1212 4856 1568 4913 reuelatione»:
1601 4859 1835 4929 ﬁliorum

254 4937 358 4993 Dei
386 4951 662 5010 exspectat,
686 4942 738 4997 id
769 4955 870 5010 cst,
885 4954 1163 5017 exspectat
1181 4946 1395 5015 quando
1409 4957 1667 5018 appareat
1692 4950 1834 5019 quod

256 5032 582 5101 promissum
612 5041 729 5100 est,
755 5036 968 5104 quando
998 5036 1175 5108 rcipsa
1205 5036 1549 5093 manifestum
1591 5040 1663 5095 sit
1695 5041 1836 5109 quod

256 5138 403 5178 nunc
418 5139 513 5193 spe
536 5140 740 5181 sumus.
768 5125 897 5181 Filii
921 5128 1058 5182 enim
1077 5127 1175 5182 Dei
1194 5146 1373 5183 sumus
1385 5146 1406 5195 ;
1429 5139 1477 5186 et
1500 5131 1731 5185 nondum
1746 5150 1840 5203 ap-

256 5214 435 5284 paruit
458 5214 582 5286 quid
622 5217 834 5272 erimus.
869 5216 1077 5273 Scimus
1105 5221 1350 5291 quoniam
1373 5237 1491 5275 cum
1516 5224 1839 5292 apparuerit,

255 5303 455 5360 similes
481 5307 528 5360 ei
568 5309 799 5370 erimus;
833 5311 1079 5381 quoniam
1118 5311 1401 5368 uidebimus
1429 5330 1548 5368 eum
1579 5314 1735 5369 sicuti
1763 5325 1838 5371 est

259 5392 335 5465 (1.
366 5392 528 5448 Joan.
561 5395 665 5469 ιιι).
695 5397 811 5468 Ipsa
844 5406 928 5453 est
957 5400 1221 5456 revelatio.
1246 5400 1477 5457 ﬁliorum
1510 5403 1639 5467 Dei,
1672 5419 1835 5471 quam

258 5502 404 5542 nunc
427 5498 705 5559 exspectat
724 5492 1053 5562 exspectatio
1068 5501 1355 5549 creaturae:
1385 5508 1491 5549 non
1521 5494 1664 5562 quod
1684 5510 1838 5551 crca~

260 5583 382 5632 tura
437 5578 818 5636 revelationem
866 5590 1144 5652 exspectat
1182 5582 1402 5638 alterius
1450 5591 1676 5649 naturae,
1716 5602 1837 5655 qua:

258 5681 367 5722 non
396 5666 466 5721 sit
487 5676 770 5734 creatura;
799 5670 891 5725 sed
922 5670 1035 5739 ipsa
1062 5672 1235 5742 qualis
1266 5688 1408 5727 nunc
1432 5682 1515 5727 cst
1536 5683 1835 5742 exspectat,

259 5755 473 5817 quando
505 5757 594 5823 sit,
634 5758 808 5827 qualis
846 5759 1023 5815 futura
1052 5769 1133 5813 est
1161 5778 1172 5814 :
1206 5770 1457 5832 tanquam
1496 5761 1538 5816 si
1568 5760 1837 5818 diceretur

1864 4539 1913 4599 D

1942 1945 2304 2011 clementiam,
2349 1947 2443 2017 qui
2488 1961 2667 2016 neque
2712 1947 3033 2017 impunitum
3074 1958 3358 2019 peccatum
3396 1950 3528 2005 reli-

1940 2038 2059 2107 quit
2082 2076 2097 2102 ,
2130 2051 2229 2095 nec
2261 2037 2616 2095 insanabilem
2646 2037 2818 2094 voluit
2851 2052 2972 2094 esse
3007 2048 3362 2108 peccantem;
3392 2041 3522 2109 quia

1941 2139 1997 2186 et
2023 2131 2136 2200 ipsa
2168 2138 2434 2194 creatura,
2462 2130 2516 2185 id
2539 2138 2652 2193 est,
2688 2130 2802 2200 ipse
2832 2130 3025 2195 homo,
3052 2145 3177 2185 cum
3201 2129 3315 2200 jam
3343 2130 3525 2201 signs-

1940 2219 2063 2276 culo
2102 2218 2355 2288 imaginis
2394 2226 2616 2289 propter
2656 2226 2940 2289 peccatum
2981 2219 3220 2285 amisso,
3264 2220 3529 2276 remansit

1941 2310 2316 2367 tantummodo
2343 2319 2621 2376 creatura,
2643 2311 2697 2367 id
2725 2321 2831 2377 est,
2862 2312 2975 2384 ipsa
3010 2326 3132 2381 qua:
3167 2313 3403 2367 nondum
3431 2326 3526 2366 vo-

1939 2411 2094 2457 catur
2136 2400 2365 2459 ﬁliorum
2409 2400 2581 2457 forma
2629 2400 2867 2471 perlecta
2889 2442 2905 2466 ,
2941 2402 3038 2458 sed
3067 2410 3273 2459 tantum
3300 2411 3528 2458 vocatur

1940 2503 2211 2559 creatura,
2243 2494 2562 2551 liberabitur
2585 2509 2614 2549 a
2643 2495 2905 2550 servitute
2943 2495 3213 2551 interitus.
3246 2493 3401 2562 Quod
3425 2494 3530 2549 ita-

1938 2602 2044 2657 que
2069 2587 2173 2649 ait,
2216 2595 2265 2641 et
2294 2587 2410 2656 ipsa
2448 2585 2788 2651 liberabitur,
2826 2584 2955 2640 facit
2999 2584 3268 2657 intelligi,
3314 2592 3371 2640 et
3410 2585 3529 2655 ipsa

1938 2676 2389 2747 quemadmodum
2429 2692 2548 2742 nos,
2590 2676 2643 2733 id
2674 2683 2759 2732 est
2781 2716 2798 2742 ,
2836 2684 2887 2732 et
2923 2676 2989 2732 de
3018 2676 3147 2746 ipsis
3176 2691 3285 2732 non
3318 2683 3403 2733 est
3435 2676 3530 2736 do-

1938 2768 2286 2839 sperandum,
2340 2768 2433 2839 qui
2477 2769 2712 2825 nondum
2756 2776 3020 2832 vocantur
3067 2769 3158 2825 ﬁlii
3214 2768 3353 2834 Dei,
3399 2767 3529 2839 quia

1939 2859 2176 2913 nondum
2210 2859 2576 2923 crediderunt,
2615 2859 2709 2914 sed
2744 2867 2950 2915 tantum
2997 2870 3266 2925 creatura,
3309 2861 3432 2931 quia
3470 2869 3527 2915 ct

1942 2949 2043 3018 ipsi
2077 2949 2334 3007 Credituri
2364 2955 2509 3014 sunt,
2541 2957 2596 3004 et
2619 2949 2994 3007 liberabuntur
3020 2968 3049 3006 a
3086 2953 3349 3008 servitute
3387 2951 3525 3007 inte-

1940 3039 2079 3093 ritus
2121 3038 2573 3108 quemadmodum
2609 3054 2729 3105 nos,
2770 3040 2863 3109 qui
2902 3041 3014 3109 jam
3052 3040 3150 3109 ﬁlii
3182 3040 3281 3097 Dei
3318 3057 3524 3098 sumus.

1939 3131 2173 3201 quamvis
2202 3129 2436 3187 nondum
2464 3131 2767 3201 apparuerit
2794 3129 2921 3201 quid
2941 3132 3155 3186 erimus.
3187 3131 3528 3187 Liberabitur

1942 3236 2071 3292 ergo
2095 3236 2124 3275 a
2154 3221 2414 3277 servitute
2435 3220 2683 3276 interitus
2706 3221 2763 3275 in
2782 3219 3067 3276 libertatem
3094 3220 3276 3292 gloria:
3291 3222 3529 3291 ﬁliorum

1940 3311 2062 3377 Dei,
2091 3312 2144 3367 id
2164 3319 2268 3376 est,
2296 3318 2459 3367 erunt
2485 3318 2541 3366 et
2569 3310 2670 3381 ipsi
2696 3325 2765 3366 ex
2792 3310 2965 3367 servis
3002 3311 3176 3376 liberi,
3210 3319 3267 3368 et
3290 3327 3358 3367 ex
3382 3327 3527 3367 mor~

1943 3402 2050 3459 tuis
2085 3401 2304 3471 gloriosi
2338 3400 2397 3455 in
2441 3401 2549 3456 vita
2595 3399 2867 3471 perfecta,
2912 3416 3075 3473 quam
3121 3402 3398 3458 habebunt
3431 3403 3525 3457 ﬁlii

1942 3493 2056 3547 Dei.
2083 3490 2279 3563 (0rig.)
2310 3490 2418 3555 Sed
2441 3491 2508 3547 ab
2529 3490 2634 3556 his,
2663 3490 2709 3547 si
2730 3491 2965 3557 videtur,
2994 3492 3254 3562 exemplis
3273 3491 3436 3547 etiam
3457 3493 3525 3547 ad

1941 3583 2222 3651 superiora
2268 3582 2593 3647 conscende,
2635 3589 2690 3636 et
2724 3581 2849 3638 vide
2887 3582 3058 3652 ipsius
3100 3582 3261 3648 solis,
3301 3592 3356 3637 et
3386 3582 3528 3638 luna:

1941 3688 2007 3727 ac
2045 3672 2322 3731 stellarum
2353 3671 2498 3734 cteli,
2521 3683 2579 3726 et
2616 3658 2782 3726 totius
2807 3671 2991 3726 mundi
3029 3672 3350 3738 ministeria,
3390 3688 3526 3741 quo—

1942 3762 2102 3827 modo
2132 3761 2374 3830 subjecta
2415 3767 2542 3815 sunt
2573 3759 2835 3825 vanitati,
2864 3760 3304 3830 eorruptionique
3341 3760 3528 3817 deser-

1940 3851 2115 3911 viunt.
2137 3849 2213 3904 Ad
2239 3865 2370 3905 usus
2385 3863 2620 3918 namque
2642 3848 2923 3921 hominum
2939 3847 3092 3904 alunt
3118 3858 3349 3919 segetes,
3365 3850 3525 3904 arbo-

1941 3958 2061 3996 rum
2087 3942 2290 3997 fructus
2310 3940 2615 4011 producunt
2642 3940 2975 4009 barbamque
2997 3954 3334 4010 camporum,
3361 3949 3525 4011 atque

1940 4032 2156 4089 eosdem
2172 4032 2224 4086 in
2243 4045 2302 4086 se
2322 4038 2658 4086 revertentes
2676 4029 2803 4085 anni
2825 4029 3059 4086 circulos
3081 4031 3323 4087 volvunt.
3350 4031 3524 4103 Repa-

1942 4132 2060 4193 rant
2087 4124 2230 4180 enim
2261 4139 2381 4193 qua:
2403 4130 2754 4193 praetereunt,
2779 4130 2834 4179 et
2851 4122 3141 4193 praterire
3159 4138 3377 4179 rursum
3404 4140 3525 4194 quae

1939 4222 2190 4284 reparata
2219 4221 2346 4268 sunt
2373 4213 2577 4268 sinunt.
2602 4210 2828 4283 (Amb.)
2853 4212 2909 4267 in
2940 4211 3151 4267 Domini
3179 4218 3236 4267 et
3264 4212 3525 4269 creatoris

1938 4312 2203 4374 potestate
2229 4303 2403 4372 posita
2426 4311 2701 4370 creatura,
2724 4318 2830 4359 non
2852 4302 3042 4374 utique
3070 4310 3262 4373 sponte
3281 4302 3523 4372 subjecta

1938 4402 2022 4449 est
2050 4393 2274 4448 vanitati
2311 4411 2324 4447 :
2368 4408 2478 4448 non
2504 4394 2651 4449 enim
2689 4393 2933 4464 proderit
2966 4393 3069 4450 sibi
3103 4396 3247 4464 quod
3280 4395 3522 4464 subjecta

1939 4492 2046 4549 est,
2069 4485 2164 4538 sed
2192 4482 2368 4538 nobis.
2399 4481 2538 4549 Quid
2560 4491 2817 4554 estergo,
2840 4484 2895 4539 in
2914 4500 3018 4555 quo
3044 4485 3271 4541 vanitati.
3287 4486 3523 4558 subjecta

1939 4583 2035 4641 est,
2086 4573 2190 4627 nisi
2219 4572 2343 4643 quia
2380 4588 2502 4643 qua:
2544 4584 2771 4644 generat
2813 4575 3018 4630 caduca
3054 4575 3216 4630 sunt?
3254 4575 3526 4645 Operatur

1941 4665 2086 4721 enim
2118 4674 2175 4720 ut
2216 4664 2423 4721 fructus
2458 4662 2621 4718 faciat
2643 4664 3053 4737 corruptibiles;
3088 4667 3365 4737 corruptio
3394 4682 3524 4737 ergo

1942 4766 2026 4813 cst
2055 4757 2284 4813 vanitas.
2327 4756 2521 4814 Omnia
2555 4757 2703 4813 enim
2734 4772 2855 4827 qua:
2895 4764 3192 4814 nascuntur
3227 4758 3282 4813 in
3322 4758 3528 4812 mundo

1943 4851 2179 4916 inﬁrma,
2209 4851 2431 4916 caduca,
2472 4858 2528 4904 et
2559 4848 2960 4919 corruptibilia,
3000 4864 3065 4915 ac
3112 4864 3208 4919 per
3242 4849 3347 4907 hoc
3384 4863 3527 4903 vana

1942 4951 2086 4998 sunt.
2114 4942 2263 4997 Vana
2288 4951 2417 4997 sunt
2441 4940 2611 5007 enim,
2641 4942 2769 5012 quia
2792 4948 2993 5001 statum
3017 4956 3177 5003 suum
3204 4949 3385 4997 tenere
3416 4956 3520 4995 nou

1941 5043 2182 5104 possunt.
2216 5032 2351 5089 Nam
2392 5042 2584 5089 cuncta
2621 5033 2921 5093 deformata
2953 5047 3051 5103 per
3079 5030 3281 5088 ﬁuxum
3311 5046 3522 5102 semper

1941 5123 1995 5177 in
2020 5139 2078 5178 se
2109 5124 2336 5179 redeunt
2361 5121 2582 5177 confusa
2607 5122 2661 5176 in
2685 5129 2955 5179 naturam.
2976 5120 3088 5175 lloe
3111 5120 3244 5179 dicit
3270 5121 3336 5176 de
3361 5121 3446 5176 his
3465 5131 3519 5176 et

1944 5213 2197 5267 Salomon
2231 5213 2358 5282 quia
2388 5211 2717 5271 omnialucc
2739 5211 2971 5273 vanitas.
3006 5210 3117 5269 Nec
3149 5210 3417 5275 discordat
3452 5211 3521 5269 ab

1943 5303 2027 5357 his
2053 5303 2243 5368 David,
2266 5302 2453 5358 dicens
2480 5319 2493 5355 :
2537 5298 2900 5363 Verumtamen
2935 5303 3140 5363 uanitas
3173 5304 3341 5357 omnis
3367 5304 3522 5357 homo

1942 5393 2111 5448 uirens
2142 5390 2313 5464 (I'sal.
2344 5390 2491 5462 cxv).
2532 5390 2856 5451 Manducare
2882 5392 3026 5451 enim
3050 5399 3105 5446 et
3136 5392 3318 5447 bibere
3347 5400 3403 5447 et
3432 5408 3521 5447 res

1943 5485 2125 5541 mundi
2162 5499 2354 5539 curare
2389 5498 2567 5539 nonne
2601 5482 2812 5539 vanitas
2836 5482 3054 5538 estiEt
3091 5482 3310 5552 prodest
3339 5491 3529 5542 tamen

1944 5579 2055 5648 ipsa
2084 5575 2318 5639 vanitas;
2345 5576 2557 5646 proﬁcit
2582 5576 2728 5633 enim
2756 5576 3063 5637 hominibus
3091 5576 3234 5635 natis
3246 5576 3300 5632 in
3320 5576 3534 5637 munde

1942 5679 2000 5725 ut
2043 5685 2139 5739 per
2166 5669 2278 5723 inec
2319 5667 2371 5721 in
2412 5666 2731 5736 corporibus
2762 5666 3044 5723 exercitati
3075 5666 3287 5722 discant
3323 5673 3520 5735 myste-

1943 5763 2082 5817 rium
2112 5760 2388 5818 crcatoris.
2422 5758 2502 5815 Ad
2535 5760 2989 5830 comparationem
3019 5758 3160 5815 enim
3192 5766 3517 5815 mternorum
