4026 6180
469 343 611 399 “59

1085 339 1147 394 Β.
1187 337 1440 394 RABANI
1477 335 1694 392 ﬁlAlJlll
1735 335 2052 391 ARCHIEP.
2095 333 2406 392 MOGUNT.
2444 333 2729 392 OPERUM
2767 334 2948 390 PARS
2979 333 3064 390 Ill.

3595 337 3739 390 lilii!

455 478 596 516 vana
632 468 794 520 sunt;
839 472 961 514 nam
994 463 1051 517 in
1078 472 1176 512 suo
1214 456 1352 511 bona
1384 465 1531 520 sunt,
1569 455 1765 525 quippe
1792 469 1914 508 cum
1937 453 2046 508 sint
2071 463 2116 520 Α
2146 451 2406 508 Creatura
2434 452 2579 508 enim
2611 451 2740 507 licet
2765 468 2868 507 non
2898 452 3088 505 volens
3115 451 3357 520 subiecta
3403 451 3502 514 sit,
3547 460 3738 508 tamen

461 548 786 605 necessaria.
814 547 917 603 Sed
943 557 1153 618 propter
1175 562 1293 600 eum
1323 546 1412 615 qui
1433 545 1652 615 subjecit
1673 544 1820 597 illaut
1845 545 1900 597 in
1926 559 2036 612 spe.

461 643 592 708 Qua:
621 639 781 711 spes?
802 637 998 695 Statim
1035 635 1264 705 subjecit
1292 637 1476 692 dicens
1503 651 1518 689 :
1545 634 1808 700 Quoniam
1847 643 1898 688 et
1927 635 2039 704 ipsa

462 741 705 786 creatura
725 729 1034 784 liberabitur
1057 745 1092 782 a
1113 729 1356 781 servitute
1379 725 1728 794 corruptionis
1746 725 1804 778 in
1829 723 2044 777 liberta-

461 833 564 875 tem
599 820 781 892 glorise
813 819 1046 888 ﬁliorum
1085 816 1198 870 Dei.
1235 815 1497 884 Quoniam
1531 814 1908 869 contradicere
1933 829 2039 868 non

462 921 642 983 potest
659 920 911 968 creatura
929 908 1196 966 conditori
1217 923 1336 974 suo,
1361 908 1476 978 ejus
1495 922 1658 962 causa
1671 905 1910 973 subjecta
1935 914 2042 967 cst,

465 1021 568 1060 non
597 1004 716 1059 sine
738 1018 854 1074 spe.
897 1001 1071 1057 Habet
1101 1001 1246 1055 enim
1274 1000 1327 1054 in
1353 999 1538 1053 labore
1565 997 1739 1068 posita
1768 998 1871 1051 hoc
1895 995 2041 1051 sola-

465 1097 622 1162 tium,
662 1095 918 1166 quoniam
960 1092 1182 1149 habebit
1221 1091 1492 1160 requiem,
1546 1105 1666 1144 cum
1712 1087 2044 1143 crediderint

462 1202 670 1253 omnes,
685 1201 823 1257 quos
839 1185 1096 1240 scitDeus
1105 1183 1405 1238 credituros
1420 1199 1433 1235 :
1450 1195 1680 1251 quorum
1699 1179 1861 1234 etiam
1878 1193 2042 1232 causa

463 1281 710 1351 subjecit.
751 1277 958 1352 (Greg.)
991 1276 1224 1333 Vanitati
1271 1275 1468 1346 quippe
1513 1281 1760 1330 creatura
1806 1287 1912 1327 non
1953 1284 2046 1324 vo-

464 1369 584 1425 lens
617 1371 895 1434 subditur,
931 1368 1056 1438 quia
1098 1368 1258 1422 homo
1297 1364 1389 1436 qui
1439 1364 1688 1434 ingenitae
1728 1361 2046 1418 constantia:

466 1467 662 1514 statum
689 1457 878 1514 volens
901 1455 1154 1521 deseruit,
1183 1469 1406 1524 pressus
1428 1453 1531 1508 iste
1553 1451 1896 1507 mortalitatis
1918 1466 2050 1520 pon-

467 1553 612 1614 dere,
635 1551 825 1606 nolens
842 1547 1221 1606 mutabilitatis
1233 1562 1348 1602 suae
1365 1544 1696 1615 corruptioni
1719 1543 1904 1599 servit.
1937 1541 2045 1597 Sed

465 1651 714 1696 creatura
741 1640 857 1696 haec
877 1647 1004 1694 tunc
1036 1653 1066 1691 a
1103 1636 1364 1692 servitute
1397 1633 1758 1705 corruptionis
1787 1631 2043 1703 eripitur,

465 1749 592 1788 cum
621 1735 688 1790 ad
725 1733 955 1788 ﬁliorum
987 1729 1082 1784 Dei
1110 1728 1336 1800 gloriam
1373 1728 1680 1796 incorrupta
1715 1723 2046 1794 resurgendo

2138 545 2395 612 quoniam
2420 543 2684 598 voluntati
2719 544 2864 598 cedit
2904 542 3023 610 ejus
3051 543 3142 611 qui
3175 555 3236 598 se
3271 540 3538 610 subierit,
3567 543 3740 596 etiam

2145 634 2398 688 allectum
2423 633 2711 704 quemdam
2739 643 2794 688 et
2823 635 3142 688 cbaritatcm
3173 635 3317 688 circa
3346 649 3443 688 eos
3465 635 3692 688 exhibet
3720 676 3737 698 ,

2141 741 2240 795 pro
2263 727 2462 795 quibus
2483 726 2696 780 videtur
2740 741 2865 781 esse
2911 726 3154 794 subjecta
3181 767 3196 791 ,
3227 739 3286 780 et
3325 742 3428 796 pro
3452 726 3741 781 doloribus

2140 832 2326 869 mrum
2361 816 2524 881 dolet,
2571 825 2625 871 et
2666 832 2766 886 pro
2808 817 3100 886 gemitibus
3140 817 3330 887 gemit.
3360 817 3574 888 (Δηώ.)
3595 818 3740 884 Quia

2141 906 2334 970 orariis,
2375 907 2470 971 ait,
2501 917 2745 960 creatura
2788 923 2886 978 per
2912 907 3288 977 quotidianum
3318 908 3563 962 laborem
3593 912 3744 978 iuge-

2141 1002 2311 1054 un'seit
2349 1011 2397 1054 et
2437 1000 2576 1054 dolet
2631 1017 2798 1070 usque
2847 1001 3048 1063 modo:
3101 1016 3272 1071 usque
3340 999 3502 1056 modo
3553 1001 3741 1054 tandiu

2141 1091 2430 1160 signiﬁeat,
2463 1089 2700 1160 quandin
2731 1090 2947 1158 legitur.
2981 1090 3098 1160 ipsa
3127 1091 3272 1145 enim
3302 1090 3580 1146 eiementa
3616 1107 3742 1146 cum

2142 1184 2502 1239 sollicitudine
2529 1197 2724 1254 operas
2762 1199 2888 1238 suas
2927 1183 3220 1245 exhibent,
3255 1183 3381 1252 quia
3411 1183 3494 1237 sol
3521 1191 3584 1237 et
3611 1182 3741 1236 luna

2140 1288 2250 1327 non
2293 1273 2410 1331 sine
2461 1272 2646 1328 labore
2701 1281 2906 1328 statuta
2951 1273 3054 1328 sibi
3121 1273 3346 1343 implent
3407 1273 3634 1343 spatia,
3687 1285 3744 1325 et

2141 1362 2364 1430 spiritus
2412 1361 2721 1416 animalium
2763 1378 2959 1434 magno
3003 1364 3208 1434 gemitu
3244 1371 3495 1418 arcentur
3531 1365 3607 1416 ad
3645 1379 3743 1416 cx-

2144 1451 2376 1505 hibenda
2411 1451 2653 1505 servitia.
2693 1451 2828 1506 Nam
2875 1453 3117 1508 ridemus
3162 1452 3251 1507 illa
3298 1454 3580 1522 gementia
3625 1455 3744 1524 cogi

2145 1542 2309 1596 invita
2350 1543 2418 1597 ad
2452 1542 2710 1598 laborem.
2757 1543 2883 1600 Haec
2917 1560 3048 1617 ergo
3081 1547 3262 1601 omnia
3289 1555 3624 1616 exspectant
3661 1563 3747 1601 re-

2145 1637 2348 1708 quieta,
2378 1647 2493 1692 uta
2525 1636 2707 1692 servili
2733 1652 2899 1709 Opere
2940 1638 3256 1694 liberentur.
3299 1638 3355 1694 Si
3389 1649 3582 1694 autem
3627 1641 3747 1694 bare

2147 1740 2295 1787 esset
2325 1731 2580 1796 servitus,
2625 1747 2746 1802 quae
2784 1732 2852 1787 ad
2886 1732 3053 1787 Deum
3078 1732 3365 1803 proficeret
3415 1749 3746 1802 promeren-

467 1823 795 1878 sublevatur.
839 1820 940 1875 Hic
983 1819 1164 1887 itaque
1209 1816 1364 1872 electi
1407 1815 1653 1871 molestia
1683 1813 1848 1869 vincti
1884 1821 2043 1878 sunt,

2154 1821 2297 1887 dum,
2321 1821 2600 1892 gauderet,
2623 1799 2730 1877 non
2751 1821 2960 1878 doleret
2977 1799 3228 1879 creatura
3254 1839 3267 1876 :
3291 1825 3385 1878 sed
3405 1799 3540 1893 quia
3564 1826 3744 1878 nostri

467 1915 590 1984 quia
613 1914 792 1969 adhuc
813 1907 1176 1981 corruptionis
1203 1922 1314 1963 sua
1335 1920 1492 1976 poma
1518 1905 1910 1977 deprimuntur.
1939 1903 2047 1960 Sed

467 2023 589 2062 cum
627 2002 962 2074 corruptibili
1001 2013 1170 2057 carne
1205 1997 1474 2064 exuimur,
1515 1997 1671 2068 quasi
1712 1997 1781 2052 ab
1815 1996 1902 2052 his
1925 1995 2048 2065 qui-

468 2099 570 2152 bus
601 2111 746 2152 nunc
773 2093 1139 2164 astringimur,
1179 2088 1425 2145 molestia
1455 2087 1682 2142 vinculis
1721 2086 2047 2141 relaxamur.

468 2189 616 2260 Ipsa,
644 2186 841 2257 inquit,
881 2191 1126 2239 creatura
1169 2179 1476 2235 liberabitur
1513 2195 1547 2232 a
1589 2178 1836 2232 seruitute
1869 2191 2052 2232 corru-

467 2281 684 2354 ptionis,
723 2281 783 2334 in
817 2278 1112 2333 libertatem
1156 2273 1342 2346 gloria:
1387 2269 1620 2340 ﬁliorum
1664 2267 1783 2323 Dei.
1838 2267 2054 2322 Eiectos

468 2373 614 2430 enim
640 2385 786 2426 nunc
812 2383 984 2441 petua,
1005 2365 1369 2435 corruptionis
1393 2371 1674 2434 aggravet,
1701 2360 1798 2416 sed
1820 2368 1948 2414 tunc
1967 2359 2051 2414 in-

469 2461 832 2532 corruptionis
854 2459 1024 2532 gloria
1051 2456 1286 2520 exaltat;
1311 2462 1365 2509 et
1385 2460 1645 2524 quantum
1672 2450 1740 2506 ad
1767 2448 2053 2520 prasentis

471 2557 811 2614 necessitatis
852 2555 1064 2627 pauidus
1104 2567 1245 2608 nunc
1298 2551 1352 2606 in
1396 2550 1491 2606 Dei
1534 2548 1658 2604 [iliis
1698 2546 1767 2603 de
1804 2545 2053 2600 libertate

471 2649 605 2706 nihil
643 2649 978 2712 ostenditur;
1005 2653 1266 2716 quantum
1299 2659 1430 2700 vero
1469 2642 1537 2696 ab
1575 2639 1952 2710 subsequentis
1983 2637 2050 2692 li-

471 2739 700 2797 bertatis
739 2738 965 2810 gloriam
1013 2746 1141 2792 tunc
1185 2736 1239 2790 in
1287 2734 1383 2790 Dei
1431 2732 1645 2788 famulis
1689 2731 1756 2785 de
1793 2729 2054 2786 servitute

473 2831 606 2887 nihil
635 2829 934 2902 apparebit.
963 2827 1225 2884 Creatura
1252 2839 1382 2896 ergo
1408 2821 1666 2878 servitute
1689 2817 2051 2888 corruptionis

473 2929 634 2977 exuta
663 2930 719 2976 et
739 2920 996 2991 dignitate
1027 2915 1295 2973 libertatis
1323 2921 1542 2984 accepta
1566 2953 1582 2978 ,
1612 2912 1670 2967 in
1695 2910 1926 2965 filiorum
1953 2908 2050 2962 Dei

475 3013 702 3085 gloriam
724 3011 972 3075 vertitur,
1014 3009 1138 3080 quia
1165 3007 1312 3063 unita
1337 3007 1450 3062 Deo
1476 3018 1574 3075 per
1605 3001 1868 3073 Spiritum~
1895 2998 2056 3070 quasi-

477 3103 577 3159 hoc
616 3103 786 3172 ipsum
830 3101 974 3172 quod
1013 3108 1262 3156 creatura
1305 3105 1390 3153 est
1429 3093 1688 3150 transisse
1731 3107 1796 3147 ac
1841 3088 2052 3146 subisse

479 3193 624 3248 dccla
633 3209 689 3247 ra
697 3202 804 3247 tur.

549 3283 755 3337 Scimus
800 3283 936 3337 enim
986 3283 1130 3353 quod
1175 3281 1341 3334 omnis
1387 3286 1630 3333 creatura
1673 3273 1963 3345 iugemiscit
2003 3281 2056 3328 et

477 3373 701 3442 parturit
725 3387 886 3442 usque
908 3371 1098 3425 adhuc.
1117 3369 1311 3442 (Oi-ig.)
1334 3367 1486 3436 Quod
1513 3367 1590 3421 ait
1621 3365 1788 3418 amis
1809 3373 2052 3418 creatura

479 3463 769 3531 ingemiscit
821 3471 871 3516 et
912 3462 1176 3530 parturit,
1209 3459 1505 3514 secundum
1536 3456 1684 3510 illum
1716 3468 1932 3510 sensum
1961 3455 2056 3508 'ae—

479 3552 744 3622 cipiemus
767 3552 1017 3622 parturit,
1050 3551 1194 3621 quod
1221 3549 1356 3604 dicit
1385 3546 1694 3618 Apostolus,
1724 3543 1975 3615 gemuisse
1994 3557 2056 3598 se

480 3662 577 3716 per
603 3646 949 3718 Evangeh’um
977 3661 1071 3700 cos
1095 3660 1231 3714 quos
1258 3658 1356 3714 per
1397 3641 1555 3696 ﬁdem
1585 3639 1785 3695 Christi
1805 3637 2059 3710 perduxit

482 3739 550 3793 ad
579 3738 750 3794 lucem
781 3737 836 3805 (1
862 3736 986 3792 Cor.
1012 3735 1120 3804 tv);
1151 3735 1238 3791 vel
1265 3735 1405 3790 sicut
1427 3734 1493 3789 de
1527 3732 1648 3787 aliis
1669 3731 1805 3785 dixit
1830 3749 1844 3784 :
1870 3727 2060 3782 Fitioti

483 3831 602 3894 mei,
637 3847 766 3900 quos
809 3831 996 3884 iterum
1032 3829 1302 3898 parturit),
1346 3825 1510 3878 donec
1538 3822 1794 3891 formetur
1818 3819 2058 3873 Christus

481 3924 536 3976 iu
563 3922 702 3977 rubis
731 3919 874 3989 (Gal.
897 3918 995 3992 ιν).
1022 3918 1262 3974 Parturit
1283 3931 1415 3986 ergo
1437 3923 1493 3969 et
1521 3921 1767 3969 creatura
1795 3927 1890 3967 eos
1921 3924 2059 3980 quos

484 4021 767 4084 “generat
791 4010 860 4066 ad
881 4010 1130 4065 salutem.
1175 4007 1357 4081 (Λεία.)
1383 4004 1573 4062 Omnis
1609 4011 1856 4058 creatura
1885 4001 1938 4054 in
1966 4000 2061 4054 ho-

487 4105 632 4158 mine
667 4109 1002 4166 numeratur,
1035 4114 1140 4154 non
1169 4098 1294 4168 quia
1322 4099 1374 4152 in
1400 4111 1465 4151 eo
1499 4103 1624 4150 sunt
1648 4107 1837 4150 omnes
1861 4090 2058 4162 angeli,

486 4203 541 4248 et
569 4192 1036 4264 supereminentes
1059 4189 1316 4254 virtutes,
1365 4201 1431 4242 ae
1468 4193 1796 4258 potestates,
1831 4191 1924 4238 aut
1949 4195 2060 4236 cte-

483 4285 614 4347 lum,
644 4291 700 4337 et
727 4290 891 4346 terra,
915 4289 974 4336 et
1009 4294 1177 4343 mare,
1220 4285 1276 4333 et
1313 4277 1493 4332 omnia
1537 4291 1657 4346 quas
1685 4275 1739 4330 in
1769 4274 1848 4330 eis
1893 4282 2056 4337 sunt;

481 4377 576 4431 sed
604 4379 728 4444 quia
754 4374 932 4428 omnis
959 4377 1204 4427 creatura
1229 4369 1425 4440 partim
1457 4367 1716 4440 spiritalis
1737 4373 1839 4430 est,
1861 4363 2061 4434 partim

483 4463 732 4518 animalis
758 4504 773 4528 ,
804 4463 1000 4534 partim
1023 4464 1341 4533 corporalis.
1373 4458 1562 4515 Omnis
1589 4467 1838 4515 creatura
1883 4457 1936 4511 in
1967 4456 2062 4511 bo-

484 4555 630 4610 minc
673 4565 789 4614 est.
830 4554 959 4624 quia
1007 4553 1258 4625 intelligit
1298 4552 1493 4622 spiritu
1527 4559 1582 4605 et
1627 4547 1792 4604 sentit
1836 4547 2014 4600 anima
2039 4585 2054 4610 ,

482 4656 538 4702 et
567 4646 813 4702 localiter
835 4661 1061 4716 corpore
1087 4653 1354 4700 moremur.
1389 4643 1578 4700 Omnis
1599 4643 1781 4711 itaque
1806 4648 2056 4694 creatura

487 4742 536 4794 in
579 4739 797 4794 bominc
823 4737 1192 4808 eongemiscit,
1219 4743 1272 4790 ct
1295 4735 1457 4791 dolet.
1489 4732 1660 4805 Usque
1681 4731 1857 4786 adlmc
1878 4739 2059 4784 autem

487 4839 632 4885 recte
675 4827 842 4892 dixit,
887 4827 1013 4895 quia
1057 4823 1269 4880 etiamsi
1309 4831 1436 4878 sunt
1478 4821 1643 4891 aliqui
1685 4820 1795 4890 jam
1841 4819 1894 4874 in
1936 4819 2056 4874 sinu

487 4922 744 4985 Abralue,
793 4928 850 4974 et
895 4918 1034 4972 latro
1087 4916 1176 4970 ille
1229 4929 1352 4970 eum
1409 4913 1636 4968 Domino
1692 4912 1746 4966 in
1800 4909 2060 4964 Paradiso

483 5011 874 5067 cunstituturus
893 5008 1010 5080 ipso
1032 5007 1118 5063 die
1138 5021 1246 5078 quo
1273 5003 1524 5066 credidit,
1550 5001 1732 5058 dolere
1757 5001 2056 5064 destiterit;

489 5116 667 5157 tamen
725 5116 895 5171 usque
939 5096 1117 5154 adhuc
1145 5097 1313 5151 munis
1351 5104 1593 5148 ventura
1637 5090 1967 5162 congcmiscit
2011 5098 2060 5142 et

485 5193 644 5258 dolet,
674 5193 799 5262 quia
821 5192 875 5246 in
899 5189 987 5245 bis
1006 5188 1097 5259 qui
1122 5188 1356 5244 nondum
1379 5184 1591 5240 liberati
1613 5191 1760 5248 sunt,
1782 5181 1961 5236 omnis
1979 5187 2062 5234 est

486 5290 706 5354 propter
737 5281 984 5352 spiritum
1028 5289 1085 5335 et
1111 5278 1346 5333 animam
1385 5283 1441 5331 et
1475 5289 1690 5344 corpus.
1720 5272 1918 5346 (Orig.)
1953 5269 2059 5324 Su-

484 5375 670 5442 perius
687 5373 899 5428 dixerat
916 5391 932 5426 :
952 5371 1210 5426 Existimo
1237 5370 1372 5424 enim
1390 5369 1638 5442 quoniam
1666 5385 1769 5421 non
1797 5373 1916 5420 sunt
1944 5380 2064 5416 cou-

487 5439 660 5533 digna:
687 5465 953 5532 passiones
977 5461 1136 5532 hujus
1171 5461 1413 5531 temporis
1441 5439 1510 5512 ait
1533 5458 1766 5527 futuram
1787 5455 2008 5526 gloriam
2042 5466 2060 5504 :

488 5561 688 5607 etcum
713 5555 862 5609 ibisc
887 5553 1199 5609 existimare
1243 5552 1486 5615 dixisset,
1529 5550 1616 5604 hic
1665 5549 1806 5604 scire
1847 5561 1908 5601 se
1934 5545 2065 5600 dicit

491 5641 632 5708 quod
661 5644 837 5698 (mittis
864 5653 1114 5699 creatura
1137 5643 1504 5714 congemiscat
1529 5649 1584 5693 ct
1626 5639 1930 5703 condnlcat,
1959 5653 2066 5706 quo

492 5733 698 5787 scilicet
747 5733 876 5789 nihil
923 5735 976 5790 in
1023 5735 1125 5791 hoc
1171 5750 1328 5789 sensu
1380 5733 1731 5788 dubitationis
1777 5731 2059 5785 habeatur.

2087 4507 2140 4570 D

2149 1927 2316 1968 causa
2376 1911 2621 1984 subjecta
2675 1921 2762 1968 est
2813 1913 3058 1968 servituti
3101 1913 3468 1983 corruptionis
3491 1953 3508 1976 ,
3570 1913 3742 1968 dolet.

2151 2001 2310 2058 Videt
2351 2003 2496 2056 enim
2541 2001 2786 2074 quotidie
2831 2018 2998 2073 opera
3033 2018 3131 2058 sua
3188 2004 3450 2069 interire;
3493 2003 3750 2074 quotidie

2150 2095 2295 2151 enim
2325 2094 2500 2150 oritur
2530 2103 2588 2150 et
2623 2096 2827 2151 occidit
2852 2111 2989 2168 opus
3012 2095 3150 2166 ejus.
3187 2097 3358 2152 Recte
3391 2111 3529 2166 ergo
3569 2097 3744 2160 dolet,

2148 2182 2304 2252 cuius
2333 2183 2578 2254 operatio
2601 2199 2709 2238 non
2735 2183 2810 2238 ad
2833 2185 3188 2240 mternitatem
3227 2185 3461 2261 pertinet
3486 2224 3504 2248 ,
3531 2185 3636 2238 sed
3675 2187 3746 2238 ad

2150 2276 2574 2346 corruptionem.
2605 2274 2878 2342 Quantum
2899 2291 3030 2348 ergo
3049 2275 3210 2330 datur
3240 2275 3490 2347 intelligi,
3512 2277 3656 2331 satis
3681 2276 3752 2332 de

2150 2375 2334 2422 nostra
2365 2366 2538 2421 salute
2567 2366 2782 2422 solliciti
2816 2375 2960 2432 sunt,
2994 2368 3232 2423 scientes
3259 2367 3327 2422 ad
3353 2367 3750 2424 liberationem

2150 2473 2304 2513 suam
2327 2458 2590 2528 prolicere
2615 2459 2899 2524 maturius,
2927 2459 2972 2514 si
2993 2458 3154 2514 modo
3175 2474 3274 2515 nos
3290 2460 3454 2515 citius
3475 2475 3748 2536 agnosca-

2150 2564 2271 2604 mus
2297 2557 2592 2604 auctorem.
2619 2549 2747 2604 llaec
2767 2549 2948 2620 itaque
2982 2550 3246 2612 scientes,
3275 2550 3426 2604 omni
3452 2565 3592 2606 cura
3623 2549 3748 2604 dili-

2151 2638 2440 2709 gentiaque
2481 2638 2672 2709 dignos
2715 2653 2814 2693 nos
2857 2640 3227 2710 prmbeamus,
3268 2641 3391 2695 aliis
3426 2656 3656 2711 quoque
3683 2650 3744 2695 ut

2153 2729 2404 2799 exemplo
2437 2729 2606 2785 simus
2623 2769 2638 2795 ,
2667 2745 2772 2785 non
2799 2741 2984 2785 nostra
3009 2732 3183 2788 solum
3211 2732 3563 2788 miseratione
3589 2748 3744 2789 com-

2152 2818 2316 2884 moti,
2347 2818 2441 2873 sed
2472 2826 2528 2872 et
2554 2816 2672 2886 eius
2706 2834 2874 2874 causa
2900 2820 3089 2875 diebus
3113 2836 3178 2875 ac
3215 2821 3466 2882 noctibus
3507 2821 3748 2891 injurias

2151 2908 2362 2979 patiens
2389 2908 2694 2979 ingemiscit
2723 2927 2737 2964 :
2775 2910 3010 2966 solemus
3037 2912 3181 2966 enim
3231 2911 3284 2967 in
3333 2913 3528 2968 alienis
3555 2914 3746 2969 causis

2151 2998 2470 3069 propensius
2491 2997 2734 3068 vigilare.
2773 2997 2896 3054 Non
2923 2999 3095 3054 solum
3129 3011 3302 3054 autem
3328 2999 3420 3054 illa
3450 3001 3544 3055 sed
3569 3011 3623 3056 et
3647 3018 3744 3056 nos

2151 3092 2411 3158 primitias
2447 3092 2662 3162 spiritus
2691 3092 2956 3152 habentes.
2983 3104 3028 3147 et
3051 3093 3154 3164 ipsi
3179 3094 3318 3146 intra
3347 3110 3438 3148 nos
3483 3095 3750 3164 gemimus.

2153 3181 2484 3252 adoptionem
2515 3182 2746 3251 ﬁliorum
2773 3191 3147 3253 exspectantes,
3176 3183 3584 3252 redemptionem
3631 3201 3744 3237 cor-

2151 3273 2292 3342 poris
2328 3273 2514 3324 nostri.
2550 3269 2746 3342 (Orig.)
2778 3271 2908 3326 Tale
2961 3287 3192 3348 namque
3237 3281 3320 3328 est
3355 3274 3502 3344 quod
3555 3274 3743 3330 dicere

2152 3365 2364 3420 videtur
2395 3383 2412 3420 :
2443 3363 2558 3419 Non
2587 3364 2756 3420 solum
2783 3364 2959 3419 omnis
2998 3375 3246 3419 creatura
3287 3365 3648 3434 congemiseit
3690 3375 3747 3420 et

2153 3454 2424 3518 condolet,
2457 3455 2552 3509 sed
2576 3463 2634 3508 et
2654 3469 2755 3509 nos
2781 3455 2887 3524 ipsi
2911 3455 3181 3524 primitias
3219 3437 3444 3524 spiritus
3476 3455 3747 3509 habentes

2154 3547 2296 3603 intra
2325 3563 2424 3603 nos
2475 3548 2756 3619 gemimus.
2800 3547 2868 3602 Et
2905 3563 3003 3602 nos
3045 3549 3190 3602 enim
3231 3557 3613 3616 exspectamus
3651 3549 3745 3602 ad-

2152 3641 2424 3712 optionem
2475 3640 2708 3694 illiorum
2761 3639 2899 3706 Dei,
2944 3649 2999 3694 et
3045 3641 3468 3710 redemptionem
3501 3641 3750 3710 corporis

2155 3732 2345 3788 nostri.
2393 3731 2652 3799 Quamvis
2692 3732 2795 3786 hoc
2834 3731 2952 3802 ipSO
2986 3731 3100 3800 jam
3136 3731 3281 3800 quod
3315 3729 3538 3786 Christo
3567 3731 3750 3786 credi-

2156 3839 2280 3878 mus
2303 3863 2318 3887 ,
2349 3822 2577 3877 salutem
2619 3822 2776 3877 nobis
2822 3822 3120 3892 praestitam
3170 3821 3482 3876 noverimus
3511 3837 3528 3886 ;
3563 3828 3750 3875 tamen

2158 3913 2211 3966 in
2242 3927 2334 3983 spe
2361 3913 2538 3966 adhuc
2558 3920 2644 3966 est
2663 3911 2810 3966 salus
2837 3912 2934 3966 ista
2952 3951 2966 3973 ,
2994 3926 3100 3966 non
3123 3912 3176 3965 in
3199 3918 3421 3981 aspectu
3445 3911 3750 3966 visibilium

2159 4001 2426 4074 [visibili].
2470 4001 2528 4056 Si
2557 4002 2700 4056 enim
2722 4000 2834 4069 jam
2863 4001 3140 4056 videretur
3163 4041 3179 4064 ,
3207 3988 3311 4055 non
3338 4001 3530 4070 utique
3562 4016 3753 4070 spera-

2159 4103 2329 4149 retur.
2377 4094 2572 4164 Sperat
2611 4093 2756 4148 onim
2801 4094 2926 4163 quis
2951 4101 3012 4148 ut
3049 4093 3249 4148 videat.
3290 4090 3347 4146 Si
3391 4107 3526 4154 vero
3565 4092 3753 4146 videat

2157 4205 2278 4260 qua:
2324 4188 2610 4258 sperabat,
2647 4186 2982 4257 superﬂuum
3031 4195 3117 4240 est
3164 4186 3307 4240 ultra
3351 4199 3581 4255 sperare
3625 4199 3754 4253 qua:

2159 4280 2324 4334 videt.
2377 4278 2486 4334 Nos
2529 4287 2706 4333 autem
2757 4293 2908 4349 spem
2949 4292 3054 4331 non
3097 4277 3362 4332 habemus
3404 4275 3459 4329 in
3497 4275 3590 4330 his
3627 4291 3754 4344 qua:

2160 4373 2442 4437 videntur,
2465 4387 2535 4427 ne
2565 4371 2739 4426 inanis
2767 4370 2838 4424 sit
2877 4384 3000 4440 spes
3023 4378 3207 4424 nostra
3233 4384 3248 4434 ;
3288 4367 3380 4423 sed
3411 4367 3466 4422 in
3511 4367 3599 4422 his
3629 4382 3753 4436 qme

2165 4478 2270 4517 non
2301 4461 2570 4516 videntur.
2605 4460 2673 4515 Et
2698 4459 2818 4514 ideo
2855 4459 2978 4528 quia
3015 4473 3137 4528 qua:
3174 4472 3282 4511 non
3325 4455 3585 4510 videntur
3621 4469 3748 4523 spc-

2167 4568 2374 4615 ramus,
2427 4559 2482 4606 et
2534 4560 2644 4606 tam
2695 4565 2886 4619 magna
2937 4557 3062 4602 sunt
3101 4557 3322 4617 tamque
3364 4546 3641 4617 gloriosa,
3690 4553 3752 4605 ut

2167 4643 2350 4698 multis
2395 4641 2671 4696 laboribus
2719 4639 3012 4709 multisque
3038 4637 3482 4694 tribulationibus
3508 4646 3568 4690 et
3607 4635 3750 4705 peri—

2164 4733 2301 4790 culis
2336 4732 2638 4803 cnpiantur,
2673 4730 2874 4786 idcirco
2904 4746 2967 4784 ea
2993 4744 3092 4798 per
3115 4727 3433 4799 patientiam
3465 4733 3748 4794 exspecta-

2164 4838 2284 4878 mus
2302 4863 2316 4886 ,
2345 4831 2604 4892 tanquam
2629 4821 2716 4874 vix
2744 4819 3032 4888 aliquando
3058 4827 3308 4872 ventura.
3333 4815 3449 4870 [loc
3479 4815 3746 4877 diximus,

2164 4915 2428 4969 directum
2469 4911 2754 4981 quemdam
2790 4919 2847 4964 et
2885 4907 3197 4962 lueidiorcm
3227 4905 3576 4960 sermonibus
3619 4905 3748 4972 ipsis

2167 5004 2475 5074 apostolicis
2508 5005 2749 5058 ordinem
2791 5003 2998 5056 dantes.
3044 4999 3230 5062 Nunc,
3270 5001 3314 5054 si
3343 4998 3587 5063 videtur,
3618 4995 3748 5066 quid

2165 5103 2250 5149 cst
2279 5095 2423 5163 quod
2453 5109 2592 5148 novo
2627 5093 2730 5147 hoc
2757 5105 3007 5146 somnne
3045 5089 3246 5145 indicet
3279 5089 3604 5149 videamus,
3641 5103 3751 5156 quo

2167 5187 2305 5242 dixit
2334 5201 2349 5239 :
2383 5184 2484 5240 Sed
2506 5194 2552 5239 et
2584 5201 2676 5238 nos
2696 5184 2795 5253 ipsi
2820 5183 3078 5252 primitias
3101 5181 3316 5250 spiritus
3343 5179 3615 5232 habentes.
3651 5177 3748 5230 Le-

2169 5278 2345 5347 gimus
2385 5276 2524 5346 apud
2565 5277 2739 5345 ipsmn
2777 5274 3077 5344 apostolum
3107 5273 3329 5327 Paulum
3357 5273 3498 5324 dona
3525 5271 3608 5324 vel
3633 5286 3750 5340 ετξ-ι

2171 5368 2274 5420 tias
2317 5365 2493 5420 sancti
2542 5363 2779 5434 Spiritus
2839 5361 3036 5416 multos
3083 5360 3309 5429 spiritus
3355 5359 3655 5420 nominari,
3691 5365 3751 5408 ut

2167 5473 2288 5512 cum
2319 5457 2492 5511 dicit:
2530 5453 2686 5508 Nunc
2731 5463 2905 5508 autem
2949 5455 3195 5518 quoniam
3243 5449 3584 5503 remutatores
3627 5449 3750 5500 estis

2167 5549 2468 5618 spirituum,
2484 5547 2551 5602 ad
2568 5546 2966 5613 triti/irationem
2990 5540 3487 5610 Ecclesicrﬂutrritt’
3511 5552 3563 5593 ut
3587 5541 3752 5592 abari-

2168 5641 2300 5694 dctis
2328 5638 2377 5709 (1
2406 5637 2530 5691 Cor.
2561 5637 2692 5705 xiv).
2723 5636 2870 5688 Dona
2897 5648 3026 5702 ergo
3053 5633 3264 5686 diversa
3289 5628 3752 5699 Spiritusal’aulu

2173 5729 2323 5784 multi
2351 5729 2572 5800 spiritus
2609 5725 2968 5797 appellantur.
3001 5721 3199 5778 Horum
3243 5732 3426 5776 autem
3455 5722 3753 5778 multorum
