4026 6180
366 369 492 425 1461

927 366 1474 424 ENARRATIONUM
1511 367 1578 422 IN
1619 367 1767 423 EPP.
1811 367 2014 425 PAULI
2054 368 2179 425 LIB.
2223 368 2286 425 V.
2329 402 2396 412 —-~
2436 371 2503 425 IN
2543 371 2762 428 EPIST.
2802 372 2893 428 AD
2929 374 3096 431 BOM.

3497 376 3644 443 “$2

358 486 622 540 daturum
666 476 928 553 quidquid
966 489 1050 537 est
1089 496 1360 536 summum
1410 490 1466 537 ct
1513 496 1765 552 magnum
1819 481 1937 536 sine
1969 487 2013 544 Α
2042 482 2347 544 absorbetur
2374 502 2513 540 mors
2541 485 2871 552 in.victoria,
2906 503 3030 543 cum
3063 488 3111 543 ei
3144 488 3378 550 dita'tur:
3408 489 3511 547 Ubi
3536 500 3641 558 est,

358 576 525 631 dubio
564 574 793 644 apostoli
842 574 1120 630 consecuti
1171 581 1335 639 sunt,
1399 580 1459 627 nt
1496 573 1673 628 idonei
1723 581 1953 639 essent,

358 667 499 721 sicut
519 674 576 720 et
602 666 716 736 ipse
735 663 936 726 Paulus
971 666 1122 729 dicit,
1151 664 1387 722 ministri
1418 663 1554 718 Novi
1584 663 1942 728 Testameuti,

357 769 412 816 et
438 768 498 815 ut
520 762 726 832 replere
749 761 956 833 possint
980 759 1328 831 Evangelium
1350 758 1419 814 ab
1435 758 1733 816 Jerusalem
1762 759 1814 812 in
1838 757 1948 813 cir-

358 853 508 906 cuitu
533 866 706 923 usque
729 852 798 906 ad
818 850 1112 923 lllyricum.
1151 849 1266 905 [Ioc
1294 865 1423 921 ergo
1459 847 1602 919 quod
1632 849 1687 903 in
1716 862 1810 903 eos
1840 863 1950 919 pne

356 940 575 997 caeteris
606 940 890 998 sublimius
918 950 969 996 et
997 940 1315 1011 praeclarius
1339 939 1595 1013 collatum
1645 948 1730 994 est
1773 940 1947 995 sancti

359 1029 599 1103 Spiritus
655 1031 885 1096 donum,
933 1031 1128 1086 merito
1166 1031 1435 1103 primitias
1487 1031 1661 1087 sancti
1712 1030 1951 1100 Spiritus

357 1121 666 1194 appellavit.
691 1120 759 1175 Et
781 1119 901 1174 ideo
929 1119 1060 1175 dicit
1084 1135 1099 1174 :
1126 1119 1232 1175 Sed
1261 1129 1309 1174 et
1339 1137 1433 1176 nos
1458 1120 1577 1191 ipsi.
1607 1121 1664 1175 In
1692 1137 1800 1192 quo
1828 1135 1950 1191 spc-

356 1213 568 1269 cialiter
611 1211 897 1283 designare
941 1210 1156 1270 videtur
1203 1211 1553 1281 apostolicam
1607 1211 1946 1282 dignitatem.

358 1300 474 1360 Nos
522 1318 666 1372 ergo,
704 1300 900 1371 inquit,
944 1301 1066 1372 ipsi,
1114 1301 1219 1356 hoc
1264 1310 1350 1356 est
1386 1301 1639 1371 apostoli,
1684 1300 1948 1372 primitias

356 1393 587 1463 Spiritus
614 1390 860 1447 habentes
885 1431 901 1457 ,
936 1392 1029 1462 qui
1059 1390 1220 1447 electi
1269 1407 1457 1447 sumus
1486 1392 1552 1446 ad
1589 1393 1695 1447 hoc
1726 1401 1787 1447 ut
1832 1392 1947 1462 pri-

356 1483 540 1543 mitias
590 1481 823 1552 Spiritus
880 1481 1286 1551 acciperemus,
1339 1481 1498 1539 etiam
1532 1481 1635 1557 ipsi
1674 1481 1812 1539 intra
1852 1498 1947 1536 nos

352 1574 625 1644 gemimus.
653 1573 710 1628 ln
738 1582 947 1631 tantum
968 1613 985 1636 ,
1017 1572 1224 1644 inquit,
1251 1571 1398 1627 nulla
1441 1580 1692 1627 creatura
1711 1579 1795 1627 est
1828 1586 1949 1642 quae

354 1663 631 1722 doloribus
671 1670 727 1717 et
759 1662 1050 1734 gemitibus
1100 1670 1294 1727 vacet,
1330 1669 1390 1716 ut
1433 1661 1604 1717 etiam
1652 1677 1753 1717 nos
1804 1661 1944 1732 ipsi,

353 1756 443 1826 qui
486 1771 696 1811 summa
734 1756 801 1809 ab
852 1754 1057 1826 Spiritu
1097 1765 1286 1810 sancto
1329 1764 1384 1811 ct
1426 1755 1599 1810 electa
1641 1754 1782 1810 dona
1821 1767 1945 1823 pcr-

2052 590 2218 639 mors,
2260 577 2520 630 contentio
2551 586 2685 642 tua;
2736 577 2825 631 ubi
2873 588 2971 644 est,
3014 595 3175 646 mors,
3209 579 3424 635 aculeus
3462 590 3584 638 tuus
3616 582 3642 635 ?

2054 664 2105 738 (1
2134 664 2257 719 Cor.
2286 666 2398 738 xv).
2449 666 2601 722 Nunc
2647 683 2811 740 ergo,
2855 669 3048 739 inquit,
3106 685 3212 726 non
3261 669 3436 730 solum
3462 673 3641 733 omnis

2053 766 2330 823 creatura,
2366 757 2418 811 id
2450 767 2562 823 est,
2599 774 2720 813 cum
2772 774 3018 830 corpore,
3073 761 3166 815 sed
3207 761 3372 817 etiam
3406 776 3506 818 nos
3538 762 3637 833 ipsi

2049 847 2320 917 primitias
2353 848 2616 911 habentes
2651 848 2908 922 Spiritus,
2942 852 2994 908 id
3020 862 3132 916 est,
3181 869 3280 909 nos
3306 853 3502 909 anima:
3545 855 3638 925 qui

2050 940 2215 994 etiam
2245 939 2514 1011 primitias
2556 950 2768 997 mentes
2812 949 3028 999 nostras
3075 943 3371 999 obtulimus
3419 945 3551 1011 Deo,
3581 945 3633 999 in

2052 1031 2209 1085 nobis
2254 1030 2385 1100 ipsis
2424 1032 2906 1109 congemiscimus,
2959 1034 3013 1090 id
3044 1042 3152 1100 est,
3201 1045 3400 1106 praeter
3441 1051 3638 1105 corpus
3677 1080 3683 1094 .

2051 1120 2395 1192 adoptionem
2451 1131 2833 1193 exspectantes
2899 1126 3325 1197 redemptionem
3394 1127 3639 1199 corporis

2052 1212 2245 1277 nostri,
2290 1212 2343 1267 id
2384 1221 2487 1279 est,
2513 1222 2573 1268 ut
2601 1222 2654 1268 et
2676 1216 2852 1286 ipsum
2876 1232 3073 1287 corpus
3103 1220 3374 1289 accipiens
3435 1221 3643 1277 beneﬁ-

2050 1300 2194 1355 cium
2246 1302 2553 1372 adoptionis
2598 1305 2832 1359 ﬁliorum
2861 1346 2876 1371 ,
2908 1320 3013 1375 qua
3043 1309 3218 1363 vocati
3245 1326 3464 1376 sumus,
3496 1320 3640 1366 totos

2050 1407 2150 1447 nos
2178 1392 2377 1449 liberos
2431 1396 2716 1452 transactis
2770 1397 3024 1452 omnibus
3065 1398 3330 1455 molestiis
3373 1416 3441 1456 ex
3486 1402 3637 1457 otnni

2050 1490 2206 1552 parte
2232 1483 2326 1538 Dei
2354 1483 2494 1539 ﬁlios
2517 1500 2638 1540 esse
2665 1485 2995 1543 manifestet.
3027 1485 3226 1559 (0rig.)
3256 1488 3428 1544 Aliter
3452 1498 3637 1545 autem

2048 1573 2193 1642 quod
2231 1573 2388 1641 dixit,
2423 1574 2826 1648 redemptionem
2850 1580 3084 1649 corporis
3114 1581 3298 1647 nostri,
3344 1596 3448 1652 ego
3492 1582 3640 1638 arbi-

2051 1671 2165 1718 tror
2215 1666 2368 1738 quod.
2399 1665 2563 1721 totius
2612 1665 2870 1723 Ecclesia’
2909 1668 3179 1725 indicetur
3223 1686 3459 1743 corpus,
3493 1677 3642 1732 sicut

2047 1761 2104 1807 et
2138 1751 2264 1809 alibi
2305 1754 2383 1809 ait
2408 1772 2423 1809 :
2468 1753 2568 1809 Vos
2592 1766 2768 1809 autem
2794 1757 2918 1811 estis
2949 1775 3135 1829 corpus
3158 1759 3376 1828 Christi,
3400 1772 3449 1817 et
3474 1780 3639 1819 mem-

354 1845 612 1920 cipimus,
659 1854 840 1899 tamen
870 1853 1249 1915 exspectantes
1290 1845 1634 1914 adoptionem
1681 1843 1933 1907 ﬁliorum,
1972 1835 2012 1893 Β
2043 1842 2137 1896 bra
2177 1860 2243 1898 ea:
2288 1855 2438 1915 parte
2483 1844 2544 1917 (Ι
2589 1844 2715 1902 Cor.
2758 1847 2874 1920 vr).
2914 1846 3086 1905 Omne
3125 1867 3257 1923 ergo
3298 1868 3499 1925 corpus
3537 1855 3643 1911 Ec-

352 1935 408 1990 id
444 1943 560 2001 est,
601 1933 990 2004 perfectionem
1031 1951 1220 1990 eorum
1263 1951 1403 2006 quos
1440 1936 1637 1991 docere
1684 1943 1740 1995 et
1780 1934 1933 1994 insti-

353 2038 508 2083 tuere
534 2028 684 2084 missi
715 2044 928 2094 sumus,
967 2029 1142 2093 donec
1182 2029 1463 2086 videamus
1508 2044 1606 2085 eos
1649 2029 1706 2088 in
1732 2036 1939 2087 tantum

350 2116 634 2190 proﬁcere,
666 2126 728 2174 ut
754 2119 998 2189 adoptari
1022 2128 1336 2176 mereantur
1358 2123 1412 2176 in
1439 2121 1605 2188 ﬁlios,
1633 2121 1941 2179 necessario

349 2210 594 2266 dolemus
630 2218 687 2265 et
720 2211 1004 2282 gemimus.
1051 2212 1232 2268 Donec
1258 2227 1389 2285 ergo
1412 2228 1544 2279 nos,
1577 2213 1819 2283 inquam,
1848 2213 1941 2283 qui

350 2303 687 2359 instituimur
705 2303 774 2359 ab
794 2303 890 2367 eis,
919 2303 1258 2375 negligimus,
1282 2313 1339 2364 et
1359 2320 1656 2371 moramur,
1680 2313 1734 2360 et
1756 2320 1942 2361 cmen-

351 2394 588 2449 dationis
610 2402 810 2450 nostra
836 2403 1079 2467 tempora
1110 2396 1327 2468 longius
1350 2399 1688 2468 protelamus
1712 2439 1727 2464 ,
1770 2399 1943 2455 donec

352 2502 457 2551 non
483 2486 771 2541 invisibilia
798 2489 1110 2557 qumrimus,
1136 2488 1231 2542 sed
1259 2488 1564 2547 visibilibus
1585 2488 1941 2554 delectamur,

350 2577 567 2637 dolores
599 2577 858 2649 apostolis
883 2591 1306 2643 cummovemus,
1327 2593 1390 2633 ac
1411 2577 1615 2633 luctum
1639 2578 1721 2651 (ut
1753 2579 1826 2633 ita
1850 2576 1943 2633 ’(11-

352 2666 516 2737 eam)
574 2667 844 2725 universa:
894 2674 1161 2731 creatura:
1206 2676 1260 2722 et
1308 2667 1542 2739 gemitus
1590 2667 1938 2723 suscitemus.

355 2757 617 2819 Univet‘sa
662 2772 896 2828 namque
939 2765 1190 2817 creatura
1234 2758 1540 2831 ingemiscit
1592 2766 1645 2814 et
1671 2757 1938 2824 condolet,

351 2849 568 2913 duritiei
598 2857 654 2903 et
683 2849 1044 2906 simulationis
1083 2857 1282 2912 nostrae
1308 2850 1505 2908 damna
1544 2850 1843 2920 suspirans.
1880 2848 1942 2904 Si

352 2956 480 2996 vero
528 2942 672 3012 quod
703 2941 859 3007 dixit,
897 2940 964 2994 Et
1000 2959 1094 2996 nos
1132 2942 1233 3012 ipsi
1268 2942 1527 3012 primitias
1575 2941 1805 3012 Spiritus
1845 2942 1943 2997 ha-

349 3032 556 3096 bentes,
607 3031 675 3086 de
725 3031 978 3087 omnibus
1018 3032 1222 3089 dictum
1268 3032 1360 3103 qui
1414 3032 1645 3104 gratiam
1686 3032 1941 3102 baptismi

248 3190 253 3195 ξ
350 3124 628 3183 consecuti
682 3123 933 3178 videntur
980 3124 1257 3194 accipias,
1311 3124 1637 3194 sperandum
1692 3132 1776 3179 est
1809 3122 1939 3178 illud

2043 1933 2221 1989 clesite
2267 1934 2639 1991 redimendum
2697 1944 2882 2006 sperat
2932 1937 3224 2008 Apostolus
3251 1981 3268 2002 ,
3332 1957 3434 1998 nec
3482 1951 3639 2014 putat

2043 2040 2224 2096 posse,
2253 2042 2374 2097 qua:
2403 2024 2643 2098 perfecta
2693 2037 2842 2095 sunt,
2891 2029 3009 2085 dari
3058 2030 3287 2101 singulis
3328 2034 3636 2106 quibusque

2042 2117 2320 2183 membris,
2363 2118 2469 2174 nisi
2517 2119 2831 2176 universum
2884 2137 3088 2192 corpus
3136 2122 3191 2178 in
3246 2140 3415 2180 unum
3464 2126 3635 2183 fuerit

2042 2217 2449 2280 congregatum.
2508 2210 2622 2266 Hoc
2666 2220 2754 2267 est
2779 2254 2794 2279 ,
2841 2214 2989 2284 quod
3039 2214 3241 2286 singuli
3273 2225 3497 2274 orantes
3536 2235 3637 2290 pro

2041 2302 2292 2356 omnibus
2318 2316 2558 2376 ora‘mus,
2586 2312 2645 2358 ut
2673 2306 2856 2360 veniat
2887 2320 3115 2378 regnum
3146 2308 3262 2362 Dei.
3306 2308 3461 2365 Tunc
3488 2310 3636 2366 enim

2041 2391 2146 2447 erit
2174 2391 2421 2470 liberatio
2446 2395 2694 2465 corporis
2730 2394 2930 2463 nostri,
2971 2396 3027 2452 id
3055 2405 3174 2466 est,L
3206 2399 3455 2464 omnium
3476 2400 3635 2463 Chri—

2042 2481 2364 2537 stianorum.
2417 2484 2477 2539 in
2527 2499 2754 2554 corpore
2813 2485 2961 2545 enim
3011 2501 3206 2552 omnes
3265 2488 3635 2560 sigpiticavit,

2022 2571 2166 2639 quia
2187 2589 2370 2628 sumus
2394 2573 2528 2628 alter
2554 2573 2774 2628 alterius
2803 2574 3039 2637 membra
3069 2566 3252 2648 (Rom,
3276 2579 3398 2651 xu).
3426 2579 3634 2653 [Amb.]

2042 2661 2207 2732 Igitur
2231 2678 2331 2734 per
2361 2665 2475 2721 haec
2502 2680 2622 2736 quae
2642 2679 2804 2743 supra
2826 2666 2970 2726 dicta
3003 2675 3161 2733 sunt,
3197 2669 3438 2735 ostendit
3474 2686 3634 2740 quam

2042 2753 2149 2808 vim
2170 2763 2416 2810 creatura
2446 2756 2685 2835 patiatur
2709 2757 2881 2812 nostri
2910 2772 3104 2825 causa;
3136 2773 3261 2824 cum
3291 2759 3510 2830 quando
3537 2776 3637 2816 nos

2040 2846 2238 2918 quibus
2264 2847 2581 2918 obsequium
2615 2849 2733 2923 ejus
2752 2849 3223 2923 proﬁcithquique
3246 2850 3339 2907 Dei
3372 2850 3637 2925 Spiritum

2041 2938 2342 3009 adjutorem
2357 2940 2641 3006 habemus,
2658 2942 3080 3014 ingemiscimus,
3099 2952 3159 2998 ut
3171 2943 3299 3007 hinc
3318 2944 3636 3009 liberemur,

2040 3038 2100 3084 ut
2145 3031 2412 3100 promissa
2464 3047 2866 3103 consequamur
2916 3033 3164 3103 praemia,
3211 3032 3425 3101 Quanto
3462 3036 3638 3105 magis

2040 3134 2172 3190 ergo
2197 3128 2451 3176 creatura
2491 3120 2973 3201 ingemiscit,gqua:
2997 3137 3174 3194 neque
3202 3121 3504 3192 adjutorem
3541 3125 3638 3179 ba-

350 3216 498 3285 quod
526 3215 667 3270 idem
695 3214 989 3286 Apostolus
1045 3192 1182 3271 dixit
1210 3192 1383 3288 (Rom.
1414 3215 1492 3287 xx)
1534 3235 1546 3270 :
1578 3214 1732 3281 Quod
1761 3217 1807 3271 si
1830 3216 1939 3287 pri-
1968 3192 2012 3254 (ἶ
2044 3213 2139 3275 bet
2169 3211 2432 3289 Spiritum
2460 3192 2733 3281 sanctum,
2758 3230 2935 3286 neque
2966 3215 3021 3273 in
3058 3192 3157 3271 sua
3191 3232 3357 3272 causa
3380 3215 3591 3272 laborat
3617 3237 3631 3273 :

351 3306 513 3361 milia:
550 3315 773 3372 sanctw,
811 3316 859 3362 et
888 3324 1063 3365 massa
1084 3324 1103 3362 :
1128 3316 1176 3362 et
1204 3308 1249 3361 si
1280 3307 1436 3361 radix
1463 3316 1645 3361 sancta
1664 3347 1679 3373 ,
1710 3317 1757 3362 et
1780 3306 1936 3361 rami.

353 3396 509 3462 Quod
552 3396 654 3451 etsi
694 3397 761 3459 sit
791 3437 808 3463 ,
842 3404 1025 3453 tamen
1057 3396 1227 3467 ipsius
1253 3412 1444 3453 massre
1488 3398 1541 3451 iu
1587 3413 1694 3468 qua
1728 3398 1941 3461 videtur

354 3488 581 3547 indicari
616 3487 904 3543 multitudo
936 3488 1202 3553 ﬁdelium,
1233 3490 1488 3558 primitiae
1517 3492 1827 3547 necessario
1858 3494 1938 3546 vi-

352 3578 620 3639 debantur
657 3578 709 3641 in
739 3579 999 3649 apostolis
1028 3578 1323 3635 collocatae.
1357 3580 1449 3635 Sic
1488 3581 1635 3636 enim
1678 3584 1937 3659 scriptum

352 3677 461 3733 est,
480 3667 612 3741 quia
658 3667 712 3721 in
757 3667 998 3724 Ecclesia
1024 3668 1206 3739 posuit
1247 3668 1390 3725 Deus
1415 3670 1592 3741 primo
1620 3672 1890 3741 apostolos
1922 3714 1951 3739 ,_

352 3760 590 3817 secundo
643 3761 975 3832 prophetas,
1031 3762 1191 3818 tertio
1230 3762 1500 3818 doctores.
1550 3763 1640 3826 isti
1669 3780 1799 3835 ergo
1847 3765 1937 3843 qui

356 3851 531 3920 primo
576 3850 696 3906 loco
731 3852 1010 3907 constituti
1056 3863 1213 3919 sunt,
1259 3862 1627 3925 competenter
1668 3856 1938 3928 primitias

354 3941 528 3996 sancti
571 3940 808 4011 Spiritus
840 3942 1027 4015 gratiae
1059 3943 1320 4014 spiritalis
1366 3944 1567 3999 habere
1601 3946 1891 4007 credentur
1920 3964 1933 3998 :

357 4024 544 4104 (Aug)
596 4031 718 4086 Non
751 4031 922 4087 solum
973 4042 1148 4087 autem
1178 4074 1195 4100 ,
1234 4033 1431 4105 inquit,
1487 4035 1655 4088 omnis
1695 4045 1937 4096 creatura

356 4124 688 4193 congemiscit
734 4132 782 4178 et
818 4122 999 4191 dolet,
1033 4123 1123 4178 sed
1151 4133 1199 4179 et
1229 4142 1323 4180 nos
1356 4125 1474 4197 ipsi,
1512 4125 1566 4181 id
1593 4134 1827 4191 est,_non
1850 4142 1935 4180 so-

357 4213 467 4277 lum
500 4212 554 4267 in
585 4214 805 4269 homine
840 4228 1037 4285 corpus
1077 4223 1133 4270 et
1172 4215 1353 4270 anima
1408 4224 1465 4271 et
1503 4216 1726 4287 spiritus
1777 4217 1935 4272 sinml

354 4305 540 4373 dolent
567 4322 635 4362 ex
678 4304 1082 4363 difﬁcultatibus
1134 4309 1398 4384 corporis,
1439 4308 1536 4367 sed
1574 4318 1630 4367 et
1674 4326 1774 4373 nos
1809 4311 1933 4379 ipsi,

353 4398 595 4469 exceptis
631 4399 982 4470 corporibus,
1018 4400 1073 4461 in
1108 4402 1263 4460 nobis
1289 4400 1420 4481 ipsis
1464 4402 1930 4473 congemiscimus.

2043 3305 2257 3360 addicto
2296 3304 2435 3370 hoc,
2465 3307 2607 3376 quod
2647 3322 2723 3369 ea,
2759 3321 2882 3376 qua:
2915 3306 3103 3364 labore
3140 3323 3240 3363 suo
3272 3317 3533 3378 generat,
3578 3316 3638 3364 ut

2042 3395 2323 3463 alimentis,
2358 3412 2643 3461 servorum
2682 3396 2777 3452 Dei
2804 3397 3097 3467 proﬁciat,
3130 3406 3320 3454 contra
3362 3397 3445 3455 fas
3489 3398 3639 3453 videt

2043 3485 2199 3541 idolis
2227 3487 2528 3562 immolari?!
2563 3487 2711 3547 Unde
2735 3488 2855 3557 plus
2880 3488 3049 3552 dolet,
3072 3499 3128 3544 et
3151 3498 3301 3560 cptat
3318 3488 3481 3546 citius
3505 3489 3634 3544 libe-

2043 3580 2176 3646 rari,
2201 3580 2382 3645 sciens
2402 3582 2506 3646 hoc
2542 3580 2608 3636 ad
2638 3577 2890 3648 injuriam
2918 3581 3185 3650 proﬁcere
3208 3581 3489 3636 creatoris.

2113 3671 2218 3741 Spe
2239 3674 2377 3727 enim
2403 3671 2533 3727 salui
2562 3671 2690 3740 facti
2713 3689 2915 3726 sumus.
2947 3673 3154 3744 (Δηώ.)
3181 3671 3293 3728 Hoc
3318 3673 3480 3739 dicit,
3506 3674 3635 3743 quia

2040 3768 2313 3837 sperando
2339 3768 2484 3843 quod
2509 3766 2759 3836 promisit
2799 3766 2944 3822 Deus
2974 3768 3029 3822 in
3057 3766 3276 3822 Christo
3322 3768 3478 3823 nobis
3521 3782 3632 3824 mc-

2039 3857 2204 3912 ritum
2230 3857 2477 3923 fecimus,
2508 3864 2567 3910 ut
2594 3855 2907 3912 liberemur.
2931 3857 3073 3929 Ergo
3100 3857 3155 3910 in
3183 3872 3279 3927 spe
3298 3856 3508 3915 liberati
3542 3872 3633 3912 su-

2040 3963 2184 4013 mus,
2209 3948 2336 4018 quia
2375 3963 2483 4003 non
2528 3947 2673 4003 aliud
2703 3946 2944 4003 futurum
2970 3956 3223 4018 putamus
3255 3964 3415 4018 quam
3449 3951 3628 4015 credi-

2039 4055 2179 4095 mus.
2206 4038 2336 4110 Spes
2363 4048 2537 4095 autem
2557 4056 2677 4111 aute
2692 4038 2895 4095 videtur
2910 4055 3013 4094 non
3036 4048 3108 4094 est
3126 4056 3260 4109 spes.
3286 4039 3632 4103 Manifestum

2037 4140 2120 4185 est
2147 4145 2252 4186 non
2283 4145 2402 4187 esse
2432 4146 2582 4201 spem
2611 4145 2732 4201 quae
2761 4129 3006 4196 videtur,
3042 4129 3139 4185 sed
3173 4131 3317 4200 quod
3344 4146 3448 4184 non
3476 4131 3628 4185 vidc-

2040 4232 2155 4287 tur;
2187 4236 2254 4276 ac
2295 4237 2394 4292 per
2434 4220 2538 4277 hoc
2568 4220 2853 4283 credentes
2900 4221 3140 4291 pmmiis
3182 4221 3450 4277 aﬁiciendi
3479 4230 3629 4286 sunt,

2036 4312 2164 4382 quia
2209 4327 2328 4382 quae
2358 4329 2466 4369 non
2493 4313 2682 4369 vident
2703 4320 2943 4383 sperant.
2982 4312 3125 4368 Nam
3157 4313 3298 4385 quod
3331 4312 3463 4369 videt
3488 4315 3626 4385 quis,

2035 4405 2159 4475 quid
2184 4406 2399 4476 sperat?
2427 4405 2534 4461 Sed
2566 4406 2613 4459 si
2639 4406 2778 4473 quod
2809 4421 2912 4461 non
2944 4406 3515 4479 uidemus‘speramus,
3534 4423 3629 4477 per

359 4493 429 4556 Et,
453 4494 591 4547 bene
630 4492 767 4547 dixit
813 4492 1084 4562 primitias
1110 4493 1367 4549 habentes
1397 4492 1663 4565 Spiritus,
1714 4495 1765 4550 id
1806 4502 1888 4550 est
1915 4534 1931 4560 ,
1966 4536 2010 4595 D
2038 4496 2343 4566 patientiam
2380 4505 2756 4565 exspectamus.
2787 4495 3024 4559 Dubium.
3053 4512 3162 4552 non
3189 4504 3273 4553 est
3311 4512 3373 4553 ea
3422 4498 3627 4567 sperari

354 4594 582 4655 queram
629 4583 744 4652 jam
793 4585 1014 4656 spiritus
1070 4594 1337 4655 tanquam
1381 4588 1707 4643 sacriﬁcium
1758 4588 1922 4643 oblati

355 4687 482 4733 sunt
524 4678 633 4733 Deo
672 4687 727 4732 et
751 4678 804 4732 in
836 4679 1023 4736 divino.
1065 4679 1347 4734 charitatis
1393 4679 1515 4750 igne
1553 4681 1928 4750 comprehensi

356 4779 513 4835 sunt;
561 4778 619 4825 et
653 4778 778 4824 sunt
819 4771 1073 4841 primitiae
1110 4769 1342 4833 hominis
1367 4810 1381 4835 ,
1413 4770 1548 4839 quia,
1576 4770 1779 4831 veritas
1817 4771 1931 4841 pri-

356 4858 789 4927 ummspiritum
833 4868 1077 4919 nostrum
1113 4859 1360 4924 obtinet,
1411 4868 1472 4913 ut
1515 4874 1613 4928 per
1650 4860 1793 4918 hunc
1833 4876 1935 4915 ca:-

356 4960 475 5003 tera
511 4948 1059 5018 comprehendantur.
1107 4948 1228 5011 lam
1282 4964 1411 5019 ergo
1456 4949 1621 5005 habet
1670 4951 1938 5020 primitias

354 5041 564 5100 oblatas
591 5041 703 5096 Deo
726 5080 751 5105 ,,
769 5040 871 5110 qui.
901 5040 1032 5095 dicit
1060 5059 1073 5094 :
1108 5039 1282 5102 Mente
1315 5042 1482 5096 seruio
1505 5040 1606 5113 legi
1632 5041 1750 5108 Dei,
1780 5060 1935 5097 carne

357 5144 536 5189 autem
572 5131 675 5202 legi
715 5131 912 5202 peccati
950 5130 1148 5203 (Rom.
1186 5132 1317 5209 vlt).
1360 5132 1427 5195 Et
1465 5133 1556 5203 qui
1587 5133 1719 5189 dicit
1749 5148 1763 5185 :
1798 5134 1936 5195 Deus

358 5223 442 5277 cui
468 5221 638 5279 seruio
668 5222 728 5280 in
749 5222 933 5291 spiritu
954 5239 1066 5285 meo
1094 5221 1264 5292 (Rom.
1291 5223 1353 5293 ι).
1380 5223 1448 5278 Et
1474 5225 1540 5280 de
1568 5240 1676 5295 quo
1698 5226 1895 5289 dicitur
1920 5245 1932 5281 :

356 5313 586 5385 Spiritus
636 5313 851 5382 quidem
914 5324 1182 5384 promptus
1212 5353 1227 5381 ,
1301 5330 1425 5369 caro
1487 5326 1664 5372 autem
1725 5317 1935 5385 inﬁrma

358 5405 575 5478 (Matth.
600 5408 775 5477 xxvr).
804 5404 909 5461 Sed
935 5407 1187 5475 quoniam
1213 5407 1388 5470 adhuc
1420 5407 1557 5469 dicit
1580 5426 1593 5462 :
1627 5407 1825 5478 Infelix
1845 5426 1937 5480 ego

356 5503 533 5565 homo,
573 5502 690 5567 quis
743 5517 824 5554 me
870 5499 1105 5553 liberabit
1149 5501 1213 5554 de
1263 5516 1476 5569 corpore
1522 5498 1701 5554 mortis
1745 5497 1940 5567 hujus?

358 5595 519 5669 (llam
573 5592 687 5665 rm)
721 5611 735 5646 :
761 5602 819 5648 et
857 5593 1034 5649 adhuc
1065 5592 1262 5649 talibus
1293 5593 1492 5649 dicitur
1520 5610 1533 5647 :
1571 5589 1858 5660 Viviﬁeabit
1889 5601 1937 5644 et

360 5689 602 5745 interlalia
639 5707 857 5760 corpora
891 5698 1060 5744 ucstra
1103 5699 1311 5759 propter
1354 5687 1595 5757 spiritum
1643 5695 1935 5739 ntanentem

367 5784 414 5836 in
444 5782 581 5837 vobis
607 5796 621 5831 :
656 5783 889 5839 nondum
925 5790 1010 5838 est
1039 5781 1439 5848 holocaustum;
1466 5780 1564 5837 erit
1594 5788 1791 5843 autem,
1819 5796 1933 5833 rum

2037 4600 2157 4654 quin
2201 4601 2308 4639 non
2330 4585 2618 4640 videntur:
2663 4593 3045 4656 exspectantur
3089 4588 3234 4651 enim
3267 4587 3466 4643 futura.
3502 4587 3630 4649 llaec

2037 4677 2371 4746 exspectatio
2409 4674 2671 4747 patientia
2724 4684 2808 4733 est
2825 4716 2853 4743 ,,
2882 4693 3003 4748 quae
3061 4678 3284 4740 multum
3318 4687 3558 4734 meretur
3596 4697 3627 4733 ει

2039 4770 2179 4835 Deo;
2216 4776 2277 4822 ut
2325 4769 2392 4824 de
2435 4767 2521 4823 die
2564 4767 2616 4822 in
2656 4768 2795 4824 diem
2846 4776 3172 4840 exspectans
3212 4760 3393 4840 cupiat
3444 4770 3629 4824 venire

2042 4876 2264 4931 regnum
2310 4858 2436 4924 Dei,
2473 4869 2529 4914 et
2582 4875 2688 4921 non
2735 4861 2945 4922 dubitet
3000 4861 3126 4931 quia
3183 4861 3378 4915 tradet.
3426 4858 3627 4931 (0rig.)

2044 4952 2323 5018 Quomodo
2353 4961 2534 5010 autem
2568 4953 2621 5006 in
2651 4967 2745 5023 spe
2787 4954 2859 5008 sit
2883 4952 3029 5009 salus
3055 4968 3071 5006 :
3100 4966 3388 5024 spesvcro
3415 4967 3521 5006 non
3552 4952 3624 5006 sit

2040 5046 2092 5098 in
2124 5042 2211 5098 his
2251 5043 2428 5112 posita
2456 5057 2576 5113 qua:
2617 5043 2888 5105 videntur,
2922 5045 3017 5097 sed
3055 5057 3175 5112 quae
3204 5056 3325 5105 non,
3351 5038 3623 5105 videntur,

2029 5133 2144 5201 jam
2190 5134 2440 5205 superius
2488 5134 2825 5190 edocuimus.
2876 5122 3009 5189 Illud
3053 5132 3230 5193 solum
3263 5132 3502 5193 breviter
3528 5132 3624 5187 ad-

2039 5226 2248 5288 demus,
2278 5224 2419 5293 quod
2450 5240 2514 5280 ex
2539 5224 2624 5279 his
2645 5223 3009 5288 sermonibus,
3032 5230 3088 5278 et
3108 5238 3182 5285 ex
3206 5222 3310 5277 illis
3340 5222 3392 5277 in
3425 5223 3624 5292 quibus

2039 5315 2202 5381 dicit,
2232 5312 2354 5371 Non
2394 5314 2717 5384 respicientes
2760 5312 2853 5368 illa
2893 5331 3011 5385 quae
3051 5313 3329 5378 videntur,
3374 5312 3464 5367 sed
3506 5328 3624 5383 qua:

2040 5426 2144 5465 non
2181 5408 2442 5473 uidentur,
2479 5406 2670 5462 edocet
2702 5421 2803 5462 nos
2844 5405 2897 5460 in
2939 5404 3133 5460 futuris
3169 5403 3330 5461 bonis
3367 5402 3500 5458 nihil
3530 5414 3626 5458 eo-

2038 5516 2158 5556 rum
2188 5515 2308 5571 quaa
2338 5514 2480 5554 nunc
2506 5498 2778 5563 videntur,
2817 5496 2901 5553 vel
2926 5496 3094 5552 videri
3133 5504 3377 5566 possunt,
3404 5507 3622 5563 sperare

2037 5593 2265 5657 debere,
2288 5590 2500 5650 etiamsi
2523 5588 2726 5649 coelum,
2753 5588 2939 5645 videas
2970 5586 3115 5643 istud
3150 5583 3381 5648 visibile,
3407 5583 3620 5638 etiamsi

2041 5693 2261 5739 terram.
2286 5680 2423 5739 Audi
2454 5679 2518 5736 de
2544 5680 2645 5745 his,
2679 5680 2803 5751 quia
2832 5678 3016 5733 caelum
3046 5687 3092 5731 et
3120 5686 3257 5731 terra
3283 5674 3620 5748 pra'tcribunt

2040 5773 2252 5847 (.lfatth.
2272 5771 2437 5849 xxiv),
2455 5771 2683 5828 visibilia
2708 5771 2850 5827 enim
2875 5778 3026 5835 sunt;
3059 5776 3111 5825 ct
3134 5766 3272 5838 quod
3304 5768 3469 5829 vides,
3494 5766 3619 5833 quini
