4026 6180
340 366 478 422 Ηϐὕ

893 363 1443 423 ENARRATiONUM
1476 365 1545 420 1N
1585 365 1735 422 EPP.
1774 364 1981 423 PAULI
2018 365 2146 423 LIB.
2190 366 2255 421 ν.
2294 397 2364 408 -
2400 365 2471 421 RN
2506 365 2723 423 EPIST.
2762 364 2856 420 AD
2893 364 3059 421 ROM.

3456 366 3595 421 1466

336 481 448 535 lare
497 479 691 535 dicitur
738 478 828 547 qui
877 478 1051 535 ntinor
1096 494 1202 533 non
1236 479 1359 533 est?
1393 478 1499 535 Sed
1531 480 1643 548 ipse
1676 477 1911 549 Spiritus
1938 486 1983 544 Α
2012 479 2168 547 ﬁrma
2217 478 2435 550 (Matth.
2483 479 2656 547 xxvi).
2720 478 2889 550 Igitur
2942 478 3232 534 inﬁrmitas
3289 487 3475 533 nostra
3523 494 3591 533 ex

334 569 588 640 postulat,
610 567 736 637 quia
777 566 844 622 ad
884 568 1262 638 postulandum
1303 583 1398 622 eos
1427 582 1563 635 quos
1594 568 1905 638 repleverit,

335 658 650 711 iuﬁanunat.
687 656 1006 711 Consolator
1041 664 1222 710 autem
1271 656 1414 710 idem
1459 655 1699 725 Spiritus
1746 672 1907 711 voca-

334 761 421 805 tur
446 748 569 818 quia
604 748 669 801 de
698 747 905 817 peccati
932 747 1336 815 perpetratione
1382 738 1756 811 mmreutibus,
1779 747 1905 801 dum

331 856 481 909 spem
508 840 675 894 venia!
698 846 987 908 purpurat,
1005 838 1073 890 ab
1095 834 1382 891 aﬁlictionc
1413 836 1643 890 tristitim
1671 846 1905 893 mentem

331 931 491 982 levat.
535 926 731 999 (Orig.)
761 925 865 981 Sed
905 926 1187 980 videamus
1233 925 1359 993 quid
1398 931 1499 985 est,
1528 924 1672 993 quod
1715 924 1847 979 dicit
1886 942 1901 978 :

330 1021 450 1091 Ipse
482 1018 706 1090 Spiritus
733 1035 827 1088 pro
872 1017 1016 1071 nobis
1060 1015 1375 1086 interpellat.
1419 1016 1531 1070 Hoc
1570 1017 1714 1070 enim
1738 1015 1903 1071 Joan-

331 1131 426 1169 nes
454 1113 637 1168 Jesum
670 1111 847 1166 facere
867 1109 1144 1178 designat,
1173 1124 1294 1163 cum
1321 1108 1452 1162 dicit
1479 1126 1492 1162 :
1527 1106 1711 1161 Filioli
1726 1148 1742 1173 ,
1793 1109 1906 1163 [ατε

327 1208 497 1263 scribo
528 1207 691 1269 vobis,
727 1213 909 1259 utnon
952 1204 1201 1274 peccetis;
1230 1203 1276 1257 si
1305 1211 1478 1256 autem
1526 1210 1574 1255 et
1623 1200 1907 1271 peccaverit

334 1302 517 1366 aliquis
566 1309 819 1363 nostrum,
862 1296 1168 1353 aduocatum
1206 1295 1453 1349 habemus
1499 1291 1640 1361 apud
1694 1290 1905 1344 Patrem

331 1391 527 1445 iustum
565 1389 776 1452 Iesum,
806 1385 894 1457 qui
916 1395 964 1440 et
994 1383 1287 1455 interpellat
1314 1399 1409 1454 pro
1444 1382 1589 1436 nobis
1615 1379 1795 1452 (Joan.
1820 1378 1902 1451 ιι).

330 1482 395 1537 Et
425 1482 514 1538 hic
563 1481 797 1551 Spiritus
829 1477 1134 1547 interpellat
1167 1491 1267 1547 pro
1304 1475 1479 1529 nobis.
1527 1471 1710 1543 (Ααςι.)
1764 1469 1904 1538 Quid

328 1582 414 1626 est
462 1579 641 1629 autem
685 1566 1003 1636 interpellat,
1046 1565 1149 1621 nisi
1203 1562 1547 1633 interpellare
1589 1576 1687 1616 nos
1737 1559 1909 1615 facit?

330 1660 621 1731 lmligentis
646 1658 791 1714 enim
821 1655 1078 1715 indicium
1099 1663 1184 1710 est
1210 1652 1556 1721 interpellare
1576 1650 1900 1721 gemitibus;

330 1756 526 1819 nullius
577 1761 758 1811 autem
804 1749 883 1806 rei
934 1762 1055 1807 esse
1099 1746 1423 1816 indigentem
1449 1743 1532 1799 fas
1557 1751 1641 1800 est
1682 1742 1905 1798 credere

2007 569 2186 623 carnis
2238 568 2555 623 inﬁrmitate
2608 568 2905 624 descendit.
2952 566 3071 637 Ipsa
3129 575 3214 622 est
3265 568 3408 621 enim
3471 583 3594 637 qua:

2005 660 2343 729 concupiscit
2360 660 2619 715 adversus
2640 660 2890 729 spiritum
2920 678 2937 713 :
2962 670 3018 714 et
3047 660 3171 712 dum
3200 659 3597 729 concupiscen-

2006 751 2112 811 tias
2160 764 2287 805 suas
2336 750 2561 819 ingerit,
2611 751 2903 820 puritatem
2953 750 3177 820 spiritus
3224 751 3482 819 impedit,
3535 760 3591 806 et

2005 840 2375 895 sinceritatem
2430 840 2694 894 orationis
2753 839 3020 895 obfuscat.
3086 838 3192 894 Sed
3254 840 3344 895 ubi
3395 840 3594 896 viderit

2007 929 2241 999 Spiritus
2279 928 2373 982 Dei
2424 928 2672 983 laborare
2714 929 2959 998 spiritum
3006 940 3252 983 nostrum
3306 930 3358 984 in
3396 931 3591 984 adver-

2005 1017 2173 1072 sando
2219 1016 2392 1079 carni,
2445 1026 2500 1070 et
2548 1016 2868 1071 alhrerendo
2911 1019 3038 1084 sibi,
3073 1020 3299 1089 porrigit
3347 1036 3589 1085 manum,

2005 1118 2059 1164 et
2084 1107 2303 1177 adjuvat
2336 1108 2709 1163 inﬁrmitatem
2743 1109 2888 1177 ejus:
2922 1120 2977 1165 et
3007 1113 3153 1167 velut
3174 1115 3429 1183 magister
3457 1129 3580 1168 sus-

2005 1204 2208 1274 cipiens
2246 1204 2432 1259 rudem
2484 1202 2835 1273 discipulum,
2885 1212 2939 1258 et
2983 1205 3319 1275 ignorantem
3377 1207 3595 1277 penitus

2006 1297 2237 1364 litteras,
2266 1306 2327 1352 ut
2361 1313 2484 1353 eum
2523 1299 2717 1354 docere
2758 1298 2929 1368 possit
2952 1306 3008 1352 et
3038 1299 3341 1362 instituere,
3370 1313 3594 1354 necesse

2008 1390 2177 1445 habet
2221 1390 2481 1446 inclinare
2504 1406 2563 1446 se
2608 1391 2677 1446 ad
2724 1390 2974 1461 discipuli
3023 1391 3433 1455 rudimenta,ct
3474 1391 3593 1460 ipse

2006 1482 2157 1551 prius
2187 1482 2369 1538 dicere
2402 1497 2597 1537 nomen
2641 1483 2856 1547 litterae,
2892 1491 2949 1535 ut
3008 1480 3389 1551 respondendo
3428 1480 3589 1534 disci-

2005 1570 2164 1640 pulus
2190 1571 2382 1636 discat,
2410 1580 2466 1627 et
2513 1571 2573 1625 ﬁt
2596 1571 2994 1641 quodammodo
3022 1572 3278 1643 magister
3306 1570 3421 1638 ipse
3447 1569 3585 1623 inci-

2004 1662 2169 1732 pienti
2205 1661 2471 1732 discipqu
2499 1662 2690 1718 similis
2764 1675 2826 1715 ea
2861 1660 3088 1730 loquens
3122 1670 3177 1716 et
3222 1676 3285 1716 ea
3323 1659 3588 1714 meditans

2006 1766 2125 1820 qua:
2152 1751 2413 1820 incipiens
2438 1751 2581 1820 loqui
2632 1752 2825 1807 debeat
2857 1768 2921 1807 ac
2961 1750 3231 1807 meditari.
3258 1750 3334 1803 lta
3365 1762 3495 1819 ergo
3533 1756 3587 1803 et

330 1848 590 1918 Spiritum
633 1852 899 1901 εθηεῑυω·
928 1840 1035 1897 se“
1083 1841 1156 1896 ίιει
1204 1838 1383 1894 (“eius
1424 1845 1510 1893 εει
1542 1834 1901 1905 interpellare.
1934 1826 1979 1883 Β
2008 1842 2242 1913 Spiritus
2268 1851 2487 1900 sanctus
2521 1844 2611 1899 ubi
2642 1844 3132 1914 oppugnationibus
3166 1842 3348 1896 carnis
3376 1849 3589 1911 pertur-

328 1937 453 2007 quia
504 1934 848 2005 interpellare
873 1946 972 1987 nos
1003 1929 1180 1993 edicit,
1215 1928 1479 1997 nobisque
1525 1925 1903 1997 interpellandi

327 2038 381 2083 et
410 2024 656 2096 gemendi
680 2022 909 2092 inspirat
945 2019 1215 2083 allectum,
1256 2018 1398 2074 sicut
1442 2016 1571 2071 illud
1630 2016 1683 2070 in
1732 2014 1906 2068 Evan-

328 2115 502 2189 gelio:
535 2113 657 2168 Non
677 2112 813 2167 enim
838 2127 922 2167 uos
947 2109 1069 2163 estis
1089 2108 1179 2178 qui
1205 2106 1499 2177 loquimini,
1543 2103 1634 2163 sed
1677 2101 1904 2172 Spiritus

335 2207 508 2275 Patris
549 2205 640 2276 qui
690 2202 921 2274 loquitur
968 2200 1023 2255 in
1081 2199 1222 2254 vobis
1278 2197 1512 2268 (Matth.
1559 2196 1654 2267 χ).
1720 2194 1905 2265 Neque

325 2299 471 2353 enim
500 2297 679 2352 ethoc
714 2296 788 2350 ita
818 2294 879 2353 ﬁt
921 2293 986 2357 de
1026 2292 1182 2348 nobis
1210 2291 1363 2361 quasi
1412 2289 1541 2345 nihil
1586 2288 1906 2344 facientibus

327 2389 500 2451 nobis.
530 2385 867 2456 Adjutorium
896 2384 1060 2456 igitur
1081 2382 1318 2453 Spiritus
1355 2382 1527 2437 sancti
1565 2381 1645 2436 sic
1686 2396 1907 2450 expres-

326 2494 446 2537 sum
471 2487 578 2543 est,
604 2484 664 2531 ut
688 2476 802 2546 ipsc
823 2473 1002 2530 facere
1031 2473 1325 2537 diceretur,
1373 2471 1513 2541 quod
1543 2478 1603 2526 nt
1644 2471 1906 2526 faciamus

325 2568 482 2632 facit.
538 2567 671 2622 Nam
730 2582 837 2623 non
884 2580 1007 2622 esse
1046 2563 1451 2635 intelligendum
1502 2563 1749 2633 spiritum
1801 2578 1903 2618 no-

327 2669 522 2723 strum,
551 2659 617 2713 de
669 2672 778 2727 quo
817 2656 1022 2711 dictum
1050 2663 1152 2720 est,
1187 2652 1481 2723 interpellat
1510 2642 1783 2724 gemitibus
1824 2654 1905 2708 in-

326 2751 729 2815 enarrabitibus,
759 2749 850 2807 sed
880 2749 1140 2820 Spiritum
1166 2754 1436 2812 sanctum,
1475 2761 1584 2817 quo
1609 2754 1795 2802 nostra
1822 2745 1905 2800 in-

325 2843 558 2907 ﬁrmitas
583 2842 888 2912 adjuvetur,
919 2841 1052 2896 satis
1077 2840 1191 2911 ipse
1228 2842 1563 2895 demonstrat
1597 2837 1902 2908 Apostolus.

326 2934 453 2998 lude
501 2936 643 2990 enim
674 2934 858 3003 ccepit,
886 2931 1130 3003 Spiritus,
1164 2930 1353 2999 inquit,
1380 2929 1596 2999 adjuvat
1626 2928 1906 2997 inﬁrmita-

325 3037 427 3081 tem
457 3035 721 3089 nostram;
758 3025 952 3081 deinde
988 3024 1086 3081 ista
1117 3021 1434 3090 subjunxit:
1468 3020 1609 3087 Quid
1635 3021 1770 3075 enim
1793 3036 1906 3073 ore-

326 3133 466 3181 mus,
492 3117 622 3170 sicut
644 3124 862 3186 oportet,
882 3115 1161 3178 nescimus;
1181 3113 1272 3167 sed
1296 3114 1407 3183 ipse
1424 3110 1652 3182 Spiritus
1674 3110 1905 3181 postulat

2003 1938 2122 1994 hari
2170 1947 2415 1993 nostrum
2459 1937 2709 2007 spiritum
2753 1936 2977 2002 viderit,
3015 1943 3072 1989 et
3099 1935 3424 1989 nescientem
3458 1932 3605 2002 quid.
3704 1962 3707 1963 ν

2005 2042 2164 2084 orare
2187 2027 2380 2082 debeat
2403 2026 2696 2082 secundum
2725 2026 2870 2095 quod
2911 2032 3142 2095 oportet,
3172 2024 3285 2092 ipse
3312 2023 3457 2077 velut
3477 2036 3591 2076 ma-

2005 2118 2173 2189 gister
2192 2116 2491 2173 orationem
2519 2116 2795 2185 prtemittit
2812 2155 2827 2180 ,
2856 2130 3019 2184 quam
3045 2122 3232 2169 noster
3257 2112 3482 2183 spiritus
3498 2153 3512 2175 ,
3545 2112 3591 2165 si

2006 2219 2187 2264 tamen
2207 2206 2502 2277 discipulus
2519 2220 2639 2261 esse
2654 2206 2824 2261 sancti
2839 2204 3073 2275 Spiritus
3092 2203 3386 2265 desiderat,
3408 2214 3593 2271 prose-

2006 2310 2221 2372 quater.
2258 2301 2375 2371 ipse
2412 2298 2571 2355 oﬂ'ert
2613 2300 2875 2367 gemitus,
2919 2297 3116 2367 quibus
3149 2304 3338 2352 noster
3369 2294 3593 2364 spiritus

2007 2393 2263 2448 doceatur
2298 2390 2672 2461 ingemiscere,
2715 2396 2775 2442 ut
2808 2387 3125 2458 repmpitiet
3170 2386 3270 2440 sibi
3311 2384 3502 2438 Deum.
3532 2380 3591 2436 Si

2006 2499 2137 2539 vero
2166 2481 2403 2552 Spiritus
2430 2482 2646 2550 quidem
2699 2480 2917 2543 doceat,
2951 2486 3006 2532 et
3048 2486 3232 2532 noster
3256 2476 3509 2546 spiritus,
3535 2473 3595 2529 id

2002 2587 2113 2642 est,
2142 2590 2293 2631 mens
2323 2583 2507 2629 nostra
2532 2590 2638 2628 non
2663 2582 2940 2643 sequatur,
2977 2586 3077 2627 suo
3098 2570 3231 2625 vitio
3261 2568 3591 2623 infructuosa

2008 2669 2057 2724 ei
2087 2668 2145 2723 ﬁt
2186 2666 2428 2737 magistri
2463 2664 2727 2720 doctrina.
2758 2663 2826 2718 Et
2862 2663 3004 2717 istud
3037 2660 3235 2716 Paulus
3276 2658 3591 2729 mysterium

2009 2759 2150 2814 intra
2186 2758 2460 2813 hominem
2488 2756 2599 2827 geri
2637 2754 3081 2820 sciens,.dicebat
3111 2767 3125 2805 :
3173 2751 3312 2805 Nam
3340 2751 3385 2803 si
3407 2749 3595 2821 loquar

2009 2850 2200 2919 linguis
2245 2850 2460 2919 spiritus
2491 2863 2636 2901 meus
2665 2855 2810 2909 orat,
2840 2846 2930 2899 sed
2958 2861 3100 2899 mens
3133 2860 3248 2897 mea
3271 2844 3380 2896 sine
3415 2840 3593 2909 fructu

2008 2950 2083 2995 est
2113 2938 2165 3011 (ι
2199 2938 2324 2994 Cor.
2350 2938 2463 3004 xiv)
2497 2956 2510 2991 :
2538 2937 2788 3008 spiritum
2819 2951 2974 2991 suum
3005 2934 3139 2989 dice:
3164 2949 3191 2987 s
3215 2933 3443 3002 gratiam
3471 2945 3596 2985 san-

2010 3028 2082 3082 cti
2111 3027 2347 3099 Spiritus
2393 3042 2513 3095 qua:
2548 3040 2580 3079 a
2617 3025 2727 3078 Deo
2756 3023 3064 3079 hominibus
3109 3021 3289 3075 datur.
3337 3018 3491 3075 Unde
3538 3025 3596 3072 et

2011 3117 2303 3171 cobortans
2343 3129 2444 3169 nos
2476 3123 2536 3169 ut
2575 3129 2682 3169 non
2715 3114 3012 3169 habeamus
3062 3110 3454 3165 infructuosum
3490 3107 3596 3164 hoc

326 3222 420 3275 pro
443 3204 608 3258 nobis.
651 3180 846 3275 (Cass)
869 3202 952 3259 Ad
1001 3201 1143 3258 illam
1174 3180 1420 3273 ignitam,
1447 3180 1502 3257 et
1537 3216 1657 3269 quin
1676 3180 1773 3255 ore
1802 3201 1905 3254 ho-
1932 3180 1979 3247 Ο
2009 3205 2182 3261 sancti
2211 3204 2448 3273 Spiritus
2488 3203 2808 3259 beneﬁcium
2829 3243 2844 3267 ,
2873 3202 3021 3257 addit
3043 3210 3098 3256 et
3123 3201 3255 3256 dicit
3286 3218 3298 3254 :
3333 3198 3476 3265 Quid
3516 3207 3594 3253 cst

328 3297 533 3350 miuum
561 3310 663 3353 nec
711 3295 1093 3366 comprehendi
1136 3308 1237 3349 nec
1273 3293 1505 3365 exprimi
1547 3302 1745 3363 potest,
1783 3306 1906 3345 ora-

330 3386 530 3441 tionem
561 3384 952 3440 ferventissimo
979 3385 1140 3443 corde
1171 3385 1374 3454 quique
1423 3383 1567 3452 digni
1599 3391 1901 3454 raptantur.

329 3475 721 3543 Nonnunquam
768 3488 920 3529 mens
960 3488 1079 3542 qua:
1118 3473 1169 3528 in
1222 3473 1372 3527 illum
1418 3488 1604 3528 verum
1651 3473 1909 3542 puritatis

329 3564 544 3637 proﬁcit
568 3561 840 3627 allectum,
864 3572 1023 3632 atque
1052 3562 1106 3616 in
1132 3577 1198 3617 eo
1215 3560 1326 3630 jam
1371 3563 1599 3630 cmperit
1642 3560 1900 3623 radieari,

327 3656 598 3713 solcthzec
626 3653 804 3708 omnia
850 3652 1007 3707 simul
1034 3652 1343 3722 pariterque
1381 3652 1707 3721 concipiens,
1742 3659 1904 3720 atque

328 3747 381 3800 in
422 3745 640 3799 modum
686 3743 962 3813 cujusdam
991 3741 1544 3812 incomprehensibilis
1582 3757 1647 3796 ac
1673 3734 1907 3810 rapacis-

328 3837 477 3895 siuue
496 3834 723 3897 ﬂamma:
744 3841 935 3888 cuncta
956 3833 1306 3902 pervolitans,
1328 3831 1621 3887 inelfabiles
1641 3832 1707 3885 ad
1734 3833 1903 3886 Deum

331 3941 519 3996 preces
543 3924 813 3994 purissimi
837 3923 1034 3993 vigoris
1054 3921 1350 3987 eﬁ‘undere,
1372 3936 1508 3990 quas
1532 3921 1645 3991 ipse
1666 3920 1902 3991 Spiritus

332 4014 677 4083 interpellans
718 4011 1007 4083 grmitibus
1037 4010 1488 4066 iuenarrabilibus
1534 4010 1905 4081 ignorantibus

333 4110 487 4171 nobis
528 4107 696 4161 mittit
721 4107 785 4160 ad
819 4107 1006 4170 Deum,
1035 4113 1179 4160 tanta
1238 4104 1446 4160 scilicet
1474 4103 1528 4158 in
1576 4103 1720 4158 illius
1757 4104 1903 4158 hora:

334 4207 609 4255 motuento
637 4197 947 4268 concipiens
973 4204 1029 4253 et
1054 4195 1415 4257 ineﬁabiliter
1436 4195 1489 4249 in
1517 4195 1903 4266 supplicatione

333 4288 685 4367 profundens,
715 4296 916 4358 quanta
951 4302 1055 4342 non
1096 4287 1269 4343 dicam
1310 4300 1403 4341 ore
1434 4300 1751 4356 percurrere
1775 4301 1903 4356 pro-

334 4380 584 4443 fundens,
613 4379 706 4432 sed
728 4393 795 4432 ne
845 4378 959 4447 ipsa
986 4376 1200 4445 quidem
1221 4384 1404 4436 mente
1431 4376 1607 4432 valeat
1633 4376 1739 4430 alio
1768 4386 1904 4430 tem-

333 4488 464 4542 pore
493 4470 785 4526 recordari.
832 4469 901 4523 Et
938 4468 1062 4525 inde
1095 4477 1179 4523 est
1216 4468 1360 4538 quod
1394 4469 1445 4523 in
1478 4469 1900 4538 qualibetmen-

336 4578 465 4615 sura
506 4561 629 4631 quis
671 4559 898 4630 positus,
939 4573 1316 4628 nonnunquam
1354 4574 1518 4629 puras
1561 4560 1912 4628 intentusque-

337 4666 523 4722 preces
570 4651 843 4706 invenitur
887 4648 1159 4714 emittere,
1202 4650 1331 4719 quia
1384 4650 1450 4704 de
1500 4649 1591 4704 illo
1625 4651 1799 4720 primo
1847 4657 1903 4705 et

337 4740 525 4796 humili
553 4740 762 4803 ordine,
805 4739 896 4810 qui
927 4747 1013 4794 cst
1049 4754 1210 4808 super
1260 4740 1688 4795 recordationem
1733 4740 1899 4795 futuri

332 4830 543 4901 judicii,
569 4830 616 4884 is
641 4828 731 4899 qui
758 4831 931 4884 adhuc
956 4830 1057 4885 sub
1084 4830 1306 4885 terroris
1336 4839 1419 4885 est
1445 4844 1605 4900 pana
1654 4846 1719 4887 ac
1756 4840 1901 4887 metu

338 4920 584 4976 examine
609 4920 959 4983 constitutus,
1007 4920 1080 4975 ita
1108 4921 1175 4975 ad
1205 4922 1399 4980 horam.
1418 4922 1814 4992 compungitur,
1845 4930 1906 4977 ut

338 5027 445 5066 non
471 5010 678 5067 minore
704 5011 923 5082 spiritus
962 5012 1237 5067 alacritate
1272 5012 1338 5068 de
1361 5012 1753 5069 observationis
1794 5014 1923 5082 pint

339 5101 567 5171 guedine
620 5101 923 5170 repleatur,
972 5117 1131 5169 quam
1189 5101 1277 5161 ille
1326 5102 1418 5172 qui
1472 5118 1569 5172 per
1618 5104 1905 5172 puritatem

338 5188 518 5243 cordis
551 5188 631 5242 sui
662 5189 1053 5251 muniﬁcentias
1096 5190 1189 5245 Dei
1224 5190 1556 5259 perlustrans
1598 5200 1759 5262 atque
1789 5207 1910 5260 pcr-

340 5291 588 5340 currens,
617 5274 866 5331 incﬁ‘abili
891 5278 1086 5347 gaudio
1114 5277 1408 5351 lmtitiaque
1429 5281 1737 5335 resolvitur.
1764 5281 1907 5337 luci-

341 5368 417 5439 pit
437 5367 579 5422 enim
621 5368 913 5425 secundum
946 5370 1271 5433 sententiam
1296 5371 1505 5425 Domini
1532 5372 1653 5441 plus
1686 5372 1906 5443 diligere

340 5457 430 5526 qui
459 5457 675 5512 sibimet
701 5460 957 5531 ampliora
995 5463 1271 5534 cognoscit
1315 5462 1538 5519 indulta.
1569 5462 1764 5536 (0riq.)
1791 5463 1906 5518 Hoc

340 5554 518 5601 autem
559 5546 688 5604 facit
720 5548 954 5619 Spiritus
995 5552 1192 5622 juvans
1238 5552 1604 5613 inﬁrmitatem
1641 5562 1904 5609 nostram.

341 5634 469 5701 Quae
502 5645 681 5694 autem
726 5639 798 5693 sit
829 5640 1113 5698 inﬁrmitas
1141 5652 1321 5699 nostra
1340 5684 1356 5709 ,
1388 5644 1500 5715 ipse
1528 5644 1785 5699 Dominus
1805 5644 1902 5699 do-

340 5735 427 5787 cet
454 5742 574 5784 Cum
621 5731 749 5787 dicit
777 5747 793 5786 :
821 5728 1045 5803 Spiritus
1089 5745 1392 5807 promptus,
1439 5750 1558 5788 caro
1608 5744 1778 5788 autem
1828 5734 1907 5787 in-

2005 3312 2127 3365 ergo
2146 3296 2171 3349 ?
2192 3293 2370 3349 Orabo
2388 3294 2596 3363 spiritu,
2625 3292 2783 3346 orabo
2818 3300 2864 3346 et
2893 3300 3063 3345 mente
3089 3307 3108 3344 :
3136 3289 3398 3361 psalmum
3417 3289 3592 3345 dicam

2005 3386 2212 3456 spiritu,
2239 3382 2499 3455 psalmum
2524 3384 2699 3437 dicam
2745 3390 2791 3435 et
2830 3392 3000 3435 mente
3020 3381 3046 3434 ?

2078 3476 2181 3542 Qui
2207 3466 2378 3530 autem
2402 3484 2668 3529 scrutatur
2710 3473 2894 3539 corda,
2919 3474 3014 3526 scit
3045 3473 3172 3543 quid
3202 3472 3457 3527 desideret
3487 3487 3594 3541 spt-

2006 3569 2173 3634 ritus,
2221 3572 2344 3639 quia
2389 3566 2677 3622 secundum
2725 3565 2893 3619 Deum
2945 3564 3173 3635 postulat
3217 3580 3310 3634 pro
3374 3562 3570 3617 sanctis

2007 3658 2212 3730 (Amb.)
2240 3657 2581 3713 Manifestum
2625 3662 2709 3710 est
2742 3655 2868 3726 quia
2899 3655 3008 3709 Deo
3028 3695 3043 3719 ,
3080 3656 3166 3710 cui
3199 3655 3331 3710 nihil
3367 3654 3592 3710 tacitum

2005 3758 2089 3804 est
2120 3758 2176 3804 et
2213 3748 2451 3803 ocultum
2475 3785 2490 3810 ,
2543 3752 2670 3800 nota
2718 3753 2804 3799 est
2846 3745 3086 3813 precatio
3126 3745 3368 3799 omnium
3425 3744 3591 3814 Spiri-

2005 3845 2186 3903 tuum;
2212 3846 2416 3907 quanto
2453 3836 2625 3906 magis
2669 3835 2842 3889 sancti
2883 3833 3150 3902 Spiritus,
3197 3834 3289 3903 qui
3344 3833 3586 3903 ejusdem

2004 3930 2191 3999 utique
2209 3926 2522 3982 substantia:
2547 3933 2650 3990 est,
2680 3933 2736 3978 ct
2760 3924 3126 3992 loquiturnon
3162 3923 3390 3992 impulsu
3423 3924 3589 3987 aeris,

2006 4034 2180 4090 neque
2221 4027 2281 4073 ut
2304 4017 2474 4088 angeli
2503 4058 2519 4082 ,
2547 4025 2641 4070 aut
2672 4015 2813 4070 sicut
2843 4022 3038 4069 czctera
3066 4028 3133 4067 ex
3175 4012 3461 4077 creaturis,
3489 4013 3585 4068 sed

2005 4114 2145 4169 sicut
2164 4110 2421 4180 competit
2441 4109 2556 4179 ejus
2584 4107 2880 4161 divinitati!
2907 4105 3019 4160 Deo
3031 4120 3159 4176 ergo
3183 4102 3441 4173 loquitur,
3461 4119 3587 4158 cum

2006 4205 2162 4261 nobis
2191 4210 2369 4257 tacere
2389 4201 2631 4265 videtur;
2653 4200 2779 4270 quia
2809 4207 2865 4254 et
2899 4198 3064 4262 videt,
3092 4212 3214 4251 cum
3258 4210 3363 4249 non
3397 4196 3585 4250 vidca-

2010 4306 2116 4362 tur,
2152 4304 2206 4351 et
2250 4296 2368 4350 haec
2415 4293 2551 4363 petit
2587 4306 2709 4361 qua:
2755 4291 2857 4346 scit
2903 4290 3012 4344 Deo
3057 4288 3296 4360 placere,
3335 4294 3391 4341 et
3430 4286 3589 4341 nobis

2005 4389 2283 4460 prodesse.
2323 4385 2474 4441 Tunc
2512 4398 2642 4439 sane
2686 4399 2784 4454 pro
2827 4380 2982 4436 nobis
3010 4379 3303 4448 interponit
3353 4393 3412 4433 se
3440 4377 3581 4432 idem

2009 4462 2263 4550 spiritus,
2285 4491 2409 4531 cum
2435 4474 2538 4530 scit
2578 4488 2677 4528 nos
2704 4487 2804 4542 per
2846 4471 3225 4542 ignorantiam,
3259 4484 3362 4524 non
3387 4482 3485 4537 per
3505 4467 3585 4538 ja-

2001 4565 2258 4621 ctantiam
2285 4563 2557 4619 contraria
2583 4560 2874 4632 postulare.
2892 4556 3089 4629 (0rig.)
3105 4557 3350 4613 Ostendit
3367 4556 3581 4626 quidem

2003 4675 2034 4717 a
2050 4659 2161 4713 Deo
2178 4672 2282 4711 non
2298 4664 2406 4709 tam
2423 4654 2582 4709 verba
2597 4659 2778 4708 nostra
2800 4652 2855 4705 in
2871 4649 3116 4704 oratione
3142 4663 3302 4719 quam
3326 4664 3422 4704 eor
3434 4662 3587 4702 men-

2007 4758 2222 4818 temque
2252 4745 2528 4818 perpendi.
2559 4744 2680 4814 lpse
2703 4743 2847 4798 enim
2889 4750 2974 4797 est
3002 4742 3093 4811 qui
3120 4748 3391 4796 scrutatur
3419 4740 3582 4794 corda

2004 4848 2061 4894 et
2093 4853 2273 4893 renes.
2303 4834 2457 4902 Quod
2494 4843 2670 4889 autem
2716 4834 2955 4889 secundo
2982 4833 3131 4898 dicit,
3174 4833 3300 4902 quia
3355 4830 3583 4901 Spiritus

2003 4924 2319 4997 interpellat,
2346 4925 2450 4979 hoc
2493 4930 2610 4987 est,
2639 4922 2763 4992 quia
2792 4923 2981 4977 edocet
3019 4935 3125 4975 non
3172 4919 3445 4973 minimam
3475 4918 3586 4972 dis-

2007 5014 2378 5084 pensationem
2420 5012 2583 5068 etiam
2621 5026 2718 5081 per
2751 5010 3011 5080 Spiritum
3042 5016 3286 5064 sanetum
3319 5008 3373 5062 in
3408 5009 3584 5062 omni~

2008 5105 2110 5159 bus
2162 5105 2295 5174 geri.
2320 5103 2578 5170 Quamvis
2621 5102 2766 5155 enim
2806 5100 3116 5169 unigenitus
3148 5098 3315 5154 Filius
3343 5098 3435 5153 Dei
3482 5112 3585 5166 pro

2009 5195 2184 5249 salute
2218 5194 2438 5249 humani
2477 5191 2693 5263 generis
2736 5191 3048 5243 incarnatus
3091 5196 3145 5243 et
3190 5186 3501 5261 passussit,
3526 5194 3585 5245 et

1966 5334 1968 5336 ,
2010 5293 2185 5340 morte
2204 5299 2301 5338 sua
2330 5281 2658 5338 destmxerit
2680 5288 2931 5344 mortem,
2954 5286 3008 5334 et
3037 5277 3435 5334 resurrectione
3464 5277 3587 5332 red-

2011 5374 2210 5430 diderit
2245 5373 2445 5436 vitam,
2477 5369 2650 5425 nihilo
2691 5369 2910 5440 segnius
2939 5377 3115 5423 tamen
3161 5368 3366 5435 absque
3403 5367 3587 5426 ineat-

2012 5464 2228 5523 natione
2258 5460 2542 5531 magniﬁca
2566 5466 2828 5528 geruntur
2847 5457 3011 5512 etiam
3038 5471 3137 5525 per
3171 5453 3430 5524 Spiritum
3459 5468 3588 5512 san-

2012 5564 2100 5610 ctu
2109 5572 2179 5610 m.
2196 5555 2426 5609 Tantum
2441 5560 2525 5608 est
2538 5553 2682 5623 quod
2702 5551 2792 5606 ille
2812 5565 2910 5621 pro
2926 5550 3104 5619 impiis
3120 5555 3361 5603 mortuus
3379 5554 3489 5612 est;
3506 5547 3589 5605 sic

2010 5646 2153 5700 cnim
2177 5654 2233 5700 et
2259 5646 2371 5714 ipse
2392 5644 2589 5700 Paulus
2610 5641 2842 5700 ostendit
2876 5655 2998 5699 cum
3026 5639 3157 5695 dicit
3184 5656 3199 5687 :
3240 5638 3425 5691 Adhuc
3445 5636 3589 5694 cuius

2013 5735 2275 5804 Christus,
2298 5754 2414 5794 cum
2443 5736 2638 5806 inﬁmi
2655 5750 2914 5800 essemus,
2943 5731 3226 5789 secundum
3252 5740 3452 5800 tempus
3486 5742 3588 5793 pro
