4026 6180
537 354 555 406 l
567 352 667 405 $67

1162 350 1223 404 Β.
1266 347 1515 403 RABANI
1553 346 1770 403 MAURI
1807 345 2122 402 AllClllEP.
2162 342 2471 401 MOGUNT.
2510 341 2794 400 OPERUM
2832 342 3011 401 PARS
3039 343 3125 399 lll.
3570 353 3664 409 ηδε

532 464 704 534 impiis
744 473 979 517 ntortuus
996 466 999 467 ⁷
1019 472 1126 527 est;
1150 470 1369 516 sanctus
1391 468 1569 516 autem
1597 461 1833 532 Spiritus
1874 475 1980 515 non
2003 475 2102 529 pro
2129 463 2178 522 Α
2205 466 2262 511 ut
2288 470 2462 527 paenae
2490 457 2600 511 sint
2642 455 2807 509 etiam
2835 463 3203 525 peccatorum,
3234 459 3360 510 unde
3389 458 3555 514 dictum
3581 475 3677 521 est;

534 554 712 622 impiis
731 552 844 622 jam
866 553 1187 622 interpellat,
1216 551 1307 607 sed
1337 568 1435 622 pro
1461 544 1692 616 sanctis;
1719 560 1773 605 et
1803 552 2106 621 interpellat

535 662 639 697 tum
667 642 959 699 secundum
985 656 1235 704 carnem,
1265 642 1358 696 sed
1393 643 1685 696 secundum
1721 643 1910 695 Deum.
1952 640 2108 695 Chri-

2212 547 2454 601 Tradidit
2504 546 2622 600 illos
2673 546 2812 600 Deus
2860 548 2915 599 in
2942 546 3207 616 reprobam
3237 558 3446 611 mentem,
3468 555 3680 622 etfaciam

2208 655 2325 709 qua:
2355 654 2456 691 non
2501 638 2831 703 conveniunt,
2863 653 2966 690 non
3004 638 3075 692 ibi
3110 645 3371 707 peccatum
3407 641 3483 696 Dei
3509 654 3591 708 est,
3614 650 3679 701 sed

534 743 649 789 stus
696 741 874 788 autem
904 748 1008 787 non
1038 732 1333 786 secundum
1381 732 1548 785 Deum
1592 740 1839 786 mortuus
1884 732 2104 796 dicitur,
2203 728 2484 797 judicium.
2522 728 2786 796 Quocirca
2828 730 3226 799 praadestinatio
3267 732 3350 787 Dei
3389 749 3488 803 qum
3511 737 3553 790 in
3582 741 3681 796 bona

532 824 627 878 sed
664 823 955 878 secundum
985 837 1237 885 carnem;
1268 830 1324 876 et
1372 821 1491 875 ideo
1535 837 1642 875 non
1691 822 1869 875 verbis
1914 820 2109 877 offerre

534 912 730 966 dicitur
756 911 990 982 Spiritus
1018 910 1479 980 interpellationes
1518 926 1620 980 pro
1649 911 1853 965 sanctis
1872 950 1886 975 ,
1908 911 2002 965 sed
2024 928 2112 980 ge-

534 1000 766 1065 mitibus,
786 1008 841 1054 et
860 1016 965 1055 non
996 1000 1373 1055 communibus
1404 1001 1521 1055 istis
1547 1001 1856 1069 gemitibus,
1890 1002 1984 1073 sed
2028 1001 2108 1053 in-

533 1092 935 1147 enarrabilibus.
964 1091 1243 1158 Quomodo
1274 1093 1418 1146 enim
1456 1093 1700 1145 enarrari
1746 1101 1924 1161 potest
1966 1093 2110 1161 quod

536 1178 768 1248 Spiritus
810 1180 905 1234 Dei
950 1179 1189 1250 loquitur
1240 1179 1386 1233 Deo?
1415 1194 1537 1234 cum
1573 1181 1844 1235 interdum
1889 1197 1956 1236 ne
1997 1183 2111 1251 ipse

533 1271 749 1340 quidem
786 1280 970 1327 noster
1007 1273 1229 1341 spiritus
1259 1273 1403 1341 quod
1433 1275 1598 1329 sentit
1623 1283 1678 1328 et
1715 1275 1967 1347 intelligit
1997 1291 2114 1331 ser-

541 1376 698 1416 mone
720 1361 890 1430 possit
910 1377 1201 1431 exponere.

606 1451 814 1506 Scimus
864 1461 1037 1506 autem
1080 1453 1328 1521 quoniam
1355 1452 1690 1523 diligentibus
1737 1454 1906 1509 Deum
1936 1458 2112 1511 omnia

535 1551 881 1610 cooperantur
915 1539 968 1594 in
1011 1540 1223 1605 bonum,
1254 1541 1335 1596 Itis
1357 1543 1446 1612 qui
1471 1547 1754 1596 secundum
1789 1547 2113 1615 propositum

534 1632 702 1686 vocati
742 1642 863 1686 sunt
883 1635 1070 1686 sancti.
1116 1631 1310 1704 (0rig.)
1339 1634 1397 1689 Si
1429 1633 1687 1704 Spiritus.
1726 1637 1917 1706 inquit,
1951 1637 2117 1693 inter-

538 1726 698 1796 pellat
721 1743 822 1797 pro
862 1727 1018 1783 nobis
1060 1730 1347 1799 gemitibus
1383 1729 1856 1795 inenarrabilibus,
1897 1740 1952 1785 et
1994 1733 2117 1787 uni-

2210 828 2315 884 est,
2360 820 2549 891 gratiae
2602 827 2686 873 est
2730 820 3079 889 pineparatio;
3112 822 3277 892 gratia
3322 838 3436 878 vero
3472 829 3681 897 estipsius

2213 909 2701 978 praedestinationis
2750 907 2993 963 cllectus.
3028 909 3225 982 (Δηώ.)
3263 910 3389 967 Istos
3433 929 3545 983 quos
3584 934 3682 986 pra-

2212 1000 2371 1054 scivit
2396 999 2603 1054 futuros
2630 999 2853 1054 devotos
2877 999 3002 1064 sibi,
3048 1000 3191 1070 ipsos
3240 1001 3385 1072 elegit
3412 1004 3466 1057 ad
3489 1008 3683 1073 promissa

2211 1092 2432 1160 prannia
2471 1091 2833 1161 capessenda;
2880 1097 2937 1144 ut
2967 1091 3021 1144 bi
3051 1090 3141 1160 qui
3176 1092 3380 1147 credere
3413 1094 3687 1162 videntur,et

2215 1198 2317 1236 nou
2350 1191 2664 1251 permanent
2690 1181 2744 1234 in
2775 1180 2879 1235 ﬁde
2911 1190 3110 1250 carpta,
3135 1196 3164 1233 a
3189 1180 3295 1235 Deo
3316 1182 3454 1236 electi
3476 1194 3685 1254 negentur,

2213 1273 2337 1342 quia
2392 1285 2528 1341 quos
2582 1271 2722 1324 Deus
2765 1269 2960 1341 elegit,
3008 1268 3151 1339 apud
3198 1286 3256 1324 se
3300 1282 3583 1340 permanent.
3624 1274 3688 1328 Est

2213 1362 2357 1417 enim
2398 1361 2489 1431 qui
2536 1363 2602 1414 ad
2649 1369 2859 1430 tempus
2906 1360 3146 1431 eligitur,
3178 1361 3314 1415 sicut
3338 1361 3449 1416 Saul
3490 1362 3685 1429 ctlndas,

2212 1467 2319 1505 non
2342 1451 2408 1505 de
2435 1450 2772 1520 praescientia
2834 1452 2929 1504 sed
2959 1450 3028 1505 de
3058 1451 3301 1519 prassenti
3316 1450 3516 1519 iustitia.
3540 1451 3686 1523 (θήρ.)

2214 1541 2348 1595 Illud
2371 1548 2552 1594 autem
2567 1539 2710 1608 quod
2730 1539 2827 1603 ait,
2843 1538 3136 1608 conformes
3147 1539 3259 1608 ﬁeri
3275 1540 3487 1609 imaginis
3502 1539 3601 1593 Filii
3615 1542 3688 1606 sui,

2214 1632 2335 1688 volo
2361 1632 2639 1701 requirere
2664 1630 2819 1699 cujus
2840 1631 3029 1687 formre
3051 1633 3347 1688 conformes
3374 1633 3472 1687 fieri
3490 1634 3687 1689 dicantur.

2214 1721 2467 1792 Legimus
2500 1721 2644 1777 enim
2688 1720 2883 1775 Filium
2934 1721 3030 1776 Dei
3062 1722 3338 1792 aliquando
3364 1723 3412 1777 iu
3444 1723 3581 1778 forma
3609 1724 3688 1787 Dei,

538 1834 694 1873 versa
741 1828 993 1874 creatura
1044 1821 1421 1891 congemisoit,
1449 1830 1504 1877 et
1547 1821 1693 1876 dolet
1737 1838 1905 1892 usque
1950 1838 2113 1889 nunc,

2100 1850 2113 1889 ί
2146 1829 2192 1889 Β
2218 1812 2505 1882 aliquando
2536 1812 2589 1866 in
2615 1810 2787 1866 forma
2816 1814 2959 1868 servi
2984 1829 3107 1869 esse
3124 1815 3365 1883 positum.
3391 1815 3474 1870 Cui
3497 1832 3599 1885 ergo
3618 1817 3690 1869 lor-

535 1924 657 1978 quze
705 1909 1020 1964 liberabitur
1047 1919 1175 1966 tunc
1202 1912 1417 1968 demum
1450 1928 1480 1967 a
1518 1915 1780 1971 servitute
1815 1917 2119 1986 corruptio—

537 1998 651 2062 nis,
702 2013 826 2053 cum
875 2000 1095 2055 libertas
1147 2000 1332 2070 glorise
1382 2001 1617 2057 ﬁliorum
1668 2003 1769 2058 Dei
1817 2004 2116 2071 advenerit,

536 2090 804 2158 quomodo
839 2106 943 2144 non
990 2100 1358 2160 competenter
1396 2094 1835 2163 pronuntiabitur
1863 2096 1986 2166 quia
2015 2096 2121 2151 sei-

539 2195 659 2234 mus
679 2180 821 2247 quod
839 2179 1185 2250 diligentibus
1200 2182 1367 2236 Deum
1387 2183 1569 2237 omnia
1582 2194 1943 2253 cooperantur
1961 2186 2015 2239 in
2031 2184 2122 2241 bo-

538 2272 706 2326 num?
733 2272 789 2326 In
828 2280 1035 2328 tantum
1068 2273 1212 2329 enim
1245 2275 1427 2330 omnia
1452 2286 1812 2346 cooperantur
1834 2278 1890 2332 in
1919 2279 2118 2334 bonum

537 2372 593 2417 et
620 2362 953 2419 eollaborant
971 2366 1059 2420 his
1078 2365 1171 2435 qui
1197 2365 1426 2438 diligunt
1446 2367 1633 2431 Deum,
1666 2376 1727 2423 ut
1751 2377 1808 2424 et
1824 2370 1938 2439 ipse
1960 2369 2125 2439 Spiri-

542 2464 630 2509 tus
656 2452 904 2522 adjuvet,
935 2471 1038 2511 nec
1079 2455 1399 2527 dedignetur
1435 2458 1614 2513 divina
1649 2469 1843 2515 natura
1869 2460 1976 2515 dux
2002 2475 2122 2516 esse

542 2544 750 2600 itineris
778 2546 845 2600 ad
864 2547 1086 2607 bonum.
1114 2544 1300 2618 (Λεία.)
1324 2545 1454 2603 Sine
1481 2548 1709 2604 Domino
1734 2550 1816 2605 vel
1843 2560 2119 2622 operante,

540 2644 600 2687 nt
618 2634 863 2697 velimus,
882 2635 965 2690 vel
985 2646 1327 2705 cooperante,
1343 2652 1465 2692 cum
1480 2638 1745 2705 volumus,
1768 2640 1835 2695 ad
1857 2642 1994 2696 bona
2012 2642 2127 2711 pie—

543 2728 666 2784 tatis
686 2744 845 2799 opera
885 2729 1020 2784 nihil
1068 2729 1328 2786 valemus.
1359 2731 1436 2787 De
1464 2742 1727 2803 operante
1774 2734 1864 2790 illo
1898 2745 1958 2790 ut
1992 2736 2126 2791 veli-

542 2834 664 2874 mus
691 2819 890 2873 dictum
924 2827 1009 2874 est
1039 2837 1053 2872 :
1088 2819 1225 2875 Deus
1253 2822 1391 2875 enim
1415 2823 1505 2893 qui
1543 2834 1791 2893 operatur
1815 2826 1871 2880 in
1895 2827 2037 2880 vobis
2075 2834 2125 2881 et

542 2909 668 2964 uelle
696 2908 864 2977 (Phil.
897 2908 980 2981 ιι).
1011 2911 1087 2963 De
1115 2921 1438 2981 cooperante
1471 2912 1560 2968 illo
1582 2929 1704 2969 cum
1721 2915 1833 2985 jam
1855 2915 2123 2983 volumus,

543 3007 599 3052 et
643 3000 874 3055 valendo
935 3000 1145 3071 agimus
1195 3018 1210 3055 :
1268 3001 1479 3057 Scimus
1529 3004 1699 3066 enim,
1745 3005 1950 3078 inquit,
2001 3025 2127 3079 quo-

544 3091 684 3144 niam
713 3090 1048 3161 diligentibus
1072 3091 1242 3146 Deum
1271 3095 1447 3148 omnia
1478 3104 1824 3165 cooperantur
1853 3099 1907 3151 in
1936 3098 2127 3152 bonum

2219 1919 2321 1959 mae
2346 1905 2536 1959 harum
2586 1905 2814 1960 duarum
2846 1905 3157 1962 conformes
3199 1908 3336 1962 dicat
3372 1911 3605 1978 Apostolus
3636 1912 3691 1964 ln-

2222 2003 2372 2050 turos
2400 2011 2495 2051 eos
2542 1998 2635 2067 qul
2665 1996 2893 2068 diligunt
2916 1997 3111 2064 Deum,
3140 2008 3196 2053 et
3237 2001 3416 2069 quibus
3457 2002 3601 2055 omnia
3630 2017 3692 2056 co-

2218 2094 2515 2155 operantur
2563 2086 2617 2140 in
2671 2087 2895 2151 bonum,
2926 2102 3037 2141 non
3083 2089 3239 2143 otiosi
3269 2090 3388 2144 mihi
3422 2091 3592 2145 videtur
3610 2107 3693 2146 esse

2203 2174 2568 2233 .discriminis.
2596 2173 2847 2231 Arbitror
2885 2191 3019 2247 ergo
3047 2178 3333 2233 secundum
3358 2194 3414 2234 ea
3434 2195 3535 2249 qua:
3550 2180 3591 2233 in
3612 2179 3694 2235 aliis

2221 2264 2363 2319 idem
2394 2265 2591 2320 Paulus
2621 2266 2884 2336 designat,
2912 2268 3006 2322 ubi
3056 2269 3188 2323 dicit
3221 2286 3236 2324 :
3268 2267 3432 2325 Filioli
3463 2273 3570 2336 mei,
3605 2288 3693 2342 quos

2222 2355 2409 2407 iterum
2452 2356 2712 2424 parturio,
2745 2356 2908 2410 donec
2958 2356 3219 2426 {emetur
3258 2359 3472 2415 Christus
3515 2362 3558 2414 in
3598 2362 3695 2414 nobis

2223 2441 2367 2513 (Gal.
2400 2444 2505 2515 tv),
2540 2444 2763 2501 formari
2791 2463 2844 2500 tn
2898 2447 2982 2501 bis
3021 2464 3113 2519 qui
3139 2449 3206 2504 ad
3249 2449 3577 2521 perfectionem
3616 2460 3694 2505 ten-

2222 2533 2358 2589 dunt
2390 2534 2668 2597 Christum
2703 2536 2882 2602 dicat,
2917 2539 3215 2599 secundum
3257 2540 3353 2597 hoc
3382 2542 3503 2611 quod
3528 2539 3696 2593 Vedznm

2222 2632 2325 2690 est,
2361 2634 2422 2680 ut
2465 2626 2545 2681 eis
2573 2624 2735 2682 Verbi
2768 2628 2859 2682 Dei
2904 2629 3193 2685 sinceritas
3219 2631 3285 2686 ad
3318 2647 3485 2702 purum
3512 2629 3698 2685 inferni-c-

2226 2722 2334 2781 tur,
2370 2724 2424 2769 et
2445 2716 2739 2771 secundum
2767 2718 2868 2772 hoc
2894 2721 3043 2788 quod
3072 2721 3273 2776 veritas
3297 2729 3387 2783 est,
3414 2729 3466 2774 ut
3485 2720 3637 2774 veritas
3659 2719 3696 2770 in

2223 2802 2304 2859 eis
2358 2805 2562 2874 absque
2621 2806 2780 2861 ullius
2820 2806 2928 2862 fuci
2973 2810 3296 2866 admistione
3341 2809 3613 2865 consistatct
3641 2823 3699 2861 se-

2224 2898 2459 2950 cundum
2510 2898 2610 2952 hoc
2642 2900 2786 2968 quod
2834 2902 3105 2969 sapientia
3141 2911 3244 2968 est,
3286 2911 3339 2957 ut
3381 2901 3595 2970 sapienti:
3634 2899 3697 2952 Dei

2227 2986 2280 3040 in
2322 2987 2403 3040 eis
2429 2987 2518 3048 sit,
2553 2987 2641 3042 illa
2662 3004 2823 3058 quam
2860 2991 3004 3047 inter
3046 2992 3311 3063 perfectos
3342 2994 3546 3063 loquitur
3563 2990 3700 3043 Paulus

2223 3090 2358 3146 pura
2386 3086 2444 3133 et
2486 3079 2690 3147 absque
2728 3079 2837 3134 ullo
2863 3082 3073 3137 erroris
3097 3082 3403 3137 diverticulo
3439 3089 3700 3136 conservetur

545 3180 723 3250 (Rom.
754 3185 892 3252 vui).
923 3181 1062 3248 Quid
1106 3193 1190 3238 est
1226 3186 1430 3250 omnia,
1457 3187 1560 3241 nisi
1576 3164 1639 3242 et
1665 3188 1809 3257 ipsas
1858 3189 2128 3245 terribiles

2110 3204 2128 3245 ς
2153 3167 2201 3230 C
2231 3164 2322 3223 Sic
2356 3175 2412 3223 et
2460 3172 2755 3223 secundum
2785 3172 2970 3227 omnia
3027 3188 3153 3243 quas
3181 3174 3414 3229 Christus
3437 3182 3532 3233 est.
3550 3171 3612 3225 vel
3638 3170 3700 3239 ju-

545 3286 821 3341 szcvasque
867 3274 1181 3341 passiones?
1225 3274 1448 3331 Sarcina
1496 3278 1692 3348 quippe
1735 3294 1855 3346 qua;
1904 3279 2129 3335 infirmi-

546 3362 640 3415 tali
670 3361 851 3431 gravis
878 3371 982 3427 est,
1008 3362 1141 3418 levis
1168 3364 1403 3420 efficitur
1426 3366 1700 3421 charitati.
1739 3366 1958 3422 Talibus
1983 3368 2128 3423 enim

551 3452 805 3507 Donninus
852 3452 987 3507 dixit
1037 3469 1159 3508 esse
1202 3470 1352 3509 suam
1398 3457 1667 3510 sarcinam
1721 3456 1911 3519 levem,
1954 3457 2129 3527 qualis

550 3542 712 3599 Petro
764 3544 897 3609 fuit,
927 3560 1051 3599 cum
1077 3562 1270 3615 passus
1299 3555 1385 3599 est
1420 3562 1520 3617 pro
1547 3547 1795 3613 Christo,
1820 3564 1925 3602 non
1954 3548 2130 3618 qualis

550 3637 672 3701 fuit,
702 3640 919 3707 quando
960 3640 1170 3710 negavit
1216 3639 1508 3695 Christum.
1556 3640 1941 3696 [hereticorum
1990 3657 2126 3711 quo-

547 3744 655 3800 que
681 3730 1048 3799 inquietudine
1073 3739 1133 3785 ut
1157 3729 1463 3799 Scripturas
1484 3730 1793 3801 vigilantius
1819 3741 2124 3800 perscruta-

550 3834 692 3883 mur,
727 3819 866 3873 unde
910 3834 979 3874 ne
1008 3819 1147 3873 oculi
1193 3819 1391 3874 Christi
1444 3831 1695 3886 noceant,
1730 3822 1809 3876 eis
1848 3822 2016 3891 possit
2041 3837 2132 3876 oc-

550 3911 718 3975 curri,
743 3918 997 3980 tanquam
1045 3910 1112 3966 de
1154 3926 1344 3966 somno
1371 3912 1596 3981 ignavia:
1621 3921 1818 3967 nostra:
1862 3915 2131 3969 excitatur

551 4001 854 4067 industria;
903 4002 976 4056 ita
1023 4017 1121 4071 per
1169 4002 1517 4071 multiplicem
1563 4004 1789 4072 gratiam
1834 4001 2131 4061 Salvatoris

552 4092 717 4147 etiam
740 4107 890 4160 .quou
916 4091 1169 4146 inimicus
1196 4092 1249 4146 in
1281 4091 1573 4161 perniciem
1599 4092 1962 4157 machinatur,
1990 4094 2133 4148 Deus

440 4172 451 4179 ’
553 4183 820 4239 convertit
841 4182 892 4237 in
917 4181 1268 4250 adiutorium.
1314 4181 1576 4246 Quoniam
1605 4181 1937 4252 diligentibus
1962 4182 2131 4237 Deum

553 4274 730 4331 omnia
776 4283 1123 4343 cooperantur
1168 4272 1222 4326 in
1252 4272 1462 4326 bonum.
1513 4271 1719 4343 (Amb.)
1750 4272 1850 4340 Qui
1896 4273 1998 4328 etsi
2033 4274 2135 4328 im-

554 4364 725 4432 perite
751 4362 950 4425 fuerint
982 4362 1218 4433 precati,
1247 4378 1352 4417 non
1382 4362 1488 4417 illis
1516 4362 1714 4428 oberit,
1735 4363 1861 4434 quia
1891 4364 2135 4436 proposi-

556 4463 668 4511 tum
723 4456 902 4512 cordis
956 4454 1165 4511 illorum
1215 4456 1395 4510 sciens
1439 4456 1603 4520 Deus,
1638 4464 1694 4511 et
1728 4457 1996 4527 ignaviam
2024 4473 2131 4514 non

556 4547 660 4601 illis
711 4546 943 4615 imputat
981 4546 1072 4615 qui
1119 4546 1344 4601 adversa
1388 4546 1690 4616 postulant,
1717 4548 1810 4601 sed
1839 4561 1903 4601 ea
1947 4549 2141 4603 annuit

556 4651 676 4707 quae
702 4635 875 4691 danda
910 4644 1037 4690 sunt
1066 4636 1234 4690 Deum
1259 4637 1583 4692 amantibus.
1609 4636 1761 4692 Unde
1784 4644 1841 4692 et
1882 4638 2140 4692 Dominus

559 4732 671 4783 att:
704 4722 848 4789 Scit,
895 4723 1099 4792 inquit,
1150 4722 1314 4782 Pater
1360 4734 1522 4779 vester
1564 4726 1691 4795 quid
1737 4727 1877 4781 vobis
1906 4743 2034 4797 opus
2071 4729 2140 4781 sit

558 4825 834 4885 antequam
861 4814 1045 4884 petatis
1070 4814 1134 4867 ab
1157 4830 1217 4867 eo
1243 4812 1457 4883 (Matth.
1488 4814 1583 4884 vi).
1608 4815 1672 4869 lli
1694 4831 1823 4885 ergo
1845 4820 2140 4873 secundum

560 4905 889 4975 propositum
914 4910 1188 4969 vocantur,
1211 4918 1348 4973 quos
1367 4903 1649 4960 credentes
1666 4908 1881 4975 prtescit
1900 4908 2041 4962 Deus
2059 4909 2144 4963 fu-

561 5007 714 5052 turos
740 4997 839 5053 sibi
873 4997 1113 5061 idoneos,
1145 5005 1205 5050 ut
1227 5003 1513 5065 antequam
1548 4996 1832 5052 crederent
1854 4999 2138 5054 scirentur.

636 5086 775 5141 Nam
801 5102 929 5158 quos
949 5086 1206 5155 pra’scivit
1226 5095 1274 5140 et
1294 5084 1679 5156 pra'destinacit
1701 5087 1993 5157 conformes
2027 5089 2145 5157 fieri

561 5178 804 5247 imaginis
853 5174 983 5231 Filii
1015 5177 1118 5231 sui.
1171 5174 1353 5248 (Aug)
1406 5176 1810 5232 Prtedcstinatio
1862 5187 1974 5244 est,
2021 5194 2144 5249 qua:

563 5266 680 5322 sine
706 5266 1043 5336 pnescicntia
1083 5282 1188 5322 non
1219 5273 1398 5334 potest
1426 5281 1577 5330 esse;
1606 5274 1785 5335 potest
1811 5276 1990 5321 autem
2021 5282 2142 5323 esse

565 5357 681 5411 sine
734 5355 1202 5426 prtedestinatione
1250 5356 1607 5426 praescientia.
1662 5356 2143 5413 Praadestinatione

563 5449 760 5518 quippe
788 5447 931 5502 Deus
959 5464 1021 5503 ea
1064 5448 1332 5518 prmscivit
1359 5463 1480 5517 qua:
1515 5447 1693 5504 fuerat
1727 5450 1842 5519 ipse
1878 5448 2139 5505 facturus.

569 5534 722 5594 Unde
738 5538 939 5594 dictum
969 5549 1074 5604 est,
1096 5539 1244 5595 Fecit
1266 5556 1383 5612 qua:
1404 5540 1586 5610 futura
1609 5553 1750 5595 sunt.
1773 5542 2029 5599 Przescire
2050 5560 2142 5598 au-

571 5632 678 5679 tem
693 5633 864 5694 potest
876 5629 1040 5684 etiam
1061 5645 1180 5699 qua:
1199 5630 1311 5700 ipse
1327 5646 1432 5684 non
1453 5630 1584 5686 facit
1606 5649 1618 5683 :
1642 5631 1783 5686 sicut
1806 5649 2141 5704 qumcunque

571 5725 788 5788 peccata
813 5733 825 5769 :
848 5718 976 5788 quia
994 5721 1093 5775 etsi
1117 5729 1242 5776 sunt
1260 5721 1524 5791 quaedam,
1541 5736 1658 5791 qua:
1682 5722 1753 5777 ita
1779 5733 1994 5794 peccata
2018 5734 2143 5780 sunt

2230 3257 2379 3312 stitia
2407 3257 2492 3313 vel
2522 3259 2878 3315 sanctificatio
2902 3261 2982 3317 vel
3014 3272 3229 3319 cetera:
3271 3279 3485 3333 qumqute
3521 3262 3701 3320 virtutes.

2230 3347 2276 3406 si
2303 3347 2358 3402 in
2382 3348 2464 3403 eis
2492 3348 2795 3404 formentur
2820 3352 2889 3406 ad
2932 3352 3219 3423 liquidum,
3247 3356 3332 3409 isti
3366 3355 3628 3409 videbuntur
3657 3349 3702 3403 ad

2232 3438 2375 3492 illam
2417 3438 2811 3510 formam,qua
2868 3444 2919 3497 in
2974 3444 3149 3499 forma
3199 3447 3288 3501 Dei
3341 3456 3445 3511 est,
3480 3442 3704 3499 conformes

2232 3525 2482 3598 imaginis
2507 3544 2629 3583 esse
2652 3529 2828 3585 effecti
2867 3530 3049 3602 (Rom.
3076 3534 3214 3604 vui).
3245 3535 3297 3588 Si
3326 3549 3442 3588 vero
3465 3533 3602 3586 adhuc
3621 3530 3705 3597 quis

2232 3616 2285 3671 in
2322 3617 2489 3673 initiis
2525 3628 2891 3685 conversetur,
2913 3623 3124 3677 initium
3151 3633 3323 3680 autem
3350 3624 3577 3694 sapientia
3597 3622 3706 3672 timor

2231 3708 2328 3761 Dei
2377 3719 2450 3762 est
2482 3708 2707 3780 (Eccles.
2741 3729 2780 3775 ι,
2824 3710 2971 3766 Psal.
3004 3716 3132 3786 cx),
3185 3725 3242 3770 ut
3290 3716 3339 3770 in
3383 3716 3543 3769 timore
3580 3709 3705 3763 adhuc

2231 3801 2439 3870 positus
2465 3802 2640 3871 prima
2671 3804 2847 3860 cultus
2875 3807 2969 3861 Dei
3019 3809 3283 3863 elementa
3325 3807 3543 3877 suscipiat
3575 3816 3706 3857 secun-

2233 3890 2360 3944 dum
2388 3888 2618 3946 formam
2646 3894 2810 3961 servi,
2839 3910 3002 3964 quam
3039 3900 3280 3969 suscepit
3312 3898 3373 3952 ad
3401 3898 3487 3949 hoc
3510 3905 3556 3949 ut
3595 3890 3708 3944 rudes

2233 3988 2289 4034 et
2354 3981 2570 4052 ignaros
2615 3984 2862 4040 timorem
2914 3986 3010 4042 Dei
3070 3990 3299 4053 decertet,
3333 3985 3589 4045 conformes
3627 3975 3706 4033 ﬁeri

2235 4071 2566 4143 intelligendi
2598 4084 2723 4129 sunt
2768 4077 2823 4131 hi
2873 4078 2961 4146 qui
3000 4080 3179 4149 prima
3204 4081 3348 4135 initia
3379 4081 3426 4134 in
3453 4076 3529 4131 Dei
3570 4073 3710 4125 timore

2234 4167 2558 4237 suscipiunt.
2592 4167 2775 4239 (Aug.)
2806 4171 2990 4227 Potest
3033 4184 3093 4228 et
3142 4176 3220 4229 sic
3236 4172 3400 4244 accipi
3444 4177 3493 4224 ut
3526 4159 3712 4236 quemad'

2235 4258 2452 4312 modum
2489 4260 2646 4315 nobis
2673 4261 2760 4315 ille
2805 4264 3158 4331 mortalitate,
3191 4266 3261 4320 ita
3286 4280 3375 4319 nos
3399 4262 3465 4316 illi
3492 4256 3711 4313 elliciamur

2237 4349 2642 4407 immortalitate
2675 4352 2983 4410 conformes
3014 4375 3028 4410 :
3058 4359 3200 4428 quod
3229 4357 3428 4427 quidem
3451 4361 3495 4407 et
3516 4350 3571 4405 ad
3590 4348 3708 4415 ipsa”

2238 4445 2691 4501 resurrectionem
2740 4463 3027 4518 corporum
3076 4451 3322 4520 pertinet.
3370 4443 3539 4517 (θήρ.)
3576 4440 3632 4493 De
3666 4449 3710 4486 eo

2240 4545 2420 4591 autem
2455 4539 2598 4608 quod
2650 4539 2786 4593 dixit
2829 4543 3123 4610 pra-scivit,
3152 4550 3200 4596 et
3240 4534 3710 4611 prtedestinaritmulo

2240 4630 2382 4698 quod
2429 4630 2569 4684 sicut
2607 4646 2711 4685 non
2757 4631 2823 4685 de
2855 4634 3108 4687 omnibus
3131 4634 3279 4697 dixit,
3312 4632 3393 4702 qui
3432 4616 3708 4703 prmdestiuali

2241 4730 2398 4784 sunt;
2452 4724 2523 4776 ita
2553 4738 2651 4777 nec
2683 4724 2747 4776 de
2788 4726 3040 4780 omnibus
3088 4726 3239 4791 dixit,
3263 4739 3389 4794 quos
3428 4716 3643 4791 pncseivil
3668 4727 3709 4764 π

2241 4813 2661 4884 pnulestlnavit.
2682 4814 2797 4869 Non
2824 4816 2967 4870 enim
2996 4816 3281 4873 secundum
3303 4823 3595 4871 communem
3614 4801 3709 4871 vulgi

2241 4906 2547 4972 opinionem
2601 4907 2898 4976 putandum
2942 4915 3027 4963 est
3079 4910 3215 4965 bona
3264 4906 3487 4975 malaque
3527 4894 3712 4972 pncscim

2243 4991 2447 5058 Deum;
2480 4992 2571 5048 sed
2618 4996 2913 5050 secundum
2945 4996 3232 5068 Scriptura:
3276 5003 3458 5050 sancta:
3497 4991 3711 5045 consuetu-

2243 5083 2424 5138 dinem
2455 5086 2791 5141 sentiendum
2821 5096 2923 5141 est.
2955 5087 3213 5143 Observet
3242 5087 3374 5141 enim
3401 5082 3479 5153 qui
3512 5074 3713 5134 studiosus

2243 5184 2328 5229 est
2367 5176 2419 5230 in
2455 5176 2783 5246 Scripturis,
2809 5178 2981 5234 sicubi
3005 5179 3204 5234 invenit
3238 5176 3540 5245 Scripturam
3566 5167 3711 5220 dicere,

2245 5267 2368 5335 quia
2400 5267 2569 5323 ntalos
2610 5268 2907 5339 praescierit
2948 5270 3108 5336 Deus,
3153 5269 3287 5323 sicut
3321 5266 3371 5321 in
3399 5256 3609 5335 pnesenli
3631 5251 3712 5303 low

2246 5359 2312 5414 de
2340 5358 2495 5413 bonis
2517 5358 2802 5413 manifeste
2827 5359 2976 5423 dicit,
3002 5360 3125 5430 quia
3153 5374 3277 5429 quos
3296 5350 3522 5426 prwscirit
3549 5355 3585 5435 et
3617 5352 3712 5435 pre?-

2244 5447 2521 5501 destinavit
2558 5448 2848 5515 conformes
2880 5449 2995 5517 ﬁeri
3021 5448 3258 5518 imaginis
3288 5442 3406 5499 Filii
3433 5440 3520 5493 sui.
3544 5434 3587 5487 Si
3610 5434 3713 5484 eluit“

2245 5554 2382 5607 ιιιιοε
2410 5539 2683 5609 prtescivit
2700 5579 2714 5604 ,
2739 5539 2838 5595 hos
2859 5547 2915 5594 et
2940 5536 3327 5608 praedestinavit
3353 5529 3610 5589 conformes
3628 5528 3711 5573 esse

2248 5631 2497 5703 imaginis
2524 5631 2645 5686 Filii
2673 5633 2777 5697 sui,
2806 5631 2985 5687 nullus
3009 5638 3184 5687 autem
3210 5628 3371 5689 malus
3392 5612 3712 5713 conformis

2250 5733 2352 5780 tcst
2376 5740 2493 5780 esse
2518 5723 2767 5795 imaginis
2794 5723 2915 5779 Filii
2937 5723 3064 5793 Dei,
3094 5719 3414 5778 manifestum
3445 5718 3514 5766 est
3542 5700 3638 5774 quia
3665 5692 3713 5747 de
