4026 6180
451 341 585 397 1469

974 340 1518 400 ENABRA'HONUM
1553 343 1621 398 1N
1659 345 1806 400 El’P.
1847 346 2050 404 PAULI
2086 347 2212 404 LIB.
2255 346 2321 404 ν.
2357 380 2426 389 -
2460 348 2527 403 1N
2566 348 2783 404 EPIST.
2821 348 2913 404 AD
2949 350 3118 407 ROM.

3542 351 3682 408 M70

441 455 597 510 bonis
626 461 828 508 tantum
862 454 1024 520 dicit,
1062 456 1304 511 Prmseiit
1336 473 1471 527 quos
1513 467 1569 513 et
1606 461 2004 528 przedestinavit
2031 464 2081 522 Α
2106 459 2451 515 manifestum
2480 469 2563 516 est
2601 478 2705 517 non
2738 461 3064 532 justilicatos
3093 463 3195 517 nisi
3226 473 3475 531 vocatos,
3503 483 3680 536 quan-

440 542 744 599 conformes
775 544 890 598 ﬁeri
918 545 1164 615 imaginis
1191 546 1309 601 Filii
1340 548 1420 601 sui
1449 565 1462 600 :
1489 557 1713 603 cancros
1740 564 1867 603 vero
1901 565 2003 604 non

441 633 637 688 modo:
663 634 945 703 praescire,
984 635 1078 688 sed
1108 636 1317 690 nescire
1352 637 1567 705 quidem
1610 636 1807 691 dicitur
1843 636 2001 691 Deus.

442 723 597 777 Novit
623 724 767 777 etaim
801 723 1050 777 Dominus
1077 740 1163 777 eos
1183 726 1272 795 qui
1291 735 1412 779 sunt
1431 726 1562 794 ejus.
1592 724 1672 779 Ad
1695 741 1790 781 eos
1826 735 2004 780 autem

435 813 527 881 qui
554 827 659 867 non
692 821 816 867 sunt
844 812 990 883 digni
1012 821 1070 866 ut
1095 814 1337 867 sciantur
1359 829 1388 866 a
1408 813 1536 875 Deo,
1560 813 1810 869 Salvator
1829 815 1960 869 dicit
1986 831 2001 867 :

434 907 695 960 Discedite
714 923 745 959 a
769 923 867 970 me,
881 905 1127 975 quoniam
1148 921 1411 976 nunquam
1426 906 1636 975 cognovi
1648 923 1755 972 vos,
1780 906 2007 975 operarii

430 996 725 1067 iniquitatis
740 994 889 1069 (Luc.
908 994 1048 1065 xm).
1072 994 1163 1049 Sic
1179 1009 1309 1066 ergo
1330 996 1495 1049 etiam
1518 996 1571 1049 in
1591 996 1842 1064 prmsenti
1867 996 2005 1061 loco,

434 1105 568 1157 quos
596 1090 830 1158 praesciit
855 1089 1013 1153 Deus,
1038 1088 1183 1158 ipsos
1203 1096 1258 1143 et
1281 1088 1682 1157 praedestinavit
1704 1088 2008 1143 conformes

435 1180 549 1232 fieri
572 1179 823 1248 imaginis
850 1178 969 1232 Filii
995 1178 1108 1243 sui;
1138 1185 1361 1232 caeteros
1388 1187 1569 1233 autem
1604 1179 1859 1246 praescire
1898 1196 2007 1235 non

432 1273 632 1325 dicitur
660 1289 672 1323 :
703 1285 812 1324 non
846 1269 988 1338 quod
1024 1269 1225 1339 aliquid
1266 1269 1434 1323 latere
1467 1269 1637 1339 possit
1670 1268 1816 1322 illam
1851 1277 2007 1322 natu-

435 1379 546 1417 ram
586 1378 705 1432 qua:
732 1363 930 1430 ubique
974 1368 1092 1425 est,
1133 1369 1189 1414 et
1229 1375 1490 1429 nusquam
1542 1361 1722 1425 deest;
1759 1359 1852 1414 sed
1883 1359 2009 1428 quia

430 1470 590 1510 cunne
616 1455 757 1524 quod
783 1453 982 1507 malum
1018 1460 1121 1518 est,
1155 1451 1381 1506 scicntia
1417 1448 1532 1519 ejus
1559 1450 1639 1505 vel
1669 1449 2007 1520 praescientia

432 1545 663 1599 habetur
687 1543 983 1613 indignum.

507 1631 575 1686 Ut
603 1633 670 1687 sit
697 1633 806 1701 ipse
830 1629 1200 1702 primogenitus
1232 1629 1288 1683 in
1316 1628 1494 1683 multis
1519 1627 1789 1697 fratribus.
1820 1624 2008 1699 (Aug.)

432 1722 583 1790 Quod
607 1730 785 1777 autem
813 1720 966 1786 dicit,
1000 1718 1068 1773 Ut
1093 1720 1158 1774 sit
1191 1719 1300 1788 ipse
1323 1718 1696 1789 primogenitus
1734 1718 1790 1771 in
1830 1717 2007 1771 multis

2106 565 2266 619 quam
2294 566 2397 603 non
2425 565 2613 605 omnes
2639 560 2879 617 vocatos,
2908 553 3002 606 sed
3028 568 3121 607 eos
3142 554 3232 623 qui
3250 556 3531 609 secundum
3561 574 3685 626 pro-

2104 639 2329 709 positum
2356 640 2522 693 vocati
2545 650 2685 705 sunt,
2718 641 2857 696 sicut
2878 643 3125 710 superius
3154 643 3307 697 dixit.
3339 644 3681 715 Propositum

2106 738 2284 784 autem
2313 730 2405 783 Dei
2431 731 2799 800 accipiendum
2823 740 2926 797 est,
2949 748 3054 786 non
3076 734 3333 802 ipsorum.
3355 734 3474 804 Ipse
3501 746 3682 792 autem

2106 821 2324 890 exponit
2362 821 2489 889 quid
2528 822 2600 874 sit
2637 823 2932 876 secundum
2968 823 3324 891 propositum,
3355 839 3476 878 cum
3505 827 3680 880 dixit:

2108 910 2369 976 Quoniam
2382 927 2509 979 quos
2525 920 2644 964 ante
2652 912 2980 980 prwscivit,et
2994 912 3378 981 pra'destinavit
3393 914 3681 983 conformes

2105 1002 2222 1069 ﬁeri
2248 1000 2494 1069 imaginis
2538 998 2668 1053 Filii
2694 1000 2825 1070 ejus.
2851 1001 2966 1056 Non
2996 1004 3137 1057 enim
3169 1019 3356 1058 omnes
3384 1005 3473 1073 qui
3508 1008 3679 1059 vocati

2107 1097 2256 1152 sunt,
2293 1090 2583 1143 secundum
2624 1090 2955 1159 propositum
2985 1093 3158 1146 vocati
3196 1102 3319 1146 sunt
3359 1111 3372 1146 :
3406 1094 3508 1148 hoc
3539 1094 3683 1147 enim

2106 1180 2436 1250 propositum
2470 1179 2537 1234 ad
2565 1180 2954 1249 praescientiam
2975 1190 3030 1235 et
3048 1184 3575 1252 prmdestinationem
3589 1185 3685 1240 Dei

2108 1270 2397 1339 spertinet;
2421 1285 2520 1325 nec
2538 1271 2934 1342 praedestinavit
2958 1273 3210 1342 aliquem,
3237 1276 3339 1330 nisi
3361 1292 3519 1346 quem
3543 1293 3684 1347 prae-

2109 1359 2263 1413 scivit
2277 1359 2605 1414 crediturum
2625 1368 2679 1415 et
2695 1376 2818 1415 scen
2827 1370 3003 1415 turum
3020 1364 3355 1417 vocationem
3372 1381 3687 1435 suam,quos

2108 1458 2163 1504 et
2187 1450 2387 1505 electos
2420 1450 2568 1505 dicit.
2602 1449 2751 1505 Multi
2778 1452 2922 1505 enim
2953 1466 3059 1506 non
3090 1453 3339 1515 veniunt,
3371 1470 3493 1508 cum
3533 1456 3685 1509 multi

2105 1525 2294 1593 vocati.
2305 1538 2503 1593 fuerint
2521 1557 2534 1592 :
2560 1554 2717 1593 nemo
2735 1547 2915 1593 autem
2931 1542 3078 1594 venit
3093 1542 3184 1609 qui
3205 1551 3429 1597 vocatus
3452 1559 3556 1597 non
3580 1543 3689 1597 fue-

2109 1631 2198 1685 rit.
2229 1630 2426 1703 (θήρ.)
2454 1630 2629 1701 Supra
2653 1632 2810 1698 dixit,
2838 1632 2979 1698 Quos
3000 1636 3275 1704 praesciuit,
3298 1636 3391 1690 st
3414 1638 3688 1706 prwdesli-

2108 1720 2247 1773 navit
2269 1735 2287 1773 :
2308 1727 2364 1774 et
2395 1735 2536 1774 nunc
2562 1720 2733 1781 addit,
2762 1720 2904 1786 Quos
2931 1732 3106 1775 autem
3130 1724 3540 1793 prwdestinavit,
3567 1725 3688 1781 illos

431 1814 702 1885 fratribus,
733 1813 866 1868 satis
892 1813 1050 1868 docet
1090 1811 1248 1865 aliter
1272 1810 1672 1880 intelligendum
1712 1809 1880 1864 Deum
1909 1823 2005 1863 no-
2034 1805 2081 1864 B
2109 1818 2156 1862 et
2170 1811 2363 1864 vocavit
2387 1819 2436 1864 et
2458 1826 2587 1880 quos
2601 1810 3011 1875 vocavit,illoset
3029 1812 3360 1881 justi/ienuit.
3396 1814 3464 1869 Et
3488 1816 3532 1870 si
3554 1831 3691 1887 pra:-

432 1913 624 1969 strum,
660 1903 814 1957 aliter
839 1900 1274 1972 primogenitum.
1304 1897 1436 1952 Nam
1476 1898 1564 1952 ubi
1597 1897 1902 1968 unigenitus
1930 1896 2012 1950 di-

431 1995 591 2058 citur,
614 1992 809 2046 fratres
837 2005 943 2044 non
975 1990 1163 2054 habet,
1190 1996 1246 2043 et
1268 1985 1580 2041 naturaliter
1598 1993 1683 2040 est
1706 1984 1871 2039 Filius
1891 1984 2008 2049 Dei,

430 2087 664 2142 Verbum
688 2085 742 2140 in
771 2083 1057 2155 principio,
1082 2097 1179 2152 per
1202 2079 1343 2152 quod
1371 2078 1514 2134 facta
1541 2086 1667 2133 sunt
1685 2077 1885 2133 omnia.
1915 2076 2010 2132 Se-

430 2177 664 2232 cundum
686 2173 1079 2244 susceptionem
1099 2179 1277 2226 autem
1299 2168 1533 2224 hominis
1551 2176 1609 2245 et
1623 2167 2011 2223 incarnationis

430 2265 910 2336 dispensationem,
939 2277 1038 2333 per
1057 2276 1218 2331 quam
1246 2274 1343 2314 nos
1362 2258 1526 2314 etiam
1554 2273 1660 2314 non
1691 2256 2012 2312 naturaliter

431 2354 569 2410 filios
593 2355 649 2409 in
676 2354 1013 2423 adoptionem
1034 2350 1263 2407 ﬁliorum
1281 2362 1477 2403 vocare
1500 2346 1750 2417 dignatus
1772 2352 1874 2409 est,
1902 2345 2011 2415 pri-

429 2446 731 2516 mogenitns
747 2444 941 2499 dicitur
960 2457 1081 2497 eum
1102 2439 1445 2509 adiunctione
1466 2436 1711 2491 fratrum.
1738 2435 1839 2492 Ubi
1865 2434 2010 2489 enim

430 2537 635 2605 primus
673 2534 899 2595 dicitur,
943 2547 1047 2586 non
1079 2530 1264 2598 utique
1296 2527 1473 2589 solus,
1509 2525 1603 2580 sed
1641 2522 2010 2580 consecuturis

428 2624 714 2690 fratribus,
741 2623 794 2677 in
818 2623 869 2677 id
900 2637 1007 2692 quo
1037 2622 1149 2691 ipse
1173 2618 1466 2690 praecessit.
1507 2615 1657 2672 Unde
1680 2625 1734 2671 et
1758 2614 1865 2669 alio
1893 2614 2010 2669 loco

426 2716 838 2788 primogenitum
861 2728 984 2768 eum
1011 2727 1040 2766 a
1069 2711 1293 2766 mortuis
1318 2709 1470 2771 dicit,
1494 2715 1554 2761 ut
1586 2707 1657 2762 sit
1683 2707 1737 2761 in
1763 2707 2010 2765 omnibus

428 2810 543 2876 ipse
571 2806 860 2876 primatum
888 2810 1096 2859 tenens.
1128 2798 1474 2855 Resurreetio
1498 2797 1643 2853 enim
1673 2805 2009 2851 mortuorum

425 2906 487 2951 ut
508 2895 618 2963 jam
652 2909 759 2948 non
789 2892 1117 2956 moriantur,
1156 2898 1279 2944 ante
1303 2888 1450 2943 illum
1487 2886 1663 2953 nulla;
1696 2893 1821 2956 post
1859 2884 2008 2939 illum

425 2995 604 3041 autem
627 2985 919 3040 multorum
938 2991 1245 3041 sanctorum
1261 2989 1366 3046 est,
1388 2995 1523 3051 quos
1538 2979 1734 3033 fratres
1755 2992 1863 3032 non
1883 2991 2011 3031 con-

428 3080 667 3135 funditur
699 3078 967 3149 appellare
1002 3085 1224 3147 propter
1259 3076 1431 3145 ipsam
1467 3070 2003 3128 communicationem

2110 1903 2259 1956 scivit
2290 1908 2346 1955 et
2377 1901 2764 1970 prwdestinaeit
2787 1904 3056 1956 communi
3088 1904 3340 1971 opinione
3369 1906 3687 1970 sentiamus,

2109 1995 2379 2049 videbitur
2398 1995 2583 2064 utique
2601 1994 2691 2064 qui
2709 1993 3038 2064 justiﬁeatus
3057 2003 3163 2059 est,
3192 2005 3471 2066 propterea
3490 1999 3690 2068 justiﬁ-

2111 2095 2263 2141 catus
2289 2100 2410 2141 esse
2430 2086 2557 2155 quia
2575 2095 2800 2140 vocatus
2826 2093 2940 2150 est,
2967 2095 3019 2140 et
3051 2086 3142 2155 qui
3175 2097 3395 2141 vocatus
3427 2096 3530 2153 est,
3562 2102 3690 2158 pro-

2109 2186 2294 2246 pterea
2328 2174 2658 2244 justiticatus
2678 2190 2798 2230 esse
2823 2175 2947 2245 quia
2969 2175 3378 2246 praedestinatus
3398 2185 3500 2243 est,
3525 2185 3579 2232 et
3596 2179 3690 2248 qui

2110 2266 2520 2336 praedestinatus
2539 2274 2644 2330 est,
2661 2273 2947 2335 propterea
2968 2264 3381 2333 prazdestinatus
3411 2280 3531 2320 esse
3561 2266 3686 2337 quia

2110 2356 2469 2427 pmcognitus
2489 2362 2589 2417 est,
2625 2362 2682 2409 et
2711 2367 2926 2407 rursum
2952 2366 2983 2407 e
3005 2353 3277 2408 contrario
3312 2353 3596 2424 intelliges.
3628 2354 3687 2409 Si

2111 2448 2232 2516 quis
2251 2455 2429 2501 autem
2453 2444 2780 2515 justiﬁeatus
2808 2458 2913 2499 non
2931 2453 3036 2510 est,
3050 2444 3172 2500 ideo
3196 2460 3301 2499 non
3322 2455 3406 2500 est
3425 2446 3690 2516 justiﬁea-

2111 2545 2213 2600 tus,
2232 2538 2359 2608 quia
2381 2547 2592 2592 nonest
2613 2545 2863 2601 vocatus;
2886 2545 2939 2591 et
2958 2536 3049 2606 qui
3069 2546 3292 2592 vocatus
3314 2546 3540 2603 nonest,
3565 2538 3686 2593 ideo

2089 2629 2334 2684 vocatus
2386 2634 2491 2682 n‘on
2544 2635 2652 2692 est,
2698 2628 2823 2697 quia
2877 2642 2982 2681 non
3010 2634 3094 2682 est
3145 2628 3584 2697 praedestinatus;
3633 2639 3689 2683 et

2110 2720 2203 2790 qui
2247 2720 2661 2790 prtedestinatus
2706 2736 2811 2774 non
2845 2728 2947 2785 est,
3000 2720 3120 2775 ideo
3156 2736 3261 2775 non
3288 2728 3373 2776 est
3410 2722 3689 2791 prmdesti-

2111 2818 2289 2875 natus,
2318 2810 2444 2878 quia
2490 2824 2597 2864 non
2639 2818 2725 2864 est
2763 2810 3139 2879 praecognitus.
3175 2809 3240 2863 Et
3275 2811 3397 2864 vide
3425 2811 3477 2864 in
3522 2826 3687 2878 quam

2111 2900 2399 2954 absurdam
2429 2899 2751 2954 sententiam
2790 2899 3042 2953 decidant
3074 2899 3128 2953 hi
3158 2900 3247 2967 qui
3290 2898 3688 2968 przescientiam

2113 2991 2208 3046 Dei
2245 2991 2297 3044 in
2337 2991 2439 3045 hoc
2463 2990 2736 3059 accipiunt
2761 2997 2985 3053 tantum,
3020 2990 3173 3059 quasi
3198 2990 3288 3059 qui
3317 3004 3379 3044 ea
3402 3006 3521 3060 quae
3540 2999 3689 3060 post-

2114 3081 2330 3136 modum
2403 3079 2584 3135 futura
2650 3088 2777 3135 sunt
2841 3089 2966 3135 ante
3028 3090 3348 3150 prtenoscat.
3412 3081 3690 3137 Invenitur

426 3166 1205 3236 humanitatisPrimogenitus
1220 3160 1996 3233 utiqueamortuissecunduu:
2032 3142 2075 3205 C
2105 3174 2250 3228 enim
2293 3174 2587 3229 secundum
2641 3174 2742 3227 hoc
2788 3173 2928 3243 quod
2969 3187 3128 3242 supra
3173 3173 3538 3246 exposuimus,
3577 3190 3684 3228 non

427 3258 675 3313 eumdem
703 3254 1036 3325 Apostolum,
1076 3269 1179 3324 qua
1227 3260 1399 3307 morte
1442 3251 1701 3306 seminata
1742 3255 1826 3302 est
1872 3263 2000 3303 caro

426 3351 544 3420 ejus
586 3349 640 3402 in
688 3346 1034 3411 contumelia,
1065 3343 1361 3398 resurrexit
1395 3343 1448 3396 in
1487 3341 1677 3412 gloria,
1709 3339 2002 3395 secundum

428 3442 568 3496 hanc
595 3437 879 3508 imaginem
913 3435 1028 3499 lilii,
1057 3434 1143 3489 cui
1171 3448 1269 3502 per
1295 3430 1751 3486 immortalitatem
1782 3429 2001 3484 confor-

426 3530 660 3595 i'namur,
689 3529 742 3582 in
768 3539 992 3595 corpore
1020 3524 1184 3583 etiam
1236 3521 1365 3577 illud
1414 3522 1644 3591 agimus,
1691 3521 1835 3589 quod
1875 3520 2002 3573 item

425 3621 560 3678 dicit
605 3621 748 3675 idem
790 3616 1121 3687 Apostolus;
1157 3613 1307 3670 Sicut
1353 3611 1676 3682 portavimus
1725 3610 2004 3680 imaginem

426 3712 639 3775 terreni,
682 3719 941 3780 portemus
988 3716 1036 3761 et
1084 3706 1359 3777 imaginem
1404 3704 1519 3774 ejus
1556 3703 1647 3773 qui
1688 3702 1752 3755 de
1781 3699 1905 3754 caelo
1932 3708 2005 3753 est

427 3806 477 3877 (Ι
503 3804 628 3859 Cor.
660 3804 773 3866 xv),
800 3810 859 3855 ut
882 3800 1091 3856 scilicet
1118 3799 1211 3868 qui
1235 3798 1526 3853 secundum
1553 3796 1725 3849 Adam
1751 3790 2006 3846 mortales

429 3898 649 3960 fuimus,
681 3894 975 3949 secundum
1005 3891 1280 3947 Christum
1311 3886 1644 3943 immortales
1666 3900 1765 3940 nos
1797 3884 2008 3938 futuros

430 3991 534 4044 ﬁde
561 4003 689 4042 vera
730 3995 788 4041 et
826 4000 920 4056 spe
952 3993 1101 4040 certa
1143 3983 1341 4037 ﬁrmati
1373 3990 1672 4035 teneamus.
1726 3977 1818 4032 Sic
1864 3975 2006 4030 enim

430 4095 574 4135 nunc
598 4077 840 4133 eamdem
874 4075 1160 4143 imaginem
1184 4080 1399 4142 portare
1427 4083 1732 4140 possumus,
1770 4065 2005 4120 nondum

430 4171 483 4224 in
526 4168 750 4230 visione,
781 4166 875 4238 scd
919 4165 974 4218 in
1018 4164 1153 4228 ﬁde;
1202 4161 1437 4217 nondum
1477 4160 1531 4215 in
1571 4174 1648 4219 re,
1681 4157 1774 4212 sed
1810 4156 1862 4210 in
1892 4168 2005 4224 spe.

431 4257 658 4328 (Arnim)
686 4257 851 4312 Recte
888 4256 1048 4325 igitur
1088 4252 1478 4322 primogenitus
1517 4251 1735 4312 dicitur,
1767 4247 1858 4315 qui
1886 4254 2011 4301 ante

428 4364 645 4403 onmem
670 4356 975 4402 creaturam
1007 4360 1112 4399 non
1144 4342 1337 4409 factus,
1365 4342 1457 4398 sed
1485 4351 1643 4395 natus
1669 4349 1753 4395 est
1780 4357 1793 4392 :
1823 4339 1890 4393 ad
1917 4354 2012 4393 eu-

2100 3265 2383 3335 pnescisse
2400 3263 2554 3335 [Ms.,
2578 3264 2813 3335 praeseiit
2840 3262 2921 3335 se]
2945 3264 3083 3318 Deus
3111 3279 3246 3333 quos
3271 3279 3374 3318 non
3406 3264 3685 3334 praedesti-

2053 3397 2056 3400 .
2103 3356 2271 3410 navit.
2310 3356 2377 3410 Et
2420 3372 2634 3411 rursum
2670 3356 2713 3410 si
2754 3356 2821 3409 ad
2859 3372 3199 3410 communem
3231 3356 3500 3410 referatur
3527 3356 3683 3410 intel-

2103 3446 2401 3517 ligentiam,
2429 3447 2532 3502 hoc
2558 3447 2700 3516 quod
2730 3447 2882 3512 dicit,
2911 3448 3033 3518 quia
3062 3463 3192 3513 quos
3228 3449 3442 3511 vocavit,
3487 3446 3605 3501 illos
3636 3459 3684 3501 ct

2094 3537 2428 3608 justiﬁenvit,
2459 3538 2731 3608 ingentem
2759 3537 3051 3594 fenestram
3079 3539 3464 3610 patefaciamus
3490 3539 3573 3593 his
3593 3541 3687 3608 qui

2107 3636 2303 3697 negant
2333 3643 2453 3682 esse
2480 3629 2530 3680 in
2560 3628 2795 3682 hominis
2822 3637 3091 3698 potestate
3112 3639 3171 3682 ut
3191 3629 3369 3684 salvus
3391 3629 3500 3682 ﬁat.
3522 3628 3691 3683 Aiunt

2102 3716 2244 3769 enim
2276 3734 2289 3768 :
2317 3716 2373 3769 Si
2404 3716 2544 3774 Deus
2575 3731 2709 3784 quos
2736 3718 2992 3784 praesciit,
3021 3716 3141 3770 illos
3166 3724 3220 3771 et
3246 3719 3686 3786 praedestinavit;

2103 3815 2158 3860 et
2176 3790 2311 3875 quos
2328 3807 2746 3875 przedestinavit,
2764 3807 2884 3861 illos
2896 3816 2950 3861 ct
2964 3809 3204 3874 vocavit;
3225 3818 3280 3863 et
3298 3825 3433 3879 quos
3454 3812 3687 3881 vocavit,

2106 3897 2225 3951 illos
2253 3897 2668 3965 etjustiﬁcavit:
2698 3897 2831 3951 nihil
2855 3898 3025 3968 culpa:
3063 3899 3260 3954 habent
3288 3901 3340 3954 hi
3365 3902 3454 3970 qui
3479 3917 3583 3956 non
3603 3902 3690 3972 ju-

2106 3987 2501 4053 stiﬁeahuntur,
2525 3989 2651 4058 quia
2673 4004 2771 4044 nec
2796 3989 2969 4043 vocati
2998 4001 3145 4055 sunt,
3176 4005 3273 4045 nec
3300 3992 3688 4062 przedestihati,

2105 4092 2206 4132 nec
2230 4079 2562 4149 pnecogniti.
2596 4079 2731 4133 Tum
2755 4079 2918 4134 etiam
2945 4078 3074 4134 illud
3101 4081 3258 4136 nobis
3280 4090 3468 4151 aperte
3498 4082 3691 4139 adver-

2107 4179 2276 4234 satur,
2309 4172 2450 4240 quod
2483 4187 2589 4225 non
2627 4188 2814 4228 omnes
2850 4172 2942 4241 qui
2984 4182 3267 4237 vocantur,
3298 4174 3460 4227 etiam
3483 4172 3688 4241 justifi-

2108 4272 2315 4317 cantur.
2349 4261 2480 4314 Nam
2508 4272 2564 4316 et
2591 4261 2756 4316 Judas
2780 4262 3055 4332 apostolus
3084 4273 3306 4318 vocatus
3328 4272 3434 4329 est,
3459 4265 3552 4318 sed
3580 4281 3686 4321 non

2108 4351 2555 4421 estjustiﬁcatus.
2586 4352 2735 4418 Quod
2782 4353 2825 4407 si
2852 4352 3203 4422 justifieatum
3234 4368 3356 4408 eum
3399 4355 3691 4410 contendat

422 4440 511 4507 jus
538 4436 839 4506 exemplum
884 4435 1028 4489 Deus
1074 4434 1316 4487 homines
1361 4433 1414 4487 in
1460 4431 1597 4485 ῧιίοε
1621 4430 1720 4484 Sibi
1751 4427 2006 4498 θάυνιίιτο
2034 4481 2083 4539 D
2111 4441 2303 4510 aliquis
2330 4456 2395 4495 eo
2423 4441 2539 4510 ipso
2564 4457 2672 4510 quo
2713 4451 2930 4496 vocatus
2957 4450 3061 4508 est,
3110 4459 3213 4496 non
3241 4453 3323 4497 est
3346 4452 3493 4497 certe
3520 4443 3687 4513 glori-

430 4532 683 4599 dignatus
709 4538 811 4583 est.
852 4528 942 4580 Est
987 4535 1043 4580 et
1082 4526 1469 4596 primogenitus
1511 4525 1565 4579 in
1600 4522 2007 4594 regeneratioue

430 4621 707 4684 Christus;
736 4626 819 4672 est
852 4625 906 4671 et
943 4617 1334 4686 primogenitus
1361 4629 1429 4668 ex
1454 4615 1702 4676 mortuis,
1732 4613 1886 4682 cujus
1914 4625 2008 4664 na-

435 4724 552 4767 tura
586 4713 892 4781 ignoratur;
936 4719 1018 4764 est
1060 4720 1115 4762 et
1145 4707 1531 4778 primogenitus
1558 4714 1680 4775 post
1708 4704 1992 4758 victoriam

431 4800 728 4855 ascendens
754 4799 806 4853 in
843 4799 1030 4854 caelos.
1060 4798 1453 4866 Primogenitus
1486 4797 1648 4865 igitur
1680 4796 1733 4847 in
1759 4793 2007 4846 omnibus

435 4891 602 4944 frater
632 4898 814 4943 noster
841 4888 1059 4951 dicitur,
1087 4888 1212 4955 quia
1236 4888 1396 4947 homo
1430 4885 1676 4954 dignatus
1701 4892 1785 4935 est
1825 4879 2001 4933 nasci:

434 4980 688 5034 Dominus
712 4994 838 5051 vero
860 4977 1095 5046 estquia
1144 4977 1284 5030 Deus
1329 4983 1513 5030 noster
1551 4982 1652 5038 est,
1689 4972 1829 5027 sicut
1874 4971 2009 5025 dixit

433 5071 690 5139 propheta
718 5067 980 5124 Jercmias
1010 5089 1023 5121 :
1057 5066 1158 5120 llic
1186 5076 1259 5119 est
1291 5065 1427 5118 Deus
1457 5074 1651 5118 noster.
1946 5066 1949 5069 ’

505 5161 649 5226 Quos
703 5171 874 5215 autem
924 5159 1340 5231 prardeslinavit,
1383 5159 1476 5211 hos
1536 5167 1583 5211 et
1650 5156 1847 5211 vocarit
1892 5169 1909 5207 :
1960 5165 2008 5209 et

429 5272 559 5323 quos
587 5254 806 5316 vocavit,
831 5253 922 5306 st
950 5261 995 5307 et
1016 5250 1322 5320 justiﬁcavit
1346 5262 1363 5299 :
1387 5265 1513 5318 quos
1550 5257 1725 5321 autem
1740 5245 2005 5315 justiﬁca-

434 5347 522 5410 rit,
549 5345 668 5399 illos
693 5355 741 5400 et
781 5343 1105 5414 glori/ienuit.
1149 5340 1329 5413 (Aug.)
1357 5339 1511 5406 Quod
1542 5347 1721 5392 autem
1756 5338 1851 5398 ait,
1879 5352 2006 5407 quos

435 5435 653 5498 vacarit,
681 5434 818 5503 ipsos
845 5442 891 5484 et
923 5432 1253 5500 jus'iﬁcavit,
1282 5437 1456 5500 potest
1490 5427 1693 5481 moveri
1734 5436 1788 5480 ει
1814 5427 2004 5495 quaeri,

434 5532 613 5577 utrum
643 5538 829 5577 onmes
857 5522 947 5590 qui
975 5521 1148 5576 vocati
1178 5529 1305 5575 sunt
1328 5517 1707 5587 justiﬁcentur.
1743 5515 1849 5571 Sed
1879 5516 2005 5570 alibi

437 5615 662 5683 legimus
684 5631 695 5667 :
726 5612 779 5667 Μ
786 5612 877 5665 ulli
900 5614 1085 5673 vocati,
1109 5613 1262 5681 pauci
1287 5620 1460 5663 autent
1481 5608 1627 5667 electi
1651 5605 1863 5677 (Matth.
1892 5606 2000 5677 xx).

438 5704 641 5774 Tamen
682 5704 806 5780 quia
846 5703 944 5775 ipsi
981 5718 1192 5778 quoque
1228 5701 1383 5755 electi
1422 5699 1605 5768 utique
1640 5700 1813 5751 vocati
1856 5709 2001 5763 sunt,

2110 4530 2318 4584 ficatus.
2366 4528 2472 4584 Sed
2513 4540 2569 4584 et
2609 4530 2682 4584 illi
2714 4531 2781 4585 de
2806 4532 3000 4600 quibus
3040 4532 3172 4587 dicit
3210 4532 3520 4602 Apostolus,
3561 4535 3687 4604 quia

2106 4619 2546 4697 naufragaverunt
2575 4638 2608 4674 a
2640 4621 2745 4689 ﬁde
2768 4620 2818 4692 (1
2853 4621 2987 4676 Tim.
3018 4623 3080 4695 ι),
3104 4624 3280 4678 vocati
3316 4625 3530 4693 quidem
3567 4625 3684 4679 fue-

2109 4716 2248 4772 rant,
2280 4710 2372 4763 sed
2400 4726 2507 4765 non
2535 4718 2656 4765 sunt
2678 4711 2984 4781 justiﬁeati.
3010 4713 3079 4767 Et
3099 4715 3393 4768 secundum
3410 4713 3684 4784 Evangelii

2105 4802 2387 4870 parabolas
2411 4802 2561 4873 (Luc.
2587 4804 2719 4874 xiv),
2749 4804 2821 4859 illi
2847 4807 2914 4860 ad
2935 4822 3071 4874 quos
3091 4807 3240 4861 missi
3275 4806 3491 4860 fuerant
3518 4807 3682 4872 servi,

2107 4899 2162 4944 et
2188 4901 2579 4946 cxcusaverunt
2604 4909 2685 4959 se,
2710 4897 2885 4950 vocati
2930 4897 3163 4960 fuerant,
3207 4897 3301 4950 sed
3351 4913 3455 4951 non
3482 4896 3685 4965 justifi-

2107 4982 2247 5047 cati;
2277 4990 2331 5035 et
2368 4982 2457 5037 ille
2496 4985 2586 5052 qui
2632 4985 2908 5054 ingressus
2949 4986 3253 5040 convivium
3298 4987 3438 5055 regis
3469 4987 3681 5057 (Matth.

2109 5068 2218 5139 xx)
2252 5085 2357 5123 non
2392 5071 2577 5125 habuit
2606 5082 2806 5127 vestem
2843 5073 3155 5141 nuptialem,
3188 5081 3412 5128 vocatus
3454 5081 3556 5136 est,
3591 5075 3683 5128 sed

2108 5174 2215 5211 non
2250 5168 2334 5212 est
2356 5158 2703 5226 justiﬁeatus.
2748 5162 2881 5215 Cum
2927 5176 3056 5231 ergo
3097 5162 3212 5217 haec
3250 5162 3460 5231 singula
3511 5162 3583 5216 ita
3627 5179 3686 5218 se

2108 5247 2358 5308 habeant,
2400 5250 2667 5315 quomodo
2696 5251 2962 5306 videbitur
2996 5267 3156 5307 verus
3194 5267 3313 5307 esse
3343 5268 3520 5307 sermo
3551 5252 3689 5323 Apo-

2109 5336 2253 5402 stoli,
2299 5352 2459 5406 quem
2503 5338 2585 5392 vel
2624 5338 2692 5393 de
2725 5342 3128 5410 pmnosccndo,
3170 5341 3254 5396 vel
3302 5343 3368 5397 de
3408 5343 3686 5413 praedesti-

2110 5426 2309 5489 nando,
2332 5426 2414 5479 vel
2440 5425 2507 5480 de
2535 5428 2794 5491 vocando,
2822 5428 2903 5482 vel
2933 5430 3092 5482 etiam
3119 5430 3184 5483 de
3202 5429 3549 5499 justiﬁeando
3578 5447 3688 5485 mc-

2113 5516 2377 5570 moravit?
2410 5515 2514 5570 Sed
2547 5532 2647 5585 ego
2687 5519 2979 5571 secundum
3006 5534 3067 5572 ea
3106 5535 3225 5588 qua:
3252 5535 3413 5589 supra
3439 5521 3689 5589 exposui-

2112 5622 2253 5670 mus,
2281 5607 2552 5675 quomodo
2566 5614 2753 5661 noscat
2770 5606 2853 5661 vel
2869 5618 3167 5675 prtenoscat
3193 5607 3358 5673 Deus,
3383 5620 3447 5663 ad
3464 5623 3687 5663 cutisuc—

2111 5700 2348 5760 tudinem
2376 5700 2668 5770 Scriptum
2697 5698 3024 5754 redeundum
3069 5707 3216 5768 puto,
3250 5714 3368 5768 qua:
3399 5697 3679 5754 vernacula
