4026 6180
498 306 630 365 H7!
1127 301 1190 356 Β.
1228 297 1479 357 RABANI
1519 296 1736 353 MAURI
1772 295 2088 353 ARClllEP.
2133 293 2440 352 MOGUNT.
2481 294 2767 353 OPERUM
2804 295 2986 351 PARS
3022 295 3111 351 ιιι.
3562 302 3671 358 ηη

487 418 724 489 quadam
757 411 1113 484 appellatione
1149 412 1199 464 in
1231 411 1333 464 hoc
1363 424 1634 473 sermone,
1674 408 1727 465 id
1755 417 1859 472 est,
1893 408 1946 463 in
1977 422 2067 461 (ιο-
2096 407 2143 466 A
2171 406 2393 461 scientia
2420 407 2738 474 sentiamus,
2768 423 2876 462 non
2906 417 3193 479 propterea
3230 407 3332 463 erit
3364 409 3553 480 aliquid,
3576 415 3672 484 quia

487 504 798 569 ignoscendo
826 504 900 557 uti
928 502 1091 559 solet:
1118 501 1262 555 velut
1281 516 1404 555 cum
1429 500 1559 555 dicit
1588 524 1599 555 ;
1631 499 1876 569 Cognovit
1901 508 2070 551 autem

494 596 661 649 Adam
704 610 919 649 uxorem
954 610 1104 647 suam
1144 589 1312 662 (Cen.
1373 589 1492 662 tv),
1535 606 1633 661 pro
1681 606 1746 645 eo
1794 598 1852 645 ut
1894 590 2072 653 dicat,

494 689 760 744 atlmistus
804 696 888 745 est
938 687 1090 743 uxori
1127 702 1256 741 sum.
1294 686 1361 741 Et
1399 686 1594 739 iterum
1625 684 1691 739 de
1720 683 1965 739 Rebecca
1995 682 2075 737 di-

495 778 570 833 cit
595 799 610 834 :
654 779 807 849 Virgo
834 786 947 832 erat
970 818 985 843 ,
1013 778 1094 831 vir
1122 793 1224 830 non
1254 784 1557 846 cognoverat
1579 791 1695 828 eam
1722 772 1874 846 (Gen.
1902 773 2070 844 xxw).

496 868 601 924 Sed
615 877 668 923 et
680 867 746 924 de
772 868 895 923 ﬁliis
910 866 1039 923 Levi
1067 868 1288 931 dicitur,
1311 881 1433 921 cum
1457 866 1897 934 prtevaricatores
1921 865 2075 935 puni-

496 967 643 1021 rent,
693 960 816 1030 quia
848 975 950 1013 non
985 957 1274 1027 cognoverit
1313 956 1666 1026 unusquisque
1687 965 1887 1024 patrem
1919 970 2074 1008 suum

493 1062 584 1105 aut
614 1062 831 1104 matrem
869 1067 1021 1105 suam
1048 1049 1190 1121 (Leo.
1227 1048 1363 1121 XIX).
1398 1050 1456 1103 In
1497 1064 1605 1120 quo
1632 1050 1747 1104 sine
1780 1048 1940 1104 dubio
1973 1050 2076 1104 hoc

493 1142 813 1205 ostenditur,
838 1142 963 1212 quia
1004 1157 1111 1195 non
1149 1139 1327 1210 iunxit
1365 1139 1613 1195 allectum
1644 1156 1798 1196 suum
1839 1149 1892 1195 et
1925 1156 2078 1195 amo-

494 1247 607 1287 rem
635 1247 756 1286 eum
797 1242 947 1300 patre
991 1231 1075 1285 vel
1103 1239 1295 1285 matre.
1340 1229 1447 1285 Sed
1484 1238 1539 1285 et
1580 1231 1749 1284 multa
1784 1231 2075 1285 secundum

493 1321 636 1375 hunc
660 1335 874 1375 sensum
905 1320 958 1373 in
988 1318 1284 1390 Scripturis
1314 1320 1379 1373 de
1418 1320 1793 1390 cognoscendo
1834 1319 2077 1375 invenies

492 1411 665 1464 dictae:
699 1418 757 1464 et
781 1409 902 1465 ideo
919 1410 1083 1464 etiam
1116 1408 1167 1463 in
1198 1410 1452 1479 praesenti
1475 1410 1591 1466 loco
1616 1418 1831 1465 constat
1853 1409 2079 1479 Aposto-

493 1501 602 1555 lnm
639 1500 930 1556 secundum
971 1498 1264 1568 Seripturre
1310 1515 1480 1555 sacra:
1516 1500 1964 1555 consuetudinem
1991 1514 2080 1553 co-

492 1591 783 1664 gnoscendi
831 1591 1073 1662 posuisse
1123 1607 1448 1657 sermonem,
1498 1601 1559 1647 ut
1602 1592 1721 1647 illos
1766 1591 2079 1647 ostenderet

493 1685 855 1756 przeeognitqs
890 1700 920 1738 a
946 1684 1077 1749 Deo,
1118 1684 1170 1738 in
1199 1685 1417 1754 quibus,
1448 1684 1627 1740 sciens
1658 1684 1845 1753 quales
1870 1691 2072 1746 essent,

2176 497 2228 553 id
2258 498 2358 553 scit
2387 498 2528 553 Deus
2550 498 2788 552 futurum
2816 516 2829 553 :
2863 500 2955 553 sed
2980 499 3103 568 quia
3130 498 3357 554 futurum
3381 511 3467 564 est,
3492 503 3673 563 scitura

2176 590 2285 645 Deo
2299 600 2587 660 antequam
2611 589 2722 644 liat.
2740 588 2875 644 Nam
2896 598 2951 644 et
2969 593 3034 656 si,
3056 590 3204 645 verbi
3221 592 3402 661 gratia,
3417 593 3677 663 fingeremus

2176 681 2342 736 Deum
2372 697 2477 735 non
2513 695 2853 751 praenoscere
2889 681 3114 750 aliquid,
3168 680 3394 736 futurum
3418 683 3517 739 sine
3553 686 3678 743 dubio

2175 780 2292 828 erat
2318 775 2461 843 quod
2488 781 2593 838 est,
2625 774 2699 828 ita
2726 781 2783 827 ut
2808 782 2893 829 est
2918 792 2931 827 :
2956 783 3010 827 ut
3047 783 3196 843 puta,
3223 773 3380 830 Judas
3403 777 3603 844 proditor
3625 779 3679 831 fa.

2175 873 2295 919 ctus
2314 873 2417 928 est,
2446 872 2501 920 et
2530 865 2634 919 hoc
2665 865 2736 918 ita
2786 863 3023 919 futurum
3064 866 3337 934 prepheta:
3365 867 3677 937 praedixentut.

2176 954 2292 1009 Non
2322 971 2452 1026 ergo
2481 957 2606 1026 quia
2636 957 2914 1026 propheta:
2943 957 3323 1025 prtedixerunt,
3353 958 3529 1014 idcirco
3547 962 3681 1030 prodi-

2176 1044 2254 1100 dit
2292 1044 2485 1110 Judas;
2532 1046 2624 1100 sed
2655 1047 2783 1115 quia
2829 1044 3040 1101 futurus
3078 1054 3226 1101 esset
3250 1048 3491 1115 proditor,
3514 1064 3566 1103 ea
3595 1067 3683 1119 quae

2179 1133 2266 1207 ille
2301 1149 2366 1190 ex
2402 1136 2661 1205 propositi
2694 1136 2776 1190 sui
2806 1136 3047 1205 nequitia
3088 1146 3335 1206 gesturus
3351 1149 3457 1193 erat
3480 1142 3685 1207 praedixe-

2178 1206 2300 1282 tiunt
2335 1230 2650 1299 prophetat:
2695 1244 2817 1284 cum
2857 1230 3046 1300 utique
3072 1228 3240 1283 ludas
3284 1229 3335 1284 in
3372 1206 3600 1299 potestate
3620 1233 3686 1287 ha-

2176 1317 2383 1373 buisset
2410 1328 2469 1372 ut
2491 1329 2635 1375 esset
2660 1319 2855 1374 similis
2877 1319 3038 1375 Petro
3061 1327 3120 1374 et
3145 1317 3358 1384 Joanni,
3383 1321 3422 1375 si
3448 1322 3682 1377 voluisset:

2177 1409 2271 1464 sed
2309 1408 2471 1479 elegit
2512 1409 2753 1479 pecuniae
2783 1409 3135 1478 cupiditatem
3160 1410 3327 1480 magis
3360 1425 3503 1478 quant
3524 1420 3686 1479 aposto-

2178 1497 2263 1552 lici
2290 1500 2546 1554 consortii
2575 1499 2834 1570 gloriam:
2861 1509 2917 1554 et
2943 1500 3085 1555 hanc
3120 1499 3238 1569 ejus
3259 1501 3553 1557 voluntatem
3577 1503 3684 1558 futuo

2179 1604 2295 1645 ram
2313 1589 2668 1660 praavidentes
2682 1591 2979 1660 prophetae,
2994 1590 3259 1647 librorum
3280 1592 3521 1647 tradidere
3542 1608 3688 1647 monu-

2180 1679 2397 1735 mentis.
2431 1679 2502 1735 Ut
2523 1687 2704 1735 autem
2735 1681 2877 1736 scias
2911 1681 3041 1752 quia
3064 1697 3173 1737 non
3208 1681 3261 1737 in
3294 1682 3587 1753 prmscientia
3617 1682 3685 1739 Dei

494 1792 735 1832 umorem
795 1792 949 1831 suum
1008 1777 1181 1841 Deus,
1234 1776 1591 1845 allectumque
1633 1776 1935 1845 posuisset,
1985 1790 2075 1830 se-
2106 1758 2151 1817 Β
2178 1770 2467 1840 unicuique
2509 1771 2698 1826 salutis
2738 1788 2902 1829 causa
2926 1773 3169 1841 ponitur,
3199 1774 3290 1829 sed
3321 1775 3371 1828 in
3403 1775 3631 1844 proposito
3647 1781 3685 1828 et

493 1867 729 1921 eundum
770 1866 898 1920 illud
942 1868 1083 1935 quod
1113 1867 1372 1936 scriptum
1420 1874 1504 1921 est
1539 1884 1551 1919 :
1605 1866 1852 1936 Cognovit
1901 1865 2079 1921 Domi-
2177 1861 2391 1917 actibus
2433 1861 2569 1925 suis,
2613 1862 2737 1917 vide
2780 1861 3005 1922 Paulum
3050 1872 3325 1919 verentem
3360 1880 3422 1919 ne
3456 1864 3571 1920 forte
3596 1880 3683 1920 cum

495 1973 592 2010 nus
625 1972 711 2010 eos
740 1956 829 2025 qui
851 1964 971 2009 sunt
1000 1955 1151 2024 ejus:
1178 1971 1299 2010 cum
1327 1956 1513 2026 utique
1543 1965 1800 2025 quantum
1827 1957 1893 2011 ad
1915 1957 2074 2013 istam

2180 1949 2302 2005 aliis
2327 1951 2726 2020 praedicaverit,
2753 1952 2867 2022 ipse
2890 1954 3160 2023 reprobus
3188 1954 3455 2021 elliciatur,
3474 1972 3686 2011 macerare

492 2061 833 2102 communem
868 2046 1151 2101 scientiam
1181 2047 1438 2116 pertinet,
1466 2047 1608 2102 Deus
1637 2063 1740 2101 non
1780 2047 1954 2102 solum
1984 2062 2078 2102 eos
2178 2055 2378 2109 corpus
2401 2055 2581 2106 suum,
2602 2049 2660 2098 et
2678 2042 2948 2112 subjicere
2968 2045 3242 2099 servituti.
3273 2044 3449 2101 Adhuc
3469 2046 3685 2102 adversum

496 2136 590 2206 qui
615 2137 697 2195 sui
732 2145 877 2202 sunt,
908 2138 1002 2193 sed
1030 2146 1087 2194 et
1107 2153 1202 2193 eos
1242 2139 1333 2208 qui
1359 2147 1545 2193 errant
1566 2154 1597 2193 a
1626 2154 1685 2197 se
1713 2155 1819 2193 non
1846 2139 2073 2208 ignoret.
2179 2146 2274 2188 eos
2291 2133 2385 2202 qui
2416 2134 2571 2191 nobis
2616 2132 2923 2201 huiusmodi
2961 2137 3295 2206 qumstiones
3336 2147 3544 2202 movent,
3565 2140 3686 2193 etiam

496 2226 601 2283 Sed
627 2228 945 2298 cognovisse
977 2244 1104 2284 suos
1152 2229 1371 2293 dicitur,
1407 2230 1509 2285 hoc
1545 2239 1651 2296 est,
1698 2230 1751 2285 in
1793 2231 2078 2288 dilectione
2166 2223 2296 2278 hinc
2345 2240 2631 2294 Possumus
2673 2226 2892 2280 dicere:
2928 2224 2985 2282 Si
3024 2242 3167 2297 quos
3208 2229 3478 2298 pmscivil.
3518 2228 3611 2283 illos
3650 2237 3688 2283 rt

497 2315 750 2373 habuisse
798 2317 1010 2388 sibique
1064 2318 1322 2374 sociasse.
1371 2317 1450 2373 Ita
1504 2333 1636 2390 ergo
1676 2337 1805 2390 quo;
1850 2321 2077 2390 ρτωεεεῑι
2179 2312 2615 2382 praedestinavit;
2646 2330 2751 2371 non
2773 2323 2951 2369 autem
2972 2331 3169 2372 omnes
3188 2318 3688 2387 pradestinavitmgo

504 2408 662 2474 Deus,
695 2408 815 2463 illos
860 2409 1352 2481 etpra'destinavit,
1403 2419 1452 2466 et
1491 2426 1619 2481 quos
1666 2411 2075 2481 praedestinartt,

496 2499 614 2555 illos
643 2510 692 2555 et
734 2501 966 2566 vocavit,
1010 2510 1059 2555 et
1087 2517 1218 2572 quos
1248 2502 1483 2567 vocavit,
1515 2500 1635 2555 illos
1669 2511 1715 2555 et
1750 2500 2075 2570 iusti/ienuit.

498 2591 758 2663 Superest
793 2590 948 2647 nobis
980 2592 1157 2648 adhuc
1191 2592 1332 2646 illius
1365 2591 1678 2661 quazstionis
1706 2591 1920 2656 solutio,
1943 2606 2073 2661 quo-

2180 2420 2286 2461 non
2311 2419 2500 2460 omnes
2531 2407 2770 2475 prtesciit
2807 2426 2821 2461 :
2856 2416 2911 2463 et
2934 2410 3237 2465 secundum
3264 2426 3375 2477 eos,
3396 2420 3533 2466 cmnt
3553 2410 3685 2479 aliqua

2179 2510 2300 2562 quzc
2321 2495 2531 2564 ignoret
2556 2497 2717 2551 Deus.
2744 2496 2801 2552 Si
2831 2513 2959 2553 Vero
2985 2515 3328 2569 praenoscere
3346 2502 3592 2557 secundum
3614 2503 3688 2555 hoc

2179 2583 2476 2654 accipiatur
2499 2586 2643 2655 quod
2664 2601 2826 2656 supra
2851 2588 3111 2656 diximus,
3161 2592 3263 2646 hoc
3293 2600 3393 2657 est,
3417 2591 3463 2647 in
3497 2591 3688 2646 allectum

499 2683 659 2739 modo
702 2699 831 2754 quos
864 2683 1084 2749 vocarit,
1124 2681 1245 2736 illos
1280 2690 1327 2736 ct
1347 2681 1686 2751 justiﬁcarit,
1728 2696 1850 2736 cum
1885 2696 2079 2737 secnn<
2180 2674 2424 2745 recipere
2451 2675 2662 2746 sibique
2691 2678 2934 2743 sociare,
2973 2695 3169 2735 verum
3199 2683 3302 2737 erit
3333 2683 3445 2753 quia
3473 2683 3586 2737 sicut
3610 2697 3686 2735 non

497 2775 623 2829 dum
649 2788 713 2828 ea
733 2788 852 2842 qum
878 2788 1040 2844 supra
1084 2772 1317 2829 diximus
1355 2779 1566 2827 constet
1594 2771 1790 2826 multos
1823 2785 1944 2826 esse
1987 2785 2082 2825 vo-
2180 2782 2370 2824 omnes
2394 2769 2829 2839 praedestinavit,
2862 2772 2937 2826 ita
2968 2787 3151 2843 neque
3174 2789 3357 2830 omnes
3381 2774 3683 2847 pmognorit.

496 2871 669 2929 catos,
699 2876 898 2932 paucos
934 2870 1111 2917 autem
1141 2861 1361 2917 electos.
1410 2861 1516 2917 Sed
1552 2862 1767 2916 videtur
1802 2860 1933 2915 mihi
1960 2874 2081 2918 esse
2183 2857 2275 2913 Sic
2312 2860 2456 2913 enim
2488 2869 2543 2915 et
2563 2858 2721 2916 Iesus
2747 2861 2945 2917 dieitur
2978 2878 3087 2917 non
3115 2865 3419 2934 cognovisse
3448 2873 3685 2934 peccatum.

497 2955 740 3025 quaedam
771 2954 1070 3010 vocationis
1100 2953 1424 3020 differentia,
1458 2953 1750 3009 secundum
1780 2952 1908 3007 illud
1934 2968 2011 3025 qu
2049 2950 2083 3005 d
2181 2947 2560 3019 Nunquidnam
2585 2951 2830 3007 dicemus
2855 2954 2980 3022 quia
3009 2955 3269 3011 nescierit
3290 2955 3435 3011 Jesus
3456 2955 3561 3026 quid
3581 2964 3687 3008 esset

498 3045 553 3098 in
581 3043 860 3113 superiore
896 3044 1131 3115 capitulo
1175 3043 1545 3115 exposuimus,
1580 3043 1707 3113 quia
1743 3057 1933 3097 omnes
1961 3042 2082 3112 qui—
2108 3103 2150 3119 Α
2180 3043 3684 3119 peccatum,hoc.est,quianescierithomicidiumpecratum

498 3134 620 3189 dem
646 3103 829 3190 vocati
855 3103 1000 3197 sunl,
1046 3150 1151 3191 non
1189 3103 1368 3190 tamen
1408 3103 1615 3190 omnes.
1635 3132 1921 3189 secundum
1954 3149 2077 3203 pro—
2105 3103 2151 3166 δ
2182 3147 2325 3198 esse,
2358 3133 2443 3187 vel
2473 3103 2817 3200 adulterium,
2850 3136 2932 3191 vel
2968 3136 3199 3205 furtum,
3226 3147 3282 3195 et
3320 3140 3397 3194 bis
3419 3103 3687 3194 similialtln

495 3223 721 3292 positum
746 3223 924 3278 vocati
961 3233 1103 3278 sunt.
1134 3222 1270 3277 Nam
1312 3223 1365 3278 hi
1392 3223 1483 3293 qui
1515 3224 1807 3278 secundum
1832 3222 2077 3293 proposi-
2183 3220 2289 3279 hoc
2319 3230 2403 3277 est
2422 3223 2566 3295 quod
2587 3224 2789 3281 dicitur
2825 3227 3039 3281 nescire
3077 3238 3373 3299 peccatum,
3396 3230 3502 3299 quia
3520 3234 3687 3298 peccatu

502 3319 613 3366 tum
644 3312 841 3366 bonum
862 3350 879 3376 ,
917 3320 974 3365 et
1008 3313 1205 3367 bonam
1234 3312 1569 3367 voluntatem
1609 3328 1771 3381 quam
1803 3313 1947 3366 circa
1985 3312 2077 3367 Dei
2181 3326 2242 3368 se
2261 3327 2367 3367 non
2395 3313 2633 3378 miscuit,
2656 3330 2832 3388 neque
2879 3318 3112 3373 adhaesit
3159 3320 3210 3374 ei
3236 3319 3525 3390 peccatum?
3552 3314 3623 3370 Sic
3647 3322 3685 3367 et

499 3400 701 3456 cultum
752 3408 966 3472 gerunt,
1008 3409 1301 3466 vocantur,
1346 3401 1446 3472 ipsi
1488 3409 1614 3455 sunt
1653 3402 1743 3470 qui
1791 3402 2077 3456 secundum
2179 3402 2306 3459 alibi
2338 3406 2598 3475 scriptum
2625 3415 2709 3460 cst
2744 3425 2757 3460 :
2791 3407 2894 3473 Qui
2922 3419 3095 3463 servat
3130 3410 3441 3476 mandatum,
3465 3426 3548 3463 non
3570 3422 3684 3478 agita-

498 3493 820 3565 propositum
856 3492 1029 3547 vocati
1065 3492 1317 3547 dicuntur
1344 3509 1358 3546 :
1382 3500 1437 3547 et
1487 3492 1573 3546 isti
1616 3500 1744 3548 sunt
1778 3493 1869 3561 qui
1901 3492 2077 3548 vocati
2178 3503 2284 3550 seet
2324 3496 2532 3550 verbum
2562 3496 2791 3563 malum,
2821 3498 2926 3554 hoc
2960 3507 3077 3565 est,
3126 3516 3234 3556 non
3279 3501 3481 3570 recipiet
3517 3499 3686 3552 verbum

490 3581 877 3655 justiticantur.
928 3581 1077 3636 Bero
1134 3581 1279 3635 cnim
1334 3596 1522 3637 eorum
1572 3582 1847 3652 proposito
1892 3583 2080 3641 deerat

496 3672 612 3748 sola
639 3673 870 3728 vacatio.
900 3671 965 3726 lli
993 3686 1123 3727 vero
1144 3671 1234 3741 qui
1267 3686 1375 3727 non
1404 3671 1607 3728 habent
1633 3674 1834 3729 bonum
1879 3672 2074 3728 lixam~

494 3780 601 3836 que
626 3765 980 3836 propositum,
1015 3762 1101 3817 vel
1128 3778 1254 3834 erga
1298 3763 1539 3819 divinum
1581 3764 1804 3827 cultum,
1827 3763 1912 3820 vel
1950 3779 2077 3835 erga

495 3871 629 3926 opus
655 3856 877 3920 bonum,
907 3846 1171 3909 vocantur
1197 3854 1411 3924 quidem
1440 3863 1493 3910 et
1533 3855 1655 3925 ipsi,
1700 3870 1767 3910 ne
1803 3855 1884 3911 eis
1910 3870 2077 3909 excu-n

494 3946 631 4002 satio
662 3946 1014 4015 relinquatur,
1052 3953 1107 3999 et
1142 3945 1259 4000 lucc
1305 3946 1421 4016 ipsa
1459 3947 1666 4017 possint
1704 3947 1919 4002 causari
1953 3961 2076 4001 cum

492 4034 823 4104 indicantur.
869 4033 1006 4101 Quia
1034 4042 1089 4090 ct
1110 4050 1209 4090 nos
1239 4036 1285 4091 si
1325 4036 1500 4091 vocati
1531 4036 1840 4101 fuissemus,
1866 4038 2078 4107 potuis-

494 4139 677 4179 semus
697 4125 882 4195 utique
902 4124 1213 4193 justiticari,
1241 4134 1294 4180 et
1320 4142 1426 4181 non
1454 4127 1625 4182 solum
1648 4128 1955 4198 iustificari,
1982 4128 2077 4183 sed

497 4227 552 4272 et
572 4216 879 4288 gloriﬁcari.
910 4218 1034 4273 Ideo
1059 4232 1189 4289 ergo
1217 4227 1475 4273 vocantur
1498 4219 1714 4289 quidem
1742 4227 1796 4273 et
1826 4218 1958 4290 ipsi;
1983 4220 2077 4277 sed

499 4311 653 4379 quasi
678 4310 733 4365 in
770 4319 985 4379 petrosa
1022 4310 1319 4365 seminetur
1346 4326 1551 4377 semen,
1591 4311 1701 4365 cito
1728 4312 1944 4381 quidem
1982 4327 2077 4366 ex-

498 4400 701 4465 oritur;
741 4400 1076 4456 increscente
1129 4409 1309 4456 autem
1338 4402 1739 4457 tribulationum
1785 4402 1917 4468 sole,
1946 4404 2071 4473 quia

494 4506 603 4547 non
636 4490 837 4545 habent
862 4491 1024 4545 altam
1056 4492 1292 4547 radicem
1335 4493 1459 4548 boni
1496 4494 1782 4565 prepositi,
1815 4495 2071 4550 continuo

492 4589 748 4635 arescunt
792 4589 848 4636 et
892 4589 1139 4653 pereunt.
1185 4584 1251 4637 Et
1291 4584 1390 4654 ipsi
1451 4593 1576 4639 sunt
1613 4586 1677 4641 de
1703 4587 1899 4655 quibus
1938 4589 2073 4643 dicit

491 4668 816 4741 Apostolus:
850 4669 954 4736 Qui
994 4671 1436 4745 naufragnverunt
1486 4692 1519 4728 τι
1570 4675 1675 4743 ﬁde
1721 4675 1773 4746 (1
1823 4676 1956 4732 Tim.
2004 4678 2067 4745 ι).

494 4760 640 4827 Quos
664 4775 791 4831 ergo
813 4759 1043 4825 vocavit,
1067 4760 1120 4814 id
1140 4770 1243 4824 eSt,
1267 4776 1402 4831 quos
1422 4764 1714 4818 secundum
1734 4767 2067 4835 propositum

492 4851 618 4907 boni
661 4853 901 4918 vocavit,
946 4852 1063 4908 illos
1107 4836 1517 4925 etjuslilicavit:
1541 4855 1696 4925 Quod
1723 4868 1778 4913 et
1802 4857 1849 4912 si
1873 4874 2069 4915 secuno

492 4941 617 4997 dum
644 4942 974 5013 propositum
1002 4942 1067 4998 ad
1089 4943 1257 4999 Deum
1297 4942 1584 5009 referatur,
1616 4946 1720 5002 hoe
1751 4954 1855 5012 est,
1884 4958 1945 5002 ut
1979 4964 2069 5005 se-

489 5032 723 5087 cundum
747 5033 1076 5104 propositum
1108 5033 1228 5100 Dei,
1266 5033 1355 5104 qui
1378 5035 1558 5090 sciens
1585 5034 1637 5091 in
1659 5036 1740 5091 eis
1759 5037 2065 5109 religiosam

491 5131 750 5189 mentem,
787 5132 842 5178 et
861 5124 1050 5181 salutis
1080 5124 1258 5183 inesse
1284 5127 1630 5195 desiderium,
1659 5131 1833 5188 vocati
1873 5132 2067 5187 dicun-

492 5221 597 5277 tur,
631 5228 736 5268 non
766 5214 1036 5270 videbitur
1067 5215 1155 5271 his
1190 5231 1311 5286 qua:
1361 5219 1708 5288 exposuimus
1753 5221 1916 5279 etiam
1966 5223 2068 5279 hoc

487 5313 607 5356 csSe
660 5304 1010 5359 contrarium.
1064 5303 1179 5361 Hoc
1222 5320 1351 5377 ergo
1395 5317 1554 5377 pacto
1610 5324 1783 5379 neque
1824 5311 1879 5366 in
1928 5327 2067 5382 pra:-

491 5391 711 5446 scientia
740 5393 834 5448 Dei
871 5395 955 5450 vel
992 5396 1182 5452 salutis
1207 5398 1291 5452 vel
1321 5398 1640 5467 perditionis
1677 5412 1875 5458 nostrae
1903 5420 2063 5459 causa

486 5482 761 5545 consistit;
790 5499 962 5556 neque
986 5482 1298 5552 justiticatio
1324 5505 1390 5543 ex
1414 5489 1523 5545 sola
1559 5492 1841 5548 vocatione
1867 5494 2064 5561 pende-

489 5566 605 5634 bit,
646 5584 819 5637 neque
865 5573 1155 5641 gloriﬁcari
1200 5578 1265 5631 de
1318 5589 1499 5635 nostra
1543 5580 1756 5650 penitus
1798 5590 2063 5652 potestate

487 5656 759 5721 sublatum
783 5667 883 5713 est.
912 5663 1046 5716 Nam
1073 5675 1126 5718 et
1150 5668 1191 5721 si
1221 5672 1485 5725 communi
1533 5672 1804 5729 intellectu
1832 5675 1899 5729 dc
1922 5692 2059 5746 prae-

2180 3585 2405 3652 malum,
2443 3602 2548 3641 non
2575 3590 2778 3653 credet,
2811 3605 2917 3644 non
2953 3591 3190 3647 libenter
3216 3593 3403 3656 audiet,
3442 3604 3585 3657 neque
3618 3588 3685 3651 δά-

2178 3673 2359 3733 mittet
2400 3675 2610 3747 ingredi
2638 3686 2872 3733 mentem
2903 3695 3080 3735 suam.
3116 3683 3262 3750 Quos
3305 3698 3424 3752 ergo
3457 3682 3687 3735 secundum

2180 3768 2325 3822 hunc
2350 3767 2527 3823 locum
2572 3771 2789 3839 prtescit
2822 3772 2986 3839 Deus,
3034 3774 3157 3831 illos
3198 3784 3254 3831 et
3299 3774 3619 3846 prmdestinat;
3645 3777 3685 3823 et

2177 3872 2315 3932 quos
2332 3859 2704 3929 prtedestinat,
2728 3862 2848 3918 illos
2874 3871 2929 3917 et
2956 3873 3137 3931 vocat,
3169 3881 3232 3921 ea
3259 3865 3527 3921 vocationis
3547 3859 3684 3916 distin-

2178 3948 2358 4004 ctione
2380 3964 2485 4018 qua
2513 3950 2776 4007 diximus:
2811 3962 2861 4008 et
2891 3970 3027 4025 quos
3060 3964 3238 4023 vocat,
3266 3957 3376 4012 illos
3392 3965 3440 4010 et
3454 3953 3680 4024 justilieat;

2178 4047 2235 4096 et
2271 4055 2408 4109 quos
2437 4040 2723 4109 justiﬁeat,
2779 4044 2901 4100 illos
2946 4055 3001 4101 et
3047 4048 3328 4119 gloriﬁcat.
3378 4047 3446 4102 De
3478 4042 3677 4116 gloriﬁca-

2180 4130 2324 4187 tione
2355 4148 2641 4201 possumus
2682 4144 2737 4189 et
2772 4136 2827 4190 in
2864 4140 3117 4206 praesenti
3146 4140 3335 4195 sasculo
3370 4137 3611 4194 secundum
3636 4132 3682 4185 il-

2176 4220 2267 4277 lud
2296 4223 2614 4295 intelligere,
2642 4227 2785 4295 quod
2808 4229 2941 4283 dicit
2963 4230 3285 4299 Apostolus:
3317 4231 3419 4286 Nos
3437 4239 3580 4283 autem
3600 4240 3678 4278 ωη-

2177 4326 2266 4364 nes
2298 4313 2523 4366 revelata
2546 4313 2684 4381 facie
2713 4314 2937 4386 gloriam
2962 4318 3178 4375 Domini
3209 4322 3522 4391 speculantes,
3545 4315 3676 4368 eadem

2177 4399 2405 4470 imagine
2429 4404 2872 4473 transformamur
2904 4426 2938 4461 a
2965 4408 3135 4479 gloria
3160 4413 3214 4465 in
3233 4411 3464 4481 gloriam,
3487 4418 3674 4475 tanquam

2177 4507 2209 4544 a
2230 4488 2444 4547 Domini
2473 4493 2706 4565 spiritus.
2724 4496 2821 4555 Est
2847 4513 2977 4569 ergo
3006 4508 3057 4553 ct
3082 4502 3195 4557 hate
3224 4502 3382 4571 gloria
3405 4515 3542 4570 quam
3560 4493 3675 4564 justi-

2178 4580 2320 4637 ticati
2344 4584 2546 4654 quique
2590 4586 2643 4640 in
2677 4590 2931 4656 prarsenti
2960 4591 3070 4645 vita
3102 4593 3415 4663 percipiunt;
3450 4599 3523 4645 est
3548 4597 3590 4642 et
3611 4584 3674 4637 illa

2176 4686 2295 4740 quae
2323 4682 2572 4743 speratur
2606 4675 2661 4730 in
2690 4676 2894 4742 futuro,
2926 4696 3048 4735 cum
3080 4697 3272 4750 corpus
3307 4682 3402 4735 hoc
3427 4673 3677 4733 humi'itatis

2175 4770 2374 4818 nostra:
2406 4765 2549 4833 quod
2579 4768 2870 4822 seminatur
2900 4769 2955 4824 in
2984 4772 3320 4843 contumelia,
3349 4780 3501 4839 surget
3526 4762 3669 4833 5’19”

2172 4856 2255 4910 ria
2281 4870 2300 4909 .'
2322 4865 2523 4913 etcum
2550 4861 2683 4913 sicut
2714 4859 2822 4914 alia
2851 4861 3022 4932 gloria
3040 4865 3187 4931 solis,
3209 4864 3313 4918 alia
3330 4859 3620 4933 gloriatum,
3637 4860 3670 4905 τι

2170 4944 2278 5000 alia
2302 4945 2473 5017 gloria
2503 4946 2773 5005 stellarum
2789 4990 2802 5012 ,
2833 4962 2882 5004 et
2903 4952 3055 5006 stella
3079 4954 3144 5007 ab
3171 4952 3315 5007 stella
3340 4951 3496 5024 differt
3525 4947 3568 5003 in
3588 4941 3669 5017 9’0-

2172 5035 2272 5100 ria,
2300 5035 2375 5089 ita
2398 5037 2493 5089 erit
2514 5047 2561 5092 et
2590 5041 2902 5093 resurrectio
2928 5053 3274 5097 mortuorum.

2241 5123 2381 5190 Quid
2406 5142 2527 5197 ergo
2552 5128 2786 5184 dicemus
2814 5131 2884 5185 ad
2909 5132 3020 5187 [nec
3036 5134 3062 5188 ?
3082 5133 3143 5188 Si
3165 5133 3299 5187 Deus
3316 5147 3403 5202 pro
3425 5128 3565 5189 nobis,
3581 5120 3670 5192 quis

2168 5226 2349 5271 contra
2364 5234 2456 5272 nos
2471 5219 2616 5285 iani
2626 5221 2783 5276 etiam
2802 5221 2941 5278 Filio
2953 5242 3050 5279 suo
3062 5228 3265 5296 proprio
3277 5241 3373 5278 non
3383 5219 3588 5291 pepercit.
3599 5209 3665 5265 *εὖ

2170 5325 2265 5379 pro
2285 5310 2430 5365 nobis
2455 5313 2693 5369 omnibus
2727 5316 2946 5372 tradidit
2966 5318 3113 5373 illum
3137 5360 3150 5383 ,
3180 5316 3421 5391 quomodo
3439 5329 3527 5367 non
3545 5307 3662 5361 etiam

2171 5415 2289 5455 cum
2318 5401 2409 5456 illo
2435 5406 2611 5458 omnia
2638 5406 2785 5460 nobis
2806 5408 3061 5464 donabit?
3082 5409 3269 5483 (Orig.)
3304 5410 3429 5463 Deus
3453 5392 3666 5473 quom"th

2170 5503 2269 5557 pro
2295 5492 2449 5546 nobis
2478 5494 2550 5547 sit
2576 5494 2919 5550 manifestum
2944 5507 3030 5552 est
3054 5515 3119 5554 ex
3143 5500 3224 5553 bis
3245 5512 3355 5568 quat
3377 5504 3513 5562 Supra
3533 5495 3658 5551 θιικν

2170 5588 2298 5648 suit,
2344 5585 2396 5638 td
2433 5594 2535 5648 cst,
2575 5587 2720 5655 quod
2752 5587 2985 5656 Spiritus
3021 5591 3112 5647 Dei
3147 5590 3338 5644 habitat
3366 5586 3412 5639 in
3448 5576 3598 5637 nobis;
3620 5576 3660 5621 0i

2168 5676 2310 5747 quod
2350 5676 2581 5747 Spiritus
2616 5679 2838 5745 Christi,
2866 5681 2948 5736 vel
2979 5682 3219 5745 Christus
3246 5683 3293 5737 in
3324 5675 3460 5733 nobis
3482 5677 3575 5725 est:
3596 5660 3657 5714 ἵει
