4026 6180
375 320 518 383 14³15

912 312 1467 378 ENARRATIONUM
1506 316 1574 375 lN
1611 311 1760 373 EPP.
1802 310 1983 372 PAUL

2090 314 2173 369 ιιι.
2216 310 2282 369 v.
2322 346 2392 357 -
2419 310 2487 370 IN
2528 301 2748 371 celsi.
2787 315 2878 371 AD
2919 306 3084 372 non.

3511 317 3646 372 “7b

376 434 519 509 quod
547 431 782 503 Spiritus
818 428 954 499 ejus,
985 431 1080 500 qui
1108 430 1387 486 suscitavit
1423 429 1698 484 Christum
1723 443 1790 484 ex
1822 444 1963 483 mor-
1994 434 2047 489 Α
2071 427 2203 480 riam
2241 426 2394 497 ligari
2419 427 2559 480 circa
2598 427 2789 481 collum
2821 427 2966 498 ejus,
2998 438 3045 480 et
3083 428 3402 497 prwcipitari
3440 444 3556 482 eum
3591 430 3648 483 in

376 525 506 588 tuis,
536 520 747 576 habitat
780 519 833 574 in
869 520 1057 586 nobis;
1088 520 1172 574 vel
1211 519 1352 589 quod
1379 517 1583 589 Spiritu
1611 519 1703 572 Dei
1731 518 1960 587 agimur,

376 615 462 671 vel
495 613 639 683 quod
682 611 934 680 spiritum
975 610 1282 681 adoptionis
1327 611 1664 680 accepimus;
1713 609 1795 663 vel
1824 609 1968 678 quod

376 708 565 762 sumus
614 702 710 757 lilii
743 701 838 756 Dei
869 709 927 757 et
974 701 1235 766 haeredes,
1289 709 1344 755 et
1392 700 1700 755 coltmredes
1729 697 1965 761 Christi;

376 795 461 850 vel
486 792 631 864 quod
654 792 922 862 primitias
947 790 1183 861 Spiritus
1205 791 1534 861 accipimus;
1568 787 1663 865 vel
1682 789 1824 858 quod
1857 788 1970 857 ipse

378 885 615 954 Spiritus
635 881 944 951 interpellat
970 895 1068 951 pro
1090 879 1245 934 nobis
1273 879 1563 950 gemitibus
1596 874 1971 933 inenarrabili-

375 976 507 1041 bus;
530 974 614 1030 vel
635 972 778 1044 quod
802 972 1053 1026 universa
1077 979 1326 1025 creatura
1352 958 1508 1025 nbbis
1539 968 1895 1039 congemiscit
1917 975 1973 1022 et

377 1066 656 1130 condolet;
680 1062 765 1119 vel
785 1062 928 1133 quod
946 1061 1125 1117 omnia
1146 1060 1302 1115 nobis
1318 1067 1681 1129 cooperantur
1695 1058 1749 1112 in
1768 1056 1970 1111 bonum

378 1153 725 1226 diligentibus
765 1152 965 1218 Deum;
996 1149 1081 1206 vel
1108 1149 1253 1220 quod
1294 1148 1589 1205 secundum
1630 1146 1968 1217 propositum

379 1244 555 1298 vocati
581 1256 769 1297 sumus
790 1282 804 1307 ,
837 1249 892 1295 et
923 1239 1260 1311 prtecogniti,
1301 1248 1354 1294 et
1381 1236 1771 1308 prmdestinati,
1808 1246 1863 1291 et
1880 1233 1971 1303 ju-

380 1334 630 1399 stilicati,
660 1341 712 1386 et
744 1331 1048 1403 gloriﬁcati.
1079 1329 1281 1384 Horum
1314 1329 1516 1385 etenim
1546 1328 1788 1384 omnium
1809 1325 1974 1380 veluti

380 1421 781 1493 anacephaleon
798 1419 1111 1493 [epilogum]
1124 1418 1349 1484 faciens,
1366 1427 1421 1473 et
1443 1416 1601 1473 simul
1622 1416 1803 1471 omnia
1825 1430 1978 1484 repe-

383 1525 522 1578 tens,
541 1515 616 1569 ait
644 1530 655 1566 :
684 1512 824 1579 Quid
850 1528 970 1583 ergo
992 1512 1224 1566 dicemus
1249 1511 1319 1564 ad
1339 1512 1450 1566 huic
1466 1511 1491 1564 ?
1510 1508 1625 1565 Hoc
1647 1518 1751 1575 est,
1778 1509 1843 1563 ad
1863 1510 1977 1564 lucc

380 1609 560 1661 omnia
588 1620 708 1676 qua:
734 1618 896 1676 supra
919 1605 1156 1658 diximus
1180 1620 1193 1657 :
1215 1603 1341 1673 quia
1365 1602 1409 1656 si
1434 1603 1512 1657 sic
1532 1601 1675 1657 Deus
1700 1616 1799 1671 pro
1826 1600 1979 1654 nobis

381 1706 488 1761 est,
513 1705 572 1751 ut
597 1695 711 1750 haec
730 1694 885 1749 nobis
908 1702 1104 1749 cuncta
1128 1692 1481 1758 concesserit,
1506 1692 1627 1761 quis
1649 1705 1768 1745 esse
1791 1689 1981 1744 adver-

2067 533 2240 582 marc,
2270 534 2424 586 quant
2458 516 2780 570 scandalizet
2821 534 2982 571 unum
3012 533 3077 571 ex
3099 518 3199 571 his.
3230 517 3372 572 Deus
3397 533 3526 589 ergo
3555 534 3651 589 qut

2065 622 2166 661 nos
2190 607 2454 676 pretiosos
2484 607 2684 677 proprii
2718 604 2839 661 Filii
2883 622 2981 677 pro
3008 607 3163 662 nobis
3190 609 3486 677 pretiosum
3528 608 3634 664 fun-

2068 698 2242 754 dendo
2281 698 2596 768 sanguinem
2636 697 2792 763 fecit,
2826 699 3096 767 quomodo
3123 713 3226 753 non
3251 716 3366 753 cum
3396 700 3505 769 ipso
3541 718 3652 755 om-

2070 786 2158 840 nia
2188 784 2331 839 nobis
2358 784 2617 839 donabit?
2638 784 2780 839 Nihil
2808 794 2893 841 est
2929 787 3096 853 enim,
3126 787 3237 842 sive
3265 787 3510 853 visibilis,
3541 790 3655 844 sive

2070 875 2373 940 invisibilis,
2397 884 2659 930 creatura:
2673 875 2815 944 quod
2834 874 2972 930 Filio
2997 877 3169 947 possit
3194 878 3483 947 aquuari.
3499 878 3655 933 Nullo

2071 968 2212 1022 enim
2243 977 2401 1036 pacto
2429 967 2659 1022 creatori
2689 983 2788 1022 suo
2823 978 3069 1024 creatura
3096 979 3275 1041 potest
3300 971 3554 1026 conferri.
3591 973 3655 1026 Et

2073 1055 2117 1110 si
2153 1063 2364 1109 creator
2388 1055 2504 1126 ipse
2533 1054 2762 1111 donatus
2780 1065 2864 1110 est
2891 1058 3067 1123 nobis,
3101 1060 3369 1128 quomodo
3395 1075 3499 1114 non
3532 1076 3654 1115 cum

2074 1148 2190 1217 ipso
2213 1147 2366 1201 nobis
2385 1148 2561 1201 omnis
2587 1156 2834 1202 creatura
2863 1148 3186 1204 donabitur?
3207 1153 3453 1222 quamvis
3478 1168 3658 1208 sermo

2074 1241 2163 1295 hic
2191 1240 2472 1310 dupliciter
2500 1240 2672 1312 possit
2718 1240 2964 1312 intelligi,
3015 1242 3066 1296 id
3110 1251 3213 1307 est,
3245 1244 3387 1313 quod
3423 1261 3539 1297 cum
3567 1245 3657 1299 illo

2076 1330 2251 1385 omnia
2284 1330 2515 1384 donavit.
2564 1329 2701 1384 Nam
2740 1339 2796 1385 et
2836 1331 2940 1385 hoc
2979 1339 3157 1401 potest
3207 1333 3375 1388 videri
3423 1338 3564 1405 quod
3613 1340 3659 1392 si

2075 1422 2338 1477 habemus
2363 1423 2415 1476 in
2443 1422 2599 1477 nobis
2621 1419 2893 1477 Christum
2920 1426 3211 1479 secundum
3235 1425 3337 1481 hoc
3365 1429 3509 1496 quod
3535 1428 3663 1484 Ver-

2077 1513 2203 1567 bum
2225 1521 2275 1567 et
2298 1513 2580 1582 sapientia,
2610 1522 2665 1568 et
2690 1513 2912 1577 veritas,
2937 1524 2992 1567 et
3009 1512 3239 1581 jnstitia,
3268 1523 3325 1569 et
3348 1532 3452 1586 pax
3478 1526 3580 1583 est,
3611 1529 3665 1572 et

2080 1611 2274 1658 cratera
2308 1602 2488 1657 omnia
2521 1617 2642 1672 quae
2680 1603 2747 1659 de
2775 1618 2838 1659 eo
2867 1604 3067 1673 scripta
3099 1613 3224 1658 sunt
3261 1621 3383 1660 cum
3419 1606 3518 1661 hac
3555 1607 3666 1676 ple-

2081 1691 2323 1746 nitudine
2342 1691 2602 1745 virtutum
2618 1690 2774 1745 nobis
2787 1691 2965 1746 omnia
2980 1692 3341 1758 donabuntnr,
3356 1701 3414 1747 ut
3425 1692 3538 1763 jam
3559 1709 3665 1749 non

382 1802 503 1842 sum
528 1801 626 1841 nos
642 1786 880 1855 poterit?
900 1784 1016 1840 Non
1037 1784 1129 1854 qui
1148 1783 1370 1839 omnino
1393 1785 1662 1838 neminem
1684 1781 1839 1837 nobis
1859 1796 1978 1836 esse
2008 1799 2053 1859 Β
2083 1797 2247 1836 unum
2267 1796 2332 1836 ex
2352 1781 2604 1837 omnibus
2631 1782 2919 1848 creaturis,
2940 1792 2994 1837 et
3007 1798 3233 1852 parvum
3261 1793 3416 1839 terra:
3438 1787 3582 1843 hunc
3596 1788 3669 1843 lo-

384 1882 530 1937 dicat
549 1878 921 1934 adversarium
946 1895 958 1931 :
980 1877 1213 1946 alioquin
1228 1875 1495 1945 quomodo
1511 1875 1673 1930 stabit
1692 1873 1818 1929 illud
1834 1872 1977 1943 quod

385 1971 588 2026 dictum
619 1977 702 2025 est
725 1984 757 2023 a
778 1967 940 2025 Petro
972 1986 983 2023 :
1015 1968 1359 2022 Adversarius
1387 1977 1552 2021 vester
1577 1964 1816 2019 diabolus
1842 1966 1977 2019 sicut

388 2065 468 2118 leo
530 2065 740 2135 rugiens
795 2062 1031 2127 circuit,
1078 2077 1316 2132 qutrrens
1373 2075 1524 2131 quem
1572 2057 1821 2112 devoret?
1872 2055 1979 2112 Sed

387 2156 490 2210 hoc
520 2164 606 2209 est
643 2153 785 2224 quod
815 2152 1069 2218 ostendit,
1119 2151 1246 2222 quia
1286 2151 1396 2207 Deo
1439 2157 1631 2220 agente
1668 2162 1769 2219 pro
1803 2146 1979 2213 nobis,

387 2244 811 2316 contemptibilis
847 2254 901 2299 et
929 2241 1106 2298 nullus
1133 2242 1360 2298 edicitur
1393 2240 1739 2296 adversarius
1772 2247 1977 2294 noster.

389 2336 652 2391 Similiter
675 2344 859 2390 autem
885 2344 940 2389 et
971 2333 1138 2388 David
1164 2332 1295 2388 dicit
1322 2350 1335 2386 :
1372 2331 1628 2386 Dominus
1663 2329 1981 2384 illuminatio

387 2441 506 2482 mea
552 2438 596 2482 et
634 2425 866 2482 salvator
913 2443 1098 2492 meus,
1141 2441 1294 2496 quem
1323 2422 1551 2477 timebo?
1596 2421 1851 2476 Dominus
1894 2419 1984 2474 de-

324 2576 335 2587 \
392 2517 572 2587 {ensor
600 2517 716 2571 vita:
747 2533 876 2571 mea:
895 2557 909 2582 ,
939 2533 971 2569 a
999 2530 1099 2587 quo
1128 2514 1396 2585 trepidabo
1414 2514 1440 2567 ?
1475 2511 1591 2566 Non
1624 2527 1752 2580 ergo
1780 2510 1981 2565 nullum

393 2605 525 2661 dicit
570 2620 689 2660 esse
726 2620 886 2675 quem
916 2612 1153 2668 metuat,
1202 2610 1256 2656 et
1296 2601 1387 2671 qui
1427 2600 1743 2656 adversetur
1767 2600 1857 2665 ei;
1889 2598 1985 2654 sed

394 2694 668 2763 quamvis,
699 2692 903 2761 inquit,
937 2692 1241 2763 appropient
1280 2707 1437 2761 super
1466 2706 1546 2744 me
1579 2700 1633 2743 ut
1673 2688 1830 2743 edant
1868 2705 1987 2741 car-

396 2800 485 2839 nes
519 2800 659 2837 meas
685 2783 776 2853 qui
810 2781 1080 2835 ambulant
1106 2781 1307 2834 inimici
1347 2779 1479 2844 mei,
1514 2787 1725 2842 tamen,
1758 2772 1987 2831 Domino

396 2872 717 2929 defendente
764 2872 930 2925 vitam
978 2885 1187 2935 meam,
1227 2868 1485 2938 inﬁrmati
1529 2877 1649 2922 sunt
1695 2876 1743 2921 et
1793 2865 1989 2920 cecide—

397 2974 540 3018 runt.
575 2962 679 3017 Dat
706 2970 967 3032 przeterea
992 2959 1250 3015 indicium
1281 2959 1576 3013 maximum
1604 2957 1839 3028 ingentis
1859 2970 1987 3026 erga

400 3070 498 3109 nos
524 3053 727 3109 amoris
756 3051 872 3118 Dei,
907 3052 998 3122 qui
1034 3052 1088 3105 in
1115 3060 1324 3105 tantum
1344 3063 1464 3115 nos,
1496 3050 1692 3119 inquit,
1720 3048 1910 3102 dilexit
1931 3056 1991 3101 ut

400 3162 501 3201 nec
525 3146 742 3216 proprio
765 3136 906 3199 Filio
931 3143 1264 3215 pepercerit;
1294 3143 1388 3198 sed
1435 3154 1533 3212 pro
1557 3141 1712 3195 nobis
1737 3140 1988 3195 omnibus

399 3239 466 3294 ad
498 3237 803 3308 passionem
832 3234 1113 3290 tradiderit
1142 3249 1285 3288 eum.
1318 3231 1386 3287 Et
1412 3240 1472 3286 ut
1508 3230 1714 3298 majore
1757 3245 1855 3284 nos
1894 3229 1987 3284 ad-

400 3327 689 3386 miratione
727 3327 1143 3397 constringeret,
1184 3324 1389 3379 addidit
1424 3335 1728 3378 sermonem
1753 3320 1989 3391 ingentis

401 3420 589 3477 arcani
617 3420 893 3474 conscium
915 3417 1121 3479 dicens,
1142 3414 1266 3484 quia
1282 3412 1500 3484 proprio
1521 3411 1657 3466 Filio
1678 3426 1784 3466 non
1808 3424 1992 3481 peper-

403 3513 496 3566 cit.
526 3510 749 3565 Dixerat
776 3508 920 3562 enim
949 3506 1229 3575 superius,
1245 3504 1372 3574 quia
1398 3502 1565 3558 etiam
1592 3515 1690 3557 nos
1714 3501 1805 3572 qui
1828 3501 1989 3571 spiri-

402 3610 517 3653 tum
560 3597 867 3668 ad0ptionis
907 3594 1241 3665 accipimus,
1265 3592 1359 3646 ﬁiii
1388 3592 1484 3647 Dei
1516 3604 1721 3647 sumus.
1754 3590 1830 3647 Ne
1861 3606 1991 3662 ergo

404 3688 677 3745 communi
709 3689 810 3741 ista
837 3685 1190 3757 appellatione
1213 3684 1441 3738 tiliorum
1467 3694 1635 3736 unum
1658 3681 1891 3753 aliquem
1926 3698 1993 3737 ex

408 3780 492 3834 his
520 3779 803 3833 tradidisse
826 3785 1110 3848 putaretur
1128 3775 1218 3846 qui
1241 3775 1294 3828 in
1318 3772 1456 3829 ﬁlios
1468 3773 1795 3828 videbantur
1815 3772 1991 3837 asciti,

409 3867 614 3922 addidit
640 3868 852 3938 proprio
880 3862 1022 3918 Filio
1044 3905 1058 3929 ,
1088 3872 1144 3917 ut
1175 3878 1297 3917 eum
1327 3863 1422 3931 qui
1450 3862 1598 3916 solus
1633 3877 1699 3916 ex
1737 3861 1851 3930 ipso
1887 3861 1996 3913 Deo

412 3958 664 4014 inetl‘abili
706 3958 987 4012 nativitate
1014 3964 1318 4026 generatur,
1347 3956 1678 4009 ostenderet.
1709 3953 1815 4007 Pro
1841 3951 1997 4007 nobis

408 4064 540 4121 ergo
568 4048 819 4102 omnibus
842 4045 1064 4100 tradidit
1108 4045 1277 4109 illum,
1311 4058 1417 4098 non
1446 4042 1537 4097 illa
1578 4041 1866 4111 traditione
1891 4056 1996 4111 qua

410 4142 673 4212 scriptum
694 4148 779 4195 est
799 4137 1022 4192 :Tradet
1046 4150 1218 4192 autem
1245 4137 1413 4207 frater
1438 4137 1656 4207 fratrem
1677 4136 1731 4189 in
1757 4145 1993 4201 mortem,

411 4242 461 4287 et
502 4241 741 4302 parentes
776 4230 917 4301 ﬁlios
967 4244 987 4281 :.
1032 4229 1126 4285 sed
1168 4230 1453 4284 tradidisse
1496 4243 1618 4284 eum
1659 4228 1857 4283 dicitur
1897 4229 1999 4283 hoc

413 4326 530 4392 ipso
555 4324 695 4393 quod
736 4337 860 4378 cum
910 4322 964 4375 in
996 4319 1166 4376 forma
1212 4321 1306 4376 Dei
1348 4327 1516 4385 esset,
1555 4334 1745 4389 passus
1769 4326 1849 4373 est
1875 4332 1999 4372 cum

411 4412 692 4467 exinanire
739 4411 998 4479 seipsum,
1042 4417 1097 4463 et
1141 4407 1365 4462 formam
1417 4406 1558 4462 servi
1604 4406 1902 4476 suscipere,
1948 4412 2003 4460 et

2078 1889 2199 1929 cum
2215 1887 2374 1943 quem
2395 1888 2538 1927 nunc
2551 1873 2796 1927 videmur
2814 1873 3079 1939 habitare,
3105 1884 3382 1932 teneamus
3407 1896 3418 1931 :
3443 1880 3537 1934 sed
3551 1895 3669 1934 om-

2079 1965 2167 2019 nia
2181 1979 2515 2035 qumcunque
2536 1964 2740 2019 creavit
2762 1965 2904 2019 Deus
2928 1965 3153 2019 visibilia
3172 1976 3225 2021 et
3248 1967 3560 2033 invisibilia,
3583 1984 3671 2023 oc-

2078 2055 2221 2109 culta
2241 2064 2297 2109 et
2317 2053 2626 2117 manifesta,
2659 2053 2974 2125 temporalia
3000 2062 3053 2110 et
3071 2066 3273 2111 aeterna
3301 2072 3423 2111 cum
3452 2058 3677 2115 Christo

2077 2146 2283 2215 pariter
2298 2145 2612 2200 habeamus.
2628 2142 2812 2200 Potest
2833 2155 3009 2201 autem
3032 2154 3085 2202 et
3109 2146 3212 2200 alio
3229 2147 3390 2203 modo
3413 2148 3494 2204 sic
3515 2149 3670 2203 intel—

2080 2234 2172 2307 ligi
2196 2235 2337 2305 quod
2362 2234 2498 2289 dixit
2516 2253 2528 2287 :
2545 2232 2677 2288 Cum
2694 2236 2804 2305 ipso
2825 2237 3000 2290 omnia
3022 2236 3166 2292 nobis
3182 2237 3421 2304 donabit,
3440 2238 3540 2294 hoc
3563 2248 3674 2305 est,
3750 2280 3763 2289 .

2081 2324 2183 2396 ipsi
2211 2325 2426 2397 quidem
2460 2334 2527 2380 ut’
2549 2326 2780 2393 haeredi,
2812 2328 2968 2383 nobis
2998 2343 3126 2383 vero
3154 2329 3528 2385 coliteredibus
3555 2328 3679 2399 ejus-

2081 2416 2287 2488 pariter
2318 2432 2437 2471 cum
2473 2417 2589 2487 ipso
2631 2417 2883 2473 universa
2926 2418 3131 2488 perfrui
3158 2419 3374 2475 dabitur
3399 2431 3675 2478 creatura.

2156 2504 2286 2571 Quis
2315 2506 2578 2561 accusabit
2608 2506 2855 2561 adversus
2886 2506 3071 2561 electos
3126 2507 3223 2562 Dei
3245 2509 3270 2562 ?
3298 2508 3533 2583 (Ambr.)
3568 2511 3674 2566 Νε-

2083 2597 2286 2652 minem
2314 2597 2535 2662 audere,
2561 2610 2661 2651 nec
2691 2612 2850 2668 posse
2870 2597 3153 2668 judicium,
3190 2607 3245 2654 et
3274 2601 3677 2669 pnescieutiam

2087 2690 2180 2744 Dei
2206 2689 2258 2743 in
2284 2689 2439 2746 nobis
2490 2698 2789 2745 retractare
2821 2698 3064 2760 apertum
3114 2700 3216 2748 est.
3249 2691 3381 2760 Quis
3417 2702 3504 2749 est
3529 2695 3674 2750 enim

2085 2780 2175 2850 qui
2202 2775 2376 2850 possit
2426 2780 2541 2834 haec
2590 2795 2710 2849 qua:
2759 2777 2903 2836 Deus
2931 2782 3146 2850 probat,
3175 2782 3504 2853 improbare,
3548 2801 3671 2842 cum

2087 2886 2247 2925 nemo
2275 2870 2499 2939 (aqualis
2526 2870 2596 2925 sit
2629 2871 2778 2925 Deo?
2808 2870 2948 2926 Deus
2997 2873 3087 2944 qui
3127 2874 3417 2944 justiﬁcat.
3477 2876 3593 2933 Hoc
3616 2879 3680 2934 itr

2086 2960 2222 3015 Isaia
2257 2959 2521 3030 propheta
2548 2968 2651 3025 est,
2681 2961 2825 3030 quod
2852 2960 2940 3016 hic
2965 2962 3121 3030 quasi
3151 2980 3306 3019 suum
3336 2966 3521 3036 ponit;
3550 2968 3682 3037 quia

2088 3063 2248 3104 nemo
2279 3057 2360 3103 est
2387 3048 2527 3104 alius
2553 3050 2645 3120 qui
2675 3051 2817 3119 quod
2844 3053 3040 3121 probat
3064 3053 3207 3109 Deus
3235 3063 3448 3125 arguat.
3478 3055 3585 3112 Aut
3609 3074 3688 3113 ne’

2015 3166 2060 3228 ρ
2092 3138 2230 3197 forte
2257 3140 2372 3211 ipse
2396 3157 2496 3197 nos
2522 3151 2765 3209 accuset,
2788 3143 2881 3198 sed
2908 3159 3015 3199 non
3038 3153 3217 3214 potest
3236 3147 3379 3216 quod
3394 3147 3677 3217 justilicat,

2092 3245 2372 3286 accusare.
2425 3231 2555 3298 Quis
2608 3242 2682 3287 est
2717 3233 2806 3305 qui
2851 3234 3201 3289 condemnet?
3228 3235 3471 3292 Christus
3519 3237 3681 3294 Iesus

2090 3323 2180 3395 qui
2210 3334 2444 3378 mortuus
2469 3334 2566 3389 est,
2596 3325 2701 3379 imo
2726 3325 2817 3396 qui
2843 3334 2893 3380 et
2915 3328 3165 3392 surrexit,
3188 3326 3278 3398 qui
3307 3338 3385 3383 est
3409 3329 3479 3383 ad
3500 3329 3679 3384 dexte-

2093 3429 2208 3466 ram
2240 3410 2355 3477 Dei,
2384 3413 2472 3485 qui
2499 3413 2655 3467 etiam
2686 3414 2983 3486 interpellat
3005 3432 3100 3487 pro
3132 3417 3300 3471 nobis.
3333 3416 3521 3483 Deum,
3551 3419 3687 3488 quia-

2093 3516 2194 3557 nos
2218 3501 2510 3574 justiﬁeat,
2540 3520 2799 3561 accusare
2828 3522 2929 3562 nos
2962 3514 3123 3579 negat
3147 3525 3161 3561 :
3192 3506 3465 3564 Christum
3500 3517 3688 3565 autem

2096 3592 2353 3649 damnare
2379 3610 2479 3649 nos
2508 3611 2613 3650 non
2642 3611 2834 3664 posse,
2867 3598 2992 3666 quia
3020 3613 3084 3653 eo
3114 3597 3309 3653 ail'ectu
3343 3599 3519 3671 diligit
3561 3616 3689 3665 nos,

2094 3690 2154 3736 ut
2205 3691 2511 3737 moreretur
2557 3699 2657 3753 pro
2695 3685 2870 3749 nobis,
2902 3694 2957 3740 et
2986 3700 3279 3756 resurgens
3307 3702 3521 3758 semper
3560 3706 3687 3745 cau-

2097 3792 2186 3832 sas
2216 3785 2429 3831 nostras
2464 3786 2588 3846 agat
2618 3778 2759 3846 apud
2786 3776 3027 3833 Patrem.
3057 3776 3226 3846 Cujus
3245 3780 3534 3849 postulatio
3566 3799 3694 3838 con-

2098 3867 2262 3920 temni
2291 3881 2398 3920 non
2424 3876 2642 3937 potest,
2662 3867 2788 3936 quia
2820 3868 2873 3931 i_n
2915 3867 3137 3923 dextera
3175 3869 3270 3924 Dei
3297 3879 3399 3935 est,
3449 3872 3554 3928 hoc
3579 3884 3693 3935 est,

2099 3955 2154 4009 in
2185 3956 2392 4011 honore
2419 3943 2563 4025 quod
2592 3955 2734 4011 Deus
2756 3967 2869 4022 est;
2893 3967 2951 4012 ut
2980 3959 3047 4014 de
3076 3960 3186 4015 Deo
3210 3961 3371 4017 Patre
3400 3965 3603 4030 securi,
3631 3974 3695 4022 ett

2098 4044 2315 4101 Christo
2344 4044 2481 4101 Filio
2508 4045 2624 4115 eius
2662 4048 2751 4116 qui
2787 4047 3131 4118 iudicaturus
3168 4059 3288 4117 est,
3335 4053 3387 4108 in
3424 4052 3531 4109 ﬁde
3571 4057 3699 4126 ejus

2099 4139 2363 4194 laetemur.
2397 4133 2535 4194 Hinc
2566 4138 2694 4193 illud
2741 4148 2823 4195 est
2863 4141 3008 4211 quod
3060 4142 3194 4198 dicit
3234 4142 3395 4199 Petro
3445 4146 3698 4214 apostolo

2102 4225 2254 4299 (Luc.
2279 4226 2417 4299 xx“)
2446 4244 2459 4274 τ
2493 4226 2629 4283 Ecce
2666 4231 3017 4299 expostulavit
3045 4231 3296 4298 Satanas,
3327 4244 3383 4286 ut
3414 4251 3501 4289 vos
3526 4238 3693 4291 tientia

2102 4316 2171 4371 let
2192 4327 2247 4371 ut
2274 4318 2508 4372 triticum
2533 4335 2553 4383 ;
2582 4334 2676 4389 ego
2711 4328 2887 4372 autent
2919 4320 3097 4389 rogavi
3115 4337 3211 4390 pro
3253 4332 3321 4387 te,
3372 4339 3435 4376 ne
3474 4324 3694 4393 deﬁciat

2105 4405 2235 4477 ﬁdes
2264 4417 2379 4461 tua.
2412 4405 2609 4479 (Orig)
2657 4404 2885 4463 Videtur
2915 4409 3060 4464 enim
3092 4412 3225 4465 mihi
3257 4413 3396 4481 quod
3420 4414 3524 4480 ait,
3556 4413 3696 4482 Qui!

414 4518 583 4570 usque
609 4502 676 4556 ad
706 4511 932 4555 mortem
963 4500 1142 4555 crucis
1162 4497 1450 4569 pervenire
1476 4514 1490 4550 :
1519 4505 1577 4551 ut
1599 4496 1651 4550 in
1684 4496 1799 4566 ipso
1823 4497 1999 4550 omni-
2027 4530 2078 4589 Β
2104 4497 2368 4551 accusabit
2397 4496 2586 4551 electos
2608 4497 2747 4553 Dei?
2772 4499 2838 4568 de
2863 4499 3078 4555 diabolo
3100 4501 3309 4558 dicere.
3329 4502 3518 4561 Nullus
3541 4507 3695 4562 enim

414 4596 516 4648 bus
547 4592 852 4661 exemplum
893 4590 1213 4645 obedientim
1254 4598 1509 4659 poneret,
1557 4596 1613 4642 et
1637 4586 1782 4641 viam
1825 4601 2003 4641 resur-

416 4681 669 4736 rectionis
693 4680 919 4735 mortuis
939 4679 1190 4748 aperiret.
1221 4678 1326 4734 Pro
1347 4678 1597 4732 omnibus
1630 4691 1758 4745 ergo
1787 4676 2004 4732 tradidit

414 4787 539 4826 eum
566 4789 579 4823 :
611 4785 714 4824 non
744 4769 916 4825 solum
940 4785 1039 4839 pro
1068 4769 1289 4833 sanctis,
1314 4784 1419 4822 non
1443 4767 1614 4822 solum
1644 4781 1742 4837 pro
1768 4767 2001 4837 magnis,

416 4863 514 4917 sed
533 4869 587 4915 et
602 4876 699 4931 pro
714 4861 970 4923 minimis,
994 4869 1046 4914 et
1068 4874 1168 4929 pro
1188 4859 1439 4913 omnibus
1460 4856 1682 4912 omnino
1695 4856 1785 4926 qui
1807 4865 1929 4911 sunt
1946 4857 2001 4911 in

417 4950 657 5007 Ecclesia
695 4951 917 5005 tradidit
964 4948 1157 5004 Filium
1201 4949 1476 5018 proprium
1518 4946 1680 5001 Pater
1726 4964 1739 5000 :
1788 4954 1842 5000 et
1879 4947 2001 5002 ideo

418 5044 632 5099 etiamsi
649 5044 991 5099 minimarum
1007 5041 1235 5110 aliquem
1259 5050 1313 5093 et
1337 5039 1673 5093 infirmorum
1689 5038 1847 5092 lzedat
1859 5039 2000 5107 quis,

420 5137 729 5206 percutiens
755 5135 873 5204 ejus
909 5136 1177 5190 inﬁrmam
1206 5133 1625 5196 conscientiam,
1647 5132 1700 5186 in
1727 5131 2000 5187 Christum

421 5241 649 5298 peccare
668 5226 882 5307 dicitur,
898 5225 1155 5295 quoniam
1177 5223 1393 5292 quidem
1418 5221 1748 5277 scandalizat
1768 5222 2001 5276 animam

424 5331 522 5387 pro
542 5330 647 5385 qua
671 5314 918 5369 Christus
943 5323 1184 5368 mortuus
1209 5322 1310 5366 est.
1330 5311 1463 5378 Quia
1487 5328 1617 5382 ergo
1636 5328 1734 5383 pro
1754 5312 2005 5366 munibus

423 5407 580 5463 nobis
612 5404 831 5461 tradidit
856 5405 1047 5459 Filium
1075 5404 1256 5469 Pater,
1278 5403 1455 5458 nullus
1483 5403 1724 5467 omnino,
1750 5419 1817 5456 ne
1843 5403 2002 5456 mini—

425 5514 547 5554 mus
566 5497 783 5569 quidem
796 5497 887 5567 qui
909 5507 991 5552 est
1011 5498 1063 5552 in
1087 5497 1347 5561 Ecclesia,
1362 5495 1789 5551 contemnendus
1809 5503 1896 5548 est
1916 5513 1928 5547 :
1951 5503 2007 5548 et

428 5590 547 5643 ideo
588 5587 846 5642 Dominus
886 5587 1000 5655 ipse
1035 5586 1248 5641 dicebat
1279 5600 1294 5638 :
1332 5584 1394 5640 Si
1430 5584 1545 5656 quis
1571 5582 2005 5636 scandalizarerit

431 5696 593 5732 unum
617 5696 679 5733 ex
706 5677 911 5748 pusillis
940 5678 1050 5731 istis
1083 5679 1308 5731 minimis
1326 5718 1340 5743 ,
1368 5676 1569 5747 expedit
1612 5673 1801 5729 molam
1833 5676 2008 5728 asina-

2105 4588 2178 4642 ita
2206 4586 2410 4643 electus
2440 4597 2495 4643 et
2523 4588 2597 4643 ita
2626 4604 2876 4660 magnus,
2907 4606 3067 4660 quem
3093 4591 3183 4648 ille
3231 4610 3338 4650 non
3372 4597 3571 4653 audeat
3594 4614 3696 4654 act

2102 4693 2315 4745 cusare,
2346 4677 2451 4735 nisi
2488 4677 2637 4734 illum
2664 4679 2836 4734 solum
2864 4681 2954 4751 qui
2974 4692 3259 4752 peccatum
3288 4701 3392 4740 non
3418 4685 3568 4751 fecit,
3593 4682 3696 4757 qui

2102 4778 2157 4823 et
2184 4770 2397 4825 dicebat
2429 4790 2441 4825 :
2479 4769 2637 4825 Nunc
2692 4772 2825 4826 venit
2852 4774 3091 4845 princeps
3136 4775 3295 4846 hujus
3326 4778 3529 4843 mundi,
3559 4789 3607 4833 et
3629 4781 3695 4833 iis

2101 4879 2184 4917 me
2221 4861 2351 4917 nihil
2372 4864 2564 4917 invenit
2596 4861 2779 4936 (Joan.
2814 4863 2935 4932 xu).
2968 4865 3074 4920 Sed
3102 4869 3348 4936 quamvis
3380 4867 3471 4922 ille
3499 4874 3694 4923 exeras

2106 4956 2401 5026 nequitiam
2439 4956 2699 5026 propositi
2733 4956 2839 5021 sui,
2873 4958 2982 5011 Deo
3024 4955 3355 5024 justilirante
3380 4967 3435 5013 et
3475 4959 3699 5014 delenti!

2102 5050 2241 5104 sicut
2269 5050 2465 5103 nubem
2497 5048 2834 5118 iniquitatem
2873 5047 3166 5103 electorum
3196 5064 3440 5115 suorum,
3469 5060 3523 5107 et
3548 5051 3701 5107 sicut

2104 5141 2387 5210 caliginem
2417 5149 2641 5210 peccata
2661 5156 2847 5195 eorum
2860 5176 2879 5205 ,η
2904 5148 2965 5194 et
2986 5156 3016 5194 a
3050 5142 3322 5210 prioribus
3350 5142 3560 5199 delictis
3593 5162 3700 5202 eos

2105 5229 2481 5292 dealbanteut
2529 5229 2745 5293 nivem,
2775 5237 2831 5284 et
2869 5229 3010 5284 sicut
3062 5231 3240 5287 lauant
3286 5235 3569 5292 candidam
3601 5238 3696 5292 l‘a-‘

2105 5319 2279 5374 ciente
2302 5318 2437 5388 (lsa.
2467 5319 2528 5390 ι),
2555 5321 2683 5389 quid
2712 5322 2957 5392 proﬁciat
3000 5326 3323 5381 accusator?
3350 5326 3453 5383 Sed
3480 5339 3534 5386 et
3561 5344 3691 5388 cum

2107 5410 2353 5465 Christus
2400 5426 2498 5480 pro
2544 5412 2626 5465 eis
2676 5423 2920 5468 mortuus
2956 5413 3055 5479 sit,
3103 5414 3213 5470 imo
3249 5417 3429 5486 potius
3468 5436 3499 5474 a
3541 5414 3705 5480 mor;

2108 5503 2212 5556 tuis
2242 5503 2569 5563 resurrexit.
2602 5516 2658 5557 et
2686 5503 2788 5558 iste
2814 5519 2845 5558 a
2872 5505 3078 5561 dextris
3120 5506 3322 5572 Fatris,
3350 5518 3405 5561 et
3434 5509 3684 5581 interpel-

2107 5599 2181 5652 let
2209 5614 2304 5668 pro
2336 5600 2437 5663 eis,
2465 5601 2585 5670 quis
2611 5615 2705 5654 eos
2745 5601 2945 5669 poterit
2993 5603 3397 5656 condemnare?
3424 5603 3480 5658 lu
3528 5621 3685 5676 supe-

2110 5688 2361 5755 rioribus,
2396 5688 2622 5745 Sanctus
2647 5690 2878 5759 Spiritus
2910 5690 3225 5756 interpellat,
3257 5691 3446 5760 inquit,
3475 5712 3568 5765 pro
3594 5713 3681 5749 no-
