4026 6180
512 262 648 318 14³15

1108 259 1174 316 Β.
1214 257 1465 314 R‘ABANI
1503 255 1721 314 MAUBJ
1756 254 2072 311 ARCHIEP.
2115 247 2422 311 MOGUNT.
2463 251 2745 312 OPERUII
2783 255 2960 314 PARS
2995 251 3089 313 Ill.

3565 263 3670 325 “76

507 377 586 430 bis
632 373 905 447 gemitibus
946 372 1424 436 inenarrabiltbus;
1465 371 1552 425 hic
1604 367 1841 424 Christus
1903 366 2080 431 Iesus,
2111 369 2158 426 Α
2185 381 2302 418 mus
2329 377 2540 437 propter
2581 385 2700 422 eum
2727 369 2818 438 qui
2866 367 3050 422 dilexit
3091 383 3205 422 nos.
3237 367 3402 440 (Δις.)
3431 371 3677 445 Qualem

506 467 596 537 qui
616 473 854 518 mortuus
879 474 976 530 est,
1009 471 1058 518 et
1083 464 1384 526 resurrexit,
1416 462 1531 530 ipse
1555 459 1851 530 interpellat
1871 475 1965 528 pro
1995 474 2088 512 no-

506 555 606 610 bis.
639 554 781 609 Deus
825 553 916 624 qui
964 545 1241 623 preprium
1289 543 1484 605 Filium
1535 548 1758 604 tradidit
1786 563 1885 618 pro
1913 546 2086 612 nobis,

509 644 624 714 ipse
643 643 908 714 justiticat
927 641 1128 696 electos
1149 656 1164 694 :
1186 641 1310 710 quis
1336 640 1440 694 erit
1460 639 1600 693 ultra
1630 637 1720 707 qui
1743 637 1940 692 audeat
1962 651 2092 691 con-

509 733 807 789 demnare?
835 730 943 787 Sed
981 727 1287 801 diligentius
1323 731 1536 786 intuere
1563 729 1830 800 quomodo
1858 728 2088 797 Aposto-

507 823 592 878 lus
637 837 900 891 nusquam
931 818 983 875 in
1011 816 1350 899 sermonibus
1377 819 1490 876 suis
1519 811 1589 876 ab
1634 819 1794 874 insita
1825 819 1926 874 sibi
1956 834 2088 874 cau-

509 912 613 967 tela
653 912 897 968 discedat
927 929 944 965 :
977 908 1091 965 Non
1121 911 1280 966 dixit.
1312 905 1444 978 Quis
1485 907 1762 964 accusabit
1803 910 2087 964 adversum

508 1013 759 1068 vocatos,
810 1003 905 1057 sed
962 1002 1236 1056 adversum
1295 1001 1502 1054 electos.
1565 993 1680 1054 Nisi
1727 999 1870 1054 enim
1921 997 2090 1053 fueris

506 1095 732 1156 electus,
768 1093 870 1149 nisi
901 1093 956 1148 in
1004 1090 1256 1147 omnibus
1307 1101 1359 1163 te
1395 1084 1707 1146 exilibueris
1757 1088 2088 1160 probabilem

507 1183 636 1248 Deo,
665 1182 891 1238 habebis
914 1189 1306 1236 accusatorem.
1339 1172 1400 1234 Si
1450 1176 1596 1234 enim
1637 1187 1921 1233 causatua
1944 1177 2087 1232 mala

505 1281 608 1336 est,
633 1271 676 1326 si
707 1281 760 1327 te
787 1279 936 1326 tuum
963 1269 1168 1324 crimen
1198 1267 1471 1341 astringit,
1521 1268 1651 1338 quid
1701 1267 1796 1322 tibi
1843 1267 2089 1336 proderit

505 1363 830 1426 advocatus,
887 1359 1098 1416 etiamsi
1130 1357 1290 1415 Jes‘us
1328 1360 1399 1414 sit
1438 1359 1530 1430 qui
1578 1351 1902 1428 interpellat.
1930 1353 2088 1414 Jesus

507 1453 650 1505 enim
673 1451 874 1506 veritas
899 1461 984 1506 est
1014 1467 1027 1504 :
1059 1454 1370 1520 non-potest
1392 1463 1522 1520 ergo
1552 1463 1652 1520 pro
1669 1457 1730 1503 te
1752 1442 1955 1503 veritas
1981 1444 2084 1502 fal-

507 1541 642 1597 lere.
687 1542 746 1596 ln
770 1542 874 1597 hoc
905 1541 1000 1596 tibi
1025 1539 1377 1612 opitulabitur
1422 1541 1738 1608 advocatus,
1771 1552 1840 1595 ne
1867 1555 2088 1595 accusa-

507 1631 643 1685 toris
670 1631 956 1686 calumniis
982 1630 1293 1696 involvaris,
1326 1647 1396 1686 ne
1423 1629 1516 1686 tibi
1540 1627 1818 1701 prieterita
1840 1641 2083 1702 peccata,

2193 457 2344 524 dicit,
2382 457 2513 524 Quis
2546 477 2638 515 nos
2681 461 2940 531 separabit
2968 477 3002 514 α
3024 460 3278 514 charitate
3313 459 3522 518 Christi?
3551 465 3680 522 tribu-

2191 544 2340 612 latio,
2368 549 2636 618 angustia,
2665 566 2736 603 an
2761 551 3050 617 persecutio
3072 550 3100 604 .°
3143 559 3198 605 et
3235 562 3437 617 camera,
3461 569 3518 608 ex
3553 571 3678 627 sape-

2193 635 2335 690 riore
2376 637 2595 704 pendet,
2649 637 2739 690 ubi
2772 638 2872 703 ait,
2921 636 2979 692 Si
3031 649 3207 693 tamen
3236 643 3680 709 contpatimur,utet

2189 725 2583 796 gloriﬁcemur;
2609 727 2848 781 existimo
2903 729 3041 782 enirn
3081 728 3220 799 quod
3263 747 3364 785 non
3404 743 3508 786 sunt
3542 737 3682 790 condi-

2188 830 2306 884 gnw
2331 817 2598 884 passiones
2625 815 2784 886 hujus
2833 818 3082 888 temporis
3123 818 3195 872 ad
3235 817 3453 888 futuram
3493 822 3678 892 glorias,

2188 919 2306 974 qua:
2345 903 2655 958 revelabitur
2693 906 2748 960 in
2781 905 2947 960 nobis.
2989 905 3078 961 Ad
3120 907 3290 978 ipsam
3316 909 3446 963 enim
3477 910 3680 968 hortatio-

2189 1008 2311 1048 nem
2339 994 2518 1048 omnis
2546 994 2703 1064 huius
2752 995 2860 1051 loci
2915 995 3148 1050 intentio
3202 996 3395 1052 directa
3444 1008 3532 1064 est,
3555 1015 3610 1055 ae
3628 1003 3682 1058 illi

2189 1084 2386 1154 quibus
2424 1084 2664 1155 loquitur
2686 1086 3159 1155 persecutionibus
3188 1083 3550 1158 frangerentur,
3571 1092 3609 1145 si
3628 1094 3683 1146 vi-

2188 1182 2376 1228 verent
2401 1173 2700 1228 secundum
2727 1174 3074 1244 prudentiam
3123 1177 3322 1242 carnis,
3349 1191 3446 1246 qua
3471 1186 3680 1248 tempora-

2189 1261 2261 1317 lia
2307 1261 2445 1316 bona
2475 1270 2826 1332 appetuntur,
2854 1271 2910 1317 et
2950 1263 3218 1318 timentur
3257 1263 3540 1334 temporalia
3563 1266 3681 1322 mala.

2190 1349 2385 1423 (0rig.)
2398 1351 2504 1406 Pro
2518 1353 2623 1418 his,
2638 1352 2830 1421 inquit,
2841 1353 3120 1419 omnibus,
3133 1369 3253 1424 qua:
3262 1369 3413 1424 supra
3423 1359 3686 1412 enumerari-

2188 1456 2330 1506 mus,
2361 1441 2414 1498 id
2457 1449 2564 1508 est,
2599 1443 2741 1512 quod
2768 1441 2883 1511 jam
2911 1459 3020 1500 non
3071 1459 3259 1500 sumus
3283 1445 3336 1500 in
3363 1461 3524 1514 carae,
3547 1448 3622 1503 sed
3643 1450 3681 1502 in

2187 1531 2380 1602 spiritu
2399 1548 2414 1597 ;
2435 1541 2493 1586 et
2509 1533 2651 1604 quod
2669 1532 2904 1604 Spiritus
2916 1533 3015 1590 Dei
3037 1527 3248 1590 habitat
3267 1537 3318 1590 in
3339 1537 3500 1598 nobis:
3521 1549 3566 1592 et
3579 1541 3683 1607 quid

2188 1618 2436 1676 Christus
2469 1622 2523 1676 in
2555 1623 2714 1678 nobis
2763 1632 2867 1691 est,
2918 1640 3019 1696 per
3068 1640 3235 1696 quem
3292 1639 3472 1697 corpus
3517 1629 3680 1697 quidem

507 1736 628 1791 qua:
680 1735 774 1792 per
821 1720 1148 1792 baptismum
1195 1721 1372 1776 deleta
1421 1726 1569 1788 sunt,
1630 1721 1980 1791 imputentur.
2024 1719 2082 1777 Si

2113 1717 2160 1778 Β
2189 1716 2457 1764 mortuum
2487 1719 2571 1765 est
2594 1721 2816 1781 propter
2842 1721 3150 1781 peccatum,
3181 1713 3396 1782 spiritus
3432 1725 3582 1770 autem
3602 1717 3681 1770 vita

506 1827 636 1868 vero
662 1821 784 1882 post
809 1813 926 1868 haec
946 1813 1142 1868 iterum
1169 1813 1470 1882 delinquas,
1500 1828 1601 1868 nec
1624 1807 1745 1868 ullis
1769 1814 1886 1869 haec
1913 1813 2086 1883 paeni-

509 1904 691 1959 tentiae
726 1903 981 1973 lacrymis
1007 1903 1200 1969 diluas,
1228 1897 1529 1959 accusatori
1565 1905 1659 1958 tuo
1685 1895 2008 1960 criminandi
2031 1915 2087 1960 te

508 1991 790 2047 materiam
839 1990 1013 2046 dabis.
1047 1990 1114 2046 Et
1165 1992 1412 2062 quamvis
1459 1989 1618 2048 Jesus
1653 1992 1960 2064 interpellet
1987 2008 2087 2064 pro

507 2081 685 2146 nobis,
736 2096 842 2136 non
871 2087 1050 2150 potest
1098 2091 1275 2135 tamen
1327 2081 1510 2136 dicere
1540 2080 1699 2138 Jesus
1725 2084 1976 2139 tenebras
2008 2077 2090 2138 lu-

507 2187 626 2227 cem
653 2187 794 2238 esse,
846 2185 1022 2242 neque
1065 2187 1309 2227 amarum
1340 2173 1517 2228 dulce.
1571 2173 1630 2230 Si
1675 2191 1806 2246 ergo
1849 2176 1932 2232 vis
1965 2177 2088 2232 vin-

507 2277 631 2318 cere
660 2278 782 2318 cum
803 2261 1095 2332 iudicaris,
1124 2263 1208 2320 fac
1235 2265 1378 2334 quod
1417 2265 1483 2320 de
1503 2263 1658 2334 justo,
1677 2266 1937 2336 scriptum
1960 2274 2044 2322 est
2069 2286 2082 2322 :

506 2351 732 2422 Dispone
746 2368 1006 2406 sermones
1031 2361 1148 2407 tuos
1169 2353 1223 2407 in
1237 2348 1438 2423 judicio
1462 2352 1636 2427 (Psal.
1659 2355 1802 2428 cst);
1835 2355 2087 2429 Pra’para

505 2457 663 2511 opera
682 2449 774 2494 tua
794 2440 865 2494 ad
887 2441 1120 2507 exitum;
1151 2440 1408 2497 Memento
1434 2443 1831 2498 nouissimorum
1852 2454 2085 2510 tuorum,

505 2541 553 2585 et
584 2532 638 2585 in
670 2539 922 2586 aeternum
951 2543 1054 2586 non
1080 2531 1317 2602 peccabis
1347 2531 1537 2605 (Eccli.
1570 2533 1668 2606 vn)
1701 2551 1715 2588 :
1745 2550 1812 2590 ne
1839 2531 1932 2592 tibi
1960 2551 2089 2592 con-

508 2623 679 2692 tingat
714 2621 843 2678 illud
889 2623 1033 2693 quod
1082 2623 1149 2679 de
1192 2624 1425 2694 quodam
1474 2619 1732 2696 scriptum
1781 2636 1864 2682 est
1903 2647 1916 2681 :
1955 2626 2087 2682 Cum

508 2712 810 2778 iudicatur,
837 2723 985 2768 exeat
1010 2713 1384 2769 condemnatus
1409 2713 1582 2788 (Psal.
1611 2715 1762 2786 cvu).
1800 2710 1932 2772 Vide
1957 2733 2089 2787 quo-

507 2802 665 2858 modo
705 2801 923 2868 audias,
961 2803 1086 2872 quia
1113 2800 1270 2858 Jesus
1313 2803 1605 2875 interpellat
1633 2823 1728 2877 pro
1767 2807 1934 2862 nobis.
1969 2807 2088 2878 Ipse

505 2901 590 2948 est
623 2892 792 2960 enim,
829 2895 895 2949 de
937 2909 1046 2964 quo
1074 2901 1130 2950 et
1163 2894 1290 2951 alibi
1333 2896 1596 2965 scriptum
1627 2905 1726 2962 est,
1769 2898 1893 2969 quia
1925 2897 2089 2952 Pater

509 2987 762 3040 neminem
813 2986 1049 3057 judicat,
1080 2987 1172 3042 sed
1227 3005 1378 3043 omne
1421 2989 1700 3059 judicium,
1743 2990 1885 3046 dedit
1940 2985 2085 3046 Filio

2187 1807 2408 1871 propter
2425 1799 2899 1869 iustiﬁcationem;
2933 1809 2992 1858 et
3014 1801 3288 1874 quodjam
3315 1819 3414 1859 non
3441 1820 3593 1861 sumus
3613 1808 3681 1864 de-

2186 1890 2392 1946 bitores
2426 1892 2606 1946 carnis
2641 1900 2701 1946 ut
2741 1893 3040 1948 secundum
3071 1909 3293 1950 carnem
3327 1897 3562 1962 vivamus,
3591 1899 3680 1968 quia

2188 1981 2379 2051 spiritu
2407 1989 2561 2038 actus
2587 1983 2765 2038 carnis
2792 1983 3270 2052 mortiﬁcavimus;
3290 1993 3344 2042 et
3365 1987 3490 2056 quod
3507 2003 3588 2058 per
3605 1988 3682 2056 spis

2189 2073 2351 2128 ritum
2391 2070 2695 2144 adoptionis
2737 2074 2831 2131 lilii
2870 2077 2966 2132 Dei
3011 2076 3190 2134 ellecti
3236 2093 3438 2144 sumus,
3471 2087 3518 2134 et
3540 2079 3578 2133 si
3594 2079 3678 2138 ﬁlii.

2187 2162 2349 2218 etiam
2406 2159 2648 2220 haeredes
2697 2161 2816 2232 Dei,
2865 2167 3181 2224 cohazredes
3227 2178 3396 2224 autem
3435 2168 3622 2232 Christi;
3641 2179 3682 2223 et

2186 2254 2328 2326 quod
2355 2253 2605 2312 universa
2628 2263 2878 2313 creatura
2906 2260 3264 2330 congemiscit
3303 2260 3445 2316 nobis
3463 2269 3510 2315 et
3527 2261 3677 2315 conde

2187 2347 2281 2415 let,
2318 2347 2700 2404 revelationem
2727 2349 2959 2406 ﬁliorum
3012 2352 3110 2408 Dei
3156 2362 3482 2424 exspectans;
3513 2351 3680 2421 etquod

2187 2431 2532 2508 diligentibus
2559 2439 2715 2495 nobis
2762 2433 2930 2496 Deum
2969 2443 3158 2498 omnia
3196 2441 3585 2513 eooperanturin
3611 2441 3680 2494 bo.

2187 2539 2347 2591 num;
2390 2534 2446 2583 et
2475 2528 2618 2596 quod
2665 2530 2937 2599 prtescivit
2979 2540 3038 2586 et
3077 2533 3460 2604 praedestinavit
3482 2547 3562 2586 nos
3583 2545 3680 2584 con-

2189 2613 2390 2676 formes
2413 2621 2663 2692 imaginis
2687 2623 2809 2678 Filii
2833 2623 2938 2690 sui,
2969 2625 3068 2696 qui
3100 2626 3384 2680 secundum
3419 2622 3678 2694 propasiuim

2186 2711 2372 2770 vocati
2398 2728 2588 2768 sumus
2620 2731 2632 2767 :
2669 2727 2791 2767 cum
2829 2723 2929 2783 pro
2977 2714 3086 2781 his,
3119 2716 3307 2786 inquit,
3327 2713 3541 2770 omnibus
3560 2713 3679 2767 bene-

2189 2799 2326 2856 tlciis
2369 2817 2490 2872 qua:
2531 2802 2809 2858 consecuti
2848 2819 3080 2870 sumus,
3113 2805 3204 2860 ﬁxi
3246 2812 3298 2858 et
3322 2802 3517 2859 radicati
3539 2814 3676 2857 sumus

2190 2890 2244 2944 in
2292 2891 2558 2947 cbaritate
2605 2892 2730 2958 Dei,
2769 2893 2894 2964 quis
2922 2909 3026 2949 nos
3053 2894 3123 2949 ab
3153 2909 3217 2949 ea
3247 2893 3432 2963 poterit
3451 2887 3678 2961 separare?

2191 2979 2490 3040 Tribulatio
2519 2983 2563 3039 si
2595 2985 2826 3052 venerit,
2877 2985 3126 3041 dicemus
3151 2984 3218 3039 d
3245 2985 3401 3038 Deum
3429 2999 3442 3036 :
3468 2979 3524 3035 In
3556 2977 3678 3032 mbu-

509 3073 691 3145 (Joan.
723 3073 817 3147 v);
851 3085 908 3132 et
953 3077 1097 3132 sicut
1159 3077 1274 3148 ipse
1299 3086 1384 3134 est
1433 3079 1611 3135 boatia
1641 3090 1696 3136 et
1721 3081 1993 3148 sacerdos,
2032 3090 2088 3136 ει
2113 3061 2159 3124 C
2189 3074 2384 3130 latione
2435 3073 2674 3129 dilatasti
2731 3091 2813 3130 me
2858 3073 3039 3146 (Psal.
3073 3076 3172 3146 tv).
3222 3073 3458 3146 Augustis
3499 3072 3534 3126 si
3557 3067 3678 3122 fuerit

509 3165 624 3236 ipse
646 3173 732 3221 est
772 3167 826 3220 in
859 3165 1030 3221 forma
1067 3168 1208 3222 servi
1242 3177 1298 3223 et
1341 3168 1394 3223 in
1426 3168 1601 3224 forma
1643 3169 1756 3236 Dei,
1789 3167 1868 3226 sic
1895 3168 2010 3240 ipse
2033 3179 2088 3226 et

508 3256 800 3310 advocatus
828 3265 882 3309 et
903 3253 1090 3323 iudex.
1122 3255 1351 3328 (Ambr.)
1405 3257 1519 3312 Hoc
1564 3273 1694 3328 ergo
1733 3260 1893 3314 molo
1921 3261 2088 3315 inter-

505 3345 672 3415 pellat
695 3359 794 3414 pro
824 3344 981 3399 nobis
1011 3343 1300 3413 Salvator;
1335 3345 1513 3402 sciens
1533 3348 1678 3402 enim
1702 3349 2086 3418 impudentiam

507 3444 564 3490 et
591 3433 924 3489 altitudinem
971 3432 1268 3490 adversarii
1312 3437 1504 3499 nostri,
1535 3450 1658 3492 cum
1697 3453 1756 3494 se
1784 3449 2091 3498 coxitmovet

509 3523 796 3578 adversum
820 3535 942 3586 nos,
975 3523 1022 3576 si
1050 3537 1158 3576 non
1205 3523 1256 3578 ei
1301 3525 1688 3593 aSsentiamus,
1729 3522 1980 3585 Salvator
2008 3523 2090 3584 in-

512 3611 759 3682 terpellat
783 3626 879 3682 pro
903 3612 1081 3678 nobis,
1138 3627 1210 3669 ne
1255 3613 1457 3686 aliquid
1509 3615 1772 3673 violenter
1799 3629 2092 3690 praesumat

510 3705 656 3759 circa
704 3718 824 3770 nos,
855 3714 918 3758 ut
964 3713 1216 3759 arceatur
1262 3705 1549 3762 insolentia
1595 3708 1731 3780 ejus.
1773 3706 1887 3766 llac
1925 3727 2089 3768 causa

513 3803 696 3850 tamen
733 3793 935 3848 dicitur
962 3793 1130 3849 Filius
1154 3794 1517 3865 interpellare,
1547 3813 1670 3854 cum
1702 3799 1816 3872 ipse
1844 3811 1968 3874 agat
2003 3812 2087 3858 to-

513 3891 650 3948 tum,
681 3895 738 3940 et
763 3883 986 3954 .equalis
1021 3883 1092 3940 sit
1124 3885 1235 3942 Deo
1264 3884 1446 3955 Patri;
1479 3897 1534 3944 et
1573 3889 1700 3960 quia
1728 3907 1869 3948 unus
1893 3894 2091 3950 dicitur

513 3973 676 4040 Deus,
707 3987 776 4028 ne
826 3973 989 4030 Pater
1015 3983 1070 4030 et
1089 3975 1262 4032 Filius
1309 3977 1618 4050 singularis,
1659 3977 1746 4036 vel
1783 3984 1909 4040 unio
1935 3993 2088 4056 puta-

513 4073 686 4130 retur,
730 4063 798 4118 ad
849 4079 1204 4134 personarum
1255 4066 1656 4125 distinctionem
1719 4073 1799 4128 sic
1854 4074 2092 4144 loquitur

513 4151 810 4224 Scriptura,
841 4162 976 4210 utet
997 4153 1193 4209 Filium
1223 4170 1329 4210 non
1359 4156 1631 4228 disparem
1663 4161 1841 4217 tradat
1866 4181 1879 4218 :
1911 4173 1967 4220 et
1989 4165 2091 4221 Pa-

511 4253 673 4309 trem,
701 4244 828 4314 quia
872 4243 1037 4299 Pater
1071 4255 1172 4308 est,
1213 4253 1270 4300 et
1297 4246 1424 4315 quia
1469 4248 1538 4304 ab
1569 4249 1687 4318 ipso
1729 4263 1855 4307 sunt
1883 4255 2087 4320 omnia,

509 4333 785 4404 praeferat.
843 4331 1046 4406 (ϐυ-ες.)
1078 4333 1366 4405 Unigenito
1419 4338 1562 4392 enim
1587 4338 1723 4394 Filio
1749 4357 1849 4412 pro
1873 4343 2090 4401 homine

512 4426 856 4496 interpellare
899 4435 982 4481 est
1014 4426 1154 4496 apud
1207 4435 1537 4484 coaeternum
1589 4431 1804 4488 Patrem
1853 4437 2090 4506 seipsum

512 4518 784 4572 hominem
834 4517 1234 4583 demonstrare;
1286 4519 1444 4589 eique
1491 4536 1590 4591 pro
1635 4523 1870 4580 humana
1900 4534 2091 4582 natura

514 4620 734 4677 rogasse
756 4613 842 4661 est
864 4605 1110 4661 eamdem
1147 4616 1394 4664 naturam
1423 4609 1478 4666 in
1501 4611 1820 4670 divinitatis
1847 4631 1959 4671 sua:
1985 4617 2094 4672 ccl-

513 4697 803 4752 situdinem
835 4697 1157 4766 suscepisse.
1185 4697 1495 4770 luterpellat
1521 4701 1686 4773 igitur
1710 4704 1968 4764 Dominus
1995 4727 2094 4780 pro

517 4788 673 4844 nobis
721 4803 826 4842 non
877 4802 1036 4853 voce,
1081 4788 1172 4842 sed
1206 4790 1576 4858 miseratione,
1605 4793 1730 4863 quia
1765 4799 1910 4866 quod
1941 4799 2094 4854 dam-

516 4885 631 4940 nari
662 4885 715 4939 in
743 4884 928 4940 electis
969 4884 1154 4947 noluit,
1195 4887 1538 4956 suscipiendo
1571 4887 1834 4944 liberavit.
1867 4890 2092 4963 Adjutor

515 4989 645 5046 ergo
657 4977 937 5046 quaeritur,
957 4975 1354 5031 utdesiderium
1375 4979 1714 5046 exaudiatur,
1731 4979 1856 5051 quia
1872 4983 1971 5037 nisi
1996 5000 2092 5053 pro

517 5069 674 5122 nobis
699 5067 1060 5138 interpellatio
1092 5069 1405 5124 mediatoris
1444 5070 1830 5137 intercederet,
1861 5075 1928 5128 ab
1964 5091 2094 5129 aure

520 5159 612 5214 Dei
639 5158 828 5229 procul
865 5160 1028 5215 dubio
1059 5169 1368 5214 nostrarum
1410 5175 1628 5230 precum
1661 5177 1821 5218 voces
1851 5164 2090 5219 silerent.

590 5251 720 5316 Quis
747 5267 870 5321 ergo
894 5268 987 5305 nos
1016 5251 1277 5322 separabit
1317 5269 1348 5306 a
1377 5251 1630 5307 charitate
1657 5253 1889 5310 Christi?
1930 5257 2095 5311 tribu-

520 5339 685 5395 latio?
707 5359 775 5396 an
799 5343 1042 5412 angustia
1065 5343 1090 5396 γ
1115 5360 1183 5396 an
1210 5343 1541 5412 persecutio?
1569 5361 1638 5398 an
1669 5346 1873 5416 fames?
1901 5365 1972 5401 an
1997 5367 2092 5403 nu-

521 5431 656 5486 ditas
679 5435 702 5486 ?
725 5452 793 5488 an
820 5433 1150 5505 periculum?
1177 5452 1245 5488 an
1275 5434 1524 5506 gladius?
1551 5439 1685 5492 sicut
1709 5441 1955 5504 scriptum
1977 5453 2050 5496 est
2075 5459 2093 5496 :

525 5518 660 5585 Quia
689 5533 894 5593 propter
925 5533 974 5578 te
1017 5523 1400 5592 mortiﬁcamur
1435 5535 1542 5582 tota
1577 5528 1678 5592 die,
1725 5531 1971 5584 a‘stimati
2007 5551 2094 5588 su-

525 5627 637 5665 mus
667 5623 720 5665 ut
743 5631 857 5668 ores
906 5615 1178 5670 occisionis
1205 5633 1222 5670 :
1250 5617 1341 5670 sed
1389 5617 1442 5672 in
1488 5619 1570 5674 bis
1603 5623 1842 5678 ontnibns
1877 5641 2093 5694 snpera-

2187 3167 2396 3234 mundi,
2439 3175 2496 3222 et
2538 3183 2607 3222 ex
2659 3167 2985 3224 necessitate
3010 3169 3260 3239 corporis
3285 3166 3498 3229 veniens,
3521 3161 3678 3231 sapien-

2187 3257 2278 3312 tiae
2302 3259 2416 3322 Dei,
2444 3266 2498 3314 et
2526 3258 2766 3314 scientia:
2795 3259 3140 3315 latitudinem
3192 3259 3515 3329 requiremus,
3537 3254 3578 3306 in
3597 3263 3678 3318 qua

2188 3363 2294 3402 non
2323 3357 2612 3419 angustare
2645 3363 2751 3404 non
2777 3359 2958 3418 potest
2995 3351 3250 3406 mundus.
3293 3347 3476 3403 Redibo
3498 3343 3608 3398 enim
3627 3339 3676 3393 ad

2190 3434 2593 3508 Scripturarum
2645 3439 2948 3494 divinarum
2983 3441 3342 3512 amplissimos
3367 3450 3585 3504 campos:
3611 3431 3675 3483 in-

2189 3528 2458 3586 tellectum
2486 3531 2640 3587 verbi
2689 3531 2786 3588 Dei
2841 3531 3144 3602 spiritalem
3197 3531 3467 3600 requiram,
3492 3533 3537 3579 et
3569 3519 3675 3576 nulla

2189 3632 2276 3676 me
2303 3620 2358 3676 in
2403 3636 2470 3677 eo
2513 3621 2814 3677 coarctabit
2853 3623 3127 3692 angustia.
3158 3622 3261 3678 Per
3285 3617 3547 3692 largissima
3567 3611 3674 3668 enim

2189 3713 2364 3784 spatia
2400 3712 2764 3784 intelligentia:
2809 3714 3054 3785 mystica:
3099 3723 3154 3769 et
3188 3709 3428 3783 spiritalis
3463 3699 3672 3776 equitaba-

2189 3797 2624 3863 Persecutionem
2643 3807 2690 3862 si
2714 3807 2908 3876 patiar,
2937 3816 2994 3861 et
3015 3806 3276 3863 conﬁtear
3287 3803 3525 3860 Christum
3541 3805 3672 3850 meum

2190 3913 2374 3954 coram
2400 3897 2728 3962 hominibus,
2755 3906 2935 3952 certus
2975 3912 3100 3952 sum
3125 3898 3247 3969 quia
3275 3903 3328 3950 et
3348 3893 3428 3948 ille
3457 3903 3528 3944 me
3544 3879 3672 3940 conli-

2192 3987 2392 4043 tebitur
2423 4003 2605 4042 coram
2637 3986 2797 4042 Patre
2823 4001 2922 4041 suo
2951 3986 3048 4058 qui
3074 3988 3128 4042 in
3159 3985 3305 4042 etatis
3329 3991 3406 4039 est
3425 3976 3597 4052 (Matth.
3613 3970 3670 4036 1)·

2191 4075 2385 4132 Fames
2418 4078 2464 4132 si
2494 4075 2748 4142 adfuerit,
2780 4075 3001 4132 turbare
3036 4089 3126 4132 me
3177 4089 3280 4130 non
3329 4075 3485 4142 potest
3509 4081 3524 4117 :

2190 4170 2335 4223 enim
2364 4183 2558 4240 panem
2589 4169 2714 4224 vita:
2745 4169 2835 4240 qui
2874 4169 2940 4224 de
2970 4169 3113 4224 cmlo
3161 4163 3432 4224 descendit,
3453 4164 3499 4214 et
3518 4151 3672 4208 mitem

2192 4261 2402 4316 animas
2428 4261 2731 4317 esurientes
2757 4279 2772 4315 :
2795 4276 2894 4316 nec
2928 4260 3216 4332 aliquando
3247 4264 3410 4328 potest
3450 4249 3576 4322 panis
3601 4243 3672 4296 iste

2194 4347 2468 4414 deiicere;
2504 4357 2588 4403 est
2611 4351 2755 4402 enim
2781 4347 3054 4418 perfectus
3083 4357 3139 4403 et
3157 4353 3392 4400 aeternus.
3416 4334 3597 4391 Nuditas
3612 4341 3672 4380 me

2195 4453 2300 4494 non
2323 4439 2600 4495 confundit
2626 4459 2639 4492 ι
2663 4440 2880 4494 indutus
2897 4455 3016 4493 sum
3038 4439 3182 4493 enim
3211 4435 3464 4491 Dominum
3487 4425 3670 4478 nostrum

2191 4530 2375 4588 Jesum
2415 4531 2714 4595 Christum,
2741 4541 2796 4586 et
2823 4529 3185 4586 habitaculum
3211 4533 3456 4584 nostrum,
3481 4511 3592 4584 quod
3623 4507 3670 4560 de

2195 4625 2332 4683 corio
2360 4633 2475 4690 est,
2521 4623 2837 4694 superiudui
2864 4639 3042 4693 spero.
3079 4625 3282 4693 Oportet
3305 4629 3426 4670 eum
3449 4610 3530 4662 ltoc
3564 4613 3668 4699 mor-

2195 4718 2298 4774 tale
2325 4719 2540 4773 induere
2575 4716 3040 4780 immortalitatem,
3087 4726 3134 4771 et
3175 4703 3478 4779 corruptibile
3517 4699 3668 4750 battl-

2197 4809 2356 4864 duere
2405 4809 2846 4878 incorruptionem
2897 4806 2949 4876 (1
2977 4806 3099 4860 Cor.
3155 4802 3262 4872 xv).
3291 4791 3552 4853 Periculum
3591 4792 3666 4835 non

2196 4901 2394 4954 timebo
2424 4918 2438 4953 :
2463 4899 2714 4953 Dominus
2735 4900 2873 4953 enim
2900 4896 3209 4951 illuminatia
3230 4907 3354 4952 mea,
3380 4881 3666 4938 διερωτῆσαι

2193 5009 2345 5064 quem
2390 4991 2576 5046 timebo
2599 4991 2624 5044 1’
2647 4991 2900 5044 Dominus
2949 4989 3189 5058 defensor
3234 4983 3342 5037 vita:
3386 4987 3511 5032 mea,
3541 4983 3566 5018 α
3591 4973 3664 5064 ηυξ

2195 5060 2462 5152 trepidabo
2477 5085 2504 5137 γ
2525 5081 2698 5154 (Psal.
2722 5079 2895 5150 xxvi.)
2923 5079 3145 5134 Gladius
3168 5083 3394 5130 ωτι-θυαε
3421 5060 3668 5154 terrerent:

2199 5143 2302 5229 non
2343 5143 2562 5244 potest‘:
2590 5173 2762 5228 habeo
2801 5143 2944 5226 enim
2979 5169 3247 5227 fortiorem
3277 5169 3460 5216 mecum
3487 5143 3670 5244 gladiatu-

2195 5241 2429 5336 spiritus,
2456 5263 2594 5336 quod
2621 5276 2694 5320 est
2725 5264 2932 5318 verbum
2966 5261 3058 5316 Dei
3087 5257 3292 5330 (Ephes.
3320 5247 3414 5319 V');
3440 5250 3487 5296 et

2197 5365 2282 5412 est
2307 5358 2476 5412 uirens
2506 5368 2553 5410 et
2589 5355 2782 5424 efﬁcax
2815 5371 2984 5410 sermo
3011 5352 3137 5414 Dei,
3170 5346 3254 5430 qui
3277 5349 3351 5396 θδι
3374 5317 3683 5430 Ρέηεξίαθῖῗς

2197 5451 2337 5504 omni
2377 5447 2552 5518 gladio
2602 5418 2840 5517 utrinque
2887 5453 3041 5499 acuto
3087 5427 3274 5514 (Hebr.
3333 5418 3664 5528 Wl-‘Sinff:

2197 5538 2406 5609 gladius
2434 5535 2617 5590 mundi
2644 5535 2850 5590 venerit
2901 5549 3065 5602 super
3111 5527 3333 5585 cervices
3356 5523 3498 5571 meas.

2200 5597 2312 5686 :Clll
2369 5629 2497 5684 mihi
2555 5628 2621 5683 ad
2677 5628 2840 5682 Deum
2898 5625 3148 5682 conciliat
3189 5615 3486 5676 charitatem.
3525 5597 3646 5649 metu
