4026 6180
369 312 389 368 i
404 310 501 367 4ῗῖ

898 310 1441 370 ΕΜΒΒΑΤΙΟΝΗΜ
1480 314 1547 370 IN
1586 315 1735 372 EPP.
1778 313 1984 375 PAULI
2018 316 2147 373 LIB.
2190 319 2251 374 γ.
2295 349 2364 359 -
2399 320 2468 376 1N
2508 320 2727 377 EPIS’I.
2762 321 2857 378 AD
2888 322 3059 380 ROM.

3491 327 3513 384 i
3530 325 3628 386 378

367 436 602 494 namque
626 420 694 477 ad
723 437 871 487 eum,
901 425 1025 492 quia
1052 427 1187 479 sicut
1211 427 1459 495 scriptum
1482 436 1558 482 est
1587 442 1605 478 :
1640 426 1867 500 Propter
1896 438 1945 483 t'e
1975 437 2021 494 Α
2050 433 2335 502 sequentia
2360 445 2586 503 possunt
2608 435 2933 493 'credentcm
2959 456 2990 494 a
3015 441 3283 498 charitate
3323 442 3417 499 Dei
3447 446 3626 504 detor-

367 513 752 582 mortificamur
779 522 890 566 tota
918 515 1004 567 die
1029 527 1047 565 :
1072 517 1317 569 testimati
1357 533 1541 571 sumus
1575 527 1631 572 ut
1653 536 1771 573 ores
1800 521 1940 574 occi-

362 603 548 656 sionis.
577 600 694 655 Non
726 601 870 656 enim
932 604 1064 657 mihi
1095 604 1294 658 sullicit
1336 621 1441 659 una
1471 607 1606 661 hora
1654 609 1795 663 mori
1845 624 1946 678 pro

362 694 605 759 Christo,
638 692 723 748 vel
778 694 1029 760 cruciari,
1082 695 1177 749 scd
1225 705 1333 749 tota
1362 696 1469 762 die,
1509 698 1611 753 hoc
1640 706 1747 765 est,
1795 699 1945 754 omni

363 785 488 840 vita:
526 799 659 839 mea:
710 794 967 855 tempore.
1002 784 1059 839 Si
1086 786 1230 839 enim
1288 795 1453 841 totam
1484 788 1648 842 vitam
1681 805 1857 844 meam
1889 790 1944 845 in

365 875 834 946 persecutionibus
861 885 915 929 et
963 876 1221 946 periculis
1248 894 1430 948 agam,
1467 880 1663 943 dicam,
1694 882 1817 952 quia
1841 898 1945 935 non

364 975 484 1020 sunt
519 966 794 1036 condigna:
823 967 1091 1035 passiones
1115 968 1276 1037 hujus
1317 972 1562 1039 temporis
1609 970 1678 1024 ad
1708 971 1945 1041 futuram

361 1055 610 1126 gloriam,
655 1072 773 1126 qua:
809 1055 1120 1111 revelabitur
1174 1059 1230 1112 in
1275 1058 1444 1113 nobis.
1475 1059 1644 1115 Breve
1672 1069 1756 1115 est
1798 1062 1945 1116 enim

366 1148 526 1214 hujus
557 1148 681 1202 vita:
724 1155 972 1217 tempus,
1022 1157 1078 1203 et
1111 1150 1367 1220 exiguum
1411 1152 1555 1220 quod
1612 1154 1664 1206 in
1690 1168 1945 1222 perseeu-

367 1240 607 1295 tionibus
628 1240 880 1295 ducimus
907 1258 919 1295 :
946 1250 1209 1297 aeternum
1237 1259 1365 1298 vero
1385 1253 1440 1299 et
1460 1253 1776 1315 perpetuum
1802 1246 1945 1315 quod

361 1340 743 1402 exspectamus
773 1332 828 1386 in
854 1332 1048 1404 gloria.
1090 1333 1157 1388 Et
1183 1334 1305 1390 ideo
1337 1336 1392 1389 in
1422 1335 1525 1401 his,
1555 1336 1752 1405 inquit,
1778 1337 1948 1390 omni-

363 1423 459 1476 bus
487 1440 818 1493 superamus,
851 1439 958 1479 non
983 1433 1168 1481 nostra
1223 1426 1453 1493 virtute,
1477 1427 1569 1481 sed
1600 1444 1693 1499 per
1718 1444 1837 1481 eum
1854 1429 1945 1498 qui

363 1514 557 1569 dilexit
602 1532 718 1571 nos.
770 1515 909 1570 Dum
938 1517 1083 1571 enim
1126 1516 1180 1571 in
1206 1517 1353 1573 illius
1387 1532 1574 1573 amore
1621 1519 1942 1587 pendemus,

363 1620 586 1661 sensum
608 1605 813 1662 doloris
832 1623 938 1661 non
974 1607 1287 1677 recipimus.
1328 1608 1477 1664 Illius
1521 1610 1666 1665 enim
1705 1610 1945 1665 cbaritas

363 1712 471 1767 qua
508 1712 609 1754 nos
644 1698 856 1764 dilexit,
887 1707 945 1753 et
978 1708 1224 1755 nostrum
1270 1702 1337 1757 ad
1379 1716 1440 1757 se
1483 1703 1626 1773 rapit
1666 1702 1942 1769 allectum,

2045 536 2234 590 quere.
2254 522 2423 579 Nemo
2450 540 2582 597 ergo
2602 540 2840 597 separat,
2870 544 2971 584 nec
2991 532 3083 599 qui
3112 532 3352 588 minatur
3371 545 3625 604 mortem,

2046 609 2171 677 quia
2216 612 2309 680 qui
2347 615 2522 670 credit
2560 616 2612 669 in
2666 617 2904 685 Christo,
2953 619 3082 675 licet
3114 624 3403 689 moriatur,
3443 628 3625 692 vivet;

2045 714 2221 768 neque
2246 704 2337 771 qui
2359 705 2641 773 pollicetur
2667 710 2833 764 vitam
2861 729 2875 765 :
2898 713 3026 780 quia
3050 713 3142 768 ille
3169 715 3259 769 dat
3285 717 3450 771 vitam
3472 729 3629 775 aeter-

2045 804 2192 842 nam.
2226 789 2359 845 Nam
2405 796 2717 865 temporalis
2743 800 2867 853 vitae
2903 800 3221 870 pollicitatio
3248 814 3465 862 aeterna:
3501 810 3628 865 vita:

2045 882 2447 949 comparatione
2472 889 2863 943 contemnenda
2892 899 2995 946 est.
3030 890 3214 964 Neque
3236 896 3451 966 angelus
3472 913 3627 969 sepa-

2045 974 2154 1030 rat,
2176 969 2301 1038 quia
2326 969 2443 1024 licet
2464 973 2703 1044 angelus,
2721 978 2911 1047 inquit,
2937 982 3001 1035 de
3014 982 3140 1035 caelo
3161 984 3437 1040 descendat
3461 1000 3507 1042 et
3533 1007 3629 1044 an-

2046 1060 2247 1113 nuntiet
2262 1061 2419 1123 vobis,
2435 1075 2786 1136 prmterquam
2805 1070 2943 1137 quod
2958 1074 3247 1144 accepistis,
3263 1079 3541 1131 anathema
3562 1081 3629 1133 sit

2046 1145 2190 1218 (Cal.
2221 1150 2282 1222 l).
2318 1151 2502 1223 Neque
2536 1157 2890 1227 principatus,
2922 1162 2973 1216 id
3007 1174 3112 1230 est,
3143 1170 3469 1234 contrarius,
3503 1173 3627 1242 quia

2045 1242 2195 1295 exuit
2246 1257 2307 1297 se
2361 1245 2475 1314 ipse
2505 1248 2604 1300 hos
2634 1248 2974 1318 principatus
3000 1263 3055 1307 et
3084 1265 3403 1325 potestates,
3440 1262 3629 1316 trium-

2046 1331 2221 1401 phans
2242 1348 2336 1387 eas
2370 1334 2423 1388 in
2457 1338 2767 1408 semetipso.
2802 1338 2984 1411 Neque
3028 1348 3328 1413 prtesentia,
3354 1366 3517 1419 neque
3545 1353 3632 1421 {u-

2045 1428 2188 1486 tura,
2228 1421 2280 1475 id
2308 1431 2412 1490 est,
2442 1428 2760 1495 temporalia
2811 1430 2896 1484 vel
2922 1446 3043 1501 qua:
3072 1433 3364 1504 delectant,
3390 1440 3473 1493 vel
3509 1457 3630 1511 qua:

2043 1522 2319 1582 premunt,
2356 1516 2441 1571 vel
2464 1533 2586 1588 qua:
2613 1535 2765 1591 spem
2795 1522 2948 1589 dant,
2978 1524 3064 1578 vel
3094 1540 3215 1595 qua:
3263 1529 3529 1587 incutiunt
3563 1535 3631 1587 ti-

2046 1618 2275 1659 morem.
2309 1604 2492 1677 Neque
2521 1609 2684 1663 virtus
2712 1624 2730 1661 .'
2760 1620 2816 1666 et
2864 1613 2955 1668 hic
3003 1616 3260 1672 virtutem
3301 1624 3627 1679 contrariam

2045 1704 2260 1765 oportet
2283 1697 2531 1770 intelligi,
2563 1704 2855 1759 secundum
2897 1721 3059 1775 quam
3099 1710 3228 1765 dicit
3261 1727 3275 1765 :
3311 1712 3481 1768 Nemo
3507 1734 3629 1772 vasa

362 1790 663 1846 cruciatum
700 1790 949 1861 corporis
972 1831 989 1859 ,
1019 1800 1076 1847 et
1100 1792 1341 1849 dolorem
1368 1795 1574 1850 sentire
1603 1811 1703 1851 nos
1729 1811 1836 1851 non
1864 1794 1945 1850 fa-
1975 1783 2020 1842 Β
2050 1784 2203 1854 fortis
2241 1788 2474 1859 diripiet,
2514 1791 2615 1845 nisi
2666 1795 2814 1864 prius
2866 1796 3157 1868 alligaverit
3198 1801 3405 1871 fortem.
3447 1803 3631 1878 Neque

361 1882 457 1937 cit.
487 1882 610 1937 Ideo
637 1894 768 1952 ergo
794 1882 848 1935 in
879 1881 966 1936 his
993 1882 1244 1938 omnibus
1281 1898 1621 1953 superamus.

432 1974 617 2029 Certus
644 1991 762 2029 sum
800 1975 938 2029 enim
968 1977 1092 2046 quia
1135 1992 1298 2047 neque
1332 1993 1493 2043 mors,
1523 1994 1686 2049 neque
1705 1978 1829 2043 vita,
1854 1994 1944 2032 ne-

360 2080 460 2137 que
489 2065 683 2135 angeli,
714 2082 878 2137 neque
898 2067 1244 2138 principatus,
1288 2084 1450 2139 neque
1480 2064 1752 2135 instantia,
1780 2085 1942 2141 neque

362 2155 565 2217 futura,
601 2170 764 2226 neque
789 2154 1068 2223 fortitudo,
1106 2173 1270 2227 neque
1316 2157 1564 2223 altitudo,
1609 2175 1772 2229 neque
1820 2176 1943 2229 pro-

362 2247 603 2317 fundum,
640 2264 803 2319 neque
855 2247 964 2303 alia
1003 2259 1246 2304 creatura
1295 2250 1482 2319 poterit
1511 2266 1605 2305 nos
1632 2267 1879 2322 separare
1906 2268 1938 2305 a

356 2340 616 2393 rharitate
639 2339 757 2407 Dei,
784 2356 902 2411 quae
925 2350 1000 2395 est
1028 2342 1084 2396 in
1110 2340 1318 2396 Christo
1336 2341 1465 2396 Jcsu
1487 2342 1709 2397 Domino
1739 2354 1935 2399 nostro.

359 2430 558 2502 (Orig)
589 2432 734 2487 Duos
784 2433 1001 2489 videtur
1045 2433 1266 2489 ordines
1296 2433 1588 2504 Apostolus
1634 2434 1940 2491 ostendisse

305 2559 313 2566 -
358 2537 545 2577 corum
587 2523 678 2592 qui
734 2524 1043 2580 hominibus
1107 2526 1431 2579 tentationes
1480 2525 1750 2580 suscitare
1804 2541 1938 2581 con-

355 2622 671 2669 sueverunt.
698 2614 766 2670 Et
794 2615 847 2669 in
878 2615 962 2671 bis
991 2615 1208 2686 quidem
1238 2631 1358 2686 quas
1383 2616 1534 2686 prius
1563 2616 1937 2682 disseruimus,

358 2706 717 2760 humanarum
764 2706 1121 2761 tentationum
1176 2705 1493 2777 intelligitur
1550 2706 1685 2761 ordo
1733 2707 1938 2761 descri-

354 2807 484 2866 ptus
520 2816 534 2852 :
563 2797 632 2853 de
666 2798 862 2868 quibus
906 2798 1073 2853 etiam
1102 2798 1401 2854 Corinthiis
1454 2799 1688 2865 dicebat,
1755 2808 1940 2869 utpote

353 2886 480 2957 quia
512 2884 716 2956 majora
765 2885 911 2942 ferre
948 2902 1055 2942 non
1104 2897 1355 2958 poterant
1398 2905 1413 2941 :
1443 2886 1683 2941 Tentatio
1715 2903 1804 2941 vos
1834 2904 1937 2941 non

353 2978 708 3048 apprehendat
761 2978 863 3033 nisi
912 2979 1142 3033 humana
1168 2991 1187 3030 :
1213 2978 1386 3047 fidelis
1427 2988 1600 3033 autem
1648 2980 1811 3044 Deus,
1848 2979 1939 3050 qui

354 3086 459 3124 non
503 3070 764 3141 permittet
808 3085 896 3124 vos
933 3070 1124 3123 tentari
1167 3085 1327 3140 supra
1378 3068 1433 3123 id
1457 3068 1599 3140 quod
1632 3069 1843 3140 potestis
1882 3068 1930 3141 (1

354 3159 477 3215 Cor.
525 3159 607 3230 x).
662 3160 816 3216 Nunc
843 3175 974 3217 vero
1006 3162 1059 3215 in
1088 3162 1174 3217 his
1203 3162 1570 3225 sermonibus,
1603 3176 1740 3232 quos
1772 3162 1935 3217 babe-

355 3267 477 3305 mus
513 3252 862 3316 inmanibus,
902 3268 1011 3306 non
1038 3253 1304 3308 lmmanas
1352 3254 1683 3308 tentationes
1711 3254 1932 3315 indicat,

351 3342 450 3397 sed
478 3341 709 3410 majores
761 3343 1033 3398 humanis.
1072 3344 1140 3398 Et
1169 3344 1292 3401 ideo
1332 3352 1465 3415 puto
1498 3345 1641 3415 quod
1664 3345 1719 3401 in
1743 3347 1938 3416 priori-

353 3434 457 3488 bus
488 3448 611 3488 cum
649 3443 1023 3489 enumerasset
1051 3434 1262 3505 singula
1310 3451 1563 3505 quasque,
1590 3437 1657 3492 ad
1684 3436 1934 3494 ultimum

352 3523 485 3578 dicit
508 3539 522 3576 :
553 3522 656 3577 Sed
676 3525 731 3578 in
758 3524 840 3578 his
875 3524 1114 3579 omnibus
1142 3542 1474 3595 superamus.
1498 3528 1555 3582 In
1577 3529 1665 3584 his
1694 3545 1825 3585 vero
1850 3547 1939 3587 sc-

352 3615 515 3670 cundi
541 3615 749 3671 ordinis
770 3616 1161 3672 tentationibus
1185 3632 1291 3672 non
1320 3618 1394 3672 ita
1418 3618 1757 3676 confidenter
1780 3621 1933 3688 dicit,

351 3725 660 3779 superamus
678 3750 693 3774 ,
734 3710 831 3765 sed
855 3709 1011 3763 valde
1038 3710 1273 3765 tenuiter
1300 3710 1397 3776 ait,
1433 3710 1557 3783 quia
1596 3712 1727 3767 nihil
1753 3730 1933 3768 eorum

349 3800 538 3871 poterit
563 3815 656 3853 nos
686 3816 928 3871 separare
954 3817 985 3853 a
1009 3801 1264 3855 charitate
1297 3800 1415 3868 Dei,
1445 3819 1563 3874 qua:
1593 3813 1669 3858 est
1695 3805 1750 3857 in
1776 3804 1933 3859 Chri-

349 3898 432 3942 sto
455 3886 604 3943 Jesu.
652 3888 727 3944 De
777 3890 1029 3944 humanis
1054 3889 1196 3945 cnim
1234 3891 1645 3957 tentationibus,
1677 3901 1930 3962 tanquam

350 3978 535 4049 parvis
558 3986 616 4033 et
643 3978 876 4045 levibus,
903 3979 1242 4034 confidenter
1278 3995 1379 4035 nos
1402 3995 1498 4036 eas
1527 3996 1784 4051 superare
1810 3999 1935 4053 pro-

348 4069 601 4135 nuntiat;
632 4069 753 4125 illas
778 4085 910 4125 vero
949 4071 1260 4141 superiores
1307 4080 1364 4127 et
1389 4071 1509 4141 plus
1533 4087 1696 4142 quam
1745 4073 1932 4128 buma-

347 4173 469 4222 nas,
499 4160 714 4215 etiamsi
744 4175 1004 4231 superare
1053 4171 1107 4215 et
1132 4170 1479 4231 prosternere
1505 4178 1612 4218 non
1637 4163 1879 4220 valemus
1914 4183 1927 4219 :

347 4252 450 4307 hoc
477 4253 622 4307 enim
649 4252 819 4307 solius
841 4253 1045 4309 Christi
1092 4270 1228 4325 opus
1255 4264 1363 4323 est,
1399 4256 1491 4327 qui
1530 4257 1683 4312 exuit
1729 4258 1932 4329 princi-

345 4352 505 4413 patus
555 4352 612 4399 et
655 4352 952 4414 potestates
1009 4347 1340 4417 triumphans
1399 4365 1488 4403 eas
1543 4349 1599 4403 in
1658 4351 1929 4420 semetipso

345 4431 573 4504 (Coloss.
600 4433 663 4500 ιι)
696 4428 926 4487 stamen
981 4442 1037 4487 et
1065 4434 1167 4489 hoc
1217 4434 1271 4488 in
1311 4436 1551 4490 victoria:
1580 4438 1700 4492 loco
1748 4446 1850 4501 est,
1881 4437 1925 4490 si

344 4542 469 4579 cum
503 4540 693 4580 omnes
724 4525 776 4579 in
806 4540 905 4580 nos
935 4525 1400 4595 impugnationum
1448 4543 1669 4583 suarum
1721 4529 1925 4583 machi-

341 4632 442 4671 nas
485 4616 762 4681 torserint,
799 4631 829 4671 a
865 4617 1135 4672 cbaritate
1190 4627 1367 4671 tamen
1403 4618 1496 4672 Dei
1545 4634 1645 4673 nos
1672 4634 1927 4688 separare

341 4722 447 4760 non
473 4706 705 4760 valeant.
733 4704 839 4760 Sed
874 4706 988 4775 jam
1016 4714 1287 4764 tentemus
1312 4707 1522 4780 singula
1562 4709 1850 4775 discutere,
1874 4719 1929 4764 ct

340 4795 467 4865 quid
504 4796 572 4851 de
622 4810 949 4867 unoquoque
986 4812 1239 4852 sermone
1290 4798 1530 4869 Apostoli
1586 4800 1925 4855 sentiendum

336 4887 428 4949 sit,
459 4901 561 4957 pro
590 4887 795 4943 viribus
826 4889 1063 4958 aperire.
1103 4889 1364 4957 Quamvis
1390 4890 1581 4947 altiora
1614 4892 1667 4946 in
1692 4892 1776 4948 his
1801 4910 1928 4948 con-

340 4978 527 5046 tigisse
562 4976 810 5033 videatur
835 4978 1126 5049 Apostolus
1153 4996 1313 5049 quam
1337 4982 1690 5052 expositionis
1721 4992 1921 5040 nostra:

337 5065 535 5124 suilicit
566 5068 753 5136 virtus,
785 5070 869 5124 vel
917 5071 1056 5125 ratio
1082 5070 1363 5126 brevitatis
1392 5072 1648 5138 admittit,
1680 5076 1923 5145 requira-

337 5172 459 5213 mus
489 5167 670 5214 tamcn
696 5160 742 5215 si
767 5162 948 5216 omnia
975 5162 1077 5216 ista
1103 5177 1222 5232 quae
1249 5164 1586 5217 enumeravit
1613 5164 1918 5234 Aposiolus,

339 5264 407 5302 an
430 5248 676 5318 quaedam
697 5264 763 5304 ex
785 5250 933 5320 ipsis,
956 5251 1059 5307 hoc
1082 5251 1242 5307 studii
1266 5251 1349 5307 vel
1369 5252 1684 5308 intentionis
1708 5265 1918 5326 gerant,

338 5348 399 5393 ut
427 5339 689 5395 humanas
724 5342 937 5396 animas
967 5357 997 5397 a
1029 5343 1295 5398 charitate
1337 5344 1431 5399 Dei
1482 5359 1735 5415 separare
1786 5363 1917 5403 con-

339 5430 584 5497 tendant,
615 5440 673 5486 et
715 5443 999 5502 propterea
1032 5436 1324 5490 moliantur
1366 5436 1420 5490 in
1454 5452 1553 5491 nos
1577 5447 1771 5493 cuncta
1797 5456 1917 5510 qua:

337 5518 595 5589 patimur.
627 5522 930 5609 (Aug.)/Ait
961 5539 1114 5594 ergo,
1145 5535 1313 5579 certus
1351 5542 1466 5579 sum
1493 5530 1653 5591 enim,
1701 5544 1807 5583 non
1835 5529 1918 5583 di-

342 5610 442 5675 sit,
468 5611 673 5680 Opinor
710 5614 886 5677 enim;
921 5620 1077 5684 plena
1114 5617 1218 5672 llde
1253 5617 1440 5682 tenuit,
1470 5618 1610 5689 quod
1657 5635 1748 5673 nec
1778 5637 1917 5675 mors

339 5702 469 5768 ulla.
508 5722 600 5760 nec
628 5706 733 5761 rita
765 5708 1074 5765 temaoralis
1102 5710 1392 5775 promissa,
1436 5725 1535 5765 nec
1560 5719 1756 5765 ett-tera
1786 5712 1915 5766 sub-

2046 1878 2296 1945 altitudo,
2355 1898 2519 1952 neque
2541 1884 2864 1954 profundum
2913 1887 3131 1960 (Matth.
3158 1892 3279 1964 xu).
3304 1892 3631 1966 Plerumque

2044 1968 2223 2025 inanis
2270 1972 2558 2027 curiositas
2612 1989 2798 2029 earnm
2858 1994 3037 2032 rerum
3085 1997 3206 2050 qua:
3255 1983 3486 2041 inveniri
3521 2003 3628 2043 non

2043 2069 2289 2128 possunt,
2316 2070 2410 2114 aut
2433 2061 2633 2117 frustra
2654 2065 2818 2119 etiam
2851 2066 3216 2137 inveniuntur,
3246 2073 3361 2129 sive
3388 2076 3441 2130 in
3466 2078 3625 2143 cmlo,

2043 2147 2158 2203 sive
2187 2148 2241 2203 in
2279 2150 2498 2220 abysso,
2534 2163 2806 2222 separata
2839 2157 2968 2224 Deo,
3014 2159 3117 2214 nisi
3148 2161 3391 2219 Charitas
3420 2167 3619 2236 vincat,

2042 2253 2163 2308 qua:
2212 2239 2279 2293 ad
2327 2252 2477 2296 certa
2526 2242 2789 2314 Spiritalia
2849 2262 2952 2300 non
3003 2250 3246 2306 vanitate
3284 2268 3468 2309 rerum
3507 2272 3629 2327 qua:

2041 2324 2175 2382 foris
2214 2339 2370 2394 sunt,
2416 2332 2509 2387 sed
2550 2333 2765 2389 interno
2795 2334 2995 2390 lumine
3027 2338 3238 2394 invitat.
3277 2339 3459 2414 Neque
3484 2324 3631 2400 crea-

2041 2427 2162 2472 tura
2190 2422 2319 2473 alia.
2361 2421 2515 2489 Quod
2558 2424 2766 2480 duobus
2806 2429 2980 2483 modis
3027 2430 3251 2503 intelligi
3280 2442 3462 2503 potest
3493 2454 3507 2491 :
3538 2450 3633 2494 aut

2040 2507 2268 2563 visibilis
2292 2520 2565 2577 creatura,
2596 2514 2723 2584 quia
2744 2524 2798 2569 et
2826 2531 2925 2572 nos
2940 2558 2955 2583 ,
2986 2519 3038 2575 id
3060 2529 3144 2576 est
3175 2523 3357 2579 anima
3375 2535 3627 2584 creatura

2042 2614 2251 2668 sumus,
2282 2603 2376 2658 sed
2405 2604 2727 2673 invisibilis;
2755 2618 2813 2664 ut
2840 2611 2943 2666 hoc
2965 2612 3193 2682 dixerit,
3225 2619 3369 2687 quod
3397 2635 3495 2675 nos
3521 2638 3629 2677 non

2041 2701 2260 2762 separat
2301 2694 2408 2750 alia
2450 2706 2727 2763 creatura,
2753 2699 2806 2755 id
2842 2709 2947 2767 est,
2993 2718 3148 2759 amor
3183 2721 3504 2779 corporum;
3538 2723 3629 2767 aut

2040 2792 2190 2839 certe
2232 2786 2359 2855 quia
2415 2803 2515 2843 nos
2557 2804 2664 2845 non
2715 2802 2935 2861 separat
2979 2795 3085 2850 alia
3142 2808 3392 2855 creatura
3430 2817 3462 2855 a
3499 2803 3629 2858 cba-

2040 2875 2203 2931 ritate
2243 2877 2361 2944 Dei,
2393 2893 2460 2933 ex
2485 2894 2552 2935 co
2577 2881 2719 2951 quod
2749 2882 2893 2936 nulla
2936 2893 3189 2942 creatura
3229 2899 3314 2944 est
3340 2890 3444 2945 alia
3484 2891 3628 2947 inter

2040 2983 2139 3023 nos
2165 2976 2220 3023 et
2248 2969 2453 3035 Deum,
2493 2986 2614 3041 qua:
2649 2987 2709 3027 sc
2736 2987 2996 3044 opponat,
3035 2987 3091 3032 et
3134 2994 3167 3032 a
3201 2980 3482 3051 complexu
3511 2982 3629 3053 ejus

2041 3059 2312 3114 excludat.
2355 3060 2844 3138 Suprahumanas
2891 3066 3039 3120 enim
3078 3079 3319 3137 mentes,
3367 3086 3489 3140 qua:
3534 3089 3626 3127 ra-

1963 3142 2008 3204 C
2041 3152 2330 3207 tionabiles
2364 3162 2525 3219 sunt,
2550 3152 2665 3224 jam
2701 3155 2846 3209 nulla
2898 3167 3174 3226 creatura,
3214 3161 3309 3215 scd
3341 3161 3486 3219 Deus
3518 3175 3621 3221 cst.

2041 3241 2270 3314 (Ambr.)
2302 3242 2425 3299 [lac
2454 3251 2579 3298 sunt
2604 3244 2806 3312 omnia,
2848 3261 2972 3316 qua:
2999 3250 3068 3305 ad
3118 3249 3495 3309 abductionem
3524 3272 3626 3311 no-

2037 3341 2205 3388 stram
2241 3350 2270 3388 a
2308 3333 2521 3389 diabolo
2573 3333 2895 3400 inferuntur,
2927 3355 3048 3408 qua:
3097 3341 3299 3399 idcirco
3340 3356 3627 3414 memorat,

2036 3434 2098 3479 ut
2132 3425 2343 3479 muniat
2395 3441 2523 3491 nos;
2568 3427 2699 3482 utsi
2728 3429 3027 3495 advenerit,
3079 3432 3416 3491 conﬁdentes
3437 3435 3506 3492 de
3529 3452 3630 3509 spe

2036 3524 2090 3570 et
2121 3514 2339 3571 auxiliis
2374 3514 2597 3581 Christi,
2633 3519 2830 3573 armati
2864 3519 2970 3575 fide
3014 3521 3276 3579 adversus
3303 3524 3420 3581 haec
3468 3542 3625 3601 repn-

2035 3620 2281 3676 gnemus.
2313 3606 2452 3675 Quid
2488 3608 2634 3663 enim
2669 3609 2715 3663 si
2760 3626 2907 3666 mors
2933 3611 3078 3666 illata
3105 3614 3305 3682 fuerit,
3339 3631 3522 3673 nonne
3542 3618 3627 3675 lu-

2035 3715 2188 3755 crum
2214 3710 2298 3756 est
2325 3703 2622 3757 maximum
2652 3705 2993 3761 occasionem
3031 3709 3293 3773 invenire,
3333 3728 3439 3782 qua
3462 3714 3625 3772 citius

2034 3797 2190 3842 eatur
2220 3791 2275 3843 in
2308 3805 2534 3860 regnum
2556 3792 2881 3860 promissum
2903 3794 2926 3847 ?
2952 3794 3140 3866 Neque
3168 3799 3214 3853 si
3241 3814 3481 3868 prtesens
3510 3805 3623 3860 vita

2034 3880 2301 3951 promissa
2332 3882 2488 3936 nobis
2533 3881 2697 3937 fuerit
2725 3883 2983 3955 dignitate
3018 3887 3242 3951 minuta,
3273 3890 3433 3947 debet
3463 3908 3562 3949 nos
3590 3911 3620 3949 a

2032 3986 2129 4042 spe
2149 3971 2397 4027 beneﬁcii
2427 3972 2654 4041 Christi,
2693 3990 2852 4045 quem
2884 3976 3109 4044 scimus,
3155 3980 3280 4048 quia
3309 3996 3415 4035 non
3445 3983 3619 4040 solum

2035 4059 2088 4115 in
2122 4059 2324 4127 futuro,
2364 4062 2456 4117 sed
2497 4062 2550 4117 in
2578 4064 2832 4132 pnrsenti
2881 4067 3125 4136 proderit
3150 4067 3328 4126 nobis.
3360 4070 3471 4128 Nec
3496 4076 3620 4145 qui-

2033 4151 2154 4207 dem
2203 4152 2250 4206 si
2304 4168 2364 4208 se
2417 4154 2638 4224 angelus
2666 4154 2820 4211 nobis
2870 4157 3123 4213 ostendat
3165 4160 3233 4215 ad
3285 4162 3622 4222 seducendos

2032 4257 2153 4308 nos,
2171 4244 2498 4300 subornatus
2527 4243 2749 4301 fallaciis
2776 4247 2947 4317 patris
2968 4249 3050 4304 sui
3074 4250 3297 4318 diaboli,
3322 4256 3621 4323 praevalere

2032 4333 2250 4389 debebit
2298 4335 2583 4388 adversum
2636 4351 2763 4402 nos;
2803 4353 2924 4391 cum
2977 4340 3215 4397 sciamus
3267 4342 3509 4411 Christo,
3560 4356 3621 4402 nt

2032 4423 2212 4493 magni
2265 4425 2476 4479 consilii
2524 4426 2737 4497 angelo,
2770 4429 2900 4481 nihil
2957 4435 3396 4501 prmponendum.
3432 4435 3616 4507 Neque

2031 4517 2075 4571 si
2111 4517 2281 4571 virtus
2308 4517 2376 4571 ab
2402 4517 2582 4586 aliquo
2631 4518 2773 4573 facta
2830 4520 3014 4586 fuerit,
3070 4524 3211 4578 sicut
3242 4525 3443 4581 dicitur
3472 4527 3616 4583 facta

2031 4625 2062 4662 a
2087 4608 2307 4663 Simone
2336 4608 2513 4681 Mago,
2547 4610 2640 4680 qui
2669 4610 2869 4665 dicitur
2902 4612 2955 4665 in
2988 4628 3121 4687 aere
3157 4631 3394 4684 sursum,
3423 4628 3484 4674 nt
3507 4635 3609 4689 po-

2030 4699 2214 4770 pulum
2247 4699 2448 4755 Christi
2476 4700 2903 4766 scandalizarct,
2934 4701 3176 4769 volasse,
3207 4705 3363 4761 fidem
3395 4706 3617 4764 debebit

2030 4793 2597 4858 tuinuere,scientium
2629 4793 2964 4849 Salvatorcm
2996 4798 3140 4853 nube
3166 4797 3463 4855 famulante
3493 4817 3616 4856 sus-

2025 4894 2240 4954 ceptum
2291 4886 2603 4941 ascendisse
2632 4901 2797 4956 super
2849 4903 3042 4943 omnes
3090 4892 3279 4945 caelos.
3319 4890 3429 4947 Nec
3480 4893 3524 4947 si
3558 4894 3612 4947 in

2029 4979 2368 5035 altitudinem
2402 4995 2460 5036 se
2484 4980 2639 5036 nobis
2668 4982 2938 5049 ostendat,
2973 4983 3041 5038 de
3074 4999 3182 5054 qua
3230 4985 3361 5040 dicit
3390 4995 3612 5056 aposto-

2029 5071 2114 5126 lus
2141 5070 2377 5127 Joannes
2404 5090 2417 5125 :
2447 5073 2526 5127 An
2544 5074 2799 5143 ignoratis
2818 5074 3150 5128 altitudinem
3175 5073 3394 5129 Satanw
3420 5079 3606 5149 (Apoc.

2031 5167 2093 5233 tt)
2120 5162 2144 5215 ?
2169 5178 2199 5215 a
2230 5162 2516 5217 devotione
2570 5178 2669 5218 nos
2695 5163 2908 5218 Domini
2943 5163 3069 5219 Jesu
3100 5165 3319 5221 debebit
3368 5167 3610 5234 auferre,

2030 5268 2191 5322 quem
2230 5252 2434 5306 scimus
2484 5252 2830 5308 descendisse
2854 5253 2922 5308 de
2965 5253 3124 5319 caelo,
3165 5265 3224 5310 ut
3255 5264 3471 5312 terrena
3498 5259 3612 5330 spi-

2030 5342 2280 5399 ritalibus
2305 5343 2556 5396 sociarct.
2580 5341 2765 5413 Neque
2800 5344 2844 5399 si
2867 5360 2966 5415 per
2991 5346 3357 5413 phantasiam,
3384 5363 3489 5418 qua
3517 5364 3607 5404 sc-

2025 5438 2223 5491 ducere
2258 5435 2579 5500 meditatur,
2628 5436 2951 5505 profundum
2996 5436 3154 5492 nobis
3198 5441 3446 5495 ostendat
3481 5442 3610 5495 bor-

2024 5541 2148 5580 rore
2178 5525 2507 5589 mirandum,
2541 5540 2648 5594 qua
2680 5526 2851 5579 territi
2888 5525 3027 5581 forte
3053 5529 3467 5585 snccumhamus
3488 5530 3559 5586 illi
3590 5549 3604 5585 :

2025 5634 2124 5674 nec
2153 5619 2233 5673 sic
2263 5619 2482 5688 dignum
2536 5627 2650 5681 cst,
2701 5627 2757 5671 ut
2787 5618 3005 5674 Christo
3054 5621 3212 5676 fidem
3272 5622 3602 5696 frangimus,

2025 5728 2187 5781 quem
2217 5713 2418 5765 scimus
2467 5710 2635 5766 nostri
2688 5727 2845 5765 causa
2876 5712 2929 5766 in
2975 5714 3298 5782 p-ol’unduxn
3328 5728 3471 5771 terra
3515 5718 3582 5771 de
