4026 6180
603 287 731 344 H79

1226 278 1290 344 Β.
1329 287 1579 343 RABAN!
1618 284 1835 345 MAURI
1872 283 2188 344 ARCHIEP.
2233 282 2538 344 MOGUNT.
2579 280 2864 345 OPERUM
2900 282 3079 345 PARS
3112 278 3192 343 Ill.

3604 302 3706 357 {$30

591 398 891 462 scendisse,
930 406 985 452 et
1018 408 1191 453 morte
1238 414 1421 469 pressa
1477 415 1646 470 genus
1696 400 1971 454 hominum
2026 399 2162 455 libe-
2192 408 2239 464 Α
2268 409 2324 452 ut
2352 415 2489 453 unus
2520 399 2676 454 homo
2719 401 2976 454 moriatur
2997 416 3090 470 pro
3116 406 3311 470 populo,
3347 412 3387 457 et
3422 422 3505 461 non
3535 413 3709 469 universa

595 503 763 543 rasse.
792 487 978 557 Neque
1001 488 1046 542 si
1075 487 1254 543 futura
1284 491 1439 544 nabis
1465 491 1743 557 spondeat,
1774 506 1893 559 qua:
1920 492 2169 560 promisit
2266 505 2391 557 gens
2419 498 2597 558 pereat
2620 488 2802 559 (Joan.
2832 487 2940 559 si);
2963 488 3057 543 sed
3078 496 3248 542 tamen
3266 490 3355 544 ista
3374 494 3536 550 veritas
3557 513 3711 557 nonest

592 578 735 641 Evae,
757 592 1041 632 ascensum
1067 578 1314 632 dabimus
1344 579 1438 642 illi,
1461 580 1679 634 discreti
1700 595 1731 633 a
1753 581 1988 645 Christo,
2006 594 2164 649 quem

592 668 791 721 virtute
819 677 873 721 et
898 676 1090 721 natura
1119 666 1284 721 Deum
1323 668 1592 723 crediums
1633 676 1689 722 et
1737 669 1954 724 scimus.
1985 667 2096 723 Nec
2117 667 2165 722 si

589 766 706 811 arte
761 771 816 812 et
858 757 1186 812 sublimitate
1239 758 1451 813 astutia:
1497 774 1609 814 sua:
1643 759 1804 813 aliam
1862 767 2165 814 creaturam

590 851 757 917 tingat
784 848 851 903 ad
874 849 1084 914 horam,
1114 848 1253 903 sicut
1274 848 1547 903 finxerunt
1565 848 1803 903 Jammes
1823 857 1877 902 et
1898 848 2163 903 Mambres

587 937 763 1004 palam
804 935 1086 995 Pharaone
1126 937 1324 1009 (Exod.
1370 937 1502 1008 vn);
1550 937 1933 993 inconveniens
1968 946 2075 1002 est,
2103 946 2165 992 ut

585 1040 683 1093 per
709 1025 810 1080 hoc
841 1041 869 1079 a
902 1027 1012 1081 Deo
1061 1035 1307 1080 creatore
1335 1040 1462 1080 vero
1489 1040 1588 1080 nos
1615 1034 1823 1090 avocet,
1871 1038 2030 1095 quem
2056 1041 2162 1081 non

583 1116 897 1186 ignoramus
948 1132 1045 1186 per
1098 1116 1369 1172 Christum
1423 1115 1614 1169 Filium
1664 1131 1818 1170 suum
1856 1125 2161 1170 creaturam

580 1205 887 1260 condidisse
926 1206 978 1260 in
1029 1214 1292 1261 aeternum
1340 1205 1683 1259 existentem-.
1723 1203 2051 1270 Quibusdam
2078 1203 2159 1256 vis

578 1299 741 1352 detur
763 1298 923 1352 aliam
952 1305 1255 1352 creaturam
1286 1296 1488 1351 dixisse
1511 1295 1578 1349 de
1601 1294 1788 1359 idolis;
1823 1295 1919 1349 sed
1942 1309 2050 1348 non
2076 1303 2161 1349 est

584 1406 789 1453 verum,
815 1390 939 1458 quia
977 1390 1118 1443 hanc
1157 1388 1341 1443 debuit
1386 1386 1712 1457 signiﬁcare,
1747 1402 1906 1456 quam
1936 1388 2036 1441 sub
2060 1388 2157 1442 ad—

581 1478 867 1532 miratione
922 1476 1252 1533 seductionis
1317 1478 1590 1531 videretur
1649 1476 1850 1547 ﬁngere
1902 1474 2156 1530 Satanas.

581 1569 715 1623 Nam
747 1570 869 1640 quis
905 1570 1192 1625 seducatur
1219 1570 1454 1625 ﬁdelium
1503 1572 1572 1625 ad
1624 1571 1756 1633 haec,
1790 1585 1821 1624 a
1851 1571 2046 1640 quibus
2073 1580 2161 1625 πθ

578 1662 744 1714 cessit
770 1661 1109 1716 manifestato
1133 1662 1353 1716 errore?
1379 1659 1486 1716 Sed
1512 1661 1628 1715 haec
1658 1661 1948 1716 meditatur
1974 1677 2035 1716 ac
2061 1662 2160 1715 lin-

2267 580 2322 634 in
2345 578 2583 633 Christo.
2611 578 2680 632 Et
2710 576 2834 633 ideo
2860 576 3143 647 Apostolus
3179 577 3242 631 ad
3267 579 3593 639 distinctionem
3614 592 3710 644 veri.

2269 667 2397 720 tatis
2432 667 2550 736 ejus
2579 680 2700 735 qua:
2730 674 2879 719 extra
2906 664 3177 719 Christum
3214 676 3307 728 est,
3333 681 3384 721 se
3404 668 3511 724 dicit
3539 673 3582 726 in
3601 677 3711 733 Chli-

2263 765 2350 810 sto
2375 754 2520 823 loqui
2552 754 2858 810 veritatem.
2889 752 2994 809 Sed
3022 762 3079 808 et
3106 756 3204 810 hoc
3226 757 3357 825 quod
3378 758 3503 823 dicit,
3530 761 3695 821 Tatiae

2265 849 2408 902 nium
2432 847 2560 900 mihi
2588 845 2884 915 perhibente
2909 846 3218 900 conscientia
3253 863 3358 901 mea
3382 850 3427 903 in
3451 850 3606 920 Spiritu
3626 874 3712 912 seu.

2261 946 2346 990 cto
2370 972 2386 1001 ,
2433 935 2663 991 similem
2712 935 2849 989 mihi
2901 934 3101 989 habere
3151 934 3351 991 videtur
3391 938 3707 1011 intelligentiam.

2263 1027 2459 1093 Reddit
2502 1026 2646 1081 enim
2684 1025 3054 1081 testimonium
3102 1028 3404 1082 emiseientia
3441 1039 3483 1084 et
3519 1035 3709 1102 gentibus,

2261 1119 2555 1174 secundum
2589 1116 2732 1189 quod
2757 1117 2811 1172 in
2838 1117 3204 1187 superioribus
3228 1112 3357 1175 idem
3376 1121 3609 1191 Apostolus
3627 1128 3707 1182 ait;

2265 1209 2638 1264 Testimonium
2664 1208 2907 1262 reddente
2932 1209 3007 1262 eis
3030 1208 3331 1263 conscientia
3355 1221 3398 1265 et
3424 1212 3539 1266 inter
3558 1231 3600 1268 se
3618 1218 3711 1286 regis

2260 1299 2519 1352 tationem
2561 1298 2954 1362 accusantium,
3003 1307 3095 1351 aut
3137 1298 3287 1352 etiam
3316 1299 3644 1370 defendentium.
3672 1308 3709 1362 ln

2262 1388 2368 1443 illis
2395 1404 2523 1459 ergo
2554 1388 2608 1442 in
2643 1389 2841 1457 quibus
2872 1389 3211 1458 cogitationis
3236 1405 3338 1445 suae
3379 1391 3546 1447 habent
3572 1396 3710 1463 aliqud

2260 1479 2407 1548 quod
2433 1489 2710 1545 accusent,
2739 1487 2795 1534 et
2815 1480 3148 1535 conscientia
3171 1480 3236 1534 ad
3253 1481 3568 1538 testimonium
3595 1487 3708 1551 venit,

2258 1585 2370 1625 non
2419 1578 2596 1639 potest
2636 1569 2745 1624 diei
2786 1570 2929 1639 quod
2972 1585 3074 1640 pro
3104 1570 3258 1625 malis
3290 1571 3474 1626 actibus
3492 1574 3539 1627 in
3567 1574 3709 1644 Spiritu

2257 1669 2448 1715 sancto
2472 1660 2804 1716 conscientia
2836 1660 3202 1716 testimonium
3228 1662 3417 1717 reddat.
3448 1663 3498 1717 in
3530 1664 3710 1734 Apostolo

574 1750 676 1819 git,
704 1766 800 1820 per
826 1766 945 1819 quae
970 1749 1169 1806 electos
1191 1750 1360 1819 possit
1384 1753 1658 1804 seducere.
1682 1748 1836 1803 Nulla
1857 1764 1986 1819 ergo
2008 1757 2154 1815 sunt,
2187 1775 2231 1833 Β
2258 1763 2388 1805 vero
2436 1749 2529 1804 ubi
2576 1750 2835 1820 cogitatio
2872 1748 2988 1817 jam
3039 1765 3145 1805 non
3194 1751 3347 1807 habet
3388 1754 3509 1822 quod
3542 1765 3709 1818 senisu,

577 1855 698 1907 qua:
722 1855 820 1893 nos
840 1840 1049 1907 possint
1074 1856 1103 1893 a
1128 1839 1394 1893 charitate
1421 1838 1514 1891 Dei
1539 1852 1817 1906 separare,
1848 1853 1966 1906 quae
1991 1846 2073 1892 est
2101 1837 2156 1891 in
2254 1848 2405 1894 recte
2429 1839 2761 1896 conscientia
2800 1840 2854 1893 in
2886 1840 3089 1910 Spiritu
3113 1850 3290 1896 sancto
3310 1842 3610 1897 testimonium
3633 1846 3711 1900 red-

577 1928 793 1982 Christo
819 1926 966 1982 Jesu.
1003 1928 1141 1982 Deus
1165 1928 1308 1983 enim
1334 1927 1650 1982 charitatem
1680 1942 1831 1982 suam
1863 1928 1917 1981 in
1942 1926 2157 1982 Christo
2257 1930 2356 1984 dit.
2388 1928 2523 1984 Vide
2555 1938 2741 1984 tamen
2783 1929 3203 1999 magnitudinem
3237 1932 3452 2000 pectoris
3491 1934 3706 2003 apostolid.

578 2017 734 2095 uehis
768 2018 1022 2085 ostendit,
1054 2018 1179 2074 dum
1206 2018 1427 2073 tradidit
1459 2018 1608 2072 illum
1633 2032 1733 2089 pro
1769 2018 1946 2073 nobis.

1165 2129 1392 2186 CAPUT
1444 2129 1534 2184 1X.

575 2239 727 2294 Dolet
753 2239 1029 2311 Apostolus
1054 2241 1119 2294 de
1136 2239 1446 2313 Iudaeorum
1476 2240 1843 2313 obstinatione,
1872 2258 2003 2312 quos
2038 2256 2155 2313 pro-

647 2310 888 2365 missione
919 2328 1027 2364 non
1055 2327 1164 2365 esse
1191 2310 1471 2379 frustratos
1510 2311 1758 2379 ostendit,
1785 2321 1835 2366 et
1882 2310 2004 2367 ante
2030 2310 2153 2383 gen-

648 2388 721 2434 ιϐδ
753 2390 959 2436 ῑνοοαιοε
983 2396 1094 2435 ϐεδε
1122 2390 1513 2435 commemorat.

650 2490 937 2544 Veritatem
985 2490 1101 2543 dico
1144 2489 1198 2543 in
1222 2486 1448 2557 Christo,
1478 2506 1580 2545 non
1628 2493 1871 2556 mentior,
1922 2492 2151 2546 testimo-

573 2583 718 2634 nium
776 2580 903 2634 mihi
941 2579 1238 2649 perhibente
1286 2583 1608 2637 conscientia
1663 2599 1779 2638 mea
1837 2585 1894 2638 in
1944 2584 2150 2655 Spiritu

573 2682 775 2736 sancto,
826 2673 1076 2743 quoniam
1115 2673 1329 2727 tristitia
1356 2683 1431 2728 est
1477 2675 1607 2727 nti/ri
1630 2692 1848 2747 magna,
1896 2685 1948 2731 et
1977 2677 2147 2731 conti—

572 2779 705 2816 nuus
735 2761 886 2816 dolor
910 2762 1055 2815 cordi
1079 2778 1211 2815 meo.
1247 2760 1504 2833 Optabam
1534 2765 1670 2818 enim
1724 2767 1834 2835 ipse
1875 2783 1968 2837 ego
2012 2783 2145 2820 ana-

570 2855 744 2908 thema
767 2870 877 2908 esse
897 2870 929 2907 a
958 2852 1164 2908 Christo
1192 2870 1287 2924 pro
1300 2854 1558 2924 fratribus
1588 2857 1737 2910 meis.
1771 2856 1968 2927 (Orig.)
1993 2854 2148 2911 Veri‘

569 2953 736 2999 tatem
764 2945 884 3000 dico
905 2945 961 2998 in
983 2944 1224 3012 Christo,
1245 2960 1349 3001 non
1372 2946 1621 3012 mentior,
1651 2955 1705 3002 et
1734 2948 1959 3019 reliqua,
1978 2962 2149 3017 usque

568 3036 626 3089 in
653 3035 867 3089 sa’cula.
904 3033 1101 3090 Videas
1134 3034 1335 3092 Paulus
1373 3038 1516 3106 quod
1562 3039 1606 3091 si
1635 3039 1955 3096 secundum
1999 3054 2063 3093 ea
2091 3040 2146 3094 in

2254 2019 2295 2074 Δ
2321 2019 2417 2075 Dei
2442 2020 2707 2075 cbaritate
2724 2035 2836 2075 non
2857 2028 3037 2089 potest
3056 2022 3286 2091 separari
3310 2039 3323 2075 :
3346 2023 3470 2090 (μιοά
3488 2023 3663 2092 loquitur
3676 2026 3710 2077 is

2248 2108 2469 2164 Christo
2488 2109 2729 2179 loquitur
2762 2126 2776 2164 :
2804 2111 2949 2179 quod
2983 2111 3039 2164 in
3066 2112 3378 2166 conscientia
3400 2113 3552 2177 habet,
3570 2113 3709 2183 Spiritu

2140 2232 2153 2274 ί
2248 2208 2440 2254 sancto
2463 2199 2790 2254 continetur.
2820 2198 2947 2266 Qui,
2966 2214 3169 2270 quaeso,
3199 2202 3332 2268 coeli,
3354 2203 3433 2271 qui
3459 2203 3615 2270 throni,
3632 2218 3711 2274 qua

2252 2289 2595 2358 amplissimae
2627 2290 2885 2345 virtutum
2931 2292 3229 2348 cmicstiutn
3255 2306 3442 2349 mentes
3461 2304 3549 2349 tam
3579 2295 3713 2365 amplis

2251 2378 2469 2436 sedibus
2496 2388 2664 2436 totam
2686 2391 2938 2452 poterunt
2956 2398 3160 2453 capere
3172 2384 3491 2439 Trinitatem?
3507 2384 3709 2450 Quonim,

2248 2469 2452 2539 inquit,
2504 2469 2719 2524 tristitia
2768 2481 2845 2525 est
2881 2471 3015 2525 mihi
3050 2488 3253 2543 magna,
3277 2483 3323 2527 et
3362 2474 3590 2527 continuus
3607 2471 3711 2525 dolia

2249 2559 2395 2613 cordi
2442 2575 2575 2613 meo.
2608 2559 2739 2615 Esto
2783 2560 2990 2617 habeas
3034 2562 3304 2617 tristitiam
3349 2582 3361 2616 :
3400 2574 3500 2618 esto
3540 2563 3711 2617 dolorem

2248 2647 2432 2717 capias
2467 2650 2533 2703 de
2579 2649 2881 2718 perditione
2904 2647 3142 2706 fratrum
3173 2661 3404 2720 tuorum,
3440 2654 3514 2724 qui
3541 2662 3631 2706 sunt
3653 2667 3710 2704 ω-

2244 2742 2396 2811 gnati
2422 2742 2707 2796 secundum
2737 2759 2945 2814 carnem
2969 2760 2990 2798 :
3026 2746 3259 2815 nunquid
3286 2760 3510 2815 eousque,
3535 2754 3581 2799 ut
3607 2752 3711 2811 optes

2248 2833 2536 2888 anathema
2561 2832 2677 2889 fieri
2727 2848 2756 2887 a
2796 2834 3052 2890 Christo?
3082 2836 3151 2891 Et
3176 2838 3299 2906 quid
3327 2837 3409 2892 tibi
3428 2836 3606 2905 prodest
3630 2834 3708 2888 illo-

2244 2937 2367 2975 rum
2395 2922 2561 2989 salus,
2600 2923 2648 2979 si
2675 2933 2731 2979 tu
2752 2941 2783 2978 a
2811 2925 2984 2981 salute
3010 2929 3314 2998 separeris?
3337 2936 3388 2983 et
3408 2928 3528 2997 quod
3549 2924 3711 2980 saltabit

2249 3011 2406 3078 alios,
2434 3013 2481 3068 si
2526 3014 2642 3084 ipse
2666 3018 2905 3084 pereas?
2933 3016 3076 3084 Non,
3105 3019 3290 3089 inquit,
3311 3020 3377 3072 ita
3399 3027 3475 3074 est
3496 3033 3511 3071 t:
3539 3018 3610 3072 sed
3641 3032 3709 3086 ego

530 3136 535 3140 ‘
573 3128 768 3194 quibus
794 3143 957 3197 supra
989 3128 1257 3198 exposuit,
1297 3102 1440 3183 nulla
1469 3129 1545 3193 vi,
1578 3130 1891 3186 caelestibus
1923 3130 2006 3185 vel
2037 3138 2144 3186 ter-

2164 3109 2216 3179 (ς
2249 3102 2410 3158 didici
2433 3118 2464 3158 a
2500 3105 2763 3176 magistro
2785 3115 2841 3160 et
2870 3107 3106 3164 Domino
3141 3127 3257 3165 meo
3281 3112 3410 3179 quod
3428 3110 3504 3179 qui
3533 3108 3612 3163 velt
3631 3106 3711 3159 asi-

571 3216 856 3279 restribus,
882 3217 1232 3284 prmscntibus
1247 3218 1329 3272 vel
1359 3218 1551 3273 futuris
1577 3218 1986 3275 adversantibus
2016 3219 2141 3285 sibi,

568 3302 741 3371 possit
772 3320 800 3356 a
836 3303 1034 3358 Christi
1083 3306 1345 3359 charitate
1386 3308 1650 3376 separari,
1706 3308 2063 3376 contrarium,
2090 3317 2145 3363 et

572 3392 882 3447 incredibile
906 3393 1174 3448 videretur
1201 3396 1342 3463 quod
1368 3411 1511 3450 nunc
1561 3397 1743 3452 dicere
1788 3400 2141 3469 proponebat,

566 3492 761 3551 optare
791 3500 849 3538 se
874 3498 905 3537 a
936 3484 1174 3550 Christo,
1206 3500 1363 3553 quem
1409 3494 1516 3540 tam
1555 3486 1983 3557 inseparabiliter
2024 3490 2142 3545 dili-

566 3574 748 3642 gebat,
795 3575 1083 3629 anathema
1128 3575 1263 3642 fieri,
1300 3577 1409 3633 hoc
1446 3586 1551 3645 est,
1603 3579 1833 3635 alienum
1870 3580 2036 3649 allici,
2077 3597 2145 3638 ne

569 3665 835 3720 mendacii
884 3674 1066 3720 notam
1126 3668 1307 3722 subire
1360 3669 1651 3737 videretur,
1712 3671 2138 3728 satisfactionem

566 3755 865 3825 pra‘tnittit,
889 3764 947 3810 ut
975 3772 1308 3827 nequaquau
1336 3758 1402 3813 de
1429 3758 1545 3828 ejus
1573 3772 1824 3816 sermone
1848 3761 2139 3828 dubitatur,

564 3857 624 3900 et
658 3845 788 3900 dicit
810 3864 831 3899 -:
876 3844 1156 3901 Veritatem
1196 3848 1312 3901 dico
1340 3848 1394 3902 in
1420 3847 1653 3915 Christo,
1678 3866 1781 3903 non
1806 3852 2046 3915 mentior,
2068 3862 2144 3905 te-

572 3936 871 3990 stimonium
903 3935 1026 3988 mihi
1051 3936 1347 4005 perhibente
1368 3939 1683 3992 conscientia
1711 3955 1826 3993 mea
1860 3940 1915 3993 in
1941 3938 2141 4011 Spiritu

564 4035 767 4081 sanato.
800 4024 912 4081 Sed
957 4027 1236 4081 videamus
1265 4042 1433 4096 quare
1469 4028 1693 4094 dixerit,
1729 4029 1995 4083 veritatem
2022 4029 2140 4082 dico

562 4120 623 4170 in
652 4116 858 4171 Christo
876 4155 893 4182 ,
923 4117 1077 4186 quasi
1120 4118 1412 4171 ostendens
1438 4132 1560 4172 esse
1596 4118 1830 4188 aliquam
1858 4119 2139 4172 veritatem

564 4225 688 4280 qua:
709 4226 817 4265 non
849 4211 918 4265 sit
952 4211 1004 4263 in
1039 4209 1273 4265 Christo.
1302 4210 1368 4263 Et
1387 4210 1509 4263 vide
1536 4210 1580 4265 si
1612 4211 1876 4279 possimus
1903 4209 1995 4263 tali
2023 4213 2140 4279 qui-

565 4304 688 4357 dem
721 4302 877 4356 modo
910 4300 1192 4357 Veritatem
1219 4315 1337 4369 qua:
1363 4300 1414 4353 in
1451 4299 1666 4355 Christo
1690 4308 1804 4365 est,
1833 4300 1903 4354 ab
1928 4314 1994 4354 ea
2019 4313 2140 4369 qua:

564 4408 673 4447 non
692 4392 846 4446 estin
856 4389 1074 4446 Christo
1092 4390 1420 4461 distinguere
1444 4405 1458 4444 :
1478 4391 1604 4459 quia
1625 4398 1680 4444 et
1698 4390 1825 4445 alibi
1846 4390 1987 4444 idem
1999 4388 2142 4443 Pau-

565 4480 652 4535 ius
680 4482 810 4535 dicit
835 4500 848 4535 ;
879 4480 973 4534 Est
1002 4481 1188 4534 veritas
1209 4478 1405 4533 Christi
1428 4481 1481 4532 in
1512 4496 1611 4544 me,
1647 4481 1771 4550 quia
1797 4496 1899 4533 non
1917 4479 2140 4533 mentior

566 4570 652 4642 (II
682 4570 802 4625 Cor.
837 4571 933 4643 tu).
962 4569 1174 4624 Veritas
1202 4585 1332 4639 ergo
1374 4569 1572 4624 Christi
1602 4583 1721 4624 esse
1760 4568 2030 4624 credenda
2053 4576 2141 4622 est

566 4661 663 4724 ibi,
703 4660 791 4715 ubi
840 4668 897 4713 et
942 4660 1159 4728 reliquae
1202 4660 1430 4713 virtutes
1469 4674 1588 4728 qua:
1626 4658 1874 4714 Christus
1898 4673 2017 4713 esse
2045 4658 2139 4711 de-

566 4752 900 4815 scribuntur,
931 4750 984 4804 id
1012 4758 1116 4815 est,
1147 4751 1234 4804 ubi
1257 4750 1488 4819 justitia,
1515 4751 1607 4805 ubi
1627 4766 1759 4820 pax,
1789 4751 1878 4804 ubi
1901 4761 1985 4805 est
2010 4762 2133 4803 vcr-

563 4844 694 4897 hum
722 4840 836 4904 Dei,
865 4839 938 4895 ibi
957 4848 1044 4895 est
1062 4848 1116 4893 et
1146 4841 1343 4895 veritas
1368 4839 1594 4894 Christi.
1629 4840 1725 4894 Est
1747 4849 1925 4893 autem
1947 4854 2135 4892 verum

560 4942 623 4987 ct
652 4932 714 4986 in
751 4930 1007 4999 injustitia
1046 4944 1061 4983 :
1102 4938 1161 4983 ut
1197 4930 1241 4984 si
1283 4929 1431 4984 verbi
1461 4944 1626 4983 causa
1669 4929 1911 4982 dicamus
1937 4928 2135 4983 daemo-

565 5023 716 5075 nium
743 5020 867 5075 illud
895 5019 1167 5090 Pythonis.
1185 5019 1327 5089 quod
1347 5019 1399 5072 in
1420 5019 1643 5073 Actibus
1664 5017 2027 5087 apostolorum
2052 5034 2138 5071 re-

565 5109 742 5183 fertur
769 5112 822 5166 in
851 5111 1043 5165 ancilla
1071 5111 1299 5180 quadam
1343 5110 1612 5165 habitasse
1638 5118 1693 5164 et
1726 5109 1986 5164 clamasse
2010 5118 2135 5177 post

569 5204 842 5274 apostolos
864 5202 1002 5270 (Act.
1026 5203 1160 5270 xvi),
1186 5204 1307 5271 quin
1329 5203 1382 5255 lii
1400 5202 1530 5256 servi
1549 5201 1643 5255 Dei
1667 5202 1856 5255 summi
1877 5210 2019 5265 sunt,
2046 5201 2136 5270 qui

571 5300 881 5352 annuntiant
908 5294 1200 5349 hominibus
1235 5310 1369 5347 vtam
1402 5293 1501 5348 Dei
1529 5307 1547 5344 :
1586 5303 1704 5348 erat
1740 5294 1940 5347 veritas
1969 5293 2020 5347 in
2054 5294 2138 5348 his

572 5389 782 5453 verbis;
825 5401 1012 5440 verum
1044 5385 1184 5438 enim
1226 5392 1345 5437 erat
1368 5384 1507 5452 quod
1549 5383 1826 5438 dicebatur
1852 5402 1864 5436 :
1891 5384 1984 5438 sed
2030 5400 2135 5438 non

574 5486 690 5530 erat
712 5478 814 5531 ista
840 5475 1041 5530 veritas
1076 5474 1128 5528 in
1166 5473 1415 5539 Christo;
1443 5482 1497 5528 et
1534 5484 1815 5544 propterea
1840 5489 2139 5530 conversus

574 5566 639 5616 ad
663 5582 780 5619 eam
798 5566 994 5621 Paulus
1021 5565 1155 5619 dixit
1183 5583 1195 5618 :
1222 5564 1523 5618 Obmutesce
1558 5574 1605 5617 et
1639 5565 1721 5618 exi
1743 5564 1805 5618 ab
1823 5582 1906 5618 ea.
1951 5564 2055 5618 Sed
2080 5574 2140 5618 et

575 5656 701 5709 illud
728 5660 922 5712 veritas
966 5657 1225 5726 fuitquod
1254 5657 1386 5712 dixit
1420 5658 1650 5727 Caiphas
1678 5677 1689 5711 :
1730 5657 1953 5726 Expedit
1996 5657 2137 5713 vobis

2244 3209 2384 3247 mam
2417 3209 2568 3247 suam
2597 3195 2793 3251 saluam
2824 3197 3023 3267 facere,
3069 3201 3243 3270 perdet
3274 3217 3400 3265 earn;
3426 3197 3464 3254 et
3488 3199 3560 3269 qui
3588 3196 3711 3267 pcrdi-

2241 3282 2376 3336 derit
2411 3300 2546 3350 eam,
2578 3286 2797 3341 inveniet
2825 3303 2940 3341 eam
2968 3288 3123 3359 (Luc.
3163 3291 3257 3363 ix).
3284 3289 3462 3362 {Hicin}
3499 3285 3711 3355 Perqiicie

2244 3388 2365 3428 mus
2385 3376 2634 3430 eamdem
2675 3386 2732 3431 et
2773 3378 2943 3449 Moysi
2968 3390 3030 3434 et
3073 3380 3222 3436 Pauli
3258 3396 3372 3450 erga
3401 3380 3608 3436 creditum
3638 3374 3707 3427 sibi

2242 3481 2461 3537 gregem
2500 3467 2774 3523 ali'ectum.
2808 3468 3001 3526 Pastor
3031 3473 3202 3528 bonus
3225 3475 3438 3527 animata
3462 3484 3582 3525 suam
3606 3465 3710 3536 ponit

2239 3572 2342 3626 pro
2371 3558 2564 3613 ovibus
2593 3576 2608 3613 :
2640 3561 3013 3617 mercenarius
3044 3574 3223 3619 autem
3248 3581 3366 3619 cum
3406 3561 3563 3617 viderit
3581 3559 3708 3626 lutum

2244 3646 2570 3714 venientem,
2604 3647 2743 3720 fugit
2764 3651 2889 3720 quia
2916 3669 3026 3707 non
3059 3664 3185 3709 sunt
3221 3654 3332 3724 ejus
3352 3670 3464 3709 oves
3488 3652 3627 3723 (lauit.
3654 3646 3706 3715 ἢν

2240 3736 2311 3791 Et
2355 3738 2460 3793 hoc
2488 3743 2663 3809 ipsum
2702 3751 2788 3796 est
2813 3744 3015 3811 dicere,
3053 3746 3301 3816 Optabam
3343 3746 3707 3799 mwtheumsuu

2242 3826 2473 3894 Christo,
2514 3840 2570 3885 et
2605 3831 2772 3887 deleri
2814 3850 2900 3889 me
2926 3836 2994 3890 de
3030 3837 3168 3892 libro
3192 3852 3344 3906 quem
3381 3832 3611 3903 scripsisti.
3634 3826 3706 3894 Qui

2240 3920 2385 3974 enim
2412 3921 2657 3977 delentur
2684 3924 2751 3978 de
2777 3923 2913 3979 bbro
2938 3927 3251 3993 viventium,
3270 3938 3325 3983 et
3358 3943 3463 3980 tum
3490 3924 3616 3994 justis
3633 3934 3705 3972 aeu

2240 4012 2566 4079 scribuntur,
2583 4017 2868 4071 anathema
2885 4017 3021 4073 ﬁunt
3042 4038 3073 4075 a
3093 4020 3331 4076 Domine.
3349 4018 3580 4085 Simulque
3594 4027 3707 4067 cem

2239 4103 2574 4172 Apostolutn,
2607 4118 2821 4178 quanta:
2850 4111 3140 4168 eharitatis
3178 4113 3229 4168 in
3255 4112 3447 4167 Christo
3468 4110 3541 4167 sit.
3578 4113 3706 4172 NP"

2241 4196 2332 4251 illo
2359 4198 2540 4268 cupiat
2568 4200 2726 4265 mori,
2746 4210 2804 4256 et
2824 4202 2975 4258 solus
3000 4206 3213 4273 perire,
3238 4204 3497 4259 dummodo
3513 4213 3637 4256 0|!ch
3664 4195 3704 4247 iu

2241 4286 2332 4341 illo
2370 4291 2555 4345 credat
2602 4290 2878 4347 hominum
2913 4311 3105 4365 genus.
3154 4294 3330 4351 Perire
3371 4303 3523 4348 autem
3563 4304 3641 4341 non
3666 4287 3703 4335 iﬂ

2238 4389 2579 4447 perpetuum,
2612 4384 2704 4437 sed
2728 4383 3210 4452 inpraesentiarum
3235 4405 3248 4439 :
3272 4386 3354 4454 qui
3387 4376 3704 4450 euimpcrditlc-

2167 4457 2216 4515 Ι)
2243 4468 2314 4521 rit
2354 4471 2589 4525 animam
2633 4488 2788 4527 suam
2827 4489 2926 4544 pro
2971 4477 3207 4543 Christo,
3242 4477 3425 4531 salvam
3467 4488 3564 4526 ωιυ
3598 4465 3699 4519 [aut

2238 4559 2441 4633 (θήῃ.)
2482 4561 2619 4629 Quid
2650 4579 2779 4635 ergo
2806 4567 3021 4631 mirum,
3043 4571 3086 4624 si
3116 4568 3495 4640 Apostoluspro
3516 4558 3702 4616 fratribus

2240 4653 2353 4708 suis
2376 4657 2662 4711 anathema
2697 4656 2816 4720 ﬁeri
2856 4659 3015 4725 velit,
3045 4662 3138 4732 qui
3164 4661 3298 4716 sciat
3328 4673 3437 4714 eum
3462 4656 3537 4725 qui
3558 4648 3699 4705 eratin

2234 4746 2411 4803 forma
2438 4749 2531 4804 Dei
2550 4750 2857 4806 exinanisse
2883 4768 2942 4808 se
2963 4754 3029 4808 de
3052 4770 3138 4815 ea.
3168 4770 3229 4807 ac
3249 4750 3516 4821 suscepisse
3537 4744 3699 4801 fomlam

2238 4839 2400 4903 servi,
2423 4848 2479 4894 et
2497 4839 2699 4895 factum
2728 4857 2851 4897 esse
2874 4859 2976 4913 pro
3005 4846 3161 4900 nobis
3186 4838 3590 4900 maledictum?th
3612 4827 3699 4900 quid

2243 4930 2462 4996 mirum,
2486 4931 2531 4986 si
2570 4948 2696 4988 cum
2732 4932 2992 4990 Dominus
3017 4952 3117 5004 pro
3152 4934 3315 4991 servis
3353 4929 3632 4987 maledictum
3651 4920 3703 4972 l3-

2238 5030 2359 5076 ctus
2394 5024 2483 5089 sit,
2533 5039 2722 5080 semis
2762 5041 2864 5096 pro
2914 5027 3171 5082 fratribus
3207 5026 3464 5080 anathema
3503 5011 3699 5072 litum“!

2242 5124 2421 5169 autem
2437 5116 2672 5175 arbitror
2691 5118 2832 5185 quod
2854 5129 2908 5173 et
2932 5117 3160 5189 Moyses,
3192 5116 3559 5186 cumpecoassei
3583 5116 3701 5175 P9P"

2243 5202 2345 5268 lus,
2375 5203 2587 5273 dicebat
2618 5206 2686 5260 ad
2723 5206 3009 5262 Dominum
3041 5225 3054 5261 :
3081 5207 3151 5261 Et
3190 5222 3321 5260 nunc
3352 5200 3531 5273 quidem
3555 5193 3700 5248 remitte

2240 5293 2315 5346 eis
2336 5303 2636 5363 peccatum;
2674 5297 2757 5349 sin
2782 5307 2978 5363 autem,
3006 5298 3125 5352 dele
3150 5314 3228 5351 me
3252 5299 3313 5350 de
3330 5295 3448 5348 libro
3470 5291 3566 5346 vita
3590 5293 3697 5353 φαεν

2238 5385 2488 5455 scripsisti
2515 5385 2711 5456 (Exod.
2743 5388 2943 5459 xxxii).
2980 5390 3116 5456 Quid
3151 5387 3306 5457 ergo?
3344 5381 3605 5438 Inferiore!!!
3641 5369 3699 5420 τίδ

2241 5472 2421 5544 Moyse
2442 5474 2665 5529 Paulum
2689 5477 2894 5531 videri?
2914 5477 3005 5533 Ille
3025 5494 3082 5534 se
3099 5477 3257 5533 deleri
3280 5474 3400 5545 petit
3416 5471 3473 5525 de
3487 5468 3596 5522 libro
3611 5459 3698 5511 tit:

2240 5582 2337 5636 pro
2355 5566 2612 5621 fratribus
2634 5568 2746 5620 suis
2768 5585 2779 5620 :
2796 5567 2996 5623 Paulus
3009 5585 3111 5623 non
3133 5569 3281 5623 debet
3305 5572 3466 5633 optare
3482 5553 3694 5645 epitheti"

2235 5674 2359 5714 esse
2396 5675 2498 5729 pro
2537 5659 2791 5715 fratribus
2833 5662 2986 5716 suis?
3018 5663 3118 5717 Sed
3158 5660 3367 5715 fortasse
3392 5654 3521 5713 dicat
3535 5644 3694 5709 θλίίῖίηδν
