4026 6180
314 306 445 365 1481

849 296 1397 359 ENABRATIONUM
1432 296 1501 355 1N
1540 296 1689 353 EPP.
1726 295 1932 354 PAULI
1971 295 2099 352 LIB.
2141 294 2205 351 γ.
2243 326 2310 336 -
2350 294 2416 352 IN
2453 293 2672 352 EPIST.
2714 294 2805 349 AD
2844 293 3010 352 ROM.

3443 298 3579 356 1482

322 421 472 496 (ιιιηά
497 420 705 489 Moyses
732 415 835 471 hoc
856 413 1089 471 offerens
1109 412 1335 469 salutem
1363 411 1542 485 populi
1565 410 1768 467 meruit
1800 410 1901 465 itn-
1926 411 1975 471 Α
2002 415 2059 462 et
2077 406 2451 477 promissionis
2472 407 2724 463 meritum
2746 406 3117 479 perdiderunt,
3142 404 3351 476 pejores
3375 409 3589 480 gentili-

320 521 578 580 pctrare;
612 506 811 562 Paulus
836 522 967 563 vero
1003 514 1154 580 aptat
1180 505 1422 577 quidem,
1446 505 1539 561 sed
1566 519 1673 560 non
1696 512 1779 558 est
1803 518 1902 557 au-

321 599 488 653 ditus.
521 596 658 665 Quid
685 599 727 653 si
758 599 1039 654 ostendam
1067 597 1163 651 tibi
1196 598 1368 669 magis
1399 594 1623 651 Paulum
1660 595 1904 650 auditum

318 704 442 763 esse
468 705 631 760 quam
659 689 930 760 Moyseth
949 688 1147 745 Omnes
1174 689 1318 743 enim
1342 687 1415 742 illi
1437 688 1529 758 qui
1561 700 1659 756 per
1682 685 1902 758 Moysen

320 781 590 844 exierant,
623 780 689 836 de
714 779 967 850 Aigypto,
994 779 1311 834 ceciderunt
1338 779 1391 832 in
1420 777 1656 832 deserto.
1695 774 1903 832 Posteri

319 886 451 926 vero
488 885 678 927 eorum
723 871 815 941 qui
846 879 1046 925 terram
1084 869 1520 938 repromissionis
1557 875 1903 938 acceperunt,

322 959 485 1015 etiam
507 974 651 1014 nunc
674 966 937 1030 vagantur
955 958 1024 1014 ab
1049 974 1111 1014 ea
1133 958 1348 1014 exsules
1382 965 1438 1013 et
1468 964 1732 1012 extorres.
1759 954 1903 1011 Pau-

322 1050 407 1106 lus
430 1065 561 1104 vero
596 1049 721 1105 audi
751 1048 880 1119 quid
906 1048 1053 1104 dicat
1078 1048 1144 1103 de
1169 1047 1335 1103 Israel
1363 1067 1376 1103 :
1404 1047 1545 1104 Nolo
1572 1066 1682 1116 eos,
1709 1047 1900 1120 inquit,

322 1142 586 1210 ignorare,
638 1138 851 1209 fratres,
894 1134 1199 1212 mysterium
1241 1138 1358 1207 hoc,
1411 1140 1537 1211 quia
1593 1140 1802 1195 ca'eitas
1841 1155 1907 1194 ea:

320 1239 469 1301 parte
488 1230 544 1283 in
573 1227 746 1283 Israel
762 1229 1000 1302 contigit,
1033 1230 1197 1287 donec
1224 1231 1493 1304 plenitudo
1521 1235 1750 1305 gentium
1778 1233 1903 1288 sub-

321 1323 567 1387 intraret,
598 1331 645 1376 et
678 1321 754 1375 sic
781 1325 950 1377 omnis
992 1322 1164 1378 Israel
1199 1323 1375 1380 salvus
1416 1326 1561 1394 ﬁeret
1591 1324 1769 1396 (Rom.
1801 1326 1902 1398 χι).

292 1412 486 1507 ‘Vides
518 1398 666 1483 ergo,
705 1412 830 1483 quia
865 1415 1150 1471 exauditus
1199 1422 1283 1471 est
1314 1415 1535 1481 Paulus,
1578 1424 1635 1471 et
1673 1416 1799 1485 quia
1848 1432 1907 1471 se

321 1503 520 1559 obtulit
554 1506 844 1561 anathema
870 1519 1009 1572 esse,
1052 1506 1282 1563 salutem
1315 1507 1515 1563 meruit
1542 1504 1823 1573 fratribus,
1852 1515 1908 1563 et

322 1595 444 1652 ideo
465 1595 599 1651 mihi
645 1596 852 1652 videtur
876 1596 967 1651 illa
996 1597 1182 1653 omnia
1222 1598 1573 1669 praemisisse,
1596 1598 1739 1668 quod
1760 1597 1902 1654 nulla

321 1684 372 1739 vi
405 1687 578 1755 possit
620 1700 652 1740 a
682 1685 775 1742 Dei
811 1686 1079 1742 charitate
1105 1686 1306 1754 divelli,
1343 1696 1398 1742 ut
1430 1702 1554 1744 cum
1601 1702 1661 1745 se
1688 1687 1908 1745 offerret

2006 499 2108 553 bus
2137 496 2287 563 facti,
2314 512 2449 567 quos
2468 497 2642 569 prius,
2671 498 2796 569 quia
2829 497 2944 553 sine
2983 496 3093 551 Deo
3121 504 3276 552 erant
3304 498 3585 556 abomina-

2003 590 2222 645 bantur.
2252 587 2584 660 Propensius
2605 589 2748 645 enim
2777 591 2976 645 malum
3011 602 3096 647 est
3121 590 3436 663 dignitatem
3466 610 3584 665 per.

2006 679 2226 746 didisse,
2251 695 2413 751 quam
2442 694 2550 736 non
2596 679 2871 736 habuisse.
2910 679 3109 753 (0rig.)
3155 681 3308 750 Quod
3336 683 3479 738 enim
3512 684 3589 739 ait

2004 771 2173 842 gloria
2194 780 2242 825 et
2270 779 2654 837 testamentum,
2685 770 2753 826 de
2778 771 2946 842 gloria
2984 771 3107 827 lata:
3136 772 3269 845 legis
3307 788 3447 844 saepe
3473 773 3586 845 jam

2006 862 2211 918 dictum
2239 868 2343 927 est,
2385 860 2527 917 sicut
2551 868 2607 916 et
2657 861 2772 932 ipse
2814 862 3103 932 Apostolus
3145 862 3315 919 dicit:
3344 862 3405 921 Si
3449 866 3587 918 enim

2004 951 2143 1024 quod
2172 950 2456 1007 evacuatur
2474 967 2568 1023 per
2593 949 2815 1023 gloriam
2842 961 2941 1018 est,
2964 951 3067 1008 hoc
3095 961 3178 1010 est
3211 953 3374 1009 Vetus
3401 954 3590 1011 Testa-

2006 1050 2245 1098 mentum
2278 1083 2294 1106 ,
2354 1039 2518 1097 multo
2570 1043 2738 1113 magis
2782 1042 2923 1113 quod
2969 1055 3141 1098 manet
3196 1045 3252 1099 in
3290 1042 3458 1116 gloria
3511 1054 3592 1102 est

2008 1135 2095 1208 (II
2123 1130 2246 1190 Cor.
2276 1132 2383 1207 ut),
2408 1132 2687 1208 Evangelii
2718 1132 2922 1188 scilicet
2950 1136 3287 1205 prtedicatio,
3322 1136 3414 1192 sed
3444 1138 3589 1208 quod

2007 1227 2139 1281 dicit
2176 1234 2538 1280 testamentum
2566 1236 2611 1278 et
2658 1222 2914 1296 legislatio
2955 1240 3122 1280 unum
3148 1225 3378 1283 fortasse
3412 1228 3591 1285 dicere

2006 1318 2275 1373 videatur.
2316 1315 2425 1371 Lex
2461 1316 2605 1372 enim
2635 1332 2756 1386 qum
2780 1315 2887 1370 lata
2910 1325 2995 1371 est
3026 1316 3203 1387 ipsam
3240 1322 3402 1373 etiam
3427 1330 3595 1375 testa~

2008 1416 2248 1464 mentum
2278 1408 2528 1479 appellat.
2580 1407 2685 1463 Sed
2722 1422 2822 1479 ego
2867 1407 3008 1463 hanc
3049 1423 3169 1464 esse
3195 1409 3592 1467 distinctionem

2007 1512 2157 1572 puto,
2179 1501 2321 1573 quod
2342 1500 2606 1572 legislatio
2626 1500 2841 1571 quidem
2863 1516 2968 1555 una
2997 1498 3180 1569 fuerit,
3210 1511 3266 1558 et
3290 1502 3455 1559 semel
3493 1504 3592 1559 ha—

2006 1595 2116 1650 bita
2144 1610 2245 1665 per
2288 1592 2566 1667 Moyscm;
2600 1602 2918 1649 testamenta
2964 1608 3094 1649 vero
3137 1593 3449 1666 frequenter
3479 1607 3593 1652 sta-

2008 1695 2123 1743 tuta
2182 1694 2310 1741 sunt
2354 1703 2366 1740 :
2403 1684 2612 1757 quoties
2686 1684 2830 1739 enim
2889 1694 3251 1755 peccaverunt
3293 1694 3349 1741 et
3398 1684 3593 1754 ahjecti

322 1776 608 1831 anathema
646 1792 744 1846 pro
774 1774 1034 1833 fratribus
1059 1778 1193 1844 suis,
1219 1792 1326 1833 non
1352 1777 1560 1848 lapsum
1586 1777 1704 1847 ejus
1731 1779 1905 1849 possi-
1933 1765 1980 1825 Β
2008 1785 2155 1844 sunt,
2206 1778 2367 1833 toties
2411 1774 2739 1833 exhaeredati
2779 1776 3054 1843 videntur,
3091 1782 3146 1832 et
3189 1793 3428 1846 rursum,
3464 1794 3597 1851 quo-

320 1865 482 1921 bilem
505 1866 739 1937 judices,
764 1867 858 1923 sed
883 1867 1023 1922 sicut
1041 1866 1151 1933 ille,
1175 1868 1266 1938 qui
1298 1868 1674 1938 inseparabilis
1694 1884 1734 1933 a,
1750 1876 1904 1939 patre

319 1966 403 2013 est
428 1973 526 2029 per
550 1968 824 2024 naturam,
855 1967 909 2015 et
946 1959 1267 2015 immortalis
1300 1959 1352 2015 in
1397 1970 1626 2015 mortem
1655 1962 1823 2025 venit,
1851 1970 1906 2017 et

319 2047 376 2102 iu
412 2046 683 2104 infernum
729 2048 1023 2112 descendit,
1075 2047 1150 2103 ita
1198 2056 1255 2103 et
1302 2047 1402 2104 iste
1441 2048 1701 2105 imitando
1734 2049 1903 2120 magi-

317 2144 514 2203 strum,
551 2152 672 2192 cum
704 2136 947 2206 separari
979 2152 1010 2190 a
1040 2136 1242 2193 Christi
1272 2137 1539 2194 charitate
1576 2153 1681 2193 non
1710 2138 1903 2209 possit,

321 2245 352 2284 a
384 2228 600 2284 Christo
633 2228 923 2283 anathema
953 2227 1049 2282 ﬁat
1075 2243 1173 2298 pro
1199 2227 1458 2286 fratribus
1482 2231 1595 2285 suis
1620 2230 1904 2286 devotione

321 2319 529 2391 utique,
568 2334 676 2373 non
716 2318 1184 2389 prtevaricatione.
1213 2318 1438 2391 (Ambr.)
1479 2319 1742 2388 Quoniam
1774 2336 1904 2393 ergo

319 2409 570 2479 superius
608 2416 798 2464 contra
836 2406 1051 2465 Judteos
1091 2406 1238 2479 loqui
1288 2409 1518 2477 videtur,
1554 2410 1645 2481 qui
1677 2425 1744 2466 ex
1785 2394 1904 2480 lege

311 2501 605 2572 iustificari
638 2518 698 2557 se
727 2508 940 2572 putant,
985 2516 1129 2556 nunc
1158 2510 1217 2556 ut
1245 2511 1431 2556 votmn
1474 2517 1628 2557 suum
1669 2508 1727 2557 et
1767 2498 1902 2559 alie-

316 2602 464 2650 ctum
499 2592 643 2649 circa
686 2608 779 2649 eos
820 2593 1086 2660 ostendat,
1127 2600 1263 2649 teste
1306 2594 1636 2653 conscientia
1680 2610 1796 2662 sua,
1847 2594 1904 2675 in

315 2683 537 2742 Christo
571 2683 700 2742 Jesu
747 2693 801 2739 et
842 2684 896 2739 in
933 2683 1136 2756 Spiritu
1167 2694 1355 2742 sancto
1383 2684 1515 2741 dicit
1542 2701 1599 2743 se
1645 2686 1813 2757 loqui,
1844 2694 1906 2743 ut

316 2792 426 2831 non
474 2776 618 2831 velut
651 2776 871 2831 inimico
912 2774 1126 2832 illorum
1164 2775 1296 2833 fides
1328 2776 1517 2833 haberi
1568 2793 1672 2834 non
1708 2779 1901 2849 possit.

316 2868 448 2924 ldco
475 2867 751 2923 Christum
778 2877 833 2922 et
861 2857 1120 2938 Spiritum
1163 2877 1412 2925 sanctum
1437 2884 1574 2941 quos
1602 2870 1738 2926 nihil
1772 2854 1904 2926 latet

318 2958 643 3024 testes,dat,
681 2966 737 3012 et
780 2972 1009 3028 quorum
1053 2959 1417 3014 testimonium
1473 2961 1752 3031 reprobari
1794 2978 1902 3019 non

312 3058 514 3122 potest,
545 3049 638 3121 qui
662 3048 740 3105 sic
767 3050 1053 3120 perhibent
1097 3050 1461 3106 testimonium
1484 3050 1741 3123 Apostolo
1777 3053 1900 3121 dum

315 3121 698 3195 commendant
716 3156 837 3195 eum
854 3141 1053 3196 virtute
1067 3141 1364 3213 signorum,
1380 3158 1500 3213 quae
1522 3121 1791 3200 faciebant
1809 3160 1904 3216 per
1932 3121 1977 3183 ί)

314 3231 488 3286 illum.
518 3230 654 3299 Quia
693 3230 836 3287 enim
865 3240 972 3286 tam
1015 3248 1268 3304 magnum
1299 3234 1610 3304 praesidium
1638 3242 1721 3290 est
1747 3222 1904 3291 Chri-

315 3323 413 3389 sti,
436 3332 493 3378 et
530 3323 858 3394 praecipuam
886 3324 1208 3379 charitatem
1235 3340 1362 3397 erga
1403 3340 1574 3398 genus
1604 3327 1903 3401 humanum

313 3413 576 3480 ostendit,
600 3422 656 3469 et
696 3414 1005 3486 dignatione
1053 3412 1171 3483 ejus
1215 3414 1448 3485 gloriosa
1496 3425 1552 3471 et
1582 3415 1904 3471 immortalia

314 3506 539 3580 praemia
561 3507 847 3577 promissa,
866 3522 930 3561 ac
956 3520 1055 3577 per
1082 3507 1185 3562 hoc
1209 3506 1352 3562 dolet
1376 3522 1545 3578 genus
1567 3522 1744 3573 suum,
1761 3507 1905 3578 quod

318 3607 404 3654 est
426 3596 723 3652 secundum
750 3612 994 3663 carnem,
1018 3597 1145 3669 quia
1171 3597 1547 3654 incredulitate
1568 3614 1663 3655 sua
1690 3600 1792 3656 hoc
1809 3614 1906 3671 pe-

318 3687 477 3745 renni
518 3697 575 3745 et
611 3688 838 3744 salutari
868 3689 1129 3746 beneﬁcio
1154 3705 1211 3745 se
1240 3691 1543 3760 privarunt.
1578 3691 1720 3764 Ergo
1746 3702 1902 3763 opta-

316 3780 444 3836 bam
469 3778 566 3846 ait,
596 3795 702 3835 non
731 3789 881 3850 opto,
912 3780 1038 3851 quia
1067 3780 1172 3836 scit
1208 3781 1325 3837 fleri
1363 3797 1468 3836 non
1494 3798 1674 3854 posse,
1703 3793 1763 3838 ut
1792 3792 1903 3840 tam

318 3871 606 3927 honestum
639 3873 939 3927 membrum
969 3872 1116 3928 nullo
1152 3873 1487 3942 prascedeute
1530 3875 1663 3929 vitio
1691 3875 1903 3933 abscin-

321 3965 542 4020 deretur
570 3979 600 4018 a
636 3978 862 4035 corpore
890 3963 1216 4020 Christiano.
1243 3963 1508 4020 Aﬂ‘ectum
1539 3974 1718 4022 tamen
1749 3974 1804 4022 et
1826 3968 1909 4043 di-

318 4054 608 4132 lectionem
651 4056 794 4112 circa
837 4070 1008 4127 genus
1037 4071 1193 4112 suum
1235 4057 1487 4112 ostendit.
1520 4056 1722 4131 (0rig.)
1753 4058 1906 4139 Quod

319 4155 504 4203 autem
538 4148 755 4218 cognati
787 4147 1081 4205 secundum
1117 4164 1337 4205 carnem
1362 4149 1474 4204 sint
1500 4150 1667 4207 Paulo
1692 4150 1908 4208 lsraeli-

320 4248 413 4304 tae,
444 4238 782 4309 expositione
815 4254 919 4294 non
946 4239 1165 4312 indiget.

395 4328 633 4395 Quorum
662 4330 873 4401 adoptio
909 4339 984 4386 est
1008 4329 1262 4400 ﬁliorum.
1298 4331 1553 4403 Adoptati
1599 4335 1742 4402 enim
1781 4345 1909 4393 sunt

322 4421 418 4476 filii
440 4421 601 4477 lsrael
631 4437 661 4476 a
684 4421 795 4477 Deo
820 4429 995 4488 tunc,¢
1015 4438 1136 4478 cum
1158 4424 1419 4479 divideret
1439 4424 1697 4482 Excelsus
1720 4435 1907 4497 gentes

319 4522 376 4569 ct
403 4513 736 4585 dispergeret
765 4513 904 4569 filios
938 4512 1108 4569 Adam
1150 4516 1455 4571 secundum
1478 4533 1762 4572 numerum
1796 4518 1907 4572 An—

323 4604 587 4677 gelorum,
614 4614 669 4662 et
702 4604 845 4662 facta
867 4613 948 4660 est
977 4607 1152 4675 portio
1175 4607 1384 4663 Domini
1415 4607 1605 4675 Jacoh,
1636 4608 1906 4667 funiculus

324 4696 661 4752 hazreditatis
686 4695 804 4765 ejus
836 4696 1019 4751 Israel.
1057 4715 1075 4749 ι
1104 4697 1211 4751 Ista
1241 4708 1325 4753 est
1369 4687 1497 4770 ergo
1531 4700 1747 4770 adoptio
1778 4701 1908 4757 filio-

322 4802 467 4843 rum.
495 4785 721 4859 (Ambr.)
762 4785 914 4843 Juste
938 4787 1080 4842 enim
1113 4786 1295 4843 dolere
1339 4802 1397 4844 se
1434 4791 1654 4860 probat,
1693 4792 1906 4861 quando

316 4878 585 4952 praedicat
611 4877 821 4931 laudem
861 4878 1073 4947 generis
1096 4893 1307 4943 eorum,
1335 4879 1460 4948 quia
1488 4880 1613 4934 olim
1653 4880 1746 4937 filii
1779 4882 1909 4938 ado-

325 4965 749 5041 ptati,afl‘ectum
764 4977 817 5021 et
833 4967 1063 5038 gratiam
1084 4967 1177 5022 Dei
1204 4969 1372 5038 patris
1392 4968 1445 5023 in
1466 4968 1679 5026 irritum
1706 4971 1910 5029 habue-

328 5066 489 5125 runt;
516 5056 713 5127 adjecit
732 5058 928 5123 adhuc,
965 5065 1100 5112 utet
1123 5058 1257 5114 alios
1286 5060 1467 5117 dolere
1500 5076 1600 5132 pro
1629 5061 1713 5118 his
1748 5062 1913 5119 faciat

328 5151 513 5205 dicens
536 5164 552 5203 :
580 5148 648 5202 Et
675 5147 845 5220 gloria
876 5157 924 5203 et
946 5157 1309 5204 testamentum
1340 5161 1388 5205 et
1432 5151 1713 5224 legislatio,
1743 5164 1790 5210 et
1817 5155 1911 5209 ob-

326 5243 562 5312 sequium
604 5249 653 5293 et
697 5240 977 5311 promissa,
1023 5255 1247 5319 quorum
1293 5250 1489 5311 patres,
1535 5252 1583 5297 et
1630 5260 1695 5298 ea:
1724 5244 1912 5316 quibus

330 5330 568 5385 Christus
595 5328 880 5384 secundum
906 5344 1134 5392 carnem,
1157 5328 1246 5399 qui
1274 5339 1347 5385 est
1376 5347 1531 5401 super
1560 5334 1734 5387 omnia
1768 5333 1912 5389 Dens

332 5420 627 5474 benedictus
656 5417 710 5471 in
741 5415 959 5472 swcula.
995 5416 1179 5472 Amen.
1214 5416 1385 5474 Tanta
1424 5422 1694 5491 praeconia
1724 5422 1915 5478 nobili-

333 5511 483 5577 tatis,
521 5517 578 5565 et
619 5508 901 5580 dignitatis
923 5509 1137 5580 generis
1172 5509 1482 5567 Judteorum
1519 5521 1576 5569 et
1600 5517 1916 5586 promissio-

334 5617 463 5656 num
488 5611 792 5666 enumerat,
824 5609 883 5657 ut
911 5601 1162 5656 omnibus
1182 5616 1280 5671 pro
1301 5604 1385 5659 his
1405 5604 1642 5660 dolorem
1668 5606 1912 5675 incutiat,

336 5692 580 5764 quianon
599 5691 906 5761 recipiendo
920 5691 1263 5759 salvatorem,
1278 5695 1687 5768 praerogativam
1699 5707 1912 5769 patrum

686 5784 958 5851 Psrnon.
1009 5782 1172 5846 CXI.

2009 1869 2111 1924 ties
2154 1868 2536 1939 repropitiatus
2568 1867 2709 1922 Deus
2741 1866 3017 1922 revocavit
3056 1883 3172 1935 eos,
3200 1878 3255 1924 et
3281 1869 3335 1925 in
3363 1869 3595 1926 haeredi-

2008 1968 2176 2014 tatem
2202 1975 2314 2015 suae
2349 1958 2705 2031 possessionis
2742 1958 2985 2025 adduxit,
3019 1959 3177 2015 toties
3209 1975 3490 2032 reparasse
3519 1969 3597 2037 te-

2007 2059 2301 2116 stamenta,
2326 2061 2382 2108 et
2426 2051 2668 2107 hacredes
2699 2064 2793 2107 eos
2836 2051 3122 2120 scripsisse
3152 2053 3453 2111 credendus
3490 2063 3594 2110 est.

2007 2144 2078 2201 Et
2102 2144 2405 2215 obsequium
2445 2151 2493 2197 et
2519 2143 2909 2221 promissiones,
2938 2143 3256 2213 obsequium
3283 2146 3594 2200 sacerdota-

2006 2236 2078 2292 lia
2125 2224 2258 2294 dicit
2299 2235 2497 2302 oﬂicia,
2546 2224 2934 2308 promissiones,
2986 2251 3105 2308 quae
3147 2240 3393 2309 patribus
3441 2238 3598 2296 facta!

2008 2335 2153 2393 sunt,
2182 2335 2238 2383 et
2272 2336 2558 2397 sperantur
2597 2327 2787 2383 dandae
2824 2314 2910 2383 his
2954 2327 3047 2399 qui
3080 2343 3178 2399 per
3205 2328 3364 2387 fidem
3395 2330 3490 2386 filii
3516 2328 3600 2388 di-

2009 2427 2205 2475 cuntur
2269 2418 2522 2473 Abrahae.
2587 2406 2815 2473 Certum
2862 2426 2946 2477 est
3005 2428 3182 2475 tamen
3238 2423 3381 2490 quod
3432 2422 3594 2481 etiam

2007 2510 2307 2567 secundum
2350 2520 2571 2566 carnem
2608 2524 2676 2565 ex
2705 2508 2822 2581 ipso
2851 2525 3070 2582 genere,
3110 2511 3215 2568 hoc
3245 2521 3350 2580 est,
3385 2514 3600 2591 Israeli-

2007 2604 2136 2671 tico,
2170 2602 2369 2658 fuerint
2394 2617 2502 2658 non
2527 2601 2700 2658 solum
2728 2611 2927 2674 patres,
2968 2603 3061 2660 sed
3085 2612 3141 2660 et
3162 2604 3428 2672 Christus,
3459 2606 3601 2663 sicut

2006 2703 2061 2751 et
2088 2712 2107 2747 ι
2143 2693 2414 2764 Propheta
2444 2693 2613 2760 dicit,
2638 2708 2719 2748 va;
2756 2692 2888 2758 illis,
2920 2694 3044 2764 quia
3070 2710 3199 2751 caro
3226 2710 3345 2751 mea
3370 2711 3438 2752 ex
3468 2697 3600 2768 ipsis

2007 2796 2109 2844 est.
2143 2807 2163 2841 ι
2192 2786 2303 2845 Cur
2342 2794 2523 2842 autem
2563 2803 2638 2842 me
2665 2785 2812 2842 illis?
2850 2786 2977 2858 quia
3009 2795 3171 2843 natus
3202 2797 3286 2844 est
3312 2787 3468 2844 Jesus
3493 2808 3512 2839 ι
3544 2790 3599 2845 in

2007 2877 2216 2935 ruinam
2250 2884 2305 2931 et
2333 2875 2786 2931 resurrectionem
2837 2875 3129 2930 multorum
3180 2875 3333 2947 (Luc.
3367 2875 3452 2947 ιι),
3490 2896 3509 2928 ι
3545 2887 3601 2933 et

2008 2967 2132 3038 quia
2162 2967 2230 3022 ab
2266 2965 2374 3021 illis
2417 2981 2644 3035 quorum
2672 2980 2800 3021 caro
2839 2976 2975 3032 erat,
3004 2967 3317 3036 repudiatus
3345 2976 3447 3034 est,
3473 2976 3530 3024 et
3568 2950 3598 3022 ἐι

2009 3056 2258 3129 gentibus
2300 3071 2330 3111 a
2362 3056 2559 3127 quibus
2604 3055 2950 3135 ignorabatur
2990 3067 3276 3128 susceptus
3312 3066 3418 3125 est,
3459 3060 3602 3133 sicut

2007 3157 2064 3205 ct
2089 3165 2189 3221 per
2234 3147 2404 3205 David
2452 3148 2585 3205 dicit
2612 3147 2784 3221 (Psal.
2822 3148 2961 3223 xm)
2989 3167 3001 3203 :
3031 3145 3268 3221 Populus
3301 3166 3454 3222 quem
3496 3168 3601 3206 non

2006 3242 2226 3312 cognovi
2249 3241 2454 3296 servivit
2495 3240 2644 3295 mihi.
2676 3239 2859 3314 (Aug.)
2893 3240 3046 3308 Quod
3085 3249 3263 3296 autem
3293 3243 3447 3308 dicit,
3476 3260 3601 3314 quo-

2007 3348 2125 3386 rum
2159 3340 2360 3405 patres,
2386 3340 2435 3386 et
2461 3347 2525 3388 ea:
2548 3330 2738 3401 quibus
2776 3330 3018 3387 Christus
3047 3332 3334 3387 secundum
3363 3350 3596 3403 carnem,

2007 3429 2065 3477 et
2109 3419 2328 3490 adjecit,
2357 3422 2448 3492 qui
2491 3429 2567 3475 est
2609 3436 2765 3491 super
2799 3422 2978 3477 omnia
3016 3420 3161 3477 Deus
3206 3421 3506 3478 benedictus
3544 3406 3597 3477 in

2005 3496 2225 3579 siccata,
2264 3511 2578 3582 plenissima
2599 3510 2702 3568 fide
2726 3512 3090 3577 commendat,
3121 3513 3265 3582 quod
3306 3513 3476 3569 Deum
3505 3528 3602 3568 no-

2011 3611 2186 3659 strum
2211 3602 2506 3658 secundum
2542 3602 2942 3671 susceptionem
2986 3604 3191 3669 carnis,
3227 3602 3397 3659 filium
3424 3604 3600 3665 homi-

2006 3688 2096 3759 nis
2123 3689 2468 3754 confitemur,
2517 3694 2575 3742 et
2611 3687 2905 3743 secundum
2944 3688 3329 3755 aeternitatem,
3370 3698 3424 3744 et
3468 3689 3603 3745 Ver-

2015 3781 2144 3837 bum
2188 3780 2242 3836 in
2270 3768 2559 3850 principio,
2586 3777 2753 3832 Deum
2780 3777 3121 3834 benedictum
3151 3793 3314 3849 super
3338 3795 3527 3835 omnes
3547 3781 3601 3835 in

2011 3873 2232 3930 saecula.
2284 3872 2454 3943 Hujus
2493 3879 2672 3927 autem
2721 3870 3076 3927 confessionis
3129 3870 3299 3928 Judtei
3343 3874 3599 3945 quoniam

2007 3972 2216 4035 partem
2259 3969 2570 4029 tenuerunt,
2591 3960 2911 4017 refelluntur
2943 3977 2973 4016 a
3016 3961 3243 4017 Domino
3271 3981 3284 4018 :
3314 3980 3439 4019 nam
3476 3981 3600 4020 cum

2007 4069 2102 4110 eos
2146 4054 2535 4123 interrogasset
2562 4050 2781 4123 (Matth.
2826 4050 2995 4125 xx"),
3043 4050 3197 4121 cujus
3238 4051 3405 4110 filium
3461 4053 3604 4111 dicc-

2010 4155 2132 4202 rent
2152 4160 2272 4209 esse
2298 4144 2595 4211 Christum,
2627 4144 3047 4215 responderunt,
3070 4144 3265 4213 David,
3290 4147 3392 4204 hoc
3419 4155 3599 4204 autem

2010 4238 2305 4294 secundum
2336 4252 2557 4294 carnem
2590 4243 2707 4303 est;
2745 4236 2812 4292 de
2847 4236 3129 4292 divinitate
3149 4222 3278 4294 vero
3308 4236 3424 4307 ejus
3456 4240 3599 4310 quod

2010 4329 2154 4387 Deus
2190 4337 2292 4396 est,
2327 4326 2461 4384 nihil
2487 4326 2903 4398 responderunt.
2936 4325 3058 4382 lJeo
3079 4326 3340 4383 Dominus
3366 4328 3442 4383 ait
3470 4327 3596 4397 illis,

2007 4420 2267 4493 quomodo
2295 4436 2415 4490 ergo
2452 4418 2626 4474 David
2651 4418 2706 4472 in
2737 4419 2925 4488 spiritu
2961 4426 3105 4473 vocat
3126 4433 3243 4472 eum
3271 4417 3602 4474 Dominum?

2016 4514 2084 4571 Ut
2119 4510 2480 4582 intelligerent
2510 4508 2615 4564 hoc
2657 4522 2717 4563 se
2747 4507 3026 4563 confessos
3071 4523 3189 4565 esse
3223 4516 3429 4564 tantum
3456 4512 3600 4582 quod

2010 4604 2258 4665 Christus
2287 4615 2371 4662 est
2405 4604 2546 4660 filius
2580 4602 2748 4658 David
2773 4619 2786 4670 ;
2815 4604 2919 4658 hoc
2949 4610 3128 4657 autem
3172 4603 3426 4669 tacuisse,
3457 4606 3598 4675 quod

2010 4713 2096 4758 est
2135 4699 2384 4756 Christus
2420 4696 2679 4753 Dominus
2718 4695 2888 4766 ipsius
2926 4695 3113 4751 David.
3157 4696 3292 4752 illud
3323 4698 3467 4753 enim
3511 4712 3597 4752 se-

2010 4790 2245 4847 cundum
2268 4788 2666 4859 susceptionem
2694 4787 2894 4849 carnis,
2929 4788 3034 4843 hoc
3063 4787 3359 4844 secundum
3390 4789 3601 4844 mterni~

2010 4893 2176 4940 tatem
2216 4881 2532 4941 divinitatis.
2581 4879 2807 4952 (Ambr.)
2848 4879 3076 4948 Quando
3120 4880 3265 4935 enim
3309 4878 3456 4934 nulla
3499 4894 3592 4948 pa-

2016 4974 2160 5031 terni
2191 4971 2427 5028 nominis
2463 4970 2522 5026 fit
2562 4969 2786 5035 mentio,
2836 4976 2891 5024 et
2915 4969 2982 5024 de
3026 4968 3243 5024 Christo
3288 4983 3468 5027 sermo
3493 4977 3597 5033 est,

2015 5082 2121 5123 non
2151 5073 2333 5137 potest
2370 5062 2574 5120 differri
2606 5060 2867 5136 [difﬁteri]
2919 5077 2989 5117 ne
3026 5061 3168 5115 Deus
3197 5058 3427 5114 dicatur.
3472 5058 3601 5114 Fre-

2014 5168 2244 5230 quenter
2290 5156 2437 5213 enim
2488 5154 2766 5225 Scriptura
2807 5162 3030 5224 propter
3061 5154 3220 5209 unius
3262 5153 3357 5209 Dei
3393 5152 3602 5231 profes-

2015 5250 2220 5306 sionem
2249 5247 2328 5303 sic
2353 5246 2420 5302 de
2447 5246 2559 5301 Deo
2587 5254 2743 5314 patre
2780 5243 3017 5314 loquitur
3041 5256 3095 5299 et
3118 5259 3148 5299 a
3176 5244 3284 5299 fllio
3314 5244 3480 5315 Deum
3506 5259 3600 5313 pa-

2014 5349 2153 5396 trem
2174 5347 2354 5403 vocat,
2389 5346 2443 5391 et
2468 5336 2635 5391 filium
2666 5336 2855 5391 Deum.
2903 5333 2960 5390 Si
2986 5336 3109 5405 quis
3145 5343 3327 5391 autem
3354 5349 3461 5389 non
3495 5349 3597 5404 pu-

2016 5441 2095 5489 tat
2130 5433 2197 5487 de
2223 5429 2439 5487 Christo
2476 5428 2700 5494 dictum,
2728 5427 2819 5498 qui
2858 5434 2942 5482 est
2974 5428 3115 5483 Deus
3137 5468 3153 5493 ,
3184 5427 3274 5483 det
3310 5441 3595 5497 personam

2018 5523 2084 5579 de
2113 5536 2220 5593 qua
2243 5520 2446 5575 dictum
2472 5527 2583 5584 est;
2608 5518 2675 5574 de
2699 5525 2853 5589 patre
2875 5518 3018 5575 enim
3047 5518 3158 5574 Deo
3186 5519 3289 5575 hoc
3316 5518 3435 5574 loco
3457 5533 3601 5575 men-

2017 5614 2093 5669 tio
2132 5611 2270 5667 facta
2314 5627 2419 5666 non
2452 5618 2565 5677 cst;
2598 5613 2690 5665 sed
2733 5610 2861 5681 quid
2901 5609 3098 5665 mirum
3142 5611 3188 5681 si
3238 5610 3291 5665 in
3339 5610 3444 5666 hoc
3483 5609 3602 5666 loco

2018 5703 2292 5759 Christum
2319 5703 2482 5757 Deum
2508 5717 2669 5774 super
2693 5702 2870 5758 omnia
2900 5709 3082 5773 aperta
3106 5718 3237 5757 voce
3266 5702 3566 5773 loqueretut
3586 5740 3602 5767 ,

3090 5792 3162 5852 lt7
