4026 6180
510 329 531 382 1
551 328 649 383 £85

1151 324 1210 378 B.
1257 323 1504 378 IIABANI
1543 323 1759 378 MAIJRI
1802 321 2116 378 ARCIIIEI‘.
2153 322 2461 380 MOGUNT.
2502 321 2784 378 OPERI'M
2823 319 3002 379 PARS
3038 323 3122 380 III.

3625 327 3769 385 ιιεε

503 447 568 499 de
596 457 704 516 quo
729 440 832 496 alia
884 441 938 495 in
974 436 1197 510 epistola
1237 439 1379 493 hunc
1427 453 1645 492 sensum
1695 435 1786 490 tali
1829 452 2078 492 sermone
2105 441 2153 499 Α
2181 434 2303 490 sciit
2333 434 2474 490 Deus
2511 435 2922 506 promissionem
2966 451 3117 490 suam
3147 445 3507 506 susrepturos,
3547 440 3666 494 sive
3699 453 3771 495 ex

447 575 462 586 .
503 531 760 599 ﬁrmavit,
787 532 973 587 dicens
997 547 1009 584 :
1037 527 1100 582 Ut
1122 531 1177 582 in
1205 530 1410 584 nomine
1431 525 1557 582 Jesu
1581 541 1729 582 omne
1749 545 1881 599 genu
1903 528 2083 598 ﬂecta-

503 637 610 690 tur,
636 622 939 687 caelestium,
979 619 1301 674 terrestrium
1337 628 1383 672 et
1426 618 1752 688 infernarum
1784 615 1949 690 (Phil.
1995 615 2080 688 ιι).

502 718 629 772 Ilzec
651 723 778 772 sunt
794 714 974 769 omnia
1002 728 1162 782 super
1181 728 1300 781 qum
1325 695 1476 765 Deus
1494 710 1742 766 Christus
1764 719 1866 764 est.
1900 709 2083 778 Neque

504 809 648 862 enim
711 804 952 874 exceptis
1015 803 1100 857 his
1166 810 1291 857 sunt
1349 801 1570 871 aliqua,
1634 809 1693 855 ut
1752 817 1858 855 non
1921 815 2085 871 super

505 897 686 952 omnia
710 896 852 951 Deus
875 894 1121 950 Christus
1147 895 1242 960 sit,
1271 909 1371 950 nec
1396 902 1575 965 potest
1603 910 1740 964 genu
1769 893 1908 948 ﬂecti
1937 893 2083 950 omni

502 997 767 1041 creatura:
811 985 915 1041 nisi
964 984 1094 1040 Deo.
1128 983 1371 1055 Denique
1409 983 1646 1040 Joannes
1679 984 1956 1055 apostolus
1999 985 2083 1040 in-

504 1079 667 1141 scius,
715 1091 837 1131 cum
882 1077 1129 1147 angelum
1176 1074 1336 1130 vellet
1372 1089 1552 1141 orare,
1590 1073 1741 1130 audit
1772 1075 1840 1130 ab
1867 1090 1967 1130 eo:
2001 1071 2084 1128 Ne

505 1168 710 1235 feceris,
751 1167 995 1238 quoniam
1028 1182 1302 1220 conservus
1331 1174 1450 1219 tuus
1487 1182 1621 1220 sum.
1661 1165 1849 1231 Deum,
1887 1165 2080 1236 inquit,

503 1257 669 1310 adora
702 1256 886 1328 (Apoc.
913 1272 1024 1320 xix,
1056 1253 1217 1323 χχιι),
1248 1270 1348 1309 nec
1381 1255 1636 1310 Dominus
1658 1254 1843 1325 utique
1865 1253 2081 1310 adorari

509 1366 566 1405 se
595 1359 888 1420 pateretur,
923 1349 1025 1404 nisi
1055 1349 1179 1418 quia
1204 1349 1344 1403 Deus
1370 1358 1472 1402 est.
1504 1347 1559 1402 Si
1590 1348 1895 1418 quoininus,
1928 1365 2085 1403 usur-

501 1456 661 1510 passe
698 1439 956 1494 dicendus
997 1448 1101 1503 est,
1142 1445 1198 1492 et
1225 1453 1508 1508 peccasse,
1549 1439 1692 1508 quod
1740 1438 1910 1502 absit,
1959 1454 2082 1492 cum

508 1534 623 1602 ipse
655 1530 925 1586 diabolum
969 1531 1272 1599 increpans,
1314 1529 1600 1584 Dominum
1644 1529 1812 1583 Deum
1853 1529 2084 1584 adorau-

2182 519 2400 592 Iudaeis,
2451 526 2563 581 sive
2606 541 2673 581 ex
2719 527 2987 598 gentibus.
3025 527 3089 581 Hi
3124 527 3266 582 enim
3299 537 3421 582 sunt
3460 529 3613 600 digni
3663 529 3773 587 dici

2183 615 2463 684 Israelitz'e,
2495 617 2548 670 id
2577 626 2683 683 est,
2714 616 2959 671 videntes
3001 616 3190 682 Deum,
3227 618 3317 686 qui
3349 617 3596 672 credunt.
3633 617 3771 674 Nam

2185 704 2251 760 de
2275 705 2421 760 Isaae
2449 707 2634 776 utique
2655 721 2847 760 omnes
2871 707 2924 760 hi
2949 707 3041 761 ﬁlii
3071 714 3198 762 sunt
3223 706 3476 765 Abrabm.
3502 710 3629 777 quia
3654 725 3775 764 om-

2184 796 2268 851 nis
2314 805 2550 867 propago
2607 798 2816 867 generis
2872 797 3174 851 Judaeorum
3223 811 3290 851 ex
3339 796 3610 850 Abraham
3675 812 3777 867 per

2183 888 2332 944 Isaac
2370 897 2471 953 est,
2503 903 2566 944 ac
2597 905 2694 959 per
2722 889 2826 946 hoc
2875 889 3063 959 reliqui
3105 888 3198 942 ﬁlii
3249 903 3355 943 non
3395 898 3521 943 sunt
3556 890 3772 944 dicendi

2183 985 2433 1040 Abrahae.
2460 983 2733 1040 Abraham
2775 984 2918 1038 enim
2953 983 3199 1048 credens,
3230 981 3382 1037 Isaac
3413 983 3625 1052 accepit
3645 997 3772 1051 pro-

2183 1082 2304 1144 pter
2335 1073 2516 1138 ﬁdem,
2553 1073 2680 1144 quia
2717 1073 2944 1128 credidit
2969 1072 3100 1138 Deo,
3131 1073 3183 1126 in
3215 1087 3321 1141 quo
3344 1072 3663 1144 mysterium
3687 1071 3772 1126 fu-

2185 1171 2321 1219 tura:
2344 1163 2468 1218 ﬁdei
2491 1163 2828 1234 designatum
2852 1172 2956 1228 est,
2983 1174 3042 1219 ut
3076 1164 3149 1219 illi
3176 1175 3356 1220 essent
3382 1165 3580 1220 fratres
3599 1165 3773 1231 Isaac,

2183 1253 2276 1324 qui
2314 1255 2559 1309 eamdem
2589 1254 2745 1309 ﬁdem
2773 1253 3056 1319 haberent,
3084 1254 3138 1308 In
3165 1271 3269 1324 qua
3298 1255 3448 1310 Isaac
3475 1263 3642 1310 natus
3669 1265 3774 1321 est,

2184 1344 2311 1414 quia
2341 1343 2489 1400 Isaac
2527 1345 2579 1398 in
2615 1356 2741 1416 typo
2777 1344 3072 1400 Sal‘vatoris
3114 1356 3272 1401 natus
3311 1358 3393 1402 est
3427 1363 3494 1401 ex
3544 1349 3776 1418 promis-

2185 1434 2354 1500 sione,
2389 1435 2560 1504 utqui
2597 1436 2886 1490 crediderit
2912 1433 3185 1490 Christum
3217 1436 3400 1492 Iesum
3442 1439 3772 1508 promissum

2187 1539 2306 1579 esse
2327 1525 2576 1591 Abrahze,
2606 1526 2695 1580 hic
2726 1526 2795 1580 sit
2815 1525 2956 1580 ﬁlius
2981 1526 3229 1594 Abrahae,
3261 1527 3430 1583 frater
3453 1545 3586 1584 vero
3603 1530 3772 1586 Isaac.

501 1625 652 1689 dum,
692 1632 744 1678 et
793 1623 895 1693 ipsi
945 1621 1043 1677 soli
1093 1622 1432 1676 serviendum
1474 1621 1742 1676 ostendat.
1775 1619 1917 1674 Nihil
1953 1635 2084 1691 ergo
2187 1615 2403 1670 Dictum
2439 1627 2523 1672 est
2557 1631 2685 1688 ergo
2711 1617 2962 1685 Abrahtc,
2987 1620 3110 1689 quia
3139 1621 3193 1674 in
3231 1624 3426 1678 semine
3449 1634 3542 1678 tuo
3569 1624 3779 1680 benedi—

499 1711 881 1782 prmjudicatur
924 1709 1034 1766 Deo
1072 1710 1237 1779 patri,
1278 1725 1399 1790 cum
1451 1709 1706 1764 adoratur
1727 1708 1994 1776 Christus,
2025 1717 2084 1764 ut
2111 1786 2146 1790 _
2184 1715 2369 1759 centur
2401 1721 2577 1761 omnes
2617 1717 2812 1778 gentes.
2867 1707 3019 1775 Quod
3067 1710 3251 1779 utique
3289 1712 3343 1766 in
3386 1710 3543 1767 Isaac
3578 1713 3777 1768 factum

499 1803 666 1867 Deus,
694 1802 821 1872 quia
860 1815 983 1855 cum
1014 1799 1112 1854 soli
1156 1800 1266 1855 Deo
1312 1786 1650 1853 serviendum
1691 1799 1925 1864 dicatur,
1973 1814 2084 1854 ser.
2111 1786 2158 1848 Β
2189 1810 2296 1850 non
2325 1804 2428 1861 est,
2464 1796 2558 1851 sed
2590 1798 2642 1852 in
2673 1811 2757 1861 eo,
2789 1799 2879 1868 qui
2918 1800 2970 1854 in
2998 1799 3145 1855 Isaac
3170 1803 3475 1872 promissus
3498 1817 3588 1859 est
3611 1804 3780 1859 Abra-

501 1892 643 1947 vitur
667 1899 722 1946 et
748 1891 983 1946 Christo.
1010 1891 1148 1944 Dicit
1175 1891 1319 1945 enim
1343 1889 1448 1945 alio
1477 1889 1616 1956 loco,
1636 1892 1725 1961 qui
1753 1892 1806 1944 in
1827 1892 1907 1944 Itis
1929 1891 2083 1945 servit

501 1982 730 2047 Christo,
757 1979 926 2052 placet
968 1979 1076 2033 Deo
1113 1979 1289 2052 (Rom.
1323 1980 1455 2049 xtv).
1494 1979 1633 2048 Quid
1657 1995 1786 2051 ergo
1815 1989 2082 2051 superest,

501 2074 690 2128 nisiut
728 2073 888 2128 Pater
928 2071 1092 2138 Deus,
1142 2082 1197 2129 et
1222 2073 1392 2128 Filius
1436 2075 1600 2139 Deus,
1633 2083 1688 2130 et
1731 2075 2084 2133 nihilominus

503 2181 643 2220 unus
691 2163 833 2219 Deus
874 2164 1128 2218 credatur
1175 2164 1443 2233 uterque?
1499 2162 1623 2218 Sive
1665 2165 1811 2219 enim
1867 2163 2084 2222 Patrem

498 2257 620 2328 quis
655 2256 864 2321 adoret,
897 2254 1009 2309 sive
1038 2255 1254 2319 Filium,
1283 2270 1447 2309 unum
1478 2256 1646 2311 Deum
1676 2257 1806 2312 dicit
1831 2259 2083 2326 adorare,

497 2359 553 2404 et
581 2348 786 2405 servire
805 2347 976 2413 Patri,
1003 2355 1096 2401 aut
1122 2345 1279 2412 Filio,
1308 2347 1528 2403 uniDeo
1557 2347 1835 2404 servitium
1864 2349 2086 2406 exhibe-

499 2453 604 2499 tur.
631 2439 786 2494 Nulla
809 2439 972 2510 igitur
992 2437 1248 2494 discretio
1277 2446 1382 2505 est,
1407 2437 1533 2508 quia
1558 2439 1651 2510 qui
1677 2439 1869 2496 adorat
1889 2438 2084 2495 Filium

497 2540 618 2589 orat
651 2539 704 2584 et
738 2529 970 2596 Patrem,
997 2538 1051 2585 et
1071 2529 1161 2598 qui
1190 2529 1358 2584 servit
1381 2529 1551 2595 Patri,
1578 2529 1744 2585 servit
1769 2529 1924 2596 Filio,
1951 2540 2006 2586 et
2025 2539 2086 2586 ut

499 2623 618 2681 sine
648 2621 956 2676 adulatione
977 2620 1193 2675 deitatis
1226 2618 1385 2688 hujus
1414 2618 1808 2676 confessionem
1842 2635 1962 2675 esse
1991 2620 2086 2676 do-

495 2721 666 2779 ceret,
696 2713 749 2766 in
771 2711 1117 2768 conclusione
1145 2710 1344 2780 posuit,
1371 2710 1555 2778 Amen,
1599 2710 1701 2766 hoc
1735 2719 1840 2778 est,
1869 2725 2084 2779 verum,

499 2811 559 2858 ut
585 2801 860 2857 Christum
903 2801 1070 2857 Deum
1101 2815 1262 2870 super
1285 2801 1466 2857 omnia
1495 2801 1550 2858 in
1587 2802 1814 2858 veritate
1838 2803 2088 2860 ostende—

500 2902 583 2949 ret
607 2895 948 2950 benedictum
979 2893 1032 2948 in
1063 2893 1276 2949 stecula.

567 2983 692 3039 Non
735 2994 908 3038 autem
937 2981 1076 3054 quod
1116 2982 1366 3038 exciderit
1411 2983 1619 3038 verbum
1662 2983 1777 3050 Dei,
1808 3001 1911 3039 non
1949 2985 2086 3040 enim

494 3092 671 3130 omnes
701 3076 789 3146 qui
811 3091 876 3129 ex.
911 3074 1083 3130 Israel
1110 3075 1164 3128 lii
1197 3084 1318 3128 sunt
1345 3071 1628 3141 Israelita,
1667 3091 1829 3146 neque
1851 3076 1974 3146 quia
2005 3091 2086 3130 se-

493 3184 612 3221 men
653 3176 772 3220 sunt
798 3165 1023 3220 Abraha:
1048 3182 1224 3220 omnes
1258 3165 1377 3235 ﬁlii,
1422 3165 1513 3220 sed
1541 3166 1595 3219 in
1622 3165 1778 3221 Isaac
1819 3166 2084 3222 vocabitur

495 3257 589 3311 tibi
615 3272 809 3310 semen.
839 3255 1034 3327 (Orig.)
1071 3256 1333 3322 Quoniam
1364 3269 1526 3325 supra
1553 3256 1785 3320 dixerat,
1817 3256 1959 3325 quod
1987 3269 2085 3326 pro

494 3348 755 3404 fratribus
776 3347 908 3410 suis,
937 3363 954 3398 ι
987 3347 1076 3417 qui
1109 3354 1234 3401 sunt
1267 3346 1480 3416 cognati
1521 3346 1814 3400 secundum
1841 3359 2081 3411 carnem,

495 3440 586 3508 qui
611 3446 737 3494 sunt
761 3436 1032 3502 Israelitzr,
1061 3455 1094 3489 ι.
1113 3444 1324 3505 optaret
1348 3435 1510 3489 etiam
1546 3434 1832 3488 anathema
1855 3433 1994 3500 ﬁeri,
2019 3448 2085 3490 eo

495 3527 639 3599 quod
673 3528 912 3596 ipsorum
951 3533 1095 3580 esset
1122 3525 1336 3594 adoptio
1362 3523 1616 3590 ﬁliorum,
1645 3532 1700 3578 et
1738 3523 2000 3594 legislatio
2032 3532 2087 3580 et

493 3619 802 3692 promissio,
846 3618 912 3672 de
938 3618 1022 3674 his
1064 3631 1207 3672 nunc
1238 3616 1390 3684 dicit,
1429 3616 1557 3687 quia
1597 3615 1820 3670 verbum
1850 3615 1945 3670 Dei
1976 3630 2083 3672 non

499 3711 721 3776 excidit,
747 3711 848 3766 hoc
883 3719 988 3773 est,
1013 3709 1324 3780 promissio,
1345 3722 1464 3779 qua:
1485 3707 1536 3763 ei
1563 3707 1703 3762 facta
1725 3716 1808 3762 est
1829 3723 1933 3762 non
1961 3721 2085 3762 eva-

494 3801 629 3863 nuit,
650 3798 876 3872 (Ambr.)
895 3799 946 3854 id
965 3809 1068 3866 est,
1086 3800 1189 3854 hoc
1207 3798 1404 3865 evenit,
1421 3798 1615 3869 inquit,
1630 3799 1772 3869 quod
1786 3798 1923 3854 dixit
1941 3797 2084 3855 Deus

491 3893 757 3958 futurum,
781 3903 839 3946 ut
861 3905 967 3947 non
990 3892 1045 3946 hi
1072 3891 1380 3946 dicerentur
1398 3905 1582 3945 semen
1602 3905 1721 3946 esse
1739 3891 1970 3946 Abrahae
1989 3891 2083 3962 qui

486 3983 592 4038 .ﬁlii
617 3984 735 4052 ejus
761 3992 960 4047 essent,
988 3981 1281 4037 secundum
1313 3981 1664 4048 carnem,sed
1686 3981 1775 4036 isti
1801 3982 1893 4051 qui
1923 3981 2080 4037 ﬁdem

480 4079 828 4148 acceperint,
863 4093 960 4147 per
1001 4090 1164 4147 quam
1192 4085 1352 4131 natus
1385 4085 1470 4129 est
1517 4073 1684 4141 Isaac,
1731 4076 2080 4130 reformatam

497 4182 739 4241 tempore
753 4168 972 4232 Christi,
987 4184 1091 4223 non
1108 4167 1218 4237 jam
1237 4165 1524 4238 specialem
1549 4167 1643 4222 sed
1665 4166 1988 4237 generalem.
2014 4166 2083 4222 Ut

495 4265 637 4337 quod
658 4262 932 4319 Abraham
955 4261 1183 4319 credidit
1201 4261 1268 4315 de
1291 4259 1460 4325 Isaac,
1475 4259 1562 4314 isti
1583 4259 1866 4314 crederent
1891 4260 1954 4314 de
1970 4259 2079 4314 Deo

494 4368 551 4410 et
575 4354 806 4418 Christo,
833 4354 956 4423 quia
973 4360 1130 4407 natus
1157 4359 1240 4406 est
1255 4349 1347 4404 Dei
1369 4348 1537 4406 Filius
1553 4349 1619 4404 ad
1642 4349 1868 4404 salutem
1892 4349 2081 4403 huma-

2187 1885 2293 1953 hae,
2323 1887 2413 1957 qui
2439 1897 2523 1942 est
2549 1889 2816 1954 Christus,
2851 1890 2904 1945 in
2939 1905 3048 1960 quo
3090 1905 3280 1948 omnes
3325 1902 3519 1963 gentes
3560 1895 3780 1948 benedi-

2190 1988 2385 2034 cuntur
2405 1980 2720 2046 credentes;
2761 1983 2946 2036 cteteri
2997 1997 3125 2053 ergo
3149 1982 3318 2039 Judaei
3367 1995 3497 2040 sunt
3534 1986 3631 2040 ﬁlii
3661 2003 3782 2041 car-

2189 2071 2299 2136 nis,
2324 2071 2450 2126 dum
2479 2073 2834 2142 promissione
2877 2073 3176 2144 privantur,
3223 2091 3326 2132 nec
3371 2079 3625 2148 deputari
3662 2096 3782 2149 pos—

2188 2173 2316 2219 Sunt
2356 2163 2549 2219 merito
2578 2163 2830 2231 Abt-abte,
2858 2167 2950 2235 qui
3001 2167 3158 2222 ﬁdem
3202 2184 3309 2223 non
3353 2179 3662 2241 sequuntur
3688 2187 3784 2242 per

2185 2268 2347 2324 quam
2395 2253 2589 2326 dignus
2611 2255 2818 2310 exstitit
2855 2255 3153 2311 Abraham.
3185 2256 3251 2311 Id
3283 2269 3380 2325 est,
3429 2277 3537 2313 non
3562 2262 3656 2331 qui
3684 2262 3783 2328 ﬁlii

2188 2345 2384 2409 carnis,
2414 2344 2471 2399 Ιιὶ
2503 2354 2622 2399 sunt
2647 2345 2745 2415 ﬁlii
2775 2344 2894 2412 Dei,
2923 2346 3014 2400 sed
3030 2348 3119 2417 qui
3145 2347 3246 2416 ﬁlii
3267 2360 3389 2403 sunt
3411 2345 3780 2419 promissionis

2186 2433 2516 2488 (estimantur
2535 2435 2589 2490 iit
2609 2436 2823 2490 semine.
2841 2435 3100 2506 Apertum
3119 2447 3219 2502 est,
3236 2439 3364 2508 quia
3409 2455 3518 2495 non
3551 2451 3785 2509 possunt

2186 2523 2290 2580 dici
2311 2523 2405 2579 ﬁlii
2421 2526 2602 2580 carnis
2616 2525 2709 2580 ﬁlii
2732 2526 2826 2582 Dei
2845 2525 2927 2591 ;hi
2952 2527 3094 2582 enim
3120 2544 3186 2583 ex
3207 2531 3647 2600 concupiscentia
3663 2549 3783 2587 car-

2185 2612 2273 2668 nis
2306 2615 2419 2668 nati
2445 2625 2592 2682 sunt,
2633 2614 2720 2670 isti
2759 2631 2890 2671 vero
2914 2632 2980 2672 ex
3006 2617 3109 2672 ﬁde
3139 2618 3454 2688 Spiritaliter
3482 2623 3782 2677 secundum

2189 2705 2333 2775 quod
2381 2708 2706 2778 promissum
2752 2715 2836 2762 est
2881 2707 3132 2775 Abrahaz,
3183 2717 3242 2763 ut
3287 2709 3342 2764 hi
3380 2711 3784 2767 aestimarentur

2186 2809 2370 2853 semen
2394 2813 2537 2866 esse,
2561 2800 2653 2870 qui
2675 2800 2980 2856 crederent.
3004 2797 3381 2856 Promissionis
3400 2804 3538 2856 enim
3568 2804 3781 2858 verbum

2185 2889 2282 2944 hoc
2312 2901 2408 2956 est,
2437 2891 2722 2946 secundum
2744 2893 2841 2946 hoc
2863 2903 3063 2964 tempus
3093 2896 3313 2962 veniam,
3337 2905 3384 2949 et
3407 2897 3506 2949 erit
3531 2894 3686 2952 Sari:
3709 2897 3781 2966 li-

2185 2979 2311 3034 lius.
2343 2978 2540 3054 (θήρ.)
2571 2980 2862 3053 PrOposuit
2899 2983 3188 3054 Apostolus
3203 2985 3453 3056 persequi
3479 2988 3626 3056 quod
3653 2986 3782 3042 licet

2187 3070 2503 3140 repudiatus
2533 3071 2602 3127 sit
2629 3071 2858 3143 populus
2903 3072 3067 3128 Israel
3107 3089 3205 3145 per
3234 3074 3631 3143 inﬁdelitatem,
3673 3093 3780 3134 non

2110 3141 2154 3202 (ἶ
2187 3169 2367 3217 tamen
2399 3141 2783 3231 promissiones
2823 3161 2938 3229 Dei,
2968 3141 3256 3236 quze'erga
3292 3181 3387 3220 eos
3418 3141 3623 3222 habitae
3657 3168 3776 3224 fue-

2186 3261 2311 3308 rant
2357 3254 2676 3322 deciderint,
2719 3265 2773 3310 et
2809 3254 3080 3312 frustratae
3121 3257 3250 3324 sint,
3293 3259 3580 3329 docetque,
3635 3263 3776 3332 quod

2185 3361 2308 3402 cum
2329 3346 2481 3402 multi
2511 3345 2605 3401 ﬁlii
2631 3346 2833 3404 fuerint
2852 3348 3102 3414 Abrahae,
3128 3350 3180 3404 in
3204 3351 3320 3406 solo
3348 3351 3499 3407 Isaac
3527 3355 3602 3408 sit
3632 3353 3775 3410 facta

2184 3439 2492 3510 promissio.
2523 3458 2540 3490 ι
2561 3437 2679 3493 Non
2707 3440 2874 3506 enim,
2907 3441 3206 3512 inquit,qui
3229 3442 3323 3497 ﬁlii
3347 3445 3529 3499 carnis
3549 3457 3701 3512 sunt,
3723 3448 3774 3502 hi

2186 3529 2420 3585 suntﬁlii
2446 3529 2594 3596 Dei,»
2621 3538 2677 3586 et
2702 3530 2978 3586 contendit
3000 3533 3307 3598 ostendere,
3331 3536 3604 3603 quomodo
3628 3537 3775 3591 Isaac

2190 3635 2302 3675 non
2345 3621 2414 3675 sit
2444 3619 2585 3675 ﬁlius
2609 3622 2810 3685 carnis,
2858 3621 2950 3676 sed
2981 3623 3052 3676 sit
3091 3621 3260 3678 Filius
3303 3623 3417 3690 Dei,
3447 3635 3506 3679 et
3535 3627 3680 3681 redit
3709 3629 3773 3681 ad

2184 3725 2247 3766 ea
2288 3725 2408 3781 quae
2441 3711 2508 3767 de
2544 3711 2660 3782 Ipso
2694 3712 2748 3766 in
2789 3710 2983 3768 Genesi
3027 3714 3230 3784 scripta
3261 3723 3422 3768 sunt:
3452 3714 3775 3772 Promissio-

2186 3803 2285 3867 nis,
2322 3803 2518 3873 inquit,
2541 3803 2866 3857 verbumhoc
2897 3813 2992 3869 est,
3021 3803 3092 3857 ad
3117 3805 3215 3858 hoc
3243 3814 3438 3876 tempus
3467 3807 3696 3873 veniam,
3727 3819 3773 3862 et

2186 3895 2284 3949 erit
2301 3891 2452 3949 Sara:
2481 3893 2648 3963 ﬁlius.
2680 3891 2796 3948 Non
2823 3907 2974 3964 ergo,
3005 3894 3199 3964 inquit,
3231 3909 3327 3966 per
3355 3896 3604 3950 ordinem
3637 3899 3775 3952 nati-

2188 3985 2416 4040 tivitatis
2476 3983 2710 4039 carnalis
2767 3982 2914 4038 Isaac
2971 3984 3248 4051 nascitur,
3297 3985 3496 4055 quippe
3541 4001 3670 4040 cum
3720 3991 3775 4042 et

2183 4075 2453 4130 Abraham
2476 4074 2704 4130 emortui
2725 4073 2840 4143 jam
2881 4074 3124 4143 corporis
3149 4071 3472 4141 haberetur,
3522 4085 3578 4130 et
3607 4076 3769 4130 vulva

2185 4165 2334 4222 Sarae
2363 4175 2508 4223 esset
2531 4175 2796 4232 emortua,
2824 4165 2963 4221 sicut
2988 4180 3150 4236 supra
3177 4165 3378 4221 dictum
3400 4176 3507 4232 est,
3548 4168 3648 4223 sed
3674 4183 3770 4238 per

2182 4259 2438 4314 virtutem
2471 4256 2609 4328 ejus,
2643 4258 2734 4328 qui
2769 4257 2924 4323 dixit,
2973 4256 3044 4311 ad
3083 4258 3180 4333 hoc
3219 4267 3421 4329 tempus
3452 4261 3687 4325 veniam,
3724 4267 3770 4315 el

2181 4352 2279 4406 erit
2305 4349 2454 4406 Sara:
2485 4350 2649 4420 ﬁlius.
2683 4349 2872 4406 Merito
2902 4349 3063 4422 igitur
3089 4361 3195 4404 non
3227 4352 3432 4417 carnis,
3465 4353 3565 4408 sed
3599 4352 3770 4410 Filius

495 4446 550 4500 ni
573 4446 786 4517 generis
810 4440 1410 4513 redimendam.(0rig.)
1437 4441 1536 4509 Qui
1563 4442 1706 4496 enim
1735 4455 1892 4495 verus
1918 4438 2081 4495 fuerit
2111 4490 2156 4517 ἢ
2184 4442 2277 4498 Dei
2325 4442 2540 4506 dicitur,
2591 4443 2680 4512 qui
2726 4457 2793 4496 ex
2835 4441 3066 4496 adventu
3115 4449 3169 4495 et
3219 4456 3472 4498 sermone
3519 4446 3765 4499 nascitur

2109 4490 2157 4549 D

495 4539 662 4595 Israel
711 4555 816 4594 non
851 4554 920 4592 ex
961 4535 1164 4592 carnali
1213 4549 1408 4606 genere
1447 4543 1651 4588 tantum
1695 4534 1762 4587 de
1801 4531 2076 4587 Abraham
2109 4531 2154 4549 "
2182 4535 2310 4591 Dei.-
2341 4534 2569 4606 (Ambr.)
2595 4531 2992 4598 Promissionis,
3039 4533 3232 4602 inquit,
3284 4533 3501 4588 verbum
3542 4536 3641 4589 hoc
3668 4547 3763 4598 est,

497 4646 665 4701 genus
685 4629 909 4694 ducens,
929 4646 950 4678 ι
973 4643 1076 4681 non
1099 4626 1242 4681 enim
1277 4624 1368 4694 qui
1391 4623 1484 4678 ﬁlii
1507 4624 1686 4678 carnis
1707 4643 1726 4676 ι
1753 4633 1894 4686 sunt,
1919 4641 1937 4672 ι
1959 4623 2080 4677 hiet

498 4721 590 4775 ﬁlii
626 4721 722 4776 Dei
754 4739 772 4772 ι
828 4727 982 4783 sunt;
1035 4717 1128 4771 sed
1148 4717 1238 4786 qui
1263 4716 1555 4771 secundum
1603 4715 2076 4784 repromissionem

499 4811 620 4866 ﬁdei
651 4811 717 4866 de
743 4809 1014 4864 Abraham
1037 4807 1337 4872 descendit,
1365 4806 1477 4875 ipse
1502 4806 1665 4860 etiam
1693 4805 1786 4859 Dei
1811 4805 2076 4876 promissa

496 4900 866 4972 consequitur.
915 4897 1047 4952 Nam
1083 4898 1150 4952 de
1176 4911 1370 4968 genere
1408 4895 1574 4950 Israel
1605 4893 1758 4950 multi
1797 4902 1943 4961 sunt,
1982 4894 2076 4950 sed

496 5007 604 5046 non
633 5005 822 5046 omnes
844 4989 1013 5045 Israel
1042 4987 1398 5059 appellantur.
1442 4984 1606 5040 Israel
1635 5000 1868 5055 namque
1900 4985 2065 5039 Deum

494 5083 724 5140 videndo
765 5082 1071 5137 nominatus
1116 5087 1219 5143 est,
1253 5078 1391 5133 sicut
1426 5077 1538 5146 ipse
1575 5074 1740 5131 Jacob
1775 5075 1903 5130 dicit
1927 5093 1940 5130 :
1963 5075 2070 5129 uidi

497 5175 776 5228 Dominum
811 5172 948 5242 [acie
988 5171 1056 5225 ad
1100 5170 1306 5238 faciem,
1352 5177 1398 5222 et
1443 5165 1587 5222 salua
1619 5167 1758 5236 facta
1791 5175 1863 5220 est
1892 5166 2070 5219 anima

492 5282 606 5319 mea
638 5261 788 5336 (Gen.
816 5261 1007 5334 xxxn).
1039 5261 1204 5331 Ergo,
1235 5261 1361 5330 quia
1399 5259 1534 5313 vidit
1559 5256 1749 5320 Deum,
1777 5254 1945 5310 Israel
1971 5270 2069 5325 ap-

494 5355 720 5424 pellatus
746 5365 859 5420 est;
889 5353 981 5422 qui
1011 5367 1139 5406 vero
1166 5368 1272 5406 non
1305 5350 1446 5405 videt
1487 5365 1608 5404 eum
1636 5349 1728 5418 qui
1768 5348 1904 5403 dixit
1929 5365 1942 5400 :
1969 5347 2071 5413 Qui

494 5460 572 5499 me
596 5447 749 5513 videt,
781 5446 914 5501 videt
940 5455 988 5500 et
1022 5441 1236 5497 Patrem
1269 5442 1448 5514 (Joan.
1484 5440 1618 5514 xw).
1657 5441 1821 5496 Israel
1846 5457 1949 5496 non
1979 5455 2075 5511 po-

498 5543 602 5589 test
623 5538 748 5592 dici.
783 5537 1008 5610 (Ambr.)
1037 5537 1162 5591 Vult
1187 5551 1316 5607 ergo
1341 5535 1564 5606 intelligi
1589 5549 1694 5590 non
1715 5533 1828 5605 jam
1852 5533 1972 5590 ideo
1992 5534 2074 5590 di-

492 5638 625 5692 gnos
647 5639 766 5681 esse
785 5643 992 5694 omnes,
1009 5627 1136 5698 quia
1156 5626 1247 5680 ﬁlii
1269 5635 1394 5681 sunt
1414 5625 1663 5690 Abrahae,
1688 5627 1783 5681 sed
1809 5625 1930 5681 illos
1949 5641 2069 5683 esse

491 5714 680 5784 dignos
703 5716 793 5785 qui
825 5717 916 5772 ﬁlii
949 5716 1324 5788 promissionis
1357 5726 1502 5780 sunt,
1540 5716 1595 5772 id
1623 5724 1725 5778 est,
1769 5730 1904 5780 quos
1930 5732 2067 5777 um:-

2181 4628 2325 4698 quod
2337 4627 2734 4698 prmﬁguratum
2758 4625 2811 4679 in
2835 4623 3050 4680 Christo
3071 4633 3249 4690 est,ut
3278 4624 3495 4681 futurus
3519 4627 3764 4684 Christus

2180 4720 2587 4792 promitteretur
2641 4717 2781 4772 ﬁlius
2829 4716 3077 4782 Abrahze,
3132 4716 3186 4770 in
3233 4732 3341 4786 quo
3386 4720 3760 4788 pzomissionis

2180 4809 2402 4864 verbum
2450 4809 2785 4880 impleretur,
2839 4815 2898 4861 ut
2945 4807 2998 4860 in
3043 4806 3260 4861 Christo
3310 4808 3761 4866 benedicerentur

2179 4915 2368 4956 omnes
2411 4910 2597 4972 gentes
2640 4908 2828 4954 teme:
2854 4899 3068 4970 quando
3103 4899 3248 4953 enim
3292 4901 3585 4970 promissio
3622 4903 3759 4958 facta

2177 5000 2256 5046 est
2274 4991 2526 5057 Abrahae,
2545 4998 2600 5045 et
2619 4990 2840 5055 audivit,
2860 4991 2983 5060 quia
3003 4989 3057 5044 in
3072 4990 3266 5044 semine
3288 5000 3377 5044 tuo
3396 4993 3760 5048 benedicentur

2179 5096 2354 5135 omnes
2387 5090 2561 5152 gentes
2597 5091 2768 5145 terra,
2818 5078 3064 5136 Christus
3109 5079 3295 5148 utique
3337 5079 3411 5134 illi
3463 5085 3757 5152 promissus

2177 5178 2260 5225 est
2286 5183 2354 5222 ex
2377 5169 2598 5224 traduce
2619 5168 2792 5234 Isaac,
2820 5168 2874 5223 in
2909 5183 3015 5238 quo
3043 5167 3144 5222 hoc
3185 5167 3460 5237 impletum
3492 5172 3752 5226 videmus.

2253 5257 2377 5312 Non
2395 5257 2566 5312 solum
2607 5269 2779 5312 autem
2823 5256 2938 5322 illa,
2967 5257 3056 5311 sed
3078 5265 3125 5310 et
3158 5253 3390 5311 Rebecca
3415 5275 3479 5312 ex
3510 5277 3613 5314 uno
3644 5279 3757 5316 cett-

2179 5351 2356 5403 cubitu
2387 5348 2581 5404 habens
2619 5348 2775 5404 Isaac
2803 5351 2968 5419 patris
2999 5347 3182 5401 nostri.
3213 5345 3396 5417 (Aug)
3427 5347 3545 5404 Non
3584 5354 3753 5406 solum

2177 5439 2354 5508 inquit
2377 5439 2527 5495 Isaac
2558 5440 2858 5510 promissus
2886 5447 2992 5502 est,
3038 5447 3159 5490 cum
3194 5436 3397 5490 dictum
3427 5447 3532 5505 est,
3566 5442 3635 5494 ad
3660 5443 3752 5494 hoc

2171 5539 2372 5600 tempus
2402 5531 2627 5596 veniam,
2670 5539 2717 5584 et
2744 5528 2840 5584 erit
2883 5527 3033 5584 Sorae
3058 5524 3203 5594 ﬁlius
3226 5523 3379 5595 (Gen.
3415 5543 3571 5593 xvnt,
3605 5534 3750 5601 xxv),

2172 5624 2264 5694 qui
2307 5624 2493 5694 utique
2540 5623 2700 5678 nullis
2741 5621 2995 5693 Operibus
3039 5627 3415 5689 promeruerat
3452 5619 3646 5685 Deum,

2172 5717 2477 5773 nasciturus
2512 5717 2937 5788 promitteretur,
2984 5721 3046 5767 ut
3075 5708 3136 5764 in
3178 5708 3326 5764 Isaac
3354 5721 3748 5768 vocareturse-
