4026 6180
434 281 572 341 1485

954 273 1501 340 ENARRATIONU‘M
1535 272 1605 330 ιιι
1636 271 1784 330 EPP.
1822 266 2026 328 PAULl
2063 266 2191 324 LIB.
2233 267 2297 324 γ.
2335 296 2404 308 --
2441 264 2509 322 IN
2542 261 2759 320 EPIST.
2802 261 2892 315 AD
2930 259 3096 316 ROM.

3543 261 3564 315 i
3577 257 3681 316 l:86

433 407 558 450 men
583 388 838 454 Abrahte,
869 386 924 444 id
952 396 1056 452 est,
1086 386 1162 441 illi
1193 385 1526 456 pertinerent
1554 381 1621 438 ad
1654 388 1857 437 sortem
1883 393 2010 434 sau-
2035 382 2086 442 Α
2111 377 2236 449 quia
2265 376 2515 448 indignus
2540 374 2642 441 sit;
2673 373 2778 429 hoc
2813 373 2965 442 quasi
3006 372 3266 444 przescius
3294 387 3398 429 non
3428 387 3690 444 persona-

434 494 662 544 ctorutn,
696 495 816 550 quae
863 477 916 532 in
943 475 1158 532 Christo
1183 483 1287 540 est,
1319 475 1409 546 qui
1441 489 1501 542 se
1550 470 1910 539 intelligerent
1947 466 2010 522 ﬁ-

432 571 534 629 lios
560 566 930 642 promissionis
964 581 1070 620 non
1107 563 1477 634 superbientes
1522 561 1589 618 de
1633 559 1840 616 meritis
1874 559 2006 625 suis,

432 661 527 719 sed
567 661 756 734 gratiae
796 655 1095 712 vocationis
1141 654 1478 724 deputantes,
1525 649 1666 722 quod
1705 648 2012 706 cohmredes

431 759 616 810 essent
639 747 858 805 Christi.
885 745 1019 801 Cum
1059 744 1201 798 enim
1240 743 1562 813 promissum
1590 748 1692 806 est,
1723 749 1776 794 ut
1809 745 2010 804 essent,

433 843 568 899 nihil
591 841 776 910 utique
801 843 1116 894 meruerunt
1139 835 1230 904 qui
1259 833 1493 888 nondum
1522 839 1702 895 erant,
1728 829 1819 884 sed
1839 838 1885 884 et
1917 827 2014 884 Re-

434 935 589 989 becca
632 946 703 986 ea:
741 944 846 983 uno
887 925 1164 982 concubitu
1207 923 1400 978 habens
1440 921 1594 976 Isaac
1619 920 1784 989 patris
1827 918 2012 984 nostri,

434 1018 848 1092 vigilantissime
886 1017 979 1082 ait,
1012 1030 1080 1070 ex
1121 1028 1228 1070 uno
1256 1010 1563 1074 concubitu,
1594 1009 1795 1080 gemini
1822 1022 2017 1064 conce—

436 1111 512 1181 pti
543 1116 722 1172 erant,
752 1121 820 1162 ne
845 1105 925 1161 vel
959 1103 1200 1175 paternis
1244 1101 1453 1156 meritis
1495 1099 1772 1163 tribueret,
1801 1098 1846 1154 si
1873 1097 2018 1168 quis-

351 1199 360 1206 ’
437 1216 600 1274 quam
639 1199 778 1253 forte
817 1197 1060 1253 diceret:
1090 1195 1209 1250 ideo
1240 1193 1361 1248 talis
1386 1201 1544 1247 natus
1577 1198 1660 1245 est
1699 1188 1862 1254 ﬁlius,
1891 1188 2016 1258 quia

437 1302 590 1364 pater
615 1293 688 1346 ita
724 1297 843 1345 erat
872 1287 1095 1344 allectus
1124 1285 1213 1342 illo
1243 1286 1297 1340 in
1331 1294 1590 1359 tempore,
1632 1297 1755 1338 cum
1800 1282 1936 1338 sevit
1963 1282 2017 1338 in

439 1392 594 1438 utero
635 1381 852 1445 matris,
881 1389 975 1433 aut
1015 1377 1088 1432 ita
1123 1383 1242 1432 erat
1281 1382 1457 1429 mater
1497 1371 1711 1437 allecta,
1743 1385 1864 1426 cum
1895 1385 2018 1426 cum

441 1473 712 1544 concepit,
754 1469 913 1529 simul
947 1470 1091 1525 enim
1131 1467 1290 1522 ambo
1320 1472 1448 1522 sunt
1484 1477 1592 1521 uno
1617 1471 1857 1533 tempore
1886 1477 2018 1517 con-

441 1566 604 1638 cepti.
639 1563 772 1620 Cum
814 1561 950 1618 enim
981 1559 1212 1614 nondum
1265 1557 1375 1610 nati
1403 1554 1648 1624 fuissent,
1698 1561 1788 1606 aut
1821 1551 2021 1623 aliquid

442 1661 662 1732 egissent
692 1657 832 1722 boni,
864 1662 956 1708 aut
993 1649 1143 1715 ntali,
1175 1657 1231 1704 ut
1255 1645 1542 1703 secundum
1578 1643 1875 1699 electionem
1902 1658 2022 1714 pro-

2108 483 2228 524 rum
2280 476 2572 536 acceptor:
2606 481 2731 520 nam
2778 465 3049 519 neminem
3096 463 3339 532 damnat,
3396 475 3687 538 antequam

2110 569 2316 632 peccet,
2345 571 2400 616 et
2425 559 2628 615 nullum
2655 566 2879 614 coronat
2903 566 3190 626 antequam
3212 558 3410 613 vincat.
3437 559 3548 616 Hoc
3566 575 3688 630 per-

2111 652 2246 707 tinet
2286 652 2353 706 ad
2381 666 2598 707 causam
2637 649 2964 715 Iudaeorum,
3007 635 3097 718 qui
3141 648 3244 704 sibi
3277 653 3686 722 praerogativam

2110 743 2425 810 defendunt,
2454 745 2596 814 quod
2640 743 2730 797 ﬁlii
2775 743 2883 798 sint
2909 741 3158 797 Abrahae.
3187 740 3476 813 Apostolus
3508 754 3690 801 autem

2113 832 2422 888 consolatur
2463 847 2544 898 se,
2591 841 2650 886 ut
2685 832 2810 902 quia
2855 832 3068 888 dixerat
3115 831 3354 888 dolorem
3390 833 3592 898 habere
3631 853 3690 892 se

2113 922 2292 977 cordis
2315 922 2652 985 continuum,
2683 937 2845 976 causa
2872 921 3265 978 incredulitatis
3291 923 3527 991 illorum,
3552 942 3687 996 quo-

2115 1026 2236 1066 rum
2297 1011 2513 1080 adoptio
2566 1019 2686 1066 erat
2732 1012 2986 1079 ﬁliorum,
3017 1022 3073 1068 et
3100 1014 3234 1085 legis
3263 1017 3597 1084 constitutio,
3635 1028 3690 1074 et

2115 1117 2181 1157 ex
2209 1102 2403 1172 quibus
2432 1100 2678 1157 Christus
2706 1101 2976 1170 Salvator,
3017 1104 3160 1160 sicut
3193 1113 3245 1160 et
3283 1106 3397 1177 ipse
3433 1109 3529 1174 ait,
3567 1112 3693 1180 quia

2115 1189 2261 1244 salus
2291 1206 2355 1244 ea:
2379 1189 2584 1261 Iudicis
2607 1200 2684 1244 est
2711 1189 2891 1261 (Joan.
2916 1193 3012 1263 tv),
3046 1202 3274 1249 tractata
3307 1195 3424 1266 lege
3446 1237 3461 1262 ,
3492 1197 3694 1253 invenit

2117 1282 2241 1352 quia
2269 1297 2373 1337 non
2416 1298 2625 1348 omnes,
2663 1284 2753 1354 qui
2781 1297 2844 1337 ex
2875 1283 3039 1340 Israel
3063 1295 3206 1350 sunt,
3249 1289 3506 1343 credituri
3547 1301 3692 1354 sunt,

2121 1389 2295 1445 neque
2323 1375 2448 1444 quia
2473 1375 2725 1430 dicuntur
2756 1375 2851 1431 ﬁlii
2880 1376 3132 1440 Abrahae,
3158 1391 3348 1434 omnes
3372 1379 3603 1435 Abrahze
3633 1381 3698 1435 li-

2120 1461 2221 1517 lios
2268 1463 2546 1530 dicendos,
2599 1464 2738 1520 sicut
2777 1479 2936 1537 supra
2976 1467 3293 1521 memoravi.
3343 1467 3534 1524 Minuit
3570 1485 3700 1543 erga

2120 1554 2361 1610 dolorem
2389 1570 2569 1621 suum,
2593 1556 2870 1613 inveniens
2895 1558 3023 1614 olim
3050 1559 3383 1628 praedicmm,
3416 1562 3559 1631 quod
3591 1578 3696 1618 non

2123 1655 2304 1704 essent
2339 1662 2529 1704 omnes
2571 1648 2852 1715 credituri,
2884 1658 2944 1706 ut
2970 1650 3027 1705 bi
3077 1650 3177 1706 soli
3217 1651 3454 1718 doleant,
3488 1655 3577 1724 qui
3606 1669 3704 1725 per

439 1753 666 1824 positum
691 1748 785 1803 Dei
807 1755 1061 1808 maneret,
1092 1757 1194 1798 non
1218 1755 1283 1795 ea:
1311 1738 1570 1809 operibus,
1595 1735 1686 1792 sed
1721 1751 1785 1790 ea:
1806 1745 2021 1790 vocante
2054 1735 2098 1794 Β
2124 1737 2382 1795 invidiam
2427 1739 2486 1794 in
2535 1740 2966 1798 incredulitatem
3015 1742 3264 1798 laborant
3296 1754 3558 1814 :possunt
3593 1747 3704 1804 Deo

441 1845 639 1898 dictum
677 1849 750 1896 est
799 1838 868 1904 ei,
913 1836 1036 1908 quia
1065 1832 1240 1903 major
1265 1829 1447 1887 serviet
1493 1827 1684 1884 minori
1714 1828 1848 1881 sicut
1886 1826 2023 1880 scri-

441 1945 587 2006 ptum
610 1941 709 1996 est,
731 1927 898 1984 Iacob
927 1924 1112 1988 dilexi,
1139 1923 1284 1980 Esau
1309 1920 1431 1976 odio
1462 1918 1645 1974 habui.
1675 1915 1872 1990 (Orig)
1899 1915 2026 1971 lites

444 2023 590 2096 ergo,
622 2020 818 2093 inquit,
850 2017 989 2074 ratio
1015 2029 1121 2074 non
1145 2013 1319 2071 solum
1344 2013 1410 2070 de
1436 2011 1588 2072 Isaac
1604 2051 1618 2076 ,
1649 2010 1743 2066 sed
1763 2009 1830 2064 de
1858 2006 2026 2063 Jacob

447 2111 754 2185 recipienda
781 2117 882 2165 est.
914 2104 1047 2186 Nam
1075 2113 1130 2160 et
1157 2104 1424 2168 Rebecca,
1466 2100 1664 2170 inquit,
1690 2113 1802 2154 non
1833 2111 2025 2164 secun-

449 2207 577 2262 dum
617 2201 853 2260 carnalis
895 2197 1194 2255 nativitatis
1240 2195 1484 2251 ordinem
1521 2189 1747 2263 protulit
1787 2196 2022 2261 partum.

444 2295 578 2352 Cum
601 2293 746 2349 enim
771 2305 838 2356 ex
863 2305 969 2347 uno
993 2286 1281 2345 concubitu
1313 2283 1462 2341 Isaac
1487 2282 1728 2354 geminos
1755 2279 2030 2350 concepis-

447 2393 553 2450 set,
577 2383 815 2438 nondum
853 2386 1014 2451 partu
1051 2377 1197 2433 edito
1222 2387 1396 2446 neque
1425 2372 1549 2429 ullis
1580 2371 1791 2426 actibus
1824 2385 2025 2444 puero-

448 2491 567 2530 rum
589 2473 746 2531 bonis
775 2471 995 2526 malisve
1022 2469 1163 2524 inter
1184 2466 1428 2526 homines
1451 2462 1672 2526 habitis,
1704 2474 1832 2533 erga
1861 2460 2028 2516 Iacob

452 2565 630 2622 divina
658 2564 885 2618 habetur
909 2558 1123 2623 electio,
1160 2564 1216 2612 et
1246 2555 1457 2618 dicitur,
1490 2552 1616 2622 quia
1645 2551 1818 2622 major
1843 2550 2029 2610 serviet

449 2655 666 2720 minori,
697 2662 744 2707 et
772 2649 939 2706 Jacob
962 2647 1148 2713 dilexi,
1173 2646 1322 2702 Esau
1359 2653 1534 2698 autem
1573 2642 1693 2696 odio
1715 2641 1890 2695 habui.
1922 2637 2034 2695 Cur

451 2754 632 2800 autem
662 2743 776 2798 haec
816 2741 893 2796 ita
921 2740 1064 2796 dicta
1097 2739 1207 2794 sint
1243 2737 1420 2802 docet,
1447 2754 1476 2814 ιι
1509 2743 1569 2790 ιιι
1599 2732 1894 2790 secundum
1923 2731 2033 2786 ele-

449 2836 709 2900 ctionem,
738 2831 932 2902 inquit,
951 2829 1286 2902 propositum
1310 2827 1403 2884 Dei
1426 2834 1664 2894 maneat,
1692 2841 1798 2880 non
1823 2840 1888 2879 ea:
1907 2842 2029 2895 ope-

453 2928 622 2993 ribus,
646 2925 736 2981 sed
756 2941 821 2980 ea;
849 2932 1060 2980 vocante
1089 2921 1287 2975 dictum
1331 2928 1430 2988 est,
1456 2937 1475 2971 ι
1513 2918 1618 2974 hoc
1663 2923 1764 2983 est,
1803 2931 1908 2973 non
1939 2915 2030 2986 qui

2125 1831 2366 1897 credere,
2397 1830 2541 1902 quod
2574 1846 2641 1888 ex
2670 1832 2930 1902 subjectis
2963 1834 3160 1905 aperit,
3203 1836 3495 1892 incredulis
3525 1846 3703 1894 tamen

2127 1927 2398 1996 prtedictis
2436 1943 2542 1982 non
2585 1927 2738 1983 valde
2766 1928 3070 1992 dolendum,
3104 1929 3229 1999 quia
3274 1946 3382 1987 non
3415 1941 3540 1987 sunt
3565 1947 3706 2002 pre.

2126 2017 2379 2073 destinati
2407 2017 2477 2072 ad
2524 2017 2728 2073 vitam:
2754 2017 3100 2074 Pratseientia
3137 2019 3281 2074 enim
3311 2020 3405 2075 Dei
3445 2021 3572 2077 olim
3607 2027 3706 2080 hos

2129 2121 2234 2162 non
2267 2107 2552 2164 salvandos
2583 2109 2840 2166 decrevit.
2867 2108 3002 2176 Quis
3033 2109 3177 2166 enim
3205 2111 3426 2184 plangat
3459 2129 3586 2170 eum
3613 2117 3706 2186 qui

2125 2197 2256 2253 olim
2289 2207 2536 2254 mortuus
2561 2199 2822 2255 habetur?
2852 2197 2958 2254 Sed
2983 2199 3411 2258 subintrantibus
3433 2206 3702 2274 gentibus,

2127 2304 2248 2360 qua:
2276 2290 2394 2346 sine
2433 2291 2544 2347 Deo
2563 2291 2716 2362 prius
2739 2300 2916 2360 erant,
2943 2301 2998 2347 et
3021 2292 3269 2362 salutem,
3292 2309 3454 2364 quam
3488 2297 3563 2352 illi
3586 2314 3709 2368 per-

2129 2379 2380 2436 diderunt
2418 2381 2827 2452 accipientibus,
2865 2383 3226 2438 exsuscitatur
3254 2385 3436 2453 dolor;
3478 2389 3572 2444 sed
3603 2388 3706 2444 ite-

2127 2487 2251 2527 rum
2277 2473 2403 2542 quia
2439 2472 2541 2544 ipsi
2579 2473 2683 2528 sibi
2726 2474 3044 2544 perdi-tionis
3086 2491 3249 2532 causa
3287 2486 3432 2542 sunt,
3479 2480 3706 2551 sopitur.

2132 2563 2396 2621 Prasscius
2431 2565 2614 2636 itaque
2648 2567 2790 2622 Deus
2818 2566 2974 2623 malae
2999 2567 3120 2628 illos
3140 2569 3434 2626 voluntatis
3473 2571 3708 2638 futuros,

2130 2671 2238 2710 non
2265 2655 2386 2713 illos
2411 2655 2600 2714 habuit
2629 2657 2683 2714 in
2710 2670 2938 2712 numero
2964 2657 3249 2722 bonorum,
3280 2659 3535 2729 quamvis
3562 2661 3709 2716 dicat

2131 2744 2382 2802 Salvator
2409 2746 2513 2804 illis
2538 2748 2874 2820 septuaginta
2897 2748 3176 2820 discipulis
3198 2764 3335 2819 quos
3363 2749 3598 2822 elegerat
3622 2766 3713 2808 se-

2132 2835 2306 2891 cunda
2335 2835 2528 2904 classe,
2553 2837 2645 2908 qui
2672 2840 2744 2894 ab
2773 2837 2864 2894 illo
2887 2846 3072 2910 postea
3104 2849 3464 2907 recesserunt,
3497 2842 3710 2898 nomine

2133 2935 2297 2980 vestra
2325 2927 2519 2998 scripta
2548 2936 2668 2982 sunt
2705 2928 2761 2983 in
2789 2927 2916 2983 caelo
2953 2926 3103 3000 (Luc.
3135 2929 3213 3003 ιι),
3244 2931 3338 2986 sed
3364 2930 3465 2986 hoc
3490 2941 3714 3002 pmpter

456 3015 554 3070 ﬁlii
592 3013 791 3080 carnis,
819 3011 913 3068 sed
937 3010 1028 3080 qui
1067 3009 1160 3064 ﬁlii
1185 3007 1280 3062 Dei
1313 3015 1457 3074 sunt,
1487 3007 1599 3078 ipsi
1625 3005 1949 3076 deputentur
1976 3004 2030 3059 in

2135 3012 2416 3083 iustitiam,
2445 3018 2569 3088 quia
2601 3017 2704 3073 hoc
2732 3025 2816 3074 est
2829 3017 3058 3087 justum,
3088 3028 3146 3074 ut
3167 3021 3453 3091 unicuique
3476 3038 3574 3093 pro
3601 3039 3716 3078 me-

455 3118 662 3161 semen.
707 3101 861 3158 Sicut
882 3100 1026 3156 enim
1185 3112 1253 3153 ex
1293 3095 1477 3152 multis
1665 3094 1846 3150 carnis
1881 3093 2034 3150 Isaac
2060 3085 2105 3148 C
2139 3106 2242 3160 [ilo
2269 3085 2679 3177 respon—deaujr’
2710 3085 3001 3179 enim
3041 3109 3167 3165 boni
3197 3085 3382 3176 erant;
3402 3085 3560 3166 cla-cu
3589 3121 3716 3167 sunt

456 3194 672 3266 eligitur
712 3207 742 3247 a
772 3192 902 3258 Deo,
942 3189 1032 3261 qui
1077 3188 1359 3258 adoptetur
1396 3186 1448 3240 in
1485 3185 1681 3240 Filium
1723 3183 1840 3251 Dei,
1874 3184 1948 3238 ita
1979 3191 2036 3238 et

461 3287 547 3342 hic
573 3301 638 3341 ex
667 3285 873 3340 duobus
903 3282 1080 3336 minor
1114 3279 1331 3352 eligitur
1349 3275 1515 3332 Jacob
1537 3275 1631 3348 qui
1661 3276 1949 3345 adoptetur
1979 3273 2035 3329 in

459 3378 655 3432 Filium
681 3375 808 3439 Dei;
835 3382 890 3430 et
923 3373 1004 3429 sic
1023 3386 1212 3428 verum
1247 3369 1326 3436 ﬁt,
1356 3369 1498 3439 quod
1527 3369 1916 3439 promissiones
1941 3368 2035 3422 Dei

409 3511 416 3518 .
460 3485 566 3524 non
599 3468 651 3522 in
690 3465 814 3521 ﬁliis
850 3463 1051 3530 carnis,
1093 3461 1188 3520 Sed
1218 3461 1272 3516 in
1317 3461 1413 3516 Dei
1461 3459 1584 3516 ﬁliis
1624 3467 1894 3516 constent.
1929 3457 2037 3514 Sed

462 3563 578 3616 inec
604 3558 785 3614 omnia
828 3571 893 3612 eo
921 3560 1188 3626 spectant,
1225 3559 1286 3608 ut
1322 3551 1452 3607 illud
1490 3551 1684 3622 probet
1723 3549 2036 3621 Apostolus,

463 3650 607 3720 quod
647 3649 692 3705 si
735 3647 821 3702 vel
848 3646 1021 3712 Isaac,
1053 3643 1137 3699 vel
1179 3641 1348 3698 Jacob
1369 3656 1470 3712 pro
1514 3640 1598 3696 his
1643 3640 1850 3697 meritis
1880 3638 2038 3695 electi

466 3743 692 3797 fuissent
725 3756 756 3794 a
792 3740 934 3804 Deo,
975 3753 1094 3809 quae
1120 3737 1174 3792 in
1199 3750 1366 3792 carne
1389 3734 1553 3806 positi
1580 3733 1958 3804 acquisierant,
1988 3739 2044 3786 et

463 3852 561 3906 per
585 3847 748 3910 opera
779 3831 959 3886 carnis
979 3829 1262 3901 iustiﬁcari
1282 3828 1630 3892 meruissent,
1653 3835 1835 3895 posset
1858 3824 2044 3894 utique

467 3928 646 3983 meriti
673 3938 863 3981 eorum
907 3922 1079 3994 gratia
1109 3920 1177 3975 ad
1219 3917 1596 3990 posteritatem
1622 3930 1834 3986 quoque
1863 3914 2044 3969 carnis

468 4029 523 4075 et
566 4016 842 4090 sanguinis
869 4015 1170 4087 pertinere;
1219 4026 1364 4066 nunc
1406 4024 1534 4065 vero
1579 4024 1702 4064 cum
1738 4008 1933 4064 electio
1954 4021 2046 4062 eo-

471 4128 590 4166 rum
619 4127 724 4167 non
753 4123 819 4164 ex
845 4107 1096 4178 operibus
1122 4105 1264 4160 facta
1294 4103 1383 4170 sit,
1415 4102 1510 4157 sed
1530 4116 1593 4156 ex
1620 4101 1896 4173 pr0posito
1929 4099 2043 4166 Dei,

470 4209 525 4256 et
556 4216 624 4256 ex
648 4199 891 4254 vocantis
930 4195 1174 4262 arbitrio,
1203 4192 1618 4266 promissionum
1649 4183 1819 4264 gratia
1853 4205 1959 4245 non
1990 4190 2044 4244 in

471 4292 596 4357 ﬁliis
627 4291 807 4346 carnis
833 4289 1104 4358 impletur,
1145 4287 1240 4343 sed
1265 4287 1317 4341 in
1361 4285 1486 4340 ﬁliis
1531 4283 1646 4348 Dei,
1686 4284 1790 4339 hoc
1818 4291 1921 4348 est,
1953 4282 2046 4353 qui

472 4381 722 4438 similiter
740 4387 800 4434 ut
839 4379 940 4450 ipsi
969 4393 1034 4434 ex
1063 4377 1337 4448 proposito
1371 4373 1465 4430 Dei
1496 4375 1784 4446 eliguntur,
1816 4382 1870 4428 et
1913 4374 2043 4429 ado-

471 4480 693 4543 ptantur
714 4471 767 4524 in
801 4469 957 4524 ﬁlios.
987 4467 1296 4538 Completur
1324 4481 1556 4536 namque
1583 4466 1745 4520 etiam
1781 4465 1833 4519 in
1878 4465 1963 4520 his
1989 4464 2049 4517 il-

476 4564 565 4618 Iud
597 4562 740 4632 quod
769 4561 879 4632 jam
915 4574 1073 4629 supra
1102 4558 1468 4629 exposuimus,
1490 4559 1612 4628 quia
1637 4573 1765 4627 quos
1794 4555 2045 4627 prtesciit,

477 4654 594 4720 illos
620 4663 668 4707 et
683 4650 1086 4720 prwdestinavit,
1113 4658 1159 4702 et
1183 4665 1311 4719 quos
1332 4647 1713 4718 pra’destinavit
1739 4644 1856 4699 illos
1878 4653 1926 4699 et
1956 4662 2047 4699 vo-

480 4745 633 4810 cavit,
661 4753 708 4798 ει
736 4761 863 4814 quos
887 4742 1081 4797 vocavit
1111 4740 1228 4794 illos
1243 4749 1290 4794 et
1305 4737 1636 4809 justiﬁcavit,
1660 4746 1708 4791 et
1736 4753 1864 4806 quos
1885 4737 2051 4807 justi-

481 4834 655 4904 ficavit
695 4833 812 4888 illos
837 4843 882 4887 et
905 4830 1232 4904 gloriﬁcavit.
1269 4827 1501 4900 (Ambr.)
1523 4826 1922 4882 Pnescientiam
1955 4825 2050 4880 Dei

483 4927 690 4998 ﬂagitat
724 4926 777 4981 in
807 4925 889 4980 his
928 4923 1128 4988 causis,
1151 4923 1272 4992 quia
1306 4937 1409 4976 non
1449 4920 1591 4974 aliud
1621 4928 1796 4990 potest
1835 4919 2054 4974 evenire

484 5035 644 5090 quam
700 5019 848 5073 novit
906 5019 1047 5075 Deus
1100 5013 1357 5068 futurum.
1423 5012 1651 5066 Sciendo
1714 5011 1858 5066 enim
1911 5010 2056 5081 quod

487 5108 851 5178 unusquisque
876 5105 1087 5160 illorum
1114 5103 1322 5157 futurus
1351 5109 1513 5165 esset,
1549 5101 1703 5164 dixit,
1733 5100 1822 5154 hic
1848 5100 1951 5154 erit
1976 5099 2058 5156 di-

488 5215 646 5270 guns,
670 5199 762 5268 qui
807 5197 912 5252 erit
956 5196 1130 5250 minor
1171 5202 1224 5248 et
1273 5194 1363 5264 qui
1395 5191 1584 5260 major,
1629 5193 1734 5247 erit
1776 5193 2056 5264 indignus;

491 5307 656 5345 unum
685 5289 847 5358 elegit
881 5286 1245 5358 praescientia,
1277 5293 1331 5339 et
1372 5284 1600 5338 alterum
1640 5284 1870 5353 sprevit;
1905 5291 1960 5337 et
2002 5283 2055 5336 in

491 5383 582 5438 illo
607 5396 764 5452 quem
792 5380 972 5451 elegit,
1016 5378 1349 5448 propositum
1377 5375 1472 5430 Dei
1513 5387 1722 5442 manet;
1759 5378 1884 5446 quia
1915 5377 2057 5431 aliud

493 5492 597 5528 non
624 5480 802 5543 potest
831 5473 1065 5536 evenire,
1107 5486 1266 5540 quam
1295 5471 1423 5534 scit,
1453 5478 1508 5523 et
1535 5468 1812 5538 proposuit
1856 5469 1908 5522 in
1951 5467 2058 5530 illo,

496 5573 552 5617 ut
588 5563 759 5618 salute
791 5562 982 5632 dignus
1010 5561 1098 5625 sit,
1136 5569 1192 5614 et
1229 5560 1282 5613 in
1321 5560 1408 5612 illo
1435 5573 1595 5628 quem
1641 5559 1863 5627 spernit,
1904 5557 2063 5612 simili

499 5655 661 5712 modo
704 5662 884 5706 manet
923 5650 1275 5724 propositum,
1335 5649 1475 5718 quod
1521 5647 1796 5716 proposuit
1843 5646 1908 5703 de
1953 5647 2060 5714 illo,

2138 3198 2205 3252 ad
2253 3198 2648 3267 ministerium,
2691 3209 2746 3255 et
2788 3209 2945 3255 erant
2991 3200 3192 3272 scripta
3234 3202 3454 3257 nomina
3498 3202 3713 3260 illorum

2137 3291 2192 3346 in
2231 3291 2374 3347 coelo
2427 3303 2648 3363 propter
2691 3292 2995 3364 justitiam,
3048 3293 3189 3348 sicut
3231 3293 3364 3349 dixi.
3409 3293 3718 3354 Secundum

2137 3382 2536 3452 praescieutiam
2577 3397 2706 3438 vero
2747 3383 2802 3438 in
2853 3397 3080 3439 numero
3125 3392 3281 3439 erant
3322 3384 3583 3440 malorum
3608 3404 3620 3441 :
3650 3387 3718 3442 de

2132 3474 2342 3545 justitia
2368 3476 2512 3531 enim
2536 3474 2680 3532 Deus
2699 3475 2932 3547 judicat,
2964 3491 3071 3531 non
3108 3477 3466 3548 praescientia.
3494 3477 3646 3534 Unde
3664 3487 3723 3532 et

2141 3568 2309 3640 Moysi
2345 3567 2511 3626 dicit:
2539 3567 2599 3622 Si
2636 3567 2754 3638 quis
2777 3567 3062 3638 peccaverit
3108 3576 3230 3621 ante
3255 3584 3355 3633 me,
3398 3566 3576 3621 delebo
3602 3584 3720 3622 eum

2140 3658 2203 3712 de
2232 3657 2364 3712 libro
2391 3673 2502 3711 meo
2535 3654 2731 3728 (Exod.
2782 3654 2976 3726 xxxii),
3023 3664 3081 3710 ut
3121 3657 3416 3711 secundum
3449 3658 3722 3728 jnstitiatn

2135 3746 2334 3818 judicis
2370 3753 2497 3800 tunc
2529 3745 2774 3800 videatur
2801 3743 2967 3798 deleri
2999 3757 3120 3798 eum
3149 3753 3368 3814 peccat;
3394 3743 3550 3813 juxta
3587 3763 3723 3816 ιιι-ιιι·
3793 3741 3806 3752 ’

2143 3834 2422 3890 scientiam
2452 3847 2579 3888 vero
2606 3848 2882 3907 nunquam
2926 3832 2980 3886 in
3010 3831 3148 3888 libro
3192 3833 3314 3887 vita:
3357 3833 3544 3890 fuisse.
3586 3835 3723 3892 llinc

2143 3934 2199 3980 et
2247 3924 2524 3996 apostolus
2564 3923 2798 3980 Joannes
2841 3925 2907 3980 de
2955 3922 3260 3992 hujusmodi
3307 3925 3419 3979 ait:
3451 3925 3536 3980 Ea:
3576 3927 3723 3982 nobis

2143 4017 2404 4081 exierunt,
2433 4014 2524 4069 sed
2551 4031 2653 4068 non
2698 4023 2846 4068 erant
2877 4029 2941 4067 ea:
2963 4013 3105 4068 nobis
3129 4012 3208 4067 :si
3249 4015 3386 4068 enim
3415 4015 3634 4084 fuissent
3660 4032 3725 4070 ea:

2145 4103 2316 4168 nobis,
2362 4103 2766 4174 permansissent
2818 4103 2994 4173 utique
3037 4102 3307 4157 nobiscum
3357 4101 3406 4174 (Ι
3437 4103 3598 4157 Joan.
3637 4103 3719 4175 ιι).

2145 4195 2260 4250 Non
2275 4203 2719 4264 estpersonarum
2741 4193 2981 4262 acceptio
3000 4192 3050 4246 in
3075 4191 3414 4262 prmscientia
3437 4191 3552 4246 Dei.
3578 4191 3724 4246 Prau-

2146 4289 2372 4345 scientia
2393 4288 2536 4343 enim
2559 4296 2663 4353 est,
2687 4302 2792 4358 qua
2814 4285 3092 4342 deﬁnitum
3126 4287 3308 4352 habet,
3341 4287 3515 4357 qualis
3539 4288 3724 4343 nnius~

2148 4379 2407 4450 cujusque
2432 4377 2610 4434 futura
2633 4378 2879 4434 voluntas
2905 4378 3028 4443 erit,
3065 4376 3129 4448 in
3161 4393 3267 4448 qua
3306 4394 3593 4434 mansurus
3624 4389 3726 4444 est,

2149 4487 2246 4542 per
2271 4487 2433 4541 quam
2462 4478 2521 4525 ut
2549 4471 2831 4526 damnetur
2861 4477 2954 4524 aut
2993 4476 3299 4525 coronetur.
3326 4469 3566 4540 Denique
3595 4486 3730 4541 quos

2150 4563 2253 4618 scit
2277 4563 2330 4616 in
2359 4564 2500 4618 bono
2524 4577 2830 4627 mansuros,
2855 4561 3164 4632 frequenter
3193 4572 3321 4619 ante
3347 4572 3473 4618 sunt
3499 4563 3649 4630 mali,
3676 4573 3731 4619 et

2153 4668 2288 4722 quos
2314 4652 2482 4708 malos
2509 4652 2614 4706 scit
2644 4666 3046 4722 permansuros,
3091 4653 3378 4722 aliquoties
3418 4655 3570 4725 prius
3605 4663 3732 4708 sunt

2152 4744 2277 4800 boni
2307 4759 2320 4796 :
2351 4744 2494 4798 unde
2531 4749 2709 4798 cessat
2754 4741 2995 4813 querela,
3037 4742 3163 4812 quia
3189 4742 3332 4798 Deus
3373 4758 3728 4814 personarum

2153 4842 2406 4902 acceptor
2444 4848 2550 4888 non
2591 4840 2693 4886 est.
2749 4831 2884 4886 Nam
2915 4841 2970 4887 et
3011 4831 3140 4887 Saul
3178 4843 3234 4886 et
3260 4830 3425 4887 ludas
3469 4832 3730 4887 lsearioth

2159 4935 2285 4982 ante
2328 4925 2701 4990 fuerantboni,
2731 4925 2941 4981 dicente
2979 4924 3258 4994 Scriptura
3304 4927 3369 4980 de
3405 4924 3534 4980 Saul
3559 4940 3573 4978 :
3599 4925 3732 4979 Erat

2157 5020 2238 5072 vir
2285 5018 2471 5083 bonus,
2520 5026 2569 5072 et
2615 5034 2716 5071 non
2760 5027 2873 5072 erat
2919 5015 3012 5069 illo
3053 5014 3238 5069 melior
3278 5016 3334 5069 in
3385 5016 3508 5083 filiis
3562 5014 3733 5070 Israel

2160 5110 2212 5182 (1
2242 5109 2371 5180 Reg.
2404 5111 2507 5180 ix),
2539 5118 2594 5164 et
2615 5109 2680 5165 de
2707 5107 2841 5162 Juda
2865 5107 3122 5162 lscarioth
3149 5107 3280 5162 dicit
3301 5105 3494 5160 Petrus
3523 5116 3734 5177 aposto-

2159 5202 2243 5256 lus
2269 5216 2284 5255 :
2311 5200 2413 5267 Qui
2435 5202 2651 5256 sortitus
2688 5210 2762 5253 est
2792 5208 2982 5253 sortem
3018 5199 3292 5253 ministerii
3313 5197 3471 5268 hujus
3497 5199 3550 5253 in
3572 5198 3734 5269 signis

2159 5300 2206 5344 et
2225 5290 2478 5360 prodigiis
2509 5288 2764 5358 faciendis
2793 5288 2928 5360 (Act.
2975 5286 3038 5360 ι).
3067 5287 3344 5355 Quomodo
3383 5287 3545 5358 igitur
3571 5288 3732 5342 mini-

2160 5380 2387 5434 sterium
2438 5379 2674 5435 salutare
2728 5379 3035 5444 sortiretur,
3091 5377 3195 5434 nisi
3237 5385 3381 5433 esset
3427 5377 3633 5433 bonus?
3677 5376 3735 5434 In

2164 5478 2308 5524 sorte
2344 5471 2487 5525 enim
2520 5469 2611 5523 Dei
2634 5467 2894 5537 judicium
2920 5468 3040 5533 fuit,
3071 5467 3290 5539 dignum
3325 5468 3470 5523 illum
3500 5478 3739 5538 tempore

2167 5574 2275 5627 quo
2306 5560 2509 5615 electus
2551 5568 2652 5613 est.
2705 5557 2856 5613 Sicut
2902 5558 2974 5613 illi
3027 5561 3362 5630 septuaginta
3407 5575 3542 5630 quos
3577 5575 3738 5630 snpra

2171 5649 2482 5704 memoravi.
2515 5647 2648 5704 Hinc
2690 5656 2792 5714 est,
2837 5647 2975 5704 unde
3003 5647 3239 5705 etiudas
3279 5657 3397 5720 post
3429 5651 3549 5706 mali
3580 5649 3740 5704 totius
