4026 6180
533 311 668 369 11.Ξῖ

1205 306 1266 362 Β.
1307 288 1560 361 ΒΛΒΛΝΙ
1594 302 1812 360 MAURI
1849 299 2166 359 ARClllEP.
2206 299 2515 358 MOGUNT.
2555 296 2842 357 OPERUM
2875 293 3054 353 PARS
3088 292 3172 351 Ill.

3561 296 3666 365 MSS

509 428 819 487 admissum
849 425 1026 481 scelus
1054 424 1370 496 pmnitentia
1391 433 1590 492 motus,
1626 425 1819 496 laqueo
1845 424 2011 478 vitam
2039 421 2104 476 ﬁ-
2133 424 2181 484 Α
2211 417 2306 476 ﬁlii
2337 419 2459 483 Del,
2489 421 2584 476 sed
2621 419 2710 488 qui
2741 418 2838 473 ﬁlii
2885 425 3010 471 sunt
3047 399 3458 485 repromissmnis,
3481 418 3550 474 isti
3570 423 3677 479 asti-

527 517 684 583 nivit,
718 531 824 571 non
852 516 995 571 enim
1033 523 1212 585 potest
1239 516 1292 569 in
1323 515 1500 585 aliquo
1526 531 1686 572 onme
1726 515 1924 570 bonum
1954 513 2105 584 peni-

527 621 616 666 tus
660 609 934 665 obliterari
967 609 1198 678 :quippe
1243 623 1364 663 cum
1403 618 1595 662 natura
1636 623 1742 662 non
1777 613 1958 676 posset
2007 606 2107 659 im-

525 701 747 766 mutari,
783 701 876 756 sed
904 700 1170 765 voluntas,
1200 700 1383 755 nonin
1417 700 1669 755 omnibus
1697 708 1876 754 tamen
1904 697 2105 762 causis,

525 794 652 862 quia
673 801 920 848 remanet
948 792 1002 846 in
1025 803 1240 856 natura,
1257 794 1398 862 quod
1424 793 1732 848 testimonio
1755 793 1824 848 sit
1847 790 2103 846 creatori.

601 884 741 952 Quid
759 900 881 953 ergo
908 883 1167 937 dicemus?
1196 883 1431 954 nunquid
1456 885 1704 953 iniquitas
1733 883 1873 954 apud
1897 881 2107 936 Deum?

527 975 695 1028 Absit.
725 970 918 1043 (Hiera)
949 970 1100 1038 Quod
1149 972 1417 1040 signiﬁcet
1473 972 1601 1026 illud
1643 971 1786 1040 quod
1833 970 2108 1040 apostolus

527 1064 725 1119 Paulus
759 1063 998 1132 disputat
1047 1062 1114 1115 ad
1161 1061 1434 1116 Romanos
1481 1061 1754 1125 scribens,
1808 1059 1946 1126 Quid
1986 1075 2108 1129 ergo

527 1156 798 1212 dicemus?
849 1155 1082 1226 nunquid
1128 1154 1376 1224 iniquitas
1406 1163 1478 1207 est
1506 1153 1646 1223 apud
1684 1153 1845 1206 Deum
1869 1154 1893 1206 .9
1921 1152 2104 1216 Absit,

528 1263 700 1318 usque
723 1245 791 1301 ad
823 1245 998 1300 locum
1033 1243 1123 1298 ubi
1155 1243 1229 1297 ait
1259 1258 1274 1295 :
1308 1241 1427 1296 Nisi
1459 1242 1710 1296 Dominus
1750 1240 1982 1295 Sabaoth
2029 1257 2110 1293 re-

529 1337 760 1407 liquisset
796 1334 942 1389 nobis
973 1349 1147 1387 semen
1173 1373 1188 1392 ,
1234 1332 1367 1385 sicut
1406 1329 1635 1384 Sodoma
1677 1328 1805 1398 [acti
1840 1343 2066 1382 essemus
2091 1368 2106 1392 ,

526 1439 574 1482 et
605 1428 736 1482 sicut
777 1425 1072 1481 Gomorrha
1109 1423 1303 1478 similes
1331 1423 1607 1494 fuissemus
1637 1440 1655 1477 :
1690 1422 1866 1480 omnis
1892 1422 2108 1492 quidem

530 1519 597 1596 ad
642 1518 915 1571 Romanos
956 1515 1196 1586 Epistula
1241 1513 1686 1583 interpretatione
1751 1513 1999 1582 indiget,
2054 1520 2110 1566 et

534 1597 695 1662 tantis
719 1604 1140 1661 obscuritatibus
1172 1603 1407 1658 involuta
1440 1612 1553 1668 est,
1582 1611 1642 1657 ut
1674 1603 1726 1657 in
1765 1602 2110 1673 intelligenda

527 1714 591 1752 ea
621 1697 858 1767 Spiritus
887 1695 1059 1750 sancti
1099 1695 1436 1766 indigeamus
1461 1694 1684 1760 auxilio,
1720 1694 1810 1765 qui
1845 1709 1942 1765 per
1968 1694 2111 1762 Apo—

526 1791 727 1845 stolum
777 1790 892 1843 haec
925 1787 1038 1857 ipsa
1084 1786 1328 1841 dictavit.
1373 1785 1478 1840 Sed
1511 1787 1780 1856 praecipue
1818 1784 1968 1840 locus
1997 1783 2108 1849 hic,

528 1884 584 1937 in
624 1897 732 1952 quo
765 1881 987 1952 quidam
1027 1879 1269 1934 volentes
1317 1877 1413 1932 Dei
1462 1893 1682 1933 servare
1727 1876 1989 1946 justitiam
2043 1891 2110 1930 ex

529 1972 960 2045 prmeedentibus
992 1970 1194 2034 causis,
1236 1969 1424 2023 dicunt
1458 1967 1687 2024 electum
1725 1968 1780 2021 in
1816 1974 1973 2022 utero
2006 1965 2112 2021 Re-

532 2066 709 2118 becca:
738 2060 927 2128 Jacob,
974 2070 1029 2117 et
1077 2060 1344 2130 abjectum
1383 2059 1523 2114 Esau
1549 2099 1563 2124 ,
1593 2057 1734 2112 sicut
1759 2055 2020 2112 Ieremias
2057 2061 2114 2110 et

531 2156 774 2226 Baptista
803 2151 1040 2210 Joannes
1067 2152 1338 2223 eliguntur
1370 2151 1424 2204 in
1456 2157 1629 2215 utero,
1663 2157 1717 2203 et
1741 2148 1856 2218 ipse
1885 2146 2114 2218 Aposto-

535 2247 620 2303 lus
665 2245 864 2300 Paulus
905 2244 1322 2314 pmdestinatur
1367 2242 1421 2295 in
1475 2239 1766 2310 Evangelia
1823 2246 2112 2306 antequam

530 2346 806 2394 nascatur.
844 2335 1010 2390 Nobis
1055 2343 1236 2389 autem
1279 2331 1413 2387 nihil
1455 2331 1646 2402 placet,
1684 2329 1788 2384 nisi
1833 2327 1976 2398 quod
2025 2342 2115 2382 ec-

533 2428 896 2484 clesiasticum
929 2433 1052 2488 est;
1095 2433 1148 2478 et
1186 2423 1397 2495 publice
1429 2422 1483 2476 in
1511 2420 1752 2476 Ecclesia
1797 2418 1978 2473 dicere
2005 2431 2114 2470 non

533 2521 808 2582 timemus,
835 2532 902 2572 ne
930 2514 1086 2584 juxta
1112 2513 1473 2585 Pythagoram
1498 2522 1552 2567 et
1580 2511 1852 2566 Platonem
1876 2516 1932 2563 et
1954 2507 2116 2562 disci-

532 2612 686 2683 pulos
713 2625 918 2670 eorum,
948 2608 1037 2678 qui
1063 2605 1164 2660 sub
1189 2605 1406 2660 nomine
1433 2603 1745 2659 Christiano
1769 2601 2116 2656 introducunt

535 2707 727 2774 dogma
762 2698 1075 2772 gentilium,
1123 2697 1365 2752 dicamus
1413 2695 1622 2749 animas
1675 2693 1854 2762 lapsas
1895 2705 2015 2746 esse
2049 2689 2116 2744 de

533 2793 694 2858 curio,
731 2799 786 2847 et
826 2804 925 2860 pro
963 2787 1278 2844 diversitate
1317 2785 1633 2841 meritorum
1670 2783 1725 2837 in
1753 2783 1872 2848 his,
1900 2781 1985 2835 vel
2011 2779 2116 2836 illis

533 2887 853 2958 corporibus
899 2898 1088 2954 poenas
1134 2881 1478 2952 antiquorum
1525 2881 1677 2937 luere
1720 2887 2068 2951 peccatorum
2097 2917 2112 2944 ,

533 2979 811 3049 multoque
847 2975 1038 3031 melius
1077 2982 1160 3031 est
1201 2973 1516 3043 simpliciter
1560 2971 1888 3042 imperitiam
1945 2968 2118 3025 conﬁ-

536 3073 658 3138 teri,
687 3081 741 3127 et
770 3073 911 3126 inter
938 3077 1134 3124 caetera
1158 3083 1280 3138 qua:
1309 3069 1580 3122 nescimus
1619 3066 1782 3121 etiam
1825 3064 1987 3134 hujus
2011 3063 2116 3118 loci

537 3161 925 3218 obscuritatem
974 3158 1238 3230 refugere.
1282 3157 1531 3224 Quandiu
1568 3155 1816 3212 volumus
1865 3154 1960 3210 Dei
1991 3169 2120 3224 pro-

537 3256 666 3309 bare
703 3251 970 3322 justitiam
998 3289 1013 3314 ,
1042 3248 1295 3304 Basilidis
1337 3256 1392 3303 et
1448 3247 1727 3302 Manichasi
1753 3245 2003 3302 hzeresim
2029 3244 2121 3299 de-

536 3343 787 3406 fendere,
837 3348 892 3396 et
941 3339 1123 3393 lberas
1173 3337 1377 3393 nuntias
1421 3337 1802 3406 Egyptiorum
1869 3343 2120 3405 portenta

535 3434 754 3489 sectari.
787 3430 1042 3484 Dicamus
1084 3428 1271 3497 igitur,
1302 3435 1361 3479 ut
1400 3439 1688 3496 possumus
1715 3431 1767 3478 et
1797 3421 2122 3492 Apostolicze

536 3523 828 3580 voluntatis
857 3527 1145 3589 sequentes
1168 3517 1414 3588 vestigia,
1453 3531 1521 3570 ne
1550 3523 1751 3584 puncto
1777 3514 2020 3584 quidem,
2061 3522 2124 3568 ut

541 3617 762 3681 dicitur,
793 3621 957 3682 atque
983 3626 1160 3683 ungue
1187 3620 1520 3674 transverso,
1560 3608 1627 3663 ab
1669 3607 1812 3662 illius
1836 3605 2122 3662 sententiis

535 3707 878 3769 recedamus,
893 3702 1117 3757 ﬂeverat
1133 3710 1378 3773 supra,et
1400 3700 1582 3756 dolore
1595 3713 1814 3770 pressus
1841 3697 2122 3754 conscien-

525 3803 625 3856 rtia:
641 3807 832 3854 testem
852 3796 1195 3850 invocaverat
1208 3792 1470 3862 Spiritum
1495 3801 1744 3847 sanctum
1757 3790 1901 3862 quod
1922 3789 2122 3844 fratres

519 3893 622 3946 ’διιί
649 3899 703 3944 et
729 3887 943 3960 cognati
991 3885 1286 3941 secundum
1328 3897 1587 3950 carnem,
1629 3883 1682 3937 id
1714 3880 2122 3947 est,lsraclit:e

520 3983 636 4038 “Dei
675 3981 868 4036 Filium
886 3993 990 4034 non
1024 3977 1378 4047 recepissent,
1413 3989 1644 4045 quorum
1681 3972 1780 4027 fuit
1809 3972 2044 4042 adoptio,
2069 3978 2125 4025 et

514 4076 726 4148 'gloria,
767 4082 822 4128 et
874 4079 1299 4134 testamentum,
1348 4075 1403 4121 ct
1460 4065 1752 4138 legislatio,
1799 4073 1854 4120 et
1889 4063 2119 4129 cultura,

519 4176 596 4222 -ειι
610 4163 944 4237 promissio,
975 4176 1039 4216 ex
1070 4160 1266 4229 quibus
1303 4159 1475 4212 ctiam
1514 4157 1626 4227 ipse
1650 4155 1901 4211 Christus
1930 4167 2123 4208 secun-

539 4258 666 4311 dum
691 4268 911 4308 carnem
941 4249 1008 4304 de
1023 4249 1195 4304 ‘Maria
1223 4256 1510 4319 generatus
1531 4254 1615 4301 est
1638 4245 1877 4317 Virgine,
1914 4251 1970 4318 et
2010 4252 2122 4297 tam

538 4347 797 4402 continuo
826 4343 1008 4398 cordis
1037 4340 1220 4396 dolore
1249 4348 1550 4408 torquetur,
1579 4345 1640 4392 ut
1665 4337 1780 4407 ipse
1812 4343 1961 4407 optet
1991 4351 2123 4389 ana-

539 4439 718 4491 thema
745 4448 865 4488 esse
895 4448 926 4487 a
967 4431 1202 4495 Christo,
1229 4431 1283 4484 id
1311 4437 1414 4494 est,
1440 4427 1588 4483 solus
1614 4429 1812 4496 perire,
1857 4443 1925 4482 ne
1961 4439 2122 4481 omne

538 4524 892 4580 lsracliticum
924 4535 1092 4592 genus
1111 4529 1316 4590 pereat,
1343 4528 1398 4574 et
1418 4519 1542 4588 quia
1574 4518 1679 4572 hoc
1698 4516 1908 4572 dixerat
1933 4515 2116 4571 statim

539 4615 844 4670 venientem
893 4627 924 4667 e
966 4612 1184 4682 regione
1247 4609 1504 4680 prmvidet
1550 4608 1922 4678 qum-stionem.
1981 4603 2119 4672 Quid

538 4724 668 4779 ergo
691 4705 866 4762 dicis?
904 4718 1096 4759 omnes
1130 4704 1220 4772 qui
1253 4717 1317 4756 ex
1357 4701 1521 4756 lsrael
1552 4709 1678 4755 sunt
1717 4699 2031 4770 perierunt?
2064 4706 2121 4753 et

538 4793 810 4865 quomodo
841 4801 898 4846 tu
929 4791 1041 4862 ipse
1066 4797 1119 4844 et
1152 4789 1333 4844 caeteri
1379 4787 1641 4856 Apostoli,
1677 4795 1732 4841 et
1774 4786 1980 4840 inﬁnita
2027 4784 2121 4840 Ju-

539 4888 677 4944 daici
707 4883 890 4957 populi
929 4881 1235 4947 multitudo,
1273 4878 1546 4935 Christum
1589 4879 1682 4933 Dei
1729 4876 1924 4932 Filium
1970 4891 2120 4932 rece-

531 4978 735 5052 pistis?
759 4991 920 5046 quam
959 4974 1034 5029 ita
1063 4971 1246 5038 solvit,
1275 4966 1439 5024 lsrael
1481 4970 1533 5023 in
1573 4968 1868 5039 Scripturis
1915 4967 2119 5022 sanctis

541 5071 827 5142 dupliciter
857 5065 1176 5136 appellatur,
1204 5074 1260 5118 et
1296 5061 1352 5116 in
1393 5061 1527 5116 duos
1559 5060 1819 5114 dividitur
1855 5058 2029 5124 ﬁlios;
2060 5058 2115 5112 in

539 5177 729 5226 unum,
757 5159 848 5230 qui
875 5158 1030 5227 juxta
1057 5169 1274 5211 carnem
1300 5161 1403 5218 est,
1427 5163 1482 5208 ct
1512 5152 1566 5207 in
1592 5152 1821 5206 alterum
1848 5152 1939 5224 qui
1961 5150 2116 5221 juxta

540 5253 1014 5326 repromissionem
1040 5257 1095 5303 et
1121 5247 1369 5318 spiritum
1397 5261 1411 5312 ;
1445 5245 1718 5299 Abraham
1763 5243 1896 5298 duos
1933 5241 2120 5297 habuit

543 5347 700 5411 ﬁlios,
725 5342 919 5400 lsmael
945 5350 999 5397 et
1025 5341 1206 5406 lsaac;
1237 5336 1453 5404 lsmael,
1469 5336 1560 5406 qui
1581 5336 1875 5392 secundum
1895 5348 2115 5390 carnem

542 5446 700 5492 natus
749 5445 872 5502 est,
909 5433 1283 5489 inereditatem
1332 5431 1501 5499 patris
1554 5443 1660 5483 non
1701 5427 1938 5498 accepit;
1967 5427 2119 5481 lsaac

542 5530 632 5598 qui
665 5527 1080 5598 repromissione
1102 5532 1391 5596 generatus
1413 5531 1503 5578 est
1529 5537 1594 5578 ex
1625 5522 1778 5586 Sara,
1809 5537 1991 5577 semen
2018 5520 2115 5576 Dei

541 5617 1164 5689 appellatur.‘Scriptum
1211 5624 1295 5671 est
1341 5616 1484 5669 enim
1526 5633 1538 5667 :
1571 5613 1634 5689 In
1661 5613 1816 5666 Isaac
1852 5615 2118 5668 vocabitur

495 5719 502 5726 '
537 5711 632 5767 tibi
655 5726 825 5766 semen
855 5708 1008 5775 (Gen.
1046 5707 1190 5779 XXI),
1228 5707 1280 5763 id
1305 5717 1410 5775 est,
1439 5721 1547 5762 non
1576 5688 1668 5777 qui
1699 5704 1799 5762 ﬁlii
1820 5707 2032 5776 carnis,
2055 5705 2115 5762 hi

2148 4481 2199 4542 D

2210 521 2428 567 mantur
2467 511 2519 565 in
2564 509 2789 565 semine.
2839 507 2908 562 Et
2932 508 3035 562 hoc
3066 519 3169 560 non
3215 505 3370 560 solum
3410 507 3452 562 in
3488 509 3608 568 Isaac
3638 522 3680 570 et

2207 602 2398 659 lsmael
2424 643 2439 667 ,
2469 600 2733 657 accidisse
2757 599 3124 654 convincimus
3139 637 3155 663 ,
3181 598 3271 652 sed
3295 599 3500 655 etiamin
3522 604 3681 662 duobus

2212 693 2472 748 Rebecca:
2502 691 2658 754 ﬁliis,
2687 690 2828 745 Esau
2879 696 2932 742 et
2967 686 3164 754 Jacob,
3211 704 3418 758 quomm
3463 691 3570 748 alter
3606 695 3680 751 ah-

2203 783 2402 855 jectus,
2434 781 2573 836 alter
2597 779 2801 835 electus
2827 787 2929 834 est.
2961 777 3030 832 Et
3073 778 3176 834 hoc
3214 787 3372 833 totum
3412 781 3536 846 dicit,
3563 792 3610 837 ut
3641 785 3679 840 in

2208 874 2478 946 prioribus
2507 870 2784 936 fratribus,
2819 868 3007 924 lsmael
3034 877 3089 923 et
3114 868 3251 924 Esau
3281 869 3503 940 populum
3525 870 3679 928 Judae-

2209 984 2330 1023 rum
2359 966 2626 1036 abjectum
2652 980 2772 1021 esse
2795 961 3152 1034 signiﬁcet.ln
3171 964 3518 1033 posterioribus
3535 975 3682 1032 autem,

2210 1059 2315 1114 hoc
2347 1066 2452 1122 est,
2481 1055 2633 1112 Isaac
2660 1064 2715 1112 et
2749 1055 2916 1112 Jacob
2943 1054 3171 1110 electum
3211 1055 3442 1126 populum
3473 1059 3684 1128 gentium,

2209 1150 2295 1204 vel
2315 1164 2431 1213 eos,
2455 1147 2547 1218 qui
2570 1163 2635 1202 ex
2668 1144 2888 1213 Iudaeis,
2914 1146 2966 1200 in
3007 1144 3273 1201 Christum
3302 1147 3525 1202 credituri
3559 1159 3686 1204 erant.

2211 1239 2278 1294 Et
2307 1239 2561 1308 quoniam
2588 1238 2694 1293 hoc
2729 1236 2912 1292 volens
2938 1235 3232 1306 approbare
3259 1247 3567 1306 proposuerat
3583 1239 3688 1293 testi-

2211 1329 2453 1384 monium
2494 1327 2832 1383 nascentium
2861 1328 3192 1397 geminorum
3220 1325 3350 1381 Esau
3371 1337 3418 1381 et
3440 1325 3578 1382 Jacob
3597 1368 3609 1392 ,
3645 1329 3690 1384 de

2211 1420 2406 1490 quibus
2435 1417 2697 1489 scriptum
2730 1425 2831 1481 est,
2857 1416 3034 1486 major
3055 1417 3232 1470 serviet
3265 1417 3455 1482 minori,
3478 1426 3524 1471 et
3548 1417 3589 1471 in
3612 1417 3689 1472 lla-

2211 1509 2387 1564 lachia
2418 1508 2646 1579 legimus
2679 1524 2692 1561 :
2719 1506 2883 1562 Iacob
2929 1506 3117 1573 dilexi,
3168 1505 3309 1561 Esau
3335 1516 3484 1561 autem
3513 1508 3606 1561 odio
3627 1509 3692 1562 Iw-

2213 1601 2301 1655 bui
2341 1599 2498 1670 (Mal.
2529 1597 2614 1670 ι),
2645 1598 2952 1654 venientem
2989 1613 3020 1652 a
3060 1597 3228 1653 latere
3261 1599 3564 1668 quaestionem
3587 1614 3692 1654 more

2216 1707 2314 1748 suo
2344 1691 2593 1762 proponit
2623 1698 2678 1745 et
2711 1690 2950 1755 disserit,
2990 1699 3048 1746 et
3089 1691 3190 1746 hac
3215 1691 3372 1747 soluta
3401 1691 3632 1747 revertitur
3647 1693 3690 1746 ad

2140 1767 2186 1827 Β
2216 1782 2271 1837 id
2319 1781 2386 1838 de
2431 1795 2538 1852 quo
2592 1788 2834 1849 ceperat
2889 1779 3184 1851 disputare.
3230 1776 3284 1833 Si
3325 1779 3451 1834 Esau
3495 1789 3540 1834 et
3579 1778 3693 1834 lacob

2218 1874 2452 1930 necdum
2499 1880 2654 1927 erant
2691 1871 2803 1926 nati
2828 1913 2844 1939 ,
2875 1879 2969 1926 aut
3002 1871 3202 1942 aliquid
3250 1871 3465 1943 egissent
3500 1870 3598 1925 boui
3633 1878 3695 1923 aut

2219 1967 2368 2031 mali,
2400 1975 2460 2020 ut
2486 1972 2931 2036 promererentur
2969 1964 3138 2020 Deum
3165 2006 3179 2030 ,
3208 1964 3288 2019 vel
3328 1963 3630 2024 oﬁ‘cndcrent,
3659 1972 3695 2016 et

2219 2057 2412 2114 electio
2435 2073 2621 2112 eorum
2647 2066 2807 2127 atque
2835 2055 3068 2124 abjectio
3091 2072 3196 2111 non
3229 2056 3404 2111 merita
3424 2054 3694 2123 singulorum,

2220 2149 2314 2204 sed
2338 2147 2670 2204 voluntatem
2693 2146 2942 2218 eligentis
2968 2155 3026 2200 et
3060 2145 3354 2216 abjicientis
3373 2146 3585 2210 ostendit,
3607 2142 3696 2213 quid

2219 2256 2348 2311 ergo
2394 2241 2666 2306 dicemus,
2713 2239 2932 2309 iniquus
2986 2248 3072 2294 est
3111 2239 3288 2294 Deus?
3326 2238 3571 2293 secundum
3608 2235 3695 2289 illud

2219 2331 2527 2403 exemplum
2563 2332 2706 2402 quod
2749 2331 2992 2403 loquitur
3034 2333 3100 2388 ad
3158 2332 3364 2403 Moysen
3401 2349 3413 2388 ε
3452 2329 3695 2390 Miserebor,

2221 2426 2307 2480 cui
2360 2424 2603 2479 misertus
2640 2423 2798 2494 fuero
2819 2441 2841 2491 ;
2872 2435 2920 2479 et
2959 2425 3365 2480 misericordiam
3401 2422 3608 2494 prastabo
3641 2419 3698 2474 cui

2220 2515 2502 2605 miserebor
2523 2515 2723 2589 (Exod.
2755 2514 2972 2590 χχχιιι).
3005 2516 3065 2572 Si
3095 2517 3214 2582 hoc,
3246 2516 3423 2587 inquit,
3447 2515 3697 2585 recipimus,

2221 2614 2283 2663 ut
2307 2603 2486 2663 ’faciat
2527 2607 2668 2664 Deus
2716 2608 3079 2678 quodcunque
3114 2607 3336 2664 voluerit
3372 2607 3540 2676 absque
3561 2603 3699 2659 men'to

2222 2708 2278 2756 et
2299 2701 2573 2771 Operibus,
2602 2698 2688 2755 vel
2717 2699 2882 2772 eligat
2905 2700 3143 2771 aliquem
3169 2700 3252 2756 vel
3281 2700 3584 2760 condemnet,
3607 2710 3699 2766 ergo

2224 2805 2328 2844 non
2355 2801 2427 2844 est
2457 2788 2699 2856 volentis,
2731 2807 2895 2861 neque
2919 2791 3182 2845 currentis
3203 2832 3217 2856 ,
3248 2789 3334 2844 sed
3361 2785 3698 2847 miserentisbci,

2223 2880 2483 2947 maxime,
2514 2897 2636 2937 cum
2667 2882 2855 2936 eadem
2885 2880 3192 2952 Scriptura,
3219 2884 3315 2938 hoc
3336 2890 3430 2947 est,
3451 2881 3564 2936 idem
3584 2880 3697 2938 Deus,

2223 2968 2476 3040 loquatur
2498 2971 2565 3025 ad
2600 2969 2940 3027 Pharaonem
2969 2972 3026 3026 in
3058 2972 3153 3027 hoc
3178 2973 3338 3044 ipsum
3362 2971 3546 3025 excitavi
3577 2980 3629 3032 te,
3661 2973 3699 3018 ut

2227 3061 2497 3115 ostendam
2524 3061 2577 3114 in
2605 3069 2654 3115 te
2682 3063 2921 3116 uirtutem
2943 3080 3145 3130 meam,
3179 3075 3224 3118 et
3253 3063 3546 3118 annunlietur
3568 3074 3699 3112 nomen

2225 3168 2397 3205 meum
2426 3152 2481 3204 in
2509 3152 2749 3207 universa
2778 3162 2944 3217 terra,
2967 3155 3014 3209 si
3048 3156 3151 3211 hoc
3177 3155 3249 3208 ita
3271 3161 3402 3209 esset
3425 3194 3437 3217 ,
3461 3166 3542 3221 pro
3564 3148 3700 3202 volun-

2225 3250 2335 3298 tate
2363 3259 2458 3299 sua
2494 3243 2785 3298 miseretur
2829 3244 3030 3312 Israel,
3084 3255 3138 3302 et
3185 3246 3385 3301 indurat
3429 3243 3697 3298 Pharaonem.

2223 3331 2364 3403 Ergo
2415 3331 2614 3387 frustra
2641 3334 2888 3402 queritur
2923 3345 3089 3405 atque
3124 3345 3366 3391 causatur
3389 3347 3471 3388 nos
3493 3329 3559 3385 vel
3599 3329 3699 3381 bona

2223 3439 2328 3480 non
2359 3423 2554 3481 fecisse
2581 3425 2665 3480 vel
2695 3426 2890 3483 fecisse
2917 3429 3082 3494 mala,
3112 3445 3231 3485 cum
3259 3429 3309 3484 in
3350 3434 3570 3500 potestate
3600 3421 3698 3476 illius

2224 3520 2296 3574 sit
2345 3528 2400 3576 et
2429 3520 2708 3576 voluntate
2750 3522 2955 3593 absque
2983 3523 3144 3579 bonis
3171 3534 3223 3580 et
3256 3523 3397 3579 malis
3425 3515 3625 3590 operibus
3641 3510 3698 3566 vel

2225 3611 2424 3682 eligere
2465 3613 2701 3684 aliquem
2727 3655 2742 3678 ,
2771 3614 2856 3670 vel
2889 3615 3167 3687 abjicere;
3213 3614 3478 3687 praesertim
3518 3624 3610 3665 cum
3635 3619 3700 3660 vo-

2223 3704 2417 3759 luntati
2469 3704 2613 3761 illius
2657 3706 2893 3762 humana
2928 3707 3193 3781 fragilitas
3237 3708 3466 3764 resistere
3503 3706 3696 3770 nequeat.

2223 3809 2384 3864 quam
2432 3793 2664 3850 validam
2715 3798 3068 3866 quaestionem
3139 3799 3494 3869 scripturarum
3547 3790 3698 3845 ratione

2222 3893 2531 3940 contextam
2562 3927 2577 3952 ,
2626 3894 2681 3940 et
2734 3903 2872 3958 pene
2925 3888 3260 3944 insolubilem
3318 3887 3447 3943 brevi
3488 3878 3698 3953 Δροειοῐυε

2221 3988 2472 4030 sermone
2511 3975 2788 4042 dissolvit,
2839 3977 3027 4035 dicens
3062 3997 3075 4034 :
3110 3977 3154 4034 0
3189 3981 3353 4044 homo,
3377 3988 3427 4031 tu
3448 3973 3540 4044 quis
3559 3986 3614 4034 es,
3636 3965 3698 4038 qui

2222 4066 2536 4137 respondeas
2568 4066 2713 4122 Deo?
2739 4067 2807 4123 Et
2845 4079 2928 4124 est
2959 4085 3168 4136 sensus,
3199 4087 3262 4126 ex
3291 4084 3351 4125 eo
3388 4066 3508 4137 quod
3533 4074 3696 4130 respon‘

2221 4153 2352 4210 deas
2379 4155 2512 4223 Deo,
2535 4167 2588 4211 et
2611 4157 2936 4214 calumniam
2977 4159 3115 4217 facis
3140 4163 3207 4227 ei,
3245 4160 3307 4215 de
3333 4153 3570 4228 scripturis
3591 4154 3693 4202 tanta

2221 4249 2490 4318 perquiris
2513 4289 2528 4314 ,
2561 4257 2621 4304 ut
2662 4250 2899 4321 loquaris
2936 4263 3127 4308 contra
3178 4255 3332 4310 Deum
3357 4291 3371 4317 ,
3411 4259 3456 4306 et
3499 4243 3694 4319 justitiam

2220 4341 2519 4396 voluntatis
2548 4339 2666 4411 ejus
2696 4344 2956 4414 inquiras,
2986 4347 3228 4403 ostendis
3260 4354 3309 4400 te
3347 4342 3483 4398 liberi
3506 4331 3692 4393 arbitrii,

2223 4442 2277 4486 et
2305 4430 2487 4488 facere
2511 4435 2654 4503 quod
2681 4435 2784 4510 vis,
2825 4445 2881 4491 et
2918 4447 3098 4493 tacere
3121 4480 3136 4504 ,
3166 4437 3246 4493 vel
3273 4435 3422 4506 loqui.
3448 4431 3495 4487 Si
3519 4428 3629 4485 enim
3659 4423 3694 4474 in

2224 4522 2634 4579 similitudinem
2668 4525 2816 4580 vasis
2857 4525 3039 4582 ﬁctilis
3067 4536 3119 4583 te
3145 4543 3176 4581 a
3206 4527 3310 4581 Deo
3337 4529 3544 4579 creatum
3567 4523 3692 4585 putas»

2221 4623 2275 4668 et
2302 4613 2442 4671 illius
2471 4630 2576 4669 non
2602 4630 2762 4686 posse
2787 4616 3044 4672 resistere
3066 4617 3335 4680 voluntati,
3357 4613 3446 4669 hoc
3463 4606 3691 4664 considera,

2221 4707 2347 4774 quia
2374 4721 2470 4761 vas
2497 4706 2662 4761 ﬁctile
2683 4722 2789 4761 non
2817 4707 2946 4762 dicit
2968 4708 3159 4780 ﬁgulo:
3185 4721 3339 4778 quare
3362 4719 3437 4760 me
3455 4702 3521 4773 sic
3543 4689 3694 4780 fecistil

2217 4796 2441 4869 Figulus
2465 4798 2608 4852 enim
2654 4797 2817 4854 habet
2841 4779 3162 4869 potestatem
3189 4800 3252 4855 de
3275 4796 3446 4853 eodem
3478 4791 3568 4843 luto
3591 4779 3690 4838 aliud

2219 4903 2316 4942 vas
2346 4888 2526 4943 facere
2557 4887 2610 4942 in
2641 4889 2922 4955 honorem,
2954 4889 3098 4946 aliud
3124 4905 3246 4946 vero
3279 4890 3326 4944 in
3367 4876 3688 4941 contumeliam.

2220 4978 2364 5032 Deus
2387 4986 2568 5032 autem
2597 4977 2790 5048 aequali
2812 4988 3036 5035 cunctos
3064 4989 3204 5035 sorte
3237 4974 3498 5048 generavit,
3516 4976 3561 5023 et
3588 4960 3691 5018 dedit

2221 5069 2428 5124 arbitrii
2458 5069 2783 5135 libertatem,
2811 5079 2870 5125 ut
2906 5069 3066 5127 faciat
3095 5070 3438 5141 unusquisque
3461 5058 3574 5133 quod
3594 5051 3688 5112 tu",

2217 5161 2331 5214 sive
2377 5159 2596 5225 bonum,
2635 5160 2749 5216 sive
2790 5161 3010 5217 malum.
3051 5161 3108 5216 In
3162 5168 3353 5215 tantum
3393 5165 3542 5210 autem
3584 5141 3688 5201 dedit

2219 5251 2469 5306 omnibus
2512 5257 2858 5321 potestatem,
2889 5260 2948 5304 ut
2972 5268 3076 5307 vox
3116 5251 3270 5322 impia
3320 5247 3522 5316 disputet
3551 5240 3688 5292 contra

2219 5351 2517 5397 creatorem
2548 5357 2726 5407 suum,
2757 5349 2812 5396 et
2841 5358 3033 5398 causas
3063 5341 3336 5399 voluntatis
3364 5336 3464 5404 ejus
3499 5336 3686 5403 perscw‘

2218 5440 2396 5495 tetur;
2454 5431 2538 5487 sin
2587 5439 2766 5486 autem
2803 5431 2989 5487 volens
3033 5433 3169 5487 Deus
3227 5426 3482 5486 ostendere
3510 5420 3616 5474 iram
3647 5414 3686 5461 οι

2217 5532 2401 5578 notam
2426 5520 2606 5577 facere
2629 5522 2920 5592 potentiam
2951 5538 3122 5587 suam,
3150 5518 3384 5577 sustinuit
3407 5515 3452 5568 in
3472 5506 3604 5565 multa
3621 5512 3684 5568 1³³⁸

2219 5613 2405 5668 tientia
2451 5628 2580 5667 vasa
2633 5612 2729 5668 ira:
2770 5621 2893 5683 apta
2933 5613 2988 5668 in
3031 5614 3312 5674 interitum,
3356 5616 3409 5662 ut
3447 5593 3682 5657 ostenderet

2217 5705 2432 5762 divitias
2472 5704 2654 5777 glorim
2679 5720 2790 5762 sua:
2820 5703 2873 5760 in
2913 5721 3042 5762 vasa
3071 5697 3440 5764 misericordia},
3464 5703 3560 5762 quae
3579 5691 3674 5755 Pm'
