4026 6180
412 323 550 388 1489

940 333 1489 392 ENARMTIONUM
1526 332 1593 388 IN
1632 332 1780 389 EPP.
1822 328 2026 386 PAULI
2061 329 2188 385 LIB.
2228 330 2292 385 V.
2332 358 2405 372 --
2438 328 2504 384 IN
2543 324 2763 385 EPIST.
2804 328 2898 386 AD
2934 328 3104 388 ROM.

3536 328 3672 385 I590

405 445 617 517 paravit
655 446 709 501 in
748 444 972 518 gloriam
995 488 1011 514 ,
1039 462 1175 517 quos
1195 456 1250 502 et
1277 448 1511 512 vocavit,
1557 463 1664 503 non
1709 445 1882 501 solum
1912 459 1978 500 ex
2009 447 2057 506 Α
2086 442 2279 497 lentati
2337 444 2454 514 ejus
2507 444 2651 515 quis‘
2676 454 2845 515 potest
2902 445 3139 501 resistere
3162 446 3189 499 ?
3228 443 3313 500 sic
3358 443 3672 514 Apostolum

402 536 623 600 ludaais,
652 536 748 592 sed
777 538 940 593 etiam
971 555 1036 594 ex
1063 537 1334 609 gentibus,
1372 537 1512 593 sicut
1549 538 1605 593 in
1632 535 1772 593 Osee
1808 535 1942 592 dicit
1968 548 1988 589 :

418 626 605 683 Voconi
632 645 737 684 non
765 629 964 701 plebem
995 644 1184 696 meam,
1216 629 1415 699 plebem
1454 645 1624 683 meam
1649 645 1670 694 ;
1693 636 1743 683 et
1774 644 1877 682 non
1902 626 1988 680 di-

401 719 588 772 lectam
610 760 624 783 ,
653 717 931 785 dilectam,
973 727 1022 773 et
1067 719 1166 773 erit
1194 719 1250 773 in
1295 718 1409 773 loco
1450 718 1538 773 ubi
1569 718 1768 773 dictum
1793 726 1866 772 est
1897 718 1945 771 ei
1971 757 1988 782 ,

403 808 532 863 Non
574 807 719 879 plebs
771 824 887 863 utea
933 825 1062 874 vos,
1109 809 1182 864 ibi
1222 808 1547 864 vocabuntur
1590 807 1693 877 ﬁlii
1747 806 1843 861 Dei
1892 806 1990 861 vivi

404 897 552 961 ἔθει.
582 897 646 971 ιι)
671 939 685 960 ,
732 908 788 952 et
819 907 1015 954 cetera
1046 913 1167 969 quae
1196 910 1536 969 sequuntur;
1568 899 1639 965 si,
1672 897 1865 967 inquit,
1895 910 1991 966 pa-

406 990 597 1045 tientia
633 990 728 1046 Dei
757 990 1029 1046 induravit
1058 991 1392 1047 Pharaonem
1418 1033 1433 1057 ,
1462 999 1519 1046 et
1545 991 1711 1045 multo
1747 1001 1991 1061 tempore

402 1097 593 1152 pinnas
621 1083 831 1138 distulit
852 1083 1087 1150 lsraelis,
1111 1093 1169 1139 ut
1185 1083 1388 1154 justius
1409 1082 1820 1147 condemnaret,
1853 1097 1990 1152 quos

403 1183 554 1230 tanto
594 1181 840 1245 tempore
868 1175 1242 1242 sustinuerat,
1286 1191 1396 1231 non
1433 1175 1530 1232 Dei
1559 1173 1859 1231 accusanda
1894 1187 1990 1243 pa-

404 1267 591 1321 tientia
619 1274 704 1322 est
726 1276 781 1322 et
803 1267 1013 1323 inﬁnita
1041 1268 1326 1325 clementia
1353 1308 1369 1334 ,
1419 1267 1514 1325 sed
1543 1281 1729 1322 eorum
1767 1264 1986 1330 duritia,

399 1356 494 1426 qui
545 1356 790 1412 bonitate
829 1357 925 1412 Dei
956 1358 1009 1412 in
1044 1358 1405 1428 perditionem
1442 1373 1594 1412 suam
1644 1353 1797 1410 abusi
1839 1362 1986 1409 sunt.

400 1446 653 1519 Alioquin
689 1464 827 1504 unus
852 1457 937 1504 est
957 1447 1086 1504 solis
1120 1449 1289 1513 calor,
1321 1457 1376 1504 et
1402 1448 1694 1504 secundum
1724 1446 1991 1502 essentias

401 1538 763 1610 subjaeeutes,
802 1540 907 1594 alia
944 1536 1249 1610 liquefacit,
1280 1539 1382 1593 alia
1408 1538 1644 1603 indurat,
1676 1535 1780 1591 alia
1808 1534 1985 1602 solvit,

404 1629 511 1684 alia
544 1629 897 1701 constringit;
938 1628 1175 1699 liquatur
1209 1630 1355 1685 enim
1404 1644 1527 1684 cera
1552 1669 1568 1694 ,
1614 1636 1670 1684 et
1708 1626 1991 1681 induratur

401 1724 594 1789 lutum,
622 1731 678 1779 et
703 1732 883 1779 tamen
921 1738 1029 1778 non
1073 1730 1157 1778 est
1184 1722 1398 1778 diversa
1419 1721 1616 1777 caloris
1640 1727 1865 1785 natura;
1909 1717 1989 1774 sic

2091 534 2460 604 respondisse,
2481 549 2517 590 o
2551 535 2732 599 homo,
2762 535 2856 606 qui
2887 548 3030 594 terra
3082 542 3139 591 et
3186 535 3327 591 cinis
3367 550 3427 592 es
3453 576 3468 602 ,
3507 536 3676 609 audes

2090 623 2202 679 Deo
2242 622 2349 678 fact
2364 639 2423 681 re
2461 625 2848 694 quaestionem,
2889 641 2922 682 ο
2948 641 3045 682 vas
3076 624 3269 697 fragile
3302 634 3466 695 atque
3503 633 3672 680 testa-

2088 727 2245 768 ccum
2294 713 2529 769 rebellas
2575 723 2765 770 contra
2808 714 3029 786 ﬁgulum
3078 715 3266 769 tuan
3312 714 3554 783 nunquid
3604 712 3671 768 li-

2088 813 2366 876 gmentum
2403 814 2581 876 potest
2627 807 2808 863 dicere
2853 808 2903 863 ei
2948 808 3039 878 qui
3084 822 3141 863 se
3171 807 3349 871 tinxit,
3388 822 3557 877 quare
3585 821 3673 861 me

2090 896 2170 952 sic
2204 896 2426 953 fecisti?
2456 906 2551 953 aut
2579 913 2686 954 non
2714 899 2877 953 habet
2915 908 3241 969 potestatem
3264 899 3457 970 ﬁgulus
3478 897 3575 951 luti
3606 913 3673 952 ex

2089 987 2276 1041 eadem
2309 1002 2491 1043 massa
2519 987 2665 1044 aliud
2693 988 2911 1059 quidem
2941 1005 3034 1045 vas
3060 990 3238 1046 facere
3282 990 3334 1043 in
3367 990 3628 1045 honorem
3658 1029 3673 1054 ,

2091 1080 2237 1136 aliud
2280 1096 2412 1138 vero
2441 1081 2496 1137 in
2545 1083 2925 1138 contumeliam
2947 1084 2974 1138 ?
3006 1094 3211 1140 aeterno
3246 1085 3412 1158 igitur
3457 1085 3674 1141 silentio

2090 1172 2419 1240 eonticesce,
2442 1181 2498 1229 et
2523 1174 2660 1230 scito
2692 1172 3041 1241 fragilitatem
3086 1187 3230 1230 tuam
3258 1217 3273 1242 ,
3312 1185 3367 1231 et
3412 1192 3519 1232 non
3565 1176 3676 1233 Deo

2093 1279 2307 1321 moveas
2332 1264 2684 1336 quastioncm
2724 1266 2817 1336 qui
2847 1265 2973 1321 fecit
2996 1268 3137 1335 quod
3164 1268 3353 1333 voluit,
3380 1277 3442 1323 ut
3464 1269 3519 1323 in
3541 1268 3677 1323 alfos

2092 1356 2350 1422 clemens,
2395 1358 2448 1412 in
2501 1358 2645 1435 alios,
2692 1373 2915 1414 severus
2960 1358 3242 1414 existeret.
3295 1359 3494 1432 (Orig.)
3533 1359 3677 1427 Quid

2090 1465 2257 1518 ergo,
2300 1448 2521 1519 inquit,
2578 1450 2858 1505 dicemus?
2908 1449 3163 1516 Nunquid
3224 1450 3475 1522 iniquitas
3535 1451 3678 1520 apud

2090 1537 2487 1595 Deumlabslt.
2539 1540 2614 1595 Ex
2659 1555 2888 1610 persona
2932 1540 3357 1598 contradicentis
3401 1540 3505 1597 sibi
3550 1540 3679 1596 dicit

2089 1630 2379 1700 Apostolus
2411 1649 2424 1686 :
2454 1632 2711 1705 Nunquid
2737 1635 2984 1706 iniquitas
3017 1636 3158 1707 apud
3193 1635 3384 1701 Deum,
3411 1643 3466 1690 et
3492 1635 3675 1690 statim

2090 1721 2146 1775 in
2179 1721 2350 1778 initiis
2374 1725 2682 1795 respondet,
2716 1726 2871 1791 absit,
2922 1736 2984 1783 ut
3009 1727 3075 1782 ad
3111 1727 3290 1781 omnia
3328 1735 3524 1783 czetcra
3557 1742 3680 1798 qua:

402 1823 458 1871 et
498 1814 713 1871 bonitas
744 1814 840 1870 Dei
869 1822 1033 1885 atque
1060 1812 1345 1868 clementia
1379 1826 1508 1867 vasa
1549 1812 1646 1866 irze
1669 1850 1684 1874 ,
1713 1824 1834 1880 qua:
1864 1815 1989 1878 apta
2018 1810 2066 1870 B
2091 1829 2158 1868 ex
2204 1831 2432 1885 persona
2481 1817 2903 1873 contradicentis
2934 1816 3236 1887 objicienda
3269 1826 3410 1881 sunt,
3445 1819 3512 1873 ab
3536 1818 3678 1888 Apo-

399 1915 531 1961 sunt
559 1906 612 1961 in
640 1905 945 1971 interitum,
977 1904 1031 1961 id
1067 1913 1193 1971 est,
1239 1904 1491 1975 populum
1535 1902 1700 1958 Israel
1748 1901 1983 1955 indurat.

401 1994 544 2052 Vasa
570 2004 749 2051 autem
770 1995 1178 2060 misericordiaz,
1194 2009 1311 2065 quae
1324 1993 1645 2065 praeparavit
1669 1993 1722 2047 in
1739 1990 1986 2065 gloriam,

398 2105 520 2161 quae
547 2098 604 2146 et
640 2089 887 2156 vocavit,
917 2090 1024 2145 hoc
1056 2098 1159 2154 est,
1192 2105 1311 2156 nos,
1340 2089 1429 2160 qui
1455 2104 1563 2145 non
1591 2088 1762 2145 solum
1789 2104 1856 2144 ex
1890 2086 1987 2143 Iu-

399 2180 531 2238 daeis
553 2196 759 2245 sumus,
792 2179 889 2235 sed
912 2180 1079 2235 etiam
1107 2195 1174 2235 ex
1202 2180 1473 2252 gentibus,
1508 2195 1613 2235 non
1644 2177 1819 2237 salvat
1849 2178 1989 2233 irra-

400 2269 731 2327 tionabiliter
781 2279 833 2326 et
874 2268 1080 2340 absque
1116 2270 1309 2341 judicii
1352 2271 1616 2337 veritate;
1672 2270 1769 2325 sed
1810 2269 1991 2325 causis

397 2362 845 2432 praecedentibus,
874 2363 999 2433 quia
1030 2362 1121 2418 alii
1143 2377 1249 2417 non
1273 2370 1628 2433 susceperunt
1649 2361 1842 2418 Filium
1865 2362 1988 2428 Dei,

398 2453 490 2508 alii
535 2469 630 2509 sua
655 2461 846 2522 sponte
871 2453 1114 2524 recipere
1155 2452 1463 2510 voluerunt.
1491 2451 1617 2509 Hinc
1650 2460 1831 2509 autem
1860 2468 1989 2508 vasa

401 2545 807 2610 misericordiae,
831 2561 937 2602 non
964 2544 1135 2602 solum
1164 2545 1393 2617 populus
1413 2544 1654 2616 gentium
1688 2551 1793 2610 est,
1820 2543 1913 2598 sed
1937 2551 1993 2599 et

401 2632 479 2699 Ιιί,
505 2633 598 2703 qui
636 2649 704 2690 ex
736 2632 939 2690 Judaeis
982 2626 1210 2692 credere
1252 2634 1575 2699 voluerunt,
1617 2642 1675 2689 et
1700 2649 1838 2689 unus
1867 2648 1989 2689 ere.-

401 2725 640 2783 dentium
669 2725 894 2783 ell'ectus
914 2737 1000 2783 est
1032 2726 1278 2799 populus.
1309 2726 1388 2783 Ex
1419 2743 1526 2798 quo
1553 2729 1860 2783 ostenditur
1883 2742 1991 2783 non

397 2825 590 2886 gentes
613 2816 759 2889 eligi,
808 2816 903 2875 sed
938 2819 1216 2875 hominum
1248 2818 1572 2885 voluntates,
1621 2806 1785 2889 atque
1813 2819 1888 2874 ita
1915 2818 1993 2874 fa-

399 2916 550 2962 ctum
580 2917 698 2972 est.
732 2917 791 2963 ut
822 2907 1138 2979 impleretur
1170 2910 1301 2966 illud
1332 2911 1476 2981 quod
1525 2910 1729 2967 dictum
1774 2918 1859 2969 est
1894 2927 2011 2983 per

398 2996 595 3053 Oscam
628 3015 641 3052 :
688 2996 876 3053 Vocavi
902 3016 1005 3054 non
1042 2999 1241 3071 plebem
1283 3018 1452 3056 meam
1480 3042 1496 3067 ,
1540 3001 1741 3073 plebem
1774 3020 1941 3058 meam
1971 3044 1987 3070 ,

400 3090 507 3146 hoc
532 3099 641 3155 est,
672 3085 925 3162 populum
951 3093 1213 3164 gentium,
1237 3102 1292 3148 et
1324 3094 1521 3164 quibus
1569 3095 1722 3166 prius
1765 3095 1987 3152 diceba-

2090 1906 2232 1961 stolo
2251 1920 2466 1978 semper
2492 1908 2802 1978 responderi
2827 1908 3089 1974 videatur,
3114 1908 3268 1963 absit.
3290 1907 3522 1982 (Ambr.)
3538 1907 3675 1976 Quia

2092 2000 2238 2055 enim
2268 2015 2434 2055 unum
2462 1999 2654 2071 diligit,
2687 2007 2741 2056 et
2765 1998 2992 2055 alterum
3024 2000 3159 2065 odit,
3190 2001 3431 2070 nunquid
3463 2000 3541 2054 ait
3568 2000 3673 2054 ini—

2092 2106 2235 2162 quus
2255 2091 2384 2146 est?
2408 2107 2515 2145 non
2544 2090 2722 2161 plane,
2756 2090 2848 2146 sed
2871 2100 3070 2159 justus.
3114 2089 3231 2147 Scit
3256 2090 3401 2146 enim
3430 2089 3559 2160 quid
3590 2088 3674 2145 la-

2092 2180 2203 2237 ciat
2231 2188 2286 2235 et
2315 2196 2417 2236 nec
2445 2181 2850 2236 retractandum
2879 2190 2964 2236 est
2989 2179 3106 2250 ejus
3140 2180 3425 2251 judicium.
3471 2180 3587 2237 Hoc
3621 2180 3677 2235 in

2092 2270 2354 2327 Malachia
2380 2269 2643 2343 propheta
2673 2271 2903 2327 habetur
2931 2289 2944 2326 :
2974 2271 3140 2327 Jacob
3169 2271 3353 2338 dilexi,
3383 2271 3528 2326 Esau
3555 2288 3675 2327 vero

2092 2362 2213 2417 odio
2251 2362 2411 2417 habui
2441 2359 2598 2435 (Mal.
2631 2362 2669 2434 ι)
2696 2379 2712 2428 ;
2739 2364 2844 2418 hoc
2867 2360 2982 2432 jam
3026 2363 3092 2419 de
3119 2359 3331 2419 Iudicio
3360 2361 3514 2428 dicit,
3544 2377 3673 2417 nam

2092 2452 2244 2524 prius
2271 2452 2339 2509 de
2379 2453 2717 2525 praescieutia
2744 2454 2820 2509 ait
2846 2495 2862 2520 ,
2893 2456 3018 2526 quia
3050 2453 3222 2526 major
3252 2454 3436 2510 serviet
3461 2454 3676 2509 minori.

2094 2542 2247 2600 Sicut
2269 2551 2326 2600 et
2349 2543 2416 2599 de
2438 2544 2776 2615 praescientia
2799 2545 3136 2602 Pharaonem
3163 2547 3461 2611 damnavit,
3495 2546 3683 2601 sciens

2093 2649 2152 2691 se
2176 2650 2284 2690 non
2308 2643 2700 2691 correcturum.
2730 2635 3047 2706 Apostolum
3096 2651 3227 2692 vero
3275 2635 3502 2691 Paulum
3542 2651 3668 2706 per-

2091 2734 2405 2796 sequentem
2429 2725 2609 2798 elegit,
2634 2727 2890 2798 prsescius
2915 2727 3101 2797 utique
3124 2726 3270 2798 quod
3289 2725 3502 2782 futurus
3528 2734 3686 2782 esset-

2092 2817 2285 2873 bonus.
2320 2814 2477 2873 Hunc
2511 2830 2641 2888 ergo
2665 2816 2928 2886 praevenit
2965 2825 3094 2872 ante
3132 2825 3347 2888 tempus
3369 2856 3384 2884 ,
3416 2817 3541 2887 quia
3580 2831 3674 2871 ne-

2093 2909 2367 2965 cessarius
2390 2917 2530 2976 erat,
2558 2916 2613 2964 et
2637 2908 2974 2964 Pharaonem
3000 2918 3128 2964 ante
3151 2909 3388 2964 futurum
3412 2909 3687 2979 judicium

2093 2999 2387 3065 damnavit,
2441 3008 2503 3055 ut
2544 3001 2861 3056 crederetur
2902 2998 3264 3069 iudicaturus.
3320 2998 3509 3070 Moysi
3536 3000 3689 3053 enim

2093 3091 2220 3146 dicit
2251 3104 2270 3143 :
2296 3089 2586 3146 Miserebor
2625 3092 2709 3145 cui
2755 3092 2999 3146 misertus
3032 3107 3138 3156 ero,
3168 3100 3215 3144 et
3257 3089 3687 3144 misericordiam-

400 3188 514 3246 tur,
550 3178 676 3236 Non
711 3179 854 3252 plebs
892 3198 1029 3249 mea,
1082 3198 1228 3238 nunc
1270 3191 1533 3239 vocentur
1569 3183 1672 3254 lilii
1716 3184 1815 3240 Dei
1863 3187 1985 3241 vivi.
2017 3170 2064 3232 (ἶ
2098 3185 2380 3255 prwstabo,
2407 3183 2494 3237 cui
2514 3183 2816 3239 miserebor.
2850 3184 2990 3254 Ergo
3020 3182 3321 3249 miserebor,
3341 3182 3535 3251 inquit,
3563 3181 3677 3251 ejus

400 3270 557 3338 Quod
597 3286 667 3327 ne
695 3272 871 3329 solum
912 3273 980 3330 de
1017 3275 1269 3345 gentibus
1299 3275 1480 3332 dicere
1500 3277 1798 3344 videretur,
1822 3278 1988 3336 etiam

401 3364 497 3434 qui
544 3379 610 3419 ex
651 3364 870 3421 lsraelis
905 3365 1247 3423 multitudine
1273 3367 1640 3436 crediderunt,
1668 3385 1795 3426 vasa
1824 3370 1987 3426 mise-

402 3452 649 3509 ricordiae
691 3462 748 3510 et
788 3454 1073 3511 electionis
1110 3454 1362 3527 appellat.
1404 3455 1614 3513 Clamat
1641 3458 1788 3519 enim
1821 3459 1989 3517 Isaias

400 3560 501 3616 pro
525 3543 692 3601 Israel
720 3563 733 3598 :
768 3543 827 3601 Si
868 3545 1026 3613 fuerit
1071 3564 1316 3604 numerus
1354 3547 1588 3617 ﬁliorum
1624 3549 1830 3616 Israel,
1862 3560 1986 3606 tan-

396 3649 555 3705 quam
584 3650 746 3688 arena
776 3635 937 3690 maris
961 3674 977 3703 ,
1030 3635 1261 3708 reliquiis
1308 3638 1469 3694 solum
1523 3639 1659 3709 [iant
1717 3639 1852 3713 (Isa.
1882 3640 1938 3713 ιι)
1969 3682 1984 3709 ,

402 3725 507 3780 hoc
533 3732 640 3792 est,
684 3725 899 3783 etiamsi
956 3727 1246 3784 multitudo
1295 3744 1400 3784 non
1437 3730 1748 3798 crediderit,
1804 3739 1985 3788 tamen

402 3816 559 3886 pauci
600 3818 843 3874 credent.
877 3817 1115 3875 Verbum
1156 3822 1302 3876 enim
1348 3831 1781 3878 consummatum
1823 3833 1987 3895 atque

400 3910 704 3966 breviatum
743 3910 798 3965 in
837 3926 934 3965 sua
968 3911 1112 3967 Deus
1150 3913 1404 3982 aequitate
1445 3913 1702 3980 libravit,
1733 3922 1787 3970 et
1812 3917 1989 3972 humi-

400 4000 572 4066 litate,
603 4008 664 4055 ut
700 4000 1070 4057 incarnatione
1097 4000 1298 4058 Christi
1337 4003 1515 4059 salvos
1559 4004 1781 4072 faceret,
1811 4007 1903 4076 qui
1932 4006 1988 4061 in

398 4104 524 4144 eum
552 4088 775 4146 credere
794 4089 1129 4158 voluissent;
1162 4091 1265 4147 hoc
1298 4091 1473 4162 ipsum
1502 4101 1558 4149 et
1601 4092 1656 4148 in
1709 4094 1816 4150 alio
1864 4095 1985 4151 loco

399 4179 533 4235 dicit
564 4179 732 4236 Isaias
761 4198 775 4234 :
811 4179 932 4235 Nisi
976 4181 1232 4236 Dominus
1259 4181 1493 4240 Sabaoth
1520 4185 1810 4257 reliquisset
1838 4189 1984 4244 nobis

399 4286 593 4337 semen,
613 4271 746 4325 sicut
769 4270 1002 4327 Sodoma
1025 4273 1154 4343 {acti
1179 4291 1426 4343 essemus,
1452 4287 1498 4331 et
1523 4278 1659 4333 sicut
1682 4278 1983 4336 Gomorrha

399 4358 594 4414 similes
622 4358 923 4430 fuissemus.
952 4360 1195 4434 Cumque
1235 4365 1539 4422 testimonia
1571 4370 1939 4438 proposuisset
1965 4410 1981 4435 ,

397 4449 597 4519 quibus
626 4451 824 4523 duplex
844 4455 1057 4511 vocatio
1076 4458 1408 4527 praedicitur,
1432 4466 1488 4515 et
1514 4463 1777 4531 gentium,
1810 4471 1862 4519 et
1887 4480 1983 4536 po-

399 4539 511 4609 puli
549 4539 881 4610 Judaaorum,
927 4547 1123 4602 transit
1159 4549 1227 4604 ad
1274 4551 1637 4608 cohaerentem
1666 4553 1983 4626 diSputatio-

400 4642 625 4698 :cm,et
652 4634 859 4701 idcirco
890 4637 1055 4704 dicit,
1104 4650 1293 4709 gentes
1338 4658 1458 4708 quae
1492 4661 1611 4699 non
1634 4647 1985 4704 sectabantur

392 4720 662 4790 justitiam
695 4728 1172 4798 apprehenderunt
1205 4729 1470 4800 justitiam
1503 4735 1629 4805 quia
1660 4752 1766 4792 non
1793 4753 1981 4808 super-

396 4815 635 4884 bierunt,
664 4820 758 4874 sed
782 4821 837 4875 in
865 4820 1141 4876 Christum
1169 4823 1777 4886 credideruntzlsraelis
1797 4838 1979 4886 autem

399 4921 650 4979 magnam
679 4919 887 4978 partem
933 4912 1056 4967 ideo
1092 4914 1390 4980 corruisse,
1427 4932 1549 4986 quae
1588 4918 1875 4975 oil‘enderit
1920 4921 1978 4976 in

398 4995 629 5067 lapidem
658 4998 969 5056 oll‘cnsionis
1004 5012 1059 5057 et
1106 5011 1313 5074 petram
1357 5007 1613 5070 seandali,
1667 5017 1722 5063 et
1765 5009 1980 5082 ignora-

399 5087 538 5141 verit
575 5085 843 5156 justitiam
879 5091 998 5157 Dei,
1048 5100 1105 5146 et
1148 5107 1396 5164 quaareus
1443 5104 1679 5153 statuere
1712 5097 1980 5166 justitiam

397 5191 573 5242 suam,
595 5175 821 5246 justitite
854 5179 982 5247 Dei,
1020 5183 1110 5252 qui
1144 5190 1227 5238 est
1254 5184 1504 5242 Christus
1527 5227 1545 5254 ,
1573 5186 1763 5259 subjici
1794 5190 1983 5246 nolue-

398 5265 486 5321 rit.
516 5265 650 5338 Legi
684 5268 738 5322 in
767 5270 1091 5340 quibusdam
1136 5275 1541 5331 commentariis
1564 5317 1580 5342 ,
1633 5277 1713 5333 sic
1760 5295 1981 5351 respon-

397 5358 544 5416 disse
570 5360 910 5433 Apostolum,
927 5374 987 5420 ut
1014 5367 1188 5440 magis
1219 5368 1560 5439 implieuerit,
1575 5388 1736 5443 quam
1758 5375 1982 5431 solverit

396 5452 749 5520 qua-stionem
777 5472 791 5507 :
820 5454 897 5510 ait
917 5456 1063 5511 enim
1088 5460 1155 5515 ad
1179 5457 1231 5515 id
1257 5461 1399 5530 quod
1420 5472 1813 5533 proposuerat:
1834 5464 1977 5530 Quid

395 5556 521 5611 ergo
560 5542 828 5599 dicimus?
878 5547 1114 5618 nunquid
1158 5549 1406 5620 iniquitas
1453 5551 1596 5622 apud
1641 5550 1807 5608 Deum
1834 5555 1861 5609 .9
1906 5553 1978 5608 Et

396 5647 502 5687 non
523 5642 600 5688 est
621 5632 839 5690 volentis
865 5653 1028 5708 neque
1056 5641 1315 5695 currentis
1341 5681 1357 5706 ,
1390 5641 1481 5697 sed
1516 5642 1806 5699 miserentis
1834 5644 1936 5700 Dei
1959 5687 1973 5711 ,

394 5734 442 5778 et
469 5724 625 5797 cujus
659 5726 767 5783 vult
792 5730 1101 5801 miseretur,
1140 5743 1185 5788 et
1217 5751 1369 5804 quem
1400 5735 1506 5792 vult
1534 5736 1771 5809 indurat,
1804 5750 1851 5795 et
1890 5756 1977 5796 ro-

2093 3275 2245 3345 eujus
2274 3274 2517 3329 misertus
2546 3291 2658 3340 ero,
2702 3274 2806 3331 hoc
2851 3283 2938 3330 cst
2972 3274 3090 3345 ejus
3136 3274 3472 3337 miserebor,
3525 3271 3680 3342 cujus

2090 3366 2351 3436 prmscius
2383 3382 2555 3432 eram,
2585 3367 2727 3438 quod
2758 3368 3184 3424 misericordiam
3226 3370 3450 3424 daturus
3476 3382 3677 3433 essem,

2091 3460 2271 3516 sciens
2297 3476 2688 3518 conversurum
2715 3460 2864 3517 illum
2888 3471 2941 3517 et
2964 3476 3381 3532 permansurum
3405 3461 3544 3530 apud
3567 3476 3673 3526 me,

2088 3560 2137 3605 et
2173 3553 2589 3606 misericordiam
2616 3551 2871 3623 pra’stabo
2894 3552 2964 3617 ei,
2987 3553 3071 3607 eui
3101 3551 3516 3606 misericordiam
3537 3567 3673 3622 pra:—

2088 3644 2292 3709 stitero,
2317 3643 2369 3698 id
2396 3651 2501 3708 est,
2544 3643 2592 3697 ei
2616 3642 3041 3699 misericordiam
3079 3644 3433 3714 daho,.quem
3461 3642 3677 3713 praescii

2089 3739 2211 3802 post
2235 3745 2476 3787 errorem
2522 3739 2672 3786 recto
2714 3732 2878 3787 corde
2913 3746 3257 3786 reversurum
3306 3731 3374 3785 ad
3424 3747 3532 3795 me,
3576 3732 3678 3786 hoc

2089 3832 2192 3888 est,
2224 3822 2356 3877 dare
2401 3821 2510 3889 illi,
2541 3822 2627 3877 cui
2653 3821 2889 3876 dandum
2922 3831 3037 3887 est,
3079 3836 3251 3890 neque
3277 3820 3410 3876 dare
3465 3820 3562 3885 illi,
3591 3822 3676 3875 cui

2089 3911 2325 3966 dandum
2354 3926 2459 3966 non
2485 3919 2605 3976 est,
2625 3920 2832 3966 u’t‘eum
2866 3921 3023 3966 vocet
3047 3927 3208 3982 quem
3235 3910 3671 3975 sciat'obaudirc,

2088 4003 2239 4058 illum
2288 4014 2481 4060 autem-
2511 4020 2619 4060 non
2656 4012 2833 4069 vocet,
2860 4019 3020 4075 quem
3065 4003 3204 4059 sciat
3250 4001 3469 4059 minime
3499 4004 3673 4059 obau—

2089 4092 2238 4161 dire;
2270 4110 2466 4150 vocare
2511 4104 2693 4151 autem
2734 4103 2840 4161 est,
2884 4110 2992 4151 non
3019 4110 3261 4167 pugnare
3297 4095 3366 4151 ad
3407 4096 3676 4167 recipien-

2089 4188 2210 4242 dam
2239 4185 2417 4242 iidem.
2449 4185 2793 4259 (Aug.)-Hiuc
2820 4188 3123 4242 ostenditur
3147 4203 3250 4242 non
3272 4186 3672 4256 esseiniquita-

2088 4286 2198 4334 tem
2239 4278 2379 4350 apud
2420 4278 2612 4345 Deum,
2640 4281 2781 4349 quod
2808 4287 3033 4351 possunt
3060 4279 3239 4335 dicere
3264 4278 3484 4351 quidam
3506 4319 3521 4345 ,
3545 4294 3669 4335 cum

2088 4369 2315 4425 audiunt
2339 4381 2660 4442 {antequam
2693 4381 3050 4439 nascerentur,
3078 4371 3245 4426 Iacob
3289 4370 3474 4438 dilexi,
3525 4369 3673 4426 Esau

2086 4473 2262 4517 autem
2296 4462 2418 4519 odio
2448 4463 2627 4518 habui.
2683 4461 2989 4531 Miserebor,
3042 4464 3250 4536 inquit,
3295 4466 3382 4520 cui
3426 4466 3670 4521 misertus

2086 4574 2197 4611 ero.
2251 4556 2435 4613 Primo
2482 4556 2624 4613 enim
2675 4557 2930 4614 misertus
2984 4568 3066 4614 est
3120 4560 3288 4614 nostri
3328 4558 3490 4625 Deus,
3546 4574 3667 4615 eum

2088 4657 2405 4720 peccatores
2446 4663 2693 4704 essemus
2728 4659 2787 4703 ut
2829 4659 3069 4705 vocaret.
3117 4649 3225 4707 Cui
3259 4666 3386 4723 ergo
3415 4651 3670 4706 misertus

2086 4755 2202 4803 ero,
2246 4738 2441 4810 inquit,
2489 4748 2546 4793 ut
2590 4754 2713 4794 eum
2746 4754 2952 4807 vocem,
2998 4740 3302 4796 miserebor
3338 4740 3513 4796 adhuc
3551 4738 3668 4808 ejus

2087 4843 2210 4884 cum
2244 4828 2552 4885 crediderit.
2580 4827 2858 4897 Quomodo
2884 4839 3063 4886 autem
3102 4831 3277 4887 adhuc
3301 4832 3333 4884 ἲ·
3350 4831 3453 4886 nisi
3494 4840 3553 4884 ut
3576 4831 3666 4886 det

2086 4922 2327 4977 credenti
2350 4931 2406 4977 et
2431 4924 2632 4993 petenti
2657 4922 2917 4995 Spiritum
2945 4934 3192 4980 sanctum
3214 4924 3240 4979 ?
3265 4940 3372 4995 quo
3405 4925 3530 4981 dato
3558 4924 3663 4979 mi-

2085 5013 2434 5068 sericordiam
2461 5013 2740 5084 praestabit
2763 5015 2849 5071 cui
2896 5015 3148 5091 misertus
3179 5013 3363 5081 fuerit,
3392 5014 3445 5068 id
3467 5022 3572 5078 est,
3606 5022 3665 5069 ut

2087 5100 2250 5157 faciat
2291 5118 2414 5157 eum
2445 5104 2850 5160 misericordem
2875 5121 2982 5174 quo
3016 5107 3152 5161 bona
3175 5107 3346 5176 possit
3385 5121 3480 5177 per
3529 5107 3660 5161 dile-

2086 5191 2317 5246 ctionem
2345 5193 2578 5262 operari.
2628 5192 2796 5248 Nemo
2822 5211 2952 5265 ergo
2995 5195 3099 5251 sibi
3145 5197 3341 5252 audeat
3378 5197 3614 5252 tribucre
3642 5237 3658 5257 .

2084 5284 2228 5353 quod
2255 5283 2680 5340 misericorditer
2700 5295 2976 5357 operatur,
3003 5288 3127 5358 quia
3156 5289 3295 5345 Deus
3316 5288 3389 5345 illi
3421 5304 3517 5362 per
3540 5288 3663 5362 Spi-

2087 5376 2250 5429 ritum
2292 5383 2539 5432 sanctum
2586 5377 2735 5433 dedit
2773 5379 3146 5447 dilectionem,
3197 5383 3315 5438 sine
3353 5398 3459 5455 qua
3499 5397 3661 5439 nemo

2085 5474 2263 5535 potest
2301 5482 2421 5523 esse
2451 5468 2780 5524 misericors.
2813 5469 2928 5525 Non
2975 5488 3106 5543 ergo
3133 5474 3297 5544 elegit
3341 5474 3483 5529 Deus
3522 5473 3663 5530 bene

2084 5566 2390 5627 operantes,
2420 5559 2515 5614 sed
2560 5557 2846 5615 credentes
2893 5564 3075 5631 potius
3100 5603 3115 5630 ,
3144 5572 3203 5617 ut
3248 5564 3360 5634 ipse
3403 5564 3523 5619 illos
3573 5565 3657 5619 fa—

2082 5649 2190 5704 ciat
2210 5650 2347 5705 bene
2371 5651 2605 5722 operari.
2635 5649 2886 5707 Nostrum
2910 5655 3053 5710 enim
3080 5664 3161 5709 est
3182 5657 3402 5712 credere
3422 5665 3477 5711 et
3502 5657 3660 5720 velle,

2084 5739 2226 5797 illius
2272 5750 2452 5798 autem
2489 5742 2618 5800 dare
2644 5744 2987 5803 credentibus
3024 5758 3076 5803 et
3100 5747 3403 5806 volentibus
3430 5748 3659 5803 laculla-
