4026 6180
493 328 618 380 Mill

1119 324 1177 379 Β.
1221 324 1468 380 RABANI
1504 324 1720 382 MAURI
1759 323 2077 381 ARCillEP.
2119 318 2424 381 MOGUNT.
2456 320 2738 380 OPERUM
2771 320 2948 377 PARS
2985 321 3071 376 lli.

3532 326 3636 381 ΗΜ.

489 454 594 497 tetu
613 441 750 496 bene
769 438 1026 509 operandi
1048 453 1146 508 per
1167 437 1430 508 Spiritum
1462 447 1731 501 sanctum,
1765 451 1860 507 per
1889 451 2049 507 quem
2078 438 2130 497 Α
2155 436 2452 492 custodiunt
2518 451 2632 489 eam
2700 433 2894 506 (Paul.
2951 446 3114 488 cxxvt
3137 429 3178 499 ).
3243 429 3298 485 in
3351 446 3441 502 quo
3493 446 3641 491 osten-

487 534 723 589 charttas
765 530 863 588 Dei
904 529 1221 586 diffunditur
1252 533 1304 588 in
1332 528 1584 586 cordibus
1623 530 1844 596 nostris,
1875 536 1935 585 ut
1958 545 2058 585 nos

486 623 864 680 misericordes
901 620 1118 676 efficiat.

556 713 730 782 Igitur
763 729 866 765 non
903 711 1114 764 volentis
1133 750 1147 775 ,
1174 728 1333 781 neque
1357 709 1628 774 currentis,
1656 709 1746 764 sed
1767 710 2056 764 miserentia

486 813 560 858 est
587 803 697 856 Dei.
717 800 939 874 (Ambr.)
958 801 1280 870 Recte,quia
1298 815 1404 855 non
1431 799 1484 854 in
1507 799 1780 854 voluntate
1802 799 2054 868 petentis,

488 896 581 950 sed
609 896 661 949 in
702 894 882 949 dantis
915 893 1141 948 arbitrio
1169 892 1328 946 debet
1358 907 1499 956 esse,
1523 890 1664 961 quod
1691 889 1960 960 poscitur;
1987 904 2054 943 an

487 987 630 1042 enim
659 985 889 1040 dandum
929 983 997 1039 sit
1025 984 1203 1038 dantis
1229 983 1386 1038 debet
1405 982 1607 1052 judicio
1635 981 1874 1050 pensari.
1922 979 2059 1034 Nam

490 1075 619 1134 Saul
641 1091 889 1145 peccans,
923 1090 1046 1129 cum
1086 1073 1311 1143 petisset
1345 1071 1576 1136 veniam,
1599 1086 1702 1124 non
1725 1071 1975 1140 accepit;
2004 1077 2060 1124 at

487 1177 674 1224 contra
712 1166 877 1220 David
927 1179 1184 1236 peccans,
1211 1170 1267 1216 et
1297 1161 1501 1232 ignosci
1527 1160 1626 1214 sibi
1659 1159 1934 1228 postulans
1963 1175 2056 1212 ve-

487 1259 632 1313 niam
674 1267 992 1313 consecutus
1018 1263 1129 1320 est;
1167 1269 1234 1308 ex
1276 1254 1378 1307 hoc
1417 1253 1601 1322 utique
1630 1251 1809 1306 dantis
1852 1250 1980 1316 Dei,
2006 1259 2062 1306 et

488 1365 593 1404 non
638 1348 815 1404 dantis
848 1346 1110 1415 judicium
1139 1343 1473 1414 sequendum
1511 1351 1624 1407 est,
1667 1341 1792 1408 quia
1842 1357 1948 1397 non
1980 1342 2061 1396 in-

482 1438 626 1508 juste
658 1437 901 1506 judicat,
925 1435 1015 1505 qui
1058 1449 1246 1490 omnes
1283 1433 1458 1488 salvos
1487 1432 1602 1486 vult
1648 1431 1764 1487 ﬁeri
1806 1439 2060 1487 manente

483 1527 714 1595 justitia.
743 1527 1015 1594 lnspector
1036 1524 1180 1578 enim
1207 1523 1384 1577 cordis
1411 1522 1512 1577 scit
1543 1530 1813 1591 petentem
1856 1536 1924 1574 an
1959 1521 2062 1576 hac

488 1627 673 1672 mente
721 1624 910 1687 poscat
958 1623 1019 1669 ut
1061 1622 1340 1668 mereatur
1381 1613 1626 1681 accipere
1664 1653 1678 1675 ,
1723 1622 1779 1667 et
1813 1611 2061 1681 quamvis

489 1713 849 1784 periculosum
892 1713 962 1767 sit
995 1710 1255 1780 judicium
1304 1709 1397 1765 Dei
1455 1708 1765 1763 discernere
1819 1725 1832 1760 :
1879 1715 2059 1763 tamen

2158 526 2259 592 dit,
2286 540 2392 582 non
2419 525 2546 597 quia
2590 524 2667 589 is,
2709 526 2801 593 qui
2847 523 3062 578 domum
3092 519 3313 575 aedificat
3335 522 3448 580 nihil
3465 533 3584 594 agat,
3601 536 3645 583 et

2157 617 2364 673 otiosus
2391 617 2482 681 sit,
2511 622 2566 670 et
2594 615 2673 670 ita
2700 629 2820 668 eam
2851 611 3081 667 aediﬁcet
3122 612 3403 677 Dominus,
3442 615 3522 669 sed
3555 617 3645 685 ipse

2158 706 2400 778 quidem,
2425 713 2685 776 quantum
2712 712 2794 758 est
2821 703 2876 756 in
2909 701 3144 765 homine,
3167 699 3504 757 sollicitudinis
3525 711 3567 757 et
3586 704 3644 758 la-

2159 796 2305 852 boris
2325 796 2608 867 expendat,
2637 793 2730 848 Dei
2760 792 2832 847 sit
2855 800 3058 854 autem,
3085 799 3145 844 ut
3165 790 3433 846 obstaculis
3453 792 3648 847 omnibus

2161 887 2375 952 amotis,
2417 900 2554 956 opus
2582 884 2861 956 perveniat
2901 882 2967 936 ad
3000 880 3264 936 effectum.
3295 879 3416 935 Cum
3439 895 3545 950 ergo
3580 897 3650 951 per

2161 980 2262 1034 hoc
2282 979 2556 1042 doceatur,
2593 975 2736 1046 quod
2760 975 2921 1029 homo
2947 970 3165 1042 quidem
3193 971 3414 1026 laborem
3437 973 3654 1043 impendat

2107 1066 2109 1069 ’
2159 1078 2214 1124 et
2241 1067 2678 1133 sollicitudinem,
2704 1065 2846 1120 Deus
2876 1073 3059 1119 autem
3089 1077 3386 1119 successum
3418 1065 3544 1132 operi
3578 1066 3651 1118 tri-

2159 1159 2293 1215 buat
2339 1168 2395 1214 et
2444 1157 2690 1214 effectum
2716 1197 2732 1222 ,
2768 1157 2915 1227 pium
2957 1156 3147 1226 utique
3190 1164 3243 1210 et
3294 1155 3559 1224 religiosum
3593 1168 3657 1211 est

2162 1249 2281 1304 ideo
2329 1248 2535 1304 homini
2583 1247 2725 1317 quod
2757 1247 2809 1302 in
2851 1261 2912 1300 se
2955 1253 3038 1300 est
3067 1245 3266 1314 operis,
3313 1259 3545 1298 summam
3576 1245 3658 1299 Deo

2161 1339 2335 1410 magis
2369 1353 2531 1410 quam
2568 1336 2773 1392 homini
2823 1325 3103 1406 deputare.
3152 1333 3240 1390 Sic
3275 1343 3326 1390 et
3359 1350 3465 1390 cum
3503 1334 3658 1390 Paulus

2161 1429 2470 1498 plantabat,
2511 1436 2566 1481 et
2601 1425 2791 1496 Apollo
2816 1426 3030 1494 rigabat
3052 1465 3066 1489 ,
3110 1425 3248 1479 Deus
3274 1423 3392 1478 dare
3419 1423 3658 1477 diciturin-

2163 1527 2520 1582 crementum,
2553 1523 2610 1572 et
2648 1513 2882 1580 additur,
2930 1515 3108 1583 itaque
3158 1529 3314 1583 neque
3353 1512 3432 1582 qui
3459 1511 3658 1582 plantat,

2163 1625 2325 1680 neque
2351 1608 2438 1678 qui
2467 1607 2621 1676 rigat,
2655 1618 2726 1659 est
2755 1601 2974 1676 aliquid,
3005 1603 3097 1657 sed
3126 1605 3212 1674 qui
3241 1604 3566 1656 incrementum
3591 1600 3658 1652 dat

2171 1698 2304 1753 Deus
2339 1696 2389 1769 (ι
2417 1696 2538 1752 Cor.
2572 1697 2677 1766 ιιι).
2729 1697 2804 1751 ita
2847 1709 2976 1765 ergo
3021 1695 3185 1748 etiam
3227 1691 3277 1746 in
3316 1691 3533 1762 praesenti
3573 1690 3660 1744 loco

489 1773 708 1876 propter
761 1802 1100 1867 diffidentes,
1141 1810 1194 1857 et
1254 1810 1313 1856 ut
1355 1816 1505 1855 mens
1557 1815 1741 1855 eorum
1798 1799 2064 1854 medelam

2107 1773 2139 1834 Β
2167 1803 2452 1862 possumus
2467 1787 2673 1842 dicere:
2690 1783 2873 1854 Itaque
2897 1798 3074 1853 neque
3093 1781 3183 1852 qui
3205 1781 3382 1846 currit,
3396 1788 3468 1835 est
3486 1778 3660 1848 aliquid,

491 1897 744 1966 consequi
776 1895 967 1965 possit,
1011 1909 1078 1948 ne
1118 1902 1307 1963 putent
1343 1892 1607 1963 judicium
1640 1892 1734 1946 Dei
1763 1890 2017 1960 injustum
2049 1930 2065 1957 ,

492 1989 732 2044 dicentes
771 2004 785 2040 :
812 2001 977 2040 unum
1001 1994 1159 2040 vocat
1185 1994 1236 2040 et
1267 1984 1498 2041 alterum
1535 1985 1789 2056 negligit,
1814 1985 1893 2041 sic
1923 1982 2068 2039 arbi-

493 2087 702 2132 trantes
747 2077 997 2132 excusari
1058 2091 1217 2146 posse
1259 2075 1590 2130 damnandos
1640 2093 1652 2128 :
1703 2075 1868 2130 rebus
1924 2074 2066 2129 istud

489 2169 671 2240 potius
723 2169 1015 2238 probemus
1055 2181 1218 2236 quam
1274 2165 1488 2232 verbis;
1536 2165 1627 2220 ubi
1680 2165 1824 2220 enim
1884 2178 2066 2219 rerum

493 2268 767 2332 gestarum
796 2258 1041 2328 exempla
1066 2266 1191 2312 sunt
1217 2298 1229 2322 ,
1262 2271 1419 2312 nemo
1461 2256 1620 2311 audet
1646 2256 1818 2324 queri,
1849 2269 1949 2311 nec
1973 2254 2070 2310 ali-

492 2367 654 2422 quam
696 2350 1097 2406 excusationem
1127 2348 1437 2404 obtendere.
1479 2348 1594 2402 Duo
1623 2348 1874 2413 fuerunt,
1901 2347 2069 2402 David

495 2451 550 2498 et
596 2440 746 2508 Saul,
799 2439 1138 2510 requiramus
1185 2438 1460 2503 historias,
1504 2437 1677 2507 qualis
1705 2437 2070 2507 unusquisque

492 2547 680 2588 eorum
725 2539 972 2601 repertus
1008 2529 1078 2584 sit
1127 2537 1248 2600 post
1295 2526 1554 2596 judicium
1594 2527 1712 2594 Dei,
1750 2528 1811 2581 ut
1847 2527 1890 2582 si
1941 2526 2070 2582 Saui

492 2625 632 2680 bene
678 2637 737 2679 se
776 2623 950 2694 egisse
976 2662 992 2688 ,
1020 2629 1307 2692 postquam
1340 2619 1768 2676 misericordiam
1813 2633 1919 2674 non
1974 2633 2069 2673 ac-

495 2717 660 2788 cepit,
697 2719 976 2789 probetur,
1000 2717 1282 2787 injustum,
1315 2717 1456 2787 quod
1492 2716 1654 2782 absit,
1678 2715 1772 2771 Dei
1807 2713 2072 2784 judicium

497 2809 854 2875 arbitremur;
905 2818 1000 2863 aut
1051 2809 1096 2863 si
1145 2807 1338 2874 David,
1378 2813 1597 2878 accepta
1655 2803 2070 2870 misericordia,

497 2898 665 2955 Dcunt
694 2901 1086 2970 contempsisse
1119 2899 1442 2965 inveniatur,
1483 2914 1548 2952 an
1580 2897 1633 2952 in
1661 2910 1726 2952 eo
1760 2895 2064 2961 manserit,

497 2993 553 3046 in
601 3007 708 3061 quo
744 2990 1168 3046 misericordiam
1216 2995 1540 3044 consecutus
1577 2995 1695 3051 est,
1742 2992 1828 3049 et,
1856 2991 1917 3038 ut
1950 2991 2074 3038 utar

495 3082 836 3151 compendio,
867 3089 1094 3152 uterque
1129 3080 1506 3135 necessitatem
1537 3092 1729 3147 passus
1767 3083 1852 3130 est
1880 3074 2068 3145 regni;

2165 1895 2341 1950 neque
2369 1878 2462 1949 qui
2492 1877 2622 1941 vult,
2655 1875 2750 1932 sed
2773 1875 2863 1946 qui
2896 1873 3147 1929 effectum
3172 1871 3261 1926 dat
3284 1871 3428 1925 Deus.
3454 1868 3537 1935 Qui
3555 1869 3660 1922 enim

2164 1969 2278 2024 vult
2314 1975 2369 2024 et
2407 1967 2499 2038 qui
2539 1965 2747 2030 currit,
2794 1964 2894 2018 hoc
2923 1962 3143 2017 videtur
3183 1974 3299 2016 esse
3338 1959 3462 2029 quod
3494 1966 3560 2012 est
3597 1955 3662 2009 ille

2165 2059 2255 2128 qui
2286 2057 2489 2128 plantat
2535 2063 2590 2111 et
2623 2054 2710 2110 ille
2761 2053 2853 2123 qui
2891 2052 3054 2125 rigat,
3098 2050 3194 2106 sed
3245 2064 3360 2105 eum
3403 2046 3481 2118 qui
3507 2045 3663 2116 plantat

2166 2159 2220 2207 et
2257 2165 2381 2205 eum
2415 2149 2508 2219 qui
2554 2147 2694 2218 rigat
2744 2145 2877 2200 nihil
2912 2159 3036 2199 esse
3089 2143 3216 2198 dicit
3265 2139 3546 2212 Apostolus;
3583 2151 3662 2190 non

2165 2239 2310 2310 quod
2367 2237 2502 2295 nihil
2567 2243 2766 2308 agant,
2815 2234 2910 2290 sed
2964 2233 3110 2304 quod
3166 2231 3232 2286 ad
3289 2229 3660 2300 comparationem

2170 2328 2287 2397 Déi,
2319 2329 2412 2401 qui
2460 2329 2855 2386 incrementum
2908 2327 3002 2381 dat
3049 2323 3200 2395 aperi
3243 2321 3322 2376 vel
3359 2319 3584 2383 effectum,
3606 2316 3660 2372 illi

2169 2424 2306 2481 nihil
2333 2436 2453 2478 esse
2479 2422 2766 2476 ducantur.
2791 2416 2992 2492 (Cum)
3024 2415 3310 2471 Evidenter
3333 2412 3556 2482 probatur
3576 2423 3665 2480 gra-

2173 2515 2304 2570 tiam
2343 2513 2438 2569 Dei
2470 2527 2533 2567 ac
2558 2497 2988 2567 misericordiam
3019 2520 3232 2576 semper
3266 2503 3458 2574 aperari
3485 2501 3528 2556 in
3548 2499 3662 2554 nobis

2171 2620 2237 2661 ea
2275 2619 2396 2675 quae
2429 2601 2569 2657 bona
2598 2607 2746 2667 sunt,
2790 2615 2896 2670 qua
2932 2597 3223 2653 deserente
3259 2593 3380 2648 nihil
3413 2591 3564 2645 valere
3583 2597 3665 2643 stu-

2171 2694 2318 2749 dium
2368 2690 2665 2747 laborantis
2692 2730 2706 2756 ,
2755 2697 2810 2744 et
2855 2685 3254 2758 quantumlibet
3297 2683 3446 2738 animi
3495 2678 3664 2734 nitentis

2171 2783 2492 2840 industriam
2553 2782 2672 2837 sine
2737 2771 2910 2852 ipsius
2957 2778 3160 2833 iterum
3227 2773 3474 2846 adiutorio
3513 2779 3665 2825 statum

2170 2873 2458 2944 pristinum
2489 2879 2815 2941 recuperare
2856 2883 2961 2923 non
2992 2881 3177 2938 posse,
3201 2863 3422 2935 illudque
3457 2857 3665 2927 nobisju-

2171 2965 2311 3036 giter
2359 2963 2639 3034 adimpleri
2671 2980 2684 3016 :
2719 2980 2737 3012 ι
2765 2976 2870 3016 non
2923 2959 3180 3025 volentis,
3217 2972 3381 3027 neque
3415 2951 3661 3014 currentis,

2172 3055 2268 3111 sed
2307 3054 2614 3110 miserentis
2637 3060 2720 3108 est
2742 3052 2858 3118 Dei,
2879 3070 2898 3104 ι
2930 3065 3055 3121 qua:
3087 3049 3253 3120 gratia
3295 3056 3612 3113 nonnunquam
3644 3052 3666 3093 e

497 3183 554 3228 et
592 3133 793 3244 qruanta
841 3173 943 3228 fuit
987 3133 1280 3228 necessitas
1309 3170 1496 3234 David,
1531 3133 1592 3223 ut
1611 3169 1750 3224 filius
1775 3165 1891 3236 ejus
1916 3133 2074 3220 νὶιιει
2100 3136 2144 3198 C
2175 3144 2449 3244 οοηῑτξξτίρ
2479 3143 2811 3215 negligentes
2846 3141 3209 3244 θίξῒεείξιυῑίξε
3234 3137 3541 3244 ius???”
3561 3133 3665 3232 hac}

498 3262 648 3317 iliutn
679 3277 844 3334 regno
873 3263 1126 3332 privare!
1171 3261 1227 3316 in
1256 3277 1361 3330 qua
1404 3259 1725 3315 necessitate
1754 3256 1887 3311 flens
1931 3254 2075 3308 nudo

499 3355 632 3425 pede
669 3354 773 3408 iter
798 3351 1050 3417 faciebat,
1074 3360 1131 3406 ut
1155 3351 1364 3422 fugeret
1403 3366 1494 3405 rex
1530 3357 1584 3403 et
1618 3348 1724 3403 dux
1749 3345 1931 3417 populi
1955 3343 2071 3409 Dei,

504 3446 557 3499 in
589 3453 796 3500 tantum
828 3443 1160 3509 humiliatus,
1203 3450 1263 3497 ut
1319 3449 1374 3496 et
1421 3440 1473 3494 in
1513 3439 1701 3497 faciem
1755 3436 1856 3492 sibi
1909 3449 2067 3490 servo

507 3550 606 3589 suo
635 3533 977 3590 malediccnti
1007 3549 1111 3588 non
1142 3533 1511 3602 responderet,
1551 3538 1610 3584 ut
1637 3544 1732 3600 per
1758 3526 2074 3597 patientiam

505 3626 674 3682 Deum
704 3626 808 3681 sibi
838 3626 1125 3696 pr0pitium
1171 3624 1394 3689 faceret,
1417 3639 1513 3694 per
1535 3636 1695 3692 quem
1725 3634 1948 3690 regnum
1975 3617 2076 3673 sibi

504 3717 1014 3773 erediditreservari
1034 3734 1045 3769 :
1068 3716 1193 3772 Saui
1226 3724 1403 3770 autem
1433 3703 1606 3768 nec-in
1635 3709 1726 3766 tali
1754 3709 2078 3766 necessitate

505 3808 776 3872 inventus,
798 3807 925 3878 quia
951 3806 1124 3876 majus
1154 3805 1354 3861 malum
1390 3813 1473 3860 cst
1498 3802 1812 3859 intestinum
1839 3800 2036 3856 bellum
2061 3840 2076 3863 ,

506 3914 669 3970 quam
696 3906 1014 3962 externum,
1041 3899 1261 3968 insuper
1284 3911 1425 3966 {egre
1454 3895 1655 3960 ferens,
1683 3893 1808 3964 quia
1832 3891 1997 3947 semel
2025 3899 2079 3945 et

507 3993 704 4048 iterum
735 4006 840 4047 non
867 3991 939 4046 sit
967 3991 1199 4056 auditus,
1230 4006 1351 4044 cum
1385 3996 1526 4044 esset
1554 3987 1824 4057 indignus,
1878 3999 1980 4039 nec
2023 3983 2077 4038 in

506 4100 665 4155 prece
677 4085 930 4156 perstitit,
945 4092 1006 4138 ut
1024 4083 1274 4139 meritum
1297 4082 1398 4136 sibi
1421 4081 1642 4144 faceret,
1662 4093 1758 4149 per
1772 4078 1912 4149 quod
1935 4083 2082 4131 esset

508 4179 718 4250 dignus,
751 4180 846 4236 sed
878 4179 1166 4249 impatiens
1200 4184 1256 4231 et
1301 4177 1367 4231 de
1413 4175 1505 4230 Dei
1525 4173 1729 4243 judicio
1751 4171 2076 4240 indignatus,

511 4271 578 4325 ab
609 4270 764 4326 idolis
796 4285 914 4341 quin
948 4269 1098 4338 prius
1141 4267 1288 4322 velut
1324 4265 1523 4320 nullius
1571 4261 1828 4318 momenti
1857 4261 2080 4316 damna-

508 4370 685 4426 verat,
707 4362 964 4416 auxilium
985 4358 1284 4430 requisivit.
1310 4357 1448 4412 Ecce
1463 4356 1666 4427 justum
1681 4367 1801 4408 esse
1816 4349 2079 4420 judicium

509 4454 859 4526 pta-sciantur:
906 4454 1000 4508 Dei
1044 4453 1204 4506 etiam
1236 4449 1559 4512 nolentibus,
1594 4445 1936 4502 manifestum
1975 4448 2076 4497 est.
2107 4481 2158 4541 Β

517 4543 698 4614 (Αυθ.)
751 4543 900 4610 Quod
943 4553 1121 4596 autem
1163 4541 1280 4595 ait:
1311 4540 1484 4610 Igitur
1535 4553 1635 4591 non
1670 4535 1882 4590 volentis
1919 4547 2079 4602 neque

511 4634 796 4698 currentis,
841 4632 931 4686 sed
960 4632 1249 4684 miserantis
1291 4639 1365 4682 est
1396 4627 1512 4692 Dei,
1556 4641 1660 4680 non
1692 4623 1827 4679 tollit
1851 4621 2076 4677 liberum

512 4724 795 4779 arbitrium
822 4763 838 4788 ,
894 4721 988 4778 sed
1024 4737 1128 4776 non
1173 4719 1417 4775 sufﬁcere
1455 4718 1584 4772 dicit
1619 4715 1754 4769 velle
1793 4722 2033 4768 nostrum
2063 4752 2078 4776 ,

512 4817 618 4872 nisi
648 4815 867 4887 adjuvet
901 4815 1040 4870 Deus
1066 4854 1082 4879 ,
1132 4810 1510 4867 misericordes
1561 4823 1658 4863 nos
1707 4805 1980 4862 efficiendo
2012 4805 2078 4859 ad

511 4908 651 4964 bene
683 4908 1014 4976 operandum
1041 4945 1058 4971 ,
1110 4918 1205 4973 per
1255 4902 1455 4957 donum
1493 4899 1724 4969 Spiritus
1769 4896 1960 4951 sancti.
1996 4894 2078 4950 Ad

516 4999 618 5054 hoc
646 4996 888 5054 referens
915 4998 1056 5068 quod
1087 4993 1336 5064 superius
1361 4991 1492 5047 dicit
1525 5008 1538 5044 :
1573 4988 1858 5042 Miserebor
1883 4986 1968 5046 cui
1986 4985 2084 5039 mi-

513 5102 679 5146 sertus
723 5107 834 5155 ero,
878 5098 926 5143 et
962 5086 1374 5142 misericordiam
1401 5082 1657 5153 prmstabo
1680 5079 1764 5133 cui
1794 5078 2085 5131 misericors

517 5183 684 5250 luero.
716 5181 850 5249 Quia
882 5195 1056 5248 neque
1086 5177 1218 5232 velle
1246 5189 1534 5246 possumus
1557 5213 1572 5237 ,
1603 5170 1704 5225 nisi
1732 5183 2003 5232 vocemur,
2032 5176 2087 5220 et

515 5285 637 5324 cum
681 5278 801 5340 post
845 5270 1180 5324 vocationem
1225 5265 1576 5328 voluerimus,
1618 5277 1722 5316 non
1753 5257 1947 5314 sufficit
1988 5271 2084 5311 vo-

516 5359 911 5425 luntasnostra,
927 5368 1183 5414 etcursus
1205 5366 1410 5420 noster,
1429 5354 1530 5409 nisi
1557 5353 1698 5407 Deus
1725 5359 1779 5404 et
1797 5349 1940 5402 vires
1965 5362 2088 5402 cur-

517 5453 755 5508 rentibus
786 5453 1020 5523 praebeat
1043 5460 1097 5506 et
1122 5449 1383 5520 perducat
1405 5461 1510 5515 quo
1529 5452 1704 5507 vocat,
1731 5439 1924 5514 (Orig.)
1950 5439 2090 5494 sicut

519 5548 574 5593 et
605 5539 769 5595 David
798 5543 926 5597 dicit
953 5543 1003 5596 in
1033 5540 1240 5612 psalmo
1271 5553 1284 5590 :
1321 5533 1440 5590 Nisi
1466 5534 1720 5588 Dominus
1750 5529 2087 5598 wdiﬁcaverit

518 5632 749 5694 domum,
784 5634 836 5685 in
882 5649 1068 5686 vanum
1111 5631 1351 5684 laborant
1386 5626 1475 5696 qui
1510 5625 1772 5692 aediﬁcant
1801 5636 1934 5673 eam.
1970 5618 2090 5672 Nisi

523 5719 776 5778 Dominus
811 5723 1108 5776 custodierit
1137 5721 1414 5784 civitatem,
1461 5717 1512 5770 in
1541 5716 1730 5770 vanum
1760 5709 1974 5782 vigilant
2001 5706 2090 5780 qui

2175 3247 2293 3306 quae
2319 3235 2533 3299 dicitur,
2558 3243 2765 3299 sancta,
2793 3241 2848 3288 et
2881 3231 3214 3286 abundantia
3249 3225 3532 3300 spiritalium
3555 3220 3666 3292 cogi-

2177 3326 2460 3391 tationum,
2489 3325 2708 3381 visitare
2732 3339 2838 3379 non
2870 3323 3073 3391 renuit,
3102 3323 3194 3378 sed
3225 3314 3662 3390 inspiratindignos,

2174 3427 2230 3474 et
2251 3417 2477 3474 suscitat
2504 3417 2854 3482 dormientes,
2893 3423 2950 3470 et
2984 3414 3254 3469 illuminat
3293 3407 3566 3483 ignorantiae
3589 3416 3666 3455 caa-

2175 3507 2341 3563 citate
2378 3520 2690 3578 possessas,
2734 3504 3140 3574 clementerque
3186 3517 3283 3557 nos
3329 3497 3514 3569 arguit,
3544 3499 3666 3559 at‘lne

2177 3599 2428 3669 castigat,
2461 3595 2749 3651 infundens
2775 3610 2834 3652 se
2862 3594 3119 3649 cordibus
3143 3592 3356 3656 nostris,
3382 3595 3434 3643 ut
3451 3583 3519 3640 vel
3543 3583 3604 3638 sic
3620 3579 3668 3632 de

2178 3690 2387 3746 inertia:
2435 3703 2625 3743 somno
2664 3685 3085 3756 compunctione
3125 3685 3289 3756 ipsius
3325 3674 3530 3747 instigati
3569 3686 3666 3726 con-

2178 3795 2401 3852 surgere
2426 3793 2801 3850 provoeemur.
2832 3776 3077 3844 Denique
3107 3774 3403 3844 frequenter
3425 3767 3556 3823 etiam
3574 3761 3669 3815 odo-

2181 3870 2330 3928 ribus
2354 3870 2496 3926 ultra
2520 3883 2736 3925 onmem
2765 3867 3090 3923 suavitatem
3131 3858 3502 3934 compositionis
3525 3855 3667 3909 huma-

2180 3978 2264 4017 na:
2291 3960 2348 4014 in
2379 3959 2466 4016 his
2518 3958 2648 4028 ipsis
2688 3956 2865 4011 subito
2907 3953 3305 4010 visitationibus
3345 3944 3663 4015 adimplcmur.

2181 4054 2255 4108 ita
2285 4061 2345 4106 ut
2369 4065 2522 4106 mens
2563 4051 2664 4104 hac
2688 4047 3045 4103 oblectatione
3077 4043 3304 4101 resoluta
3347 4042 3396 4096 in
3434 4033 3663 4108 quemdam

2181 4143 2403 4215 spiritus
2431 4140 2674 4211 rapiatur
2698 4153 2981 4194 excessum
3007 4177 3023 4203 ,
3054 4152 3220 4208 seque
3259 4127 3540 4191 commorari
3571 4119 3666 4176 obii.

2181 4236 2422 4290 viscatur
2450 4234 2502 4288 in
2543 4245 2727 4287 carne.
2759 4229 2942 4301 (Aug.)
2965 4227 3083 4284 Non
3111 4243 3238 4299 ergo
3259 4227 3368 4282 ideo
3389 4223 3594 4279 misertus
3611 4218 3670 4301 est

2187 4327 2324 4382 Deus
2343 4366 2356 4387 ,
2385 4326 2507 4394 quia
2538 4323 2707 4378 voluit
2735 4299 2792 4377 et
2836 4299 3079 4376 cucurrit
3107 4318 3287 4384 Jacob,
3313 4314 3397 4372 sed
3424 4312 3523 4366 ideo
3546 4299 3670 4357 volui!

2181 4414 2497 4471 eteucurrit
2522 4412 2708 4478 Jacob,
2734 4412 2861 4482 quia
2898 4411 3156 4465 misertus
3195 4416 3275 4464 est
3315 4395 3670 4482 Deuszi’aratttr

2182 4507 2327 4561 enim
2358 4505 2652 4559 voluntasa
2680 4503 2928 4566 Domino,
2957 4511 3011 4556 et
3037 4519 3070 4554 α
3099 4498 3314 4555 Domino
3334 4503 3515 4564 gressus
3540 4478 3667 4538 homi-

2184 4597 2265 4651 nis
2307 4595 2643 4664 diriguntur,
2695 4603 2743 4648 et
2789 4593 2926 4648 riam
2963 4590 3077 4661 ejus
3124 4587 3253 4644 volet
3296 4585 3316 4654 (
3339 4581 3468 4637 Psal.
3502 4569 3664 4637 xxx“):

2185 4686 2376 4741 deinde
2400 4685 2523 4754 quia
2552 4692 2771 4755 prepter
2789 4681 2953 4739 Jacob
2975 4683 3117 4737 dicta
3141 4690 3219 4737 est
3241 4678 3338 4732 ista
3357 4666 3584 4755 sententia
3601 4674 3667 4731 ge-

2184 4774 2402 4839 neralis,
2419 4791 2522 4829 non
2544 4754 2760 4828 volentis
2784 4789 2946 4843 neque
2973 4771 3247 4833 canentis,
3261 4765 3344 4821 sed
3364 4754 3667 4848 miserantis

2186 4866 2302 4930 Dei,
2331 4834 2489 4920 datur
2512 4864 2676 4919 etiam
2698 4834 3000 4933 exemplum
3043 4861 3108 4915 de
3133 4859 3413 4914 Pharaone,
3434 4853 3612 4933 propter
3633 4834 3669 4890 id

2187 4956 2330 5026 quod
2347 4956 2548 5012 dictum
2573 4961 2676 5020 est,
2694 4951 2838 5008 Esau
2857 4930 3032 5006 autem
3050 4950 3167 5004 odio
3182 4944 3348 5010 habui,
3362 4949 3411 4996 et
3423 4930 3666 5004 subjicitur!

2259 5069 2398 5122 Dicit
2432 5068 2568 5122 enim
2600 5066 2874 5137 Scriptura
2903 5062 3190 5126 Pharaoni,
3220 5060 3336 5132 quia
3361 5054 3423 5108 ad
3445 5051 3525 5103 hoc
3544 5043 3669 5112 ipsum

2189 5157 2408 5211 excitavi
2427 5165 2499 5221 te,
2529 5164 2583 5208 ut
2626 5153 2896 5208 ostendant
2935 5153 3064 5208 inte
3089 5153 3316 5206 virtutem
3346 5153 3510 5199 meum.
3529 5141 3582 5228 ξε
3599 5142 3670 5228 ξ’πς

2194 5249 2457 5303 nuntietur
2511 5262 2694 5301 nomen
2746 5262 2916 5299 meum
2965 5245 3020 5298 in
3063 5243 3291 5296 universa
3335 5244 3474 5288 terra.
3523 5211 3668 5290 (Ot‘tg-l

2193 5337 2408 5393 Certum
2447 5343 2529 5391 est
2576 5337 2741 5390 Deum
2781 5350 2886 5389 non
2926 5333 3096 5389 solum
3145 5329 3278 5385 scire
3331 5310 3670 5410 ttniuseujltstlllc

2193 5429 2524 5500 Prllpositum
2574 5443 2638 5484 ac
2686 5427 3032 5491 voluntatem,
3061 5423 3151 5479 sed
3181 5429 3233 5476 et
3267 5410 3505 5500 przescire.
3530 5401 3670 5500 Sciens

2194 5527 2374 5574 autem
2404 5526 2459 5573 et
2511 5531 2883 5589 praenoscens,
2931 5525 3180 5583 tanquam
3210 5509 3368 5563 bonus
3407 5489 3672 5589 dispensfl'ff

2195 5606 2461 5676 etjustus,
2502 5579 2918 5676 uniuscujusque
2949 5579 3175 5657 molibus
3196 5604 3246 5651 et
3272 5579 3670 5680 proposnomtiu‘t:

2196 5703 2262 5760 ad
2289 5716 2352 5758 ea
2377 5715 2542 5776 opera
2570 5697 2866 5764 efficienda,
2905 5710 3024 5767 qua:
3056 5686 3439 5756 uniuscujusque
3463 5669 3604 5727 anima
3625 5667 3670 5710 ac
