4026 6180
342 315 479 371 1493

873 307 1419 368 εΝΑιιιιΑτιοΝυΜ
1457 305 1525 363 ιιι
1563 305 1712 375 Ere.
1753 298 1959 365 PAULI
1995 302 2123 358 ua.
2166 301 2229 355 ι’.
2264 331 2333 340 -
2370 284 2437 357 ia
2476 298 2694 357 EPlS’l‘.
2736 297 2828 353 AD
2863 295 3029 353 nou.

3450 294 3589 348 HM

342 429 589 487 voluntas
625 425 805 498 elegit.
838 423 1013 490 Velut,
1041 424 1087 480 si
1113 422 1260 478 verbi
1298 437 1486 487 causa,
1511 422 1756 479 dicamus
1782 438 1795 474 :
1822 434 1918 488 pa-
1944 418 1995 478 Α
2020 426 2156 481 tum,
2186 424 2245 475 ut
2271 430 2369 487 per
2411 416 2581 495 ipsam
2603 428 2818 487 poenam
2848 412 2989 469 male
3031 420 3341 481 operentur.
3365 408 3518 466 sicut
3538 423 3594 466 et

342 513 657 572 terfamilias
702 513 749 568 si
776 512 898 585 quis
927 513 998 568 sit
1026 511 1244 582 sapiens
1298 517 1355 566 et
1394 509 1599 581 justus,
1625 518 1685 579 et.
1715 509 1920 563 habens

343 605 512 661 multa
559 603 802 670 servitia,
838 617 1013 659 nonne
1047 609 1251 671 quanta
1279 597 1396 653 fieri
1426 606 1599 668 potest
1629 596 1923 669 sagacitate

342 696 814 768 contemplabitur,
837 709 1063 766 quorum
1090 707 1157 749 ex
1195 692 1279 749 his
1302 692 1515 746 animus
1556 699 1713 762 aptus
1754 689 1824 743 sit
1854 686 1923 741 ad

343 806 438 848 rus
465 789 768 853 colendum,
792 795 849 841 et
873 786 1017 856 ipsos
1040 785 1150 839 ruri
1180 782 1501 853 deputabit?
1525 781 1680 852 cujus
1706 793 1835 834 vero
1855 777 1923 832 ad

312 880 747 954 negotiandum,
775 873 926 944 cuius
973 874 1139 933 etiam
1185 874 1254 931 ad
1302 872 1650 941 nutriendum
1699 883 1920 941 pecora,

342 969 499 1039 cuius
533 983 664 1023 vero
715 966 784 1022 ad
830 964 1211 1029 ministerium,
1240 972 1294 1020 et
1344 959 1663 1019 observandi
1694 957 1923 1035 cubiculi

346 1058 431 1116 sui
459 1067 645 1128 aptum
689 1054 937 1127 probabit
960 1053 1254 1126 ingenium,
1285 1061 1340 1108 et
1365 1052 1438 1106 ita
1489 1062 1926 1121 unumquemque

346 1148 776 1221 competentibus
800 1145 1013 1210 ciliciis.
1041 1156 1101 1201 ut
1133 1154 1258 1216 pote
1286 1144 1521 1214 sapiens,
1553 1139 1926 1213 mancipabit?

348 1240 546 1295 Verum
581 1236 837 1306 quoniam
875 1252 983 1292 non
1024 1234 1154 1291 latet
1187 1250 1331 1297 eum,
1377 1232 1492 1289 sive
1532 1228 1925 1302 paterfamilias

347 1333 462 1388 sive
491 1346 582 1388 rex
626 1329 727 1387 iste
754 1327 846 1393 sit,
874 1325 1017 1398 quod
1067 1339 1292 1387 necesse
1322 1330 1406 1379 cst
1437 1321 1709 1379 interdum
1741 1318 1919 1375 rebel-

349 1420 462 1477 lare
498 1436 559 1476 su
594 1420 787 1489 jectos,
817 1425 872 1472 et
900 1415 1192 1485 disciplinae
1205 1412 1328 1482 jura
1356 1427 1725 1482 corrumpere,
1756 1416 1812 1465 et
1855 1407 1927 1465 ob

349 1510 452 1565 hoc
486 1506 816 1564 correctione
845 1522 909 1575 ac
955 1503 1266 1569 verberibus
1295 1501 1554 1572 indigere,
1600 1514 1818 1554 necesse
1841 1506 1925 1565 est

349 1617 479 1673 ergo
506 1610 563 1654 ut
586 1599 748 1671 eligat
781 1612 848 1651 ex
872 1597 1121 1652 omnibus
1162 1594 1326 1661 etiam
1369 1600 1493 1664 apta
1521 1591 1588 1646 ad
1642 1590 1745 1645 hoc
1773 1590 1923 1660 inge-

352 1692 460 1757 uia,
481 1692 525 1747 si
547 1706 651 1761 qua
677 1689 764 1744 illa
792 1697 916 1759 sunt
956 1685 1192 1755 atrocius
1220 1684 1461 1747 incitata,
1490 1696 1610 1752 quae
1662 1680 1776 1735 suis
1807 1678 1926 1750 qui-

2018 505 2266 576 Superius
2280 505 2421 561 idem
2444 504 2574 561 dicit
2599 503 2904 575 Apostolus,
2937 521 2956 553 ι
2977 510 3032 558 et
3050 502 3304 572 quoniam
3335 517 3441 558 non
3468 517 3606 575 pro‘

2018 596 2285 657 baveruut
2328 594 2496 653 Deum
2530 596 2587 650 in
2633 593 2882 656 notitiam
2927 592 3150 658 habere,
3207 592 3428 648 tradidit
3473 592 3597 651 illos

2021 687 2165 746 Deus
2216 688 2269 747 in
2314 689 2600 758 reprobum
2652 702 2911 751 sensum,
2962 695 3022 742 ut
3082 684 3283 742 faciant
3326 703 3446 758 quae
3485 703 3595 745 non

2020 780 2364 834 conveniunt.
2417 776 2755 849 Quapropter
2802 778 2876 832 ita
2923 776 3196 833 concludit
3238 777 3528 849 Apostolus
3579 799 3593 836 :

2092 867 2236 938 Erga
2279 868 2510 925 cui'uult
2554 870 2863 935 miseretur,
2899 878 2948 925 et
2993 885 3146 940 quem
3193 869 3299 925 uult
3348 871 3595 929 obdurat.

2023 955 2219 1029 (0rig.)
2244 956 2398 1024 Quod
2425 965 2605 1012 autem
2636 956 2789 1023 dicit,
2819 975 2939 1029 ergo
2969 958 3055 1013 cui
3089 957 3200 1014 uult
3222 960 3518 1027 miseretur,
3550 971 3598 1015 et

2021 1065 2172 1119 quem
2200 1046 2305 1103 vult
2328 1048 2562 1113 indurat,
2588 1062 2656 1103 ex
2680 1048 2764 1103 his
2802 1063 2921 1117 qum
2950 1050 3007 1105 in
3033 1049 3216 1119 Exodo
3246 1050 3446 1119 scripta
3474 1058 3602 1105 sunt

2023 1138 2235 1201 videtur
2262 1153 2556 1195 assumere.
2584 1136 2661 1192 lbi
2686 1139 2830 1196 enim
2854 1138 3023 1194 dicit:
3052 1138 3323 1193 Indurabo
3343 1156 3434 1194 cor
3463 1137 3599 1193 Pha-

2025 1227 2221 1296 raonis,
2255 1236 2309 1293 ut
2356 1242 2420 1282 ne
2463 1227 2693 1291 dimittat
2737 1226 3006 1297 populum.
3039 1227 3394 1284 lndurabatur
3421 1239 3600 1283 autem

2023 1332 2121 1372 cor
2146 1317 2443 1375 Pharaonis
2480 1318 2583 1375 hoc
2611 1318 2809 1375 modo:
2834 1318 3003 1377 noluit
3036 1319 3175 1377 Deus
3211 1320 3264 1375 in
3297 1336 3419 1377 eum
3449 1321 3599 1375 subi-

2026 1416 2132 1465 tam
2165 1417 2221 1465 et
2245 1410 2456 1480 plenam
2478 1412 2608 1467 dare
2637 1411 2926 1469 vindictam
2953 1428 2967 1465 :
2993 1414 3240 1481 quamvis
3263 1411 3408 1466 enim
3436 1420 3601 1476 esset,

2024 1505 2408 1569 consummatae
2451 1498 2701 1567 malitiae;
2732 1505 2909 1555 tamen
2956 1514 3054 1569 per
3091 1499 3408 1569 patientiam
3449 1515 3602 1557 suam

2026 1589 2169 1644 Deus
2192 1605 2294 1646 nec
2322 1590 2425 1662 ipsi
2454 1590 2765 1647 facultatem
2799 1592 3169 1657 conversionis
3197 1591 3523 1657 excluserat,
3553 1601 3606 1646 et

2024 1684 2149 1742 ideo
2187 1683 2365 1755 primo
2407 1683 2718 1749 leuioribus,
2746 1691 2857 1745 tum
2902 1684 3067 1740 etiam
3117 1684 3377 1755 paulatim
3422 1685 3604 1755 ingra-

350 1781 473 1842 dem
521 1779 755 1834 motibus
781 1775 1042 1839 ferantur,
1080 1772 1506 1827 emendalionem
1535 1778 1715 1824 tamen
1752 1767 1924 1823 deiin-
1951 1763 1999 1824 Β
2026 1777 2368 1851 vescentibus
2394 1775 2448 1831 in
2472 1790 2595 1832 eum
2620 1775 2936 1835 verberibus
2955 1777 3153 1839 utitur;
3181 1777 3277 1833 sed
3300 1776 3441 1846 quod
3464 1776 3607 1832 Deus

351 1870 636 1940 quentibus
692 1866 1051 1928 necessariam
1109 1862 1404 1933 conferant.
1459 1860 1728 1915 Ponamus
1773 1874 1921 1929 ergo,

352 1960 434 2016 vel
455 1957 894 2030 patremfamilias
928 1955 1110 2020 istum,
1149 1954 1231 2008 vel
1264 1967 1442 2026 regem
1484 1951 1680 2006 vidisse
1715 1957 1926 2020 tempus

351 2067 460 2121 quo
516 2048 792 2106 emendari
854 2047 1051 2107 debent
1119 2044 1174 2099 hi
1235 2043 1327 2113 qui
1379 2052 1567 2097 contra
1630 2057 1810 2095 mores
1861 2055 1926 2095 ac

351 2140 687 2212 disciplinam
737 2136 903 2195 multa
950 2134 1356 2199 commiserint,
1390 2140 1445 2186 et
1481 2130 1706 2203 elegisse
1751 2130 1926 2186 duris-

352 2236 547 2290 simum
601 2232 833 2307 aliquem
876 2241 931 2286 et
981 2230 1067 2285 his
1108 2229 1239 2304 ipsis
1289 2228 1381 2300 qui
1429 2227 1750 2298 corripiendi
1802 2234 1929 2281 sunt

353 2325 522 2381 multo
546 2326 820 2389 diriorem,
861 2323 951 2394 qui
980 2337 1078 2395 pro
1100 2322 1394 2378 sceleribus
1423 2321 1534 2377 suis
1557 2320 1668 2392 jam
1706 2336 1809 2374 non
1858 2319 1929 2373 sit

354 2415 546 2487 dignus
566 2398 957 2480 emendatione,
971 2413 1062 2468 sed
1078 2422 1267 2467 morte.
1287 2411 1486 2470 Voleus
1501 2424 1628 2465 vero
1649 2408 1929 2487 interitum

354 2489 473 2578 ejus
501 2505 568 2561 ad
602 2505 1030 2563 emendationem
1064 2502 1327 2573 prolicere
1365 2508 1680 2559 cancrorum
1701 2541 1715 2566 ,
1764 2501 1932 2556 mittit

354 2611 478 2651 eum
504 2597 569 2651 ad
601 2596 717 2651 illos
742 2611 876 2666 quos
901 2601 1074 2652 morte
1092 2593 1207 2667 ejus
1221 2592 1419 2664 corrigi
1441 2591 1607 2662 cupit,
1628 2600 1683 2647 et
1705 2590 1829 2646 dicit
1852 2591 1927 2656 ei,

353 2690 480 2761 quia
512 2688 582 2741 ad
606 2689 701 2742 hoc
730 2688 899 2760 ipsum
924 2698 972 2742 te
991 2687 1253 2751 suscitavi,
1283 2695 1337 2741 ut
1363 2684 1632 2741 ostendam
1660 2684 1715 2737 in
1739 2694 1787 2738 te
1828 2683 1930 2737 vir-

356 2787 517 2833 tutem
539 2795 725 2844 meam,
750 2786 798 2832 et
825 2774 1161 2837 annuntietur
1183 2792 1368 2831 nomen
1411 2792 1580 2831 meum
1607 2775 1662 2828 in
1693 2775 1931 2844 universa

356 2879 517 2925 terra.
545 2868 677 2924 Vide
699 2867 863 2932 enim,
893 2867 1021 2939 quia
1040 2880 1147 2922 non
1162 2865 1295 2921 dixit
1312 2884 1325 2920 :
1341 2866 1467 2939 quia
1489 2864 1554 2919 ad
1572 2863 1675 2923 hoc
1691 2865 1864 2935 ipsum
1880 2873 1932 2918 te

358 2956 482 3024 feci,
504 2955 739 3028 alioquin
765 2956 832 3012 ad
862 2956 1193 3013 conditorem
1219 2955 1406 3012 referri
1451 2954 1607 3029 culpa
1634 2953 1928 3019 videretur,

2023 1868 2244 1942 gerebat
2280 1882 2378 1939 per
2414 1868 2728 1940 patientiam
2751 1909 2766 1935 ,
2790 1884 2857 1923 ex
2888 1870 2989 1925 hoc
3028 1869 3115 1928 ille
3157 1870 3509 1926 iudurahatur
3538 1873 3606 1925 ad

2024 1966 2413 2028 contemptum,
2461 1955 2719 2026 majorem
2755 1956 2856 2017 sibi
2901 1957 3037 2012 iram
3087 1959 3408 2022 recondens,
3442 1958 3515 2013 ita
3551 1968 3609 2014 ut

2026 2050 2097 2105 ad
2133 2050 2310 2120 ipsum
2349 2047 2453 2104 dici
2482 2046 2765 2103 conveniat
2810 2045 2939 2100 illud
2978 2046 3122 2116 quod
3154 2046 3440 2116 Apostolus
3466 2048 3604 2102 scri-

2025 2140 2105 2196 bit
2133 2138 2310 2211 (Rom.
2345 2137 2407 2209 ιι)
2434 2156 2446 2191 :
2472 2137 2553 2193 An
2578 2136 2785 2192 divitias
2812 2136 3054 2193 bonitatis
3079 2134 3192 2205 ejus
3217 2145 3264 2190 et
3293 2133 3607 2205 longanimi-

2025 2231 2147 2287 tatis
2176 2228 2485 2295 contemnis,
2506 2229 2754 2300 ignorans
2778 2228 3023 2299 quoniam
3046 2228 3297 2297 patientia
3333 2226 3426 2283 Dei
3463 2238 3515 2281 te
3534 2227 3604 2282 ad

2024 2321 2380 2392 panilentiam
2428 2319 2680 2378 adducit?
2724 2318 3017 2377 Secundum
3059 2318 3311 2375 duritiam
3356 2329 3530 2374 autem
3559 2328 3608 2373 et

2027 2431 2119 2468 cor
2143 2411 2466 2484 impaenitens
2495 2410 2818 2466 thesaurizas
2852 2410 2945 2465 tibi
2977 2411 3074 2482 ipsi
3110 2411 3246 2467 iram
3279 2411 3335 2466 in
3369 2410 3454 2465 die
3492 2410 3606 2464 irin.

2031 2504 2145 2560 Non
2167 2519 2297 2576 ergo
2317 2519 2477 2574 quem
2501 2502 2614 2557 vult
2639 2501 2780 2559 Deus
2806 2501 3042 2568 indurat,
3072 2500 3168 2558 sed
3207 2500 3297 2569 qui
3336 2499 3610 2570 patientia:

2031 2594 2265 2651 noluerit
2305 2592 2676 2664 obtemperare
2723 2591 3029 2646 induratur.
3073 2589 3277 2664 (Δις.)
3324 2588 3423 2649 Cui
3463 2589 3613 2645 enim

2031 2687 2322 2743 miseretur
2350 2684 2479 2742 facit
2518 2700 2641 2741 eum
2669 2684 2866 2739 bonum
2893 2682 3128 2754 operari,
3164 2691 3217 2741 et
3248 2697 3408 2757 quem
3434 2681 3610 2737 obdu-

2032 2785 2137 2845 rat,
2166 2777 2417 2848 relinquit
2441 2792 2564 2832 eum
2583 2816 2597 2840 ,
2623 2784 2681 2841 ut
2708 2775 2848 2831 mala
2877 2785 3130 2846 operetur
3155 2793 3167 2829 :
3193 2775 3288 2832 sed
3324 2772 3415 2833 illa
3445 2773 3610 2829 mise—

2034 2869 2267 2926 ricordia
2309 2867 2633 2939 praecedenti
2684 2867 2880 2923 merito
2931 2866 3054 2922 fidei
3104 2866 3386 2930 tribuetur,
3415 2873 3473 2922 et
3506 2866 3609 2921 ista

2032 2957 2318 3015 obduratio
2347 2958 2669 3030 praecedenti
2707 2957 2988 3028 impietati,
3018 2965 3076 3011 ut
3118 2964 3174 3010 et
3210 2957 3349 3021 bona
3388 2971 3484 3027 per
3510 2957 3611 3012 doc

359 3051 452 3105 sed
474 3049 564 3111 ait,
586 3048 770 3102 adhoc
790 3046 957 3118 ipsum
979 3046 1315 3112 tesuscitatn',
1335 3045 1439 3103 hoc
1461 3051 1619 3102 estut
1643 3059 1738 3114 per
1764 3042 1928 3099 animi
1969 3112 2002 3119 _
2034 3065 2163 3105 num
2210 3048 2304 3105 Dei
2352 3063 2659 3118 operemur,
2686 3056 2745 3107 et
2790 3046 2932 3103 mala
2977 3061 3073 3119 per
3118 3046 3470 3119 supplicium;
3503 3063 3612 3105 non

360 3140 435 3194 illi
466 3139 743 3203 malitiam:
781 3112 943 3207 (illam
983 3136 1078 3192 libi
1113 3134 1360 3201 infrenis»
1387 3143 1443 3197 ei
1468 3134 1583 3190 Sine
1605 3112 1700 3191 θεῖ
1741 3132 1933 3190 timore
1959 3112 2003 3173 Ο
2035 3140 2280 3198 aufertur
2319 3112 2546 3195 liberum
2581 3136 2874 3195 voluntatis
2917 3112 3370 3206 arbitrium—sive
3400 3112 3467 3194 ad
3496 3154 3614 3195 cre-

359 3228 586 3283 vivendo
610 3226 870 3296 quaesisti,
901 3233 957 3281 et
997 3224 1054 3281 in
1081 3224 1216 3281 alios
1259 3225 1529 3298 irrogetur
1553 3222 1700 3279 utilis
1727 3238 1792 3279 ac
1820 3222 1933 3297 fru-

359 3328 547 3375 ctuosa
571 3316 854 3383 correctio,
883 3326 939 3373 et
968 3315 1025 3371 in
1052 3315 1283 3387 teipsum
1308 3314 1377 3370 ad
1399 3312 1732 3387 posteritatis
1753 3328 1935 3369 exem-

361 3412 505 3482 plum
534 3409 923 3465 famosissimus
961 3406 1272 3463 conferatur
1298 3405 1568 3462 interitus.
1596 3400 1822 3476 (Ambr.)
1852 3402 1936 3459 Ad

363 3501 465 3555 hoc
487 3498 631 3555 enim
659 3506 902 3554 servatus
928 3495 1164 3562 Pharao,
1201 3503 1264 3551 ut
1302 3494 1471 3549 multa
1495 3494 1647 3564 signa
1677 3500 1731 3548 et
1764 3492 1936 3565 plaga:

361 3589 776 3646 ostenderentur
804 3588 857 3642 in
880 3585 1230 3656 illum,quasi
1272 3583 1386 3655 jam
1420 3593 1710 3648 mortuum.
1755 3584 1938 3640 Susci-

365 3690 506 3739 utus
531 3690 709 3736 autem
740 3681 912 3736 dictus
941 3689 1045 3747 est,
1076 3679 1203 3751 quia
1249 3695 1372 3735 cum
1414 3679 1554 3752 apud
1601 3678 1768 3734 Deum
1796 3694 1939 3734 mor-

364 3785 489 3830 tuus
532 3782 695 3840 esset,
770 3772 1037 3829 modicum
1086 3780 1298 3844 tempus
1355 3770 1585 3842 accepit,
1644 3778 1705 3826 ut
1755 3771 1938 3826 vivere

366 3867 656 3927 videretur,
683 3873 742 3920 ut
765 3872 907 3921 esset
933 3864 987 3920 in
1013 3863 1165 3935 cujus
1186 3878 1425 3935 prunam,
1448 3871 1505 3918 et
1522 3862 1673 3918 varia
1699 3871 1937 3917 tormen-

368 3966 543 4010 torum
573 3970 769 4025 genera
794 3970 963 4026 usque
990 3953 1057 4011 ad
1081 3960 1329 4019 mortem,
1351 3968 1540 4008 omnes
1569 3951 1659 4023 qui
1684 3950 1801 4006 sine
1830 3951 1939 4006 Deo

365 4056 523 4100 erant
552 4047 839 4112 intuentes,
868 4051 1013 4101 metu
1035 4042 1231 4111 territi,
1266 4040 1410 4102 hunc
1431 4041 1605 4098 solum
1635 4041 1801 4097 Deum
1820 4055 1942 4097 esse

368 4151 491 4190 eum
544 4134 899 4192 admiratione
944 4132 1180 4189 maxima
1234 4131 1535 4189 faterentur
1573 4150 1587 4187 :
1636 4146 1666 4187 a
1705 4145 1813 4203 quo
1857 4132 1941 4186 lue

371 4228 617 4284 vindictae
649 4227 800 4282 fiunt.
840 4225 954 4282 Hoc
981 4226 1146 4283 etiam
1178 4238 1376 4298 genere
1410 4222 1617 4295 antiqui
1660 4223 1853 4279 medici
1888 4223 1943 4277 in

372 4318 675 4373 hominibus
697 4327 869 4373 morte
895 4315 1091 4388 dignis,
1116 4314 1200 4372 vel
1238 4312 1429 4370 mortis
1457 4314 1780 4369 sententiam
1807 4328 1940 4368 cou-

373 4407 591 4471 secutis,
623 4405 973 4475 requirebant
993 4402 1262 4476 quomodo
1285 4403 1605 4474 prodessent
1631 4401 1792 4467 vivis,
1821 4418 1943 4472 qum

375 4496 424 4549 iu
449 4495 663 4550 homine
685 4495 920 4550 latebant
937 4495 1158 4565 apertis,
1174 4502 1233 4549 ut
1243 4493 1327 4548 his
1348 4498 1734 4563 cognoscerent
1748 4508 1942 4549 causas

372 4584 725 4654 aegritudinis,
756 4595 814 4640 ut
839 4599 1000 4654 ptena
1023 4584 1303 4639 morientis
1333 4582 1577 4653 proficiat
1617 4582 1686 4638 ad
1712 4583 1942 4639 salutem

375 4676 619 4731 viventis.
638 4675 819 4749 (Anq)
836 4676 991 4742 Quod
1008 4689 1137 4747 ergo
1160 4683 1288 4729 tunc
1310 4672 1520 4728 Pharao
1545 4689 1651 4728 non
1671 4674 1946 4743 obtempe-

377 4767 531 4822 rabat
542 4767 820 4837 pmceptis
832 4766 946 4831 Dei,
956 4765 1069 4835 jam
1092 4768 1156 4821 de
1172 4765 1431 4836 supplicio
1443 4764 1708 4820 veniebat.
1724 4764 1838 4819 Non
1852 4781 1944 4819 au-

377 4867 484 4912 tem
503 4856 785 4925 quisquam
803 4857 1168 4926 potestdicere
1180 4856 1586 4911 obdurationem
1607 4855 1750 4910 illam
1766 4856 1945 4912 cordis

379 4944 648 4999 immerito
672 4946 934 5000 accidisse
956 4945 1250 5009 Pharaoni,
1280 4944 1373 4998 sed
1396 4943 1602 5014 judicio
1648 4944 1745 5001 Dei
1780 4945 1945 4999 retri-

379 5035 591 5091 buentis
614 5035 970 5091 incredulitati
992 5034 1109 5105 ejus
1128 5035 1364 5091 debitam
1393 5048 1630 5105 poenam.
1660 5033 1777 5090 Non
1816 5047 1947 5105 ergo

378 5124 484 5179 hoc
541 5123 617 5180 illi
684 5125 978 5196 imputatur
1019 5126 1162 5196 quod
1213 5132 1342 5180 tunc
1383 5140 1490 5180 non
1539 5124 1945 5196 obtemperarit,

379 5215 597 5285 quando
610 5215 825 5285 quidem
852 5217 1117 5273 obdurato
1135 5216 1298 5271 corde
1318 5215 1694 5285 obtemperare
1720 5231 1824 5270 non
1852 5230 1947 5286 po-

380 5318 556 5372 temt;
577 5307 671 5363 sed
700 5307 826 5376 quia
867 5307 1085 5378 dignum
1119 5321 1179 5362 se
1202 5304 1449 5375 praabuit,
1472 5304 1558 5360 cui
1591 5320 1685 5360 cor
1708 5305 1947 5360 obdura-

380 5405 533 5453 rttur
580 5398 743 5468 priori
800 5398 1154 5463 inﬁdelitate;
1193 5396 1335 5451 sicut
1376 5394 1521 5450 enim
1573 5394 1626 5449 in
1680 5395 1764 5450 his
1813 5410 1951 5464 quos

381 5490 541 5560 elegit
590 5489 763 5554 Deus,
806 5504 910 5544 non
943 5504 1104 5560 opera
1136 5488 1231 5545 sed
1261 5487 1394 5543 fides
1424 5486 1643 5543 inchoat
1673 5486 1947 5551 meritum,

383 5586 442 5632 ut
490 5595 584 5649 per
612 5595 809 5635 munus
839 5580 931 5635 Dei
967 5582 1102 5635 bene
1128 5586 1440 5651 operentur,
1486 5578 1565 5633 sic
1611 5577 1663 5632 in
1695 5578 1782 5633 bis
1816 5593 1951 5647 quos

385 5670 630 5739 damnat,
656 5672 942 5729 infidelitas
981 5683 1035 5729 et
1064 5673 1311 5743 impietas
1338 5674 1553 5728 inchoat
1583 5688 1754 5743 pruna:
1784 5673 1949 5728 meri-

2035 3231 2268 3289 dendum
2298 3231 2438 3297 Deo,
2474 3236 2535 3288 ut
2558 3237 2919 3299 consequatur
2951 3243 3052 3289 nos
3075 3228 3469 3295 misericordia,
3499 3226 3614 3285 sive

2037 3326 2105 3380 ad
2129 3323 2481 3396 impietatem,
2505 3329 2564 3378 ut
2583 3329 2943 3392 consequatur
2966 3321 3325 3393 supplicium;
3351 3335 3456 3391 qua
3484 3335 3616 3377 con-

2030 3415 2277 3473 clusione
2314 3414 2489 3480 illata,
2536 3410 2701 3469 infert
2732 3413 3084 3485 quaestionem
3129 3421 3381 3483 tanquam
3424 3427 3455 3467 a
3487 3426 3617 3468 eon-

2040 3508 2356 3575 tradicente.
2385 3507 2461 3564 ait
2485 3507 2629 3569 enim
2659 3526 2672 3560 :

2109 3596 2253 3653 Dicis
2292 3598 2466 3670 itaque
2503 3596 2630 3651 milii
2654 3610 2672 3647 :
2697 3593 2840 3661 Quid
2865 3593 3041 3651 adhuc
3062 3595 3339 3664 queritur,
3359 3608 3482 3648 nam
3527 3608 3617 3648 ra-

2038 3687 2226 3747 luntali
2266 3688 2380 3757 ejus
2414 3687 2530 3759 quis
2574 3685 2802 3740 resistit?
2843 3684 2940 3740 Cui
2986 3699 3117 3743 sane
3166 3683 3496 3752 inquisitioni
3540 3683 3619 3739 sic

2039 3777 2350 3850 respondet,
2404 3785 2464 3831 ut
2520 3775 2916 3847 intelligamus,
2963 3774 3329 3844 spiritualibus
3379 3773 3512 3829 viris
3565 3782 3621 3829 et

2032 3868 2144 3941 jam
2194 3883 2299 3923 non
2347 3866 2643 3923 secundum
2698 3872 2971 3921 terrenum
3008 3863 3277 3918 hominem
3314 3862 3618 3919 viventibus

2039 3965 2223 4029 latere
2261 3969 2420 4027 posse
2446 3954 2618 4025 prima
2664 3952 2855 4007 merita
2887 3950 3009 4007 fidei
3039 3958 3094 4006 et
3122 3950 3447 4020 impietatis,
3484 3966 3617 4020 quo-

2042 4045 2200 4100 modo
2229 4043 2372 4099 Deus
2398 4043 2737 4114 prmscientia
2789 4040 2949 4115 eligat
2990 4040 3321 4108 credituros,
3365 4049 3421 4096 et
3464 4042 3616 4097 dam~

2042 4146 2131 4199 net
2162 4134 2469 4193 incredulos
2491 4174 2505 4199 ,
2556 4150 2664 4195 non
2713 4134 2833 4190 illos
2878 4149 2945 4190 ex
2984 4133 3240 4205 operibus
3264 4132 3488 4205 eligens,
3520 4148 3620 4189 nec

2040 4227 2174 4283 istos
2202 4240 2268 4282 ex
2300 4225 2554 4296 operibus
2583 4223 2862 4289 damnans,
2898 4224 2992 4279 sed
3038 4222 3250 4279 illorum
3300 4221 3423 4277 ﬁdei
3485 4236 3620 4290 pra:-

2042 4323 2192 4371 stans
2220 4322 2283 4371 ut
2324 4315 2460 4373 bene
2486 4324 2796 4384 operentur,
2823 4321 2880 4368 et
2912 4313 3137 4367 istorum
3167 4312 3494 4382 impietatem
3520 4311 3619 4367 oh—

2045 4406 2246 4463 tlurans
2298 4403 2629 4470 deserendo,
2676 4413 2736 4458 ut
2776 4402 2913 4458 male
2971 4410 3295 4473 operentur;
3342 4401 3435 4473 qui
3484 4416 3619 4470 quo-

2048 4496 2194 4551 niam
2255 4493 2583 4559 intellectus,
2641 4500 2701 4548 ut
2766 4492 2908 4559 dixi,
2977 4492 3310 4562 spiritalibus
3372 4498 3540 4565 patet,
3590 4507 3620 4547 a

2050 4586 2253 4643 carnali
2282 4593 2461 4642 autem
2504 4584 2786 4657 prudentia
2825 4585 2981 4657 longe
3022 4594 3262 4643 remotus
3291 4593 3403 4650 est;
3433 4585 3514 4639 sic
3540 4601 3622 4639 rc-

2051 4676 2184 4733 fellit
2226 4675 2615 4746 inquirentem,
2642 4682 2702 4730 ut
2745 4673 3010 4746 intelligat
3063 4689 3123 4730 se
3165 4675 3434 4749 deponere
3473 4675 3623 4744 prius

2050 4769 2321 4824 hominem
2366 4768 2479 4832 luti,
2516 4775 2575 4825 ut
2601 4769 2702 4823 ista
2732 4781 2831 4838 per
2870 4768 3121 4838 spiritum
3152 4767 3477 4839 inuestigare
3506 4782 3622 4821 me-

2052 4867 2255 4914 reatur.
2300 4854 2503 4927 Itaque,
2528 4858 2724 4928 inquit,
2752 4866 2808 4912 tu
2828 4859 2943 4928 quis
2963 4875 3015 4914 es
3031 4859 3122 4934 qui
3142 4856 3454 4928 respondeas
3478 4855 3582 4911 Deo
3599 4857 3625 4908 Ρ

2050 4952 2284 5023 nunquid
2319 4951 2444 5005 dicit
2471 4951 2773 5022 ﬁgmentum
2804 4951 2852 5006 ei
2895 4952 2987 5023 qui
3022 4968 3077 5005 se
3119 4950 3299 5020 ﬁnxit,
3335 4965 3499 5020 quare
3543 4950 3621 5003 sic

2049 5056 2130 5095 me
2152 5040 2359 5111 fecisti?
2391 5056 2459 5099 an
2494 5057 2602 5097 non
2644 5041 2805 5096 habet
2837 5048 3157 5110 potestatem
3199 5039 3395 5113 ﬁgulus
3419 5038 3512 5095 luti
3556 5054 3624 5094 ex

2049 5129 2236 5184 eadem
2267 5130 2649 5198 conspersione
2678 5145 2771 5184 vas
2799 5128 2996 5195 facere,
3023 5128 3165 5184 aliud
3194 5128 3408 5198 quidem
3439 5128 3492 5183 in
3519 5129 3622 5193 ho-

2052 5232 2262 5284 norem,
2290 5216 2434 5273 aliud
2480 5219 2535 5271 in
2582 5217 3256 5288 contumeliam‘tquandiu
3306 5215 3622 5288 figmentum

2050 5323 2130 5374 es,
2162 5308 2356 5381 inquit,
2383 5315 2440 5364 et
2466 5294 2800 5365 adimassam
2826 5306 2922 5362 luti
2950 5298 3209 5378 pertines,
3236 5307 3472 5365 nondum
3508 5322 3626 5376 per-

2052 5404 2242 5463 ductus
2270 5404 2335 5458 ad
2368 5400 2656 5473 spiritalia,
2692 5409 2751 5457 ut
2772 5402 2846 5457 sis
2874 5400 3130 5473 spiritalis
3168 5401 3347 5456 omnia
3377 5399 3627 5469 judicans

2052 5501 2107 5548 et
2135 5507 2166 5548 a
2192 5491 2403 5546 nemine
2426 5489 2713 5560 iudiceris,
2746 5492 3000 5551 cohibens
3026 5499 3077 5546 te
3105 5498 3316 5562 oportet
3344 5491 3414 5551 ab
3437 5490 3623 5562 hujus-

2034 5582 2197 5638 tmodi
2223 5581 2585 5652 inquisitione,
2609 5590 2664 5638 et
2692 5597 2796 5637 non
2817 5582 3145 5654 respondeas
3168 5581 3296 5648 Deo,
3321 5581 3477 5653 cujus
3494 5595 3625 5639 cono

2058 5672 2234 5727 silium
2276 5673 2503 5743 quisque
2551 5672 2690 5728 scire
2731 5672 2985 5742 cupiens,
3012 5679 3222 5743 oportet
3273 5681 3330 5728 ut
3373 5672 3526 5745 prius
3572 5670 3629 5724 in
