4026 6180
424 289 559 344 “95

1091 292 1150 346 Β.
1195 287 1444 345 RABANI
1488 289 1703 346 MAURl
1742 287 2072 354 ARClllEP,
2095 279 2702 356 MOCUNT.0PERUM
2739 284 2920 341 PARS
2955 283 3043 340 Ill.

3549 279 3697 336 H96

418 426 534 480 ejus
564 408 856 464 amicitiam
887 407 1206 477 recipiatur,
1231 404 1376 474 quod
1405 403 1718 474 contingere
1758 402 1862 456 nisi
1894 402 1998 473 spi-
2027 410 2072 466 Α
2100 401 2475 470 continuisque
2513 399 2712 470 vigiliis
2752 398 2914 454 altius
2959 396 3266 468 Scripturas
3293 395 3510 452 divinas
3540 409 3703 450 scru-

421 503 670 558 ritslibus
699 517 803 556 non
827 511 1023 572 potest,
1051 499 1161 570 jam
1203 497 1541 568 portantibus
1573 495 1858 564 imaginem
1891 509 2004 550 cce-

419 592 812 649 lestishominis
833 610 846 644 :
863 591 985 645 1am
1005 588 1368 657 enim,iuquit,
1387 603 1489 642 non
1504 602 1592 640 vos
1613 585 1785 638 dicam
1806 599 1998 648 servos,

418 683 510 738 sed
540 685 756 747 amicos,
787 682 962 736 omnia
991 681 1128 734 enim
1154 696 1271 750 qua:
1298 678 1475 732 audiui
1509 694 1539 729 α
1563 687 1711 746 patre
1736 691 1850 728 meo
1879 685 2001 728 nota

422 774 561 829 rubis
608 773 708 843 feci
742 771 924 843 (.loan.
971 770 1085 842 xv).
1117 769 1361 836 Quandiu
1401 768 1579 836 itaque
1615 781 1708 820 vas
1751 764 1894 836 figuli
1921 779 1998 828 es,

419 863 803 919 conterendum
833 862 936 915 hoc
963 862 1136 928 ipsum
1160 860 1212 912 in
1238 868 1289 913 te
1318 859 1468 928 prius
1500 857 1647 926 virga
1680 854 1768 909 illa
1799 853 1998 918 ferrea,

420 954 485 1008 de
505 968 608 1023 qua
631 953 832 1008 dictum
853 959 937 1006 est
953 971 965 1004 :
984 950 1145 1021 Reges
1168 967 1254 1004 eos
1283 951 1336 1002 in
1363 951 1506 1019 virga
1534 948 1724 1017 ferrea,
1751 957 2001 1017 tanquam

418 1062 508 1100 vas
548 1043 696 1114 ﬁguli
739 1043 1070 1113 confringens
1098 1059 1184 1095 eos
1216 1039 1388 1110 (Psal.
1419 1040 1512 1111 ιι),
1543 1048 1599 1092 ut
1626 1046 1883 1108 corrupto
1910 1052 2002 1092 ex-

421 1135 618 1188 teriore
645 1133 882 1198 homine,
917 1132 1175 1186 interiore
1206 1132 1461 1186 innovate
1484 1171 1496 1194 ,
1527 1128 1704 1199 possis
1733 1128 1785 1182 in
1817 1126 1998 1181 chari-

420 1237 532 1282 tate
556 1227 833 1282 radicatus
875 1234 931 1279 et
973 1223 1228 1278 fundatus
1269 1222 1725 1293 comprehendere
1763 1219 2002 1274 latitudi-

418 1335 559 1387 nem,
594 1320 1000 1393 longitudinem,
1033 1317 1391 1380 altitudinem,
1415 1313 1770 1384 profundum;
1804 1327 2002 1383 cogno-

416 1427 571 1468 scere
618 1412 784 1466 etiam
843 1407 1352 1480 supereminentiam
1411 1406 1652 1461 scientiae
1714 1402 2000 1460 charitatis

417 1504 618 1560 Christi
668 1503 889 1575 (Ephes.
937 1501 1054 1573 ιιι).
1101 1499 1253 1556 Nunc
1301 1500 1482 1568 itaque
1528 1513 1651 1553 cum
1697 1513 1766 1553 ex
1813 1497 2001 1551 eadem

417 1596 801 1668 conspersione
835 1596 977 1650 Deus
1015 1594 1121 1649 alia
1148 1609 1278 1648 vasa
1321 1593 1375 1648 in
1417 1593 1678 1647 honorem
1717 1590 1868 1657 fecit,
1895 1591 2000 1645 alia

418 1690 472 1742 in
496 1685 1023 1752 contumeliam,non
1045 1695 1128 1740 est
1155 1693 1302 1740 tuum
1326 1685 1614 1749 discutere,
1629 1683 1673 1738 si
1702 1683 1999 1738 secundum

2105 501 2307 560 tantur,
2326 492 2546 564 aperiri,
2571 508 2637 548 ex
2657 491 2853 564 quibus
2882 506 2967 545 me
2989 504 3098 544 non
3119 503 3238 544 esse
3255 503 3351 559 ego
3370 489 3515 542 bene
3547 485 3701 541 novi.

2105 583 2160 638 Si
2192 584 2314 655 quis
2359 594 2552 639 tamen‘
2571 583 2660 648 sit,
2689 583 2780 653 qui
2813 582 2885 636 ita
2915 589 3140 651 quaerat,
3175 581 3452 644 inveniet;
3503 593 3704 633 verum

2102 689 2157 735 et
2183 694 2281 734 nos
2307 693 2404 748 pro
2432 677 2641 731 viribus
2683 675 2750 730 ad
2795 690 2857 729 ea
2901 689 3019 744 qua:
3061 673 3332 728 habentur
3355 672 3407 726 in
3436 672 3703 725 manibus

2101 778 2501 826 convertamur.
2548 765 2709 840 (GG.)
2752 764 2796 820 0
2846 767 3021 830 homo,
3050 765 3245 835 inquit,
3275 774 3331 817 tu
3372 765 3488 835 quis
3518 779 3572 816 es
3603 761 3705 832 qui

2101 863 2413 932 respondeas
2459 860 2566 914 Deo
2584 861 2609 913 ?
2632 858 2974 929 Rcspondcre
3000 857 3111 912 Deo
3147 872 3254 910 non
3283 868 3441 925 posse
3471 853 3703 908 convin-

2101 953 2261 1018 citur,
2289 953 2381 1022 qui
2427 952 2591 1006 homo
2635 951 2962 1013 nominatur,
3001 947 3125 1018 quia
3175 960 3272 1015 per
3296 947 3401 1000 hoc
3445 944 3592 1012 quod
3630 943 3702 998 de

2102 1044 2266 1099 lm'mo
2295 1049 2541 1112 sumptus
2568 1049 2667 1101 est,
2691 1039 2892 1110 judicia
2921 1053 3152 1108 superna
3184 1037 3457 1091 discutere
3499 1035 3704 1105 dignus

2101 1151 2208 1190 non
2245 1142 2346 1188 est.
2395 1131 2546 1186 Unde
2577 1131 2630 1184 in
2661 1128 2760 1184 Job
2790 1128 3022 1200 legitur:
3056 1127 3186 1192 Quis
3214 1126 3388 1180 dicere
3417 1125 3468 1178 ei
3494 1132 3664 1192 potest
3683 1163 3699 1187 ,

2100 1225 2210 1281 Cur
2251 1227 2324 1280 ita
2358 1225 2532 1297 facis?
2559 1223 2699 1295 (Job.
2733 1221 2832 1292 ει.)
2856 1221 3108 1277 Auctoris
3158 1218 3299 1275 facla
3340 1234 3566 1288 semper
3611 1219 3702 1272 in-

2101 1323 2345 1377 discussa
2386 1316 2691 1373 veneranda
2734 1322 2888 1378 sunt,
2921 1313 3046 1384 quia
3089 1311 3290 1381 injusta
3321 1324 3445 1365 esse
3494 1324 3705 1379 nequa-

2100 1429 2263 1485 quam
2287 1421 2533 1484 possunt.
2564 1409 2850 1464 Rationem
2873 1409 3068 1478 quippe
3091 1408 3156 1461 de
3181 1405 3395 1462 occulto
3423 1402 3547 1473 ejus
3572 1420 3706 1458 eon-

2101 1509 2222 1566 silio
2278 1521 2543 1578 quaerere,
2587 1504 2722 1560 nihil
2777 1511 2862 1560 est
2917 1502 3064 1557 aliud
3111 1517 3274 1571 quam
3326 1509 3526 1554 contra
3583 1500 3706 1569 ejus

2099 1597 2388 1655 consilium
2421 1594 2724 1666 superbire.
2771 1592 2905 1648 Cum
2934 1607 3063 1664 ergo
3091 1591 3355 1647 factorum
3384 1606 3556 1646 causa
3592 1605 3702 1644 non

2103 1690 2539 1763 deprehenditur,
2575 1696 2745 1742 restat
2775 1696 2834 1742 ut
2871 1687 2971 1741 sub
3003 1685 3160 1740 factis
3197 1684 3342 1738 illius
3371 1699 3500 1738 cum
3527 1683 3684 1737 humi

415 1778 660 1834 eamdem
689 1777 1126 1848 conspersionem
1155 1775 1331 1830 adhuc
1356 1775 1522 1838 vivis,
1562 1774 1616 1828 id
1657 1782 1740 1828 est
1784 1780 1999 1828 terreno

2114 1785 2254 1839 Litate
2275 1780 2672 1850 taceatur,quia
2694 1792 3034 1848 nequaquam
3057 1775 3249 1831 suflicit
3269 1790 3464 1831 sensus
3486 1774 3704 1839 carnis,

417 1884 580 1924 sensu
606 1875 663 1923 et
706 1868 996 1922 carnaliter
1038 1867 1201 1936 sapis.
1244 1865 1451 1939 (0rig.)
1495 1863 1833 1937 Superﬂuum
1871 1880 2000 1936 ergo

416 1971 522 2026 est,
554 1959 694 2030 quod
718 1959 854 2014 dicis
881 1958 1155 2029 Apostolo,
1188 1965 1244 2011 tu
1267 1959 1356 2027 qui
1380 1958 1704 2022 adversaris,
1727 1957 1852 2027 quid
1878 1973 1999 2027 ergo

417 2050 589 2103 adhuc
623 2050 875 2120 queritur,
902 2047 1157 2102 uoluntati
1185 2047 1322 2100 enim
1343 2049 1456 2118 ejus
1485 2049 1601 2118 quis
1646 2048 1834 2101 resistit
1859 2048 1883 2100 ?
1907 2063 2001 2104 v0-

419 2140 613 2195 luntati
649 2137 863 2209 quidem
891 2139 984 2192 Dei
1012 2148 1219 2192 certum
1260 2147 1343 2193 est
1382 2140 1524 2208 quod
1554 2138 1730 2194 nullus
1751 2139 1996 2206 obsistat,

418 2232 514 2287 sed
540 2231 868 2286 voluntatem
890 2230 1005 2298 ejus
1027 2229 1230 2298 justam
1257 2238 1569 2300 rectumque
1596 2245 1716 2286 esse
1747 2231 1886 2286 scire
1905 2246 2002 2286 nos

419 2320 688 2375 convenit.
715 2319 783 2374 Ut
807 2319 935 2374 boni
965 2319 1107 2373 enim
1130 2328 1223 2373 aut
1251 2318 1377 2374 mali
1406 2320 1574 2374 simus
1597 2330 1795 2375 nostrae
1814 2320 2002 2375 volun-

423 2413 550 2467 tatis
599 2419 702 2467 est.
748 2410 916 2465 Malus
961 2421 1179 2474 autem,
1213 2412 1280 2465 ad
1322 2410 1623 2479 cujusmodi
1668 2413 1918 2477 verbera,
1949 2421 2003 2466 et

421 2505 594 2559 bonus
640 2503 706 2558 ad
752 2502 1048 2571 cuiusmodi
1101 2502 1323 2574 gloriam
1369 2503 1670 2558 destinetur
1711 2503 2003 2560 voluntatis

421 2604 505 2650 est
529 2595 644 2650 Dei.
675 2595 719 2650 Ο
744 2595 918 2661 homo,
953 2605 1008 2647 tu
1035 2595 1151 2664 quis
1178 2611 1230 2647 es
1257 2595 1345 2665 qui
1375 2595 1685 2664 respondeas
1713 2594 1840 2661 Deo,
1871 2613 2004 2649 nun-

421 2687 548 2760 quid
576 2687 701 2742 dicit
739 2687 1042 2757 ﬁgmentum
1088 2687 1134 2740 ei
1163 2687 1251 2756 qui
1278 2703 1332 2740 se
1357 2686 1530 2756 ﬁnxit,
1560 2685 1685 2756 quid
1716 2703 1796 2739 me
1835 2686 2003 2755 fecisti

423 2783 541 2839 sic?
582 2782 835 2852 Legimus
862 2788 918 2834 et
954 2781 1009 2834 in
1049 2778 1352 2849 Evangeliis
1393 2794 1507 2843 eos,
1537 2779 1626 2847 qui
1676 2786 1927 2852 proterve
1951 2786 2006 2832 et

425 2849 716 2930 infideliter
763 2872 1104 2941 inquirebant
1135 2887 1165 2926 a
1195 2871 1419 2926 Domino
1442 2912 1454 2936 ,
1487 2871 1539 2924 in
1595 2886 1696 2940 qua
1727 2849 2006 2940 [potestate

426 2967 544 3022 lucc
585 2964 807 3029 faceret,
835 2978 952 3032 quae
982 2962 1232 3028 faciebat,
1263 2971 1315 3017 et
1343 2963 1462 3032 quis
1492 2962 1539 3016 ei
1572 2962 1806 3017 dedisset
1850 2970 2004 3032 pote-

426 3067 621 3113 statem
653 3058 815 3122 hanc,
845 3071 912 3110 ne
947 3055 1301 3125 responsione
1339 3055 1554 3124 quidem
1584 3055 1772 3124 dignos
1793 3054 2007 3109 habitos

2101 1885 2160 1932 ut
2186 1884 2396 1932 secreta
2422 1883 2668 1946 penetret
2695 1871 3023 1940 maiestatis;
3049 1870 3140 1941 qui
3165 1884 3297 1941 ergo
3321 1869 3375 1923 in
3406 1867 3572 1922 factis
3604 1867 3702 1922 Dei

2101 1967 2366 2022 rationem
2394 1980 2501 2018 non
2527 1963 2696 2028 videt,
2722 1961 3090 2016 infirmitatem
3129 1975 3280 2014 suam
3310 1959 3699 2020 considerans,

2101 2073 2200 2113 cur
2231 2071 2336 2110 non
2374 2055 2554 2109 videat
2583 2053 2844 2108 rationem
2896 2051 3058 2106 videt.
3110 2049 3266 2105 Unde
3315 2065 3415 2119 per
3463 2047 3700 2101 Paulum

2102 2165 2320 2221 quoque
2354 2147 2750 2217 subsequenter
2785 2144 3132 2216 adjungitur:
3179 2140 3436 2212 Nunquid
3469 2140 3605 2194 dicit
3635 2140 3705 2209 fi-

2102 2251 2366 2312 gmentum
2394 2241 2441 2295 ei
2463 2241 2553 2311 qui
2585 2256 2639 2294 se
2661 2239 2838 2308 ﬁnxit,
2864 2253 3028 2308 quare
3051 2253 3130 2290 me
3158 2235 3328 2306 fecisti
3356 2234 3475 2288 sic!
3505 2249 3619 2302 quo
3641 2247 3704 2287 se

2103 2337 2248 2390 enim
2276 2333 2450 2390 cernit
2481 2333 2794 2404 figmentum
2823 2330 2985 2386 divini
3018 2343 3140 2384 esse
3166 2329 3367 2397 operis,
3390 2342 3460 2382 eo
3498 2337 3703 2381 semet-

2104 2425 2279 2496 ipsum
2307 2424 2605 2494 redarguit,
2633 2439 2699 2478 ne
2726 2428 2915 2475 contra
2945 2433 3164 2473 manum
3196 2417 3423 2472 resultet
3453 2430 3700 2486 operan-

2107 2517 2199 2580 tis,
2227 2516 2353 2586 quia
2394 2514 2485 2584 qui
2519 2513 2750 2582 benigne
2792 2509 2934 2581 quod
2969 2524 3076 2563 non
3105 2515 3223 2561 erat
3261 2505 3389 2562 fecit
3418 2507 3568 2575 quod
3593 2514 3699 2570 est,

2109 2606 2301 2675 injuste
2340 2620 2444 2659 non
2485 2603 2706 2658 deserit.
2751 2600 2832 2654 Ad
2871 2599 3216 2668 semetipsam
3245 2612 3376 2666 ergo
3415 2603 3539 2665 post
3570 2611 3701 2665 per-

2107 2699 2409 2754 cussionem
2438 2710 2592 2750 mens
2636 2694 2843 2755 redeat,
2870 2701 2924 2745 et
2962 2689 3106 2759 quod
3146 2688 3554 2758 apprehendere
3591 2701 3700 2739 non

2107 2790 2268 2855 valet,
2297 2803 2403 2842 non
2434 2785 2674 2856 requirat
2699 2798 2713 2837 :
2739 2797 2806 2838 ne
2834 2782 2879 2837 si
2904 2780 3100 2835 divinae
3142 2779 3237 2833 ira:
3264 2792 3428 2832 causa
3468 2776 3699 2831 discuti-

2109 2881 2260 2942 tilur,
2297 2876 2527 2946 amplius
2557 2875 2799 2930 discussa
2823 2879 3169 2941 provocetur,
3193 2876 3252 2923 et
3294 2881 3462 2937 quam
3483 2865 3703 2935 placare

2109 2967 2383 3025 humilitas
2412 2973 2645 3038 poterat,
2677 2960 3182 3030 inexstinguibiliter
3221 2957 3477 3028 superbia
3507 2971 3704 3011 accen-

2111 3062 2222 3117 dat.
2266 3060 2349 3112 An
2391 3075 2495 3113 non
2523 3057 2674 3111 habet
2709 3063 3009 3125 potestatem
3057 3048 3249 3120 ﬁgulus
3286 3048 3386 3101 luti
3424 3065 3489 3102 ex-
3515 3047 3704 3101 eadem

426 3149 579 3220 (Luc.
611 3148 728 3219 xx).
766 3146 1031 3201 Similiter
1059 3161 1272 3216 quoque
1297 3155 1348 3200 et
1376 3147 1430 3200 in
1459 3145 1710 3216 prtescuti
1751 3144 1869 3201 loco
1897 3160 2007 3200 mo-

2114 3169 2284 3208 massa
2327 3151 2474 3206 aliud
2513 3167 2600 3204 vas
2629 3150 2684 3203 in
2713 3149 2982 3211 honorem,
3011 3144 3159 3199 aliud
3194 3159 3311 3197 vero
3349 3143 3402 3194 in
3438 3150 3706 3194 coutume—

428 3249 543 3294 tum
565 3239 811 3295 videmus
832 3238 1144 3308 Apostolum
1168 3246 1221 3291 et
1243 3239 1529 3292 adversum
1558 3237 1852 3308 insolentes
1872 3252 2011 3306 qum-

428 3329 654 3391 stiones,
679 3341 744 3380 ac
769 3341 866 3396 per
892 3341 957 3380 ea
985 3341 1105 3396 quae
1137 3325 1797 3396 respondit,pr0poncntis
1824 3335 2011 3380 contu-

431 3417 660 3472 maciam
690 3414 1013 3480 conl'udissc,
1044 3416 1118 3469 ait
1146 3416 1289 3469 enim
1316 3433 1327 3468 :
1354 3415 1398 3469 Ο
1421 3415 1670 3481 houw,tu
1709 3417 1824 3487 quis
1849 3433 1901 3470 es
1923 3418 2012 3487 qui

429 3515 614 3560 contra
660 3505 971 3575 respondeas
1011 3505 1160 3560 Deo?
1190 3504 1301 3560 Hoc
1346 3513 1429 3560 est
1475 3507 1619 3560 enim
1671 3506 1832 3561 homo
1873 3508 2012 3579 apud

431 3598 600 3649 Deum
625 3595 766 3666 quod
797 3594 936 3663 apud
967 3593 1184 3665 figulum
1212 3593 1412 3661 lutum;
1450 3604 1503 3650 et
1528 3597 1668 3651 sicut
1701 3613 1888 3654 servus
1917 3615 2012 3654 nc-

431 3705 594 3760 quam
647 3689 691 3744 si
739 3689 874 3744 forte
920 3688 1190 3743 videbitur
1242 3689 1461 3743 domino
1514 3689 1628 3744 fieri
1677 3690 1875 3746 debere
1919 3691 2016 3745 ali-

431 3782 574 3854 quod
603 3797 759 3852 opus,
787 3782 929 3851 quod
957 3790 1012 3837 et
1043 3781 1266 3838 rationis
1291 3792 1346 3838 et
1386 3784 1634 3840 utilitatis
1675 3785 1890 3855 plenum
1921 3787 2013 3853 sit,

435 3874 525 3930 ille
555 3883 733 3929 autem
777 3876 990 3946 operari
1035 3875 1255 3942 uolens,
1310 3892 1372 3932 ea
1422 3892 1541 3947 qua:
1591 3879 2017 3949 dominusjubet

439 3965 704 4021 discutere
746 3966 990 4036 incipiat,
1037 3975 1090 4020 et
1139 3968 1415 4037 requirere
1443 3984 1471 4022 a
1499 3969 1749 4036 domino,
1785 3969 1856 4025 Ut
1887 3971 2015 4040 quid

437 4059 540 4113 hoc
567 4073 702 4129 opus
733 4058 846 4112 fieri
868 4056 1063 4126 jubes?
1109 4058 1204 4113 Cui
1236 4060 1489 4130 prodest?
1515 4060 1612 4115 Cui
1652 4063 2016 4116 necessarium

433 4151 552 4206 est?
585 4150 886 4205 contumaci
917 4164 1073 4204 servo
1100 4165 1216 4219 quae
1244 4150 1349 4204 erit
1392 4158 1500 4204 tam
1530 4151 1687 4221 digna
1717 4152 2016 4221 responsio,

435 4242 538 4297 nisi
569 4251 628 4296 ut
647 4241 855 4296 dicatur
869 4241 939 4305 ei,
957 4239 1033 4294 Tu
1058 4241 1172 4312 quis
1189 4259 1241 4295 es
1263 4241 1352 4313 qui
1373 4251 1552 4295 contra
1584 4241 1894 4311 respondeas
1927 4242 2021 4297 do—

435 4333 620 4388 mino?
643 4340 772 4402 puto
797 4341 973 4386 autem
1004 4332 1144 4401 quod
1170 4333 1244 4386 ita
1280 4333 1453 4403 placet
1476 4332 1722 4396 domino;
1759 4348 1862 4387 non
1891 4341 2021 4403 puto

436 4434 615 4480 autem
644 4425 784 4494 quod
820 4425 865 4479 si
906 4423 1076 4480 fidelis
1125 4440 1313 4479 servus
1343 4434 1398 4479 et
1426 4426 1661 4495 prudens
1698 4426 2015 4496 interroget,

2114 3244 2281 3299 liam?
2322 3241 2557 3315 (Ambr.)
2603 3237 2948 3294 Manifestum
2985 3245 3069 3293 est
3109 3250 3237 3290 vasa
3277 3233 3460 3303 aliqua
3493 3232 3606 3287 fieri
3637 3231 3707 3284 ad

2114 3337 2401 3400 honorem,
2432 3347 2550 3401 qua:
2573 3331 2639 3385 ad
2668 3345 2798 3385 usus
2829 3331 3081 3384 honestos
3109 3327 3220 3382 sint
3244 3325 3578 3388 necessaria,
3600 3323 3704 3377 alia

2112 3442 2243 3482 vero
2267 3426 2335 3480 ad
2362 3423 2743 3479 contumeliam
2761 3463 2775 3485 ,
2809 3437 2928 3491 qua:
2957 3421 3318 3476 instrumenta
3354 3420 3464 3473 sint
3494 3417 3706 3473 culina-

2117 3532 2258 3571 rum.
2303 3514 2472 3571 Unius
2505 3522 2685 3567 tamen
2713 3502 2833 3566 esse
2862 3509 3178 3566 substantia:
3196 3547 3212 3573 ,
3242 3508 3335 3564 sed
3367 3505 3587 3562 differre
3616 3521 3712 3559 vo-

2115 3606 2322 3661 luntate
2342 3604 2548 3675 opificis
2571 3603 2624 3656 iu
2645 3603 2927 3656 honorem.
2952 3599 3030 3654 lta
3050 3609 3104 3654 et
3132 3599 3273 3653 Deus
3286 3611 3408 3652 cum
3431 3611 3626 3652 oumes
3644 3611 3710 3650 ex

2116 3715 2223 3756 una
2251 3706 2412 3767 atque
2431 3696 2620 3750 eadem
2643 3709 2817 3748 massa
2845 3691 3014 3746 simus
3038 3691 3090 3745 in
3109 3689 3437 3753 substantia,
3455 3695 3506 3740 et
3529 3685 3714 3741 cuncti

2117 3798 2457 3864 peccatores,
2494 3785 2583 3842 alii
2631 3785 2919 3839 miseretur
2950 3791 3004 3838 et
3049 3781 3276 3835 alterum
3307 3779 3568 3848 despicit,
3604 3794 3714 3832 non

2117 3882 2234 3938 siue
2262 3879 2495 3950 justitia.
2532 3876 2588 3931 lu
2617 3875 2777 3947 figulo
2807 3873 2949 3928 enim
2976 3873 3086 3927 sola
3113 3871 3362 3926 voluntas
3385 3880 3489 3932 est,
3517 3869 3571 3924 in
3601 3869 3715 3923 Deo

2118 3983 2298 4028 autem
2328 3970 2574 4025 voluntas
2601 3983 2722 4023 cum
2748 3965 2979 4034 justitia.
3026 3961 3142 4018 Scit
3167 3963 3311 4017 enim
3342 3961 3493 4028 cujus
3521 3959 3719 4015 debeat

2119 4063 2389 4121 misereri.
2428 4060 2623 4132 (Θήρ.)
2655 4058 2721 4112 Et
2754 4057 2893 4128 apud
2933 4055 3227 4110 Jeremiam
3254 4055 3576 4124 prophetam
3610 4051 3718 4106 tale

2121 4157 2324 4228 aliquid
2366 4155 2594 4227 legimus
2641 4151 2775 4224 (Jer.
2807 4149 2961 4221 xvm)
2988 4189 3002 4212 ,
3034 4147 3124 4202 ubi
3163 4147 3386 4218 jubetur
3415 4162 3444 4198 a
3475 4145 3586 4199 Deo
3633 4145 3721 4198 in-

2120 4249 2287 4304 troire
2315 4247 2370 4302 in
2399 4247 2614 4300 domum
2643 4241 2880 4313 ﬁguli,et
2902 4241 3083 4296 videre
3112 4256 3236 4295 eum
3262 4238 3578 4307 ﬁngentem,
3606 4236 3722 4291 uti-

2123 4356 2230 4412 que
2258 4355 2354 4394 vas
2382 4338 2672 4408 collapsum
2703 4336 2769 4389 de
2799 4334 3046 4390 manibus
3074 4335 3187 4388 suis
3226 4332 3570 4402 recolligens,
3597 4345 3726 4384 rur-

2125 4447 2245 4486 sum
2297 4428 2456 4484 finxit
2507 4427 2635 4481 illud
2682 4426 2980 4481 secundum
3031 4425 3365 4479 voluntatem
3416 4438 3595 4478 suam.
3653 4421 3722 4475 Et

436 4513 622 4569 volens
646 4514 944 4584 intelligere
972 4521 1026 4567 et
1051 4513 1234 4567 mirari
1264 4513 1583 4583 sapientiam
1614 4513 1850 4579 domini,
1880 4515 2021 4584 quod
2053 4513 2102 4572 D
2127 4523 2296 4593 factus
2325 4531 2418 4578 est.
2443 4519 2634 4589 inquit,
2663 4533 2831 4573 sermo
2859 4516 2952 4570 Dei
2981 4515 3050 4570 ad
3072 4533 3191 4569 eum
3217 4515 3396 4569 dicens
3419 4530 3438 4569 :
3463 4511 3726 4580 Nunquid

439 4606 651 4659 dicatur
673 4605 746 4670 ei,
775 4603 850 4658 Tu
872 4605 987 4674 quis
1013 4621 1065 4658 es
1083 4604 1106 4657 γ
1126 4605 1367 4674 Denique
1396 4619 1516 4657 cum
1545 4604 1729 4659 Daniel
1759 4606 2020 4676 propheta

439 4695 771 4750 voluntatem
806 4695 1018 4750 Domini
1051 4695 1414 4750 desiderasset
1458 4711 1771 4767 agnoscere,
1804 4698 1942 4750 unde
1970 4706 2024 4752 et

441 4787 525 4841 vir
551 4785 942 4841 desideriorum
975 4785 1274 4855 appellatus
1300 4795 1384 4840 εει
1415 4787 1575 4855 (Dan.
1615 4803 1689 4850 ιιι,
1720 4785 1799 4856 x),
1830 4802 1937 4840 non
1975 4787 2023 4841 ei

443 4879 661 4938 dictum.
704 4875 781 4931 Tu
805 4878 918 4949 quis
947 4877 1038 4930 es?
1066 4877 1172 4930 Sed
1203 4877 1399 4931 missus
1429 4886 1511 4930 est
1539 4877 1759 4947 angelus
1783 4877 1873 4947 qui
1903 4894 2025 4931 eum

443 4969 512 5026 de
533 4969 783 5025 omnibus
803 4967 894 5021 Dei
919 4966 1408 5036 dispensationibus
1429 4976 1483 5019 et
1503 4966 1717 5034 judiciis
1738 4968 2022 5032 edoceret;

429 5072 491 5116 et
523 5073 622 5115 nos
647 5073 799 5128 ergo,
830 5058 875 5111 si
909 5056 1109 5126 aliquid
1150 5071 1213 5109 ex
1255 5058 1479 5111 secretis
1511 5057 1623 5121 Dei,
1657 5066 1711 5111 et
1739 5060 2029 5114 reconditis

445 5148 813 5204 desideramus
836 5161 1146 5217 agnoscere,
1176 5146 1218 5200 si
1261 5146 1648 5201 desideriorum
1690 5155 1744 5202 et
1779 5163 1883 5201 non
1908 5164 2032 5204 con-

448 5240 746 5293 tentionum
786 5237 889 5292 viri
937 5253 1154 5302 sumus,
1201 5238 1464 5293 occultius
1504 5239 1555 5293 in
1596 5239 1791 5294 divinis
1840 5239 2033 5296 litteris

447 5331 648 5384 inserta
681 5330 774 5387 Dei
794 5329 997 5399 judicia
1037 5330 1264 5385 fideliter
1289 5339 1343 5386 et
1369 5331 1642 5386 humiliter
1669 5331 2029 5402 requiramus,

446 5429 728 5490 propterea
777 5435 1010 5492 namque
1048 5430 1101 5475 et
1135 5421 1392 5477 Dominus
1436 5423 1646 5478 dicebat
1671 5441 1682 5476 :
1710 5422 2033 5478 Scrutamini

451 5505 752 5579 Scripturas
794 5511 975 5583 (Joan.
1021 5512 1093 5582 v),
1147 5511 1325 5567 sciens
1365 5513 1480 5567 haec
1507 5529 1610 5566 non
1639 5515 1706 5568 ab
1737 5513 1821 5568 his
1850 5515 1939 5584 qui
1978 5514 2031 5568 in

450 5595 571 5650 aliis
597 5603 821 5669 negotiis
859 5602 1106 5672 occupati
1149 5603 1459 5659 transitorie
1485 5603 1566 5659 vel
1597 5604 1823 5660 audiunt
1850 5605 1932 5661 vel
1960 5605 2035 5661 lc-

454 5699 608 5759 guut,
647 5693 740 5748 sed
764 5695 849 5750 his
872 5697 962 5767 qui
988 5704 1135 5752 recto
1157 5705 1210 5750 et
1231 5696 1460 5767 simplici
1481 5697 1666 5766 corde,
1685 5695 1801 5771 jugi
1832 5699 2032 5769 labore,

2125 4631 2216 4684 ego
2240 4629 2344 4666 non
2366 4628 2577 4682 possum
2600 4610 2770 4679 facere
2791 4610 3004 4663 domum
3023 4607 3192 4663 Israel
3213 4610 3346 4662 sicut
3367 4607 3568 4676 ﬁgulus
3590 4607 3688 4660 iste
3702 4606 3728 4658 .’

2129 4701 2317 4774 (Ibid)
2344 4702 2410 4755 Et
2443 4699 2719 4770 Sapientia
2749 4698 2880 4754 dicit
2909 4714 2923 4752 :
2959 4697 3096 4752 Vasa
3119 4697 3267 4768 ﬁguli
3295 4697 3480 4767 probat
3505 4697 3722 4766 form,

2127 4805 2173 4849 et
2205 4795 2437 4848 homines
2476 4793 2649 4862 justas
2689 4792 2901 4845 tentatio
2928 4790 3118 4863 (Eccli.
3144 4789 3317 4857 xxv")
3371 4789 3550 4844 [labet
3587 4803 3716 4858 ergo

2131 4888 2301 4944 nostri
2335 4889 2476 4942 Deus
2505 4895 2850 4956 potestatem,
2871 4886 3010 4940 sicut
3028 4895 3083 4939 et
3105 4885 3298 4956 figulus
3323 4885 3448 4949 luti,
3476 4894 3538 4939 ut
3561 4885 3725 4938 faciat

2132 4979 2199 5033 ab
2229 4979 2417 5034 eadem
2453 4992 2630 5032 massa
2658 4991 2785 5031 vasa
2814 4977 2881 5030 ad
2911 4977 3169 5032 honorem
3189 5016 3205 5040 ,
3237 4983 3296 5030 et
3327 4989 3456 5044 vasa
3486 4975 3558 5029 ad
3595 4990 3727 5030 con-

2133 5069 2427 5124 tumeliam.
2471 5067 2587 5122 Tibi
2631 5083 2762 5138 ergo
2795 5069 2886 5138 qui
2935 5068 3229 5123 insolenter
3258 5067 3562 5138 respondes
3591 5068 3724 5130 Deo,

2135 5158 2251 5212 lucc
2284 5157 2501 5212 audisse
2536 5156 2799 5222 sufﬁciat;
2831 5157 2926 5227 qui
2954 5172 3082 5212 vero
3108 5171 3276 5227 Opera
3304 5155 3604 5226 Sapientia:
3629 5157 3723 5211 Dei

2135 5250 2188 5302 in
2231 5248 2723 5318 dispensationibus
2769 5247 2887 5316 ejus
2929 5248 3200 5304 desiderat
3240 5249 3509 5313 contueri,
3543 5249 3726 5302 audiat

2138 5340 2189 5393 in
2217 5339 2322 5394 alio
2362 5339 2482 5395 loco
2511 5339 2577 5395 de
2612 5339 2698 5394 his
2738 5340 2870 5410 ipsis
2896 5341 3117 5396 Paulum
3145 5340 3453 5395 divinorum
3488 5349 3727 5396 secreto-

2136 5445 2257 5484 rum
2279 5431 2552 5485 conscium
2579 5431 2940 5500 disputantem
2965 5431 3050 5503 (II
3075 5431 3208 5486 Tim.
3236 5432 3297 5503 ιι)
3317 5450 3331 5486 :
3355 5432 3421 5486 In
3448 5434 3606 5486 domo
3630 5450 3726 5486 au-

2139 5532 2237 5576 tem
2271 5539 2463 5592 magna
2490 5539 2594 5576 non
2621 5533 2765 5587 sunt,
2790 5523 2982 5593 inquit,
3013 5525 3372 5579 tantummodo
3405 5543 3532 5579 vasa
3565 5543 3724 5578 aurea

2137 5623 2184 5666 et
2215 5623 2480 5682 argentea,
2507 5613 2598 5667 sed
2619 5623 2666 5668 et
2696 5614 2868 5683 lignea
2893 5625 2940 5668 et
2963 5615 3166 5683 ﬁctilia,
3200 5627 3249 5670 et
3284 5616 3393 5670 alia
3419 5617 3630 5686 quidem
3654 5617 3724 5669 ad

2139 5704 2410 5774 honorem,
2435 5704 2544 5760 alia
2569 5715 2744 5762 autent
2771 5707 2839 5761 ad
2874 5708 3260 5764 contumeliam.
3303 5708 3365 5766 Si
3389 5726 3512 5781 ergo
3542 5727 3723 5766 etimn-
