4026 6180
285 325 423 383 Η97

813 319 1359 378 ENARRATIONUM
1400 317 1468 375 IN
1501 315 1654 379 EPP.
1694 312 1904 371 PAULI
1943 311 2070 367 [ΑΒ.
2114 312 2176 368 V.
2216 343 2278 354 -—
2326 309 2391 369 ΙΝ
2429 313 2648 370 EPIST.
2689 313 2782 369 AD
2816 311 2985 372 ROM.

3418 312 3556 371 “98

283 443 482 500 daoerit
518 431 634 511 quis
670 438 996 509 semetipsum
1031 437 1096 490 ab
1131 437 1233 502 his,
1257 436 1355 491 erit
1385 450 1473 489 vas
1512 432 1581 487 ad
1617 432 1865 487 honorem
1893 427 1942 487 A
1970 408 2220 494 sustinet,
2251 428 2298 502 si
2340 427 2480 485 forte
2532 429 2874 501 resipiscam,
2921 441 2978 486 et
3017 437 3438 486 convertantur:
3463 447 3559 504 po-

283 533 691 602 sanctiﬁcatum,
716 536 764 584 et
794 528 922 582 utile
967 526 1208 591 Domino,
1247 525 1318 580 ad
1342 541 1493 580 anne
1521 541 1651 595 opus
1678 524 1868 578 bonum

281 633 544 694 paratum.
573 619 742 675 Audis
771 618 967 674 Paulus
1014 618 1068 672 in
1096 617 1182 673 his
1219 617 1273 671 in
1314 616 1509 688 quibus
1537 631 1644 670 non
1684 613 1874 670 habuit

284 722 594 784 protervum
629 709 1102 774 contradictorem,
1123 707 1394 777 quomodo
1417 720 1668 760 vasorum
1695 704 1873 759 diver—

283 805 473 862 sitates
494 801 738 874 aperuit?
761 816 884 856 nam
911 800 984 855 ibi
1011 800 1103 854 ubi
1132 798 1348 854 auditor
1370 811 1478 853 non
1503 803 1623 850 erat
1645 795 1864 866 dignus,

284 897 378 951 sed
406 892 774 949 eontradictor
795 899 931 954 erat,
950 889 1064 945 sola
1088 889 1274 944 ﬁctilia
1297 902 1425 942 vasa
1448 894 1871 942 commemorat:

285 988 372 1041 hic
393 993 572 1040 autem
597 991 653 1039 et
676 996 841 1037 aurea
862 981 990 1036 dicit
1008 995 1144 1043 esse,
1163 989 1220 1034 et
1234 986 1512 1050 argentea,
1532 987 1586 1032 et
1601 977 1800 1048 lignea,
1819 983 1875 1031 et

287 1075 494 1140 ﬁctilia,
519 1082 576 1128 et
601 1073 704 1130 alia
735 1073 950 1142 quidem
973 1085 1093 1126 esse
1121 1071 1187 1124 ad
1220 1070 1478 1124 honorem
1500 1109 1516 1133 ,
1544 1067 1650 1121 alia
1691 1074 1873 1120 autem

285 1170 354 1223 ad
400 1165 780 1223 contumeliam
827 1164 979 1228 ﬁeri;
1010 1162 1259 1219 similiter
1304 1171 1366 1218 ut
1414 1161 1506 1216 ubi
1555 1159 1876 1214 memoravit

286 1260 552 1314 rationem
582 1271 750 1326 quare
772 1257 876 1310 alia
901 1254 967 1309 ad
994 1255 1273 1319 honorem,
1303 1253 1407 1307 alia
1434 1266 1565 1306 vero
1591 1251 1659 1305 ad
1685 1258 1876 1306 contu-

287 1350 503 1404 meliam
538 1349 690 1411 ﬁant,
736 1347 808 1402 ibi
852 1347 1021 1410 siluit,
1065 1345 1157 1400 hic
1199 1345 1428 1414 aperuit.
1479 1341 1539 1398 Si
1581 1341 1718 1395 enim
1758 1338 1874 1410 quis

285 1441 534 1495 emundat
562 1439 914 1508 semetipsum,
937 1437 1130 1507 inquit,
1163 1435 1227 1490 ab
1254 1436 1355 1500 Itis,
1383 1434 1502 1488 sine
1529 1432 1708 1494 dubio,
1744 1444 1871 1500 pec-

286 1531 396 1586 cati
431 1529 710 1594 sordibus,
741 1529 836 1582 erit
864 1544 952 1582 vas
999 1527 1067 1580 ad
1101 1527 1348 1580 honorem
1387 1522 1795 1591 sanctiﬁcatum,
1826 1527 1876 1574 et

288 1624 416 1678 utile
439 1623 664 1678 Domino
685 1662 700 1686 ,
724 1621 792 1674 ad
833 1636 984 1674 omne
1009 1635 1139 1690 Opus
1165 1618 1357 1672 bonum
1394 1624 1659 1687 paratum.
1685 1613 1878 1668 Restat

288 1716 458 1786 igitur
495 1722 556 1769 ut
591 1713 684 1784 qui
717 1728 775 1769 se
803 1727 910 1766 non
936 1710 1328 1774 emundaverit,
1355 1723 1457 1762 nec
1487 1721 1584 1777 per
1607 1705 1876 1775 poeniten-

1973 519 2220 586 tentiam,
2252 521 2378 576 dum
2403 522 2690 593 aliquando
2718 524 2890 594 punit,
2919 530 2973 577 et
2999 523 3198 596 flagitia
3227 540 3334 580 non
3363 541 3559 596 usque-

1971 623 2185 679 quaque
2208 611 2379 668 inulta
2407 613 2750 684 derelinquit.
2776 615 2842 669 Et
2864 631 3077 671 rursum
3108 636 3126 669 ι
3154 616 3208 670 iu
3229 617 3372 671 vasis
3395 620 3560 674 mise-

1971 699 2274 766 ricordias,»
2309 700 2413 757 hoc
2441 712 2525 757 est
2555 703 2647 774 qui
2676 705 2996 774 semetipsos
3039 705 3469 762 emundaverunt
3493 709 3560 764 ab

1972 791 2118 846 Omni
2146 792 2304 846 sorde
2317 795 2546 863 peccati,
2567 810 2634 849 ex
2658 809 2761 864 qua
2784 814 2801 846 ι
2825 797 3054 851 mundus
3078 812 3236 852 nemo
3252 807 3354 862 est,
3371 798 3563 852 etiam-

1974 884 2020 939 si
2043 884 2201 938 unius
2227 884 2330 939 diei
2361 883 2521 939 fuerit
2548 887 2658 942 vita
2676 888 2844 958 cjusn
2869 897 3026 944 notas
3051 888 3178 944 facit
3201 891 3420 945 divitias
3447 892 3565 962 glo-

1975 975 2070 1030 rite
2095 990 2361 1046 suae,qua3
2381 990 2512 1030 vasa
2549 993 2655 1030 non
2699 978 3056 1034 irrationabili
3080 979 3282 1050 aliqua,
3317 989 3410 1034 aut
3449 980 3562 1036 for-

1976 1067 2112 1122 tuita
2137 1069 2330 1139 gratia,
2355 1069 2448 1124 sed
2471 1071 2726 1140 quoniam
2761 1071 2876 1142 ipsa
2909 1089 2939 1126 a
2969 1075 3294 1143 supradictis
3317 1073 3564 1130 sordibus

1975 1173 2036 1216 se
2076 1170 2539 1232 expurgaverunt,‘
2569 1164 2895 1233 praeparavit
2943 1166 2995 1218 in
3037 1165 3287 1236 gloriam.
3332 1159 3562 1240 (Ambr.)

1977 1247 2242 1306 Patientia
2271 1260 2324 1306 et
2348 1253 2729 1323 longanimitas
2757 1251 2851 1308 Dei
2880 1254 2991 1323 ipsa
3017 1263 3119 1319 est,
3150 1271 3269 1325 quae
3290 1256 3432 1311 sicut
3452 1272 3566 1311 ma—

1977 1341 2057 1398 los
2083 1351 2352 1412 praeparat
2385 1343 2453 1398 ad
2494 1343 2770 1397 interitum
2791 1384 2806 1407 ,
2831 1344 2902 1398 ita
2924 1351 2981 1397 et
3004 1343 3174 1399 bonos
3200 1354 3359 1412 parat
3387 1346 3456 1400 ad
3479 1362 3568 1402 co-

1978 1447 2200 1504 ronam:
2219 1433 2345 1506 boni
2371 1434 2516 1488 enim
2545 1443 2705 1499 sunt,
2735 1435 2787 1488 in
2813 1435 3010 1504 quibus
3040 1449 3164 1504 spes
3186 1434 3308 1490 ﬁdei
3332 1444 3434 1500 est,
3458 1451 3569 1490 om-

1977 1539 2076 1580 nes
2098 1525 2242 1580 enim
2276 1526 2524 1592 sustinet,
2555 1527 2732 1582 sciens
2755 1528 2961 1582 exitum
2990 1527 3345 1598 singulorum,
3374 1543 3440 1582 ac
3471 1542 3572 1597 per

1978 1613 2080 1670 hoc
2108 1615 2367 1685 patientia
2390 1625 2503 1682 est,
2527 1630 2646 1687 qua:
2674 1616 2794 1671 illos
2816 1617 2908 1685 qui
2933 1631 3000 1670 ex
3023 1615 3181 1670 malis
3203 1616 3566 1686 corriguntur,

1980 1715 2073 1762 aut
2106 1707 2160 1762 in
2192 1708 2335 1763 bono
2366 1717 2777 1777 perseverantes
2801 1715 2944 1773 sunt,
2967 1714 3235 1777 przeparat
3256 1707 3324 1761 ad
3345 1707 3569 1778 gloriam

290 1776 421 1861 tiam
459 1776 668 1875 peccati
703 1801 942 1857 maculas
989 1797 1251 1864 abluerit,
1279 1798 1350 1852 sit
1373 1776 1575 1851 vasrad
1598 1801 1877 1849 contume-
1905 1776 1953 1834 Β
1981 1798 2098 1853 Dei.
2145 1776 2381 1854 Divitize
2401 1807 2583 1854 autem
2619 1799 2802 1870 gloriae
2847 1808 2973 1854 sunt
3015 1776 3248 1870 dignitas
3295 1776 3571 1870 multiplex

292 1896 448 1961 liam;
479 1897 625 1966 quod
649 1896 752 1951 etsi
789 1893 1001 1950 auxerit
1027 1892 1288 1947 malitiam
1317 1896 1372 1945 et
1397 1886 1636 1944 converti
1665 1899 1761 1956 per
1781 1885 1882 1939 du-

292 1986 471 2040 ritiam
513 1986 710 2040 mentis
751 1993 808 2039 et
850 1997 945 2039 cor
987 1981 1336 2051 impmnitens
1378 1978 1599 2034 omnino
1641 1985 1882 2031 conteru—

293 2075 480 2145 pserit,
517 2075 622 2129 erit
650 2072 761 2142 iam
798 2087 909 2127 non
951 2071 1126 2127 solum
1166 2085 1260 2124 vas
1288 2067 1658 2132 contumeliae,
1692 2066 1788 2120 sed
1826 2073 1882 2120 et

294 2180 390 2220 vas
414 2165 526 2219 im.
558 2164 637 2219 lta
666 2179 797 2234 ergo
823 2163 1108 2228 rationem,
1133 2175 1294 2231 quam
1323 2160 1394 2216 ibi
1418 2160 1632 2230 indigne
1660 2173 1884 2228 poscen-

293 2257 439 2311 tibus
475 2255 694 2320 claudit,
733 2256 821 2310 bic
865 2254 1024 2324 digne
1069 2251 1501 2308 desiderantibus
1541 2248 1747 2319 pandit.
1780 2248 1884 2301 Per

292 2365 457 2421 quam
483 2351 644 2406 etiam
681 2349 811 2405 illud
848 2349 992 2419 quod
1021 2348 1182 2418 paulo
1212 2357 1339 2402 ante
1363 2347 1430 2402 de
1458 2345 1625 2401 Iacob
1660 2352 1716 2401 et
1739 2345 1880 2399 Esau

292 2440 574 2511 proposuit
613 2440 855 2509 apertius
886 2438 1226 2508 explanatur.
1269 2436 1341 2492 Ut
1366 2437 1508 2493 enim
1548 2436 1716 2491 Jacob
1739 2443 1884 2491 esset

294 2545 392 2586 vas
419 2529 487 2585 ad
518 2530 777 2586 honorem
823 2528 1214 2584 sanctiﬁcatum
1247 2535 1303 2583 et
1343 2528 1475 2583 utile
1520 2527 1766 2589 Domino,
1815 2527 1884 2581 ad

294 2635 456 2678 omne
479 2636 616 2691 opus
635 2621 834 2676 bonum
859 2627 1130 2689 paratum,
1153 2619 1332 2673 anima
1364 2617 1478 2687 eius
1499 2617 1886 2673 emundaverat

295 2716 662 2786 semetipsum,
692 2724 748 2771 et
793 2716 982 2771 videns
1025 2715 1169 2770 Deus
1204 2715 1496 2784 puritatem
1542 2711 1680 2781 ejus,
1711 2715 1766 2764 et
1789 2722 1889 2779 po-

297 2814 548 2862 testatem
576 2807 784 2862 habens
805 2821 873 2860 ex
900 2805 1090 2860 eadem
1119 2819 1298 2859 massa
1321 2803 1500 2858 facere
1529 2802 1673 2856 aliud
1694 2816 1790 2856 vas
1817 2799 1887 2854 ad

298 2899 584 2961 honorem,
617 2896 760 2950 aliud
796 2896 863 2950 ad
887 2895 1288 2960 contumeliam,
1310 2893 1479 2949 Iacob
1503 2893 1741 2964 quidem,
1767 2890 1884 2962 qui,

300 2997 360 3042 ut
397 2987 662 3052 diximus,
693 2988 1082 3043 emundaverat
1126 2986 1492 3055 semetipsum,
1531 2983 1659 3038 fecit
1693 2997 1786 3036 vas
1819 2981 1886 3034 ad

300 3081 595 3136 honorem:
623 3079 760 3134 Esau
792 3093 920 3133 vero
965 3077 1118 3146 cujus
1152 3078 1386 3131 animam
1428 3091 1534 3129 non
1562 3075 1635 3130 ita
1667 3087 1884 3144 puram,

302 3187 406 3228 nec
435 3171 510 3226 ita
555 3171 852 3241 simplicem
886 3171 1052 3236 vidit,
1078 3185 1146 3225 ex
1177 3170 1365 3224 eadem
1417 3182 1596 3222 massa
1636 3165 1765 3222 fecit
1791 3180 1889 3222 vas

303 3261 370 3318 ad
401 3260 804 3318 contumeliam.
837 3259 909 3316 Ut
947 3268 1127 3315 autem
1165 3260 1306 3315 scias
1341 3259 1482 3328 quod
1528 3271 1630 3328 pro
1657 3256 1891 3327 puritate

302 3360 360 3407 et
386 3351 734 3420 simplicitate
765 3352 962 3407 animae
988 3350 1158 3406 Iacob
1189 3351 1364 3406 factus
1387 3349 1552 3405 fuerit
1578 3363 1674 3404 vas
1696 3349 1763 3404 ad
1787 3349 1890 3404 ho-

302 3460 524 3509 norem,
554 3444 678 3499 audi
717 3444 877 3514 quale
902 3443 954 3499 ei
989 3443 1170 3499 divina
1212 3441 1491 3512 Scriptura
1530 3441 1892 3511 simplicitatis

303 3534 674 3590 testimonium
697 3534 950 3603 perhibet
972 3551 985 3587 :
1009 3530 1160 3596 Erat,
1179 3531 1376 3602 inquit,
1396 3531 1562 3585 Iacob
1590 3531 1744 3584 homo
1766 3533 1892 3584 sint-

302 3626 423 3698 plea:
468 3625 711 3680 habitans
750 3625 966 3680 domum
1006 3623 1173 3694 (Gen.
1203 3622 1339 3695 xxv)
1379 3641 1393 3676 :
1431 3623 1552 3678 ideo
1592 3635 1722 3692 ergo
1752 3621 1894 3692 Apo—

305 3716 477 3771 stolus
501 3700 634 3772 dicit
654 3715 722 3771 de
749 3717 830 3771 eis
856 3716 980 3785 quia
1009 3715 1323 3786 priusquam
1346 3721 1726 3777 nascerentur,
1757 3712 1892 3768 dici-

305 3815 397 3862 tur
421 3806 486 3863 de
514 3807 614 3872 eis,
651 3826 670 3858 ι
696 3805 864 3862 Jacob
893 3806 1093 3870 dilexi,
1127 3806 1267 3860 Esau
1292 3812 1470 3860 autem
1493 3805 1618 3860 odio
1646 3803 1832 3858 habui.
1868 3822 1888 3855 ι

382 3895 534 3963 Quod
555 3897 600 3952 si
618 3896 794 3952 uolens
820 3897 960 3951 Deus
985 3897 1256 3952 ostendere
1275 3896 1434 3959 iram,
1450 3904 1499 3947 et
1523 3905 1698 3949 notam
1726 3893 1898 3962 facere

305 3987 589 4057 potentiam
613 4003 784 4052 suam,
806 3987 1057 4040 sustinuit
1079 3986 1135 4039 in
1155 3983 1322 4040 multa
1351 3977 1623 4054 patientia,
1649 3999 1772 4039 uasa
1802 3983 1899 4038 ira

306 4086 489 4147 aptata
521 4076 575 4130 in
604 4077 893 4142 interitum,
919 4086 974 4130 ut
1012 4076 1301 4132 ostenderet
1338 4076 1551 4131 divitias
1579 4075 1762 4146 glorice
1787 4091 1898 4129 sate

309 4185 405 4241 per
427 4186 552 4224 uasa
575 4169 948 4225 misericordia:
966 4186 1084 4240 quin
1105 4168 1416 4239 prteparavit
1434 4169 1490 4221 in
1511 4165 1754 4238 gloriam,
1769 4181 1898 4237 quos

307 4268 355 4312 et
400 4259 594 4312 vocavit
637 4275 761 4324 nos,
809 4275 914 4313 non
954 4257 1126 4313 solum
1166 4274 1231 4313 ea:
1261 4257 1501 4324 Iudaeis,
1536 4256 1626 4312 sed
1651 4257 1811 4312 etiam
1835 4271 1902 4311 ea:

309 4351 572 4422 gentibus.
599 4349 796 4422 (0rig.)
831 4349 985 4422 Saepe
1012 4351 1080 4406 de
1109 4350 1482 4422 incompositis
1501 4348 1898 4406 elocutionibus

310 4443 551 4514 Aposteli
588 4444 993 4512 defectibusque
1037 4457 1224 4498 earum
1268 4442 1721 4507 commonuimus,
1753 4439 1898 4509 quod

308 4544 369 4592 et
397 4536 450 4590 in
481 4537 732 4606 praesenti
758 4535 877 4590 loco
904 4534 1253 4589 nihilominus
1283 4533 1584 4599 invenitur,
1613 4547 1722 4587 non
1751 4531 1898 4587 enim

312 4625 555 4682 redditur
581 4627 648 4682 ad
688 4625 890 4696 aliquid
922 4625 1022 4681 hoc
1062 4625 1207 4695 quod
1251 4625 1327 4678 ait
1365 4626 1420 4679 in
1460 4625 1727 4694 principio
1753 4623 1902 4694 capi-

225 4750 240 4759 -
312 4718 464 4783 tuli,¢
483 4718 626 4788 quod
651 4718 697 4773 si
729 4718 912 4772 volens
931 4716 1124 4782 Deus,»
1155 4716 1304 4771 verbi
1332 4729 1518 4782 causa,
1541 4723 1599 4770 ut
1625 4723 1680 4770 et
1705 4715 1758 4769 in
1779 4715 1901 4770 aliis

313 4811 432 4881 ipse
457 4809 618 4874 dixit,
651 4827 669 4861 ι
695 4809 839 4879 quod
869 4809 916 4864 si
942 4808 1194 4878 primitiae
1234 4815 1436 4862 sanctae
1461 4816 1516 4862 et
1544 4821 1776 4872 massa»
1811 4807 1902 4862 hic

314 4899 450 4956 nihil
502 4899 610 4954 tale
658 4899 850 4966 reddit,
883 4900 978 4954 sed
1021 4899 1178 4968 quasi
1222 4912 1416 4969 vagam
1464 4896 1898 4967 coniunctionem

316 4993 480 5050 istam
508 4990 742 5061 reliquit,
773 5007 895 5062 qua:
924 4991 1088 5046 etiam
1117 4991 1294 5045 sinon
1320 4997 1649 5055 assumatur,
1672 4989 1906 5045 lucidior

317 5082 525 5152 absque
573 5095 639 5137 ea
679 5082 895 5138 dabitur
937 5081 1242 5136 intellectus
1283 5080 1455 5151 (verbi
1499 5078 1684 5151 causa)
1728 5087 1788 5134 ut
1827 5080 1902 5134 ita

320 5172 587 5240 legamus,
610 5172 783 5246 uolens
807 5173 948 5228 Deus
983 5172 1252 5227 ostendere
1280 5172 1415 5225 iram
1450 5181 1499 5225 et
1529 5180 1706 5225 notant
1733 5171 1906 5241 facere

319 5265 608 5332 potentiam
631 5279 802 5328 suam,
828 5263 1074 5318 sustinuit
1101 5263 1157 5317 in
1179 5261 1346 5316 multa
1367 5262 1619 5332 patientia
1660 5277 1785 5315 vasa
1810 5263 1903 5316 ira

322 5362 451 5423 apta
487 5354 545 5408 in
572 5354 934 5425 perditionem,
967 5363 1022 5407 ut
1052 5365 1201 5409 notas
1235 5353 1424 5423 faceret
1467 5351 1676 5406 divitias
1722 5350 1904 5422 gloriae
1929 5404 1954 5433 ς

320 5459 456 5509 ηαξ,
486 5445 543 5498 in
575 5461 699 5499 uasa
723 5444 1117 5498 misericordite.
1148 5444 1206 5498 In
1233 5457 1342 5513 quo
1371 5442 1472 5496 hoc
1510 5442 1725 5496 videtur
1751 5441 1908 5496 intel-

321 5533 439 5606 ligi,
467 5537 594 5606 quia
629 5535 755 5592 dum
783 5535 1016 5590 sustinet
1043 5536 1204 5600 Deus,
1237 5542 1293 5589 et
1316 5548 1413 5603 per
1446 5532 1765 5603 patientiam
1797 5532 1905 5588 fert

325 5625 636 5682 incredulos
682 5635 736 5680 et
785 5623 1044 5690 inﬁdeles,
1083 5636 1264 5680 notam
1312 5624 1442 5678 facit
1483 5623 1820 5690 hominibus,
1851 5632 1908 5680 et

327 5718 645 5788 patientiam
673 5726 729 5774 et
754 5718 1051 5790 potentiam
1084 5731 1258 5774 suam.
1287 5717 1631 5786 Patientiam,
1655 5720 1780 5774 dum
1813 5719 1904 5776 diu

1979 1897 2282 1960 praeparata
2331 1890 2714 1954 credentibus,
2766 1904 2859 1944 eos
2906 1897 3086 1943 autem
3137 1889 3227 1958 qui
3275 1905 3340 1945 ex
3407 1891 3564 1946 benis

1982 1980 2120 2035 ﬁunt
2157 1980 2281 2034 mali
2321 1989 2376 2034 et
2406 1980 2459 2034 in
2492 1986 2672 2049 empto
2703 1979 3032 2049 perdurant,
3065 1985 3332 2048 praeparat
3374 1980 3442 2033 ad
3482 1979 3570 2033 iu-

1985 2071 2230 2127 teritum.
2260 2070 2374 2125 Hoc
2401 2078 2485 2125 est
2512 2079 2692 2125 autem
2724 2067 3073 2124 manifestare
3093 2069 3390 2140 potentiam
3420 2086 3573 2125 suam

1986 2163 2039 2217 in
2074 2162 2241 2216 multa
2272 2162 2562 2232 patientia,
2594 2161 2718 2230 quia
2757 2176 2880 2215 cum
2919 2168 3143 2230 putatur
3178 2175 3285 2214 non
3330 2161 3574 2216 vindica-

1986 2261 2163 2318 turus,
2197 2252 2320 2321 quia
2361 2251 2453 2305 diu
2485 2250 2810 2316 dissimulat,
2848 2267 2969 2306 cum
3007 2251 3239 2320 cmperit
3272 2250 3570 2320 vindicare,

1984 2343 2262 2412 apparebit
2291 2339 2406 2410 ejus
2433 2342 2673 2412 potentia
2700 2359 2714 2407 ;
2744 2342 2870 2413 quia
2899 2357 3019 2396 cum
3047 2343 3220 2412 possit
3247 2345 3428 2397 statim
3463 2345 3576 2398 vin-

1985 2436 2187 2501 dicare,
2204 2435 2293 2489 diu
2316 2435 2590 2499 sustinuit,
2617 2443 2674 2488 ut
2691 2433 2883 2503 perﬁdi
2905 2436 3058 2505 queri
3075 2451 3178 2490 non
3204 2435 3411 2505 possint
3431 2435 3576 2490 dam-

1986 2532 2118 2586 nati.
2151 2530 2465 2601 Prmparare
2495 2537 2579 2585 est
2607 2535 2812 2594 autem,
2845 2544 3285 2600 unumquemque
3313 2530 3572 2600 praescire

1987 2621 2116 2691 quid
2161 2619 2400 2675 futurum
2455 2628 2559 2676 est.
2594 2620 2817 2694 (Aug.)
2861 2619 3000 2676 Hinc
3052 2621 3184 2676 satis
3245 2620 3578 2692 signiﬁcavit

1987 2710 2402 2767 obdurationem
2447 2710 2594 2764 illam
2652 2709 2861 2776 cordis,
2916 2725 3036 2780 qua:
3077 2713 3130 2765 in
3175 2709 3454 2766 Pharaone
3495 2711 3575 2766 fa-

1987 2812 2076 2858 cta
2113 2811 2212 2868 est,
2255 2818 2321 2858 ex
2356 2803 2551 2858 merito
2585 2803 2798 2858 venisse
2832 2804 3039 2859 occulte
3076 2805 3340 2873 superiori
3382 2805 3573 2874 impie-

1989 2893 2117 2960 tati,
2151 2909 2310 2964 quam
2342 2903 2520 2948 tamen
2547 2894 2816 2964 patienter
2839 2895 3099 2949 sustinuit
3127 2896 3268 2950 Deus
3297 2896 3469 2951 donec
3507 2897 3575 2951 ad

1989 2985 2116 3042 illud
2165 2995 2375 3058 tempus
2425 2982 2825 3057 perduceretur,
2876 3003 2982 3058 quo
3012 2997 3312 3058 opportune
3344 2988 3396 3042 in
3446 3003 3571 3043 eum

1991 3077 2229 3132 vindicta
2289 3077 2611 3146 procederet
2649 3078 2716 3132 ad
2752 3079 3148 3133 correctionem
3195 3093 3382 3133 eorum
3442 3094 3579 3149 quos

1991 3170 2059 3224 ab
2097 3184 2283 3224 errore
2321 3170 2629 3225 instituerat
2662 3169 2931 3235 liberare,
2974 3178 3031 3224 et
3065 3169 3132 3224 ad
3170 3169 3371 3224 cultmn
3414 3185 3572 3225 suum

1989 3260 2192 3330 pietate
2221 3261 2464 3316 vocando
2491 3263 2807 3331 perducere,
2834 3260 3084 3331 precibus
3112 3277 3298 3316 eorum
3330 3271 3386 3316 et
3413 3264 3580 3334 gemi-

1992 3351 2136 3406 tibus
2185 3365 2342 3421 opem
2387 3353 2655 3422 praebens.
2686 3350 2909 3424 (0rig.)
2941 3353 3092 3421 Quod
3129 3362 3311 3409 autem
3343 3354 3568 3424 subjun-

1993 3441 2072 3510 git
2097 3457 2226 3513 quos
2274 3451 2320 3496 et
2351 3444 2547 3496 vocavit
2582 3460 2698 3508 nos,
2729 3459 2826 3514 pro
2856 3459 2942 3510 eo,
2974 3452 3033 3497 ut
3061 3445 3105 3499 si
3140 3445 3396 3511 dixisset,
3432 3447 3577 3501 sicut

1995 3546 2122 3595 nos,
2161 3547 2298 3601 quos
2334 3533 2549 3587 vocavit
2582 3550 2684 3586 non
2722 3533 2891 3586 solum
2923 3551 2988 3588 ea:
3022 3533 3258 3600 Judreis,
3295 3537 3386 3590 sed
3423 3538 3583 3592 etiam

1993 3637 2059 3678 ea:
2085 3622 2338 3693 gentibus.
2372 3621 2659 3693 Superiora
2691 3624 2835 3678 enim
2867 3625 3020 3694 quasi
3057 3626 3122 3680 dc
3150 3625 3457 3693 Pharaone,
3489 3629 3580 3698 qui

1996 3711 2097 3767 fuit
2133 3728 2228 3766 vas
2263 3712 2388 3777 irae,
2423 3719 2478 3767 et
2512 3713 2576 3766 de
2611 3711 2734 3766 ﬁliis
2767 3711 2962 3775 Israel,
2999 3714 3090 3784 qui
3120 3725 3277 3770 erant
3307 3732 3437 3771 vasa
3479 3719 3582 3772 mi-

1995 3803 2303 3858 sericordia:
2322 3809 2643 3871 prosecutus
2665 3803 2911 3870 videtur;
2937 3803 3024 3858 hic
3045 3820 3174 3874 ergo
3195 3807 3335 3875 quod
3358 3808 3583 3879 subjun-

1997 3895 2106 3967 git,
2146 3910 2277 3966 quos
2313 3904 2362 3948 et
2403 3894 2598 3949 vocavit
2636 3911 2729 3948 nos
2766 3911 2869 3949 non
2907 3895 3080 3950 solum
3119 3914 3183 3951 ea:
3218 3897 3454 3967 Judwis,
3491 3901 3582 3956 sed

1997 3989 2154 4043 etiam
2183 4004 2247 4043 ex
2281 3987 2516 4059 gentibus
2537 4027 2552 4053 ,
2592 3987 2998 4042 similitudinem
3038 3989 3252 4044 videtur
3276 4006 3580 4061 assumere,

1999 4079 2103 4134 hoc
2132 4086 2233 4144 est,
2268 4087 2328 4132 ut
2366 4077 2440 4132 ita
2471 4078 2672 4156 dictum
2702 4077 2984 4133 videatur:
3020 4078 3156 4134 sicut
3187 4089 3240 4136 et
3268 4096 3365 4136 nos
3395 4097 3582 4138 sumus

1999 4186 2128 4226 vasa
2168 4169 2590 4235 misericordiae,
2629 4185 2765 4240 quos
2799 4169 3012 4225 vocavit
3047 4185 3153 4223 non
3195 4169 3364 4225 solum
3396 4186 3460 4224 ex
3492 4171 3585 4226 Ju-

2001 4263 2164 4330 dacis,
2207 4263 2302 4318 sed
2342 4262 2508 4318 etiam
2543 4278 2608 4318 ex
2647 4261 2915 4333 gentibus.
2959 4259 3176 4334 (Aug.)
3208 4260 3396 4317 Totius
3426 4262 3584 4332 hujus

2001 4354 2382 4425 disputationis
2417 4354 2751 4424 propositum
2787 4352 2854 4407 ad
2893 4353 2995 4408 hoc
3034 4354 3313 4424 perducit,
3347 4363 3404 4410 ut
3437 4371 3578 4425 quo-

2004 4444 2150 4498 niam
2179 4443 2359 4499 docuit
2387 4444 2812 4499 misericordiam
2841 4443 2934 4499 Dei
2962 4459 3102 4509 esse,
3126 4447 3268 4514 quod
3293 4447 3434 4502 bene
3450 4461 3579 4518 ope-

2007 4551 2222 4601 ramur,
2257 4550 2362 4589 non
2397 4543 2647 4606 tanquam
2690 4551 2757 4592 ex
2785 4536 3036 4607 operibus
3065 4536 3234 4593 Judaei
3261 4539 3578 4610 glorientur,

2006 4627 2098 4700 qui
2139 4641 2261 4681 cum
2301 4625 2646 4698 Evangelium
2675 4627 3058 4697 percepissent,
3089 4637 3342 4699 tanquam
3373 4631 3585 4688 meritis

2007 4717 2119 4773 suis
2147 4717 2200 4772 id
2233 4717 2638 4772 retribuendum
2674 4718 3084 4785 existimantes,
3116 4721 3368 4775 nolebant
3403 4723 3581 4793 genti-

2005 4813 2106 4868 bus
2159 4811 2308 4877 dari,
2351 4826 2379 4865 a
2421 4827 2525 4882 qua
2578 4811 2829 4882 superbia
2878 4811 2991 4884 jam
3042 4812 3239 4867 debent
3287 4812 3582 4879 desistere,

2005 4901 2364 4974 intelligentes
2387 4944 2402 4969 ,
2435 4905 2690 4974 quoniam
2728 4919 2834 4958 non
2867 4918 2932 4958 ex
2968 4905 3256 4975 operibus,
3288 4904 3381 4959 sed
3417 4904 3579 4959 mise-

2004 4997 2236 5052 ricordia
2269 4995 2457 5061 Dei,et
2481 4995 2764 5050 vocatione
2797 4994 2900 5049 hoc
2929 4994 3584 5064 credentibus‘prurstatur

2003 5096 2064 5142 ut
2095 5088 2231 5142 bene
2263 5101 2569 5156 operemur,
2599 5101 2704 5142 non
2743 5093 2830 5140 est
2865 5084 3113 5155 gentibus
3152 5086 3255 5140 ista
3288 5085 3578 5141 invidenda

2003 5177 2396 5242 misericordia,
2425 5177 2578 5246 quasi
2608 5177 2829 5246 praelato
2857 5175 3052 5230 merito
3077 5174 3406 5241 Iudaeorum,
3435 5176 3581 5246 quod

2004 5268 2208 5323 nullum
2244 5275 2346 5323 est.
2385 5264 2582 5339 (θήρ.)
2622 5265 2780 5331 Ηειες,
2818 5273 3079 5334 quantum
3117 5264 3184 5318 ad
3229 5265 3396 5334 ipsius
3431 5264 3581 5334 Apo-

2005 5355 2179 5412 stolici
2226 5353 2490 5410 sermonis
2533 5354 2780 5408 ordinem
2827 5352 3367 5424 explanationemque
3399 5354 3587 5409 verbo-

2008 5463 2128 5504 rum
2165 5446 2428 5517 pertinet,
2471 5445 2615 5501 dicta
2653 5447 2799 5511 sint;
2837 5460 2980 5500 nunc
3008 5445 3248 5500 breviter
3280 5453 3584 5514 repetentes

2008 5539 2185 5608 aliqua
2207 5537 2369 5593 etiam
2392 5539 2456 5591 de
2480 5535 2750 5593 intellectu
2776 5537 3034 5592 interiore
3054 5537 3428 5607 requiramus;
3454 5551 3589 5607 quo-

2009 5629 2170 5685 modo
2203 5645 2331 5701 ergo
2362 5629 2506 5685 Deus
2536 5637 2722 5684 notam
2744 5627 2884 5683 facit
2915 5628 3051 5683 iram
3082 5629 3274 5684 suam?
3301 5644 3393 5698 per
3428 5645 3550 5682 vasa
3569 5669 3585 5693 ,

2013 5719 2212 5790 inquit,
2255 5721 2347 5775 ira:
2385 5726 2567 5790 aptata
2602 5719 2670 5777 ad
2702 5719 3081 5791 perditionem.
3123 5718 3456 5790 Obstupesco
3489 5731 3589 5791 ego
