4026 6180
246 360 379 416 1501

775 343 1322 407 ENARRATIONUM
1360 341 1428 398 IN
1463 338 1614 397 EPP.
1649 333 1858 393 PAULI
1894 331 2022 390 LIB.
2061 334 2129 391 τ.
2167 365 2238 376 -
2270 334 2340 392 IN
2373 334 2592 394 EPIST.
2623 335 2717 393 AD
2751 335 2916 398 ROM.

3374 338 3398 392 1·
3406 337 3512 393 502

242 476 387 532 turis
434 466 736 538 Propheta,
780 462 996 517 videbat
1043 457 1184 530 quod
1247 453 1465 528 plurimi
1512 468 1580 508 ex
1627 449 1822 516 Israel,
1852 446 1905 515 Δ
1932 445 2048 504 solo
2093 444 2310 502 nomine
2355 444 2567 500 Domini
2614 446 2914 503 conditoris
2957 454 3325 525 consequatur
3369 447 3514 504 salu-

239 575 304 622 et
344 565 398 620 hi
441 558 676 616 maxime
725 555 818 624 qui
860 567 1038 608 arente
1093 548 1264 604 maris
1294 555 1701 616 comparantur,
1727 558 1827 613 per

241 653 502 712 duritiam
555 663 709 704 suam
774 653 830 700 et
906 659 1001 700 eor
1052 641 1396 711 imposnitons
1446 637 1615 692 futuri
1669 643 1828 692 erant

247 763 269 799 ι
296 759 426 800 vasa
478 741 604 806 irae,
638 745 819 809 aptata
852 734 918 790 ad
947 734 1326 804 perditionem,
1351 751 1370 785 ι
1396 746 1504 787 non
1543 729 1828 785 credentes

239 834 372 889 vitae
400 845 540 895 suae,
589 827 685 883 sed
728 825 1011 882 Dominum
1057 823 1358 894 maiestatis
1399 820 1822 891 eruciligentes;

241 925 294 980 si
347 937 507 994 ergo,
562 917 759 988 inquit,
812 915 1011 970 fuerint
1070 921 1368 984 «tanquam
1406 925 1572 966 arena
1621 908 1824 974 maris,

241 1013 490 1084 reliquias
537 1009 702 1064 salvae
749 1005 881 1061 ﬁent
909 1023 928 1057 ι
977 1003 1056 1058 Illi
1104 1003 1196 1073 qui
1240 1017 1348 1057 non
1388 999 1668 1057 salvantur
1710 1006 1832 1053 tan-

241 1119 411 1175 quam
443 1117 608 1156 arena
639 1099 804 1153 maris
832 1103 994 1162 sunt;
1039 1093 1280 1164 reliquiae
1316 1107 1466 1158 vero,
1515 1106 1637 1161 qua:
1667 1089 1830 1146 salvae

241 1197 380 1252 nent
425 1203 681 1264 tanquam
736 1187 904 1245 stellae
959 1186 1084 1244 οωιί
1143 1194 1308 1250 sunt,
1363 1193 1654 1254 utrumque
1711 1189 1828 1236 ete-

241 1288 361 1342 nim
421 1280 830 1355 promissionis,
879 1293 1000 1349 quze
1051 1276 1120 1332 ad
1179 1276 1453 1332 Abraham
1521 1273 1662 1329 facta
1720 1281 1825 1338 est,

239 1379 490 1435 continet
532 1389 712 1432 sermo
744 1387 760 1428 :
792 1371 944 1438 Erit,
992 1371 1200 1441 inquit,
1255 1386 1429 1424 semen
1490 1377 1640 1422 tuum
1693 1365 1828 1420 sicut

241 1491 410 1528 arena
436 1472 599 1526 maris
617 1511 630 1536 ,
661 1479 710 1524 et
738 1469 873 1522 sicut
900 1465 1063 1521 stella:
1092 1463 1226 1520 caeli.
1259 1462 1410 1535 (Gen.
1441 1477 1554 1516 uti
1578 1461 1596 1532 )
1641 1456 1826 1532 [Aug]

240 1563 372 1618 Alio
397 1569 576 1616 autem
600 1574 782 1622 sensu,
806 1557 862 1612 in
890 1571 954 1612 eo
980 1555 1122 1626 quod
1145 1553 1296 1619 dicit,
1321 1552 1494 1607 Isaias
1517 1549 1708 1605 clamat
1732 1563 1827 1620 pro

243 1650 442 1715 Israel,
474 1658 529 1706 et
553 1649 775 1718 reliqua,
799 1647 1033 1702 ostendit
1053 1643 1506 1715 quemadmodum
1540 1641 1613 1696 sit
1647 1638 1830 1695 Domi-

241 1756 354 1796 nus
383 1741 520 1811 lapis
549 1739 822 1811 angularis
837 1745 1127 1806 utrumque
1140 1735 1403 1804 parietem
1424 1733 1476 1786 in
1500 1747 1559 1787 se
1569 1731 1822 1803 iungens.

1931 548 2038 596 tem
2065 548 2344 605 creatura,
2373 539 2477 594 hoc
2505 547 2620 606 est,
2650 556 2750 610 per
2779 540 2937 596 ﬁdem
2956 581 2970 606 ,
2988 540 3115 611 quia
3147 542 3374 598 sublatis
3399 559 3515 602 om-

1929 631 2088 688 nibus
2125 632 2424 688 neomeniis
2473 640 2528 688 et
2573 632 2834 697 sabbato,
2881 640 2936 686 et
2975 632 3424 697 circumcisione,
3455 639 3512 688 et

1929 725 2046 797 lege
2073 739 2352 791 escarum,
2395 733 2450 780 et
2486 723 2850 780 oblationibus
2887 738 3144 794 pecorum
3171 765 3187 790 ,
3226 725 3335 779 sola
3377 725 3511 780 lides

1928 820 2102 892 posita
2153 829 2238 874 est
2289 818 2358 874 ad
2417 819 2676 884 salutem,
2733 834 2855 889 quae
2905 819 3221 874 abbreviata
3275 834 3340 874 es
3394 818 3511 890 lege

1928 921 2044 979 est,
2075 913 2201 982 quia
2231 912 2373 982 quod
2406 913 2459 968 in
2495 913 2599 967 lide
2651 919 2768 979 est,
2813 914 2865 967 in
2902 912 3017 983 lege
3059 911 3310 976 habetur,
3355 914 3511 983 quasi

1927 1003 2225 1074 principale
2274 1003 2427 1074 legis,
2458 1004 2668 1058 dicente
2724 1003 3006 1060 Salvatore
3056 1022 3069 1059 :
3125 1004 3202 1058 De
3247 1021 3328 1058 me
3374 1008 3518 1060 enim

1927 1098 2133 1168 scripsit
2164 1095 2371 1167 Moyses
2403 1095 2604 1168 (Joan.
2630 1113 2662 1150 v
2683 1097 2725 1169 ).
2759 1095 3084 1154 Abbreviata
3117 1108 3204 1154 est
3233 1113 3362 1170 ergo
3392 1099 3476 1153 lex
3496 1139 3511 1164 ,

1928 1185 2170 1256 reliquias
2222 1184 2529 1240 ludit-orum
2581 1178 2877 1249 salvantur,
2923 1187 3104 1241 caeteri
3143 1201 3274 1241 vero
3313 1185 3512 1240 salvari

1929 1292 2038 1332 non
2069 1286 2315 1348 possunt,
2351 1277 2480 1348 quia
2521 1276 2933 1347 praeﬁnitionem
2963 1277 3059 1332 Dei
3092 1288 3382 1348 spernunt,
3419 1295 3515 1349 per

1930 1383 2091 1438 quam
2137 1383 2306 1439 genus
2348 1369 2644 1424 humanum
2693 1367 2934 1422 decrevit
2980 1368 3211 1423 salvare.
3267 1369 3332 1422 Et
3377 1371 3513 1424 sicut

1927 1460 2171 1533 prwdixit
2219 1459 2438 1514 Isaias:
2492 1459 2612 1514 Nisi
2660 1458 2917 1514 Dominus
2961 1456 3196 1513 Sabaoth
3221 1457 3512 1530 reliquisset

1928 1550 2080 1606 nobis
2126 1566 2320 1615 semen,
2369 1551 2504 1605 sicut
2554 1547 2786 1605 Sodoma
2831 1549 3110 1619 fuissemus
3149 1561 3196 1604 et
3237 1550 3370 1604 sicut
3411 1548 3517 1603 Go-

1930 1641 2142 1696 morrha
2163 1640 2363 1696 similes
2383 1640 2682 1710 fuissemus.
2709 1638 2893 1711 (Orig.
2915 1637 2932 1710 )
2958 1639 3110 1707 Quod
3137 1655 3319 1694 semen
3348 1639 3516 1696 Isaias

1932 1745 1963 1784 a
2011 1729 2242 1786 Domino
2287 1729 2420 1786 dicit
2459 1728 2816 1784 derelictum?
2842 1728 2970 1784 illud
3011 1729 3129 1784 sine
3169 1729 3333 1785 dubio
3372 1729 3516 1798 quod

241 1829 584 1886 Testimonio
635 1829 779 1883 enim
828 1825 982 1883 Osca:
1028 1822 1308 1895 propheta:
1352 1822 1552 1878 dictum
1593 1829 1678 1876 est
1729 1832 1830 1890 pro
1858 1811 1904 1870 Β
1932 1819 2376 1890 idemApostolus
2397 1819 2988 1889 exponitinaliis,cum
3009 1817 3512 1875 dicitadAbraham

241 1921 500 1992 gentibus
527 1937 544 1974 :
577 1917 778 1973 Vocabo
807 1933 911 1971 non
938 1915 1134 1987 plebem
1164 1929 1330 1968 meum
1351 1952 1365 1979 ,
1394 1911 1593 1984 plebem
1619 1925 1790 1965 meum
1810 1949 1827 1975 ,

239 2023 300 2068 et
340 2027 441 2067 non
481 2011 751 2075 dilectam,
795 2007 1058 2061 dilectam.
1098 2005 1165 2060 Et
1190 2003 1342 2060 Isaia;
1363 2002 1728 2059 testimonium
1750 1999 1832 2055 di-

239 2111 399 2160 ctum
439 2117 536 2173 pro
575 2098 775 2164 Israel,
812 2097 1068 2167 quoniam
1111 2094 1346 2166 reliquiis
1385 2093 1547 2148 salute
1579 2091 1740 2162 ﬁent,
1770 2097 1832 2144 ut

243 2194 385 2264 ipsa:
412 2192 735 2261 deputentur
761 2187 816 2242 in
847 2201 1030 2242 semen
1060 2183 1312 2247 Abrahae,
1341 2197 1462 2253 quae
1483 2181 1832 2237 crediderunt

242 2284 308 2341 In
348 2283 650 2345 Christum,
685 2280 758 2336 ita
787 2276 1085 2334 concordes
1112 2275 1300 2330 ambos
1327 2273 1550 2344 populos
1579 2270 1708 2327 facit
1738 2285 1829 2326 se-

243 2375 483 2431 cundum
505 2372 717 2428 Domini
742 2369 1109 2426 testimonium
1130 2367 1360 2424 dicentis
1378 2366 1433 2421 in
1454 2363 1744 2436 Evangelio
1763 2363 1831 2418 de

243 2464 527 2538 gentibus:
554 2461 736 2517 Habeo
765 2461 899 2516 alias
929 2477 1044 2515 oues
1063 2474 1182 2531 quis
1197 2474 1301 2512 non
1326 2467 1445 2512 sunt
1467 2457 1532 2512 de
1559 2457 1656 2511 hoc
1684 2454 1828 2520 ovili,

241 2569 382 2626 quas
411 2562 611 2624 oportet
638 2568 719 2606 me
745 2551 1007 2605 adducere
1025 2590 1041 2616 ,
1079 2557 1128 2604 et
1157 2549 1256 2603 erit
1284 2564 1422 2602 unus
1448 2563 1575 2619 grex
1607 2556 1656 2602 et
1693 2560 1830 2599 unus

242 2657 432 2716 pastor
483 2642 680 2716 (Joan.
712 2641 805 2715 ι).
836 2639 1070 2714 [Greg.]
1112 2639 1312 2695 Sancta
1363 2651 1594 2707 namque
1643 2635 1830 2692 Eccle-

243 2735 331 2791 sia
357 2734 408 2788 in
437 2733 726 2806 primitivis
753 2735 868 2789 suis
895 2731 1238 2810 multitudine
1257 2729 1497 2799 gentium
1521 2727 1825 2793 fecundsta,

246 2824 342 2880 vis
371 2825 428 2880 in
457 2824 642 2880 mundi
671 2823 779 2879 line
807 2823 1054 2889 Iudaeos,
1083 2836 1220 2892 quos
1247 2819 1539 2880 invenerit,
1571 2818 1828 2888 suscipit,

244 2925 307 2973 et
351 2925 595 2972 extrema
641 2915 930 2987 colligens,
965 2929 1088 2980 eos,
1131 2914 1286 2984 quasi
1328 2911 1583 2983 reliquias
1613 2909 1829 2981 frugum

244 3013 419 3087 ponit.
452 3013 529 3068 De
556 3011 751 3085 quibus
782 3013 1035 3068 nimirum
1067 3012 1310 3082 reliquiis
1350 3011 1514 3066 Isaias
1553 3009 1684 3066 dicit
1711 3025 1726 3062 :
1767 3005 1830 3063 Si

246 3105 410 3176 fuerit
467 3119 715 3158 numerus
771 3101 1006 3172 ﬁliorum
1051 3101 1222 3158 Israel
1264 3101 1418 3172 quasi
1457 3116 1654 3166 arena,
1699 3097 1826 3153 reli-

1933 1913 2136 1970 dietum
2177 1927 2298 1968 esse
2329 1929 2344 1966 :
2389 1911 2503 1966 Tibi
2525 1911 2660 1966 dabo
2699 1919 2890 1965 terram
2917 1911 3072 1975 hanc,
3095 1920 3143 1964 et
3175 1911 3360 1963 semini
3386 1920 3514 1976 tuo;

1932 2019 2036 2059 non
2080 2003 2250 2068 dixit,
2295 2011 2342 2056 et
2389 2001 2704 2066 seminibus,
2753 2010 3005 2070 tanquam
3059 2001 3113 2053 in
3161 1999 3376 2064 multis,
3421 2000 3512 2053 sed

1930 2095 2117 2150 semini
2144 2103 2234 2149 tuo
2264 2103 2517 2164 tanquam
2549 2091 2604 2145 in
2634 2107 2762 2154 uno,
2791 2090 2932 2161 quod
2961 2099 3038 2145 est
3065 2087 3308 2144 Christus
3351 2085 3512 2160 (Gal.

1931 2186 2035 2259 ιιι).
2062 2185 2175 2242 Hoc
2194 2192 2278 2241 est
2301 2199 2429 2256 ergo
2455 2181 2598 2254 quod
2625 2183 2753 2238 dicit
2777 2181 2977 2237 Isaias:
3007 2181 3127 2236 Nisi
3153 2181 3407 2236 Dominus
3435 2197 3516 2236 re-

1929 2283 2165 2354 liquisset
2217 2278 2365 2334 nobis
2410 2295 2615 2342 semen,
2668 2277 2721 2332 id
2764 2285 2878 2342 est,
2929 2275 3032 2330 nisi
3077 2275 3316 2330 dedisset
3357 2274 3516 2330 nobis

1930 2373 2239 2438 Christum,
2289 2378 2350 2426 ut
2396 2386 2463 2426 ex
2513 2368 2668 2425 nobis
2719 2376 3052 2432 nasceretur,
3099 2369 3233 2422 sicut
3282 2365 3514 2422 Sodoma

1931 2467 2257 2537 fuissemus,
2307 2469 2568 2532 quantum
2623 2459 2690 2515 ad
2745 2459 3040 2530 impietatis
3089 2455 3513 2530 magnitudinem

1930 2563 2169 2626 spectat,
2204 2552 2307 2609 nisi
2341 2553 2467 2622 quia
2507 2559 2565 2607 et
2595 2550 2811 2622 gravius
2840 2548 3042 2618 aliquid
3079 2548 3218 2618 apud
3249 2548 3517 2604 lsraelitas

1930 2657 2142 2720 gestum
2171 2653 2274 2702 est.
2306 2643 2441 2699 Nam
2475 2642 2766 2700 Sodomita:
2795 2641 3091 2710 inhospites
3139 2640 3328 2696 incesti
3371 2639 3513 2695 refe—

1931 2747 2126 2795 runtur
2165 2745 2221 2794 et
2263 2735 2555 2807 impudici;
2613 2733 2842 2804 populus
2895 2747 3026 2788 vero
3077 2731 3241 2787 Israel
3285 2731 3339 2786 in
3390 2747 3514 2788 eum

1931 2829 2229 2902 sacrilegus
2281 2827 2527 2890 exstitit,
2586 2825 2679 2896 qui
2724 2840 2847 2880 cum
2903 2823 3165 2880 Dominus
3214 2822 3516 2892 maiestatis

1931 2923 2031 2988 sit,
2068 2922 2237 2977 lrater
2263 2934 2452 2975 eorum
2477 2927 2532 2974 et
2559 2917 2665 2974 dici
2696 2915 2892 2980 voluit,
2942 2924 2997 2972 et
3040 2931 3181 2972 esse.
3229 2913 3342 2974 Nisi
3385 2930 3515 2986 ergo

1931 3029 2117 3070 semen
2151 3012 2295 3068 istud
2322 3011 2581 3066 Dominus
2608 3009 2940 3078 reliquisset,
2971 3023 3069 3079 per
3093 3008 3234 3078 quod
3277 3007 3516 3077 reliquias

1932 3103 2095 3160 salva:
2148 3103 2371 3166 tierent,
2426 3108 2481 3156 et
2533 3113 2663 3155 vasa
2721 3098 3104 3154 misericordiae
3149 3097 3512 3163 salvarentur,

243 3167 388 3269 quite
413 3193 570 3249 Ialm
596 3194 743 3263 ﬁent.
771 3167 992 3265 lAmb-)
1024 3193 1236 3248 Clamat
1264 3167 1392 3264 ergo
1417 3191 1584 3246 Isaias
1612 3206 1712 3261 pro
1740 3189 1827 3244 his
1853 3167 1900 3231 ϐ
1931 3196 2225 3253 interiisset
2271 3191 2502 3265 populus
2548 3191 2636 3247 ille
2677 3198 2734 3246 ut
2777 3189 3008 3246 Sodoma
3035 3206 3051 3257 ;
3101 3199 3158 3244 et
3198 3198 3375 3245 tamen
3408 3205 3515 3245 non

244 3283 341 3354 qui
374 3283 598 3338 credunt
627 3283 681 3338 in
715 3281 1024 3348 Christum,
1056 3283 1109 3337 hi
1159 3284 1306 3339 enim
1348 3296 1475 3337 vere
1503 3290 1629 3338 sunt
1661 3281 1830 3337 Israe-

243 3373 383 3439 lita,
421 3373 560 3427 sicut
590 3372 849 3428 Dominus
876 3371 944 3426 ad
969 3371 1268 3427 Nathanael
1297 3389 1312 3426 :
1348 3371 1483 3426 Ecce
1510 3389 1624 3426 vere
1652 3370 1829 3426 Israe-

241 3464 372 3530 lita,
413 3464 470 3518 iu
499 3480 600 3536 quo
636 3462 790 3518 dolus
829 3479 935 3517 non
972 3472 1048 3517 est
1077 3462 1258 3534 (Joan.
1287 3462 1327 3534 1)
1360 3482 1373 3516 :
1403 3482 1426 3514 ε
1450 3461 1507 3518 Si
1540 3461 1699 3518 fuerit
1729 3478 1829 3517 nu-

245 3567 431 3608 merus
470 3551 702 3608 ﬁliorum
741 3551 938 3616 Israel,
984 3560 1238 3621 tanquam
1277 3565 1445 3606 arena
1483 3551 1651 3608 maris
1701 3551 1830 3606 reli-

244 3641 392 3713 quiae
431 3640 594 3696 salva:
641 3641 829 3697 ﬁent.»
863 3638 1259 3696 Recedentibus
1301 3637 1502 3695 Judzeis
1533 3654 1562 3693 a
1589 3640 1825 3704 merito,

245 3739 302 3787 et
330 3732 689 3802 promissione
717 3739 955 3801 patrum,
987 3731 1113 3786 dum
1145 3729 1290 3785 illam
1318 3745 1422 3786 non
1454 3729 1739 3801 recipiunt,
1772 3729 1828 3786 hi

245 3820 440 3890 reliqui
480 3829 605 3875 sunt
643 3821 734 3892 qui
781 3820 1052 3876 credendo
1089 3820 1144 3874 in
1187 3819 1291 3875 lide
1328 3820 1706 3890 promissionis
1734 3835 1828 3890 pa—

247 3911 429 3967 tribus
466 3910 622 3967 facta:
655 3911 971 3982 persistunt.
1010 3909 1054 3963 Δ
1090 3909 1205 3980 lege
1237 3910 1382 3964 enim
1412 3910 1702 3975 recedunt,
1734 3910 1827 3980 qui

245 4001 305 4058 in
334 4018 456 4059 eum
486 4017 646 4073 quem
675 4001 762 4056 les
791 3999 962 4056 solum
993 4000 1061 4055 ad
1091 4000 1318 4057 salutem
1349 3998 1594 4056 sullicere
1621 4001 1827 4070 promi-

243 4094 350 4160 sit,
381 4107 488 4150 non
514 4095 760 4149 credunt.
785 4091 952 4164 Igitur
975 4092 1248 4162 Apostatte
1275 4089 1578 4148 habeantur
1607 4105 1828 4148 necesse

244 4194 331 4243 est
350 4228 366 4253 ,
399 4187 492 4257 qui
517 4186 648 4242 dum
677 4185 953 4241 Christum
980 4202 1089 4242 non
1121 4186 1415 4258 recipiunt,
1451 4186 1529 4243 rei
1555 4194 1686 4242 sunt
1715 4186 1830 4242 νεο-

245 4275 371 4330 lataa
413 4275 567 4346 legis.
613 4275 690 4330 De
729 4275 965 4330 maxima
1030 4275 1212 4346 itaque
1273 4275 1619 4332 multitudine
1680 4275 1827 4334 solos

245 4367 535 4422 credentes
564 4365 695 4420 dicit
723 4363 950 4429 salvari,
982 4380 1119 4435 quos
1145 4367 1384 4436 praesciit
1411 4367 1572 4422 Deus.

331 4453 552 4510 Verbum
589 4457 727 4510 enim
773 4470 1174 4522 consummas,
1217 4464 1264 4511 et
1305 4456 1540 4513 bresians
1573 4457 1630 4511 in
1657 4457 1824 4529 tequi-

245 4553 389 4610 tate,
432 4545 557 4615 quia
603 4543 812 4598 verbum
854 4543 1136 4599 breviatum
1160 4515 1338 4614 ’facict
1377 4543 1636 4600 Dominus
1673 4515 1828 4618 super
1854 4515 1905 4575 D

246 4641 462 4686 terram.
495 4631 723 4704 (Orig.)
755 4631 986 4687 Verbum
1016 4632 1348 4699 breviatum,
1378 4635 1468 4691 ubi
1508 4635 1660 4690 multi
1705 4647 1827 4693 sunt

247 4722 434 4785 uocati,
467 4724 624 4792 pauci
653 4733 826 4778 autem
855 4723 1022 4778 electi.
1046 4723 1339 4781 Possumus
1359 4734 1420 4781 et
1450 4727 1614 4784 totius
1636 4727 1830 4785 doctri-

248 4827 334 4868 nte
377 4813 599 4868 verbum
637 4813 818 4870 dicere
857 4815 1155 4870 breviatum
1173 4854 1190 4882 ,
1221 4825 1281 4872 ut
1306 4817 1450 4886 quod
1479 4819 1628 4888 prius
1657 4818 1744 4876 lex
1773 4827 1829 4876 et

249 4903 529 4974 prophetae
557 4904 906 4973 continebant
929 4905 982 4960 in
1011 4905 1294 4963 latitudine
1317 4919 1708 4980 praceptorum
1735 4925 1828 4967 ve-
1883 4914 1887 4918 ’

250 4995 408 5051 uiens
421 4996 678 5052 Dominus
704 4999 1083 5069 pronuntiaret
1103 5007 1161 5054 et
1181 4998 1416 5056 diceret:
1436 5001 1632 5073 Diliges
1648 5002 1831 5058 Domi-

250 5103 378 5140 nam
394 5085 558 5141 Deum
580 5097 751 5152 tuum,
763 5104 829 5143 es
839 5097 947 5142 toto
962 5089 1118 5143 corde
1130 5097 1242 5154 tuo,
1257 5099 1304 5143 et
1317 5105 1382 5144 ea:
1395 5099 1505 5144 tota
1519 5091 1698 5146 annua
1712 5102 1826 5160 tua,

249 5189 299 5233 et
314 5193 381 5232 ea:
392 5179 514 5234 totis
529 5179 720 5234 viribus
735 5181 859 5246 tuis,
875 5191 924 5235 et
946 5182 1242 5252 proximum
1257 5191 1404 5236 tuum
1423 5183 1557 5238 sicut
1583 5185 1826 5254 teipsum,

251 5271 308 5326 in
331 5271 414 5326 his
439 5271 640 5327 duobus
670 5273 932 5328 mandatis
959 5275 1144 5345 pendet
1175 5275 1342 5330 omnis
1372 5275 1456 5330 lea:
1483 5286 1532 5331 et
1561 5277 1828 5348 propheta

254 5363 275 5435 (
290 5361 481 5419 Matth.
508 5364 654 5434 uti)
675 5405 690 5429 ,
721 5367 775 5418 in
804 5381 911 5434 quo
935 5366 1213 5422 evidenter
1242 5369 1534 5438 prophetas
1573 5378 1629 5424 et
1658 5370 1827 5441 legem

252 5454 464 5510 duobus
491 5456 578 5510 his
605 5457 944 5512 sermonibus
973 5458 1255 5515 breviavit.
1278 5459 1463 5514 Potest
1480 5467 1533 5515 et
1563 5479 1583 5511 ‹
1603 5463 1831 5518 verbum

253 5545 556 5601 breviatum
581 5567 599 5600 ι
637 5547 739 5603 dici
770 5548 902 5602 ﬁdes
931 5549 1157 5618 symboli
1196 5565 1316 5620 quae
1346 5551 1691 5609 credentibus
1721 5562 1833 5608 tra-

254 5639 424 5706 ditur,
454 5641 507 5695 in
537 5657 641 5712 qua
673 5641 838 5697 totius
866 5641 1105 5711 mysterii
1135 5656 1343 5697 summa
1369 5644 1554 5715 paucis
1583 5659 1828 5700 connexa

257 5732 598 5790 sermonibus
627 5732 951 5789 continetur.
982 5730 1206 5804 (.4mb.)
1232 5731 1495 5792 Convenit
1522 5735 1665 5793 enim
1690 5738 1830 5793 utin

1928 3285 2101 3342 otiose
2130 3283 2297 3340 Isaias
2335 3297 2520 3340 semen
2561 3281 2892 3346 nominavit,
2929 3281 3072 3353 quod
3113 3281 3357 3338 relictum
3391 3290 3512 3336 est:

1930 3389 2114 3434 semen
2148 3388 2383 3444 namque
2410 3372 2624 3434 dicitur,
2660 3372 2803 3442 quod
2837 3372 3140 3427 seminatur
3173 3372 3226 3427 in
3269 3380 3436 3437 terra,
3463 3379 3519 3427 et

1929 3461 2164 3521 fructum
2209 3461 2561 3532 multiplicem
2597 3461 2809 3529 reddit,
2844 3462 3044 3518 docens
3083 3477 3180 3534 per
3214 3462 3317 3518 hoc
3349 3463 3514 3518 etiam

1929 3554 2206 3612 Christum
2237 3555 2614 3611 seminandum
2640 3570 2762 3611 esse
2782 3596 2800 3621 ,
2832 3555 2884 3610 id
2915 3564 3028 3619 est,
3060 3556 3429 3626 sepeliendum
3460 3556 3513 3611 in

1930 3653 2109 3711 terra,
2141 3653 2198 3700 et
2241 3645 2367 3701 inde
2411 3654 2786 3716 resurgentem
2832 3645 3069 3700 fructum
3109 3647 3404 3714 plurimum
3434 3655 3518 3703 to-

1931 3735 2041 3792 tius
2071 3733 2329 3791 Ecclesite
2357 3734 2716 3792 multitudinis
2745 3733 3083 3804 prolaturum
3105 3775 3119 3798 ,
3151 3735 3292 3790 sicut
3319 3744 3373 3791 et
3402 3737 3518 3806 ipse

1928 3827 2190 3883 Dominus
2211 3827 2342 3882 dicit
2365 3844 2378 3881 :
2406 3826 2506 3881 nisi
2533 3843 2756 3898 granum
2789 3827 3039 3896 frumenti
3065 3829 3120 3882 in
3147 3838 3286 3882 terra
3319 3832 3520 3884 cecide-

1929 3919 2016 3984 rit,
2043 3925 2092 3971 et
2116 3925 2381 3972 mortuum
2403 3917 2592 3986 fuerit,
2631 3917 2862 3987 fructum
2893 3935 2996 3972 non
3036 3919 3222 3988 aﬁ'ert;
3255 3920 3301 3974 si
3339 3931 3518 3974 autem

1927 4017 2193 4066 mortuum
2216 4008 2396 4079 fuerit,
2421 4008 2650 4079 fructum
2675 4008 2963 4080 plurimum
2989 4009 3142 4080 affert
3174 4009 3357 4081 (Joau.
3388 4014 3515 4082 xu).

2001 4099 2147 4167 Quid
2181 4117 2302 4172 ergo
2342 4102 2624 4157 dicemus?
2660 4101 2813 4168 Quod
2849 4111 3021 4173 gentes
3052 4119 3169 4174 quae
3213 4121 3317 4159 non
3347 4116 3522 4159 secta;

1927 4193 2118 4249 bantur
2147 4191 2415 4262 justitiam
2463 4192 2962 4263 comprehenderunt
2999 4193 3302 4263 justitiam,
3344 4195 3515 4264 justi-

1925 4283 2054 4336 tiam
2083 4291 2256 4336 autem
2283 4299 2401 4352 qua:
2431 4299 2496 4337 ea:
2534 4281 2638 4352 ﬁde
2674 4292 2770 4337 est.
2812 4281 3074 4337 Videntur
3115 4282 3366 4338 fortassis
3409 4285 3512 4339 hoc

1926 4371 2256 4428 contrarium
2286 4385 2406 4427 esse
2434 4371 2516 4427 vel
2547 4372 2652 4428 illis
2696 4374 2763 4428 de
2819 4373 3016 4442 quibus
3047 4390 3208 4445 supra
3241 4376 3474 4431 diximus
3495 4419 3510 4440 ,

1928 4461 2069 4532 quod
2097 4461 2463 4530 unusquisque
2507 4461 2763 4517 emundet
2802 4476 2858 4516 se
2897 4470 2953 4516 et
2989 4475 3277 4533 expurget,
3322 4474 3380 4518 ut
3418 4465 3513 4521 liat

1929 4569 2025 4610 vas
2076 4552 2207 4608 utile
2255 4562 2310 4609 et
2362 4568 2456 4608 vas
2515 4553 2935 4618 misericordia,
2984 4555 3069 4610 vel
3113 4557 3220 4610 illis
3274 4573 3394 4628 quae
3456 4560 3510 4614 in

1928 4645 2296 4719 superioribus
2344 4647 2730 4711 disseruimus,
2787 4647 2929 4717 quod
2962 4649 3195 4704 naturali
3249 4649 3400 4722 lege,
3456 4651 3509 4704 in

1928 4754 2033 4809 qua
2071 4738 2186 4794 sine
2215 4737 2376 4794 dubio
2404 4745 2488 4793 est
2513 4746 2567 4793 et
2592 4736 2824 4806 iustitia,
2857 4747 3078 4794 utantur
3103 4740 3265 4794 etiam
3298 4751 3507 4812 gentes.

1928 4828 2208 4896 Quomodo
2252 4841 2383 4900 ergo
2421 4828 2512 4884 hic
2541 4827 2700 4895 dicit,
2750 4830 2896 4898 quod
2946 4849 2965 4883 ι
3001 4838 3208 4901 gentes,
3243 4847 3362 4901 qua:
3403 4847 3513 4885 non

1929 4920 2272 4975 sectabantur
2295 4917 2581 4988 iustitiam,
2607 4907 3457 4992 comprehenderuntiustitiam?
3486 4943 3509 4975 ι

1931 5011 2052 5066 vide
2094 5011 2140 5068 si
2181 5013 2285 5067 hoc
2323 5012 2482 5066 modo
2518 5028 2805 5083 possumus
2846 5014 3190 5083 respondere.
3226 5013 3384 5068 Aliud
3427 5022 3512 5070 est

1929 5104 2162 5170 sectari,
2195 5103 2337 5158 aliud
2380 5104 2601 5176 insitum
2644 5105 2878 5169 habere;
2909 5103 3106 5159 sectari
3150 5105 3354 5160 dicitur
3383 5106 3472 5160 ille
3492 5147 3511 5172 ,

1928 5197 2020 5266 qui
2049 5211 2146 5267 per
2175 5196 2474 5252 doctrinam
2503 5205 2560 5250 et
2587 5195 2875 5251 lectionem
2909 5196 3132 5250 multam
3162 5197 3376 5266 assequi
3408 5197 3507 5251 ali-

1929 5287 2058 5356 quid
2083 5288 2262 5357 cupit;
2296 5287 2436 5342 unde
2460 5295 2515 5341 et
2539 5303 2568 5340 a
2599 5287 2855 5341 sectando
2879 5295 3038 5342 sectae
3067 5287 3347 5358 appellata:
3381 5295 3506 5343 sunt

1935 5376 2238 5447 huiusmodi
2278 5377 2568 5438 doctrinae,
2610 5391 2730 5445 quae
2773 5377 3054 5431 hominum
3107 5378 3395 5432 traditione
3423 5377 3510 5431 di-

1937 5475 2179 5522 scuntur.
2217 5465 2415 5521 Gentes
2451 5480 2582 5537 ergo
2621 5467 2748 5537 quia
2789 5467 2959 5538 legem
3003 5469 3203 5524 tabulis
3231 5469 3315 5524 vel
3358 5469 3516 5524 libris

1936 5559 2189 5629 scriptam
2237 5573 2342 5612 non
2389 5558 2721 5625 habuerunt,
2793 5574 2901 5614 non
2971 5560 3223 5616 dicuntur
3291 5567 3516 5616 sectatae

1937 5662 2056 5703 esse
2088 5646 2375 5715 iustitiam,
2409 5649 2714 5703 habuerunt
2741 5656 2920 5705 tamen
2968 5649 3184 5704 insitam
3213 5666 3374 5720 quam
3424 5650 3513 5706 lex

1936 5753 2030 5795 eos
2061 5738 2322 5796 naturalis
2351 5738 2586 5796 edocuit.
2618 5739 2826 5798 Idcirco
2866 5755 2994 5815 ergo
3021 5743 3252 5810 proximi
3293 5741 3516 5801 fuerunt
