4026 6180
557 365 694 422 15οτ
1189 352 1252 410 Β.
1295 351 1550 411 RABANI
1587 349 1806 407 MAURI
1845 347 2142 406 ARCHIEP

2241 344 2516 403 IOGUNT.
2555 341 2843 402 OPERUM
2878 343 3056 399 PARS
3094 343 3178 399 III.
3695 345 3830 399 15οι

550 479 773 550 iustitia:
815 475 864 532 ci
901 488 1020 546 qua:
1055 489 1119 528 ex
1153 472 1256 526 ﬁde
1295 478 1409 535 est,
1437 470 1488 524 id
1513 477 1628 532 est,
1666 465 1902 523 Christo.
1937 463 2136 535 (Δηώ.)
2164 468 2213 530 Α
2241 462 2511 518 sarcinam
2542 460 2935 516 observationis
2962 459 3133 514 Judaei
3163 461 3444 516 credentes
3485 460 3698 515 vellent
3737 464 3832 518 im-

557 574 611 627 In
654 571 765 625 Deo
809 569 951 622 enim
991 581 1117 620 vera
1161 562 1368 634 justitia
1417 568 1535 620 est.
1585 568 1640 615 et
1678 571 2034 629 permanens,
2081 555 2128 610 si
2231 569 2468 624 ponere,
2512 563 2643 608 tunc
2680 551 2956 621 apostolus
2989 550 3182 606 Petrus
3219 551 3334 605 ait:
3371 550 3517 616 Quid
3558 551 3829 620 imponitis

558 649 920 735 agnoscatur;
961 655 1086 725 quid
1125 655 1266 708 enim
1297 662 1380 708 est
1417 659 1525 705 tam
1563 648 1766 718 justum
1809 663 1970 719 quam
2025 661 2128 702 no-
2221 640 2413 710 jugum
2438 657 2597 735 supra
2626 642 2874 693 ceruicem
2897 638 3324 735 fratruni1quod
3349 655 3514 735 neque
3534 656 3641 735 nos
3673 657 3833 710 neque

560 726 712 811 scere
746 754 913 807 Deum
954 748 1165 803 Patrem
1186 787 1200 810 ,
1249 760 1315 800 ex
1361 759 1467 814 quo
1496 750 1623 797 sunt
1649 741 1852 805 omnia,
1887 749 1944 795 et
1971 739 2130 796 Chri-

2241 739 2402 784 βαίνει
2429 729 2597 782 nostri
2621 739 2830 798 portare
2855 738 3130 798 potuerunt
3148 728 3174 779 Ρ
3201 726 3349 798 (Αει.
3375 730 3492 798 xv.)
3519 728 3566 780 Δ
3591 737 3833 798 tempore

557 853 699 897 stum
734 840 896 894 ﬁlium
928 837 1039 906 ejus
1072 851 1168 905 per
1197 850 1354 904 quem
1393 840 1517 887 sunt
1546 832 1773 886 omnia?
1801 831 1982 885 Prima
2002 845 2132 902 ergo
2231 819 2376 873 enim
2417 818 2620 874 Christi
2653 818 2980 888 indulgentia
3012 818 3135 872 data
3168 826 3254 872 est
3283 820 3559 887 promissa
3597 819 3653 873 in
3699 820 3830 890 lege.

558 934 674 987 haec
699 930 907 1000 iustitia
936 937 1038 992 est,
1063 940 1352 997 agnoscere
1379 925 1718 989 Creatorem,
1741 923 1934 978 deinde
1951 931 2135 978 custo-

2241 910 2325 964 Ait
2359 911 2503 966 enim
2560 909 2726 965 Isaias
2772 910 3033 980 propheta
3085 908 3236 980 (Isa.
3268 925 3357 964 ιιι
3382 909 3401 980 )
3427 951 3443 974 ,
3479 930 3497 961 ι
3536 912 3726 965 veniet
3771 931 3832 968 ex

558 1023 676 1078 dire
733 1036 851 1092 qua:
893 1019 1152 1089 praecepit
1190 1036 1202 1071 :
1247 1023 1434 1085 gentes
1485 1031 1617 1085 ergo
1663 1030 1785 1084 quae
1827 1014 1974 1082 prius
2025 1029 2132 1068 non
2237 1000 2520 1092 iSion,Aqui
2545 1003 2836 1092 eripiatet
2883 1009 3094 1056 avertat
3123 1002 3456 1072 impietatem
3484 1019 3516 1056 a
3546 1001 3756 1068 Jacob,
3783 1016 3836 1060 et

559 1112 904 1184 requirebant
929 1110 1217 1182 justitiam,
1253 1107 1303 1162 id
1333 1115 1446 1168 est,
1478 1105 1674 1174 legem,
1729 1120 1848 1175 qua:
1890 1103 2134 1159 Creatori

559 1205 926 1260 testimonium
971 1200 1318 1272 perhibebat,
1371 1199 1619 1252 veniente
1651 1195 1887 1261 Christo,
1919 1198 2136 1252 invene-

559 1295 972 1366 runtjnstitiam
1018 1291 1543 1362 super-abundantem
1586 1289 1870 1360 plusquam
1913 1288 2136 1343 Scriba-

560 1407 680 1446 rum
719 1401 774 1445 et
814 1387 1206 1443 Pharismorum
1241 1403 1253 1438 :
1300 1384 1391 1453 qui
1435 1383 1577 1436 enim
1618 1391 1744 1436 tunc
1783 1380 1926 1451 quod
1959 1381 2137 1434 minus

559 1491 641 1537 est
684 1497 789 1536 non
813 1479 1178 1541 sectabantur,
1219 1475 1740 1545 comprehenderunt
1777 1480 1960 1542 postea
1995 1471 2137 1540 quod

561 1575 734 1642 majus
776 1581 876 1628 est.
917 1570 1086 1625 Judaei
1134 1578 1312 1622 autem
1357 1568 1411 1620 in
1450 1566 1565 1636 lege
1594 1564 1792 1634 positi,
1821 1562 1946 1631 quia
1977 1561 2140 1632 proﬁ-

562 1682 686 1724 cere
722 1667 894 1738 magis
934 1664 1230 1718 debuerant
1275 1659 1765 1714 deterioravernnt.
1809 1655 1980 1708 Israel
2019 1670 2138 1707 vero

561 1755 808 1811 sectanda
854 1755 1013 1824 legem
1041 1753 1271 1823 justitia:
1302 1752 1354 1804 in
1384 1750 1545 1820 legem
1564 1748 1791 1818 justitia,’
1821 1763 1922 1799 non
1963 1761 2138 1815 perve-

563 1847 658 1900 nit.
692 1844 930 1917 (Amh.)
964 1842 1234 1897 Perl'ectio
1275 1841 1409 1911 legis
1450 1840 1583 1894 ﬁdes
1610 1847 1724 1903 est,
1757 1853 1916 1907 quam
1949 1845 2138 1908 gentes

564 1924 1056 2007 apprehendentes,
1083 1943 1248 1988 totam
1277 1933 1449 2003 legem
1483 1932 1705 2001 implere
1737 1931 2016 1995 videntur;
2047 1928 2140 1982 Ju-

563 2030 661 2085 dmi
691 2037 869 2082 autem
896 2027 1021 2082 dum
1046 2042 1142 2096 per
1167 2025 1423 2079 invidiam
1452 2022 1720 2077 Salvatori
1749 2037 1852 2076 non
1881 2021 2136 2086 credunt,

558 2119 822 2192 justitiam
853 2134 971 2188 quae
1005 2118 1058 2171 in
1092 2117 1206 2186 lege
1236 2115 1486 2168 mandata
1527 2123 1610 2169 est
1631 2155 1643 2178 ,
1675 2113 2040 2176 vindicantes,
2086 2110 2142 2166 id

563 2220 668 2276 est,
701 2210 981 2266 sabbatum
1006 2249 1018 2271 ,
1053 2206 1541 2268 circumcisionem,
1575 2212 1707 2269 etc.,
1740 2203 1794 2256 in
1829 2204 2000 2273 legem
2034 2216 2139 2256 non

563 2308 955 2370 pervenerunt,
1002 2299 1104 2351 hoc
1148 2304 1261 2361 est,
1306 2295 1479 2365 legem
1519 2309 1627 2348 non
1668 2292 2041 2363 perfecerunt,
2089 2299 2144 2347 et

570 2391 660 2461 qui
701 2406 806 2445 non
836 2388 1121 2460 perﬁciunt
1150 2387 1323 2458 legem
1354 2387 1432 2440 rei
1472 2393 1598 2439 sunt
1629 2385 1782 2455 juxta
1817 2383 2020 2455 legem,
2054 2384 2143 2438 hic

573 2483 717 2538 enim
765 2481 950 2550 implet
997 2478 1186 2550 legem,
1222 2477 1312 2546 qui
1359 2492 1388 2530 a
1419 2477 1533 2546 lege
1587 2475 1752 2546 Moysi
1785 2475 2030 2546 pervenit
2076 2475 2143 2530 ad

569 2574 728 2629 ﬁdem
778 2572 999 2628 Christi.
1057 2569 1232 2636 Quare
1258 2570 1282 2623 γ
1307 2568 1443 2635 Quia
1475 2585 1577 2624 non
1607 2586 1671 2623 ea:
1703 2569 1825 2638 ﬁde,
1866 2559 1962 2624 sed
1990 2570 2144 2640 quasi

572 2681 638 2719 ea:
685 2663 944 2734 operibus.
988 2659 1221 2734 (Orig.)
1256 2657 1474 2715 Certum
1507 2668 1590 2715 est
1624 2659 1765 2713 enim
1803 2659 1931 2730 quia
1980 2659 2144 2714 Israel

567 2755 877 2811 sectabatur
913 2754 1086 2823 legem
1114 2750 1339 2820 iustitiae
1373 2751 1669 2808 secundum
1719 2751 1954 2806 litteram
1983 2791 1999 2817 ,
2049 2751 2145 2806 sed

570 2847 623 2901 in
676 2845 848 2917 legem
888 2860 992 2899 non
1031 2844 1302 2916 pervenit;
1355 2859 1517 2914 quam
1564 2842 1782 2912 legem?
1830 2842 1947 2898 sine
1980 2842 2144 2898 dubio

566 2938 804 3008 spiritus.
856 2934 1040 3008 Neque
1083 2936 1225 2992 enim
1269 2936 1373 2990 hoc
1423 2934 1629 2990 diceret
1657 2933 1972 3004 Apostolus,
2014 2934 2142 3004 quia

568 3029 738 3101 legem
784 3045 948 3101 quam
997 3029 1324 3093 sectabatur,
1360 3035 1414 3083 et
1446 3041 1607 3097 quam
1645 3028 1860 3082 tenebat
1893 3034 1948 3082 et
1983 3042 2145 3095 quam

569 3121 838 3185 habebat,
884 3121 937 3175 in
971 3122 1112 3176 hanc
1143 3135 1249 3176 non
1287 3120 1616 3190 pervenerit.
1653 3117 1849 3174 Reddit
1893 3134 2022 3190 ergo
2053 3135 2144 3173 ra-

570 3212 769 3266 tionem
798 3227 896 3268 cur
938 3213 990 3267 in
1019 3213 1190 3283 legem
1213 3211 1376 3266 Israel
1407 3227 1514 3266 non
1549 3211 1788 3283 potuerit
1820 3211 2103 3280 pervenire
2127 3250 2143 3278 ,

570 3303 693 3374 quia
740 3318 844 3357 non
892 3319 958 3358 ea:
1000 3304 1137 3373 ﬁde,
1191 3303 1396 3373 inquit,
1447 3303 1536 3356 sed
1585 3303 1736 3373 quasi
1784 3318 1848 3356 ea:
1884 3302 2141 3372 operibus.

2235 1091 2339 1146 hoc
2380 1090 2485 1145 illis
2529 1107 2562 1144 a
2610 1107 2696 1146 me
2735 1091 3142 1146 Testamentum
3199 1108 3324 1147 cum
3383 1093 3675 1148 abstulero
3717 1111 3834 1164 pec-

2235 1193 2355 1240 cata
2387 1200 2592 1248 eorum,
2625 1204 2644 1236 ι
2673 1186 2775 1240 hoc
2795 1193 2880 1240 est
2901 1184 3110 1240 Novum
3131 1185 3552 1240 Testamentum
3597 1189 3832 1256 promis-

2237 1290 2355 1329 sum
2389 1291 2418 1327 a
2455 1275 2562 1330 Deo
2593 1275 2648 1331 in
2677 1275 2911 1331 Christo.

2329 1365 2677 1436 O/fenderunt
2729 1368 2786 1422 in
2837 1366 3064 1438 lapidem
3123 1369 3473 1438 oﬁ'ensionis,
3531 1379 3586 1422 et
3642 1380 3834 1439 petram

2237 1458 2510 1523 scandali,
2551 1467 2600 1512 et
2649 1459 2818 1512 omnis
2863 1460 2953 1528 qui
2993 1460 3154 1513 credit
3191 1461 3244 1513 in
3290 1477 3410 1515 eum
3451 1477 3568 1513 non
3613 1461 3832 1528 confun-

2239 1548 2411 1601 detur.
2445 1546 2681 1619 (Orig.)
2714 1547 2850 1614 Quia
2895 1547 3065 1619 legem
3111 1549 3460 1604 sectabantur
3503 1565 3622 1604 non
3649 1565 3834 1604 secun-

2240 1637 2364 1692 dum
2411 1652 2574 1707 opera
2616 1637 2840 1706 iustitia:
2887 1638 3018 1705 Dei,
3049 1640 3142 1694 sed
3190 1640 3490 1695 secundum
3533 1655 3713 1710 opera
3757 1641 3834 1707 ju-

2241 1731 2404 1786 stitiae
2445 1746 2578 1796 suat,
2611 1730 2818 1788 idcirco
2853 1751 2871 1782 ι
2900 1730 3242 1787 offenderunt
3293 1734 3348 1786 in
3389 1731 3640 1802 lapidem
3670 1732 3831 1786 oﬂen—

2243 1822 2433 1888 sionis,
2462 1841 2480 1874 ι
2518 1823 2583 1878 de
2611 1837 2721 1892 quo
2749 1823 3010 1892 scriptum
3040 1832 3124 1878 est
3156 1842 3170 1878 :
3223 1822 3358 1878 Ecce
3409 1841 3554 1895 pono
3616 1826 3676 1878 in
3713 1824 3837 1880 Sion

2245 1909 2471 1980 lapidem
2501 1911 2806 1980 o/fensionis
2824 1950 2842 1977 ,
2869 1920 2917 1965 et
2942 1920 3141 1981 petram
3169 1912 3435 1977 scandali,
3467 1923 3514 1966 et
3550 1915 3650 1982 qui
3673 1915 3836 1967 credet

2169 1985 2214 2043 Β
2243 2004 2297 2058 in
2317 2021 2468 2068 eum,
2495 2021 2599 2058 non
2622 2003 2905 2059 erubescet.
2951 2002 3242 2058 Sciendum
3275 2013 3461 2059 autem
3491 2014 3589 2060 est
3619 2006 3766 2074 quod
3791 2006 3836 2058 in

2241 2095 2376 2149 Isaia
2399 2095 2660 2166 propheta
2682 2096 2786 2151 hoc
2807 2095 3175 2150 testimonium
3195 2095 3268 2149 ita
3286 2095 3557 2165 scriptum
3576 2107 3667 2150 est
3687 2095 3835 2168 (Issi.

2243 2186 2436 2258 xxvm)
2473 2205 2487 2240 :
2520 2187 2656 2240 Ecce
2683 2203 2775 2257 ego
2805 2187 3028 2240 immitto
3060 2187 3112 2238 in
3149 2185 3502 2254 fundamenta
3541 2184 3685 2240 Sion
3716 2186 3839 2256 lepi-

2242 2280 2358 2332 dem
2398 2280 2680 2348 pretiosum
2701 2317 2716 2342 ,
2746 2277 2998 2341 electum,
3027 2275 3366 2347 angularem,
3415 2277 3748 2347 praclarum
3789 2281 3838 2332 in

2242 2368 2587 2438 fundamenta
2614 2368 2770 2437 ejus;
2800 2375 2848 2421 et
2881 2369 2970 2438 qui
3000 2367 3277 2421 crediderit
3310 2368 3365 2420 in
3404 2383 3529 2421 eum
3575 2387 3686 2424 non
3723 2387 3839 2424 con-

2244 2464 2512 2534 fundetur.
2543 2463 2836 2533 Apostolus
2864 2470 3067 2525 autem,
3104 2481 3122 2512 ι
3150 2460 3383 2531 lapidem
3430 2461 3762 2518 offensionis
3788 2472 3839 2519 et

2243 2563 2450 2628 petram
2479 2557 2741 2618 scandali,
2765 2575 2784 2607 ι
2814 2557 2881 2611 de
2910 2555 3017 2610 alio
3039 2555 3156 2610 loco
3173 2557 3344 2625 ipsius
3373 2556 3530 2611 Isaias
3558 2557 3840 2627 propheta:

2244 2649 2372 2704 huic
2410 2648 2719 2703 testimonio
2749 2646 3042 2702 inseruisse
3071 2647 3306 2712 videtur,
3343 2646 3397 2700 in
3435 2662 3550 2716 quo
3596 2649 3672 2702 ita
3710 2651 3841 2703 scri-

2243 2749 2394 2810 ptum
2425 2748 2510 2796 est
2536 2754 2550 2793 :
2591 2739 2659 2793 Et
2687 2756 2793 2793 non
2828 2748 3077 2820 tanquam
3117 2737 3284 2808 lapidi
3315 2739 3636 2808 oﬁ’ensionis
3665 2757 3841 2794 occur-

2244 2832 2368 2885 retis
2410 2831 2490 2896 ei,
2538 2847 2700 2900 neque
2739 2840 2798 2883 ut
2837 2829 3001 2900 lapidi
3046 2829 3212 2883 ruina:
3256 2828 3410 2898 (lea.
3450 2845 3550 2884 vm
3575 2829 3633 2898 ),
3678 2839 3736 2884 et
3777 2846 3837 2884 ex

2244 2933 2476 2993 utroque
2505 2924 2626 2977 loco
2653 2937 2951 2992 excerpens
2981 2937 3101 2990 qua:
3128 2921 3527 2976 assertionibus
3551 2922 3672 2975 suis
3695 2937 3837 2976 cora-

2243 3017 2402 3073 moda
2445 3015 2770 3070 videbantur
2805 3014 3025 3084 aptavit.
3065 3012 3313 3084 (Amb.)
3355 3011 3656 3067 Multorum
3704 3013 3838 3068 rela-

2246 3107 2390 3162 tione
2429 3114 2762 3175 compertmn
2801 3114 2886 3160 est
2929 3105 2982 3159 in
3029 3113 3180 3174 petra
3210 3103 3294 3158 vel
3333 3103 3519 3172 lapide
3559 3104 3837 3159 Christum

2246 3213 2369 3254 esse
2411 3197 2793 3268 signiﬁcatum.
2831 3196 3016 3252 Daniel
3048 3196 3192 3249 enim
3233 3196 3502 3264 propheta
3539 3197 3559 3265 (
3581 3195 3725 3248 Dan.
3761 3201 3832 3264 ιι)

2246 3291 2476 3360 lapidem
2502 3292 2645 3345 hunc
2684 3290 2836 3352 dicit,
2867 3288 2956 3357 qui
2998 3287 3270 3342 abscissus
3296 3302 3328 3340 a
3364 3296 3552 3341 monte
3573 3288 3697 3341 sine
3730 3303 3837 3340 ma-

572 3392 813 3466 (Amb.)
855 3393 1183 3464 Spernentes
1235 3393 1378 3446 cnim
1413 3391 1592 3457 ﬁdem,
1636 3407 1776 3460 qum,
1828 3392 1965 3446 sicut
2011 3392 2142 3458 dixi,
2173 3379 2218 3443 C
2249 3385 2406 3440 nibus
2432 3384 2698 3455 percussit
2733 3393 2787 3437 et
2822 3380 3142 3437 comminuit
3181 3378 3363 3434 omnia
3415 3393 3583 3450 regna
3606 3420 3623 3443 ,
3655 3389 3715 3433 et
3755 3395 3835 3433 re»

573 3485 832 3557 perfectio
873 3485 1005 3552 legis
1048 3494 1162 3550 est,
1191 3502 1256 3539 ex
1281 3485 1542 3554 operibus
1585 3484 1718 3554 legis
1757 3481 2046 3551 iustiﬁcari
2089 3499 2148 3539 se

571 3574 850 3641 dicebant;
903 3575 956 3630 id
990 3583 1108 3641 est,
1159 3590 1256 3645 per
1302 3575 1616 3640 sabbatum,
1660 3576 1992 3639 neomenias,
2036 3575 2145 3629 cir-

573 3665 955 3722 cumcisionem
978 3707 993 3729 ,
1029 3673 1130 3720 etc.
1172 3666 1517 3721 Immemores
1548 3665 1843 3736 Scripturre
1881 3665 2147 3732 dicentis,

571 3755 697 3825 quia
745 3755 914 3821 iustus
948 3771 1011 3809 ea:
1043 3755 1147 3824 ﬁde
1180 3755 1297 3809 vivit
1348 3753 1538 3824 (Rom.
1571 3752 1652 3825 1).
1703 3753 1920 3811 Iustitia
1969 3762 2148 3808 autem

574 3847 706 3919 legis
733 3848 933 3904 idcirco
963 3849 1179 3914 dicitur,
1211 3848 1334 3920 quia
1358 3848 1504 3917 justo
1524 3847 1728 3918 judicio
1775 3850 1869 3905 Dei
1917 3851 2032 3905 hare
2056 3849 2148 3904 Ju-

574 3939 705 3994 dieis
732 3939 855 3993 data
885 3948 1044 4005 sunt,
1076 3949 1296 4010 propter
1319 3938 1573 3994 duritiam
1601 3939 1781 3994 cordis
1810 3937 2019 3994 illorum
2039 3981 2054 4006 ,
2087 3948 2148 3994 ut

573 4028 619 4082 si
666 4028 946 4083 mustelam
982 4028 1121 4083 forte
1157 4030 1281 4099 quis
1317 4038 1583 4084 mortuam
1618 4031 1905 4097 calcasset,
1943 4039 2035 4084 aut
2070 4039 2148 4086 te-

577 4119 782 4189 tigisset
827 4120 1044 4190 aliquod
1093 4121 1485 4186 morticinium,
1537 4128 1630 4174 aut
1678 4120 1724 4175 si
1772 4135 1931 4176 sorex
1962 4121 2016 4175 in
2050 4137 2147 4177 vas

578 4208 809 4274 ruisset,
857 4209 1191 4263 immundum
1231 4209 1501 4264 diceretur
1541 4226 1554 4262 :
1599 4210 1738 4279 quod
1783 4225 1974 4281 magna
2021 4228 2146 4268 cum

573 4298 936 4354 sollicitudine
981 4298 1356 4365 observantes,
1381 4316 1449 4354 ex
1492 4315 1814 4369 quacunque
1857 4314 2019 4356 causa
2058 4301 2146 4354 in-

573 4389 895 4455 currebant,
935 4396 996 4443 ut
1033 4389 1292 4444 immundi
1342 4397 1541 4445 essent.
1592 4388 1650 4444 Si
1701 4398 1878 4445 autem
1928 4391 2146 4461 sanguis

577 4479 816 4534 mustelae
867 4481 1234 4550 pavimentum
1293 4481 1646 4547 maculasset,
1699 4499 1805 4536 non
1861 4482 1964 4537 levi
2016 4497 2144 4538 cura

575 4569 902 4638 expiandum
955 4578 1101 4637 erat,
1151 4578 1211 4625 ut
1237 4578 1293 4626 et
1320 4587 1349 4625 a
1382 4572 1518 4627 cibis
1555 4572 1868 4626 melioribus
1908 4571 2147 4626 abstine—

577 4665 743 4710 retur.
795 4657 1089 4713 Sahhatum
1137 4675 1264 4716 vero
1293 4670 1347 4716 ct
1375 4662 1718 4717 circumcisio
1747 4662 2018 4732 propriam
2049 4662 2148 4716 ha-

2247 3476 2414 3546 plevit
2462 3489 2680 3530 omnem
2730 3481 2966 3537 terram,
3007 3470 3150 3540 quod
3175 3469 3458 3524 evidenter
3503 3469 3570 3522 de
3619 3468 3837 3523 Christo

2249 3571 2449 3626 dictum
2497 3577 2598 3623 est.
2656 3567 2722 3622 Et
2772 3567 2826 3621 in
2877 3566 2993 3637 lege
3038 3573 3229 3634 petra,
3279 3563 3347 3616 de
3397 3577 3509 3630 qua
3560 3561 3835 3616 ﬂuxerunt

2247 3675 2434 3728 aquze,
2476 3658 2727 3714 Christus
2771 3655 3070 3727 appellatus
3097 3661 3184 3709 est
3213 3650 3232 3725 (
3258 3651 3405 3706 Psal.
3437 3668 3627 3714 ιιι-ης
3667 3652 3833 3706 Exod.

2247 3750 2422 3821 xvn).
2465 3749 2625 3802 Petra
2664 3757 2868 3812 autent,
2911 3745 3118 3816 inquit,
3159 3753 3271 3798 erat
3320 3742 3566 3797 Christus
3607 3743 3686 3814 (Ι
3715 3742 3834 3797 Cor.

2246 3839 2343 3910 x).
2377 3840 2442 3893 Et
2490 3837 2682 3892 Petrus
2737 3835 3013 3907 apostolus
3060 3835 3203 3890 inter
3255 3842 3455 3889 czetera
3505 3833 3572 3888 ad
3619 3833 3836 3889 Judaaos

2247 3937 2360 3991 ait:
2397 3934 2496 3989 Hic
2535 3943 2613 3989 est
2651 3932 2819 4003 lapis,
2861 3931 2951 4002 qui
2989 3929 3293 4000 reprobalus
3322 3937 3398 3982 est
3440 3945 3476 3980 α
3520 3927 3671 3981 vobis
3712 3929 3837 3981 eili-

2244 4025 2542 4094 ﬁcantibus.
2601 4023 2838 4079 Oll‘ensio
2895 4036 3024 4092 ergo
3071 4019 3245 4088 posita
3296 4018 3350 4072 in
3400 4017 3533 4071 Sion
3582 4017 3837 4072 Christus

2245 4122 2358 4177 est;
2408 4113 2538 4168 Sion
2574 4127 2702 4168 vero
2744 4111 2970 4165 altitudo
3009 4117 3122 4172 est,
3151 4109 3266 4162 sive
3311 4107 3503 4162 civitas
3533 4108 3656 4176 ipsa
3683 4107 3838 4162 Jeru-

2245 4205 2444 4268 salem,
2497 4219 2618 4274 quze
2663 4215 2886 4274 propter
2933 4200 3181 4254 notitiam
3240 4199 3335 4252 Dei
3386 4213 3495 4252 non
3557 4199 3836 4252 immerito

2245 4294 2454 4348 excelsa
2483 4295 2626 4349 dicta
2657 4303 2769 4358 est,
2799 4293 2850 4345 in
2883 4307 2988 4361 qua
3019 4289 3268 4344 Salvator
3300 4305 3329 4342 a
3374 4289 3486 4343 Deo
3529 4288 3699 4344 Patre
3743 4306 3836 4344 suo

2243 4386 2450 4456 positus
2472 4386 2810 4456 praedicator,
2835 4384 3056 4440 oﬁensio
3077 4382 3254 4438 factus
3275 4390 3360 4437 est
3381 4380 3606 4447 ludaris,
3624 4383 3758 4437 dum
3781 4397 3836 4436 se

2246 4477 2439 4531 Filium
2471 4477 2565 4531 Dei
2591 4476 2866 4547 praedicat,
2887 4483 3045 4529 natus
3071 4475 3139 4528 de
3161 4475 3364 4544 Spiritu
3395 4484 3592 4529 saneto
3621 4490 3692 4529 ex
3723 4492 3835 4529 mu-

2245 4568 2397 4624 liere.
2427 4567 2532 4621 Per
2559 4581 2755 4635 corpus
2784 4575 2965 4620 autem
2993 4563 3111 4633 ejus
3139 4564 3452 4619 scandalum
3483 4567 3640 4634 passi
3677 4574 3829 4626 sunt,

2245 4668 2300 4713 et
2328 4659 2577 4714 dicebant
2607 4676 2620 4712 :
2663 4655 2849 4711 Nonne
2881 4666 3050 4710 mater
3081 4665 3130 4710 et
3169 4655 3360 4724 fratres
3393 4656 3510 4724 ejus
3548 4657 3696 4724 apud
3744 4672 3833 4708 nos

575 4745 808 4800 buerunt
838 4745 1106 4816 justitiam
1136 4757 1379 4820 tempore
1408 4767 1537 4817 suo,
1569 4752 1693 4820 quia
1731 4752 1784 4805 in
1819 4752 1984 4824 ﬁgura
2018 4753 2141 4807 data
2166 4740 2221 4801 Ι)
2245 4760 2367 4804 sunt
2391 4751 2416 4802 ?
2449 4748 2724 4814 Quomodo
2772 4764 2892 4818 ergo
2933 4747 3018 4800 hic
3059 4747 3224 4812 dicit,
3266 4745 3408 4810 Quia
3453 4747 3522 4799 de
3568 4746 3700 4800 celo
3747 4749 3833 4800 de-

572 4843 716 4891 sunt.
742 4835 854 4892 IIoc
877 4839 1134 4896 Dominus
1155 4856 1250 4909 per
1268 4841 1604 4897 Ezechielem
1629 4843 1942 4912 pr0phetam
1963 4853 2143 4900 osten-

575 4927 680 4992 dit,
721 4928 864 4985 inter
894 4938 1087 4984 uetera
1125 4930 1310 4986 dicens
1339 4946 1354 4985 :
1389 4931 1668 5001 Propterea
1705 4931 1826 4985 dedi
1859 4931 1962 4986 illis
1998 4949 2138 5003 prte-

571 5029 718 5090 cepta
761 5039 863 5076 non
893 5021 1024 5076 bona
1053 5021 1288 5095 (Ezech.
1317 5022 1460 5094 xx),
1491 5023 1617 5094 quia
1649 5031 1807 5078 erant
1838 5024 2141 5080 irreveren-

575 5119 654 5166 tcs
683 5120 738 5164 et
765 5112 932 5166 inﬁdi.
964 5111 1022 5166 In
1051 5113 1283 5168 adventu
1303 5122 1482 5168 autem
1503 5113 1724 5185 Christi,
1749 5113 1874 5183 quia
1904 5112 2140 5170 salutare

575 5201 770 5255 donum
799 5211 917 5258 erat
945 5201 1186 5268 daturus,
1203 5218 1298 5272 per
1311 5201 1598 5258 Jeremiam
1616 5203 1893 5274 praedicat,
1914 5203 2100 5259 dicens
2122 5220 2137 5258 :

573 5291 721 5348 Dabo
755 5293 860 5348 illis
906 5292 1288 5350 Testamentum
1337 5312 1524 5351 novum
1543 5337 1558 5361 ,
1590 5311 1692 5350 non
1713 5295 1867 5366 quale
1891 5295 2011 5349 dedi
2041 5313 2137 5366 pa-

571 5385 738 5441 tribus
762 5385 971 5440 illorum
1005 5386 1220 5459 (Jerem.
1243 5385 1439 5457 xxxr):
1469 5389 1573 5443 hoc
1618 5388 2019 5442 Testamentum
2064 5385 2141 5440 Ic-

572 5487 695 5543 gem
744 5485 896 5530 vocat
919 5517 933 5542 ,
976 5476 1029 5532 in
1059 5493 1221 5548 quam
1253 5493 1356 5532 non
1384 5484 1780 5548 pervenerunt,
1811 5477 1948 5531 sicut
1978 5490 2138 5544 supra

575 5569 898 5639 memoravi;
923 5584 1048 5626 nam
1073 5586 1195 5628 cum
1221 5570 1470 5642 gentibus
1490 5586 1609 5642 quin
1635 5568 1975 5626 crediderant
2003 5568 2140 5622 hanc

2245 4840 2469 4895 scendi?
2497 4837 2762 4894 Nolebant
2790 4837 2934 4892 enim
2970 4837 3133 4891 verba
3167 4836 3334 4906 gestis
3375 4849 3737 4905 comparare,
3775 4846 3832 4889 ut

2245 4929 2467 5001 perinde
2506 4935 2859 4998 agnoscerent
2899 4941 3008 4980 non
3050 4924 3344 4980 absurdum
3375 4940 3527 4988 esse,
3563 4927 3714 4994 quod
3754 4927 3832 4978 di-

2245 5019 2403 5074 cebat
2439 5017 2507 5072 de
2538 5015 2678 5072 caelo
2719 5031 2778 5071 se
2819 5014 3196 5079 descendisse,
3224 5015 3380 5084 quasi
3410 5029 3612 5084 corpus
3638 5030 3830 5084 oper:-

2245 5122 2418 5177 retur,
2450 5120 2505 5168 et
2533 5126 2640 5167 non
2668 5113 2813 5167 Deus
2839 5111 3044 5177 latens,
3075 5109 3334 5178 operibus
3375 5117 3562 5162 tamen
3605 5123 3669 5162 se
3709 5123 3830 5177 pro—

2241 5207 2375 5261 dens
2421 5205 2476 5260 in
2525 5219 2772 5276 corpore.
2818 5203 2978 5259 Petra
3025 5218 3152 5273 ergo
3202 5203 3317 5258 haec
3367 5201 3697 5256 scandalum
3751 5208 3830 5254 est

2240 5296 2438 5351 ludatis
2480 5304 2536 5350 et
2583 5294 2838 5360 oll'ensio;
2890 5310 3010 5364 quas
3053 5304 3208 5364 petra
3253 5293 3371 5348 sine
3418 5291 3587 5347 dubio
3627 5305 3827 5360 cei-ptis

2243 5385 2558 5456 intelligitur
2608 5383 2935 5450 Salvatoris,
2991 5383 3107 5436 haec
3159 5382 3342 5437 excisa
3393 5380 3514 5434 sine
3574 5380 3828 5433 manilius

2240 5485 2559 5547 propterea,
2608 5475 2734 5544 quia
2775 5474 2891 5530 sine
2928 5472 3048 5529 viro
3089 5472 3154 5527 de
3199 5470 3404 5540 Spiritu
3447 5477 3644 5526 sancto
3685 5466 3822 5522 facta

2241 5567 2306 5622 de
2337 5566 2547 5636 virgine
2575 5573 2677 5621 est.

1845 5757 2515 5792 *ψη-ν’·-
