4026 6180
307 311 452 370 1505

1193 468 1330 482 _

837 315 1392 377 ENARRATIONUM
1425 315 1493 376 IN
1528 316 1678 376 EPP.
1721 317 1926 376 PAULI
1966 318 2090 375 LIB.
2131 319 2214 376 Vl.
2249 351 2319 362 -—
2354 321 2422 377 IN
2462 321 2679 379 EPIST.
2715 322 2808 378 AD
2847 323 3012 381 ROM.

3430 331 3570 391 {506

1345 465 3562 501 ._—————___._.___.________________

1382 596 1816 708 LIBER'
1877 593 2473 714 SEXTUS.

1731 790 2137 810 Ἃ

922 907 1148 963 CAPUT
1187 905 1254 962 X.

295 1023 432 1078 Orat
474 1019 754 1092 Apostolus
795 1036 889 1090 pro
933 1021 1158 1085 Judteis,
1194 1020 1468 1092 ostendens
1505 1019 1644 1092 quod
1665 1019 1879 1092 justitia

369 1089 565 1164 faciens
602 1089 817 1164 dignum
866 1092 971 1144 vita
1013 1101 1207 1146 reterna
1247 1090 1417 1146 solum
1458 1089 1526 1144 esi
1550 1089 1734 1161 lege’et
1772 1091 1880 1158 ﬁde

371 1162 566 1218 Christi
587 1162 678 1216 sit.

369 1271 589 1326 Fratres
624 1270 864 1326 voluntas
888 1271 1095 1341 quidem
1132 1271 1304 1326 cordis
1341 1272 1471 1336 mei,
1518 1281 1565 1326 et
1593 1271 1880 1326 obsecratio

290 1368 367 1420 ad
406 1366 573 1421 Deum
613 1366 674 1434 ﬁt
703 1381 798 1436 pro
838 1364 942 1419 illis
982 1366 1037 1420 in
1059 1365 1316 1430 salutem;
1349 1365 1701 1420 testimonium
1741 1365 1879 1419 enim

288 1457 534 1528 perhibeo
583 1457 712 1522 illis,
757 1457 896 1528 quod
947 1457 1334 1512 temulationem
1384 1457 1484 1511 Dei
1526 1457 1734 1522 habent,
1786 1457 1878 1512 sed

290 1565 399 1603 non
417 1549 702 1603 secundum
724 1548 1012 1603 scientiam.
1031 1545 1214 1619 (Aug)
1233 1547 1332 1602 Hic
1350 1546 1464 1617 jam
1492 1547 1680 1616 incipit
1702 1548 1766 1602 de
1783 1562 1880 1617 spe

287 1637 603 1694 Judzeorum
629 1638 796 1708 loqui,
824 1653 893 1693 ne
924 1638 1087 1692 etiam
1116 1647 1305 1708 gentes
1331 1637 1612 1709 superbire
1640 1639 1879 1694 audeant

287 1730 554 1784 adversus
597 1729 830 1784 Judmos.
881 1729 1033 1784 Sicut
1077 1730 1220 1784 enim
1275 1727 1583 1785 Iudaeorum
1627 1730 1876 1799 superbia

288 1821 582 1877 refellenda
614 1831 731 1877 erat
759 1832 1012 1893 tanquam
1039 1837 1105 1876 ex
1133 1821 1387 1892 operibus
1408 1822 1776 1892 gloriantium,
1799 1821 1879 1878 sic

287 1924 352 1970 et
385 1916 636 1986 gentibus
663 1916 1080 1980 occurrendum,
1112 1931 1180 1971 ne
1221 1923 1475 1984 tanquam
1507 1915 1706 1971 Judteis
1735 1932 1876 1987 prse-

285 2006 384 2060 lati
426 2006 755 2076 superbiant.
802 2004 999 2076 (Orig.)
1029 2003 1164 2072 Quia
1191 2021 1319 2076 ergo
1348 2006 1400 2060 in
1438 2006 1522 2060 his
1545 2021 1664 2076 qua:
1706 2021 1878 2074 nuper

284 2097 535 2167 exposita
570 2104 728 2161 sunt,
782 2096 964 2150 multis
1011 2095 1335 2151 testimoniis
1376 2096 1663 2150 adversum
1709 2096 1875 2151 Israel

285 2202 422 2241 usus
471 2194 557 2242 est
599 2187 1008 2256 prophetarum,
1059 2187 1133 2241 ita
1166 2195 1226 2242 ut
1264 2187 1535 2257 proferret
1573 2189 1638 2244 de
1673 2188 1812 2244 Isaia
1855 2205 1868 2244 :

1903 913 1952 971 Α
1981 904 2407 963 Machabmorum
2451 911 2708 980 scriptum
2761 923 2890 970 est:
2935 915 3073 982 Quia
3132 920 3331 977 zelatus
3395 935 3471 980 est

1984 993 2094 1065 lege
2149 995 2290 1064 Dei,
2341 1007 2389 1051 et
2441 999 2820 1057 intremuerunt
2863 1022 3010 1062 renes
3056 1025 3190 1077 ejus,
3231 1021 3279 1066 et
3329 1019 3564 1070 ascendit

1984 1084 2137 1154 [uror
2155 1087 2270 1157 ejus
2297 1090 2581 1144 secundum
2611 1091 2890 1157 iudicium.
2917 1095 3118 1152 Horum
3149 1103 3387 1158 omnium
3417 1105 3564 1161 zelus

1982 1181 2038 1227 et
2085 1176 2358 1231 aemulatio
2397 1180 2692 1235 secundum
2740 1183 3021 1240 scientiam
3069 1190 3200 1252 fuit;
3253 1190 3560 1250 Judworum

1981 1277 2113 1320 vero
2164 1267 2312 1323 zelus
2358 1283 2465 1324 non
2505 1279 2624 1325 erat
2663 1273 2958 1328 secundum
3008 1279 3310 1348 scientiam,
3361 1285 3563 1341 idcirco

1981 1353 2106 1422 quia
2147 1356 2456 1427 ignorantes
2501 1360 2594 1414 Dei
2615 1362 2905 1431 justitiam,
2955 1371 3230 1438 propriam
3286 1378 3561 1432 conaban-

1983 1451 2089 1510 tur,
2119 1445 2172 1501 id
2214 1457 2319 1514 est,
2351 1465 2470 1519 quae
2517 1450 2828 1510 hominibus
2867 1458 3078 1526 iustitia
3110 1462 3409 1530 videbatur,
3457 1468 3560 1522 im-

1979 1535 2160 1606 plere,
2212 1554 2335 1594 cum
2390 1542 2576 1610 utique
2628 1545 2771 1613 ipsos
2817 1549 2988 1618 magis
3022 1551 3114 1604 Dei
3140 1549 3394 1620 justitite,
3437 1573 3558 1626 qua:

1979 1641 2063 1689 est
2090 1631 2359 1698 Christus,
2391 1637 2703 1692 convenerit
2745 1639 2985 1696 obedire.
3017 1641 3124 1698 Sed
3152 1645 3270 1699 vide
3313 1663 3456 1703 nunc
3495 1666 3563 1705 ne

1979 1724 2118 1780 forte
2160 1741 2266 1779 non
2305 1726 2410 1780 illis
2435 1727 2566 1783 solis
2601 1730 2706 1784 dici
2751 1745 2930 1787 sermo
2976 1734 3078 1789 iste
3117 1736 3392 1805 videatur,
3435 1742 3562 1810 quia

1979 1815 2148 1870 zelum
2173 1816 2270 1870 Dei
2299 1817 2507 1881 habent,
2536 1820 2628 1872 sed
2651 1837 2754 1875 non
2780 1825 3065 1879 secundum
3087 1827 3375 1884 scientiam.
3405 1831 3564 1886 Simi-

1976 1904 2103 1960 liter
2126 1907 2270 1960 enim
2304 1916 2484 1975 potest
2519 1909 2701 1966 dicere
2737 1911 3026 1982 Apostolus
3066 1925 3120 1970 et
3149 1919 3216 1972 de
3244 1919 3385 1985 aliis,
3432 1923 3559 1992 quia

1977 1996 2326 2050 testimonium
2349 1999 2591 2068 perhibeo
2625 2003 2718 2066 eis,
2750 2006 2890 2072 quod
2919 2007 3157 2060 timorem
3186 2009 3284 2063 Dei
3309 2013 3558 2081 habeant,

1977 2084 2070 2138 sed
2099 2100 2204 2138 non
2237 2085 2523 2140 secundant
2550 2091 2826 2146 scientiam
2845 2133 2859 2158 ,
2889 2103 2942 2148 et
2967 2095 3031 2150 de
3055 2097 3197 2165 aliis,
3228 2101 3352 2170 quia
3383 2103 3556 2180 qhari-

1977 2183 2145 2230 tatem
2189 2177 2282 2232 Dei
2331 2179 2587 2245 habeant,
2621 2181 2714 2237 sed
2756 2200 2863 2238 non
2903 2191 3198 2245 secundum
3229 2177 3554 2252 scientiam:

293 2275 424 2330 Nisi
463 2275 718 2330 Dominus
748 2276 978 2332 Sabaoth
1005 2256 1290 2348 reliquisset
1331 2278 1477 2333 nobis
1501 2296 1698 2345 semen,
1740 2281 1873 2334 sicut
1902 2256 1950 2316 Β
1977 2267 2024 2322 εί
2045 2268 2190 2322 enim
2214 2268 2411 2324 habeat
2429 2273 2552 2341 (μηδ
2580 2273 2830 2330 ειπθειυω
2853 2291 2980 2348 erga
3005 2280 3438 2355 Deumiignoret
3462 2305 3557 2344 au-

285 2363 520 2420 Sodoma
547 2366 675 2434 [acti
702 2383 951 2433 essemus,
976 2378 1022 2422 el
1044 2370 1179 2422 sicut
1207 2367 1500 2424 Gomorrha
1521 2370 1714 2424 similes
1743 2370 1874 2439 fuis-

283 2472 498 2521 semus;
521 2464 576 2509 et
617 2456 813 2512 iterum
843 2476 856 2511 :
889 2457 950 2513 Si
985 2459 1144 2528 fuerit
1173 2475 1420 2515 numerus
1440 2461 1673 2530 ﬁliorum
1702 2461 1873 2517 Israel

283 2555 540 2614 tanquam
567 2563 730 2600 arena
751 2547 936 2612 maris,
969 2547 1202 2618 reliquiae
1226 2548 1384 2603 salva:
1403 2550 1570 2618 ﬁent;
1599 2558 1653 2604 et
1673 2551 1758 2606 his
1783 2551 1876 2606 ad-

285 2632 450 2698 didit,
481 2633 607 2703 quia
628 2633 800 2688 Israel
821 2646 1025 2691 sectans
1054 2636 1215 2708 legem
1229 2639 1478 2709 justitice,
1499 2641 1555 2694 in
1579 2640 1742 2710 legem
1769 2658 1873 2696 non

280 2724 554 2790 pervenit;
595 2733 880 2794 propterea
909 2741 1054 2781 nunc
1089 2727 1358 2782 consolari
1395 2745 1586 2784 rursus
1617 2730 1868 2800 populum

279 2811 440 2869 illum
485 2815 690 2880 volens,
739 2824 795 2871 et
827 2831 922 2886 per
963 2817 1068 2871 hoc
1111 2818 1341 2872 invitare
1379 2820 1448 2873 ad
1483 2818 1664 2885 ﬁdem,
1693 2821 1867 2876 dicit:

288 2921 310 2952 s
349 2900 595 2968 Fratres,
621 2903 869 2960 voluntas
895 2905 1110 2975 quidem
1133 2907 1314 2962 cordis
1334 2907 1461 2973 mei,
1489 2916 1544 2963 et
1567 2909 1871 2966 obsecratio

279 2995 429 3064 apud
459 2989 744 3051 Dominum
773 2998 832 3053 ﬁt
856 3013 955 3068 pro
986 2999 1090 3055 illis
1120 3001 1174 3055 in
1219 3000 1502 3056 salutem.)
1530 3001 1598 3057 Et
1625 3018 1866 3069 causam,

283 3101 392 3139 cur
425 3085 674 3141 voluntas
717 3102 813 3142 sua
855 3098 910 3145 et
935 3091 1240 3146 obsecratio
1273 3107 1372 3162 pro
1396 3091 1502 3147 illis
1531 3095 1672 3163 apud
1700 3095 1869 3149 Deum

283 3176 573 3242 habeatur,
597 3177 871 3232 ostendit:
901 3178 1272 3234 Testimonium
1294 3181 1455 3248 enim,
1478 3183 1677 3252 inquit,
1695 3183 1870 3253 perhi-

280 3268 379 3322 beo
403 3268 530 3335 illis,
559 3270 699 3339 quod
727 3271 1112 3326 aemulationem
1143 3273 1242 3328 Dei
1265 3273 1510 3342 habeant,
1537 3276 1630 3330 sed
1652 3293 1754 3330 non
1783 3293 1866 3331 se-

279 3361 518 3414 cundum
538 3363 833 3416 scientiam.
867 3363 1144 3430 Quamvis,
1176 3365 1382 3435 inquit,
1410 3376 1488 3422 tot
1513 3376 1568 3423 et
1596 3367 1760 3424 tantis
1787 3369 1870 3423 in-

285 3452 456 3507 voluti
497 3453 606 3509 sint
635 3462 978 3523 peccatorum
1013 3472 1232 3511 suorum
1275 3458 1460 3525 malis,
1513 3467 1694 3515 tamen
1741 3462 1868 3531 quia

282 3543 610 3601 ineffabilem
629 3547 801 3602 zelum
816 3547 1278 3602 etaatnulationem
1295 3549 1391 3604 Dei
1408 3550 1629 3616 habent,
1652 3551 1766 3607 hate
1783 3568 1866 3606 me

280 3638 580 3692 commovit
615 3653 797 3699 causa.
831 3639 1144 3696 obsecrasse
1171 3641 1341 3696 Deum
1385 3657 1484 3712 pro
1515 3641 1668 3712 ipsis,
1692 3651 1750 3696 ut
1781 3644 1866 3699 vel

286 3729 344 3784 in
387 3729 491 3784 ﬁne
531 3731 824 3802 aliquando
864 3733 1185 3802 perveniant
1222 3736 1288 3790 ad
1337 3735 1586 3790 salutem.
1636 3735 1864 3810 (Ambr.)

282 3823 455 3893 Igitur
498 3825 752 3893 quoniam
793 3839 824 3878 a
872 3825 986 3895 lege
1028 3841 1122 3881 eos
1156 3826 1270 3881 vult
1295 3827 1530 3893 auferre,
1559 3827 1864 3894 credentes,

283 3915 412 3984 quia
463 3915 704 3971 velamen
757 3925 842 3972 est
876 3915 1097 3980 Judaeis,
1150 3932 1219 3972 ne
1279 3918 1382 3972 hoc
1428 3919 1554 3972 odio
1603 3917 1863 3974 Judaismi

282 4007 468 4063 facere
497 4009 790 4074 videretur,
838 4009 1074 4064 ostendit
1114 4008 1361 4064 allectum
1398 4026 1551 4065 suum
1576 4010 1720 4066 circa
1748 4011 1867 4067 illos

281 4107 341 4154 et
372 4099 472 4170 legi
499 4100 590 4154 dat
617 4100 844 4154 multum
869 4141 884 4164 ,
916 4101 1008 4155 sed
1039 4101 1196 4156 docet
1223 4100 1560 4170 tempusjam
1587 4102 1866 4156 servanda:

283 4189 421 4262 Ιιεεὶε
448 4205 553 4244 non
587 4205 728 4255 esse,
779 4205 843 4245 ac
884 4205 982 4260 per
1031 4191 1134 4246 hoc
1168 4191 1450 4260 providere
1495 4206 1554 4246 se
1592 4191 1694 4247 illis
1728 4191 1866 4248 velle

284 4291 537 4345 testatur,
567 4282 612 4337 si
634 4283 793 4338 modo
820 4283 1042 4337 audiant
1075 4283 1220 4337 illum
1260 4299 1324 4339 ac
1356 4283 1584 4354 probent
1611 4300 1715 4339 non
1744 4299 1866 4340 esse

282 4389 440 4428 suum
493 4373 793 4438 inimicum,
843 4375 1059 4444 quando
1099 4384 1154 4429 et
1199 4375 1565 4430 testimonium
1616 4375 1864 4445 perhibet

282 4463 393 4519 illis
423 4465 718 4520 nobilitatis
755 4474 810 4520 et
847 4465 1150 4520 traditionis
1180 4475 1439 4536 paternae.
1476 4465 1678 4520 Habent
1704 4468 1863 4531 enim,

284 4554 400 4619 ait,
434 4553 602 4609 selum
630 4554 746 4619 Dei,
779 4555 868 4610 sed
897 4572 999 4609 non
1029 4557 1312 4610 secundum
1337 4558 1628 4611 scientiam.
1665 4555 1864 4630 (Orig.)

282 4643 353 4700 Et
396 4646 587 4716 probat
631 4647 900 4715 quomodo
947 4661 1053 4701 non
1105 4647 1401 4703 secundum
1445 4648 1726 4703 scientiam
1773 4665 1867 4705 ze-

281 4733 395 4790 lum
435 4736 529 4791 Dei
567 4737 831 4801 habeant,
863 4737 989 4807 quia
1043 4737 1368 4806 ignorantes,
1413 4739 1619 4810 inquit,
1655 4739 1752 4794 Dei
1770 4740 1866 4810 ju-

280 4829 506 4893 stitiam,
533 4845 643 4883 sum
658 4829 880 4899 iustitiae
907 4830 1304 4900 obtemperant.
1339 4829 1451 4884 Non
1476 4831 1701 4885 multum
1733 4847 1863 4904 ergo

281 4918 504 4990 prodest
533 4917 736 4974 habere
772 4919 945 4974 zelum
972 4919 1090 4984 Dei,
1123 4928 1177 4973 et
1206 4935 1312 4973 non
1354 4919 1554 4975 habere
1583 4921 1862 4976 scientiam
1885 4945 1940 5005 D

281 5009 408 5064 zeli.
436 5009 677 5079 Denique
708 5007 876 5064 Judaei
912 5016 1166 5079 putantes
1191 5022 1250 5062 se
1283 5008 1399 5063 zelo
1426 5009 1520 5064 Dei
1554 5023 1735 5078 agere,
1776 5027 1864 5066 sa-

285 5099 472 5171 crilegi
499 5099 822 5154 exstiterunt
845 5099 897 5153 in
921 5097 1113 5152 Filium
1138 5097 1254 5163 Dei,
1279 5098 1404 5166 quia
1430 5114 1537 5152 non
1567 5100 1860 5155 secundum

285 5190 566 5246 scientiam
613 5188 771 5244 zelati
803 5194 928 5243 sunt
971 5187 1113 5241 sicut
1151 5184 1380 5240 Phinees
1425 5186 1564 5240 ﬁlius
1595 5187 1858 5254 Eleazari,

285 5282 376 5351 qui
392 5281 688 5336 secundum
702 5281 980 5334 scientiam
998 5277 1202 5332 zelatus
1225 5277 1499 5331 interemit
1514 5276 1860 5333 Madianitem

286 5391 350 5446 pa
361 5375 490 5429 riter
504 5373 860 5429 etlsraelitam
884 5371 1238 5426 fornicantem
1262 5384 1384 5424 cum
1406 5385 1469 5425 ea
1485 5367 1672 5442 (Num.
1696 5370 1856 5443 xxv);

285 5479 342 5522 et
367 5469 506 5523 sicut
530 5467 672 5522 Elias
701 5467 792 5536 qui
819 5466 954 5520 dixit
983 5484 997 5519 :
1025 5464 1215 5519 Zelans
1245 5464 1444 5518 zelatus
1475 5480 1591 5518 sum
1619 5466 1860 5536 omnipo-

287 5559 416 5611 tenti
468 5556 576 5611 Deo
616 5555 820 5622 Israel,
862 5557 987 5625 quia
1023 5554 1408 5625 dereliquerunt
1437 5563 1486 5608 te
1526 5554 1626 5622 ﬁlii
1673 5554 1861 5611 Israel.

291 5648 580 5718 Prophetas
607 5658 723 5702 tuos
752 5647 1067 5710 occiderunt,
1102 5657 1152 5700 et
1175 5645 1370 5700 altaria
1395 5654 1486 5700 tua
1506 5646 1865 5701 subuerterant

291 5739 408 5810 (111
435 5739 562 5809 Reg.
581 5738 729 5808 xix);
758 5747 812 5795 et
837 5737 976 5793 sicut
1007 5736 1357 5804 Mathathias,
1376 5735 1444 5791 de
1467 5749 1575 5806 quo
1607 5735 1662 5790 in
1687 5734 1866 5794 libro:

1976 2364 2085 2411 tem
2118 2358 2243 2427 quia
2271 2360 2515 2416 charitas
2547 2365 2758 2432 patiens
2783 2382 2902 2422 esse
2937 2370 3115 2437 debet,
3151 2388 3272 2430 esse
3297 2376 3552 2450 benigna,

1973 2463 2082 2502 non
2117 2449 2384 2516 invidens,
2409 2468 2513 2508 non
2539 2469 2821 2524 perperam
2849 2473 3032 2528 agens,
3071 2477 3175 2517 non
3209 2464 3412 2534 inﬂata,
3433 2449 3554 2525 non

1973 2539 2280 2603 ambitiosa,
2324 2557 2432 2597 non
2456 2559 2703 2613 quae-rens
2735 2563 2856 2616 quae
2888 2565 2985 2605 sua
3013 2562 3139 2607 sunt
3165 2555 3215 2626 (1
3248 2556 3371 2612 Cor.
3404 2562 3550 2634 xm),

1973 2630 2090 2685 haec
2130 2640 2185 2685 et
2226 2633 2312 2687 his
2338 2634 2536 2690 similia
2581 2638 2624 2691 si
2667 2637 2721 2692 in
2751 2639 3018 2698 charitate
3050 2659 3155 2699 non
3189 2647 3406 2716 habeat,
3456 2630 3550 2708 sed

1972 2721 2027 2776 in
2049 2723 2163 2777 solo
2184 2722 2383 2779 affectu
2402 2725 2588 2798 diligat
2609 2730 2799 2796 Deum,
2816 2743 3185 2803 competenter
3214 2747 3268 2793 et
3293 2740 3358 2795 ad
3376 2742 3552 2812 ipsum

1973 2812 2200 2878 dicetur,
2234 2816 2361 2884 quia
2403 2816 2729 2875 eharitatem
2753 2820 2847 2875 Dei
2876 2822 3059 2891 habet,
3092 2828 3188 2881 sed
3218 2844 3323 2884 non
3353 2847 3551 2889 secun-

1971 2902 2096 2956 dum
2141 2905 2454 2972 scientiam;
2506 2909 2760 2965 similiter
2819 2924 2998 2969 autem
3049 2917 3153 2972 dici
3186 2930 3370 2989 potest
3401 2931 3455 2978 et
3484 2927 3552 2981 de

1971 2995 2094 3060 alio,
2129 2998 2252 3066 quia
2273 2997 2431 3053 ﬁdem
2465 3001 2559 3056 Dei
2587 3003 2771 3070 habet,
2800 3007 2893 3060 sed
2921 3023 3025 3064 non
3054 3013 3347 3068 secundum
3374 3018 3550 3080 scien-

1971 3088 2122 3154 tiam,
2147 3091 2190 3144 si
2224 3091 2450 3161 ignoret,
2469 3095 2595 3164 quia
2617 3115 2635 3146 t
2661 3097 2792 3152 ﬁdes
2816 3101 2934 3155 sine
2958 3105 3211 3171 operibus
3233 3116 3442 3164 mortua
3467 3119 3552 3167 est

1972 3177 2112 3247 (Jac.
2147 3181 2232 3248 ιι),
2269 3202 2286 3234 ι
2322 3191 2376 3238 et
2405 3186 2528 3253 quia
2560 3185 2694 3242 ﬁdes
2729 3189 2823 3243 Dei
2853 3206 2958 3245 non
2985 3193 3038 3246 in
3087 3194 3216 3249 solis
3241 3198 3420 3253 verbis
3445 3207 3548 3265 est,

1969 3283 2092 3337 qua:
2125 3271 2393 3326 interdum
2423 3273 2491 3327 ab
2517 3274 2624 3330 alio
2653 3281 2949 3348 composita
2976 3281 3058 3335 vel
3103 3285 3303 3354 scripta
3332 3287 3549 3344 discun-

1970 3369 2080 3427 tur,
2105 3363 2198 3417 sed
2223 3364 2275 3417 in
2304 3365 2498 3422 aﬂ’ectu
2522 3373 2717 3426 mentis
2753 3374 2846 3426 tali
2895 3377 3312 3445 quodammodo,
3337 3382 3548 3452 qualern
3621 3361 3634 3370 ί

1970 3451 2158 3506 habuit
2178 3453 2263 3508 illa
2292 3471 2412 3524 quae
2432 3458 2568 3512 dixit
2591 3459 2730 3514 intra
2755 3477 2842 3516 se:
2865 3462 2926 3518 Si
2948 3467 3160 3535 tetigero
3181 3451 3443 3536 ﬁmbriam
3463 3489 3554 3527 ve-

1968 3543 2198 3634 stimenti
2223 3546 2354 3614 ejus,
2387 3547 2532 3602 salva
2551 3567 2640 3604 ero
2662 3553 2874 3622 (Matth.
2905 3557 3005 3628 lx).
3033 3556 3088 3611 Si
3122 3562 3244 3630 quis
3277 3576 3406 3634 ergo
3441 3581 3547 3620 non

1945 3633 2044 3687 ita
2077 3635 2270 3691 habeat
2295 3638 2453 3693 ﬁdem
2473 3681 2488 3706 ,
2529 3651 2586 3695 ut
2611 3660 2672 3698 ex
2713 3646 2923 3702 actibus
2949 3649 3062 3704 suis
3091 3651 3245 3706 bonis
3271 3633 3358 3707 cui
3377 3657 3552 3710 credit

1965 3729 2232 3793 ostendat,
2265 3737 2444 3797 potest
2465 3739 2519 3784 et
2546 3733 2612 3786 ad
2635 3733 2808 3801 ipsum
2835 3737 2960 3799 dici,
2986 3740 3109 3807 quia
3142 3741 3298 3796 ﬁdem
3329 3745 3422 3800 Dei
3448 3748 3547 3800 ha-

1966 3819 2092 3885 bet,
2121 3821 2216 3875 sed
2245 3837 2350 3874 non
2378 3824 2674 3878 secundum
2705 3827 3008 3882 scientiam.
3042 3829 3222 3886 Potest
3261 3842 3316 3888 et
3345 3836 3412 3892 de
3447 3837 3551 3893 alio

1965 3913 2094 3977 dici,
2127 3912 2253 3981 quia
2291 3916 2596 3970 castitatem
2624 3916 2718 3971 Dei
2760 3919 2943 3986 habet,
2985 3923 3078 3976 sed
3107 3939 3212 3978 non
3253 3929 3546 3984 secundum

1965 4002 2282 4070 scientiam;
2313 4013 2369 4060 et
2399 4005 2535 4060 alius
2559 4022 2746 4061 curam
2777 4024 3074 4080 pauperum
3105 4013 3287 4078 habet,
3325 4017 3417 4071 sed
3442 4033 3548 4072 non

1965 4092 2260 4167 secundum
2293 4094 2599 4160 scientiam,
2630 4096 2828 4166 quippe
2856 4098 2901 4152 si
2928 4099 2996 4152 ab
3017 4101 3322 4156 hominibus
3344 4102 3549 4159 laudari

1966 4181 2110 4247 vult;
2135 4189 2190 4237 et
2205 4183 2344 4238 alius
2369 4184 2646 4240 abstinens
2668 4197 2847 4255 potest
2871 4188 2998 4254 dici,
3013 4189 3104 4244 sed
3132 4206 3240 4245 non
3255 4195 3548 4248 secundum

1965 4271 2250 4328 scientiam
2273 4314 2287 4339 ,
2319 4275 2364 4328 si
2403 4285 2690 4346 prepterea
2719 4277 2946 4346 jejunat,
2989 4289 3048 4335 ut
3089 4281 3398 4339 hominibus
3434 4284 3551 4354 pla-

1967 4371 2115 4428 ceat;
2140 4372 2196 4418 et
2219 4365 2298 4419 sic
2309 4380 2406 4435 per
2420 4366 2630 4435 singula
2646 4381 2766 4437 quas
2785 4370 3041 4438 gerimus,
3056 4369 3100 4425 si
3124 4385 3230 4425 non
3251 4375 3545 4429 secundum

1967 4452 2247 4508 scientiam
2277 4465 2331 4509 et
2355 4456 2683 4513 intellectum
2709 4473 2980 4529 geramus,
3009 4468 3186 4530 potest
3222 4463 3290 4518 ad
3313 4478 3413 4519 nos
3440 4464 3548 4521 dici

1965 4545 2090 4614 quia
2121 4547 2385 4602 habemus
2407 4549 2582 4604 zelum
2620 4551 2800 4620 operis
2831 4551 2978 4617 boni,
3005 4553 3099 4608 sed
3123 4570 3227 4610 non
3253 4558 3547 4614 secundum

1967 4639 2281 4706 scientiam;
2315 4650 2368 4695 et
2391 4641 2511 4698 ideo
2538 4643 2714 4698 danda
2746 4646 3016 4714 praecipue
3037 4656 3162 4702 sunt
3187 4664 3352 4718 opera
3375 4652 3550 4706 scien-

1965 4729 2075 4793 tias,
2110 4745 2178 4785 ne
2208 4746 2292 4786 res
2324 4733 2480 4787 nobis
2507 4732 2795 4789 infeliciter
2821 4735 3054 4800 accidat,
3088 4747 3146 4790 ut
3169 4738 3222 4791 in
3255 4738 3358 4793 ﬁde
3385 4740 3544 4810 positi

1967 4820 2291 4877 frustremur
2325 4837 2356 4876 a
2385 4823 2508 4887 ﬁde,
2541 4835 2596 4878 et
2617 4824 2790 4880 zelum
2833 4825 3095 4881 habentes
3138 4827 3400 4882 bonorum
3447 4831 3546 4884 de-

1966 4913 2209 4968 cidamus
2259 4927 2290 4967 a
2342 4915 2520 4970 bonis.
2583 4913 2678 4970 Vis
2728 4927 2909 4971 autem
2979 4917 3122 4972 scire
3185 4918 3313 4986 quia
3372 4927 3550 4987 potest

1967 5005 2108 5074 quis,
2139 5006 2185 5059 si
2214 5007 2494 5062 scientiam
2538 5022 2642 5062 non
2695 5008 2911 5072 habeat,
2944 5023 3272 5063 evanescere
3310 5009 3364 5062 in
3407 5008 3548 5064 nde?

1968 5097 2092 5151 audi
2124 5098 2295 5165 ipsum
2325 5098 2548 5152 Paulum
2579 5100 2898 5169 quibusdam
2926 5100 3193 5154 dicentem
3227 5117 3240 5153 :
3275 5097 3396 5154 Nisi
3435 5100 3548 5154 sine

1967 5202 2130 5242 causa
2183 5189 2476 5243 credidistis
2519 5190 2590 5261 (1
2623 5189 2748 5243 Cor.
2803 5189 2913 5258 xv).
2977 5191 3192 5244 Accidit
3249 5205 3378 5260 ergo
3431 5192 3548 5246 sine

1967 5292 2168 5341 causa,
2216 5279 2509 5333 credidisse
2569 5279 2657 5334 his
2726 5280 2818 5350 qui
2873 5280 3114 5334 scientias
3157 5296 3378 5350 operam
3437 5295 3542 5335 non

1967 5368 2114 5431 dant,
2156 5375 2216 5422 ut
2265 5368 2320 5422 in
2369 5384 2434 5424 eo
2475 5383 2582 5437 quo
2627 5369 2974 5424 crediderunt
3015 5371 3177 5424 etiam
3216 5370 3545 5426 intellectum

1961 5460 2205 5514 veritatis
2239 5460 2526 5529 accipiant.
2572 5461 2813 5530 Denique
2858 5469 2913 5515 et
2959 5461 3200 5530 Apostoli
3247 5463 3387 5516 hanc
3426 5477 3549 5518 esse

1965 5549 2322 5606 dill‘erentiam
2354 5549 2476 5604 ﬁdei
2503 5549 2822 5620 simpliciter
2843 5551 3075 5618 traditat,
3102 5561 3157 5607 et
3177 5551 3300 5607 ﬁdei
3323 5568 3442 5622 quae
3462 5560 3548 5608 est

1964 5643 2260 5697 secundum
2281 5642 2563 5698 scientiam
2595 5644 2960 5712 pervidentes,
2988 5644 3236 5700 dicebant
3259 5645 3324 5698 ad
3354 5643 3544 5700 Salva-

1965 5742 2164 5800 torem,
2195 5735 2340 5806 Auge
2377 5734 2524 5791 nobis
2550 5734 2738 5803 fidem,
2772 5735 2875 5791 hoc
2903 5743 3020 5802 est,
3050 5742 3110 5791 ut
3144 5735 3404 5792 habentes
3426 5751 3546 5791 eam
