4026 6180
559 291 696 348 15ιι¹1

1193 287 1256 345 Β.
1299 284 1553 344 ιςΑΒΑΝι
1587 285 1808 343 ωυιιι
1841 285 2141 342 ARCHIEP

2241 285 2522 345 IOGUNT.
2562 285 2850 347 OPERUM
2879 286 3061 344 PARS
3096 288 3187 346 lli.

3705 290 3835 346 i508

550 400 740 468 tidem,
775 415 896 472 quae
929 415 1035 457 non
1056 407 1143 456 est
1169 399 1468 456 secundum
1505 399 1812 464 scientiam,
1842 398 2140 454 habeamus
2166 406 2217 467 Α
2242 398 2606 470 estjustitiam
2643 400 2763 457 sine
2798 399 3014 458 Christo
3043 401 3335 473 adimplere
3367 405 3580 474 poterit
3602 443 3620 470 ,
3655 411 3752 474 qui
3774 404 3833 457 ιι-

554 500 613 550 ει
635 507 758 549 eam
794 508 913 563 quae
945 500 1031 547 est
1057 490 1356 546 secundum
1387 491 1694 546 scientiam.
1727 490 1912 560 Itaque
1939 487 2140 545 Judacis

555 583 924 639 testimonium
969 582 1218 652 perhibet
1269 581 1497 648 Paulus,
1549 581 1695 652 quod
1740 581 2140 636 amulationem

558 674 654 729 Dei
692 673 947 738 habeant,
990 673 1114 727 licet
1139 688 1245 726 non
1273 672 1569 727 secundum
1602 671 1906 726 scientiam.
1937 673 2141 727 Tamen

556 765 685 837 quia
717 774 990 834 utcunque
1027 764 1299 818 habebant
1327 762 1728 817 simulationem
1757 762 1881 824 Dei,
1919 775 2139 816 causam

556 853 824 910 dederunt
849 852 1130 922 Apostolo,
1159 867 1263 922 qua
1297 852 1724 909 obsecrationem
1747 865 1846 920 pro
1871 850 1976 905 illis
2006 847 2140 904 olfe-

558 955 643 1000 rat
687 947 814 1001 Deo.
861 946 1052 1000 Melius
1095 955 1176 1000 est
1217 945 1360 1001 enim
1398 946 1598 1000 habere
1637 944 1813 999 zelum
1866 944 1984 1009 Dei,
2016 943 2142 999 licet

556 1051 662 1090 non
689 1036 984 1090 secundum
1011 1036 1314 1098 scientiam,
1347 1050 1510 1104 quam
1533 1035 1749 1104 penitus
1779 1049 1886 1088 non
1917 1032 2139 1088 habere.

557 1128 662 1194 Qui
711 1130 854 1183 enim
894 1130 1085 1196 habet,
1128 1129 1270 1184 sicut
1305 1129 1568 1197 scriptum
1611 1135 1696 1183 est
1732 1125 1970 1198 (Matth.
2007 1142 2138 1191 xm;

555 1218 685 1271 Luc.
723 1218 868 1289 xix),
910 1219 1124 1272 dabitur
1153 1219 1221 1284 ei,
1253 1218 1337 1272 vel
1364 1219 1416 1272 in
1454 1216 1778 1279 novissimis,
1818 1229 1941 1270 cum
1967 1215 2142 1270 omnis

556 1309 718 1364 Israel
741 1311 922 1364 salvus
953 1310 1064 1364 ﬁet.
1101 1309 1206 1374 Qui
1239 1319 1412 1363 autem
1447 1325 1552 1363 non
1583 1307 1761 1374 habet,
1805 1307 1964 1361 etiam
2001 1307 2141 1378 quod

554 1403 706 1456 habet
741 1403 1017 1473 auferetur
1052 1403 1116 1456 ab
1156 1419 1238 1456 eo.

627 1494 940 1564 Ignorantes
978 1495 1114 1548 enim
1154 1495 1247 1548 Dei
1269 1493 1561 1562 justitiam,
1601 1502 1648 1546 et
1682 1510 1832 1548 suam
1852 1502 2141 1565 quaerentes

556 1590 895 1654 constituere,
932 1589 1159 1657 justitia:
1201 1589 1297 1642 Dei
1324 1605 1427 1642 non
1464 1595 1585 1642 sunt
1625 1587 1869 1658 subjecti.
1906 1584 2140 1658 (Ambr.)

557 1679 660 1734 Per
712 1680 1068 1750 ignorantiam
1110 1679 1242 1734 dicit
1282 1679 1401 1734 illos
1450 1695 1556 1733 nou
1605 1678 1845 1734 credisse
1881 1678 1935 1733 in
1983 1678 2142 1734 Chri-

555 1782 718 1835 stum,
763 1771 1163 1825 temulationem
1204 1771 1421 1840 quidem
1464 1770 1558 1825 Dei
1589 1771 1868 1835 habentes,
1915 1771 2010 1826 sed
2047 1787 2143 1826 vo-

555 1862 815 1916 luntatem
847 1871 902 1916 et
925 1862 1209 1916 consilium
1246 1864 1362 1932 ejus
1393 1863 1720 1929 nescientes,
1756 1872 1944 1919 contra
1973 1865 2142 1920 Deum

554 1955 814 2025 agebant,
847 1969 1006 2024 quem
1037 1970 1097 2010 se
1123 1953 1414 2011 defendere
1444 1957 1801 2011 testabantur.
1836 1958 1913 2014 De
1951 1958 2034 2014 his
2062 1957 2145 2014 di-

553 2047 647 2108 cit,
701 2046 793 2115 qui
848 2062 954 2100 non
1007 2046 1380 2102 malevolentia
1436 2055 1492 2102 et
1538 2048 1767 2115 invidia,
1814 2049 1912 2105 sed
1955 2064 2143 2105 errore

554 2135 832 2190 Christum
866 2150 974 2190 non
1003 2144 1342 2206 receperunt.
1380 2135 1588 2204 Quibus
1616 2146 1672 2193 ει
1694 2137 1888 2196 Petrus
1921 2147 2141 2210 aposto-

533 2226 640 2280 lus
669 2226 800 2280 dicit
821 2226 958 2296 (Act.
984 2225 1099 2297 tu):
1123 2224 1268 2292 Scio,
1295 2226 1507 2297 fratres,
1526 2230 1650 2300 quia
1677 2245 1769 2299 per
1788 2229 2142 2300 ignorantiam

551 2319 782 2389 gessistis
803 2317 902 2372 hoc
924 2316 1145 2384 naulum,
1162 2319 1304 2392 sicut
1329 2327 1376 2372 et
1399 2319 1660 2390 principes
1682 2321 1836 2375 uestri
1852 2337 1870 2386 ,'
1888 2320 2142 2390 ignoran-

554 2418 637 2464 tes
655 2409 800 2464 enim
823 2411 966 2464 hunc
983 2424 1106 2465 esse
1129 2408 1424 2474 Christum,
1447 2425 1608 2480 quem
1630 2411 1955 2481 promiserat
1975 2413 2139 2480 Deus,

559 2501 788 2558 alterum
824 2503 1243 2571 exspectandum
1279 2501 1555 2568 dicebant,
1587 2503 1713 2559 huic
1739 2501 1981 2572 justitias
2016 2521 2144 2564 suas

552 2609 689 2662 quas
716 2608 784 2647 ex
810 2592 925 2664 lege
951 2592 1242 2660 habebant,
1268 2601 1679 2662 anteponentes,
1699 2594 1790 2664 qui
1819 2603 1901 2650 est
1927 2594 2023 2651 Dei
2054 2594 2143 2665 ju-

558 2683 704 2738 stitia
736 2683 790 2737 in
829 2683 952 2738 lide.
987 2682 1203 2738 Justitia
1231 2684 1376 2739 enim
1409 2685 1524 2754 ipse
1551 2693 1656 2750 est,
1687 2685 1814 2755 quia
1840 2686 1983 2756 quod
2011 2702 2140 2756 pro-

551 2774 777 2830 miserat
825 2774 987 2840 Deus,
1037 2774 1091 2830 in
1137 2775 1254 2844 ipso
1300 2774 1568 2845 implevit,
1623 2773 1777 2830 Finis
1827 2775 1966 2830 enim
2013 2775 2142 2846 legis

554 2859 795 2918 Christus
820 2863 889 2917 ad
910 2863 1175 2932 justitiam
1205 2863 1348 2918 omni
1367 2863 1616 2918 credenti.
1647 2863 1886 2936 (Ambr.)
1918 2863 2034 2920 Hoc
2061 2865 2144 2921 di-

551 2954 651 3020 cit,
701 2955 829 3025 quia
878 2953 1266 3024 perfectionem
1316 2954 1450 3024 legis
1503 2954 1686 3020 habet,
1735 2955 1829 3024 qui
1869 2955 2043 3010 credit
2084 2955 2142 3012 in

548 3045 851 3102 Christum.
901 3045 1034 3100 Cum
1069 3046 1212 3100 enim
1244 3045 1423 3101 nullus
1458 3045 1853 3117 justiﬁcarctur
1891 3062 1957 3104 ex
2002 3049 2138 3120 lege,

553 3139 680 3210 quia
704 3153 866 3193 nemo
888 3138 1145 3206 implebat
1169 3137 1340 3209 legem
1363 3179 1377 3202 ,
1411 3111 1518 3195 nisi
1546 3141 1638 3210 qui
1659 3150 1906 3211 speraret
1931 3141 1986 3197 in
2014 3111 2143 3224 pio-
2169 3111 2214 3174 C

554 3233 721 3287 misso
782 3231 1016 3297 Christo,
1075 3231 1209 3286 lldes
1258 3232 1433 3301 posita
1465 3241 1570 3297 est,
1605 3247 1725 3301 qua:
1773 3235 1990 3289 cederet
2015 3247 2144 3302 per-

555 3322 774 3378 iectioni
820 3322 991 3392 legis,
1038 3330 1098 3376 ut
1141 3323 1394 3378 omnibus
1437 3323 1820 3394 praetermissis
1879 3323 2014 3380 ﬁdes
2049 3339 2143 3382 sa-

555 3413 831 3470 tisfaceret
856 3427 954 3482 pro
981 3421 1092 3467 tota
1115 3412 1234 3482 lege
1270 3422 1326 3467 et
1351 3414 1651 3484 prophetis.

626 3505 833 3576 Moyses
859 3504 995 3558 enim
1012 3505 1240 3574 scripsit,
1262 3505 1512 3575 quoniam
1525 3505 1794 3575 justitiam
1812 3522 1930 3578 qua:
1949 3523 2014 3562 ex
2032 3507 2142 3580 lege

553 3607 650 3660 est,
683 3598 773 3667 qui
799 3595 979 3666 fecerit
1017 3595 1191 3662 homo,
1233 3596 1362 3651 vivet
1408 3597 1462 3650 in
1491 3613 1573 3651 ea.
1609 3596 1740 3664 Quae
1765 3608 1941 3653 autem
1977 3610 2142 3655 estea:

553 3686 659 3756 [ide
677 3685 892 3756 justitia
932 3685 1007 3738 sic
1035 3685 1181 3739 dicit.
1223 3684 1438 3744 Iustitia
1468 3686 1604 3758 legis
1639 3687 1840 3760 Moysis
1875 3704 1999 3746 reos
2021 3690 2143 3747 illos

554 3793 662 3832 non
697 3775 930 3830 faciebat
968 3773 1034 3829 ad
1068 3783 1279 3846 tempus
1299 3817 1315 3843 ,
1349 3778 1392 3832 si
1422 3786 1758 3845 servaretur,
1780 3778 1835 3834 id
1864 3787 1968 3846 est,
1996 3781 2141 3838 vive-

555 3871 688 3926 bant
726 3868 975 3924 faciendo
1016 3867 1210 3940 legem,
1235 3869 1510 3927 debitores
1538 3871 1685 3927 enim
1717 3881 1896 3929 erant.
1940 3873 2140 3947 (Θήρ.)

552 3963 672 4019 Jam
698 3972 754 4020 et
778 3963 831 4018 in
862 3964 1232 4034 superioribus
1253 3965 1542 4037 Apostolus
1557 3966 1786 4024 duarum
1801 3967 2141 4040 justitiarum

557 4057 760 4112 fecerat
789 4058 1117 4113 mentionem
1138 4098 1154 4122 ,
1190 4058 1281 4113 ubi
1308 4058 1460 4124 dicit,
1485 4058 1613 4129 quia
1639 4059 1894 4131 ignorans
1927 4059 2021 4116 Dei
2048 4057 2139 4129 ju-

555 4150 780 4215 stitiam,
809 4165 963 4205 suam
991 4148 1260 4220 justitiam
1285 4157 1524 4206 statuere
1554 4151 1831 4220 quaerebat
1857 4149 2041 4206 Israel.
2073 4150 2142 4205 Et

557 4240 647 4296 hic
678 4255 822 4295 nunc
858 4239 994 4295 duas
1026 4239 1222 4296 iterum
1255 4239 1495 4310 justitias
1533 4240 1683 4306 dicit,
1729 4255 1894 4294 unam
1921 4254 2044 4310 quae
2071 4255 2140 4296 ex

556 4332 692 4404 lege,
716 4339 771 4387 et
791 4331 952 4386 aliam
981 4346 1102 4402 qua:
1120 4346 1186 4387 ex
1210 4330 1314 4386 ﬁde
1339 4340 1446 4386 est.
1473 4329 1581 4386 Sed
1602 4331 1733 4387 mihi
1755 4331 1970 4386 videtur
1995 4331 2137 4402 quod

2242 507 2366 546 nem
2399 491 2532 561 legis
2557 507 2664 546 non
2691 491 2915 563 suscipit
2945 491 3240 548 Christum.
3283 491 3408 548 Haec
3432 510 3596 564 ergo,
3622 509 3749 564 qua
3772 509 3832 552 es

2244 579 2349 636 ﬁde
2374 589 2457 636 est
2468 579 2704 650 justitia,
2723 596 2843 651 qua:
2868 590 2950 637 est
2973 581 3242 648 Christus,
3271 591 3534 654 tanquam
3569 585 3765 641 vivens
3783 597 3831 644 et

2243 672 2565 738 subsistens,
2589 673 2757 727 dicit:

2315 760 2399 816 Ne
2430 763 2628 817 dixeris
2657 763 2712 817 in
2741 764 2896 817 corde
2926 772 3035 829 tuo,
3069 765 3200 831 Quis
3231 767 3478 822 ascendet
3520 769 3579 822 in
3605 769 3834 828 celum!

2242 853 2339 908 hoc
2383 864 2480 920 est,
2530 852 2797 910 Christum
2839 856 3116 924 deducere,
3166 868 3260 912 aut
3303 860 3424 930 quis
3465 861 3750 917 descendet
3788 866 3834 918 in

2243 943 2531 1014 abyssum?
2555 945 2652 998 hoc
2681 955 2756 998 est
2792 943 3056 999 Christum
3091 963 3156 1001 ex
3177 950 3402 1002 mortuis
3428 965 3721 1014 reuocare;
3751 955 3831 1006 sed

2242 1036 2367 1108 quid
2393 1036 2519 1091 dicit
2546 1035 2820 1106 Scriptura
2845 1037 2870 1090 ?
2903 1034 3076 1108 Prope
3099 1048 3174 1092 est
3212 1040 3423 1093 verbum
3455 1041 3514 1093 in
3539 1057 3633 1094 ore
3677 1054 3766 1095 tuo
3794 1055 3833 1096 et

2242 1125 2298 1179 in
2327 1125 2482 1179 corde
2501 1135 2610 1179 tuo.
2637 1126 2872 1198 (Ambr.)
2899 1124 3171 1183 Justitiam
3209 1128 3346 1184 hanc
3374 1129 3514 1184 dicit
3545 1146 3673 1186 esse
3703 1133 3832 1197 fidei,

2243 1216 2288 1271 si
2329 1232 2434 1272 non
2467 1217 2743 1272 dubitetur
2775 1219 2840 1272 de
2868 1233 2966 1288 spe
2996 1219 3123 1282 Dei,
3155 1235 3274 1289 qua:
3304 1221 3357 1274 in
3389 1221 3627 1276 Christo
3654 1235 3757 1287 est,
3777 1241 3835 1277 ne

2244 1306 2492 1362 difﬁdens
2517 1310 2661 1363 dicat
2688 1327 2700 1362 :
2729 1311 2850 1380 quis
2865 1311 3039 1380 potuit
3055 1313 3349 1368 ascendere
3367 1314 3422 1367 in
3450 1313 3702 1368 caelum?
3724 1318 3834 1385 quia

2241 1397 2367 1454 ideo
2388 1414 2580 1468 passus
2610 1409 2714 1466 est,
2748 1409 2806 1454 ut
2831 1401 3144 1472 exspoliatis
3182 1401 3374 1458 inferis
3406 1404 3622 1458 virtute
3649 1404 3835 1466 Patris,

2244 1489 2454 1544 devicta
2501 1500 2675 1546 morte
2713 1506 3002 1561 resurgens
3043 1508 3167 1546 cum
3210 1493 3500 1548 animabus
3549 1495 3758 1565 ereptis
3790 1497 3833 1548 in

2245 1579 2440 1634 caelum
2469 1581 2826 1649 ascenderet;
2860 1582 3038 1638 omnis
3057 1583 3201 1637 enim
3231 1584 3554 1655 quicunque
3587 1586 3710 1640 viso
3734 1585 3836 1640 Sal-

2245 1679 2434 1726 vatore
2456 1672 2597 1742 apud
2626 1670 2829 1729 inferos
2857 1674 3095 1743 speravit
3123 1676 3190 1730 de
3216 1675 3306 1730 illo
3339 1676 3611 1742 salutem,
3658 1679 3837 1734 libera-

2170 1755 2217 1815 B
2250 1771 2335 1818 tus
2367 1776 2479 1828 est,
2523 1765 2681 1820 Petro
2720 1766 2966 1837 apostolo
3003 1767 3106 1822 hoc
3145 1776 3468 1834 attestante;
3519 1770 3665 1824 dicit
3705 1773 3836 1826 enim

2244 1856 2369 1927 quia
2403 1865 2451 1910 et
2494 1857 2714 1911 mortuis
2737 1858 3053 1929 pra’dicatus
3075 1868 3148 1912 est
3166 1857 3217 1930 (I
3246 1856 3362 1913 Pet.
3395 1860 3518 1930 ut):
3549 1862 3648 1931 qui
3676 1862 3836 1916 dehis

2244 1964 2373 2019 ergo
2398 1949 2454 2004 in
2478 1949 2641 2005 corde
2659 1965 2760 2006 suo
2783 1965 2891 2005 non
2918 1950 3145 2016 dubitat,
3162 1949 3498 2020 justiﬁeatus
3523 1964 3698 2007 estex
3724 1953 3832 2007 ﬁde.

2245 2038 2323 2094 Ex
2357 2040 2476 2112 lege
2497 2051 2676 2096 autem
2691 2039 2982 2109 justiticari
3009 2042 3170 2098 timor
3201 2041 3351 2096 facit.
3385 2042 3578 2098 Timet
3601 2045 3749 2099 enim
3776 2048 3835 2101 le

2239 2145 2398 2201 gem,
2441 2132 2567 2202 quia
2605 2132 2750 2187 videt
2780 2131 2924 2186 illam
2963 2147 3179 2203 pinnam
3227 2132 3432 2189 inferre
3458 2137 3833 2204 peccantibus,

2245 2222 2365 2278 ideo
2397 2238 2502 2278 non
2531 2238 2727 2294 magna
2756 2222 2966 2293 juStitia
2997 2223 3129 2294 legis
3156 2231 3262 2289 est,
3305 2239 3406 2279 nec
3446 2225 3716 2282 meritum
3746 2228 3837 2282 col-

2242 2311 2386 2368 locat
2411 2313 2552 2384 apud
2575 2314 2766 2378 Deum,
2791 2313 2887 2369 sed
2909 2313 2975 2370 ad
3001 2330 3241 2385 praesens
3271 2333 3284 2370 :
3317 2314 3452 2370 ﬁdes
3481 2327 3696 2385 autem,
3722 2319 3838 2388 quia

2243 2403 2536 2460 incredulis
2565 2403 2794 2460 stultitia
2824 2412 2931 2471 est,
2958 2405 3262 2461 mercedem
3292 2404 3458 2462 habet
3476 2408 3629 2477 apud
3656 2409 3836 2474 Deum,

2245 2496 2311 2552 de
2346 2511 2453 2567 quo
2493 2496 2638 2567 quod
2667 2511 2774 2552 non
2808 2495 3024 2552 videtur
3051 2506 3321 2567 speratur.
3356 2495 3564 2570 (Θήρ.)
3602 2498 3717 2554 Nec
3746 2500 3838 2556 mi-

2243 2584 2382 2641 reris
2407 2585 2552 2655 qUod
2589 2601 2713 2640 cum
2742 2585 2992 2643 Christus
3030 2587 3144 2657 ipse
3182 2587 3254 2641 sit
3286 2587 3499 2656 iustitia
3525 2630 3544 2655 ,
3589 2593 3749 2660 quasi
3779 2591 3840 2647 de

2243 2676 2347 2731 alio
2379 2677 2451 2732 ita
2480 2676 2547 2732 de
2585 2692 2644 2733 se
2673 2677 2788 2733 haec
2815 2677 2998 2732 dieere
3039 2677 3306 2734 videatur.
3354 2678 3412 2734 ln
3460 2679 3654 2736 multis
3698 2683 3838 2737 enim

2242 2769 2376 2827 locis
2412 2771 2657 2826 invenies
2701 2769 3035 2826 Salvatorem
3081 2771 3236 2843 quasi
3279 2772 3346 2828 de
3391 2773 3521 2838 alio,
3567 2774 3647 2829 ita
3687 2775 3755 2830 de
3785 2791 3842 2833 se

2242 2858 2411 2931 loqui,
2436 2870 2495 2916 ut
2519 2862 2574 2918 in
2603 2863 2894 2933 Evangelio
2927 2863 3058 2918 dicit
3078 2863 3297 2935 (Matth.
3324 2864 3454 2937 xxv)
3486 2881 3500 2918 :
3539 2865 3612 2920 Et
3651 2875 3838 2920 statuet

2243 2970 2357 3008 oues
2380 2955 2645 3022 adcxtris,
2661 2957 2841 3012 htedos
2862 2967 3035 3012 autem
3058 2976 3089 3012 a
3115 2959 3344 3014 sinistris
3363 2999 3377 3025 ,
3401 2970 3451 3014 et
3485 2959 3629 3015 dicet
3650 2961 3734 3015 his
3754 2962 3838 3032 qui

2244 3064 2277 3103 a
2301 3048 2501 3104 dextris
2529 3058 2673 3116 sunt,
2696 3057 2806 3106 etc.
2838 3049 2906 3104 Et
2930 3050 3119 3106 iterum
3150 3051 3231 3105 his
3255 3051 3346 3123 qui
3367 3068 3401 3105 a
3430 3052 3672 3107 sinistris
3698 3064 3837 3119 sunt,

2245 3155 2309 3196 ea
2352 3155 2473 3211 qua:
2509 3141 2711 3210 scripta
2748 3150 2898 3197 sunt.
2932 3140 3083 3210 Quod
3121 3157 3254 3212 ergo
3295 3142 3392 3209 ait,
3431 3161 3496 3198 ne
3533 3143 3745 3200 dixeris
3789 3148 3836 3200 is

2245 3230 2400 3285 corde
2419 3240 2528 3296 tuo,
2557 3229 2688 3296 Quis
2711 3231 2948 3287 ascendit
2972 3233 3026 3287 in
3047 3231 3272 3288 malum?
3296 3244 3386 3287 aut
3418 3236 3536 3305 quis
3567 3236 3836 3291 descendit

2243 3323 2299 3378 in
2320 3321 2562 3393 abyssum
2577 3322 2603 3374 ?
2630 3323 2876 3393 exceptis
2899 3323 2984 3378 his
3020 3338 3138 3394 qua:
3158 3324 3338 3380 media
3363 3325 3673 3392 interserit,
3699 3351 3719 3379 ι
3741 3329 3839 3384 hoc

2244 3421 2347 3479 est,
2363 3413 2636 3469 Christum
2651 3413 2917 3469 deducere
2930 3433 2948 3467 ›
2970 3413 3055 3469 vel
3076 3430 3133 3469 ta
3148 3416 3376 3472 mortuis
3390 3417 3678 3475 reducere.
3691 3441 3713 3472 ι
3735 3422 3837 3476 Sed

2244 3503 2379 3559 dicit
2409 3502 2709 3573 Scriptura,
2747 3521 2765 3554 ι
2794 3519 2963 3575 prope
2987 3513 3072 3561 est
3095 3508 3321 3561 verbum
3353 3508 3406 3562 in
3437 3522 3536 3564 ore
3561 3519 3678 3575 tuo,
3710 3512 3835 3568 et'm

2243 3595 2408 3652 corde
2428 3605 2570 3651 tuo.»
2592 3596 2669 3650 De
2687 3595 3106 3652 Deuteronomio
3125 3599 3342 3654 videtur
3361 3612 3736 3673 assumptum,
3752 3604 3837 3658 ubi

2244 3689 2348 3744 hoc
2389 3687 2552 3743 modo
2581 3687 2842 3757 scriptum
2875 3695 2958 3742 est
2988 3701 3002 3742 :
3042 3687 3358 3743 Mandatum
3391 3691 3524 3756 hoc,
3569 3695 3716 3762 quod
3749 3711 3835 3764 ego

2242 3779 2438 3834 mando
2461 3779 2553 3834 tibi
2578 3778 2755 3844 hodie,
2785 3793 2890 3832 non
2921 3788 2996 3833 est
3022 3778 3471 3849 superemaltatum
3512 3799 3545 3834 a
3575 3792 3654 3846 te,
3679 3801 3834 3855 neque

2242 3871 2395 3944 longe
2425 3880 2550 3938 ate;
2575 3887 2678 3925 non
2702 3881 2776 3926 est
2799 3872 2852 3926 in
2880 3870 3026 3937 ctelo,
3051 3879 3108 3926 ut
3129 3871 3296 3935 dicas,
3325 3871 3455 3938 Quis
3480 3876 3725 3928 ascendit
3757 3893 3836 3929 rio-

2243 3962 2320 4017 bis
2355 3963 2411 4017 in
2437 3961 2641 4025 caelum,
2683 3971 2734 4016 et
2766 3961 2988 4033 accipiet
3010 3961 3145 4016 illud
3172 3962 3343 4027 nobis,
3373 3972 3430 4016 ut
3452 3963 3733 4019 audientes
3761 3965 3837 4034 {e-

2241 4055 2443 4110 ciamus
2493 4053 2666 4107 illud?
2694 4070 2856 4124 neque
2906 4064 3052 4108 trans
3097 4070 3244 4108 mare
3268 4065 3369 4121 est,
3403 4065 3463 4108 ut
3507 4056 3698 4124 dicas,
3724 4060 3834 4128 quis

2241 4148 2485 4204 transibit
2509 4146 2654 4202 nobis
2682 4155 2828 4200 trans
2852 4163 3018 4213 mare,
3043 4157 3091 4200 et
3112 4147 3330 4218 accipiet
3357 4147 3514 4214 illud,
3540 4161 3599 4202 ut
3624 4153 3835 4204 audies.

2240 4252 2316 4299 tes
2334 4243 2593 4314 faciamus
2612 4241 2746 4297 illud
2761 4241 2955 4312 .’ju:cta
2977 4251 3024 4296 te
3037 4251 3111 4297 est
3129 4242 3341 4296 uerbum
3364 4241 3517 4296 ualde
3537 4243 3595 4294 in
3620 4260 3709 4297 ore
3725 4251 3832 4307 tuo,

2239 4345 2288 4390 et
2322 4337 2378 4390 in
2410 4334 2566 4390 corde
2596 4350 2721 4400 suo,
2757 4344 2805 4388 et
2841 4334 2895 4387 in
2933 4333 3174 4388 manibus
3215 4334 3342 4398 tuis,
3387 4341 3444 4386 ut
3495 4333 3674 4402 facias
3708 4334 3833 4386 illud

557 4422 645 4522 illa
671 4437 834 4522 quam
867 4422 1116 4522 superius
1143 4421 1280 4529 dixit
1307 4421 1544 4492 ignorari
1569 4423 1637 4529 al:
1659 4421 1831 4529 lsrael
1861 4421 1957 4529 Diei
1979 4421 2138 4491 justi-
2162 4468 2216 4529 Β
2243 4424 2422 4496 (Deut.
2447 4425 2597 4494 xxx).
2631 4423 2766 4480 Cum
2790 4437 2919 4529 ergo
2945 4422 3150 4529 hmc‘de
3173 4421 3597 4527 Deuteronomio
3623 4440 3832 4479 assum-

559 4511 720 4576 tiam,
755 4510 870 4581 ipsa
893 4511 964 4565 sit
985 4509 1196 4578 justitia
1225 4511 1341 4566 haec
1365 4526 1485 4581 quae
1505 4525 1572 4566 ex
1603 4509 1709 4567 ﬁde
1732 4518 1842 4578 est;
1871 4509 1961 4566 illa
1988 4525 2137 4578 vero,

554 4601 623 4656 de
649 4615 754 4671 qua
781 4602 933 4666 dicit,
971 4621 989 4652 ε
1018 4616 1170 4656 suam
1190 4598 1460 4669 justitiam
1492 4609 1799 4672 quaerentes
1825 4609 2086 4668 statuere,
2114 4620 2133 4654 ι

557 4693 674 4764 ipsa
729 4695 830 4760 sit,
875 4695 942 4748 de
998 4709 1103 4763 qua
1154 4701 1208 4750 et
1262 4693 1354 4750 hic
1398 4695 1567 4767 Moysi
1636 4697 1820 4752 verbis
1877 4697 2136 4764 insinuat,

554 4785 678 4857 quia
692 4784 978 4856 justitiam,
1002 4801 1119 4855 qua:
1132 4802 1195 4840 ea:
1217 4785 1326 4856 lege
1346 4788 1546 4857 est,rqui
1574 4786 2138 4856 fecerithomo,vivetin

553 4877 754 4954 ea.Sed
780 4875 1252 4946 videjustitiarum
1289 4875 1645 4934 differentiam
1683 4879 1888 4948 pariter
1916 4889 1970 4935 et
2005 4881 2141 4936 vita-

556 4985 676 5028 rum
698 4991 710 5026 :
737 4971 826 5027 illa
847 4971 992 5026 enim
1000 4968 1234 5039 justitia,
1253 4969 1305 5024 id
1326 4978 1411 5024 est
1425 4969 1694 5034 Christus,
1718 4971 1838 5039 «qui
1860 4971 2033 5026 factus
2052 4980 2137 5028 est

555 5063 711 5119 nobis
751 5063 958 5134 iustitia
989 5078 1020 5116 a
1052 5061 1162 5116 Deo
1189 5081 1208 5114 ι
1249 5068 1305 5115 ει
1340 5075 1479 5130 pax,
1513 5060 1632 5115 vide
1659 5061 1927 5130 quomodo
1957 5060 2088 5116 dicit
2116 5075 2132 5116 :

556 5156 688 5211 lIa'c
705 5165 778 5210 est
801 5164 974 5210 autem
1001 5154 1103 5208 vita
1130 5163 1348 5218 wterna,
1370 5165 1427 5206 ut
1453 5160 1764 5222 cognoscant
1785 5160 1835 5205 te
1858 5149 2028 5206 solum
2048 5167 2134 5206 ue-

555 5261 672 5300 rum
711 5245 909 5312 Deum,
955 5253 1004 5299 et
1033 5261 1186 5316 quem
1217 5243 1405 5298 misisti
1435 5241 1620 5296 Iesum
1651 5239 1916 5295 Christum
1948 5239 2130 5313 (Joan.

554 5338 710 5410 xvu).
746 5337 872 5393 Haec
903 5351 1032 5408 ergo
1062 5335 1273 5407 justitia
1321 5350 1430 5390 non
1467 5341 1672 5389 tantum
1714 5333 1880 5387 vitam
1913 5332 2135 5403 prebet,

555 5433 649 5486 sed
679 5439 940 5485 aeternam
979 5431 1166 5484 vitam.
1213 5429 1362 5484 Illam
1389 5443 1516 5484 vero
1548 5427 1681 5500 legis
1695 5426 1965 5496 justitiam
1997 5447 2016 5480 ι
2044 5428 2135 5497 qui

557 5522 745 5578 fecerit
765 5523 944 5589 homo.
973 5543 991 5575 ι
1019 5539 1126 5579 non
1149 5523 1288 5578 dixit
1319 5523 1372 5576 in
1398 5530 1659 5577 aeternum
1695 5521 1861 5587 vivet,
1889 5520 1988 5576 sed
2019 5529 2141 5575 tan-

558 5614 832 5668 tummodo
858 5631 876 5664 ι
906 5615 1050 5668 vivet
1083 5614 1134 5668 in
1171 5629 1257 5669 ea.
1282 5633 1300 5666 ι
1329 5612 1482 5681 Quod
1513 5613 1560 5668 si
1587 5611 1713 5668 linis
1733 5612 1888 5684 legis,
1911 5621 1971 5668 ut
1994 5611 2137 5682 Apo-

555 5699 725 5757 stolus
752 5703 906 5773 dixit,
939 5704 1192 5762 Christus
1239 5714 1322 5760 est
1342 5744 1357 5771 ,
1404 5718 1506 5759 nec
1538 5703 1733 5774 ipsam,
1762 5719 1883 5773 quae
1921 5717 1990 5760 ex
2018 5702 2137 5772 lege

2241 4527 2334 4590 pta
2363 4519 2500 4584 sint,
2539 4525 2594 4573 et
2627 4515 2918 4586 Apostolus
2954 4515 3159 4571 scribat
3197 4514 3322 4584 quia
3347 4513 3589 4584 justitia,
3625 4531 3747 4585 qua:
3769 4530 3830 4569 ex

2239 4608 2348 4664 ﬁde
2363 4616 2469 4674 est,
2500 4608 2614 4678 ipsa
2635 4607 2750 4662 hazc
2764 4606 2920 4671 dicit,
2950 4621 3071 4675 qua:
3102 4614 3186 4660 est
3216 4605 3503 4670 Christus;
3528 4605 3651 4661 sine
3675 4608 3831 4662 dubio

2241 4715 2362 4770 quae
2390 4700 2445 4755 in
2475 4698 2895 4756 Deuteronomio
2919 4697 3192 4764 dicuntur,
3234 4696 3531 4768 Apostolus
3549 4713 3582 4751 a
3615 4697 3826 4753 Christo

2240 4793 2383 4848 dicta
2404 4807 2524 4848 esse
2559 4790 2893 4862 pronuntiat.
2921 4788 3039 4860 Ipse
3061 4796 3143 4843 est
3171 4803 3300 4859 ergo
3327 4789 3421 4858 qui
3448 4788 3589 4843 dixit
3625 4808 3639 4841 :
3672 4786 3823 4841 Haa-

2240 4885 2424 4941 datum
2454 4886 2572 4951 hoc,
2612 4882 2753 4954 quod
2801 4898 2896 4953 ego
2929 4881 2998 4935 do
3057 4880 3150 4934 tibi
3182 4880 3357 4945 hodie,
3400 4898 3507 4935 non
3543 4891 3622 4934 est
3652 4897 3827 4950 super-

2239 4974 2529 5031 easaltatum
2557 4992 2590 5028 a
2631 4983 2700 5038 te,
2733 4989 2896 5044 neque
2930 4972 3080 5042 longe
3107 4989 3140 5025 a
3179 4979 3246 5037 te,
3278 4979 3334 5025 et
3359 4980 3560 5026 caetera
3589 4986 3716 5040 qua:
3745 4985 3828 5025 se-

2240 5077 2501 5138 quuntur.
2535 5065 2676 5134 Quid
2701 5080 2832 5135 ergo
2857 5072 2961 5132 est,
2999 5063 3142 5135 quod
3164 5078 3261 5134 per
3286 5063 3391 5118 hoc
3409 5063 3710 5133 Apostolus
3732 5063 3822 5117 do-

2240 5159 2362 5214 cet?
2388 5171 2457 5213 ne
2480 5156 2690 5212 scilicet
2714 5156 2960 5212 dicamus
2978 5154 3032 5208 in
3066 5153 3229 5210 corde
3254 5162 3463 5218 nostro,
3493 5163 3550 5208 et
3571 5164 3823 5223 putemus

2238 5249 2382 5320 quod
2431 5247 2682 5303 Christus
2725 5246 2778 5301 in
2814 5246 2932 5302 loco
2981 5244 3160 5315 aliquo
3205 5245 3574 5309 contineatur,
3627 5255 3687 5299 et
3724 5260 3823 5299 non

2239 5340 2438 5410 ubique
2477 5338 2572 5402 sit,
2619 5352 2683 5392 ac
2718 5351 2816 5407 per
2851 5337 3034 5391 omnia
3069 5335 3185 5405 ipse
3229 5334 3587 5391 dill‘undatur.
3623 5335 3827 5408 Quippe

2237 5430 2331 5500 qui
2377 5444 2502 5485 cum
2545 5435 2693 5484 esset
2736 5428 2792 5482 in
2833 5426 3032 5492 terris,
3061 5426 3275 5482 dicebat
3315 5425 3444 5494 quia
3495 5435 3648 5482 esset
3683 5438 3737 5481 et
3773 5425 3823 5478 in

2237 5519 2396 5576 ctnlo.
2431 5519 2524 5575 Sic
2552 5520 2697 5574 enim
2727 5518 3049 5589 loquebatur
3087 5518 3154 5571 ad
3183 5516 3456 5586 apostolos
3487 5532 3620 5572 suos
3646 5515 3702 5588 (1
3708 5532 3824 5570 ossi.

2236 5609 2321 5681 Ill)
2352 5627 2366 5663 :
2398 5607 2567 5666 Nemo
2594 5608 2826 5664 ascendit
2854 5608 2908 5662 in
2941 5607 3154 5672 mlum,
3199 5607 3300 5660 nisi
3337 5606 3430 5677 qui
3468 5607 3538 5660 de
3568 5607 3699 5661 εωιο
3737 5605 3825 5658 de-

2235 5703 2454 5769 scendit,
2477 5701 2523 5758 F
2528 5703 2650 5758 ilius
2668 5702 2893 5757 hominis
2911 5701 3000 5774 qui
3030 5710 3103 5756 est
3135 5701 3189 5754 in
3213 5699 3374 5765 ctelo;
3410 5716 3521 5755 non
3551 5701 3716 5765 dixit.
3737 5696 3826 5770 qui
