4026 6180
340 293 484 351 i509

876 288 1434 354 ENARRATIONUM
1467 294 1537 352 IN
1576 295 1727 352 EPP.
1767 294 1972 354 ΡΜ]ιί
2011 294 2143 353 LIB.
2181 295 2270 353 Vi.
2310 322 2381 338 -
2416 295 2484 352 IN
2522 286 2740 353 EPIST.
2776 295 2871 353 AD
2908 289 3079 356 “OM.

3475 301 3614 359 1⁵510

329 407 461 474 fuit.
485 406 578 464 sed
608 405 701 478 qui
733 414 808 462 est
831 407 888 461 in
916 407 1065 464 cato.
1104 406 1171 464 Et
1196 424 1407 477 rursus,
1437 425 1506 466 ne
1528 418 1779 480 putemus
1799 425 1929 466 eum
1951 414 1999 475 Α
2028 410 2191 476 citur,
2221 409 2364 467 inter
2382 411 2671 467 credentes
2692 426 2823 468 vero
2846 412 3109 482 efﬁcacia,
3137 412 3192 470 id
3213 425 3317 480 est,
3342 418 3419 474 rei
3444 419 3615 489 ipsius

337 498 397 553 in
429 498 570 555 cmlo
611 512 731 553 esse
758 501 1131 555 tantummodo
1156 540 1171 565 ,
1214 514 1411 556 vacare
1437 511 1619 556 autem
1648 501 1767 572 ejus
1790 514 1930 572 pra:-

337 589 517 644 sentia
541 588 820 660 abyssum,
847 588 969 645 ideo
989 589 1200 660 iustitia
1228 605 1348 661 quae
1377 605 1444 646 ex
1477 590 1580 647 fide
1613 597 1716 656 est,
1750 589 1883 646 dicit
1911 605 1927 644 :

339 678 430 734 Ne
452 678 650 734 dixeris
672 680 726 733 in
747 678 901 734 corde
932 690 1023 735 tuo
1050 696 1069 735 :
1098 679 1230 747 Quis
1269 681 1504 736 ascendit
1530 683 1586 736 in
1614 681 1848 736 caelum?
1876 686 1933 737 et

337 769 495 840 quasi
525 768 703 824 simile
728 770 799 825 sit
831 769 934 825 hoc
955 770 1182 839 dicenti,
1207 771 1481 828 Christum
1509 771 1577 829 de
1596 771 1735 827 cmlo
1760 772 1929 828 dedu-

336 872 485 925 cere,
508 862 583 916 ita
606 861 814 917 addidit
835 862 1149 933 Apostolus,
1171 881 1189 916 t
1220 864 1322 918 hoc
1345 872 1447 929 est,
1465 862 1741 919 Christum
1765 862 1932 919 dedu-

337 966 487 1016 cere,
513 968 534 1006 ›
558 961 614 1009 et
637 954 934 1021 rursum,si
958 955 1081 1026 quis
1093 964 1337 1011 mentcet
1358 955 1687 1027 cogitatione
1703 955 1928 1011 descens

337 1044 438 1101 dat
480 1032 535 1102 in
576 1046 864 1118 abyssum,
897 1055 1093 1118 putans
1120 1048 1194 1103 ibi
1237 1057 1449 1104 tantum
1471 1050 1740 1105 contineri
1775 1048 1931 1104 Chrie

338 1147 507 1204 stum,
542 1139 700 1210 quasi
731 1139 907 1196 simile
939 1140 1009 1195 sit
1037 1139 1314 1198 Christum
1342 1157 1601 1197 revocare
1622 1158 1652 1196 a
1678 1141 1928 1207 mortuis,

346 1232 427 1288 ita
478 1233 774 1304 subiungit,
808 1233 905 1287 hoc
932 1243 1005 1288 est
1043 1232 1309 1289 Christum
1338 1236 1583 1290 reducere
1620 1253 1652 1289 a
1686 1235 1929 1291 mortuis.

341 1320 452 1377 Sed
489 1322 583 1386 ita,
614 1321 808 1391 inquit,
852 1321 1015 1378 debes
1052 1324 1253 1377 sentire
1290 1324 1358 1379 de
1395 1322 1635 1389 Christo,
1676 1331 1931 1395 tanquam

340 1411 411 1467 de
452 1413 619 1468 verbo
666 1421 721 1467 et
759 1413 1006 1476 veritate,
1054 1422 1108 1469 et
1149 1414 1440 1484 sapientia,
1479 1422 1536 1472 et
1554 1415 1765 1485 iustitia
1801 1414 1927 1483 Dei;

342 1502 463 1558 haec
483 1512 663 1559 autem
688 1505 873 1560 omnia
898 1520 1003 1559 non
1026 1505 1081 1559 in
1111 1505 1230 1561 loco
1253 1516 1590 1576 quaeruntur,
1615 1509 1710 1564 sed
1733 1509 1933 1579 ubique

240 1624 249 1631 -
338 1595 557 1662 adsunt,
585 1611 759 1666 neque
785 1597 852 1651 ab
877 1594 1103 1652 infernis
1126 1596 1258 1653 locis
1287 1607 1606 1663 evocantur,
1633 1599 1728 1656 sed
1753 1608 1933 1655 mente

336 1688 454 1744 sola
484 1686 864 1759 intellectuque
904 1690 1209 1759 capiuntur.
1238 1690 1520 1763 Tanquam
1550 1692 1773 1747 verbum
1804 1700 1933 1762 ergo

2031 510 2086 557 et
2111 502 2290 572 operis
2314 501 2530 558 eil'ectu.

2105 590 2222 645 Hoc
2262 602 2337 646 est
2380 594 2590 650 verbum
2616 596 2743 667 ﬁdei
2772 595 2914 667 quod
2940 597 3316 666 pradicamus.
3369 598 3610 675 (Ambr.)

2031 681 2246 736 Nullum
2277 699 2412 754 opus
2443 686 2572 741 dicit
2594 686 2748 758 legis,
2772 685 2880 743 sed
2907 687 3077 743 solam
3104 688 3263 744 fidem
3298 691 3528 748 dandam
3557 694 3609 750 in

2033 786 2194 827 causa
2232 771 2455 829 Christi.
2506 774 2692 849 (Aug)
2743 778 2912 833 Totus
2945 778 3033 833 hic
3079 778 3227 834 locus
3253 781 3319 835 ad
3350 780 3494 836 illum
3518 799 3610 840 rc-

2030 865 2204 919 fertur
2241 866 2385 936 quod
2422 869 2672 937 superius
2702 869 2836 924 dixit
2877 883 2892 924 :
2938 867 3159 924 Verbum
3190 873 3326 926 enim
3365 888 3612 928 consum-

2030 968 2180 1011 tnans
2208 967 2254 1012 et
2282 957 2520 1013 breuians
2543 958 2667 1028 fecit
2678 958 2935 1014 Dominus
2954 976 3110 1031 super
3129 969 3340 1015 terram.
3368 962 3611 1020 Remotis

2030 1048 2174 1101 enim
2206 1047 2693 1104 innumerabilibus
2720 1058 2777 1103 et
2805 1048 3189 1119 multiplicibus
3228 1052 3608 1116 sacramentis,

2030 1136 2225 1206 quibus
2244 1137 2500 1194 Judaicus
2525 1136 2754 1208 populus
2778 1142 3144 1208 premebatur,
3183 1156 3280 1211 per
3306 1142 3615 1196 misericor-

2031 1228 2175 1283 diam
2206 1226 2301 1282 Dei
2342 1226 2543 1283 l‘actum
2571 1237 2656 1284 est
2674 1269 2689 1295 ,
2717 1238 2775 1284 nt
2802 1229 3070 1285 brevitate
3104 1230 3460 1289 confessionis
3484 1231 3609 1287 ﬁdei

2031 1318 2101 1373 ad
2127 1318 2355 1374 salutem
2386 1320 2814 1389 perveniremus.

2104 1408 2243 1474 Quia
2272 1410 2319 1464 si
2354 1411 2653 1480 conﬁtearis
2680 1413 2736 1466 in
2765 1429 2853 1467 ore
2889 1422 2977 1467 tuo
3019 1413 3302 1468 Dominum
3331 1413 3534 1481 Iesum,
3562 1425 3612 1471 et

2030 1500 2320 1556 credideris
2355 1503 2411 1555 in
2458 1503 2615 1557 corde
2646 1511 2737 1558 tuo
2760 1545 2775 1570 ,
2821 1505 2959 1575 quod
3004 1503 3149 1558 Deus
3180 1505 3331 1559 illum
3369 1507 3613 1561 excitavit

2032 1609 2066 1647 α
2087 1593 2338 1656 Mortuis,
2377 1592 2553 1648 salvus
2586 1596 2709 1649 eris.
2741 1595 2911 1650 Corde
2938 1597 3074 1650 enim
3102 1597 3332 1650 creditur
3355 1598 3424 1650 ad
3447 1596 3613 1666 justi-

2033 1686 2181 1750 tiam,
2231 1701 2321 1771 ore
2364 1696 2537 1741 autem
2584 1688 2842 1758 confessio
2887 1688 2947 1756 ﬁt
2991 1687 3058 1741 ad
3101 1686 3343 1742 salutem.
3376 1688 3611 1759 (Ambr.)

336 1785 396 1834 ct
451 1780 712 1850 sapientia
769 1795 937 1851 prope
989 1788 1075 1836 est
1130 1781 1183 1836 in
1237 1796 1334 1837 ore
1387 1792 1481 1837 tuo
1543 1790 1600 1837 et
1661 1781 1717 1836 in
1774 1781 1935 1837 corde
1963 1773 2168 1859 BQute
2193 1778 2440 1849 superius
2467 1778 2680 1834 locutus
2702 1788 2807 1846 est,
2839 1780 2924 1835 hic
2946 1779 3034 1833 illa
3064 1779 3445 1845 tnanifestavit,
3473 1782 3616 1837 hanc

337 1878 454 1926 tuo.
504 1869 734 1944 (Arnim)
772 1870 910 1939 Quia
943 1886 1050 1927 non
1093 1881 1177 1927 est
1206 1871 1363 1944 longe
1400 1872 1468 1928 ab
1500 1873 1683 1928 animo
1724 1882 1929 1940 nostro,

338 1962 425 2019 vel
471 1976 603 2027 ore,
648 1963 793 2033 quod
840 1962 996 2019 nobis
1042 1963 1244 2020 dicitur
1286 1972 1346 2019 ut
1385 1965 1700 2042 credamus;
1743 1978 1935 2034 quam-

338 2054 423 2110 vis
438 2054 584 2110 enim
607 2054 779 2109 oculis
799 2069 908 2110 non
935 2054 1208 2123 videatur,
1233 2070 1265 2111 a
1292 2066 1491 2112 natura
1520 2064 1699 2112 tamen
1729 2057 1935 2112 anima-

338 2158 465 2198 rum
493 2152 548 2199 et
585 2141 840 2215 loquendi
886 2146 1096 2200 ratione
1133 2161 1241 2202 non
1271 2146 1547 2203 discordat
1590 2149 1735 2219 quod
1764 2147 1934 2204 credi-

339 2251 486 2301 mus,
517 2237 572 2291 in
610 2237 727 2307 ipsa
752 2237 897 2293 enim
928 2245 1125 2294 natura
1155 2239 1359 2296 inserta
1380 2248 1508 2296 sunt
1527 2239 1676 2296 velut
1700 2241 1930 2309 semina,

336 2343 462 2399 qum
494 2328 679 2385 auditu
707 2337 763 2384 et
787 2330 1064 2387 voluntate
1097 2332 1313 2389 exculta
1337 2331 1668 2389 fi‘uctilicant
1684 2335 1931 2390 testimo-

346 2421 501 2476 nium
530 2420 823 2479 Creatoris.
867 2421 1090 2498 (Orig.)
1140 2424 1410 2482 Debemus
1446 2427 1612 2482 etiam
1654 2427 1760 2483 hoc
1791 2426 1934 2484 scire

350 2517 498 2587 quod
517 2514 666 2571 aliud
688 2526 772 2572 est
785 2517 1197 2589 possibilitatem
1217 2532 1340 2575 esse
1360 2519 1414 2574 in
1432 2519 1632 2590 aliquo,
1660 2519 1803 2574 aliud
1823 2517 1936 2574 em-

338 2607 551 2663 caciam
570 2607 653 2663 vel
668 2606 1034 2663 efﬁcientiam.
1051 2608 1204 2676 Quod
1220 2607 1394 2666 Graeci
1418 2608 1631 2682 δυναμὶν
1645 2618 1699 2665 et
1710 2611 1934 2683 ἐνίργιαν

339 2708 564 2768 vocant,
592 2701 743 2758 verbi
777 2716 965 2767 causa,
986 2702 1244 2771 parvulus
1272 2716 1447 2773 nuper
1476 2710 1637 2757 natus
1661 2701 1934 2773 possibili-

342 2798 460 2847 tate
490 2790 832 2849 ratiunabills
852 2792 1019 2849 homo
1046 2802 1147 2859 est,
1184 2802 1363 2864 potest
1384 2792 1527 2848 enim
1549 2807 1669 2848 esse
1698 2793 1936 2849 rationa-

340 2881 474 2938 bilis
517 2881 565 2938 si
614 2882 933 2950 adoleverit,
977 2892 1033 2939 et
1072 2884 1436 2955 possibilitate
1470 2884 1634 2939 etiam
1682 2882 1835 2938 faber
1879 2886 1936 2939 et

348 2973 689 3046 gubernator
733 2982 789 3030 et
834 2975 1220 3045 grammaticus
1260 2975 1459 3031 dicitur
1497 2994 1511 3031 :
1550 2976 1806 3048 possibile
1851 2983 1938 3031 est

340 3064 515 3132 enim,
532 3073 590 3119 ut
609 3065 801 3121 borum
824 3066 1028 3138 aliquid
1049 3066 1139 3121 sit.
1166 3065 1415 3122 Efficacia
1437 3080 1569 3123 vero
1589 3067 1675 3122 vel
1695 3065 1933 3122 efﬁcien-

2033 1882 2156 1923 esse
2180 1868 2417 1940 regulam
2441 1867 2586 1935 fidei,
2618 1869 2842 1927 credere
2867 1870 3153 1925 Dominum
3179 1885 3298 1925 esse
3327 1871 3532 1936 Jesum,
3558 1877 3613 1937 et

2034 1975 2143 2015 non
2171 1959 2493 2015 erubescere
2513 1959 2775 2029 proﬁteri,
2805 1961 2930 2031 quia
2949 1961 3093 2017 Deus
3118 1961 3267 2016 illum
3294 1978 3361 2017 ex
3388 1963 3615 2019 mortuis

2030 2050 2320 2116 reducens,
2352 2049 2570 2106 deduxit
2603 2050 2656 2103 in
2682 2049 2879 2104 caelum
2904 2062 3027 2105 cum
3070 2062 3318 2122 corpore,
3349 2053 3491 2108 unde
3514 2068 3610 2109 ve-

2033 2145 2193 2194 nerat
2228 2139 2596 2194 incarnandus
2634 2136 2853 2212 (0rig.).
2900 2138 3178 2196 Videbitur
3209 2142 3353 2195 enim
3385 2142 3610 2211 quibus-

2032 2230 2159 2286 dam
2182 2244 2285 2300 per
2317 2231 2453 2297 hoc,
2483 2231 2610 2302 quia
2639 2231 2851 2286 etiamsi
2885 2231 3065 2287 desint
3097 2230 3253 2286 alicui
3284 2232 3410 2287 boni
3435 2232 3618 2302 operis

2032 2320 2333 2392 privilegia,
2375 2321 2590 2376 etiamsi
2631 2320 2920 2375 virtutibus
2958 2335 3180 2391 operam
3228 2336 3336 2376 non
3384 2322 3612 2390 dederit,

2032 2412 2139 2468 hoc
2161 2413 2279 2482 ipso
2292 2419 2480 2468 tamen
2511 2412 2656 2483 quod
2683 2412 2931 2476 credidit,
2960 2427 3065 2466 non
3087 2422 3296 2483 pereat,
3328 2413 3421 2469 sed
3446 2412 3618 2469 salve-

2034 2513 2124 2561 tur
2149 2513 2206 2561 et
2231 2506 2432 2562 habeat
2470 2506 2723 2573 salutem,
2750 2507 2964 2562 etiamsi
3003 2507 3352 2564 beatitudinis
3388 2509 3615 2579 gloriam

2033 2596 2236 2652 habere
2268 2610 2377 2652 non
2405 2597 2624 2668 poterit.
2655 2596 2762 2653 Sed
2785 2597 2908 2653 vide
2938 2613 3007 2653 ne
3034 2599 3204 2669 magis
3237 2599 3366 2656 illud
3394 2599 3618 2673 intelligi

2031 2687 2254 2755 debeat,
2286 2689 2435 2759 quod
2471 2688 2566 2759 qui
2600 2702 2752 2754 vero,
2783 2697 2839 2743 et
2868 2703 2975 2744 non
3016 2688 3155 2744 falso
3200 2690 3487 2746 conﬁtetur
3521 2705 3618 2748 ore

2033 2776 2322 2832 Dominum
2342 2775 2549 2843 losum,
2570 2786 2622 2832 et
2649 2779 2811 2833 corde
2840 2778 3031 2842 credit,
3056 2780 3264 2849 pariter
3291 2781 3617 2837 conﬁteatur

2032 2882 2095 2924 se
2115 2867 2417 2923 dominatui
2442 2866 2740 2937 subjcctum
2765 2883 2886 2923 esse
2908 2869 3208 2938 sapientiae,
3230 2868 3538 2937 etjustitiae,
3563 2878 3620 2927 et

2032 2958 2280 3015 veritatis
2317 2967 2372 3014 et
2418 2959 2689 3024 omnibus,
2737 2972 2858 3027 quae
2900 2957 3149 3013 Christus
3197 2967 3304 3014 est.
3353 2959 3464 3015 Nec
3512 2961 3617 3016 sibi

2031 3050 2175 3105 ultra
2193 3066 2316 3106 esse
2336 3051 2614 3105 dominum
2639 3065 3022 3117 tnammonam,
3050 3050 3104 3104 id
3118 3059 3221 3115 est,
3243 3067 3415 3122 neque
3440 3054 3617 3108 avari-

347 3153 445 3222 tia,
500 3155 604 3211 hoc
646 3162 731 3211 est
773 3156 952 3228 reipsa
990 3167 1153 3228 atque
1197 3156 1392 3213 eti‘ectu
1432 3158 1567 3213 nihil
1602 3159 1795 3213 horum
1825 3167 1930 3225 est,

2037 3141 2169 3196 tiam
2193 3140 2295 3195 sibi
2309 3139 2473 3206 ultra,
2490 3154 2665 3210 neque
2680 3139 2975 3208 injustiam,
3005 3155 3180 3210 neque
3204 3141 3618 3211 impudicitiam,

346 3246 475 3301 dum
506 3254 591 3302 est
619 3247 903 3317 parvulus,
936 3249 1032 3304 sed
1061 3263 1183 3304 cum
1211 3247 1441 3318 caeperit
1466 3247 1549 3304 vel
1579 3249 1804 3304 rationis
1815 3248 1930 3317 jam

344 3351 518 3407 capax
555 3352 673 3394 esse
693 3379 708 3404 ,
737 3338 821 3394 vel
848 3339 1049 3410 aliquid
1082 3338 1290 3395 fabrilis
1324 3339 1495 3405 artis,
1525 3347 1620 3394 aut
1646 3337 1936 3409 cujuslibet

346 3432 581 3488 alterius
607 3431 851 3498 eﬂicere,
883 3439 1010 3487 tunc
1032 3432 1147 3503 jam
1176 3430 1411 3487 efﬁcacia
1442 3432 1778 3488 rationabilis
1801 3431 1936 3488 dici-

348 3531 458 3589 tur,
502 3524 588 3580 vel
636 3524 790 3581 faber
812 3565 826 3589 ,
871 3524 957 3581 vel
1001 3525 1047 3580 si
1077 3525 1204 3596 quid
1239 3524 1383 3581 aliud
1421 3533 1535 3590 est,
1564 3526 1708 3596 quod
1736 3523 1934 3580 eﬂ‘ectu

346 3615 530 3685 operis
559 3616 689 3688 agit.
725 3615 838 3670 Hoc
869 3628 998 3686 ergo
1031 3614 1194 3671 modo
1234 3615 1398 3671 etiam
1426 3614 1674 3670 ChriStus
1693 3655 1708 3680 ,
1734 3615 1825 3686 qui
1851 3622 1937 3671 est

352 3705 587 3762 Verbum
611 3706 727 3773 Dei,
756 3705 1110 3777 possibilitate
1136 3704 1351 3776 quidem
1375 3704 1531 3775 juxta
1554 3716 1675 3771 nos,
1697 3705 1802 3761 hoc
1829 3712 1933 3771 est,

339 3791 496 3863 juxta
522 3807 736 3849 omnem
759 3792 1059 3859 hominem,
1082 3808 1201 3850 esse
1228 3794 1527 3850 credendus
1552 3803 1657 3861 est,
1676 3803 1935 3866 tanquam

347 3884 492 3939 ratio
532 3883 772 3954 parvulis
809 3900 823 3936 :
856 3881 1097 3938 efficacia
1141 3898 1268 3939 vero
1303 3892 1432 3939 tunc
1468 3898 1680 3939 mecum
1710 3896 1830 3940 esse
1863 3883 1939 3938 di-

350 3975 515 4043 citur,
545 3989 670 4031 cum
699 3975 754 4030 in
785 3990 882 4031 ore
905 3989 1027 4030 meo
1056 3974 1336 4054 confessus
1356 3972 1510 4030 luero
1534 3973 1821 4030 Dominum
1842 3966 1934 4030 Je-

348 4085 490 4135 sum,
542 4078 598 4125 et
644 4069 698 4123 in
731 4068 896 4124 corde
936 4080 1059 4124 meo
1101 4067 1383 4123 credidero
1429 4064 1572 4138 quod
1607 4064 1749 4120 Deus
1786 4064 1936 4119 illum

351 4161 640 4219 suscitavit
674 4175 706 4215 a
758 4160 1007 4217 mortuis.
1037 4159 1132 4216 Vis
1158 4167 1338 4214 autem
1382 4158 1524 4215 scire
1558 4196 1573 4223 ,
1612 4156 1739 4227 quia
1784 4154 1938 4212 adest

351 4253 575 4324 ubique,
625 4260 681 4309 et
728 4252 940 4307 medius
970 4256 1055 4306 est
1082 4249 1246 4306 etiam
1274 4260 1465 4305 eorum
1492 4290 1507 4315 ,
1551 4248 1645 4319 qui
1687 4249 1939 4320 ignorant

351 4360 499 4413 eum,
544 4352 600 4416 et
642 4356 750 4399 non
797 4341 1168 4398 confitentur?
1213 4341 1339 4397 audi
1380 4340 1650 4411 quomodo
1700 4336 1938 4394 Joannes

350 4433 597 4508 Baptista
627 4435 694 4492 de
735 4444 801 4490 eo
840 4433 958 4488 hcce
987 4433 1099 4502 ipsa
1135 4440 1363 4487 testatur
1397 4444 1413 4485 :
1447 4428 1679 4496 Medius,
1729 4429 1934 4500 inquit,

2032 3245 2211 3303 neque
2270 3232 2611 3287 mendacium
2663 3231 2966 3297 dominari;
3017 3233 3186 3287 semel
3239 3233 3383 3288 enim
3435 3233 3619 3291 Iesum

2028 3323 2314 3382 Christum
2345 3323 2629 3379 Dominum
2657 3322 2970 3390 confessus,
3011 3324 3141 3379 nulli
3172 3326 3364 3380 horum
3391 3328 3624 3383 servitu-

2035 3425 2143 3472 tem
2189 3413 2492 3485 prolitetur,
2538 3414 2633 3471 sed
2672 3421 2729 3469 et
2764 3416 2994 3471 credens
3034 3417 3089 3471 in
3141 3417 3304 3474 corde
3340 3434 3439 3474 suo
3478 3422 3622 3491 quod

2032 3506 2180 3561 Deus
2201 3520 2327 3561 eum
2353 3504 2635 3560 suscitavit
2662 3518 2691 3558 a
2727 3506 2979 3571 mortuis,
3001 3515 3208 3561 certqu
3234 3518 3337 3575 est,
3367 3511 3493 3579 quia
3527 3527 3619 3568 su-

2032 3602 2288 3657 scitatam
2322 3610 2445 3655 eum
2472 3600 2539 3654 ad
2569 3598 3010 3669 iustificationem
3038 3600 3120 3655 sui
3149 3603 3355 3657 credit:
3380 3602 3619 3673 alioquin

2036 3692 2165 3762 quid
2219 3690 2465 3760 proderit
2522 3689 2662 3742 scire
2723 3704 2810 3743 me
2867 3698 2922 3743 et
2974 3691 3198 3744 credere
3244 3692 3388 3761 quod
3430 3693 3620 3749 Jesum

2034 3783 2182 3837 Deus
2211 3781 2495 3837 suscitavit
2517 3794 2546 3833 a
2572 3779 2824 3845 mortuis,
2849 3780 2892 3834 si
2917 3779 2973 3834 in
3000 3783 3207 3852 meipso
3245 3798 3367 3839 eum
3393 3800 3501 3841 non
3531 3788 3624 3842 ha-

2029 3873 2196 3929 beam
2218 3870 2574 3927 suscitatam?
2615 3869 2758 3942 Ergo
2784 3870 2827 3924 si
2861 3884 2966 3924 non
2996 3871 3049 3924 in
3085 3873 3326 3928 novitate
3357 3875 3481 3930 vitae
3509 3890 3620 3931 am-

2032 3962 2186 4031 lbulo,
2202 3971 2259 4018 et
2279 3967 2547 4017 vetustam
2564 3959 2826 4030 peccandi
2844 3961 3299 4019 consuetudinem
3322 3980 3427 4020 non
3450 3965 3618 4039 fugio,

2031 4056 2276 4112 nondum
2300 4053 2429 4108 mihi
2451 4050 2699 4108 Christus
2728 4052 3024 4109 resurrexit
3045 4068 3075 4108 a
3100 4055 3344 4111 mortuis.
3373 4055 3534 4131 (66.)
3563 4061 3622 4115 In

2037 4144 2203 4201 corde
2238 4152 2418 4199 autem
2444 4141 2679 4198 fidelium
2711 4149 2821 4199 tres
2842 4157 3185 4215 summopere
3209 4160 3428 4203 manere
3454 4149 3623 4206 virtu-

2030 4245 2123 4293 tes
2141 4244 2371 4293 testatur
2389 4233 2678 4305 Apostolus
2696 4275 2711 4300 ,
2741 4235 2926 4290 dicens
2956 4247 2971 4288 :
3006 4233 3166 4288 Nunc
3202 4246 3378 4291 autem
3405 4250 3617 4295 manent

2040 4329 2191 4399 fides,
2238 4344 2374 4399 spes,
2430 4325 2681 4391 charitas,
2728 4339 2865 4395 quas
2901 4332 3130 4381 cunctas
3171 4326 3345 4383 subita
3384 4330 3620 4401 repletus

2040 4425 2238 4498 gratia,
2268 4428 2324 4478 et
2356 4422 2565 4492 accepit
2590 4419 2752 4485 latro,
2782 4428 2836 4475 et
2862 4419 3099 4475 servavit
3124 4420 3176 4475 in
3204 4436 3387 4478 cruce.
3429 4423 3615 4481 Fidem

351 4537 578 4583 uestrum
618 4535 768 4593 stat,
815 4539 975 4595 quem
1021 4540 1111 4578 vos
1142 4523 1379 4590 nescitis,
1417 4524 1509 4594 qui
1547 4530 1663 4592 post
1689 4538 1771 4576 me
1802 4522 1935 4577 venit
1963 4514 2273 4586 D-uamque
2335 4514 2544 4579 habuit,
2595 4512 2687 4582 qui
2744 4519 3092 4584 regnaturum
3150 4512 3320 4568 Deum
3366 4517 3617 4584 credidit,

354 4618 537 4691 (Joan.
568 4617 630 4692 l).
674 4616 775 4672 Est
804 4628 933 4688 ergo
978 4614 1187 4669 medius
1214 4614 1377 4668 etiam
1409 4613 1550 4668 inter
1576 4622 1672 4668 eos
1696 4614 1787 4682 qui
1811 4624 1937 4667 eum

356 4711 621 4775 nesciunt,
675 4709 772 4765 sed
819 4706 1175 4781 possibilitate
1208 4707 1287 4763 eis
1310 4705 1518 4762 medius
1540 4713 1645 4773 est,
1688 4718 1794 4761 non
1826 4704 1937 4761 eiii-

354 4803 506 4858 cacia
543 4817 556 4854 :
587 4806 813 4871 possunt
839 4798 984 4853 enim
1022 4810 1145 4852 eum
1179 4808 1396 4866 capere,
1437 4796 1531 4851 sed
1565 4796 1806 4851 nondum
1845 4811 1939 4851 ca-

354 4893 531 4966 piunt.
559 4888 811 4946 Eliicacia
837 4903 968 4945 vero
992 4887 1073 4943 vel
1098 4884 1386 4942 edicientia
1413 4886 1556 4941 inter
1581 4886 1701 4942 illos
1728 4886 1938 4943 medius

355 4994 441 5040 est
468 4984 663 5054 quibus
699 4981 916 5040 dicebat
948 5000 962 5037 :
1001 4977 1301 5052 Ubicunque
1337 4978 1532 5049 fuerint
1569 4980 1674 5033 duo
1700 4979 1777 5035 vel
1802 4988 1937 5044 tres,

357 5078 656 5149 congregati
696 5078 752 5132 in
796 5077 1002 5131 nomine
1031 5090 1165 5141 meo,
1195 5073 1267 5128 ibi
1313 5089 1432 5127 sum
1476 5073 1533 5127 in
1560 5073 1730 5126 medio
1756 5089 1938 5138 eorum

363 5167 586 5242 (Matth.
612 5166 895 5239 xvnt).lsti
922 5166 1064 5221 enim
1088 5163 1486 5220 confitebantur
1511 5163 1564 5217 in
1589 5175 1686 5218 ore
1710 5176 1807 5217 suo
1829 5161 1939 5217 Do-

360 5262 568 5318 minum
592 5259 801 5326 Jesutn,
818 5268 874 5313 et
897 5257 1188 5313 credebant
1209 5254 1264 5309 in
1295 5254 1459 5309 corde
1481 5267 1601 5318 suo,
1617 5252 1764 5322 quod
1794 5252 1939 5308 Deus

362 5354 513 5413 illum
543 5353 826 5411 suscitavit
864 5368 894 5407 a
924 5350 1172 5415 mortuis,
1206 5347 1442 5418 alioquin
1468 5346 1763 5402 absurdum
1794 5345 1945 5400 vide-

364 5455 477 5514 tur,
500 5446 546 5503 si
566 5457 622 5504 et
640 5447 783 5501 inter
802 5456 916 5510 eos,
940 5443 1032 5514 qui
1054 5442 1107 5496 in
1132 5440 1346 5496 nomine
1366 5437 1483 5508 ejus
1520 5443 1938 5508 congregantur,

366 5538 576 5595 medius
608 5552 730 5593 esse
755 5535 984 5600 dicitur,
1029 5541 1086 5588 et
1110 5535 1250 5587 inter
1273 5544 1369 5587 eos
1397 5529 1488 5601 qui
1519 5543 1644 5584 eum
1672 5527 1943 5593 nesciunt,

366 5633 472 5689 nisi
496 5630 801 5705 huiusmodi
823 5626 1123 5685 differentia
1154 5633 1423 5690 teneatur,
1456 5621 1600 5693 quod
1628 5620 1769 5676 inter
1795 5620 1947 5691 igno-

370 5734 575 5794 rantes,
588 5733 644 5782 et
677 5723 915 5781 nondum
934 5719 1219 5779 credentes
1241 5715 1601 5790 possibilitate
1629 5713 1840 5772 medius
1861 5711 1947 5770 di-

2030 4623 2201 4680 quem
2240 4621 2427 4663 secum
2459 4604 2663 4675 pariter
2697 4605 3018 4661 morientem
3047 4605 3212 4670 vidit;
3251 4619 3399 4676 spem
3428 4606 3620 4665 habuit

2038 4705 2132 4777 qui
2159 4701 2309 4775 regni
2344 4700 2462 4771 ejus
2499 4698 2704 4754 aditum
2742 4697 3052 4768 postulavit,
3087 4696 3272 4755 dicens
3308 4716 3322 4755 :
3354 4698 3617 4755 Memento

2039 4798 2157 4861 mei,
2186 4812 2303 4850 cum
2330 4791 2527 4848 veneris
2548 4791 2605 4844 in
2633 4805 2850 4859 regnum
2871 4798 3018 4844 tuum
3047 4789 3199 4861 (Luc.
3218 4789 3396 4862 mn).
3421 4791 3617 4847 Chari-

2036 4896 2210 4943 tatem
2234 4898 2451 4956 quoque
2471 4882 2527 4937 in
2559 4887 2732 4935 morte
2759 4894 2857 4935 sua
2884 4881 3144 4936 vivaciter
3171 4883 3361 4947 tenuit,
3393 4883 3484 4951 qui
3514 4883 3619 4936 fra-

2043 4988 2178 5036 trem
2217 4988 2273 5034 et
2311 4977 2659 5034 collatronem
2696 4989 2796 5047 pro
2825 4975 2986 5030 simili
3032 4973 3239 5029 scelere
3268 4976 3613 5041 morientem,

2039 5080 2096 5128 et
2119 5072 2185 5127 de
2213 5063 2497 5140 iniquitate
2522 5084 2619 5124 sua
2647 5068 2845 5139 arguit,
2872 5074 2926 5122 et
2943 5066 2991 5121 ei
3015 5066 3200 5131 vitam,
3227 5082 3389 5137 quam
3419 5084 3617 5139 cogno-

2040 5170 2194 5218 verat
2212 5160 2522 5232 prardicavit
2543 5160 2769 5215 dicens:
2796 5156 2973 5227 Neque
2993 5165 3049 5209 tu
3070 5156 3218 5210 times
3245 5156 3429 5222 Deum,
3451 5164 3539 5230 qui
3562 5160 3615 5213 in

2042 5252 2222 5308 eadem
2239 5250 2574 5305 damnatione
2592 5265 2669 5314 es,
2691 5258 2739 5302 et
2762 5264 2854 5302 nos
2876 5245 3086 5318 quidem
3110 5245 3246 5312 iuste
3272 5265 3291 5303 :
3315 5263 3435 5300 nam
3458 5247 3615 5316 digna

2044 5344 2198 5415 factis
2229 5341 2523 5412 recipimus,
2544 5339 2628 5393 hic
2649 5355 2764 5393 vero
2785 5337 2916 5392 nihil
2940 5338 3076 5392 male
3102 5337 3256 5408 gessit
3285 5335 3494 5409 (Ibid).
3523 5337 3619 5393 Ille

2045 5437 2139 5509 qui
2179 5436 2301 5491 talis
2335 5436 2402 5490 ad
2445 5449 2659 5490 crucem
2700 5431 2850 5488 venit
2885 5450 2951 5489 ex
2979 5431 3131 5501 culpa
3152 5470 3167 5496 ,
3198 5444 3345 5497 ecce,
3372 5430 3547 5501 qualis
3584 5444 3616 5486 a

2047 5541 2208 5584 cruce
2238 5524 2441 5581 recedit
2472 5524 2541 5579 ad
2564 5522 2817 5596 gratiam.
2846 5518 3215 5575 Conﬁtebatur
3234 5521 3399 5577 Deum
3422 5559 3436 5586 ,
3455 5536 3617 5591 quem

2048 5619 2264 5676 videbat
2323 5630 2505 5671 secum
2570 5615 2803 5669 humana
2840 5610 3180 5668 inﬁrmitate
3246 5613 3565 5667 morientem
3600 5652 3617 5679 ,

2049 5708 2269 5784 quando
2302 5705 2572 5774 negabant
2607 5698 2856 5771 apostoli,
2898 5699 2991 5771 qui
3029 5714 3153 5757 eum
3182 5689 3437 5758 miracula
3466 5700 3613 5757 vide-
