  <div class='ocr_page' id='page_1' title='image "/cluster/home/n/w/nwhite01/storage/ocr_20150623/111/hvd.32044054759766/759.png"; bbox 0 0 4026 6180; ppageno 0'>
   <div class='ocr_carea' id='block_1_1' title="bbox 438 255 566 313">
    <p class='ocr_par' dir='ltr' id='par_1_1' title="bbox 438 255 566 313">
     <span class='ocr_line' id='line_1_1' title="bbox 438 255 566 313; baseline -0.023 0"><span class='ocrx_word' id='word_1_1' title='bbox 438 255 566 313; x_wconf 69' lang='grc'><strong>1511</strong></span> 
     </span>
    </p>
   </div>
   <div class='ocr_carea' id='block_1_2' title="bbox 996 217 3059 301">
    <p class='ocr_par' dir='ltr' id='par_1_2' title="bbox 996 217 3059 301">
     <span class='ocr_line' id='line_1_2' title="bbox 996 217 3059 301; baseline -0.014 1"><span class='ocrx_word' id='word_1_2' title='bbox 996 266 1003 271; x_wconf 90' lang='grc'><strong>·</strong></span> <span class='ocrx_word' id='word_1_3' title='bbox 1075 243 1137 301; x_wconf 87' lang='grc' dir='ltr'><strong>Β.</strong></span> <span class='ocrx_word' id='word_1_4' title='bbox 1174 239 1431 300; x_wconf 73' lang='lat' dir='ltr'><strong>RABANI</strong></span> <span class='ocrx_word' id='word_1_5' title='bbox 1462 235 1685 295; x_wconf 71' lang='lat' dir='ltr'><strong>MAURI</strong></span> <span class='ocrx_word' id='word_1_6' title='bbox 1719 229 2041 291; x_wconf 71' lang='lat' dir='ltr'><strong>ARCHIEP.</strong></span> <span class='ocrx_word' id='word_1_7' title='bbox 2078 224 2392 287; x_wconf 75' lang='lat' dir='ltr'><strong>MOGUNT.</strong></span> <span class='ocrx_word' id='word_1_8' title='bbox 2433 219 2720 283; x_wconf 67' lang='lat' dir='ltr'><strong>OPERUH</strong></span> <span class='ocrx_word' id='word_1_9' title='bbox 2757 217 2938 277; x_wconf 77' lang='lat' dir='ltr'><strong>PARS</strong></span> <span class='ocrx_word' id='word_1_10' title='bbox 2970 217 3059 275; x_wconf 86' lang='lat' dir='ltr'><strong>lli.</strong></span> 
     </span>
    </p>
   </div>
   <div class='ocr_carea' id='block_1_3' title="bbox 3572 214 3723 271">
    <p class='ocr_par' dir='ltr' id='par_1_3' title="bbox 3572 214 3723 271">
     <span class='ocr_line' id='line_1_3' title="bbox 3572 214 3723 271; baseline -0.02 0"><span class='ocrx_word' id='word_1_11' title='bbox 3572 214 3723 271; x_wconf 68' lang='grc' dir='ltr'><strong>15ιῖ</strong></span> 
     </span>
    </p>
   </div>
   <div class='ocr_carea' id='block_1_4' title="bbox 437 327 3725 425">
    <p class='ocr_par' dir='ltr' id='par_1_4' title="bbox 437 327 3725 425">
     <span class='ocr_line' id='line_1_4' title="bbox 437 327 3725 425; baseline -0.013 -1"><span class='ocrx_word' id='word_1_12' title='bbox 437 373 561 425; x_wconf 87' lang='lat' dir='ltr'><strong>rant</strong></span> <span class='ocrx_word' id='word_1_13' title='bbox 580 362 764 421; x_wconf 87' lang='lat' dir='ltr'><strong>divina</strong></span> <span class='ocrx_word' id='word_1_14' title='bbox 781 358 983 415; x_wconf 86' lang='lat' dir='ltr'><strong>virtute</strong></span> <span class='ocrx_word' id='word_1_15' title='bbox 1006 356 1316 413; x_wconf 77' lang='lat' dir='ltr'><strong>facientem.</strong></span> <span class='ocrx_word' id='word_1_16' title='bbox 1346 352 1455 409; x_wconf 86' lang='lat' dir='ltr'><strong>Sed</strong></span> <span class='ocrx_word' id='word_1_17' title='bbox 1473 349 1554 417; x_wconf 90' lang='lat' dir='ltr'><strong>hi,</strong></span> <span class='ocrx_word' id='word_1_18' title='bbox 1579 348 1672 420; x_wconf 88' lang='lat' dir='ltr'><strong>qui</strong></span> <span class='ocrx_word' id='word_1_19' title='bbox 1693 345 1891 405; x_wconf 84' lang='lat' dir='ltr'><strong>salvari</strong></span> <span class='ocrx_word' id='word_1_20' title='bbox 1916 345 2016 402; x_wconf 87' lang='lat' dir='ltr'><strong>ho-</strong></span> <span class='ocrx_word' id='word_1_21' title='bbox 2042 350 2092 411; x_wconf 70' lang='grc' dir='ltr'><strong>Α</strong></span> <span class='ocrx_word' id='word_1_22' title='bbox 2118 337 2433 395; x_wconf 86' lang='lat' dir='ltr'><strong>invocaverit</strong></span> <span class='ocrx_word' id='word_1_23' title='bbox 2455 352 2644 392; x_wconf 82' lang='lat' dir='ltr'><strong>nomen</strong></span> <span class='ocrx_word' id='word_1_24' title='bbox 2660 334 2880 425; x_wconf 84' lang='lat' dir='ltr'><strong>Domini</strong></span> <span class='ocrx_word' id='word_1_25' title='bbox 2913 331 3089 425; x_wconf 61' lang='lat' dir='ltr'><strong>salvus</strong></span> <span class='ocrx_word' id='word_1_26' title='bbox 3116 339 3235 425; x_wconf 76' lang='lat' dir='ltr'><strong>erit.</strong></span> <span class='ocrx_word' id='word_1_27' title='bbox 3259 327 3503 425; x_wconf 42' lang='lat' dir='ltr'><strong>telum.)</strong></span> <span class='ocrx_word' id='word_1_28' title='bbox 3622 329 3725 425; x_wconf 76' lang='lat' dir='ltr'><strong>Ili-</strong></span> 
     </span>
    </p>
   </div>
   <div class='ocr_carea' id='block_1_5' title="bbox 436 438 2015 525">
    <p class='ocr_par' dir='ltr' id='par_1_5' title="bbox 436 438 2015 525">
     <span class='ocr_line' id='line_1_5' title="bbox 436 438 2015 525; baseline -0.013 -13"><span class='ocrx_word' id='word_1_29' title='bbox 436 457 639 512; x_wconf 87' lang='lat' dir='ltr'><strong>minem</strong></span> <span class='ocrx_word' id='word_1_30' title='bbox 659 451 893 525; x_wconf 82' lang='lat' dir='ltr'><strong>propriis</strong></span> <span class='ocrx_word' id='word_1_31' title='bbox 915 450 1119 504; x_wconf 87' lang='lat' dir='ltr'><strong>viribus</strong></span> <span class='ocrx_word' id='word_1_32' title='bbox 1150 453 1419 508; x_wconf 89' lang='lat' dir='ltr'><strong>astruunt,</strong></span> <span class='ocrx_word' id='word_1_33' title='bbox 1445 441 1691 498; x_wconf 89' lang='lat' dir='ltr'><strong>eamdem</strong></span> <span class='ocrx_word' id='word_1_34' title='bbox 1718 438 2015 496; x_wconf 86' lang='lat' dir='ltr'><strong>confessio-</strong></span> 
     </span>
    </p>
   </div>
   <div class='ocr_carea' id='block_1_6' title="bbox 437 529 2018 612">
    <p class='ocr_par' dir='ltr' id='par_1_6' title="bbox 437 529 2018 612">
     <span class='ocr_line' id='line_1_6' title="bbox 437 529 2018 612; baseline -0.013 -8"><span class='ocrx_word' id='word_1_35' title='bbox 437 563 560 604; x_wconf 85' lang='lat' dir='ltr'><strong>nem</strong></span> <span class='ocrx_word' id='word_1_36' title='bbox 592 545 830 602; x_wconf 86' lang='lat' dir='ltr'><strong>hominis</strong></span> <span class='ocrx_word' id='word_1_37' title='bbox 869 545 938 599; x_wconf 87' lang='lat' dir='ltr'><strong>ab</strong></span> <span class='ocrx_word' id='word_1_38' title='bbox 986 542 1155 612; x_wconf 86' lang='lat' dir='ltr'><strong>ipsius</strong></span> <span class='ocrx_word' id='word_1_39' title='bbox 1187 553 1310 595; x_wconf 89' lang='lat' dir='ltr'><strong>esse</strong></span> <span class='ocrx_word' id='word_1_40' title='bbox 1334 537 1537 593; x_wconf 82' lang='lat' dir='ltr'><strong>virtute</strong></span> <span class='ocrx_word' id='word_1_41' title='bbox 1570 532 1805 591; x_wconf 88' lang='lat' dir='ltr'><strong>hominis</strong></span> <span class='ocrx_word' id='word_1_42' title='bbox 1842 529 2018 600; x_wconf 82' lang='lat' dir='ltr'><strong>suspi—</strong></span> 
     </span>
    </p>
   </div>
   <div class='ocr_carea' id='block_1_7' title="bbox 438 627 2016 708">
    <p class='ocr_par' dir='ltr' id='par_1_7' title="bbox 438 627 2016 708">
     <span class='ocr_line' id='line_1_7' title="bbox 438 627 2016 708; baseline -0.01 -12"><span class='ocrx_word' id='word_1_43' title='bbox 438 647 665 706; x_wconf 89' lang='lat' dir='ltr'><strong>cantur;</strong></span> <span class='ocrx_word' id='word_1_44' title='bbox 694 638 838 708; x_wconf 92' lang='lat' dir='ltr'><strong>quod</strong></span> <span class='ocrx_word' id='word_1_45' title='bbox 882 638 928 692; x_wconf 88' lang='lat' dir='ltr'><strong>si</strong></span> <span class='ocrx_word' id='word_1_46' title='bbox 972 636 1047 693; x_wconf 90' lang='lat' dir='ltr'><strong>ita</strong></span> <span class='ocrx_word' id='word_1_47' title='bbox 1098 641 1266 699; x_wconf 88' lang='lat' dir='ltr'><strong>esset,</strong></span> <span class='ocrx_word' id='word_1_48' title='bbox 1296 633 1351 688; x_wconf 91' lang='lat' dir='ltr'><strong>in</strong></span> <span class='ocrx_word' id='word_1_49' title='bbox 1398 632 1493 686; x_wconf 87' lang='lat' dir='ltr'><strong>Dei</strong></span> <span class='ocrx_word' id='word_1_50' title='bbox 1543 629 1699 685; x_wconf 86' lang='lat' dir='ltr'><strong>laude</strong></span> <span class='ocrx_word' id='word_1_51' title='bbox 1728 627 2016 684; x_wconf 86' lang='lat' dir='ltr'><strong>Psalmista</strong></span> 
     </span>
    </p>
   </div>
   <div class='ocr_carea' id='block_1_8' title="bbox 437 722 2019 802">
    <p class='ocr_par' dir='ltr' id='par_1_8' title="bbox 437 722 2019 802">
     <span class='ocr_line' id='line_1_8' title="bbox 437 722 2019 802; baseline -0.008 -13"><span class='ocrx_word' id='word_1_52' title='bbox 437 749 545 789; x_wconf 88' lang='lat' dir='ltr'><strong>non</strong></span> <span class='ocrx_word' id='word_1_53' title='bbox 587 733 791 788; x_wconf 88' lang='lat' dir='ltr'><strong>diceret</strong></span> <span class='ocrx_word' id='word_1_54' title='bbox 830 729 1003 802; x_wconf 84' lang='lat' dir='ltr'><strong>(Psal.</strong></span> <span class='ocrx_word' id='word_1_55' title='bbox 1047 727 1135 799; x_wconf 84' lang='lat' dir='ltr'><strong>cx)</strong></span> <span class='ocrx_word' id='word_1_56' title='bbox 1168 746 1181 783; x_wconf 88' lang='lat'>:</span> <span class='ocrx_word' id='word_1_57' title='bbox 1220 723 1495 796; x_wconf 73' lang='lat' dir='ltr'><strong>Confessio</strong></span> <span class='ocrx_word' id='word_1_58' title='bbox 1536 734 1585 779; x_wconf 91' lang='lat' dir='ltr'><strong>et</strong></span> <span class='ocrx_word' id='word_1_59' title='bbox 1624 722 2019 796; x_wconf 82' lang='lat' dir='ltr'><strong>magniﬁcentia</strong></span> 
     </span>
    </p>
   </div>
   <div class='ocr_carea' id='block_1_9' title="bbox 438 810 2018 891">
    <p class='ocr_par' dir='ltr' id='par_1_9' title="bbox 438 810 2018 891">
     <span class='ocr_line' id='line_1_9' title="bbox 438 810 2018 891; baseline -0.008 -14"><span class='ocrx_word' id='word_1_60' title='bbox 438 838 569 891; x_wconf 87' lang='lat' dir='ltr'><strong>opus</strong></span> <span class='ocrx_word' id='word_1_61' title='bbox 605 820 740 889; x_wconf 88' lang='lat' dir='ltr'><strong>ejus.</strong></span> <span class='ocrx_word' id='word_1_62' title='bbox 781 819 863 876; x_wconf 84' lang='lat' dir='ltr'><strong>Ab</strong></span> <span class='ocrx_word' id='word_1_63' title='bbox 892 834 956 874; x_wconf 91' lang='lat' dir='ltr'><strong>eo</strong></span> <span class='ocrx_word' id='word_1_64' title='bbox 990 817 1170 887; x_wconf 83' lang='lat' dir='ltr'><strong>itaque</strong></span> <span class='ocrx_word' id='word_1_65' title='bbox 1204 815 1513 886; x_wconf 84' lang='lat' dir='ltr'><strong>accepimus</strong></span> <span class='ocrx_word' id='word_1_66' title='bbox 1540 821 1683 869; x_wconf 90' lang='lat' dir='ltr'><strong>recta</strong></span> <span class='ocrx_word' id='word_1_67' title='bbox 1713 810 1963 868; x_wconf 76' lang='lat' dir='ltr'><strong>confiteri</strong></span> <span class='ocrx_word' id='word_1_68' title='bbox 1987 824 2018 864; x_wconf 91' lang='lat' dir='ltr'><strong>a</strong></span> 
     </span>
    </p>
   </div>
   <div class='ocr_carea' id='block_1_10' title="bbox 440 904 2020 985">
    <p class='ocr_par' dir='ltr' id='par_1_10' title="bbox 440 904 2020 985">
     <span class='ocr_line' id='line_1_10' title="bbox 440 904 2020 985; baseline -0.007 -19"><span class='ocrx_word' id='word_1_69' title='bbox 440 929 547 985; x_wconf 84' lang='lat' dir='ltr'><strong>quo</strong></span> <span class='ocrx_word' id='word_1_70' title='bbox 573 912 732 968; x_wconf 89' lang='lat' dir='ltr'><strong>nobis</strong></span> <span class='ocrx_word' id='word_1_71' title='bbox 755 920 810 966; x_wconf 92' lang='lat' dir='ltr'><strong>et</strong></span> <span class='ocrx_word' id='word_1_72' title='bbox 841 925 1035 981; x_wconf 87' lang='lat' dir='ltr'><strong>magna</strong></span> <span class='ocrx_word' id='word_1_73' title='bbox 1070 910 1271 964; x_wconf 86' lang='lat' dir='ltr'><strong>dantur</strong></span> <span class='ocrx_word' id='word_1_74' title='bbox 1301 906 1544 977; x_wconf 89' lang='lat' dir='ltr'><strong>operari,</strong></span> <span class='ocrx_word' id='word_1_75' title='bbox 1569 905 1638 960; x_wconf 91' lang='lat' dir='ltr'><strong>ad</strong></span> <span class='ocrx_word' id='word_1_76' title='bbox 1666 904 1811 959; x_wconf 90' lang='lat' dir='ltr'><strong>hunc</strong></span> <span class='ocrx_word' id='word_1_77' title='bbox 1838 910 2020 957; x_wconf 88' lang='lat' dir='ltr'><strong>autem</strong></span> 
     </span>
    </p>
   </div>
   <div class='ocr_carea' id='block_1_11' title="bbox 2116 417 3721 494">
    <p class='ocr_par' dir='ltr' id='par_1_11' title="bbox 2116 417 3721 494">
     <span class='ocr_line' id='line_1_11' title="bbox 2116 417 3721 494; baseline -0.01 -6"><span class='ocrx_word' id='word_1_78' title='bbox 2116 432 2264 487; x_wconf 72' lang='lat' dir='ltr'><strong>clima</strong></span> <span class='ocrx_word' id='word_1_79' title='bbox 2287 429 2491 485; x_wconf 90' lang='lat' dir='ltr'><strong>dictum</strong></span> <span class='ocrx_word' id='word_1_80' title='bbox 2512 434 2594 482; x_wconf 89' lang='lat' dir='ltr'><strong>est</strong></span> <span class='ocrx_word' id='word_1_81' title='bbox 2613 441 2628 493; x_wconf 91' lang='lat'><strong>;</strong></span> <span class='ocrx_word' id='word_1_82' title='bbox 2656 424 2769 494; x_wconf 90' lang='lat' dir='ltr'><strong>ipse</strong></span> <span class='ocrx_word' id='word_1_83' title='bbox 2798 424 2943 480; x_wconf 89' lang='lat' dir='ltr'><strong>enim</strong></span> <span class='ocrx_word' id='word_1_84' title='bbox 2964 423 3108 478; x_wconf 90' lang='lat' dir='ltr'><strong>Deus</strong></span> <span class='ocrx_word' id='word_1_85' title='bbox 3126 421 3221 492; x_wconf 87' lang='lat' dir='ltr'><strong>qui</strong></span> <span class='ocrx_word' id='word_1_86' title='bbox 3242 421 3387 476; x_wconf 81' lang='lat' dir='ltr'><strong>visus</strong></span> <span class='ocrx_word' id='word_1_87' title='bbox 3408 428 3499 474; x_wconf 86' lang='lat' dir='ltr'><strong>est</strong></span> <span class='ocrx_word' id='word_1_88' title='bbox 3520 417 3721 490; x_wconf 63' lang='lat' dir='ltr'><strong>Moysi,</strong></span> 
     </span>
    </p>
   </div>
   <div class='ocr_carea' id='block_1_12' title="bbox 2119 509 3721 595">
    <p class='ocr_par' dir='ltr' id='par_1_12' title="bbox 2119 509 3721 595">
     <span class='ocr_line' id='line_1_12' title="bbox 2119 509 3721 595; baseline -0.009 -18"><span class='ocrx_word' id='word_1_89' title='bbox 2119 522 2269 595; x_wconf 85' lang='lat' dir='ltr'><strong>dicit,</strong></span> <span class='ocrx_word' id='word_1_90' title='bbox 2301 537 2320 571; x_wconf 83' lang='lat' dir='ltr'><strong>t</strong></span> <span class='ocrx_word' id='word_1_91' title='bbox 2353 533 2550 575; x_wconf 88' lang='lat' dir='ltr'><strong>nomen</strong></span> <span class='ocrx_word' id='word_1_92' title='bbox 2571 516 2704 571; x_wconf 89' lang='lat' dir='ltr'><strong>mihi</strong></span> <span class='ocrx_word' id='word_1_93' title='bbox 2724 514 2983 570; x_wconf 89' lang='lat' dir='ltr'><strong>Dominus</strong></span> <span class='ocrx_word' id='word_1_94' title='bbox 3010 521 3147 568; x_wconf 67' lang='lat' dir='ltr'><strong>est.»</strong></span> <span class='ocrx_word' id='word_1_95' title='bbox 3180 509 3277 566; x_wconf 82' lang='lat' dir='ltr'><strong>Hic</strong></span> <span class='ocrx_word' id='word_1_96' title='bbox 3297 521 3381 566; x_wconf 89' lang='lat' dir='ltr'><strong>est</strong></span> <span class='ocrx_word' id='word_1_97' title='bbox 3401 510 3583 566; x_wconf 84' lang='lat' dir='ltr'><strong>Filius</strong></span> <span class='ocrx_word' id='word_1_98' title='bbox 3601 509 3721 575; x_wconf 79' lang='lat' dir='ltr'><strong>Dei,</strong></span> 
     </span>
    </p>
   </div>
   <div class='ocr_carea' id='block_1_13' title="bbox 2118 599 3723 687">
    <p class='ocr_par' dir='ltr' id='par_1_13' title="bbox 2118 599 3723 687">
     <span class='ocr_line' id='line_1_13' title="bbox 2118 599 3723 687; baseline -0.011 -17"><span class='ocrx_word' id='word_1_99' title='bbox 2118 614 2211 687; x_wconf 91' lang='lat' dir='ltr'><strong>qui</strong></span> <span class='ocrx_word' id='word_1_100' title='bbox 2236 613 2355 669; x_wconf 87' lang='lat' dir='ltr'><strong>ideo</strong></span> <span class='ocrx_word' id='word_1_101' title='bbox 2375 620 2430 668; x_wconf 92' lang='lat' dir='ltr'><strong>et</strong></span> <span class='ocrx_word' id='word_1_102' title='bbox 2452 608 2677 681; x_wconf 82' lang='lat' dir='ltr'><strong>angelus</strong></span> <span class='ocrx_word' id='word_1_103' title='bbox 2692 616 2746 663; x_wconf 92' lang='lat' dir='ltr'><strong>et</strong></span> <span class='ocrx_word' id='word_1_104' title='bbox 2759 608 2900 663; x_wconf 91' lang='lat' dir='ltr'><strong>Deus</strong></span> <span class='ocrx_word' id='word_1_105' title='bbox 2918 620 3038 685; x_wconf 88' lang='lat' dir='ltr'><strong>esse</strong></span> <span class='ocrx_word' id='word_1_106' title='bbox 3058 604 3235 659; x_wconf 87' lang='lat' dir='ltr'><strong>dictus</strong></span> <span class='ocrx_word' id='word_1_107' title='bbox 3255 611 3360 667; x_wconf 86' lang='lat' dir='ltr'><strong>est,</strong></span> <span class='ocrx_word' id='word_1_108' title='bbox 3383 609 3447 656; x_wconf 92' lang='lat' dir='ltr'><strong>ut</strong></span> <span class='ocrx_word' id='word_1_109' title='bbox 3471 615 3587 656; x_wconf 88' lang='lat' dir='ltr'><strong>non</strong></span> <span class='ocrx_word' id='word_1_110' title='bbox 3609 599 3723 670; x_wconf 87' lang='lat' dir='ltr'><strong>ipse</strong></span> 
     </span>
    </p>
   </div>
   <div class='ocr_carea' id='block_1_14' title="bbox 2117 691 3726 772">
    <p class='ocr_par' dir='ltr' id='par_1_14' title="bbox 2117 691 3726 772">
     <span class='ocr_line' id='line_1_14' title="bbox 2117 691 3726 772; baseline -0.011 -11"><span class='ocrx_word' id='word_1_111' title='bbox 2117 719 2260 770; x_wconf 82' lang='lat' dir='ltr'><strong>esse,</strong></span> <span class='ocrx_word' id='word_1_112' title='bbox 2289 719 2320 758; x_wconf 86' lang='lat' dir='ltr'><strong>a</strong></span> <span class='ocrx_word' id='word_1_113' title='bbox 2349 716 2456 772; x_wconf 90' lang='lat' dir='ltr'><strong>quo</strong></span> <span class='ocrx_word' id='word_1_114' title='bbox 2478 707 2604 756; x_wconf 91' lang='lat' dir='ltr'><strong>sunt</strong></span> <span class='ocrx_word' id='word_1_115' title='bbox 2625 696 2831 762; x_wconf 88' lang='lat' dir='ltr'><strong>omnia,</strong></span> <span class='ocrx_word' id='word_1_116' title='bbox 2865 704 3179 767; x_wconf 84' lang='lat' dir='ltr'><strong>putaretur,</strong></span> <span class='ocrx_word' id='word_1_117' title='bbox 3212 693 3311 750; x_wconf 87' lang='lat' dir='ltr'><strong>sed</strong></span> <span class='ocrx_word' id='word_1_118' title='bbox 3350 691 3440 747; x_wconf 89' lang='lat' dir='ltr'><strong>hic</strong></span> <span class='ocrx_word' id='word_1_119' title='bbox 3470 705 3599 746; x_wconf 81' lang='lat' dir='ltr'><strong>esse</strong></span> <span class='ocrx_word' id='word_1_120' title='bbox 3628 702 3726 758; x_wconf 83' lang='lat' dir='ltr'><strong>per</strong></span> 
     </span>
    </p>
   </div>
   <div class='ocr_carea' id='block_1_15' title="bbox 2120 781 3725 866">
    <p class='ocr_par' dir='ltr' id='par_1_15' title="bbox 2120 781 3725 866">
     <span class='ocr_line' id='line_1_15' title="bbox 2120 781 3725 866; baseline -0.009 -16"><span class='ocrx_word' id='word_1_121' title='bbox 2120 810 2279 866; x_wconf 90' lang='lat' dir='ltr'><strong>quem</strong></span> <span class='ocrx_word' id='word_1_122' title='bbox 2304 801 2429 849; x_wconf 91' lang='lat' dir='ltr'><strong>sunt</strong></span> <span class='ocrx_word' id='word_1_123' title='bbox 2445 790 2651 855; x_wconf 86' lang='lat' dir='ltr'><strong>omnia,</strong></span> <span class='ocrx_word' id='word_1_124' title='bbox 2666 796 2726 844; x_wconf 89' lang='lat' dir='ltr'><strong>ut</strong></span> <span class='ocrx_word' id='word_1_125' title='bbox 2746 788 2814 843; x_wconf 88' lang='lat' dir='ltr'><strong>ad</strong></span> <span class='ocrx_word' id='word_1_126' title='bbox 2838 787 2890 843; x_wconf 90' lang='lat' dir='ltr'><strong>id</strong></span> <span class='ocrx_word' id='word_1_127' title='bbox 2914 786 3200 858; x_wconf 85' lang='lat' dir='ltr'><strong>pertineat,</strong></span> <span class='ocrx_word' id='word_1_128' title='bbox 3222 783 3351 854; x_wconf 89' lang='lat' dir='ltr'><strong>quia</strong></span> <span class='ocrx_word' id='word_1_129' title='bbox 3376 781 3526 838; x_wconf 86' lang='lat' dir='ltr'><strong>Deus</strong></span> <span class='ocrx_word' id='word_1_130' title='bbox 3546 781 3725 836; x_wconf 80' lang='lat' dir='ltr'><strong>dictus</strong></span> 
     </span>
    </p>
   </div>
   <div class='ocr_carea' id='block_1_16' title="bbox 2119 873 3725 956">
    <p class='ocr_par' dir='ltr' id='par_1_16' title="bbox 2119 873 3725 956">
     <span class='ocr_line' id='line_1_16' title="bbox 2119 873 3725 956; baseline -0.007 -16"><span class='ocrx_word' id='word_1_131' title='bbox 2119 894 2224 951; x_wconf 90' lang='lat' dir='ltr'><strong>est,</strong></span> <span class='ocrx_word' id='word_1_132' title='bbox 2239 883 2384 956; x_wconf 88' lang='lat' dir='ltr'><strong>quod</strong></span> <span class='ocrx_word' id='word_1_133' title='bbox 2400 897 2567 938; x_wconf 91' lang='lat' dir='ltr'><strong>unum</strong></span> <span class='ocrx_word' id='word_1_134' title='bbox 2589 878 2889 936; x_wconf 87' lang='lat' dir='ltr'><strong>suntPater</strong></span> <span class='ocrx_word' id='word_1_135' title='bbox 2902 877 3167 943; x_wconf 89' lang='lat' dir='ltr'><strong>etFilius;</strong></span> <span class='ocrx_word' id='word_1_136' title='bbox 3187 875 3433 949; x_wconf 84' lang='lat' dir='ltr'><strong>Angelus</strong></span> <span class='ocrx_word' id='word_1_137' title='bbox 3458 873 3725 929; x_wconf 82' lang='lat' dir='ltr'><strong>autemad</strong></span> 
     </span>
    </p>
   </div>
   <div class='ocr_carea' id='block_1_17' title="bbox 2122 966 3724 1048">
    <p class='ocr_par' dir='ltr' id='par_1_17' title="bbox 2122 966 3724 1048">
     <span class='ocr_line' id='line_1_17' title="bbox 2122 966 3724 1048; baseline -0.009 -13"><span class='ocrx_word' id='word_1_138' title='bbox 2122 979 2248 1044; x_wconf 92' lang='lat' dir='ltr'><strong>hoc,</strong></span> <span class='ocrx_word' id='word_1_139' title='bbox 2263 978 2391 1048; x_wconf 87' lang='lat' dir='ltr'><strong>quia</strong></span> <span class='ocrx_word' id='word_1_140' title='bbox 2404 975 2630 1031; x_wconf 88' lang='lat' dir='ltr'><strong>nuntius</strong></span> <span class='ocrx_word' id='word_1_141' title='bbox 2641 973 2923 1046; x_wconf 67' lang='lat' dir='ltr'><strong>promissae</strong></span> <span class='ocrx_word' id='word_1_142' title='bbox 2942 970 3132 1027; x_wconf 91' lang='lat' dir='ltr'><strong>salutis</strong></span> <span class='ocrx_word' id='word_1_143' title='bbox 3151 978 3235 1026; x_wconf 87' lang='lat' dir='ltr'><strong>est</strong></span> <span class='ocrx_word' id='word_1_144' title='bbox 3259 970 3459 1025; x_wconf 88' lang='lat' dir='ltr'><strong>missus</strong></span> <span class='ocrx_word' id='word_1_145' title='bbox 3484 983 3519 1022; x_wconf 86' lang='lat' dir='ltr'><strong>a</strong></span> <span class='ocrx_word' id='word_1_146' title='bbox 3538 966 3724 1022; x_wconf 81' lang='lat' dir='ltr'><strong>Patre.</strong></span> 
     </span>
    </p>
   </div>
   <div class='ocr_carea' id='block_1_18' title="bbox 2121 1061 3730 1135">
    <p class='ocr_par' dir='ltr' id='par_1_18' title="bbox 2121 1061 3730 1135">
     <span class='ocr_line' id='line_1_18' title="bbox 2121 1061 3730 1135; baseline -0.007 -8"><span class='ocrx_word' id='word_1_147' title='bbox 2121 1072 2191 1127; x_wconf 83' lang='lat' dir='ltr'><strong>Et</strong></span> <span class='ocrx_word' id='word_1_148' title='bbox 2213 1070 2409 1126; x_wconf 87' lang='lat' dir='ltr'><strong>missus</strong></span> <span class='ocrx_word' id='word_1_149' title='bbox 2438 1068 2559 1124; x_wconf 90' lang='lat' dir='ltr'><strong>ideo</strong></span> <span class='ocrx_word' id='word_1_150' title='bbox 2585 1067 2803 1132; x_wconf 87' lang='lat' dir='ltr'><strong>dicitur,</strong></span> <span class='ocrx_word' id='word_1_151' title='bbox 2824 1074 2886 1120; x_wconf 92' lang='lat' dir='ltr'><strong>ut</strong></span> <span class='ocrx_word' id='word_1_152' title='bbox 2908 1080 3016 1119; x_wconf 92' lang='lat' dir='ltr'><strong>non</strong></span> <span class='ocrx_word' id='word_1_153' title='bbox 3044 1064 3161 1135; x_wconf 88' lang='lat' dir='ltr'><strong>ipse</strong></span> <span class='ocrx_word' id='word_1_154' title='bbox 3187 1062 3355 1118; x_wconf 88' lang='lat' dir='ltr'><strong>Pater</strong></span> <span class='ocrx_word' id='word_1_155' title='bbox 3384 1076 3515 1118; x_wconf 84' lang='lat' dir='ltr'><strong>esse</strong></span> <span class='ocrx_word' id='word_1_156' title='bbox 3542 1061 3730 1117; x_wconf 69' lang='lat' dir='ltr'><strong>creda-</strong></span> 
     </span>
    </p>
   </div>
   <div class='ocr_carea' id='block_1_19' title="bbox 2126 1155 3732 1230">
    <p class='ocr_par' dir='ltr' id='par_1_19' title="bbox 2126 1155 3732 1230">
     <span class='ocr_line' id='line_1_19' title="bbox 2126 1155 3732 1230; baseline -0.005 -14"><span class='ocrx_word' id='word_1_157' title='bbox 2126 1170 2237 1229; x_wconf 90' lang='lat' dir='ltr'><strong>tur,</strong></span> <span class='ocrx_word' id='word_1_158' title='bbox 2270 1160 2365 1216; x_wconf 90' lang='lat' dir='ltr'><strong>sed</strong></span> <span class='ocrx_word' id='word_1_159' title='bbox 2391 1160 2460 1215; x_wconf 88' lang='lat' dir='ltr'><strong>ab</strong></span> <span class='ocrx_word' id='word_1_160' title='bbox 2489 1174 2553 1214; x_wconf 92' lang='lat' dir='ltr'><strong>eo</strong></span> <span class='ocrx_word' id='word_1_161' title='bbox 2576 1157 2813 1230; x_wconf 89' lang='lat' dir='ltr'><strong>genitus,</strong></span> <span class='ocrx_word' id='word_1_162' title='bbox 2843 1156 3069 1227; x_wconf 85' lang='lat' dir='ltr'><strong>ideoque</strong></span> <span class='ocrx_word' id='word_1_163' title='bbox 3089 1155 3390 1228; x_wconf 84' lang='lat' dir='ltr'><strong>quicunque</strong></span> <span class='ocrx_word' id='word_1_164' title='bbox 3411 1156 3732 1209; x_wconf 63' lang='lat' dir='ltr'><strong>inuocauit</strong></span> 
     </span>
    </p>
   </div>
   <div class='ocr_carea' id='block_1_20' title="bbox 2128 1247 3735 1319">
    <p class='ocr_par' dir='ltr' id='par_1_20' title="bbox 2128 1247 3735 1319">
     <span class='ocr_line' id='line_1_20' title="bbox 2128 1247 3735 1319; baseline -0.004 -11"><span class='ocrx_word' id='word_1_165' title='bbox 2128 1269 2315 1308; x_wconf 87' lang='lat' dir='ltr'><strong>nomen</strong></span> <span class='ocrx_word' id='word_1_166' title='bbox 2330 1251 2544 1306; x_wconf 80' lang='lat' dir='ltr'><strong>Domini</strong></span> <span class='ocrx_word' id='word_1_167' title='bbox 2565 1250 2740 1305; x_wconf 80' lang='lat' dir='ltr'><strong>salvus</strong></span> <span class='ocrx_word' id='word_1_168' title='bbox 2762 1251 2879 1304; x_wconf 87' lang='lat' dir='ltr'><strong>erit.</strong></span> <span class='ocrx_word' id='word_1_169' title='bbox 2900 1248 3011 1304; x_wconf 88' lang='lat' dir='ltr'><strong>Hoc</strong></span> <span class='ocrx_word' id='word_1_170' title='bbox 3030 1264 3194 1305; x_wconf 89' lang='lat' dir='ltr'><strong>sensu</strong></span> <span class='ocrx_word' id='word_1_171' title='bbox 3209 1248 3501 1319; x_wconf 79' lang='lat' dir='ltr'><strong>etMoyses</strong></span> <span class='ocrx_word' id='word_1_172' title='bbox 3522 1247 3735 1302; x_wconf 81' lang='lat' dir='ltr'><strong>locutus</strong></span> 
     </span>
    </p>
   </div>
   <div class='ocr_carea' id='block_1_21' title="bbox 2126 1336 3736 1415">
    <p class='ocr_par' dir='ltr' id='par_1_21' title="bbox 2126 1336 3736 1415">
     <span class='ocr_line' id='line_1_21' title="bbox 2126 1336 3736 1415; baseline -0.004 -16"><span class='ocrx_word' id='word_1_173' title='bbox 2126 1351 2209 1399; x_wconf 90' lang='lat' dir='ltr'><strong>est</strong></span> <span class='ocrx_word' id='word_1_174' title='bbox 2235 1341 2415 1415; x_wconf 85' lang='lat' dir='ltr'><strong>(Deut.</strong></span> <span class='ocrx_word' id='word_1_175' title='bbox 2448 1338 2628 1411; x_wconf 87' lang='lat' dir='ltr'><strong>xvtu),</strong></span> <span class='ocrx_word' id='word_1_176' title='bbox 2664 1358 2683 1391; x_wconf 72' lang='grc' dir='ltr'>ι</span> <span class='ocrx_word' id='word_1_177' title='bbox 2705 1338 3047 1409; x_wconf 87' lang='lat' dir='ltr'><strong>Quicunque,</strong></span> <span class='ocrx_word' id='word_1_178' title='bbox 3069 1340 3167 1403; x_wconf 86' lang='lat' dir='ltr'><strong>ait,</strong></span> <span class='ocrx_word' id='word_1_179' title='bbox 3191 1353 3296 1393; x_wconf 90' lang='lat' dir='ltr'><strong>non</strong></span> <span class='ocrx_word' id='word_1_180' title='bbox 3324 1337 3573 1393; x_wconf 88' lang='lat' dir='ltr'><strong>audierit</strong></span> <span class='ocrx_word' id='word_1_181' title='bbox 3607 1336 3736 1392; x_wconf 84' lang='lat' dir='ltr'><strong>Pro-</strong></span> 
     </span>
    </p>
   </div>
   <div class='ocr_carea' id='block_1_22' title="bbox 2128 1427 3741 1503">
    <p class='ocr_par' dir='ltr' id='par_1_22' title="bbox 2128 1427 3741 1503">
     <span class='ocr_line' id='line_1_22' title="bbox 2128 1427 3741 1503; baseline -0.002 -16"><span class='ocrx_word' id='word_1_182' title='bbox 2128 1433 2348 1503; x_wconf 86' lang='lat' dir='ltr'><strong>phetam</strong></span> <span class='ocrx_word' id='word_1_183' title='bbox 2381 1430 2553 1496; x_wconf 92' lang='lat' dir='ltr'><strong>illum,</strong></span> <span class='ocrx_word' id='word_1_184' title='bbox 2589 1428 3041 1485; x_wconf 85' lang='lat' dir='ltr'><strong>exterminabitur</strong></span> <span class='ocrx_word' id='word_1_185' title='bbox 3065 1428 3133 1484; x_wconf 91' lang='lat' dir='ltr'><strong>de</strong></span> <span class='ocrx_word' id='word_1_186' title='bbox 3158 1428 3333 1499; x_wconf 87' lang='lat' dir='ltr'><strong>plebe.</strong></span> <span class='ocrx_word' id='word_1_187' title='bbox 3363 1448 3382 1482; x_wconf 74' lang='grc' dir='ltr'><strong><em>ι</em></strong></span> <span class='ocrx_word' id='word_1_188' title='bbox 3413 1427 3478 1484; x_wconf 88' lang='lat' dir='ltr'><strong>Si</strong></span> <span class='ocrx_word' id='word_1_189' title='bbox 3512 1430 3633 1497; x_wconf 84' lang='lat' dir='ltr'><strong>ipse</strong></span> <span class='ocrx_word' id='word_1_190' title='bbox 3658 1435 3741 1483; x_wconf 86' lang='lat' dir='ltr'><strong>est</strong></span> 
     </span>
    </p>
   </div>
   <div class='ocr_carea' id='block_1_23' title="bbox 440 1515 2037 1612">
    <p class='ocr_par' dir='ltr' id='par_1_23' title="bbox 440 1539 2027 1612">
     <span class='ocr_line' id='line_1_23' title="bbox 440 1539 2027 1612; baseline -0.003 -12"><span class='ocrx_word' id='word_1_191' title='bbox 440 1547 616 1600; x_wconf 85' lang='lat' dir='ltr'><strong>adhuc</strong></span> <span class='ocrx_word' id='word_1_192' title='bbox 646 1559 767 1600; x_wconf 89' lang='lat' dir='ltr'><strong>cum</strong></span> <span class='ocrx_word' id='word_1_193' title='bbox 798 1543 1048 1598; x_wconf 86' lang='lat' dir='ltr'><strong>ruborem</strong></span> <span class='ocrx_word' id='word_1_194' title='bbox 1088 1541 1296 1612; x_wconf 90' lang='lat' dir='ltr'><strong>peccati</strong></span> <span class='ocrx_word' id='word_1_195' title='bbox 1329 1540 1623 1597; x_wconf 89' lang='lat' dir='ltr'><strong>incurrerit</strong></span> <span class='ocrx_word' id='word_1_196' title='bbox 1657 1539 1881 1596; x_wconf 84' lang='lat' dir='ltr'><strong>credere</strong></span> <span class='ocrx_word' id='word_1_197' title='bbox 1918 1554 2027 1595; x_wconf 89' lang='lat' dir='ltr'><strong>non</strong></span> 
     </span>
    </p>
   </div>
   <div class='ocr_carea' id='block_1_24' title="bbox 2133 1515 3740 1612">
    <p class='ocr_par' dir='ltr' id='par_1_24' title="bbox 2133 1515 3740 1590">
     <span class='ocr_line' id='line_1_24' title="bbox 2133 1515 3740 1590; baseline -0.005 -12"><span class='ocrx_word' id='word_1_198' title='bbox 2133 1522 2371 1579; x_wconf 88' lang='lat' dir='ltr'><strong>omnium</strong></span> <span class='ocrx_word' id='word_1_199' title='bbox 2409 1520 2690 1583; x_wconf 90' lang='lat' dir='ltr'><strong>Dominus,</strong></span> <span class='ocrx_word' id='word_1_200' title='bbox 2726 1519 2841 1590; x_wconf 89' lang='lat' dir='ltr'><strong>ipse</strong></span> <span class='ocrx_word' id='word_1_201' title='bbox 2878 1519 3165 1575; x_wconf 80' lang='lat' dir='ltr'><strong>invocatur</strong></span> <span class='ocrx_word' id='word_1_202' title='bbox 3213 1533 3246 1572; x_wconf 85' lang='lat' dir='ltr'><strong>a</strong></span> <span class='ocrx_word' id='word_1_203' title='bbox 3294 1516 3500 1573; x_wconf 85' lang='lat' dir='ltr'><strong>servis.</strong></span> <span class='ocrx_word' id='word_1_204' title='bbox 3536 1515 3740 1588; x_wconf 77' lang='lat' dir='ltr'><strong>(Orig.j</strong></span> 
     </span>
    </p>
   </div>
   <div class='ocr_carea' id='block_1_25' title="bbox 439 1608 2037 1706">
    <p class='ocr_par' dir='ltr' id='par_1_25' title="bbox 439 1608 2024 1706">
     <span class='ocr_line' id='line_1_25' title="bbox 439 1608 2024 1706; baseline -0.001 -16"><span class='ocrx_word' id='word_1_205' title='bbox 439 1637 671 1691; x_wconf 88' lang='lat' dir='ltr'><strong>videtur.</strong></span> <span class='ocrx_word' id='word_1_206' title='bbox 721 1633 946 1706; x_wconf 68' lang='lat' dir='ltr'><strong>(.lntb.)</strong></span> <span class='ocrx_word' id='word_1_207' title='bbox 998 1608 1133 1690; x_wconf 83' lang='lat' dir='ltr'><strong>Cum</strong></span> <span class='ocrx_word' id='word_1_208' title='bbox 1178 1635 1322 1690; x_wconf 90' lang='lat' dir='ltr'><strong>enim</strong></span> <span class='ocrx_word' id='word_1_209' title='bbox 1360 1649 1589 1690; x_wconf 74' lang='lat' dir='ltr'><strong>examen</strong></span> <span class='ocrx_word' id='word_1_210' title='bbox 1636 1633 1864 1704; x_wconf 76' lang='lat' dir='ltr'><strong>cmperit</strong></span> <span class='ocrx_word' id='word_1_211' title='bbox 1906 1631 2024 1688; x_wconf 80' lang='lat' dir='ltr'><strong>fieri</strong></span> 
     </span>
    </p>
   </div>
   <div class='ocr_carea' id='block_1_26' title="bbox 2133 1608 3739 1706">
    <p class='ocr_par' dir='ltr' id='par_1_26' title="bbox 2133 1608 3739 1682">
     <span class='ocr_line' id='line_1_26' title="bbox 2133 1608 3739 1682; baseline -0.005 -13"><span class='ocrx_word' id='word_1_212' title='bbox 2133 1613 2324 1670; x_wconf 89' lang='lat' dir='ltr'><strong>Sermo</strong></span> <span class='ocrx_word' id='word_1_213' title='bbox 2383 1622 2565 1667; x_wconf 88' lang='lat' dir='ltr'><strong>tamen</strong></span> <span class='ocrx_word' id='word_1_214' title='bbox 2605 1610 2715 1677; x_wconf 88' lang='lat' dir='ltr'><strong>hic,</strong></span> <span class='ocrx_word' id='word_1_215' title='bbox 2750 1626 2913 1681; x_wconf 89' lang='lat' dir='ltr'><strong>quem</strong></span> <span class='ocrx_word' id='word_1_216' title='bbox 2963 1610 3117 1682; x_wconf 89' lang='lat' dir='ltr'><strong>ponit</strong></span> <span class='ocrx_word' id='word_1_217' title='bbox 3168 1608 3496 1681; x_wconf 80' lang='lat' dir='ltr'><strong>Apostolus,</strong></span> <span class='ocrx_word' id='word_1_218' title='bbox 3534 1608 3592 1663; x_wconf 89' lang='lat' dir='ltr'><strong>id</strong></span> <span class='ocrx_word' id='word_1_219' title='bbox 3633 1616 3739 1676; x_wconf 74' lang='lat' dir='ltr'><strong>est,</strong></span> 
     </span>
    </p>
   </div>
   <div class='ocr_carea' id='block_1_27' title="bbox 439 1698 2037 1795">
    <p class='ocr_par' dir='ltr' id='par_1_27' title="bbox 439 1724 2026 1795">
     <span class='ocr_line' id='line_1_27' title="bbox 439 1724 2026 1795; baseline -0.003 -11"><span class='ocrx_word' id='word_1_220' title='bbox 439 1729 683 1784; x_wconf 90' lang='lat' dir='ltr'><strong>omnium</strong></span> <span class='ocrx_word' id='word_1_221' title='bbox 711 1742 892 1783; x_wconf 89' lang='lat' dir='ltr'><strong>rerum</strong></span> <span class='ocrx_word' id='word_1_222' title='bbox 932 1727 986 1782; x_wconf 89' lang='lat' dir='ltr'><strong>in</strong></span> <span class='ocrx_word' id='word_1_223' title='bbox 1016 1726 1102 1782; x_wconf 89' lang='lat' dir='ltr'><strong>die</strong></span> <span class='ocrx_word' id='word_1_224' title='bbox 1134 1724 1346 1795; x_wconf 89' lang='lat' dir='ltr'><strong>judicii,</strong></span> <span class='ocrx_word' id='word_1_225' title='bbox 1393 1734 1447 1780; x_wconf 89' lang='lat' dir='ltr'><strong>et</strong></span> <span class='ocrx_word' id='word_1_226' title='bbox 1483 1724 1666 1781; x_wconf 89' lang='lat' dir='ltr'><strong>omnia</strong></span> <span class='ocrx_word' id='word_1_227' title='bbox 1713 1724 1849 1780; x_wconf 88' lang='lat' dir='ltr'><strong>falsa</strong></span> <span class='ocrx_word' id='word_1_228' title='bbox 1878 1739 2026 1780; x_wconf 90' lang='lat' dir='ltr'><strong>com-</strong></span> 
     </span>
    </p>
   </div>
   <div class='ocr_carea' id='block_1_28' title="bbox 2133 1698 3735 1795">
    <p class='ocr_par' dir='ltr' id='par_1_28' title="bbox 2135 1702 3735 1779">
     <span class='ocr_line' id='line_1_28' title="bbox 2135 1702 3735 1779; baseline -0.006 -15"><span class='ocrx_word' id='word_1_229' title='bbox 2135 1725 2152 1757; x_wconf 69' lang='grc' dir='ltr'><strong>ί</strong></span> <span class='ocrx_word' id='word_1_230' title='bbox 2176 1709 2487 1779; x_wconf 88' lang='lat' dir='ltr'><strong>quicunque</strong></span> <span class='ocrx_word' id='word_1_231' title='bbox 2508 1706 2847 1763; x_wconf 85' lang='lat' dir='ltr'><strong>invocaverit</strong></span> <span class='ocrx_word' id='word_1_232' title='bbox 2870 1720 3068 1761; x_wconf 91' lang='lat' dir='ltr'><strong>nomen</strong></span> <span class='ocrx_word' id='word_1_233' title='bbox 3088 1704 3322 1769; x_wconf 89' lang='lat' dir='ltr'><strong>Domini,</strong></span> <span class='ocrx_word' id='word_1_234' title='bbox 3353 1702 3548 1759; x_wconf 81' lang='lat' dir='ltr'><strong>salvus</strong></span> <span class='ocrx_word' id='word_1_235' title='bbox 3575 1703 3735 1769; x_wconf 65' lang='lat' dir='ltr'><strong>erit,»</strong></span> 
     </span>
    </p>
   </div>
   <div class='ocr_carea' id='block_1_29' title="bbox 443 1795 3741 1888">
    <p class='ocr_par' dir='ltr' id='par_1_29' title="bbox 443 1795 3741 1888">
     <span class='ocr_line' id='line_1_29' title="bbox 443 1795 3741 1888; baseline -0.005 -15"><span class='ocrx_word' id='word_1_236' title='bbox 443 1827 621 1873; x_wconf 88' lang='lat' dir='ltr'><strong>menta</strong></span> <span class='ocrx_word' id='word_1_237' title='bbox 668 1817 752 1873; x_wconf 90' lang='lat' dir='ltr'><strong>vel</strong></span> <span class='ocrx_word' id='word_1_238' title='bbox 793 1818 1044 1888; x_wconf 79' lang='lat' dir='ltr'><strong>dogmata</strong></span> <span class='ocrx_word' id='word_1_239' title='bbox 1092 1816 1145 1872; x_wconf 92' lang='lat' dir='ltr'><strong>in</strong></span> <span class='ocrx_word' id='word_1_240' title='bbox 1191 1814 1505 1871; x_wconf 85' lang='lat' dir='ltr'><strong>confusione</strong></span> <span class='ocrx_word' id='word_1_241' title='bbox 1548 1815 1759 1881; x_wconf 91' lang='lat' dir='ltr'><strong>deduci,</strong></span> <span class='ocrx_word' id='word_1_242' title='bbox 1808 1822 1923 1869; x_wconf 91' lang='lat' dir='ltr'><strong>tum</strong></span> <span class='ocrx_word' id='word_1_243' title='bbox 1969 1813 2026 1871; x_wconf 79' lang='lat' dir='ltr'><strong>in</strong></span> <span class='ocrx_word' id='word_1_244' title='bbox 2128 1803 2269 1873; x_wconf 82' lang='lat' dir='ltr'><strong>apud</strong></span> <span class='ocrx_word' id='word_1_245' title='bbox 2288 1799 2741 1871; x_wconf 71' lang='grc' dir='ltr'><strong>ιῐοειρνοριιθιωιι</strong></span> <span class='ocrx_word' id='word_1_246' title='bbox 2772 1800 2877 1854; x_wconf 76' lang='grc' dir='ltr'><strong>Ιιοθ</strong></span> <span class='ocrx_word' id='word_1_247' title='bbox 2904 1798 3061 1854; x_wconf 82' lang='lat' dir='ltr'><strong>mOdO</strong></span> <span class='ocrx_word' id='word_1_248' title='bbox 3081 1797 3318 1869; x_wconf 64' lang='lat' dir='ltr'><strong>Scriptus</strong></span> <span class='ocrx_word' id='word_1_249' title='bbox 3339 1805 3468 1853; x_wconf 66' lang='lat' dir='ltr'><strong>est:</strong></span> <span class='ocrx_word' id='word_1_250' title='bbox 3506 1795 3741 1850; x_wconf 64' lang='grc' dir='ltr'><strong>Ειάαὸο</strong></span> 
     </span>
    </p>
   </div>
   <div class='ocr_carea' id='block_1_30' title="bbox 440 1890 2037 1977">
    <p class='ocr_par' dir='ltr' id='par_1_30' title="bbox 440 1907 2028 1977">
     <span class='ocr_line' id='line_1_30' title="bbox 440 1907 2028 1977; baseline -0.001 -12"><span class='ocrx_word' id='word_1_251' title='bbox 440 1908 717 1965; x_wconf 82' lang='lat' dir='ltr'><strong>Christum</strong></span> <span class='ocrx_word' id='word_1_252' title='bbox 748 1908 1032 1963; x_wconf 89' lang='lat' dir='ltr'><strong>credentes</strong></span> <span class='ocrx_word' id='word_1_253' title='bbox 1067 1907 1457 1977; x_wconf 87' lang='lat' dir='ltr'><strong>tripudiabunt,</strong></span> <span class='ocrx_word' id='word_1_254' title='bbox 1497 1908 1742 1963; x_wconf 83' lang='lat' dir='ltr'><strong>videntes</strong></span> <span class='ocrx_word' id='word_1_255' title='bbox 1775 1908 2028 1965; x_wconf 84' lang='lat' dir='ltr'><strong>omnibus</strong></span> 
     </span>
    </p>
   </div>
   <div class='ocr_carea' id='block_1_31' title="bbox 2133 1890 3745 1977">
    <p class='ocr_par' dir='ltr' id='par_1_31' title="bbox 2133 1890 3745 1966">
     <span class='ocr_line' id='line_1_31' title="bbox 2133 1890 3745 1966; baseline -0.004 -17"><span class='ocrx_word' id='word_1_256' title='bbox 2133 1895 2365 1966; x_wconf 84' lang='lat' dir='ltr'><strong>prodigia</strong></span> <span class='ocrx_word' id='word_1_257' title='bbox 2392 1896 2449 1949; x_wconf 90' lang='lat' dir='ltr'><strong>in</strong></span> <span class='ocrx_word' id='word_1_258' title='bbox 2470 1892 2596 1948; x_wconf 72' lang='lat' dir='ltr'><strong>caelo</strong></span> <span class='ocrx_word' id='word_1_259' title='bbox 2620 1908 2854 1959; x_wconf 85' lang='lat' dir='ltr'><strong>sursum,</strong></span> <span class='ocrx_word' id='word_1_260' title='bbox 2881 1901 2929 1948; x_wconf 90' lang='lat' dir='ltr'><strong>et</strong></span> <span class='ocrx_word' id='word_1_261' title='bbox 2952 1893 3007 1946; x_wconf 90' lang='lat' dir='ltr'><strong>in</strong></span> <span class='ocrx_word' id='word_1_262' title='bbox 3030 1901 3175 1946; x_wconf 86' lang='lat' dir='ltr'><strong>terra</strong></span> <span class='ocrx_word' id='word_1_263' title='bbox 3203 1890 3455 1946; x_wconf 78' lang='lat' dir='ltr'><strong>deorsum</strong></span> <span class='ocrx_word' id='word_1_264' title='bbox 3473 1931 3491 1954; x_wconf 92' lang='lat'><strong>,</strong></span> <span class='ocrx_word' id='word_1_265' title='bbox 3519 1890 3745 1961; x_wconf 72' lang='lat' dir='ltr'><strong>sangui-</strong></span> 
     </span>
    </p>
   </div>
   <div class='ocr_carea' id='block_1_32' title="bbox 443 1982 3746 2067">
    <p class='ocr_par' dir='ltr' id='par_1_32' title="bbox 443 1982 3746 2067">
     <span class='ocr_line' id='line_1_32' title="bbox 443 1982 3746 2067; baseline -0.006 -14"><span class='ocrx_word' id='word_1_266' title='bbox 443 1996 783 2053; x_wconf 86' lang='lat' dir='ltr'><strong>manifestari</strong></span> <span class='ocrx_word' id='word_1_267' title='bbox 810 2038 826 2062; x_wconf 91' lang='lat'><strong>,</strong></span> <span class='ocrx_word' id='word_1_268' title='bbox 862 1997 986 2067; x_wconf 89' lang='lat' dir='ltr'><strong>quia</strong></span> <span class='ocrx_word' id='word_1_269' title='bbox 1033 1998 1176 2067; x_wconf 93' lang='lat' dir='ltr'><strong>quod</strong></span> <span class='ocrx_word' id='word_1_270' title='bbox 1223 1997 1570 2053; x_wconf 85' lang='lat' dir='ltr'><strong>crediderunt</strong></span> <span class='ocrx_word' id='word_1_271' title='bbox 1610 2012 1796 2052; x_wconf 84' lang='lat' dir='ltr'><strong>verum</strong></span> <span class='ocrx_word' id='word_1_272' title='bbox 1835 2004 1936 2061; x_wconf 88' lang='lat' dir='ltr'><strong>est,</strong></span> <span class='ocrx_word' id='word_1_273' title='bbox 1974 2004 2032 2059; x_wconf 82' lang='lat' dir='ltr'><strong>et</strong></span> <span class='ocrx_word' id='word_1_274' title='bbox 2129 2003 2245 2041; x_wconf 78' lang='lat' dir='ltr'><strong>nem</strong></span> <span class='ocrx_word' id='word_1_275' title='bbox 2280 1996 2328 2041; x_wconf 70' lang='lat' dir='ltr'><strong>et</strong></span> <span class='ocrx_word' id='word_1_276' title='bbox 2359 1986 2531 2056; x_wconf 72' lang='lat' dir='ltr'><strong>ignem</strong></span> <span class='ocrx_word' id='word_1_277' title='bbox 2560 1996 2609 2042; x_wconf 87' lang='lat' dir='ltr'><strong>et</strong></span> <span class='ocrx_word' id='word_1_278' title='bbox 2640 2002 2887 2057; x_wconf 84' lang='lat' dir='ltr'><strong>vaporem</strong></span> <span class='ocrx_word' id='word_1_279' title='bbox 2914 1984 3072 2056; x_wconf 79' lang='lat' dir='ltr'><strong>fumi,</strong></span> <span class='ocrx_word' id='word_1_280' title='bbox 3101 1982 3181 2038; x_wconf 82' lang='lat' dir='ltr'><strong>sol</strong></span> <span class='ocrx_word' id='word_1_281' title='bbox 3218 1992 3561 2037; x_wconf 68' lang='lat' dir='ltr'><strong>converterat</strong></span> <span class='ocrx_word' id='word_1_282' title='bbox 3584 1983 3644 2035; x_wconf 79' lang='lat' dir='ltr'><strong>iu</strong></span> <span class='ocrx_word' id='word_1_283' title='bbox 3668 1992 3746 2035; x_wconf 77' lang='lat' dir='ltr'><strong>te-</strong></span> 
     </span>
    </p>
   </div>
   <div class='ocr_carea' id='block_1_33' title="bbox 442 2073 2037 2160">
    <p class='ocr_par' dir='ltr' id='par_1_33' title="bbox 442 2087 2028 2160">
     <span class='ocr_line' id='line_1_33' title="bbox 442 2087 2028 2160; baseline -0.001 -16"><span class='ocrx_word' id='word_1_284' title='bbox 442 2089 699 2160; x_wconf 88' lang='lat' dir='ltr'><strong>prudens,</strong></span> <span class='ocrx_word' id='word_1_285' title='bbox 746 2089 889 2157; x_wconf 90' lang='lat' dir='ltr'><strong>quod</strong></span> <span class='ocrx_word' id='word_1_286' title='bbox 921 2088 1217 2157; x_wconf 85' lang='lat' dir='ltr'><strong>putabatur</strong></span> <span class='ocrx_word' id='word_1_287' title='bbox 1266 2087 1510 2144; x_wconf 85' lang='lat' dir='ltr'><strong>stultum.</strong></span> <span class='ocrx_word' id='word_1_288' title='bbox 1558 2088 1839 2157; x_wconf 70' lang='lat' dir='ltr'><strong>Aspicient</strong></span> <span class='ocrx_word' id='word_1_289' title='bbox 1881 2087 2028 2143; x_wconf 91' lang='lat' dir='ltr'><strong>enim</strong></span> 
     </span>
    </p>
   </div>
   <div class='ocr_carea' id='block_1_34' title="bbox 2133 2073 3743 2160">
    <p class='ocr_par' dir='ltr' id='par_1_34' title="bbox 2133 2073 3743 2148">
     <span class='ocr_line' id='line_1_34' title="bbox 2133 2073 3743 2148; baseline -0.002 -17"><span class='ocrx_word' id='word_1_290' title='bbox 2133 2076 2317 2131; x_wconf 87' lang='lat' dir='ltr'><strong>nebras</strong></span> <span class='ocrx_word' id='word_1_291' title='bbox 2338 2115 2353 2144; x_wconf 92' lang='lat'><strong>,</strong></span> <span class='ocrx_word' id='word_1_292' title='bbox 2378 2086 2426 2131; x_wconf 87' lang='lat' dir='ltr'><strong>et</strong></span> <span class='ocrx_word' id='word_1_293' title='bbox 2455 2075 2583 2132; x_wconf 83' lang='lat' dir='ltr'><strong>[una</strong></span> <span class='ocrx_word' id='word_1_294' title='bbox 2614 2076 2670 2132; x_wconf 88' lang='lat' dir='ltr'><strong>in</strong></span> <span class='ocrx_word' id='word_1_295' title='bbox 2697 2076 3035 2148; x_wconf 86' lang='lat' dir='ltr'><strong>sanguinem,</strong></span> <span class='ocrx_word' id='word_1_296' title='bbox 3075 2074 3387 2146; x_wconf 78' lang='lat' dir='ltr'><strong>priusquam</strong></span> <span class='ocrx_word' id='word_1_297' title='bbox 3420 2074 3600 2128; x_wconf 80' lang='lat' dir='ltr'><strong>veniat</strong></span> <span class='ocrx_word' id='word_1_298' title='bbox 3628 2073 3743 2128; x_wconf 72' lang='lat' dir='ltr'><strong>dies</strong></span> 
     </span>
    </p>
   </div>
   <div class='ocr_carea' id='block_1_35' title="bbox 443 2166 3744 2250">
    <p class='ocr_par' dir='ltr' id='par_1_35' title="bbox 443 2166 3744 2250">
     <span class='ocr_line' id='line_1_35' title="bbox 443 2166 3744 2250; baseline -0.002 -13"><span class='ocrx_word' id='word_1_299' title='bbox 443 2179 588 2237; x_wconf 88' lang='lat' dir='ltr'><strong>inter</strong></span> <span class='ocrx_word' id='word_1_300' title='bbox 609 2186 834 2234; x_wconf 61' lang='lat' dir='ltr'><strong>caeteros</strong></span> <span class='ocrx_word' id='word_1_301' title='bbox 877 2192 937 2233; x_wconf 91' lang='lat' dir='ltr'><strong>se</strong></span> <span class='ocrx_word' id='word_1_302' title='bbox 977 2178 1120 2234; x_wconf 89' lang='lat' dir='ltr'><strong>solos</strong></span> <span class='ocrx_word' id='word_1_303' title='bbox 1161 2187 1216 2233; x_wconf 90' lang='lat' dir='ltr'><strong>et</strong></span> <span class='ocrx_word' id='word_1_304' title='bbox 1241 2178 1504 2250; x_wconf 87' lang='lat' dir='ltr'><strong>gloriosos</strong></span> <span class='ocrx_word' id='word_1_305' title='bbox 1536 2185 1592 2233; x_wconf 90' lang='lat' dir='ltr'><strong>et</strong></span> <span class='ocrx_word' id='word_1_306' title='bbox 1619 2177 1913 2249; x_wconf 86' lang='lat' dir='ltr'><strong>prudentes</strong></span> <span class='ocrx_word' id='word_1_307' title='bbox 1937 2177 2030 2247; x_wconf 90' lang='lat' dir='ltr'><strong>qui</strong></span> <span class='ocrx_word' id='word_1_308' title='bbox 2128 2166 2342 2223; x_wconf 73' lang='grc' dir='ltr'><strong>Ποηιὶηε</strong></span> <span class='ocrx_word' id='word_1_309' title='bbox 2372 2184 2616 2240; x_wconf 69' lang='lat' dir='ltr'><strong>magnus.</strong></span> <span class='ocrx_word' id='word_1_310' title='bbox 2642 2177 2690 2223; x_wconf 75' lang='grc' dir='ltr'><strong>ει</strong></span> <span class='ocrx_word' id='word_1_311' title='bbox 2724 2167 3013 2234; x_wconf 60' lang='lat' dir='ltr'><strong>horribili&quot;,</strong></span> <span class='ocrx_word' id='word_1_312' title='bbox 3040 2176 3088 2221; x_wconf 71' lang='grc' dir='ltr'><strong>οε</strong></span> <span class='ocrx_word' id='word_1_313' title='bbox 3115 2166 3236 2232; x_wconf 68' lang='grc' dir='ltr'><strong><em>ετίιν</em></strong></span> <span class='ocrx_word' id='word_1_314' title='bbox 3261 2166 3569 2237; x_wconf 69' lang='lat' dir='ltr'><strong>quicunque</strong></span> <span class='ocrx_word' id='word_1_315' title='bbox 3594 2166 3744 2220; x_wconf 65' lang='grc' dir='ltr'><strong>ἕκτο-</strong></span> 
     </span>
    </p>
   </div>
   <div class='ocr_carea' id='block_1_36' title="bbox 444 2256 3745 2340">
    <p class='ocr_par' dir='ltr' id='par_1_36' title="bbox 444 2256 3745 2340">
     <span class='ocr_line' id='line_1_36' title="bbox 444 2256 3745 2340; baseline -0.001 -14"><span class='ocrx_word' id='word_1_316' title='bbox 444 2269 698 2331; x_wconf 80' lang='lat' dir='ltr'><strong>aestimati</strong></span> <span class='ocrx_word' id='word_1_317' title='bbox 750 2268 965 2323; x_wconf 77' lang='lat' dir='ltr'><strong>fuerant</strong></span> <span class='ocrx_word' id='word_1_318' title='bbox 991 2270 1426 2340; x_wconf 82' lang='lat' dir='ltr'><strong>contemptibiles</strong></span> <span class='ocrx_word' id='word_1_319' title='bbox 1452 2278 1508 2324; x_wconf 89' lang='lat' dir='ltr'><strong>et</strong></span> <span class='ocrx_word' id='word_1_320' title='bbox 1535 2267 1704 2325; x_wconf 83' lang='lat' dir='ltr'><strong>stulti.</strong></span> <span class='ocrx_word' id='word_1_321' title='bbox 1734 2268 1850 2325; x_wconf 87' lang='lat' dir='ltr'><strong>Illic</strong></span> <span class='ocrx_word' id='word_1_322' title='bbox 1883 2269 2033 2326; x_wconf 86' lang='lat' dir='ltr'><strong>enim</strong></span> <span class='ocrx_word' id='word_1_323' title='bbox 2130 2261 2323 2316; x_wconf 79' lang='lat' dir='ltr'><strong>caverit</strong></span> <span class='ocrx_word' id='word_1_324' title='bbox 2369 2276 2555 2315; x_wconf 81' lang='lat' dir='ltr'><strong>nomen</strong></span> <span class='ocrx_word' id='word_1_325' title='bbox 2581 2259 2798 2315; x_wconf 77' lang='lat' dir='ltr'><strong>Domini</strong></span> <span class='ocrx_word' id='word_1_326' title='bbox 2832 2258 3010 2315; x_wconf 74' lang='lat' dir='ltr'><strong>salvus</strong></span> <span class='ocrx_word' id='word_1_327' title='bbox 3037 2259 3134 2313; x_wconf 74' lang='lat' dir='ltr'><strong>erit</strong></span> <span class='ocrx_word' id='word_1_328' title='bbox 3158 2257 3177 2331; x_wconf 93' lang='lat'>(</span> <span class='ocrx_word' id='word_1_329' title='bbox 3197 2257 3337 2313; x_wconf 65' lang='lat' dir='ltr'><strong>Jocl.</strong></span> <span class='ocrx_word' id='word_1_330' title='bbox 3367 2273 3408 2312; x_wconf 86' lang='grc' dir='ltr'><strong>ιι</strong></span> <span class='ocrx_word' id='word_1_331' title='bbox 3429 2256 3493 2328; x_wconf 87' lang='grc'><strong>);</strong></span> <span class='ocrx_word' id='word_1_332' title='bbox 3524 2258 3745 2313; x_wconf 68' lang='lat' dir='ltr'><strong>videtur</strong></span> 
     </span>
    </p>
   </div>
   <div class='ocr_carea' id='block_1_37' title="bbox 446 2346 3743 2429">
    <p class='ocr_par' dir='ltr' id='par_1_37' title="bbox 446 2346 3743 2429">
     <span class='ocr_line' id='line_1_37' title="bbox 446 2346 3743 2429; baseline -0.005 -13"><span class='ocrx_word' id='word_1_333' title='bbox 446 2375 575 2416; x_wconf 88' lang='lat' dir='ltr'><strong>vera</strong></span> <span class='ocrx_word' id='word_1_334' title='bbox 598 2359 844 2429; x_wconf 80' lang='lat' dir='ltr'><strong>probatio</strong></span> <span class='ocrx_word' id='word_1_335' title='bbox 871 2359 959 2414; x_wconf 90' lang='lat' dir='ltr'><strong>ubi</strong></span> <span class='ocrx_word' id='word_1_336' title='bbox 999 2358 1365 2415; x_wconf 86' lang='lat' dir='ltr'><strong>remuneratio</strong></span> <span class='ocrx_word' id='word_1_337' title='bbox 1399 2366 1455 2415; x_wconf 89' lang='lat' dir='ltr'><strong>et</strong></span> <span class='ocrx_word' id='word_1_338' title='bbox 1473 2357 1874 2416; x_wconf 87' lang='lat' dir='ltr'><strong>condemnatio.</strong></span> <span class='ocrx_word' id='word_1_339' title='bbox 1906 2356 2031 2414; x_wconf 86' lang='lat' dir='ltr'><strong>Non</strong></span> <span class='ocrx_word' id='word_1_340' title='bbox 2131 2351 2265 2408; x_wconf 91' lang='lat' dir='ltr'><strong>mihi</strong></span> <span class='ocrx_word' id='word_1_341' title='bbox 2296 2360 2474 2406; x_wconf 91' lang='lat' dir='ltr'><strong>tamen</strong></span> <span class='ocrx_word' id='word_1_342' title='bbox 2519 2350 2726 2420; x_wconf 79' lang='lat' dir='ltr'><strong>grande</strong></span> <span class='ocrx_word' id='word_1_343' title='bbox 2757 2349 2961 2419; x_wconf 88' lang='lat' dir='ltr'><strong>aliquid</strong></span> <span class='ocrx_word' id='word_1_344' title='bbox 2990 2348 3043 2403; x_wconf 91' lang='lat' dir='ltr'><strong>in</strong></span> <span class='ocrx_word' id='word_1_345' title='bbox 3074 2346 3378 2417; x_wconf 85' lang='lat' dir='ltr'><strong>Scripturis</strong></span> <span class='ocrx_word' id='word_1_346' title='bbox 3401 2348 3609 2403; x_wconf 78' lang='lat' dir='ltr'><strong>divinis</strong></span> <span class='ocrx_word' id='word_1_347' title='bbox 3639 2348 3743 2403; x_wconf 79' lang='lat' dir='ltr'><strong>sub</strong></span> 
     </span>
    </p>
   </div>
   <div class='ocr_carea' id='block_1_38' title="bbox 444 2439 3745 2525">
    <p class='ocr_par' dir='ltr' id='par_1_38' title="bbox 444 2439 3745 2525">
     <span class='ocr_line' id='line_1_38' title="bbox 444 2439 3745 2525; baseline -0.004 -17"><span class='ocrx_word' id='word_1_348' title='bbox 444 2453 582 2509; x_wconf 85' lang='lat' dir='ltr'><strong>enim</strong></span> <span class='ocrx_word' id='word_1_349' title='bbox 618 2454 881 2508; x_wconf 75' lang='lat' dir='ltr'><strong>distinctio</strong></span> <span class='ocrx_word' id='word_1_350' title='bbox 925 2453 1104 2509; x_wconf 76' lang='lat' dir='ltr'><strong>Judwi</strong></span> <span class='ocrx_word' id='word_1_351' title='bbox 1125 2463 1171 2508; x_wconf 85' lang='lat' dir='ltr'><strong>et</strong></span> <span class='ocrx_word' id='word_1_352' title='bbox 1198 2451 1390 2508; x_wconf 68' lang='lat' dir='ltr'><strong>Grmci.</strong></span> <span class='ocrx_word' id='word_1_353' title='bbox 1423 2451 1443 2525; x_wconf 91' lang='lat'>(</span> <span class='ocrx_word' id='word_1_354' title='bbox 1456 2450 1648 2525; x_wconf 78' lang='lat' dir='ltr'><strong>Amb.)</strong></span> <span class='ocrx_word' id='word_1_355' title='bbox 1692 2449 2033 2508; x_wconf 85' lang='lat' dir='ltr'><strong>Generaliter</strong></span> <span class='ocrx_word' id='word_1_356' title='bbox 2132 2446 2239 2503; x_wconf 89' lang='lat' dir='ltr'><strong>hoc</strong></span> <span class='ocrx_word' id='word_1_357' title='bbox 2283 2444 2645 2502; x_wconf 88' lang='lat' dir='ltr'><strong>invocationis</strong></span> <span class='ocrx_word' id='word_1_358' title='bbox 2689 2444 2908 2499; x_wconf 89' lang='lat' dir='ltr'><strong>nomine</strong></span> <span class='ocrx_word' id='word_1_359' title='bbox 2955 2441 3227 2513; x_wconf 79' lang='lat' dir='ltr'><strong>designari</strong></span> <span class='ocrx_word' id='word_1_360' title='bbox 3254 2481 3271 2507; x_wconf 93' lang='lat'><strong>,</strong></span> <span class='ocrx_word' id='word_1_361' title='bbox 3320 2456 3433 2496; x_wconf 89' lang='lat' dir='ltr'><strong>non</strong></span> <span class='ocrx_word' id='word_1_362' title='bbox 3481 2440 3633 2495; x_wconf 87' lang='lat' dir='ltr'><strong>enim</strong></span> <span class='ocrx_word' id='word_1_363' title='bbox 3675 2439 3745 2496; x_wconf 81' lang='lat' dir='ltr'><strong>de</strong></span> 
     </span>
    </p>
   </div>
   <div class='ocr_carea' id='block_1_39' title="bbox 447 2532 3747 2625">
    <p class='ocr_par' dir='ltr' id='par_1_39' title="bbox 447 2532 3747 2625">
     <span class='ocr_line' id='line_1_39' title="bbox 447 2532 3747 2625; baseline -0.005 -25"><span class='ocrx_word' id='word_1_364' title='bbox 447 2561 638 2602; x_wconf 86' lang='lat' dir='ltr'><strong>omnes</strong></span> <span class='ocrx_word' id='word_1_365' title='bbox 666 2555 761 2601; x_wconf 88' lang='lat' dir='ltr'><strong>aut</strong></span> <span class='ocrx_word' id='word_1_366' title='bbox 790 2546 1048 2603; x_wconf 89' lang='lat' dir='ltr'><strong>confundi</strong></span> <span class='ocrx_word' id='word_1_367' title='bbox 1090 2552 1309 2616; x_wconf 88' lang='lat' dir='ltr'><strong>propter</strong></span> <span class='ocrx_word' id='word_1_368' title='bbox 1336 2541 1714 2625; x_wconf 46' lang='lat' dir='ltr'><strong>diiiidentiam,</strong></span> <span class='ocrx_word' id='word_1_369' title='bbox 1736 2541 1888 2609; x_wconf 89' lang='lat' dir='ltr'><strong>dicit,</strong></span> <span class='ocrx_word' id='word_1_370' title='bbox 1938 2550 2034 2599; x_wconf 85' lang='lat' dir='ltr'><strong>aut</strong></span> <span class='ocrx_word' id='word_1_371' title='bbox 2133 2537 2600 2608; x_wconf 79' lang='lat' dir='ltr'><strong>qualibuscunque</strong></span> <span class='ocrx_word' id='word_1_372' title='bbox 2629 2535 2785 2601; x_wconf 85' lang='lat' dir='ltr'><strong>viris,</strong></span> <span class='ocrx_word' id='word_1_373' title='bbox 2809 2534 3008 2625; x_wconf 12' lang='lat' dir='ltr'><strong>sedide</strong></span> <span class='ocrx_word' id='word_1_374' title='bbox 3032 2533 3343 2604; x_wconf 80' lang='lat' dir='ltr'><strong>ingentibus</strong></span> <span class='ocrx_word' id='word_1_375' title='bbox 3367 2541 3426 2588; x_wconf 92' lang='lat' dir='ltr'><strong>et</strong></span> <span class='ocrx_word' id='word_1_376' title='bbox 3446 2532 3747 2605; x_wconf 68' lang='lat' dir='ltr'><strong>praecipuis</strong></span> 
     </span>
    </p>
   </div>
   <div class='ocr_carea' id='block_1_40' title="bbox 447 2635 2034 2708">
    <p class='ocr_par' dir='ltr' id='par_1_40' title="bbox 447 2635 2034 2708">
     <span class='ocr_line' id='line_1_40' title="bbox 447 2635 2034 2708; baseline -0.003 -12"><span class='ocrx_word' id='word_1_377' title='bbox 447 2639 727 2696; x_wconf 88' lang='lat' dir='ltr'><strong>sublimari</strong></span> <span class='ocrx_word' id='word_1_378' title='bbox 759 2655 922 2695; x_wconf 86' lang='lat' dir='ltr'><strong>causa</strong></span> <span class='ocrx_word' id='word_1_379' title='bbox 950 2638 1307 2704; x_wconf 87' lang='lat' dir='ltr'><strong>credulitatis,</strong></span> <span class='ocrx_word' id='word_1_380' title='bbox 1349 2636 1476 2708; x_wconf 89' lang='lat' dir='ltr'><strong>quia</strong></span> <span class='ocrx_word' id='word_1_381' title='bbox 1502 2636 1620 2692; x_wconf 90' lang='lat' dir='ltr'><strong>sine</strong></span> <span class='ocrx_word' id='word_1_382' title='bbox 1648 2635 1868 2693; x_wconf 85' lang='lat' dir='ltr'><strong>Christo</strong></span> <span class='ocrx_word' id='word_1_383' title='bbox 1892 2635 2034 2706; x_wconf 90' lang='lat' dir='ltr'><strong>apud</strong></span> 
     </span>
    </p>
   </div>
   <div class='ocr_carea' id='block_1_41' title="bbox 438 1000 1816 1067">
    <p class='ocr_par' dir='ltr' id='par_1_41' title="bbox 438 1000 1816 1067">
     <span class='ocr_line' id='line_1_41' title="bbox 438 1000 1816 1067; baseline -0.007 -9"><span class='ocrx_word' id='word_1_384' title='bbox 438 1018 658 1059; x_wconf 89' lang='lat' dir='ltr'><strong>sensum</strong></span> <span class='ocrx_word' id='word_1_385' title='bbox 685 1002 849 1057; x_wconf 89' lang='lat' dir='ltr'><strong>etiam</strong></span> <span class='ocrx_word' id='word_1_386' title='bbox 872 1017 935 1056; x_wconf 84' lang='lat' dir='ltr'><strong>ea</strong></span> <span class='ocrx_word' id='word_1_387' title='bbox 958 1000 1304 1064; x_wconf 82' lang='lat' dir='ltr'><strong>conveniunt,</strong></span> <span class='ocrx_word' id='word_1_388' title='bbox 1328 1013 1453 1067; x_wconf 65' lang='lat' dir='ltr'><strong>qua:</strong></span> <span class='ocrx_word' id='word_1_389' title='bbox 1474 1003 1777 1066; x_wconf 86' lang='lat' dir='ltr'><strong>sequuntur</strong></span> <span class='ocrx_word' id='word_1_390' title='bbox 1801 1012 1816 1048; x_wconf 73' lang='grc' dir='ltr'>ε</span> 
     </span>
    </p>
   </div>
   <div class='ocr_carea' id='block_1_42' title="bbox 442 1086 2020 1164">
    <p class='ocr_par' dir='ltr' id='par_1_42' title="bbox 442 1086 2020 1164">
     <span class='ocr_line' id='line_1_42' title="bbox 442 1086 2020 1164; baseline -0.003 -17"><span class='ocrx_word' id='word_1_391' title='bbox 442 1142 449 1147; x_wconf 75' lang='lat'><strong>.</strong></span> <span class='ocrx_word' id='word_1_392' title='bbox 510 1096 651 1150; x_wconf 83' lang='lat' dir='ltr'><strong>Dicit</strong></span> <span class='ocrx_word' id='word_1_393' title='bbox 688 1095 825 1149; x_wconf 85' lang='lat' dir='ltr'><strong>enim</strong></span> <span class='ocrx_word' id='word_1_394' title='bbox 872 1093 1178 1164; x_wconf 84' lang='lat' dir='ltr'><strong>Scriptura,</strong></span> <span class='ocrx_word' id='word_1_395' title='bbox 1220 1091 1403 1147; x_wconf 80' lang='lat' dir='ltr'><strong>Omnis</strong></span> <span class='ocrx_word' id='word_1_396' title='bbox 1438 1091 1527 1163; x_wconf 85' lang='lat' dir='ltr'><strong>qui</strong></span> <span class='ocrx_word' id='word_1_397' title='bbox 1563 1090 1727 1144; x_wconf 83' lang='lat' dir='ltr'><strong>credit</strong></span> <span class='ocrx_word' id='word_1_398' title='bbox 1762 1090 1815 1143; x_wconf 89' lang='lat' dir='ltr'><strong>in</strong></span> <span class='ocrx_word' id='word_1_399' title='bbox 1847 1086 2020 1155; x_wconf 81' lang='lat' dir='ltr'><strong>illum,</strong></span> 
     </span>
    </p>
   </div>
   <div class='ocr_carea' id='block_1_43' title="bbox 439 1178 2021 1255">
    <p class='ocr_par' dir='ltr' id='par_1_43' title="bbox 439 1178 2021 1255">
     <span class='ocr_line' id='line_1_43' title="bbox 439 1178 2021 1255; baseline -0.006 -14"><span class='ocrx_word' id='word_1_400' title='bbox 439 1203 544 1241; x_wconf 86' lang='lat' dir='ltr'><strong>non</strong></span> <span class='ocrx_word' id='word_1_401' title='bbox 578 1185 946 1255; x_wconf 81' lang='lat' dir='ltr'><strong>confundetur.</strong></span> <span class='ocrx_word' id='word_1_402' title='bbox 987 1181 1230 1253; x_wconf 63' lang='lat' dir='ltr'><strong>(Orig)</strong></span> <span class='ocrx_word' id='word_1_403' title='bbox 1268 1181 1381 1237; x_wconf 89' lang='lat' dir='ltr'><strong>Hoc</strong></span> <span class='ocrx_word' id='word_1_404' title='bbox 1420 1189 1600 1235; x_wconf 87' lang='lat' dir='ltr'><strong>autem</strong></span> <span class='ocrx_word' id='word_1_405' title='bbox 1642 1178 1783 1251; x_wconf 89' lang='lat' dir='ltr'><strong>apud</strong></span> <span class='ocrx_word' id='word_1_406' title='bbox 1827 1178 2021 1234; x_wconf 87' lang='lat' dir='ltr'><strong>Isaiam</strong></span> 
     </span>
    </p>
   </div>
   <div class='ocr_carea' id='block_1_44' title="bbox 437 1271 2024 1347">
    <p class='ocr_par' dir='ltr' id='par_1_44' title="bbox 437 1271 2024 1347">
     <span class='ocr_line' id='line_1_44' title="bbox 437 1271 2024 1347; baseline -0.004 -15"><span class='ocrx_word' id='word_1_407' title='bbox 437 1277 695 1347; x_wconf 88' lang='lat' dir='ltr'><strong>scriptum</strong></span> <span class='ocrx_word' id='word_1_408' title='bbox 726 1284 829 1339; x_wconf 90' lang='lat' dir='ltr'><strong>est,</strong></span> <span class='ocrx_word' id='word_1_409' title='bbox 881 1275 1023 1342; x_wconf 92' lang='lat' dir='ltr'><strong>quod</strong></span> <span class='ocrx_word' id='word_1_410' title='bbox 1064 1272 1108 1327; x_wconf 90' lang='lat' dir='ltr'><strong>si</strong></span> <span class='ocrx_word' id='word_1_411' title='bbox 1141 1273 1316 1327; x_wconf 89' lang='lat' dir='ltr'><strong>omnis</strong></span> <span class='ocrx_word' id='word_1_412' title='bbox 1353 1272 1447 1342; x_wconf 89' lang='lat' dir='ltr'><strong>qui</strong></span> <span class='ocrx_word' id='word_1_413' title='bbox 1477 1271 1653 1327; x_wconf 81' lang='lat' dir='ltr'><strong>credit</strong></span> <span class='ocrx_word' id='word_1_414' title='bbox 1684 1271 1739 1325; x_wconf 91' lang='lat' dir='ltr'><strong>in</strong></span> <span class='ocrx_word' id='word_1_415' title='bbox 1763 1286 1888 1326; x_wconf 89' lang='lat' dir='ltr'><strong>eum</strong></span> <span class='ocrx_word' id='word_1_416' title='bbox 1916 1285 2024 1325; x_wconf 90' lang='lat' dir='ltr'><strong>non</strong></span> 
     </span>
    </p>
   </div>
   <div class='ocr_carea' id='block_1_45' title="bbox 439 1358 2027 1431">
    <p class='ocr_par' dir='ltr' id='par_1_45' title="bbox 439 1358 2027 1431">
     <span class='ocr_line' id='line_1_45' title="bbox 439 1358 2027 1431; baseline -0.004 -10"><span class='ocrx_word' id='word_1_417' title='bbox 439 1365 732 1429; x_wconf 82' lang='lat' dir='ltr'><strong>erubescit,</strong></span> <span class='ocrx_word' id='word_1_418' title='bbox 775 1362 1049 1419; x_wconf 87' lang='lat' dir='ltr'><strong>erubescit</strong></span> <span class='ocrx_word' id='word_1_419' title='bbox 1078 1371 1259 1416; x_wconf 86' lang='lat' dir='ltr'><strong>autem</strong></span> <span class='ocrx_word' id='word_1_420' title='bbox 1305 1362 1482 1417; x_wconf 89' lang='lat' dir='ltr'><strong>omnis</strong></span> <span class='ocrx_word' id='word_1_421' title='bbox 1512 1360 1602 1431; x_wconf 89' lang='lat' dir='ltr'><strong>qui</strong></span> <span class='ocrx_word' id='word_1_422' title='bbox 1632 1370 1841 1431; x_wconf 87' lang='lat' dir='ltr'><strong>peccat,</strong></span> <span class='ocrx_word' id='word_1_423' title='bbox 1886 1358 2027 1415; x_wconf 88' lang='lat' dir='ltr'><strong>sicut</strong></span> 
     </span>
    </p>
   </div>
   <div class='ocr_carea' id='block_1_46' title="bbox 438 1447 2027 1523">
    <p class='ocr_par' dir='ltr' id='par_1_46' title="bbox 438 1447 2027 1523">
     <span class='ocr_line' id='line_1_46' title="bbox 438 1447 2027 1523; baseline -0.004 -13"><span class='ocrx_word' id='word_1_424' title='bbox 438 1464 494 1510; x_wconf 89' lang='lat' dir='ltr'><strong>et</strong></span> <span class='ocrx_word' id='word_1_425' title='bbox 520 1455 689 1510; x_wconf 77' lang='lat' dir='ltr'><strong>Adam</strong></span> <span class='ocrx_word' id='word_1_426' title='bbox 717 1451 979 1523; x_wconf 82' lang='lat' dir='ltr'><strong>peccavit,</strong></span> <span class='ocrx_word' id='word_1_427' title='bbox 1021 1460 1075 1507; x_wconf 87' lang='lat' dir='ltr'><strong>et</strong></span> <span class='ocrx_word' id='word_1_428' title='bbox 1102 1450 1338 1517; x_wconf 90' lang='lat' dir='ltr'><strong>erubuit,</strong></span> <span class='ocrx_word' id='word_1_429' title='bbox 1385 1459 1442 1505; x_wconf 89' lang='lat' dir='ltr'><strong>et</strong></span> <span class='ocrx_word' id='word_1_430' title='bbox 1478 1449 1760 1507; x_wconf 88' lang='lat' dir='ltr'><strong>abscondit</strong></span> <span class='ocrx_word' id='word_1_431' title='bbox 1786 1464 1846 1505; x_wconf 89' lang='lat' dir='ltr'><strong>se</strong></span> <span class='ocrx_word' id='word_1_432' title='bbox 1883 1464 1899 1504; x_wconf 89' lang='lat'><strong>:</strong></span> <span class='ocrx_word' id='word_1_433' title='bbox 1933 1447 2027 1519; x_wconf 89' lang='lat' dir='ltr'><strong>qui</strong></span> 
     </span>
    </p>
   </div>
   <div class='ocr_carea' id='block_1_47' title="bbox 2135 2621 3744 2697">
    <p class='ocr_par' dir='ltr' id='par_1_47' title="bbox 2135 2621 3744 2697">
     <span class='ocr_line' id='line_1_47' title="bbox 2135 2621 3744 2697; baseline -0.002 -14"><span class='ocrx_word' id='word_1_434' title='bbox 2135 2626 2411 2693; x_wconf 89' lang='lat' dir='ltr'><strong>scribitur,</strong></span> <span class='ocrx_word' id='word_1_435' title='bbox 2445 2626 2589 2697; x_wconf 91' lang='lat' dir='ltr'><strong>quod</strong></span> <span class='ocrx_word' id='word_1_436' title='bbox 2619 2645 2637 2678; x_wconf 72' lang='grc' dir='ltr'>ι</span> <span class='ocrx_word' id='word_1_437' title='bbox 2674 2625 2819 2681; x_wconf 90' lang='lat' dir='ltr'><strong>Enos</strong></span> <span class='ocrx_word' id='word_1_438' title='bbox 2848 2624 3055 2696; x_wconf 89' lang='lat' dir='ltr'><strong>primus</strong></span> <span class='ocrx_word' id='word_1_439' title='bbox 3089 2623 3331 2695; x_wconf 82' lang='lat' dir='ltr'><strong>speravit</strong></span> <span class='ocrx_word' id='word_1_440' title='bbox 3354 2621 3618 2679; x_wconf 82' lang='lat' dir='ltr'><strong>invocare</strong></span> <span class='ocrx_word' id='word_1_441' title='bbox 3641 2638 3744 2679; x_wconf 81' lang='lat' dir='ltr'><strong>no-</strong></span> 
     </span>
    </p>
   </div>
   <div class='ocr_carea' id='block_1_48' title="bbox 452 2713 3743 2800">
    <p class='ocr_par' dir='ltr' id='par_1_48' title="bbox 452 2713 3743 2800">
     <span class='ocr_line' id='line_1_48' title="bbox 452 2713 3743 2800; baseline -0.004 -13"><span class='ocrx_word' id='word_1_442' title='bbox 452 2732 619 2787; x_wconf 90' lang='lat' dir='ltr'><strong>Deum</strong></span> <span class='ocrx_word' id='word_1_443' title='bbox 660 2732 805 2787; x_wconf 90' lang='lat' dir='ltr'><strong>nulla</strong></span> <span class='ocrx_word' id='word_1_444' title='bbox 830 2732 976 2788; x_wconf 90' lang='lat' dir='ltr'><strong>salus</strong></span> <span class='ocrx_word' id='word_1_445' title='bbox 994 2738 1099 2797; x_wconf 90' lang='lat' dir='ltr'><strong>est,</strong></span> <span class='ocrx_word' id='word_1_446' title='bbox 1138 2729 1247 2785; x_wconf 89' lang='lat' dir='ltr'><strong>imo</strong></span> <span class='ocrx_word' id='word_1_447' title='bbox 1272 2744 1431 2800; x_wconf 79' lang='lat' dir='ltr'><strong>poma</strong></span> <span class='ocrx_word' id='word_1_448' title='bbox 1458 2735 1564 2794; x_wconf 90' lang='lat' dir='ltr'><strong>est,</strong></span> <span class='ocrx_word' id='word_1_449' title='bbox 1595 2735 1690 2783; x_wconf 88' lang='lat' dir='ltr'><strong>aut</strong></span> <span class='ocrx_word' id='word_1_450' title='bbox 1716 2743 1887 2784; x_wconf 86' lang='lat' dir='ltr'><strong>mors.</strong></span> <span class='ocrx_word' id='word_1_451' title='bbox 1924 2725 2035 2784; x_wconf 82' lang='lat' dir='ltr'><strong>Nec</strong></span> <span class='ocrx_word' id='word_1_452' title='bbox 2135 2732 2260 2772; x_wconf 69' lang='lat' dir='ltr'><strong>me“</strong></span> <span class='ocrx_word' id='word_1_453' title='bbox 2295 2716 2531 2783; x_wconf 71' lang='grc' dir='ltr'><strong>Βοωίιιί,</strong></span> <span class='ocrx_word' id='word_1_454' title='bbox 2559 2723 2614 2773; x_wconf 78' lang='grc' dir='ltr'><strong>ει</strong></span> <span class='ocrx_word' id='word_1_455' title='bbox 2640 2716 2695 2771; x_wconf 78' lang='lat' dir='ltr'><strong>in</strong></span> <span class='ocrx_word' id='word_1_456' title='bbox 2722 2715 2953 2772; x_wconf 74' lang='lat' dir='ltr'><strong>Psalmis</strong></span> <span class='ocrx_word' id='word_1_457' title='bbox 2978 2732 2993 2770; x_wconf 76' lang='grc' dir='ltr'>ε</span> <span class='ocrx_word' id='word_1_458' title='bbox 3021 2713 3229 2786; x_wconf 68' lang='lat' dir='ltr'><strong>Moyses</strong></span> <span class='ocrx_word' id='word_1_459' title='bbox 3255 2724 3305 2769; x_wconf 75' lang='grc' dir='ltr'><strong>ει</strong></span> <span class='ocrx_word' id='word_1_460' title='bbox 3340 2714 3529 2770; x_wconf 73' lang='lat' dir='ltr'><strong>Aaron</strong></span> <span class='ocrx_word' id='word_1_461' title='bbox 3568 2717 3625 2769; x_wconf 69' lang='lat' dir='ltr'><strong>in</strong></span> <span class='ocrx_word' id='word_1_462' title='bbox 3648 2731 3743 2769; x_wconf 71' lang='grc' dir='ltr'><strong>ω-</strong></span> 
     </span>
    </p>
   </div>
   <div class='ocr_carea' id='block_1_49' title="bbox 446 2806 3747 2890">
    <p class='ocr_par' dir='ltr' id='par_1_49' title="bbox 446 2806 3747 2890">
     <span class='ocr_line' id='line_1_49' title="bbox 446 2806 3747 2890; baseline -0.005 -10"><span class='ocrx_word' id='word_1_463' title='bbox 446 2821 665 2880; x_wconf 71' lang='lat' dir='ltr'><strong>Judaeos</strong></span> <span class='ocrx_word' id='word_1_464' title='bbox 705 2823 851 2877; x_wconf 88' lang='lat' dir='ltr'><strong>enim</strong></span> <span class='ocrx_word' id='word_1_465' title='bbox 895 2820 1276 2877; x_wconf 87' lang='lat' dir='ltr'><strong>commendare</strong></span> <span class='ocrx_word' id='word_1_466' title='bbox 1311 2819 1512 2890; x_wconf 90' lang='lat' dir='ltr'><strong>poterit</strong></span> <span class='ocrx_word' id='word_1_467' title='bbox 1548 2818 1904 2890; x_wconf 66' lang='lat' dir='ltr'><strong>prmrogativa</strong></span> <span class='ocrx_word' id='word_1_468' title='bbox 1931 2816 2035 2873; x_wconf 81' lang='lat' dir='ltr'><strong>Pa-</strong></span> <span class='ocrx_word' id='word_1_469' title='bbox 2136 2808 2432 2864; x_wconf 85' lang='lat' dir='ltr'><strong>cerdotibus</strong></span> <span class='ocrx_word' id='word_1_470' title='bbox 2460 2808 2597 2880; x_wconf 87' lang='lat' dir='ltr'><strong>ejus,</strong></span> <span class='ocrx_word' id='word_1_471' title='bbox 2623 2819 2673 2865; x_wconf 92' lang='lat' dir='ltr'><strong>et</strong></span> <span class='ocrx_word' id='word_1_472' title='bbox 2697 2806 2939 2875; x_wconf 82' lang='lat' dir='ltr'><strong>Samuel,</strong></span> <span class='ocrx_word' id='word_1_473' title='bbox 2963 2807 3019 2862; x_wconf 89' lang='lat' dir='ltr'><strong>in</strong></span> <span class='ocrx_word' id='word_1_474' title='bbox 3037 2807 3121 2862; x_wconf 86' lang='lat' dir='ltr'><strong>his</strong></span> <span class='ocrx_word' id='word_1_475' title='bbox 3158 2808 3249 2879; x_wconf 86' lang='lat' dir='ltr'><strong>qui</strong></span> <span class='ocrx_word' id='word_1_476' title='bbox 3274 2808 3522 2863; x_wconf 72' lang='lat' dir='ltr'><strong>invocant</strong></span> <span class='ocrx_word' id='word_1_477' title='bbox 3552 2824 3747 2863; x_wconf 73' lang='lat' dir='ltr'><strong>nam</strong></span> 
     </span>
    </p>
   </div>
   <div class='ocr_carea' id='block_1_50' title="bbox 453 2898 3746 2983">
    <p class='ocr_par' dir='ltr' id='par_1_50' title="bbox 453 2898 3746 2983">
     <span class='ocr_line' id='line_1_50' title="bbox 453 2898 3746 2983; baseline -0.004 -19"><span class='ocrx_word' id='word_1_478' title='bbox 453 2923 593 2967; x_wconf 89' lang='lat' dir='ltr'><strong>trum</strong></span> <span class='ocrx_word' id='word_1_479' title='bbox 641 2921 733 2968; x_wconf 89' lang='lat' dir='ltr'><strong>aut</strong></span> <span class='ocrx_word' id='word_1_480' title='bbox 775 2911 1062 2983; x_wconf 82' lang='lat' dir='ltr'><strong>legislatio,</strong></span> <span class='ocrx_word' id='word_1_481' title='bbox 1097 2912 1188 2982; x_wconf 89' lang='lat' dir='ltr'><strong>qui</strong></span> <span class='ocrx_word' id='word_1_482' title='bbox 1234 2911 1483 2965; x_wconf 85' lang='lat' dir='ltr'><strong>meritum</strong></span> <span class='ocrx_word' id='word_1_483' title='bbox 1519 2917 1575 2964; x_wconf 80' lang='lat' dir='ltr'><strong>et</strong></span> <span class='ocrx_word' id='word_1_484' title='bbox 1616 2909 2036 2980; x_wconf 81' lang='lat' dir='ltr'><strong>promissionem</strong></span> <span class='ocrx_word' id='word_1_485' title='bbox 2140 2900 2279 2973; x_wconf 86' lang='lat' dir='ltr'><strong>ejus.</strong></span> <span class='ocrx_word' id='word_1_486' title='bbox 2311 2899 2638 2957; x_wconf 71' lang='lat' dir='ltr'><strong>[avocabant</strong></span> <span class='ocrx_word' id='word_1_487' title='bbox 2677 2899 2963 2956; x_wconf 86' lang='lat' dir='ltr'><strong>Dominum</strong></span> <span class='ocrx_word' id='word_1_488' title='bbox 2986 2910 3035 2954; x_wconf 89' lang='lat' dir='ltr'><strong>et</strong></span> <span class='ocrx_word' id='word_1_489' title='bbox 3066 2901 3177 2971; x_wconf 87' lang='lat' dir='ltr'><strong>ipse</strong></span> <span class='ocrx_word' id='word_1_490' title='bbox 3203 2900 3525 2955; x_wconf 64' lang='lat' dir='ltr'><strong>exaudiebat</strong></span> <span class='ocrx_word' id='word_1_491' title='bbox 3548 2916 3659 2963; x_wconf 83' lang='lat' dir='ltr'><strong>eos,</strong></span> <span class='ocrx_word' id='word_1_492' title='bbox 3687 2898 3746 2953; x_wconf 69' lang='lat' dir='ltr'><strong>in</strong></span> 
     </span>
    </p>
   </div>
   <div class='ocr_carea' id='block_1_51' title="bbox 450 2987 3593 3075">
    <p class='ocr_par' dir='ltr' id='par_1_51' title="bbox 450 2987 3593 3075">
     <span class='ocr_line' id='line_1_51' title="bbox 450 2987 3593 3075; baseline -0.004 -15"><span class='ocrx_word' id='word_1_493' title='bbox 450 3004 672 3060; x_wconf 84' lang='lat' dir='ltr'><strong>Patrum</strong></span> <span class='ocrx_word' id='word_1_494' title='bbox 706 3020 812 3060; x_wconf 91' lang='lat' dir='ltr'><strong>non</strong></span> <span class='ocrx_word' id='word_1_495' title='bbox 853 3010 1174 3075; x_wconf 86' lang='lat' dir='ltr'><strong>receperunt</strong></span> <span class='ocrx_word' id='word_1_496' title='bbox 1202 3020 1216 3056; x_wconf 88' lang='lat'><strong>:</strong></span> <span class='ocrx_word' id='word_1_497' title='bbox 1246 3001 1450 3058; x_wconf 86' lang='lat' dir='ltr'><strong>Gentes</strong></span> <span class='ocrx_word' id='word_1_498' title='bbox 1487 3008 1669 3056; x_wconf 90' lang='lat' dir='ltr'><strong>autem</strong></span> <span class='ocrx_word' id='word_1_499' title='bbox 1701 2999 1908 3055; x_wconf 91' lang='lat' dir='ltr'><strong>nullum</strong></span> <span class='ocrx_word' id='word_1_500' title='bbox 1938 3000 2037 3055; x_wconf 86' lang='lat' dir='ltr'><strong>ha-</strong></span> <span class='ocrx_word' id='word_1_501' title='bbox 2064 3047 2107 3075; x_wconf 60' lang='grc' dir='ltr'><strong><em>η</em></strong></span> <span class='ocrx_word' id='word_1_502' title='bbox 2140 2990 2386 3047; x_wconf 83' lang='lat' dir='ltr'><strong>columna</strong></span> <span class='ocrx_word' id='word_1_503' title='bbox 2414 2990 2565 3046; x_wconf 85' lang='lat' dir='ltr'><strong>nubis</strong></span> <span class='ocrx_word' id='word_1_504' title='bbox 2587 2990 2895 3063; x_wconf 86' lang='lat' dir='ltr'><strong>loquebatur</strong></span> <span class='ocrx_word' id='word_1_505' title='bbox 2913 2992 2984 3046; x_wconf 85' lang='lat' dir='ltr'><strong>ad</strong></span> <span class='ocrx_word' id='word_1_506' title='bbox 3016 3007 3103 3046; x_wconf 84' lang='lat' dir='ltr'><strong>eos</strong></span> <span class='ocrx_word' id='word_1_507' title='bbox 3129 2991 3148 3049; x_wconf 88' lang='lat'><strong><em>(</em></strong></span> <span class='ocrx_word' id='word_1_508' title='bbox 3172 2987 3325 3047; x_wconf 78' lang='lat' dir='ltr'><strong>Psat.</strong></span> <span class='ocrx_word' id='word_1_509' title='bbox 3359 2993 3593 3062; x_wconf 85' lang='lat' dir='ltr'><strong>xcvut).</strong></span> 
     </span>
    </p>
   </div>
   <div class='ocr_carea' id='block_1_52' title="bbox 451 3083 3741 3165">
    <p class='ocr_par' dir='ltr' id='par_1_52' title="bbox 451 3083 3741 3165">
     <span class='ocr_line' id='line_1_52' title="bbox 451 3083 3741 3165; baseline -0.005 -11"><span class='ocrx_word' id='word_1_510' title='bbox 451 3099 579 3154; x_wconf 86' lang='lat' dir='ltr'><strong>bent</strong></span> <span class='ocrx_word' id='word_1_511' title='bbox 614 3097 1011 3161; x_wconf 87' lang='lat' dir='ltr'><strong>testimonium,</strong></span> <span class='ocrx_word' id='word_1_512' title='bbox 1061 3109 1170 3165; x_wconf 89' lang='lat' dir='ltr'><strong>quo</strong></span> <span class='ocrx_word' id='word_1_513' title='bbox 1197 3093 1282 3150; x_wconf 90' lang='lat' dir='ltr'><strong>vel</strong></span> <span class='ocrx_word' id='word_1_514' title='bbox 1312 3090 1607 3149; x_wconf 89' lang='lat' dir='ltr'><strong>secundum</strong></span> <span class='ocrx_word' id='word_1_515' title='bbox 1635 3106 1857 3147; x_wconf 88' lang='lat' dir='ltr'><strong>carnem</strong></span> <span class='ocrx_word' id='word_1_516' title='bbox 1887 3105 2037 3147; x_wconf 86' lang='lat' dir='ltr'><strong>com-</strong></span> <span class='ocrx_word' id='word_1_517' title='bbox 2063 3083 2109 3111; x_wconf 71' lang='grc' dir='ltr'>υ</span> <span class='ocrx_word' id='word_1_518' title='bbox 2212 3083 2487 3151; x_wconf 85' lang='lat' dir='ltr'><strong>Quomodo</strong></span> <span class='ocrx_word' id='word_1_519' title='bbox 2510 3101 2631 3157; x_wconf 86' lang='lat' dir='ltr'><strong>ergo</strong></span> <span class='ocrx_word' id='word_1_520' title='bbox 2652 3086 2968 3140; x_wconf 72' lang='lat' dir='ltr'><strong>invocabant</strong></span> <span class='ocrx_word' id='word_1_521' title='bbox 2991 3085 3047 3139; x_wconf 90' lang='lat' dir='ltr'><strong>in</strong></span> <span class='ocrx_word' id='word_1_522' title='bbox 3068 3101 3222 3156; x_wconf 86' lang='lat' dir='ltr'><strong>quem</strong></span> <span class='ocrx_word' id='word_1_523' title='bbox 3239 3101 3347 3140; x_wconf 85' lang='lat' dir='ltr'><strong>non</strong></span> <span class='ocrx_word' id='word_1_524' title='bbox 3374 3084 3741 3139; x_wconf 72' lang='lat' dir='ltr'><strong>crediderunt.</strong></span> 
     </span>
    </p>
   </div>
   <div class='ocr_carea' id='block_1_53' title="bbox 452 3171 3743 3251">
    <p class='ocr_par' dir='ltr' id='par_1_53' title="bbox 452 3171 3743 3251">
     <span class='ocr_line' id='line_1_53' title="bbox 452 3171 3743 3251; baseline -0.005 -6"><span class='ocrx_word' id='word_1_525' title='bbox 452 3187 796 3251; x_wconf 88' lang='lat' dir='ltr'><strong>mendentur,</strong></span> <span class='ocrx_word' id='word_1_526' title='bbox 848 3186 953 3240; x_wconf 91' lang='lat' dir='ltr'><strong>nisi</strong></span> <span class='ocrx_word' id='word_1_527' title='bbox 992 3185 1220 3241; x_wconf 86' lang='lat' dir='ltr'><strong>credant</strong></span> <span class='ocrx_word' id='word_1_528' title='bbox 1266 3183 1321 3239; x_wconf 91' lang='lat' dir='ltr'><strong>in</strong></span> <span class='ocrx_word' id='word_1_529' title='bbox 1369 3181 1663 3239; x_wconf 87' lang='lat' dir='ltr'><strong>Christum.</strong></span> <span class='ocrx_word' id='word_1_530' title='bbox 1709 3180 1854 3236; x_wconf 90' lang='lat' dir='ltr'><strong>Nam</strong></span> <span class='ocrx_word' id='word_1_531' title='bbox 1896 3180 2035 3235; x_wconf 86' lang='lat' dir='ltr'><strong>idem</strong></span> <span class='ocrx_word' id='word_1_532' title='bbox 2140 3171 2379 3247; x_wconf 85' lang='lat' dir='ltr'><strong>(0rig.)</strong></span> <span class='ocrx_word' id='word_1_533' title='bbox 2430 3173 2713 3231; x_wconf 83' lang='lat' dir='ltr'><strong>Manifeste</strong></span> <span class='ocrx_word' id='word_1_534' title='bbox 2750 3190 2849 3246; x_wconf 86' lang='lat' dir='ltr'><strong>per</strong></span> <span class='ocrx_word' id='word_1_535' title='bbox 2894 3176 3029 3243; x_wconf 89' lang='lat' dir='ltr'><strong>hoc,</strong></span> <span class='ocrx_word' id='word_1_536' title='bbox 3074 3175 3219 3246; x_wconf 90' lang='lat' dir='ltr'><strong>quod</strong></span> <span class='ocrx_word' id='word_1_537' title='bbox 3266 3174 3421 3241; x_wconf 89' lang='lat' dir='ltr'><strong>dicit,</strong></span> <span class='ocrx_word' id='word_1_538' title='bbox 3470 3176 3743 3247; x_wconf 77' lang='lat' dir='ltr'><strong>quomodo</strong></span> 
     </span>
    </p>
   </div>
   <div class='ocr_carea' id='block_1_54' title="bbox 454 3263 3744 3343">
    <p class='ocr_par' dir='ltr' id='par_1_54' title="bbox 454 3263 3744 3343">
     <span class='ocr_line' id='line_1_54' title="bbox 454 3263 3744 3343; baseline -0.003 -13"><span class='ocrx_word' id='word_1_539' title='bbox 454 3274 710 3331; x_wconf 76' lang='lat' dir='ltr'><strong>Dominus</strong></span> <span class='ocrx_word' id='word_1_540' title='bbox 750 3275 1015 3341; x_wconf 85' lang='lat' dir='ltr'><strong>omnium,</strong></span> <span class='ocrx_word' id='word_1_541' title='bbox 1051 3274 1191 3328; x_wconf 85' lang='lat' dir='ltr'><strong>dives</strong></span> <span class='ocrx_word' id='word_1_542' title='bbox 1219 3275 1275 3327; x_wconf 88' lang='lat' dir='ltr'><strong>in</strong></span> <span class='ocrx_word' id='word_1_543' title='bbox 1312 3272 1552 3328; x_wconf 88' lang='lat' dir='ltr'><strong>omnibus</strong></span> <span class='ocrx_word' id='word_1_544' title='bbox 1583 3274 1673 3343; x_wconf 87' lang='lat' dir='ltr'><strong>qui</strong></span> <span class='ocrx_word' id='word_1_545' title='bbox 1706 3271 1948 3326; x_wconf 86' lang='lat' dir='ltr'><strong>invocant</strong></span> <span class='ocrx_word' id='word_1_546' title='bbox 1974 3270 2038 3325; x_wconf 86' lang='lat' dir='ltr'><strong>il-</strong></span> <span class='ocrx_word' id='word_1_547' title='bbox 2138 3280 2261 3336; x_wconf 81' lang='lat' dir='ltr'><strong>ergo</strong></span> <span class='ocrx_word' id='word_1_548' title='bbox 2288 3264 2600 3320; x_wconf 77' lang='lat' dir='ltr'><strong>invocabant</strong></span> <span class='ocrx_word' id='word_1_549' title='bbox 2627 3265 2681 3320; x_wconf 86' lang='lat' dir='ltr'><strong>in</strong></span> <span class='ocrx_word' id='word_1_550' title='bbox 2706 3282 2860 3337; x_wconf 83' lang='lat' dir='ltr'><strong>quem</strong></span> <span class='ocrx_word' id='word_1_551' title='bbox 2884 3283 2987 3321; x_wconf 89' lang='lat' dir='ltr'><strong>non</strong></span> <span class='ocrx_word' id='word_1_552' title='bbox 3021 3265 3359 3321; x_wconf 79' lang='lat' dir='ltr'><strong>crediderunt</strong></span> <span class='ocrx_word' id='word_1_553' title='bbox 3377 3267 3404 3319; x_wconf 81' lang='lat'><strong>.’</strong></span> <span class='ocrx_word' id='word_1_554' title='bbox 3429 3263 3564 3320; x_wconf 85' lang='lat' dir='ltr'><strong>[llud</strong></span> <span class='ocrx_word' id='word_1_555' title='bbox 3595 3266 3744 3335; x_wconf 85' lang='lat' dir='ltr'><strong>quod</strong></span> 
     </span>
    </p>
   </div>
   <div class='ocr_carea' id='block_1_55' title="bbox 453 3344 3746 3432">
    <p class='ocr_par' dir='ltr' id='par_1_55' title="bbox 453 3344 3746 3432">
     <span class='ocr_line' id='line_1_55' title="bbox 453 3344 3746 3432; baseline -0.003 -10"><span class='ocrx_word' id='word_1_556' title='bbox 453 3367 584 3423; x_wconf 89' lang='lat' dir='ltr'><strong>lum.</strong></span> <span class='ocrx_word' id='word_1_557' title='bbox 633 3365 979 3422; x_wconf 80' lang='lat' dir='ltr'><strong>Manifestum</strong></span> <span class='ocrx_word' id='word_1_558' title='bbox 1021 3373 1105 3420; x_wconf 89' lang='lat' dir='ltr'><strong>est</strong></span> <span class='ocrx_word' id='word_1_559' title='bbox 1144 3364 1213 3419; x_wconf 88' lang='lat' dir='ltr'><strong>ad</strong></span> <span class='ocrx_word' id='word_1_560' title='bbox 1243 3378 1434 3418; x_wconf 89' lang='lat' dir='ltr'><strong>omnes</strong></span> <span class='ocrx_word' id='word_1_561' title='bbox 1474 3363 1580 3418; x_wconf 91' lang='lat' dir='ltr'><strong>hoc</strong></span> <span class='ocrx_word' id='word_1_562' title='bbox 1625 3362 1897 3432; x_wconf 86' lang='lat' dir='ltr'><strong>pertinere</strong></span> <span class='ocrx_word' id='word_1_563' title='bbox 1925 3362 2040 3418; x_wconf 87' lang='lat' dir='ltr'><strong>sive</strong></span> <span class='ocrx_word' id='word_1_564' title='bbox 2140 3344 2394 3424; x_wconf 54' lang='lat' dir='ltr'><strong>Superius</strong></span> <span class='ocrx_word' id='word_1_565' title='bbox 2418 3356 2598 3426; x_wconf 83' lang='lat' dir='ltr'><strong>posuit</strong></span> <span class='ocrx_word' id='word_1_566' title='bbox 2626 3355 2694 3411; x_wconf 86' lang='lat' dir='ltr'><strong>de</strong></span> <span class='ocrx_word' id='word_1_567' title='bbox 2718 3356 2980 3429; x_wconf 84' lang='lat' dir='ltr'><strong>propheta</strong></span> <span class='ocrx_word' id='word_1_568' title='bbox 3007 3355 3234 3423; x_wconf 87' lang='lat' dir='ltr'><strong>dictum,</strong></span> <span class='ocrx_word' id='word_1_569' title='bbox 3266 3357 3393 3429; x_wconf 86' lang='lat' dir='ltr'><strong>quia</strong></span> <span class='ocrx_word' id='word_1_570' title='bbox 3419 3358 3596 3411; x_wconf 79' lang='lat' dir='ltr'><strong>omnis</strong></span> <span class='ocrx_word' id='word_1_571' title='bbox 3619 3358 3746 3427; x_wconf 76' lang='lat' dir='ltr'><strong>qui-</strong></span> 
     </span>
    </p>
   </div>
   <div class='ocr_carea' id='block_1_56' title="bbox 455 3447 3740 3524">
    <p class='ocr_par' dir='ltr' id='par_1_56' title="bbox 455 3447 3740 3524">
     <span class='ocr_line' id='line_1_56' title="bbox 455 3447 3740 3524; baseline -0.003 -11"><span class='ocrx_word' id='word_1_572' title='bbox 455 3457 670 3513; x_wconf 70' lang='lat' dir='ltr'><strong>Judteos</strong></span> <span class='ocrx_word' id='word_1_573' title='bbox 698 3457 814 3511; x_wconf 86' lang='lat' dir='ltr'><strong>sive</strong></span> <span class='ocrx_word' id='word_1_574' title='bbox 842 3456 1092 3521; x_wconf 83' lang='lat' dir='ltr'><strong>Graecos,</strong></span> <span class='ocrx_word' id='word_1_575' title='bbox 1129 3455 1253 3524; x_wconf 90' lang='lat' dir='ltr'><strong>quia</strong></span> <span class='ocrx_word' id='word_1_576' title='bbox 1295 3454 1411 3509; x_wconf 90' lang='lat' dir='ltr'><strong>sine</strong></span> <span class='ocrx_word' id='word_1_577' title='bbox 1445 3452 1784 3509; x_wconf 83' lang='lat' dir='ltr'><strong>invocatione</strong></span> <span class='ocrx_word' id='word_1_578' title='bbox 1826 3452 2039 3508; x_wconf 89' lang='lat' dir='ltr'><strong>Domini</strong></span> <span class='ocrx_word' id='word_1_579' title='bbox 2141 3463 2345 3519; x_wconf 80' lang='lat' dir='ltr'><strong>cunque</strong></span> <span class='ocrx_word' id='word_1_580' title='bbox 2385 3447 2700 3503; x_wconf 76' lang='lat' dir='ltr'><strong>invocaverit</strong></span> <span class='ocrx_word' id='word_1_581' title='bbox 2757 3464 2945 3503; x_wconf 82' lang='lat' dir='ltr'><strong>nomen</strong></span> <span class='ocrx_word' id='word_1_582' title='bbox 2990 3447 3203 3503; x_wconf 84' lang='lat' dir='ltr'><strong>Domini</strong></span> <span class='ocrx_word' id='word_1_583' title='bbox 3251 3447 3433 3504; x_wconf 78' lang='lat' dir='ltr'><strong>salvus</strong></span> <span class='ocrx_word' id='word_1_584' title='bbox 3483 3448 3586 3502; x_wconf 82' lang='lat' dir='ltr'><strong>erit</strong></span> <span class='ocrx_word' id='word_1_585' title='bbox 3610 3488 3628 3511; x_wconf 88' lang='lat'><strong>,</strong></span> <span class='ocrx_word' id='word_1_586' title='bbox 3669 3448 3740 3503; x_wconf 83' lang='lat' dir='ltr'><strong>ad</strong></span> 
     </span>
    </p>
   </div>
   <div class='ocr_carea' id='block_1_57' title="bbox 454 3535 3738 3619">
    <p class='ocr_par' dir='ltr' id='par_1_57' title="bbox 454 3535 3738 3619">
     <span class='ocr_line' id='line_1_57' title="bbox 454 3535 3738 3619; baseline -0.004 -14"><span class='ocrx_word' id='word_1_587' title='bbox 454 3549 652 3607; x_wconf 86' lang='lat' dir='ltr'><strong>Christi</strong></span> <span class='ocrx_word' id='word_1_588' title='bbox 683 3563 841 3603; x_wconf 87' lang='lat' dir='ltr'><strong>nemo</strong></span> <span class='ocrx_word' id='word_1_589' title='bbox 867 3547 998 3602; x_wconf 87' lang='lat' dir='ltr'><strong>vivit</strong></span> <span class='ocrx_word' id='word_1_590' title='bbox 1026 3546 1167 3619; x_wconf 89' lang='lat' dir='ltr'><strong>apud</strong></span> <span class='ocrx_word' id='word_1_591' title='bbox 1209 3546 1397 3601; x_wconf 90' lang='lat' dir='ltr'><strong>Deum.</strong></span> <span class='ocrx_word' id='word_1_592' title='bbox 1439 3542 1654 3617; x_wconf 69' lang='grc' dir='ltr'><strong>(Θήῃ.)</strong></span> <span class='ocrx_word' id='word_1_593' title='bbox 1682 3542 1834 3610; x_wconf 86' lang='lat' dir='ltr'><strong>Quod</strong></span> <span class='ocrx_word' id='word_1_594' title='bbox 1859 3551 2039 3598; x_wconf 90' lang='lat' dir='ltr'><strong>autem</strong></span> <span class='ocrx_word' id='word_1_595' title='bbox 2140 3535 2415 3593; x_wconf 87' lang='lat' dir='ltr'><strong>Christum</strong></span> <span class='ocrx_word' id='word_1_596' title='bbox 2469 3537 2757 3594; x_wconf 91' lang='lat' dir='ltr'><strong>Dominum</strong></span> <span class='ocrx_word' id='word_1_597' title='bbox 2804 3536 2986 3593; x_wconf 89' lang='lat' dir='ltr'><strong>docuit</strong></span> <span class='ocrx_word' id='word_1_598' title='bbox 3030 3536 3395 3593; x_wconf 85' lang='lat' dir='ltr'><strong>referendum.</strong></span> <span class='ocrx_word' id='word_1_599' title='bbox 3435 3537 3738 3608; x_wconf 85' lang='lat' dir='ltr'><strong>Postquam</strong></span> 
     </span>
    </p>
   </div>
   <div class='ocr_carea' id='block_1_58' title="bbox 455 3628 3752 3707">
    <p class='ocr_par' dir='ltr' id='par_1_58' title="bbox 455 3628 3752 3707">
     <span class='ocr_line' id='line_1_58' title="bbox 455 3628 3752 3707; baseline -0.004 -10"><span class='ocrx_word' id='word_1_600' title='bbox 455 3640 598 3697; x_wconf 87' lang='lat' dir='ltr'><strong>idem</strong></span> <span class='ocrx_word' id='word_1_601' title='bbox 628 3640 700 3695; x_wconf 90' lang='lat' dir='ltr'><strong>sit</strong></span> <span class='ocrx_word' id='word_1_602' title='bbox 724 3639 982 3695; x_wconf 90' lang='lat' dir='ltr'><strong>Dominus</strong></span> <span class='ocrx_word' id='word_1_603' title='bbox 1004 3637 1268 3704; x_wconf 88' lang='lat' dir='ltr'><strong>omnium,</strong></span> <span class='ocrx_word' id='word_1_604' title='bbox 1299 3634 1374 3693; x_wconf 88' lang='lat' dir='ltr'><strong>ita</strong></span> <span class='ocrx_word' id='word_1_605' title='bbox 1402 3634 1777 3707; x_wconf 89' lang='lat' dir='ltr'><strong>accipiendum</strong></span> <span class='ocrx_word' id='word_1_606' title='bbox 1812 3644 1916 3702; x_wconf 88' lang='lat' dir='ltr'><strong>est,</strong></span> <span class='ocrx_word' id='word_1_607' title='bbox 1937 3635 2043 3691; x_wconf 91' lang='lat' dir='ltr'><strong>hoc</strong></span> <span class='ocrx_word' id='word_1_608' title='bbox 2141 3628 2287 3685; x_wconf 88' lang='lat' dir='ltr'><strong>enim</strong></span> <span class='ocrx_word' id='word_1_609' title='bbox 2317 3628 2455 3685; x_wconf 91' lang='lat' dir='ltr'><strong>dixit</strong></span> <span class='ocrx_word' id='word_1_610' title='bbox 2486 3647 2499 3683; x_wconf 90' lang='lat'><strong>:</strong></span> <span class='ocrx_word' id='word_1_611' title='bbox 2527 3628 2713 3685; x_wconf 86' lang='lat' dir='ltr'><strong>Omnis</strong></span> <span class='ocrx_word' id='word_1_612' title='bbox 2735 3629 3030 3702; x_wconf 84' lang='lat' dir='ltr'><strong>quicunque</strong></span> <span class='ocrx_word' id='word_1_613' title='bbox 3054 3630 3374 3685; x_wconf 72' lang='lat' dir='ltr'><strong>invocaveris</strong></span> <span class='ocrx_word' id='word_1_614' title='bbox 3402 3646 3599 3684; x_wconf 81' lang='lat' dir='ltr'><strong>nomen</strong></span> <span class='ocrx_word' id='word_1_615' title='bbox 3636 3629 3752 3685; x_wconf 81' lang='lat' dir='ltr'><strong>Do-</strong></span> 
     </span>
    </p>
   </div>
   <div class='ocr_carea' id='block_1_59' title="bbox 462 3716 3741 3800">
    <p class='ocr_par' dir='ltr' id='par_1_59' title="bbox 462 3716 3741 3800">
     <span class='ocr_line' id='line_1_59' title="bbox 462 3716 3741 3800; baseline -0.004 -11"><span class='ocrx_word' id='word_1_616' title='bbox 462 3740 568 3798; x_wconf 84' lang='lat' dir='ltr'><strong>est,</strong></span> <span class='ocrx_word' id='word_1_617' title='bbox 595 3732 641 3788; x_wconf 88' lang='lat' dir='ltr'><strong>si</strong></span> <span class='ocrx_word' id='word_1_618' title='bbox 668 3730 878 3800; x_wconf 90' lang='lat' dir='ltr'><strong>justitia</strong></span> <span class='ocrx_word' id='word_1_619' title='bbox 903 3730 1058 3785; x_wconf 89' lang='lat' dir='ltr'><strong>nobis</strong></span> <span class='ocrx_word' id='word_1_620' title='bbox 1095 3736 1150 3785; x_wconf 90' lang='lat' dir='ltr'><strong>et</strong></span> <span class='ocrx_word' id='word_1_621' title='bbox 1178 3728 1378 3784; x_wconf 86' lang='lat' dir='ltr'><strong>veritas</strong></span> <span class='ocrx_word' id='word_1_622' title='bbox 1410 3734 1467 3783; x_wconf 90' lang='lat' dir='ltr'><strong>et</strong></span> <span class='ocrx_word' id='word_1_623' title='bbox 1494 3726 1790 3798; x_wconf 86' lang='lat' dir='ltr'><strong>sapientia,</strong></span> <span class='ocrx_word' id='word_1_624' title='bbox 1830 3734 1885 3783; x_wconf 92' lang='lat' dir='ltr'><strong>et</strong></span> <span class='ocrx_word' id='word_1_625' title='bbox 1917 3741 2043 3783; x_wconf 88' lang='lat' dir='ltr'><strong>san-</strong></span> <span class='ocrx_word' id='word_1_626' title='bbox 2140 3717 2290 3784; x_wconf 72' lang='grc' dir='ltr'><strong>ηιὶηί,</strong></span> <span class='ocrx_word' id='word_1_627' title='bbox 2333 3716 2509 3772; x_wconf 61' lang='lat' dir='ltr'><strong>salvus</strong></span> <span class='ocrx_word' id='word_1_628' title='bbox 2538 3719 2660 3787; x_wconf 76' lang='lat' dir='ltr'><strong>erit,</strong></span> <span class='ocrx_word' id='word_1_629' title='bbox 2700 3716 3009 3790; x_wconf 76' lang='lat' dir='ltr'><strong>subiungit:</strong></span> <span class='ocrx_word' id='word_1_630' title='bbox 3045 3717 3320 3785; x_wconf 80' lang='lat' dir='ltr'><strong>Quomodo</strong></span> <span class='ocrx_word' id='word_1_631' title='bbox 3362 3737 3486 3791; x_wconf 84' lang='lat' dir='ltr'><strong>ergo</strong></span> <span class='ocrx_word' id='word_1_632' title='bbox 3516 3721 3741 3775; x_wconf 76' lang='lat' dir='ltr'><strong>inma-</strong></span> 
     </span>
    </p>
   </div>
   <div class='ocr_carea' id='block_1_60' title="bbox 457 3802 3740 3895">
    <p class='ocr_par' dir='ltr' id='par_1_60' title="bbox 457 3802 3740 3895">
     <span class='ocr_line' id='line_1_60' title="bbox 457 3802 3740 3895; baseline -0.001 -25"><span class='ocrx_word' id='word_1_633' title='bbox 457 3824 739 3890; x_wconf 64' lang='lat' dir='ltr'><strong>cljﬁcatio,</strong></span> <span class='ocrx_word' id='word_1_634' title='bbox 765 3823 908 3895; x_wconf 78' lang='lat' dir='ltr'><strong>quod</strong></span> <span class='ocrx_word' id='word_1_635' title='bbox 930 3831 1101 3878; x_wconf 67' lang='lat' dir='ltr'><strong>totum</strong></span> <span class='ocrx_word' id='word_1_636' title='bbox 1123 3828 1204 3877; x_wconf 73' lang='lat' dir='ltr'><strong>est</strong></span> <span class='ocrx_word' id='word_1_637' title='bbox 1217 3819 1467 3876; x_wconf 64' lang='lat' dir='ltr'><strong>Christus</strong></span> <span class='ocrx_word' id='word_1_638' title='bbox 1488 3819 1768 3886; x_wconf 60' lang='lat' dir='ltr'><strong>Dominus,</strong></span> <span class='ocrx_word' id='word_1_639' title='bbox 1792 3818 2040 3875; x_wconf 77' lang='lat' dir='ltr'><strong>domine-</strong></span> <span class='ocrx_word' id='word_1_640' title='bbox 2141 3802 2292 3875; x_wconf 81' lang='lat' dir='ltr'><strong>bunt,</strong></span> <span class='ocrx_word' id='word_1_641' title='bbox 2334 3806 2389 3862; x_wconf 85' lang='lat' dir='ltr'><strong>in</strong></span> <span class='ocrx_word' id='word_1_642' title='bbox 2417 3824 2571 3878; x_wconf 89' lang='lat' dir='ltr'><strong>quem</strong></span> <span class='ocrx_word' id='word_1_643' title='bbox 2603 3825 2709 3864; x_wconf 86' lang='lat' dir='ltr'><strong>non</strong></span> <span class='ocrx_word' id='word_1_644' title='bbox 2737 3808 3107 3865; x_wconf 77' lang='lat' dir='ltr'><strong>crediderunt?</strong></span> <span class='ocrx_word' id='word_1_645' title='bbox 3132 3808 3349 3866; x_wconf 88' lang='lat' dir='ltr'><strong>Christo</strong></span> <span class='ocrx_word' id='word_1_646' title='bbox 3370 3810 3517 3866; x_wconf 90' lang='lat' dir='ltr'><strong>enim</strong></span> <span class='ocrx_word' id='word_1_647' title='bbox 3560 3808 3740 3866; x_wconf 60' lang='lat' dir='ltr'><strong>1068i</strong></span> 
     </span>
    </p>
   </div>
   <div class='ocr_carea' id='block_1_61' title="bbox 458 3897 3740 3983">
    <p class='ocr_par' dir='ltr' id='par_1_61' title="bbox 458 3897 3740 3983">
     <span class='ocr_line' id='line_1_61' title="bbox 458 3897 3740 3983; baseline -0.005 -12"><span class='ocrx_word' id='word_1_648' title='bbox 458 3924 578 3983; x_wconf 90' lang='lat' dir='ltr'><strong>tur;</strong></span> <span class='ocrx_word' id='word_1_649' title='bbox 611 3917 727 3971; x_wconf 68' lang='lat' dir='ltr'><strong>haec</strong></span> <span class='ocrx_word' id='word_1_650' title='bbox 750 3914 894 3970; x_wconf 89' lang='lat' dir='ltr'><strong>enim</strong></span> <span class='ocrx_word' id='word_1_651' title='bbox 923 3920 1049 3968; x_wconf 91' lang='lat' dir='ltr'><strong>sunt</strong></span> <span class='ocrx_word' id='word_1_652' title='bbox 1073 3911 1298 3978; x_wconf 76' lang='lat' dir='ltr'><strong>divitiae,</strong></span> <span class='ocrx_word' id='word_1_653' title='bbox 1327 3920 1388 3967; x_wconf 88' lang='lat' dir='ltr'><strong>ut</strong></span> <span class='ocrx_word' id='word_1_654' title='bbox 1416 3918 1542 3981; x_wconf 89' lang='lat' dir='ltr'><strong>pote</strong></span> <span class='ocrx_word' id='word_1_655' title='bbox 1573 3909 1630 3965; x_wconf 85' lang='lat' dir='ltr'><strong>in</strong></span> <span class='ocrx_word' id='word_1_656' title='bbox 1667 3926 1771 3981; x_wconf 88' lang='lat' dir='ltr'><strong>quo</strong></span> <span class='ocrx_word' id='word_1_657' title='bbox 1810 3907 2043 3965; x_wconf 81' lang='lat' dir='ltr'><strong>thesauri</strong></span> <span class='ocrx_word' id='word_1_658' title='bbox 2141 3912 2251 3953; x_wconf 78' lang='lat' dir='ltr'><strong>non</strong></span> <span class='ocrx_word' id='word_1_659' title='bbox 2276 3898 2644 3955; x_wconf 80' lang='lat' dir='ltr'><strong>crediderunt.</strong></span> <span class='ocrx_word' id='word_1_660' title='bbox 2674 3897 2782 3955; x_wconf 88' lang='lat' dir='ltr'><strong>Sed</strong></span> <span class='ocrx_word' id='word_1_661' title='bbox 2810 3910 2866 3955; x_wconf 89' lang='lat' dir='ltr'><strong>et</strong></span> <span class='ocrx_word' id='word_1_662' title='bbox 2901 3899 2956 3955; x_wconf 89' lang='lat' dir='ltr'><strong>in</strong></span> <span class='ocrx_word' id='word_1_663' title='bbox 2987 3899 3254 3971; x_wconf 87' lang='lat' dir='ltr'><strong>principio</strong></span> <span class='ocrx_word' id='word_1_664' title='bbox 3286 3899 3554 3972; x_wconf 80' lang='lat' dir='ltr'><strong>epistolae,</strong></span> <span class='ocrx_word' id='word_1_665' title='bbox 3575 3915 3740 3970; x_wconf 81' lang='lat' dir='ltr'><strong>quam</strong></span> 
     </span>
    </p>
   </div>
   <div class='ocr_carea' id='block_1_62' title="bbox 456 3988 3743 4078">
    <p class='ocr_par' dir='ltr' id='par_1_62' title="bbox 456 3988 3743 4078">
     <span class='ocr_line' id='line_1_62' title="bbox 456 3988 3743 4078; baseline -0.004 -16"><span class='ocrx_word' id='word_1_666' title='bbox 456 4008 727 4078; x_wconf 69' lang='lat' dir='ltr'><strong>sapientiae</strong></span> <span class='ocrx_word' id='word_1_667' title='bbox 782 4014 832 4059; x_wconf 87' lang='lat' dir='ltr'><strong>et</strong></span> <span class='ocrx_word' id='word_1_668' title='bbox 880 4004 1112 4058; x_wconf 76' lang='lat' dir='ltr'><strong>scientia:</strong></span> <span class='ocrx_word' id='word_1_669' title='bbox 1150 4011 1272 4057; x_wconf 87' lang='lat' dir='ltr'><strong>sunt</strong></span> <span class='ocrx_word' id='word_1_670' title='bbox 1324 3999 1618 4055; x_wconf 81' lang='lat' dir='ltr'><strong>absconditi</strong></span> <span class='ocrx_word' id='word_1_671' title='bbox 1649 3996 1886 4071; x_wconf 86' lang='lat' dir='ltr'><strong>(Coloss.</strong></span> <span class='ocrx_word' id='word_1_672' title='bbox 1919 3998 1993 4071; x_wconf 85' lang='lat' dir='ltr'><strong>ll)</strong></span> <span class='ocrx_word' id='word_1_673' title='bbox 2020 4016 2037 4067; x_wconf 86' lang='lat'><strong>;</strong></span> <span class='ocrx_word' id='word_1_674' title='bbox 2141 3988 2436 4047; x_wconf 88' lang='lat' dir='ltr'><strong>Corinthiis</strong></span> <span class='ocrx_word' id='word_1_675' title='bbox 2464 3991 2685 4057; x_wconf 88' lang='lat' dir='ltr'><strong>scribit,</strong></span> <span class='ocrx_word' id='word_1_676' title='bbox 2711 3992 2803 4047; x_wconf 92' lang='lat' dir='ltr'><strong>ubi</strong></span> <span class='ocrx_word' id='word_1_677' title='bbox 2834 3991 2967 4048; x_wconf 89' lang='lat' dir='ltr'><strong>dicit</strong></span> <span class='ocrx_word' id='word_1_678' title='bbox 2999 4006 3014 4046; x_wconf 90' lang='lat'><strong>:</strong></span> <span class='ocrx_word' id='word_1_679' title='bbox 3050 3989 3183 4047; x_wconf 81' lang='lat' dir='ltr'><strong>Cum</strong></span> <span class='ocrx_word' id='word_1_680' title='bbox 3206 3993 3451 4047; x_wconf 80' lang='lat' dir='ltr'><strong>omnibus</strong></span> <span class='ocrx_word' id='word_1_681' title='bbox 3474 3995 3567 4064; x_wconf 77' lang='lat' dir='ltr'><strong>qui</strong></span> <span class='ocrx_word' id='word_1_682' title='bbox 3599 3995 3743 4050; x_wconf 75' lang='lat' dir='ltr'><strong>inro-</strong></span> 
     </span>
    </p>
   </div>
   <div class='ocr_carea' id='block_1_63' title="bbox 459 4082 3739 4168">
    <p class='ocr_par' dir='ltr' id='par_1_63' title="bbox 459 4082 3739 4168">
     <span class='ocr_line' id='line_1_63' title="bbox 459 4082 3739 4168; baseline -0.004 -16"><span class='ocrx_word' id='word_1_683' title='bbox 459 4113 596 4168; x_wconf 87' lang='lat' dir='ltr'><strong>quas</strong></span> <span class='ocrx_word' id='word_1_684' title='bbox 637 4106 818 4151; x_wconf 87' lang='lat' dir='ltr'><strong>tamen</strong></span> <span class='ocrx_word' id='word_1_685' title='bbox 846 4094 1062 4151; x_wconf 85' lang='lat' dir='ltr'><strong>divitias</strong></span> <span class='ocrx_word' id='word_1_686' title='bbox 1100 4108 1206 4148; x_wconf 90' lang='lat' dir='ltr'><strong>non</strong></span> <span class='ocrx_word' id='word_1_687' title='bbox 1245 4091 1382 4148; x_wconf 81' lang='lat' dir='ltr'><strong>dixit</strong></span> <span class='ocrx_word' id='word_1_688' title='bbox 1425 4090 1613 4162; x_wconf 88' lang='lat' dir='ltr'><strong>largiri</strong></span> <span class='ocrx_word' id='word_1_689' title='bbox 1638 4105 1763 4147; x_wconf 90' lang='lat' dir='ltr'><strong>eum</strong></span> <span class='ocrx_word' id='word_1_690' title='bbox 1791 4090 2043 4146; x_wconf 86' lang='lat' dir='ltr'><strong>omnibus</strong></span> <span class='ocrx_word' id='word_1_691' title='bbox 2141 4091 2264 4137; x_wconf 75' lang='lat' dir='ltr'><strong>cant</strong></span> <span class='ocrx_word' id='word_1_692' title='bbox 2297 4099 2485 4138; x_wconf 82' lang='lat' dir='ltr'><strong>nomen</strong></span> <span class='ocrx_word' id='word_1_693' title='bbox 2521 4082 2736 4139; x_wconf 82' lang='lat' dir='ltr'><strong>Domini</strong></span> <span class='ocrx_word' id='word_1_694' title='bbox 2780 4082 2955 4138; x_wconf 81' lang='lat' dir='ltr'><strong>nostri</strong></span> <span class='ocrx_word' id='word_1_695' title='bbox 2982 4082 3107 4138; x_wconf 74' lang='lat' dir='ltr'><strong>Iesu</strong></span> <span class='ocrx_word' id='word_1_696' title='bbox 3137 4083 3334 4139; x_wconf 78' lang='lat' dir='ltr'><strong>Christi</strong></span> <span class='ocrx_word' id='word_1_697' title='bbox 3356 4086 3412 4139; x_wconf 88' lang='lat' dir='ltr'><strong>in</strong></span> <span class='ocrx_word' id='word_1_698' title='bbox 3441 4086 3590 4141; x_wconf 78' lang='lat' dir='ltr'><strong>omni</strong></span> <span class='ocrx_word' id='word_1_699' title='bbox 3626 4086 3739 4141; x_wconf 77' lang='lat' dir='ltr'><strong>ioco</strong></span> 
     </span>
    </p>
   </div>
   <div class='ocr_carea' id='block_1_64' title="bbox 461 4172 3742 4256">
    <p class='ocr_par' dir='ltr' id='par_1_64' title="bbox 461 4172 3742 4256">
     <span class='ocr_line' id='line_1_64' title="bbox 461 4172 3742 4256; baseline -0.004 -11"><span class='ocrx_word' id='word_1_700' title='bbox 461 4189 770 4246; x_wconf 83' lang='lat' dir='ltr'><strong>hominibus</strong></span> <span class='ocrx_word' id='word_1_701' title='bbox 795 4228 811 4254; x_wconf 93' lang='lat'><strong>,</strong></span> <span class='ocrx_word' id='word_1_702' title='bbox 864 4187 957 4243; x_wconf 86' lang='lat' dir='ltr'><strong>sed</strong></span> <span class='ocrx_word' id='word_1_703' title='bbox 1008 4186 1259 4241; x_wconf 88' lang='lat' dir='ltr'><strong>omnibus</strong></span> <span class='ocrx_word' id='word_1_704' title='bbox 1319 4185 1626 4256; x_wconf 90' lang='lat' dir='ltr'><strong>quicunque</strong></span> <span class='ocrx_word' id='word_1_705' title='bbox 1671 4183 2044 4240; x_wconf 87' lang='lat' dir='ltr'><strong>invocaverint</strong></span> <span class='ocrx_word' id='word_1_706' title='bbox 2143 4173 2376 4243; x_wconf 71' lang='grc' dir='ltr'><strong>ἕρδοηιηι</strong></span> <span class='ocrx_word' id='word_1_707' title='bbox 2410 4183 2459 4229; x_wconf 72' lang='grc' dir='ltr'><strong>ϐε</strong></span> <span class='ocrx_word' id='word_1_708' title='bbox 2488 4184 2691 4243; x_wconf 75' lang='lat' dir='ltr'><strong>nostra,</strong></span> <span class='ocrx_word' id='word_1_709' title='bbox 2727 4189 2853 4231; x_wconf 89' lang='lat' dir='ltr'><strong>eum</strong></span> <span class='ocrx_word' id='word_1_710' title='bbox 2879 4172 3036 4244; x_wconf 87' lang='lat' dir='ltr'><strong>cujus</strong></span> <span class='ocrx_word' id='word_1_711' title='bbox 3079 4190 3276 4231; x_wconf 90' lang='lat' dir='ltr'><strong>nomen</strong></span> <span class='ocrx_word' id='word_1_712' title='bbox 3304 4176 3597 4256; x_wconf 75' lang='lat' dir='ltr'><strong>invocatur</strong></span> <span class='ocrx_word' id='word_1_713' title='bbox 3634 4177 3742 4233; x_wconf 83' lang='lat' dir='ltr'><strong>Do-</strong></span> 
     </span>
    </p>
   </div>
   <div class='ocr_carea' id='block_1_65' title="bbox 462 4252 3745 4352">
    <p class='ocr_par' dir='ltr' id='par_1_65' title="bbox 462 4252 3745 4352">
     <span class='ocr_line' id='line_1_65' title="bbox 462 4252 3745 4352; baseline -0.004 -15"><span class='ocrx_word' id='word_1_714' title='bbox 462 4297 656 4337; x_wconf 91' lang='lat' dir='ltr'><strong>nomen</strong></span> <span class='ocrx_word' id='word_1_715' title='bbox 693 4252 829 4349; x_wconf 83' lang='lat' dir='ltr'><strong>ejus.</strong></span> <span class='ocrx_word' id='word_1_716' title='bbox 863 4278 1060 4352; x_wconf 82' lang='lat' dir='ltr'><strong>(Amb.</strong></span> <span class='ocrx_word' id='word_1_717' title='bbox 1087 4277 1106 4349; x_wconf 98' lang='lat'>)</span> <span class='ocrx_word' id='word_1_718' title='bbox 1136 4277 1271 4333; x_wconf 90' lang='lat' dir='ltr'><strong>Cum</strong></span> <span class='ocrx_word' id='word_1_719' title='bbox 1316 4252 1447 4348; x_wconf 81' lang='lat' dir='ltr'><strong>ergo</strong></span> <span class='ocrx_word' id='word_1_720' title='bbox 1489 4252 1731 4331; x_wconf 79' lang='lat' dir='ltr'><strong>omnium</strong></span> <span class='ocrx_word' id='word_1_721' title='bbox 1781 4274 2043 4331; x_wconf 87' lang='lat' dir='ltr'><strong>Dominus</strong></span> <span class='ocrx_word' id='word_1_722' title='bbox 2141 4265 2351 4321; x_wconf 80' lang='lat' dir='ltr'><strong>minum</strong></span> <span class='ocrx_word' id='word_1_723' title='bbox 2381 4263 2566 4322; x_wconf 72' lang='lat' dir='ltr'><strong>«Iesum</strong></span> <span class='ocrx_word' id='word_1_724' title='bbox 2594 4265 2869 4322; x_wconf 83' lang='lat' dir='ltr'><strong>Christum</strong></span> <span class='ocrx_word' id='word_1_725' title='bbox 2902 4280 3025 4321; x_wconf 86' lang='lat' dir='ltr'><strong>esse</strong></span> <span class='ocrx_word' id='word_1_726' title='bbox 3053 4266 3399 4337; x_wconf 87' lang='lat' dir='ltr'><strong>pronuntiat.</strong></span> <span class='ocrx_word' id='word_1_727' title='bbox 3441 4252 3507 4322; x_wconf 82' lang='lat' dir='ltr'><strong>Si</strong></span> <span class='ocrx_word' id='word_1_728' title='bbox 3534 4282 3668 4339; x_wconf 87' lang='lat' dir='ltr'><strong>ergo</strong></span> <span class='ocrx_word' id='word_1_729' title='bbox 3688 4276 3745 4325; x_wconf 86' lang='lat' dir='ltr'><strong>et</strong></span> 
     </span>
    </p>
   </div>
   <div class='ocr_carea' id='block_1_66' title="bbox 461 4355 3741 4456">
    <p class='ocr_par' dir='ltr' id='par_1_66' title="bbox 461 4355 3741 4456">
     <span class='ocr_line' id='line_1_66' title="bbox 461 4355 3741 4456; baseline -0.006 -29"><span class='ocrx_word' id='word_1_730' title='bbox 461 4372 534 4427; x_wconf 90' lang='lat' dir='ltr'><strong>sit</strong></span> <span class='ocrx_word' id='word_1_731' title='bbox 561 4369 935 4427; x_wconf 89' lang='lat' dir='ltr'><strong>consentiente</strong></span> <span class='ocrx_word' id='word_1_732' title='bbox 969 4368 1129 4425; x_wconf 89' lang='lat' dir='ltr'><strong>Petro</strong></span> <span class='ocrx_word' id='word_1_733' title='bbox 1155 4367 1398 4439; x_wconf 88' lang='lat' dir='ltr'><strong>apostolo</strong></span> <span class='ocrx_word' id='word_1_734' title='bbox 1432 4375 1487 4424; x_wconf 91' lang='lat' dir='ltr'><strong>et</strong></span> <span class='ocrx_word' id='word_1_735' title='bbox 1511 4367 1725 4423; x_wconf 87' lang='lat' dir='ltr'><strong>dicente</strong></span> <span class='ocrx_word' id='word_1_736' title='bbox 1752 4384 1768 4425; x_wconf 88' lang='lat'><strong>:</strong></span> <span class='ocrx_word' id='word_1_737' title='bbox 1798 4366 1902 4422; x_wconf 81' lang='lat' dir='ltr'><strong>Hic</strong></span> <span class='ocrx_word' id='word_1_738' title='bbox 1941 4376 2036 4432; x_wconf 84' lang='lat' dir='ltr'><strong>est,</strong></span> <span class='ocrx_word' id='word_1_739' title='bbox 2065 4394 2121 4456; x_wconf 68' lang='grc' dir='ltr'>Β</span> <span class='ocrx_word' id='word_1_740' title='bbox 2144 4356 2311 4456; x_wconf 45' lang='lat' dir='ltr'><strong>E0053</strong></span> <span class='ocrx_word' id='word_1_741' title='bbox 2357 4366 2414 4412; x_wconf 61' lang='lat' dir='ltr'><strong>ei</strong></span> <span class='ocrx_word' id='word_1_742' title='bbox 2438 4356 2669 4456; x_wconf 63' lang='lat' dir='ltr'><strong>MOY§CS.</strong></span> <span class='ocrx_word' id='word_1_743' title='bbox 2708 4364 2764 4412; x_wconf 81' lang='lat' dir='ltr'><strong>et</strong></span> <span class='ocrx_word' id='word_1_744' title='bbox 2785 4358 2988 4456; x_wconf 72' lang='lat' dir='ltr'><strong>Aaron,</strong></span> <span class='ocrx_word' id='word_1_745' title='bbox 3011 4365 3067 4412; x_wconf 89' lang='lat' dir='ltr'><strong>et</strong></span> <span class='ocrx_word' id='word_1_746' title='bbox 3103 4355 3321 4456; x_wconf 78' lang='lat' dir='ltr'><strong>Samuel</strong></span> <span class='ocrx_word' id='word_1_747' title='bbox 3358 4374 3379 4407; x_wconf 73' lang='grc' dir='ltr'>ι</span> <span class='ocrx_word' id='word_1_748' title='bbox 3409 4356 3741 4456; x_wconf 57' lang='lat' dir='ltr'><strong>invocabant</strong></span> 
     </span>
    </p>
   </div>
   <div class='ocr_carea' id='block_1_67' title="bbox 468 4459 2040 4533">
    <p class='ocr_par' dir='ltr' id='par_1_67' title="bbox 468 4459 2040 4533">
     <span class='ocr_line' id='line_1_67' title="bbox 468 4459 2040 4533; baseline -0.001 -16"><span class='ocrx_word' id='word_1_749' title='bbox 468 4462 681 4533; x_wconf 87' lang='lat' dir='ltr'><strong>inquit,</strong></span> <span class='ocrx_word' id='word_1_750' title='bbox 733 4462 966 4515; x_wconf 88' lang='lat' dir='ltr'><strong>omnium</strong></span> <span class='ocrx_word' id='word_1_751' title='bbox 1016 4459 1300 4525; x_wconf 85' lang='lat' dir='ltr'><strong>Dominus,</strong></span> <span class='ocrx_word' id='word_1_752' title='bbox 1343 4459 1494 4514; x_wconf 89' lang='lat' dir='ltr'><strong>dives</strong></span> <span class='ocrx_word' id='word_1_753' title='bbox 1537 4471 1717 4515; x_wconf 89' lang='lat' dir='ltr'><strong>tamen</strong></span> <span class='ocrx_word' id='word_1_754' title='bbox 1771 4475 1878 4515; x_wconf 90' lang='lat' dir='ltr'><strong>non</strong></span> <span class='ocrx_word' id='word_1_755' title='bbox 1922 4468 2040 4527; x_wconf 85' lang='lat' dir='ltr'><strong>est,</strong></span> 
     </span>
    </p>
   </div>
   <div class='ocr_carea' id='block_1_68' title="bbox 467 4549 2046 4622">
    <p class='ocr_par' dir='ltr' id='par_1_68' title="bbox 467 4549 2046 4622">
     <span class='ocr_line' id='line_1_68' title="bbox 467 4549 2046 4622; baseline -0.001 -13"><span class='ocrx_word' id='word_1_756' title='bbox 467 4554 572 4609; x_wconf 89' lang='lat' dir='ltr'><strong>nisi</strong></span> <span class='ocrx_word' id='word_1_757' title='bbox 612 4553 668 4606; x_wconf 91' lang='lat' dir='ltr'><strong>in</strong></span> <span class='ocrx_word' id='word_1_758' title='bbox 709 4552 796 4608; x_wconf 89' lang='lat' dir='ltr'><strong>his</strong></span> <span class='ocrx_word' id='word_1_759' title='bbox 826 4550 916 4621; x_wconf 89' lang='lat' dir='ltr'><strong>qui</strong></span> <span class='ocrx_word' id='word_1_760' title='bbox 963 4549 1216 4606; x_wconf 86' lang='lat' dir='ltr'><strong>invocant</strong></span> <span class='ocrx_word' id='word_1_761' title='bbox 1258 4549 1431 4616; x_wconf 91' lang='lat' dir='ltr'><strong>illum,</strong></span> <span class='ocrx_word' id='word_1_762' title='bbox 1459 4550 1585 4620; x_wconf 90' lang='lat' dir='ltr'><strong>quia</strong></span> <span class='ocrx_word' id='word_1_763' title='bbox 1625 4550 1727 4620; x_wconf 92' lang='lat' dir='ltr'><strong>ipsi</strong></span> <span class='ocrx_word' id='word_1_764' title='bbox 1776 4551 2046 4622; x_wconf 86' lang='lat' dir='ltr'><strong>accipient</strong></span> 
     </span>
    </p>
   </div>
   <div class='ocr_carea' id='block_1_69' title="bbox 470 4639 2043 4712">
    <p class='ocr_par' dir='ltr' id='par_1_69' title="bbox 470 4639 2043 4712">
     <span class='ocr_line' id='line_1_69' title="bbox 470 4639 2043 4712; baseline -0.001 -13"><span class='ocrx_word' id='word_1_765' title='bbox 470 4641 980 4700; x_wconf 84' lang='lat' dir='ltr'><strong>remunerationem.</strong></span> <span class='ocrx_word' id='word_1_766' title='bbox 1028 4639 1258 4696; x_wconf 82' lang='lat' dir='ltr'><strong>Perﬁdis</strong></span> <span class='ocrx_word' id='word_1_767' title='bbox 1282 4654 1411 4696; x_wconf 87' lang='lat' dir='ltr'><strong>vero</strong></span> <span class='ocrx_word' id='word_1_768' title='bbox 1449 4656 1557 4696; x_wconf 91' lang='lat' dir='ltr'><strong>non</strong></span> <span class='ocrx_word' id='word_1_769' title='bbox 1592 4649 1677 4696; x_wconf 90' lang='lat' dir='ltr'><strong>est</strong></span> <span class='ocrx_word' id='word_1_770' title='bbox 1709 4641 1878 4707; x_wconf 90' lang='lat' dir='ltr'><strong>dives,</strong></span> <span class='ocrx_word' id='word_1_771' title='bbox 1919 4642 2043 4712; x_wconf 88' lang='lat' dir='ltr'><strong>quia</strong></span> 
     </span>
    </p>
   </div>
   <div class='ocr_carea' id='block_1_70' title="bbox 466 4731 2047 4806">
    <p class='ocr_par' dir='ltr' id='par_1_70' title="bbox 466 4731 2047 4806">
     <span class='ocr_line' id='line_1_70' title="bbox 466 4731 2047 4806; baseline 0.003 -19"><span class='ocrx_word' id='word_1_772' title='bbox 466 4734 760 4806; x_wconf 88' lang='lat' dir='ltr'><strong>participes</strong></span> <span class='ocrx_word' id='word_1_773' title='bbox 783 4748 889 4788; x_wconf 91' lang='lat' dir='ltr'><strong>non</strong></span> <span class='ocrx_word' id='word_1_774' title='bbox 918 4739 1043 4787; x_wconf 88' lang='lat' dir='ltr'><strong>sunt</strong></span> <span class='ocrx_word' id='word_1_775' title='bbox 1072 4731 1338 4787; x_wconf 91' lang='lat' dir='ltr'><strong>bonorum</strong></span> <span class='ocrx_word' id='word_1_776' title='bbox 1374 4731 1528 4801; x_wconf 85' lang='lat' dir='ltr'><strong>ejus;</strong></span> <span class='ocrx_word' id='word_1_777' title='bbox 1564 4748 1737 4802; x_wconf 89' lang='lat' dir='ltr'><strong>neque</strong></span> <span class='ocrx_word' id='word_1_778' title='bbox 1774 4734 1919 4789; x_wconf 92' lang='lat' dir='ltr'><strong>enim</strong></span> <span class='ocrx_word' id='word_1_779' title='bbox 1954 4750 2047 4791; x_wconf 88' lang='lat' dir='ltr'><strong>ac-</strong></span> 
     </span>
    </p>
   </div>
   <div class='ocr_carea' id='block_1_71' title="bbox 471 4821 2047 4897">
    <p class='ocr_par' dir='ltr' id='par_1_71' title="bbox 471 4821 2047 4897">
     <span class='ocr_line' id='line_1_71' title="bbox 471 4821 2047 4897; baseline -0.004 -12"><span class='ocrx_word' id='word_1_780' title='bbox 471 4828 675 4897; x_wconf 87' lang='lat' dir='ltr'><strong>cipent,</strong></span> <span class='ocrx_word' id='word_1_781' title='bbox 716 4824 860 4895; x_wconf 91' lang='lat' dir='ltr'><strong>quod</strong></span> <span class='ocrx_word' id='word_1_782' title='bbox 886 4823 1138 4878; x_wconf 88' lang='lat' dir='ltr'><strong>daturum</strong></span> <span class='ocrx_word' id='word_1_783' title='bbox 1166 4821 1314 4877; x_wconf 91' lang='lat' dir='ltr'><strong>illum</strong></span> <span class='ocrx_word' id='word_1_784' title='bbox 1341 4837 1448 4877; x_wconf 91' lang='lat' dir='ltr'><strong>non</strong></span> <span class='ocrx_word' id='word_1_785' title='bbox 1474 4822 1840 4889; x_wconf 87' lang='lat' dir='ltr'><strong>crediderunt,</strong></span> <span class='ocrx_word' id='word_1_786' title='bbox 1880 4831 1936 4879; x_wconf 92' lang='lat' dir='ltr'><strong>et</strong></span> <span class='ocrx_word' id='word_1_787' title='bbox 1966 4833 2047 4879; x_wconf 90' lang='lat' dir='ltr'><strong>ta-</strong></span> 
     </span>
    </p>
   </div>
   <div class='ocr_carea' id='block_1_72' title="bbox 473 4912 2056 4983">
    <p class='ocr_par' dir='ltr' id='par_1_72' title="bbox 473 4912 2056 4983">
     <span class='ocr_line' id='line_1_72' title="bbox 473 4912 2056 4983; baseline 0.002 -12"><span class='ocrx_word' id='word_1_788' title='bbox 473 4930 597 4971; x_wconf 86' lang='lat' dir='ltr'><strong>men</strong></span> <span class='ocrx_word' id='word_1_789' title='bbox 623 4930 727 4970; x_wconf 93' lang='lat' dir='ltr'><strong>non</strong></span> <span class='ocrx_word' id='word_1_790' title='bbox 758 4914 892 4970; x_wconf 82' lang='lat' dir='ltr'><strong>dixit</strong></span> <span class='ocrx_word' id='word_1_791' title='bbox 923 4912 1091 4969; x_wconf 90' lang='lat' dir='ltr'><strong>Deum</strong></span> <span class='ocrx_word' id='word_1_792' title='bbox 1122 4913 1341 4969; x_wconf 87' lang='lat' dir='ltr'><strong>divitem</strong></span> <span class='ocrx_word' id='word_1_793' title='bbox 1378 4914 1745 4983; x_wconf 88' lang='lat' dir='ltr'><strong>credentibus,</strong></span> <span class='ocrx_word' id='word_1_794' title='bbox 1771 4917 1870 4973; x_wconf 83' lang='lat' dir='ltr'><strong>sed</strong></span> <span class='ocrx_word' id='word_1_795' title='bbox 1898 4917 2056 4975; x_wconf 84' lang='lat' dir='ltr'><strong>invo-</strong></span> 
     </span>
    </p>
   </div>
   <div class='ocr_carea' id='block_1_73' title="bbox 472 5005 2058 5075">
    <p class='ocr_par' dir='ltr' id='par_1_73' title="bbox 472 5005 2058 5075">
     <span class='ocr_line' id='line_1_73' title="bbox 472 5005 2058 5075; baseline 0.003 -14"><span class='ocrx_word' id='word_1_796' title='bbox 472 5006 723 5061; x_wconf 84' lang='lat' dir='ltr'><strong>cantibus</strong></span> <span class='ocrx_word' id='word_1_797' title='bbox 768 5005 958 5071; x_wconf 88' lang='lat' dir='ltr'><strong>illum;</strong></span> <span class='ocrx_word' id='word_1_798' title='bbox 1009 5012 1070 5060; x_wconf 92' lang='lat' dir='ltr'><strong>ut</strong></span> <span class='ocrx_word' id='word_1_799' title='bbox 1107 5011 1393 5075; x_wconf 89' lang='lat' dir='ltr'><strong>postquam</strong></span> <span class='ocrx_word' id='word_1_800' title='bbox 1436 5005 1666 5061; x_wconf 89' lang='lat' dir='ltr'><strong>credidit</strong></span> <span class='ocrx_word' id='word_1_801' title='bbox 1697 5022 1805 5063; x_wconf 89' lang='lat' dir='ltr'><strong>non</strong></span> <span class='ocrx_word' id='word_1_802' title='bbox 1844 5008 2058 5066; x_wconf 87' lang='lat' dir='ltr'><strong>desinat</strong></span> 
     </span>
    </p>
   </div>
   <div class='ocr_carea' id='block_1_74' title="bbox 472 5096 2055 5170">
    <p class='ocr_par' dir='ltr' id='par_1_74' title="bbox 472 5096 2055 5170">
     <span class='ocr_line' id='line_1_74' title="bbox 472 5096 2055 5170; baseline 0.004 -17"><span class='ocrx_word' id='word_1_803' title='bbox 472 5100 686 5154; x_wconf 89' lang='lat' dir='ltr'><strong>animus</strong></span> <span class='ocrx_word' id='word_1_804' title='bbox 718 5096 769 5153; x_wconf 90' lang='lat' dir='ltr'><strong>id</strong></span> <span class='ocrx_word' id='word_1_805' title='bbox 811 5098 1085 5168; x_wconf 83' lang='lat' dir='ltr'><strong>postulare</strong></span> <span class='ocrx_word' id='word_1_806' title='bbox 1121 5098 1262 5168; x_wconf 90' lang='lat' dir='ltr'><strong>quod</strong></span> <span class='ocrx_word' id='word_1_807' title='bbox 1293 5113 1324 5153; x_wconf 91' lang='lat' dir='ltr'><strong>a</strong></span> <span class='ocrx_word' id='word_1_808' title='bbox 1359 5097 1473 5154; x_wconf 91' lang='lat' dir='ltr'><strong>Deo</strong></span> <span class='ocrx_word' id='word_1_809' title='bbox 1502 5113 1718 5170; x_wconf 88' lang='lat' dir='ltr'><strong>semper</strong></span> <span class='ocrx_word' id='word_1_810' title='bbox 1754 5100 1942 5158; x_wconf 90' lang='lat' dir='ltr'><strong>doctus</strong></span> <span class='ocrx_word' id='word_1_811' title='bbox 1969 5111 2055 5160; x_wconf 83' lang='lat' dir='ltr'><strong>est</strong></span> 
     </span>
    </p>
   </div>
   <div class='ocr_carea' id='block_1_75' title="bbox 470 5188 2054 5262">
    <p class='ocr_par' dir='ltr' id='par_1_75' title="bbox 470 5188 2054 5262">
     <span class='ocr_line' id='line_1_75' title="bbox 470 5188 2054 5262; baseline 0.001 -15"><span class='ocrx_word' id='word_1_812' title='bbox 470 5190 882 5261; x_wconf 85' lang='lat' dir='ltr'><strong>postulandum;</strong></span> <span class='ocrx_word' id='word_1_813' title='bbox 914 5190 1038 5261; x_wconf 90' lang='lat' dir='ltr'><strong>quia</strong></span> <span class='ocrx_word' id='word_1_814' title='bbox 1071 5190 1126 5245; x_wconf 91' lang='lat' dir='ltr'><strong>in</strong></span> <span class='ocrx_word' id='word_1_815' title='bbox 1154 5189 1444 5261; x_wconf 82' lang='lat' dir='ltr'><strong>Evangelio</strong></span> <span class='ocrx_word' id='word_1_816' title='bbox 1464 5189 1625 5246; x_wconf 66' lang='lat' dir='ltr'><strong>Lucae</strong></span> <span class='ocrx_word' id='word_1_817' title='bbox 1650 5188 1801 5258; x_wconf 91' lang='lat' dir='ltr'><strong>dicit,</strong></span> <span class='ocrx_word' id='word_1_818' title='bbox 1834 5200 2054 5262; x_wconf 87' lang='lat' dir='ltr'><strong>propter</strong></span> 
     </span>
    </p>
   </div>
   <div class='ocr_carea' id='block_1_76' title="bbox 471 5272 2054 5354">
    <p class='ocr_par' dir='ltr' id='par_1_76' title="bbox 471 5272 2054 5354">
     <span class='ocr_line' id='line_1_76' title="bbox 471 5272 2054 5354; baseline 0.002 -17"><span class='ocrx_word' id='word_1_819' title='bbox 471 5283 862 5350; x_wconf 83' lang='lat' dir='ltr'><strong>adversarium,</strong></span> <span class='ocrx_word' id='word_1_820' title='bbox 893 5283 1019 5354; x_wconf 84' lang='lat' dir='ltr'><strong>quia</strong></span> <span class='ocrx_word' id='word_1_821' title='bbox 1049 5281 1263 5338; x_wconf 86' lang='lat' dir='ltr'><strong>subtilis</strong></span> <span class='ocrx_word' id='word_1_822' title='bbox 1288 5290 1343 5338; x_wconf 91' lang='lat' dir='ltr'><strong>et</strong></span> <span class='ocrx_word' id='word_1_823' title='bbox 1360 5272 1617 5338; x_wconf 87' lang='lat' dir='ltr'><strong>versutus</strong></span> <span class='ocrx_word' id='word_1_824' title='bbox 1634 5290 1739 5349; x_wconf 90' lang='lat' dir='ltr'><strong>est,</strong></span> <span class='ocrx_word' id='word_1_825' title='bbox 1769 5289 1824 5338; x_wconf 89' lang='lat' dir='ltr'><strong>et</strong></span> <span class='ocrx_word' id='word_1_826' title='bbox 1841 5298 2054 5354; x_wconf 90' lang='lat' dir='ltr'><strong>semper</strong></span> 
     </span>
    </p>
   </div>
   <div class='ocr_carea' id='block_1_77' title="bbox 469 5372 2052 5431">
    <p class='ocr_par' dir='ltr' id='par_1_77' title="bbox 469 5372 2052 5431">
     <span class='ocr_line' id='line_1_77' title="bbox 469 5372 2052 5431; baseline 0.002 -4"><span class='ocrx_word' id='word_1_827' title='bbox 469 5375 732 5431; x_wconf 89' lang='lat' dir='ltr'><strong>orandum</strong></span> <span class='ocrx_word' id='word_1_828' title='bbox 761 5389 899 5431; x_wconf 90' lang='lat' dir='ltr'><strong>esse.</strong></span> <span class='ocrx_word' id='word_1_829' title='bbox 933 5372 1289 5429; x_wconf 87' lang='lat' dir='ltr'><strong>Credentibus</strong></span> <span class='ocrx_word' id='word_1_830' title='bbox 1313 5382 1495 5429; x_wconf 88' lang='lat' dir='ltr'><strong>autem</strong></span> <span class='ocrx_word' id='word_1_831' title='bbox 1530 5372 1643 5428; x_wconf 91' lang='lat' dir='ltr'><strong>sola</strong></span> <span class='ocrx_word' id='word_1_832' title='bbox 1677 5374 1838 5429; x_wconf 89' lang='lat' dir='ltr'><strong>datur</strong></span> <span class='ocrx_word' id='word_1_833' title='bbox 1864 5374 2052 5431; x_wconf 88' lang='lat' dir='ltr'><strong>remis-</strong></span> 
     </span>
    </p>
   </div>
   <div class='ocr_carea' id='block_1_78' title="bbox 469 5460 2053 5534">
    <p class='ocr_par' dir='ltr' id='par_1_78' title="bbox 469 5460 2053 5534">
     <span class='ocr_line' id='line_1_78' title="bbox 469 5460 2053 5534; baseline 0.004 -20"><span class='ocrx_word' id='word_1_834' title='bbox 469 5460 553 5516; x_wconf 87' lang='lat' dir='ltr'><strong>sio</strong></span> <span class='ocrx_word' id='word_1_835' title='bbox 577 5473 922 5532; x_wconf 87' lang='lat' dir='ltr'><strong>peccatorum</strong></span> <span class='ocrx_word' id='word_1_836' title='bbox 947 5479 962 5531; x_wconf 91' lang='lat'><strong>;</strong></span> <span class='ocrx_word' id='word_1_837' title='bbox 994 5463 1241 5534; x_wconf 88' lang='lat' dir='ltr'><strong>sequitur</strong></span> <span class='ocrx_word' id='word_1_838' title='bbox 1274 5472 1451 5519; x_wconf 90' lang='lat' dir='ltr'><strong>autem</strong></span> <span class='ocrx_word' id='word_1_839' title='bbox 1475 5471 1536 5518; x_wconf 93' lang='lat' dir='ltr'><strong>ut</strong></span> <span class='ocrx_word' id='word_1_840' title='bbox 1561 5463 1814 5534; x_wconf 86' lang='lat' dir='ltr'><strong>precibus</strong></span> <span class='ocrx_word' id='word_1_841' title='bbox 1841 5464 2053 5520; x_wconf 88' lang='lat' dir='ltr'><strong>deditus</strong></span> 
     </span>
    </p>
   </div>
   <div class='ocr_carea' id='block_1_79' title="bbox 469 5547 2052 5624">
    <p class='ocr_par' dir='ltr' id='par_1_79' title="bbox 469 5547 2052 5624">
     <span class='ocr_line' id='line_1_79' title="bbox 469 5547 2052 5624; baseline 0.004 -22"><span class='ocrx_word' id='word_1_842' title='bbox 469 5547 731 5619; x_wconf 78' lang='lat' dir='ltr'><strong>libcrcmr</strong></span> <span class='ocrx_word' id='word_1_843' title='bbox 770 5568 803 5607; x_wconf 91' lang='lat' dir='ltr'><strong>a</strong></span> <span class='ocrx_word' id='word_1_844' title='bbox 832 5552 997 5618; x_wconf 88' lang='lat' dir='ltr'><strong>malo,</strong></span> <span class='ocrx_word' id='word_1_845' title='bbox 1025 5562 1079 5609; x_wconf 89' lang='lat' dir='ltr'><strong>et</strong></span> <span class='ocrx_word' id='word_1_846' title='bbox 1122 5554 1295 5623; x_wconf 91' lang='lat' dir='ltr'><strong>possit</strong></span> <span class='ocrx_word' id='word_1_847' title='bbox 1338 5553 1594 5623; x_wconf 86' lang='lat' dir='ltr'><strong>consequi</strong></span> <span class='ocrx_word' id='word_1_848' title='bbox 1632 5555 1776 5623; x_wconf 90' lang='lat' dir='ltr'><strong>quod</strong></span> <span class='ocrx_word' id='word_1_849' title='bbox 1804 5553 2052 5624; x_wconf 85' lang='lat' dir='ltr'><strong>promisit</strong></span> 
     </span>
    </p>
   </div>
   <div class='ocr_carea' id='block_1_80' title="bbox 462 5644 2052 5721">
    <p class='ocr_par' dir='ltr' id='par_1_80' title="bbox 462 5644 2052 5721">
     <span class='ocr_line' id='line_1_80' title="bbox 462 5644 2052 5721; baseline 0.002 -21"><span class='ocrx_word' id='word_1_850' title='bbox 462 5644 613 5707; x_wconf 76' lang='lat' dir='ltr'><strong>Deus</strong></span> <span class='ocrx_word' id='word_1_851' title='bbox 640 5652 753 5700; x_wconf 85' lang='lat' dir='ltr'><strong>toto</strong></span> <span class='ocrx_word' id='word_1_852' title='bbox 785 5645 948 5701; x_wconf 90' lang='lat' dir='ltr'><strong>corde</strong></span> <span class='ocrx_word' id='word_1_853' title='bbox 982 5645 1349 5717; x_wconf 73' lang='lat' dir='ltr'><strong>vigilantibus.</strong></span> <span class='ocrx_word' id='word_1_854' title='bbox 1380 5645 1563 5703; x_wconf 86' lang='lat' dir='ltr'><strong>Omnis</strong></span> <span class='ocrx_word' id='word_1_855' title='bbox 1594 5649 1729 5703; x_wconf 82' lang='lat' dir='ltr'><strong>enim</strong></span> <span class='ocrx_word' id='word_1_856' title='bbox 1754 5648 2052 5721; x_wconf 86' lang='lat' dir='ltr'><strong>quicunque</strong></span> 
     </span>
    </p>
   </div>
   <div class='ocr_carea' id='block_1_81' title="bbox 2145 4445 3740 4517">
    <p class='ocr_par' dir='ltr' id='par_1_81' title="bbox 2145 4445 3740 4517">
     <span class='ocr_line' id='line_1_81' title="bbox 2145 4445 3740 4517; baseline 0.001 -16"><span class='ocrx_word' id='word_1_857' title='bbox 2145 4445 2455 4512; x_wconf 90' lang='lat' dir='ltr'><strong>Dominum,</strong></span> <span class='ocrx_word' id='word_1_858' title='bbox 2486 4454 2544 4502; x_wconf 91' lang='lat' dir='ltr'><strong>et</strong></span> <span class='ocrx_word' id='word_1_859' title='bbox 2570 4446 2686 4517; x_wconf 91' lang='lat' dir='ltr'><strong>ipse</strong></span> <span class='ocrx_word' id='word_1_860' title='bbox 2713 4446 3036 4502; x_wconf 80' lang='lat' dir='ltr'><strong>exaudiebat</strong></span> <span class='ocrx_word' id='word_1_861' title='bbox 3059 4461 3171 4509; x_wconf 90' lang='lat' dir='ltr'><strong>eos,</strong></span> <span class='ocrx_word' id='word_1_862' title='bbox 3203 4466 3222 4498; x_wconf 73' lang='grc' dir='ltr'><strong><em>ι</em></strong></span> <span class='ocrx_word' id='word_1_863' title='bbox 3247 4447 3367 4501; x_wconf 88' lang='lat' dir='ltr'><strong>sine</strong></span> <span class='ocrx_word' id='word_1_864' title='bbox 3392 4447 3563 4503; x_wconf 89' lang='lat' dir='ltr'><strong>dubio</strong></span> <span class='ocrx_word' id='word_1_865' title='bbox 3585 4446 3740 4502; x_wconf 58' lang='lat' dir='ltr'><strong>Chn&#39;-</strong></span> 
     </span>
    </p>
   </div>
   <div class='ocr_carea' id='block_1_82' title="bbox 2142 4536 3738 4604">
    <p class='ocr_par' dir='ltr' id='par_1_82' title="bbox 2142 4536 3738 4604">
     <span class='ocr_line' id='line_1_82' title="bbox 2142 4536 3738 4604; baseline 0.001 -9"><span class='ocrx_word' id='word_1_866' title='bbox 2142 4547 2286 4595; x_wconf 89' lang='lat' dir='ltr'><strong>stum</strong></span> <span class='ocrx_word' id='word_1_867' title='bbox 2309 4537 2494 4595; x_wconf 87' lang='lat' dir='ltr'><strong>Jesum</strong></span> <span class='ocrx_word' id='word_1_868' title='bbox 2542 4536 2827 4593; x_wconf 89' lang='lat' dir='ltr'><strong>Dominum</strong></span> <span class='ocrx_word' id='word_1_869' title='bbox 2874 4539 3225 4604; x_wconf 90' lang='lat' dir='ltr'><strong>invocabant,</strong></span> <span class='ocrx_word' id='word_1_870' title='bbox 3278 4547 3335 4594; x_wconf 92' lang='lat' dir='ltr'><strong>et</strong></span> <span class='ocrx_word' id='word_1_871' title='bbox 3382 4540 3431 4595; x_wconf 85' lang='lat' dir='ltr'><strong>si</strong></span> <span class='ocrx_word' id='word_1_872' title='bbox 3480 4540 3738 4596; x_wconf 67' lang='lat' dir='ltr'><strong>invocans</strong></span> 
     </span>
    </p>
   </div>
   <div class='ocr_carea' id='block_1_83' title="bbox 2143 4628 3734 4701">
    <p class='ocr_par' dir='ltr' id='par_1_83' title="bbox 2143 4628 3734 4701">
     <span class='ocr_line' id='line_1_83' title="bbox 2143 4628 3734 4701; baseline 0.003 -17"><span class='ocrx_word' id='word_1_873' title='bbox 2143 4645 2341 4686; x_wconf 89' lang='lat' dir='ltr'><strong>nomen</strong></span> <span class='ocrx_word' id='word_1_874' title='bbox 2369 4628 2582 4684; x_wconf 88' lang='lat' dir='ltr'><strong>Domini</strong></span> <span class='ocrx_word' id='word_1_875' title='bbox 2604 4637 2660 4685; x_wconf 91' lang='lat' dir='ltr'><strong>et</strong></span> <span class='ocrx_word' id='word_1_876' title='bbox 2686 4642 2845 4685; x_wconf 87' lang='lat' dir='ltr'><strong>orare</strong></span> <span class='ocrx_word' id='word_1_877' title='bbox 2874 4630 3180 4696; x_wconf 87' lang='lat' dir='ltr'><strong>Dominum,</strong></span> <span class='ocrx_word' id='word_1_878' title='bbox 3205 4646 3373 4685; x_wconf 90' lang='lat' dir='ltr'><strong>unum</strong></span> <span class='ocrx_word' id='word_1_879' title='bbox 3403 4640 3571 4701; x_wconf 83' lang='lat' dir='ltr'><strong>atque</strong></span> <span class='ocrx_word' id='word_1_880' title='bbox 3594 4632 3734 4687; x_wconf 73' lang='lat' dir='ltr'><strong>idem</strong></span> 
     </span>
    </p>
   </div>
   <div class='ocr_carea' id='block_1_84' title="bbox 2146 4718 3732 4788">
    <p class='ocr_par' dir='ltr' id='par_1_84' title="bbox 2146 4718 3732 4788">
     <span class='ocr_line' id='line_1_84' title="bbox 2146 4718 3732 4788; baseline -0.001 -10"><span class='ocrx_word' id='word_1_881' title='bbox 2146 4729 2262 4788; x_wconf 88' lang='lat' dir='ltr'><strong>est,</strong></span> <span class='ocrx_word' id='word_1_882' title='bbox 2317 4720 2460 4776; x_wconf 90' lang='lat' dir='ltr'><strong>sicut</strong></span> <span class='ocrx_word' id='word_1_883' title='bbox 2504 4720 2787 4775; x_wconf 86' lang='lat' dir='ltr'><strong>invocatur</strong></span> <span class='ocrx_word' id='word_1_884' title='bbox 2828 4718 2992 4786; x_wconf 90' lang='lat' dir='ltr'><strong>Deus,</strong></span> <span class='ocrx_word' id='word_1_885' title='bbox 3046 4720 3380 4777; x_wconf 89' lang='lat' dir='ltr'><strong>invocandus</strong></span> <span class='ocrx_word' id='word_1_886' title='bbox 3437 4732 3525 4777; x_wconf 88' lang='lat' dir='ltr'><strong>est</strong></span> <span class='ocrx_word' id='word_1_887' title='bbox 3573 4721 3732 4779; x_wconf 86' lang='lat' dir='ltr'><strong>Chri-</strong></span> 
     </span>
    </p>
   </div>
   <div class='ocr_carea' id='block_1_85' title="bbox 2148 4810 3736 4879">
    <p class='ocr_par' dir='ltr' id='par_1_85' title="bbox 2148 4810 3736 4879">
     <span class='ocr_line' id='line_1_85' title="bbox 2148 4810 3736 4879; baseline 0.001 -12"><span class='ocrx_word' id='word_1_888' title='bbox 2148 4821 2298 4879; x_wconf 86' lang='lat' dir='ltr'><strong>stus;</strong></span> <span class='ocrx_word' id='word_1_889' title='bbox 2334 4819 2389 4866; x_wconf 92' lang='lat' dir='ltr'><strong>et</strong></span> <span class='ocrx_word' id='word_1_890' title='bbox 2421 4810 2564 4866; x_wconf 89' lang='lat' dir='ltr'><strong>sicut</strong></span> <span class='ocrx_word' id='word_1_891' title='bbox 2589 4819 2779 4867; x_wconf 90' lang='lat' dir='ltr'><strong>oratur</strong></span> <span class='ocrx_word' id='word_1_892' title='bbox 2810 4810 2973 4878; x_wconf 89' lang='lat' dir='ltr'><strong>Deus,</strong></span> <span class='ocrx_word' id='word_1_893' title='bbox 2999 4811 3072 4867; x_wconf 89' lang='lat' dir='ltr'><strong>ita</strong></span> <span class='ocrx_word' id='word_1_894' title='bbox 3099 4819 3155 4867; x_wconf 86' lang='lat' dir='ltr'><strong>et</strong></span> <span class='ocrx_word' id='word_1_895' title='bbox 3182 4813 3424 4868; x_wconf 86' lang='lat' dir='ltr'><strong>orandus</strong></span> <span class='ocrx_word' id='word_1_896' title='bbox 3456 4822 3547 4868; x_wconf 88' lang='lat' dir='ltr'><strong>est</strong></span> <span class='ocrx_word' id='word_1_897' title='bbox 3579 4813 3736 4870; x_wconf 67' lang='lat' dir='ltr'><strong>Citrio</strong></span> 
     </span>
    </p>
   </div>
   <div class='ocr_carea' id='block_1_86' title="bbox 2144 4900 3733 4972">
    <p class='ocr_par' dir='ltr' id='par_1_86' title="bbox 2144 4900 3733 4972">
     <span class='ocr_line' id='line_1_86' title="bbox 2144 4900 3733 4972; baseline 0.001 -15"><span class='ocrx_word' id='word_1_898' title='bbox 2144 4910 2291 4969; x_wconf 90' lang='lat' dir='ltr'><strong>stus;</strong></span> <span class='ocrx_word' id='word_1_899' title='bbox 2341 4910 2397 4957; x_wconf 90' lang='lat' dir='ltr'><strong>et</strong></span> <span class='ocrx_word' id='word_1_900' title='bbox 2422 4901 2562 4957; x_wconf 90' lang='lat' dir='ltr'><strong>sicut</strong></span> <span class='ocrx_word' id='word_1_901' title='bbox 2600 4900 2879 4956; x_wconf 73' lang='lat' dir='ltr'><strong>offerimus</strong></span> <span class='ocrx_word' id='word_1_902' title='bbox 2926 4901 3038 4956; x_wconf 90' lang='lat' dir='ltr'><strong>Deo</strong></span> <span class='ocrx_word' id='word_1_903' title='bbox 3077 4901 3221 4956; x_wconf 88' lang='lat' dir='ltr'><strong>Patri</strong></span> <span class='ocrx_word' id='word_1_904' title='bbox 3268 4903 3449 4972; x_wconf 89' lang='lat' dir='ltr'><strong>primo</strong></span> <span class='ocrx_word' id='word_1_905' title='bbox 3486 4906 3733 4959; x_wconf 86' lang='lat' dir='ltr'><strong>omnium</strong></span> 
     </span>
    </p>
   </div>
   <div class='ocr_carea' id='block_1_87' title="bbox 2144 4982 3729 5062">
    <p class='ocr_par' dir='ltr' id='par_1_87' title="bbox 2144 4982 3729 5062">
     <span class='ocr_line' id='line_1_87' title="bbox 2144 4982 3729 5062; baseline 0.002 -12"><span class='ocrx_word' id='word_1_906' title='bbox 2144 4995 2441 5062; x_wconf 86' lang='lat' dir='ltr'><strong>orationes,</strong></span> <span class='ocrx_word' id='word_1_907' title='bbox 2466 4995 2541 5048; x_wconf 91' lang='lat' dir='ltr'><strong>ita</strong></span> <span class='ocrx_word' id='word_1_908' title='bbox 2570 5003 2626 5048; x_wconf 90' lang='lat' dir='ltr'><strong>et</strong></span> <span class='ocrx_word' id='word_1_909' title='bbox 2652 4993 2879 5049; x_wconf 92' lang='lat' dir='ltr'><strong>Domino</strong></span> <span class='ocrx_word' id='word_1_910' title='bbox 2912 4982 3040 5049; x_wconf 74' lang='lat' dir='ltr'><strong>Jesu</strong></span> <span class='ocrx_word' id='word_1_911' title='bbox 3068 4993 3316 5061; x_wconf 90' lang='lat' dir='ltr'><strong>Christo;</strong></span> <span class='ocrx_word' id='word_1_912' title='bbox 3344 5005 3401 5052; x_wconf 90' lang='lat' dir='ltr'><strong>et</strong></span> <span class='ocrx_word' id='word_1_913' title='bbox 3431 4997 3578 5052; x_wconf 88' lang='lat' dir='ltr'><strong>sicut</strong></span> <span class='ocrx_word' id='word_1_914' title='bbox 3595 4997 3729 5054; x_wconf 81' lang='lat' dir='ltr'><strong>olfe-</strong></span> 
     </span>
    </p>
   </div>
   <div class='ocr_carea' id='block_1_88' title="bbox 2146 5088 3731 5162">
    <p class='ocr_par' dir='ltr' id='par_1_88' title="bbox 2146 5088 3731 5162">
     <span class='ocr_line' id='line_1_88' title="bbox 2146 5088 3731 5162; baseline 0.002 -15"><span class='ocrx_word' id='word_1_915' title='bbox 2146 5092 2318 5147; x_wconf 91' lang='lat' dir='ltr'><strong>rimus</strong></span> <span class='ocrx_word' id='word_1_916' title='bbox 2344 5089 2732 5162; x_wconf 88' lang='lat' dir='ltr'><strong>postulationes</strong></span> <span class='ocrx_word' id='word_1_917' title='bbox 2751 5088 3007 5156; x_wconf 83' lang='lat' dir='ltr'><strong>Patri,itn</strong></span> <span class='ocrx_word' id='word_1_918' title='bbox 3032 5089 3308 5147; x_wconf 74' lang='lat' dir='ltr'><strong>offerimus</strong></span> <span class='ocrx_word' id='word_1_919' title='bbox 3333 5093 3731 5162; x_wconf 84' lang='lat' dir='ltr'><strong>postulationes</strong></span> 
     </span>
    </p>
   </div>
   <div class='ocr_carea' id='block_1_89' title="bbox 2145 5180 3728 5253">
    <p class='ocr_par' dir='ltr' id='par_1_89' title="bbox 2145 5180 3728 5253">
     <span class='ocr_line' id='line_1_89' title="bbox 2145 5180 3728 5253; baseline 0.003 -16"><span class='ocrx_word' id='word_1_920' title='bbox 2145 5180 2247 5237; x_wconf 87' lang='lat' dir='ltr'><strong>elF</strong></span> <span class='ocrx_word' id='word_1_921' title='bbox 2252 5180 2372 5247; x_wconf 89' lang='lat' dir='ltr'><strong>ilio;</strong></span> <span class='ocrx_word' id='word_1_922' title='bbox 2404 5190 2457 5236; x_wconf 91' lang='lat' dir='ltr'><strong>et</strong></span> <span class='ocrx_word' id='word_1_923' title='bbox 2487 5181 2628 5236; x_wconf 92' lang='lat' dir='ltr'><strong>sicut</strong></span> <span class='ocrx_word' id='word_1_924' title='bbox 2664 5181 2942 5237; x_wconf 75' lang='lat' dir='ltr'><strong>oﬂ‘erimus</strong></span> <span class='ocrx_word' id='word_1_925' title='bbox 2979 5186 3279 5253; x_wconf 75' lang='lat' dir='ltr'><strong>gratiarum</strong></span> <span class='ocrx_word' id='word_1_926' title='bbox 3307 5185 3555 5242; x_wconf 86' lang='lat' dir='ltr'><strong>actiones</strong></span> <span class='ocrx_word' id='word_1_927' title='bbox 3595 5186 3728 5251; x_wconf 87' lang='lat' dir='ltr'><strong>Deo,</strong></span> 
     </span>
    </p>
   </div>
   <div class='ocr_carea' id='block_1_90' title="bbox 2143 5271 3732 5348">
    <p class='ocr_par' dir='ltr' id='par_1_90' title="bbox 2143 5271 3732 5348">
     <span class='ocr_line' id='line_1_90' title="bbox 2143 5271 3732 5348; baseline 0.003 -19"><span class='ocrx_word' id='word_1_928' title='bbox 2143 5273 2218 5329; x_wconf 88' lang='lat' dir='ltr'><strong>ita</strong></span> <span class='ocrx_word' id='word_1_929' title='bbox 2248 5273 2452 5345; x_wconf 75' lang='lat' dir='ltr'><strong>gratias</strong></span> <span class='ocrx_word' id='word_1_930' title='bbox 2478 5272 2763 5329; x_wconf 76' lang='lat' dir='ltr'><strong>referimus</strong></span> <span class='ocrx_word' id='word_1_931' title='bbox 2807 5271 3107 5341; x_wconf 88' lang='lat' dir='ltr'><strong>Salvatori;</strong></span> <span class='ocrx_word' id='word_1_932' title='bbox 3140 5291 3303 5332; x_wconf 91' lang='lat' dir='ltr'><strong>unum</strong></span> <span class='ocrx_word' id='word_1_933' title='bbox 3334 5292 3575 5348; x_wconf 89' lang='lat' dir='ltr'><strong>namque</strong></span> <span class='ocrx_word' id='word_1_934' title='bbox 3600 5279 3732 5334; x_wconf 84' lang='lat' dir='ltr'><strong>utri-</strong></span> 
     </span>
    </p>
   </div>
   <div class='ocr_carea' id='block_1_91' title="bbox 2143 5362 3731 5434">
    <p class='ocr_par' dir='ltr' id='par_1_91' title="bbox 2143 5362 3731 5434">
     <span class='ocr_line' id='line_1_91' title="bbox 2143 5362 3731 5434; baseline 0.003 -17"><span class='ocrx_word' id='word_1_935' title='bbox 2143 5378 2249 5434; x_wconf 89' lang='lat' dir='ltr'><strong>que</strong></span> <span class='ocrx_word' id='word_1_936' title='bbox 2272 5365 2533 5420; x_wconf 90' lang='lat' dir='ltr'><strong>honorem</strong></span> <span class='ocrx_word' id='word_1_937' title='bbox 2567 5362 2936 5430; x_wconf 83' lang='lat' dir='ltr'><strong>del‘erendum,</strong></span> <span class='ocrx_word' id='word_1_938' title='bbox 2971 5364 3026 5419; x_wconf 90' lang='lat' dir='ltr'><strong>id</strong></span> <span class='ocrx_word' id='word_1_939' title='bbox 3053 5375 3160 5431; x_wconf 88' lang='lat' dir='ltr'><strong>est,</strong></span> <span class='ocrx_word' id='word_1_940' title='bbox 3209 5364 3355 5421; x_wconf 90' lang='lat' dir='ltr'><strong>Patri</strong></span> <span class='ocrx_word' id='word_1_941' title='bbox 3386 5377 3443 5421; x_wconf 89' lang='lat' dir='ltr'><strong>et</strong></span> <span class='ocrx_word' id='word_1_942' title='bbox 3478 5367 3620 5422; x_wconf 83' lang='lat' dir='ltr'><strong>Filio</strong></span> <span class='ocrx_word' id='word_1_943' title='bbox 3648 5369 3731 5422; x_wconf 85' lang='lat' dir='ltr'><strong>di-</strong></span> 
     </span>
    </p>
   </div>
   <div class='ocr_carea' id='block_1_92' title="bbox 2144 5455 3729 5528">
    <p class='ocr_par' dir='ltr' id='par_1_92' title="bbox 2144 5455 3729 5528">
     <span class='ocr_line' id='line_1_92' title="bbox 2144 5455 3729 5528; baseline 0.003 -18"><span class='ocrx_word' id='word_1_944' title='bbox 2144 5457 2302 5512; x_wconf 87' lang='lat' dir='ltr'><strong>vinus</strong></span> <span class='ocrx_word' id='word_1_945' title='bbox 2330 5456 2521 5512; x_wconf 88' lang='lat' dir='ltr'><strong>edocet</strong></span> <span class='ocrx_word' id='word_1_946' title='bbox 2544 5470 2743 5521; x_wconf 86' lang='lat' dir='ltr'><strong>sermo,</strong></span> <span class='ocrx_word' id='word_1_947' title='bbox 2773 5470 2896 5515; x_wconf 86' lang='lat' dir='ltr'><strong>cum</strong></span> <span class='ocrx_word' id='word_1_948' title='bbox 2924 5456 3055 5512; x_wconf 91' lang='lat' dir='ltr'><strong>dicit</strong></span> <span class='ocrx_word' id='word_1_949' title='bbox 3084 5455 3285 5528; x_wconf 80' lang='lat' dir='ltr'><strong>(Joan.</strong></span> <span class='ocrx_word' id='word_1_950' title='bbox 3303 5457 3370 5528; x_wconf 89' lang='lat' dir='ltr'><strong>v)</strong></span> <span class='ocrx_word' id='word_1_951' title='bbox 3396 5474 3412 5512; x_wconf 89' lang='lat'><strong>:</strong></span> <span class='ocrx_word' id='word_1_952' title='bbox 3444 5455 3510 5512; x_wconf 89' lang='lat' dir='ltr'><strong>Ut</strong></span> <span class='ocrx_word' id='word_1_953' title='bbox 3549 5475 3729 5515; x_wconf 77' lang='lat' dir='ltr'><strong>omnes</strong></span> 
     </span>
    </p>
   </div>
   <div class='ocr_carea' id='block_1_93' title="bbox 2142 5549 3725 5623">
    <p class='ocr_par' dir='ltr' id='par_1_93' title="bbox 2142 5549 3725 5623">
     <span class='ocr_line' id='line_1_93' title="bbox 2142 5549 3725 5623; baseline 0.001 -18"><span class='ocrx_word' id='word_1_954' title='bbox 2142 5550 2489 5621; x_wconf 76' lang='lat' dir='ltr'><strong>honori/irent</strong></span> <span class='ocrx_word' id='word_1_955' title='bbox 2517 5549 2715 5604; x_wconf 85' lang='lat' dir='ltr'><strong>Filium</strong></span> <span class='ocrx_word' id='word_1_956' title='bbox 2734 5550 2869 5604; x_wconf 89' lang='lat' dir='ltr'><strong>sicut</strong></span> <span class='ocrx_word' id='word_1_957' title='bbox 2892 5549 3243 5617; x_wconf 75' lang='lat' dir='ltr'><strong>honoriﬁcam</strong></span> <span class='ocrx_word' id='word_1_958' title='bbox 3272 5549 3511 5605; x_wconf 79' lang='lat' dir='ltr'><strong>Patrem.</strong></span> <span class='ocrx_word' id='word_1_959' title='bbox 3540 5551 3725 5623; x_wconf 82' lang='lat' dir='ltr'><strong>(Aug.)</strong></span> 
     </span>
    </p>
   </div>
   <div class='ocr_carea' id='block_1_94' title="bbox 2144 5630 3727 5716">
    <p class='ocr_par' dir='ltr' id='par_1_94' title="bbox 2144 5630 3727 5716">
     <span class='ocr_line' id='line_1_94' title="bbox 2144 5630 3727 5716; baseline 0 -19"><span class='ocrx_word' id='word_1_960' title='bbox 2144 5641 2328 5698; x_wconf 86' lang='lat' dir='ltr'><strong>Potest</strong></span> <span class='ocrx_word' id='word_1_961' title='bbox 2366 5650 2545 5699; x_wconf 87' lang='lat' dir='ltr'><strong>tamen</strong></span> <span class='ocrx_word' id='word_1_962' title='bbox 2594 5630 2750 5698; x_wconf 82' lang='lat' dir='ltr'><strong>etde</strong></span> <span class='ocrx_word' id='word_1_963' title='bbox 2794 5638 3042 5712; x_wconf 86' lang='lat' dir='ltr'><strong>gentibus</strong></span> <span class='ocrx_word' id='word_1_964' title='bbox 3068 5641 3267 5697; x_wconf 89' lang='lat' dir='ltr'><strong>dictum</strong></span> <span class='ocrx_word' id='word_1_965' title='bbox 3306 5640 3534 5714; x_wconf 81' lang='lat' dir='ltr'><strong>intelligi</strong></span> <span class='ocrx_word' id='word_1_966' title='bbox 3582 5642 3727 5716; x_wconf 83' lang='lat' dir='ltr'><strong>quod</strong></span> 
     </span>
    </p>
   </div>
  </div>
