4026 6180
290 325 431 380 ιῦἰὸ
528 363 535 370 ι

824 319 1371 377 ENARRATIONUM
1408 319 1475 374 IN
1512 317 1903 381 EPPKPAULI
1941 316 2067 371 LIB.
2111 315 2198 370 Vl.
2241 346 2308 355 -—
2348 314 2414 369 IN
2453 310 2672 370 EPIST.
2714 310 2805 365 AD
2837 311 3003 365 ROM.

3412 308 3552 364 1514

284 435 387 498 ait,
424 432 681 502 quomodo
721 446 840 501 ergo
869 430 1179 487 invocabant
1221 431 1276 484 in
1313 445 1463 501 quem
1499 445 1602 483 non
1624 426 1873 488 ,credide-
1901 431 1946 488 Α
1968 425 2177 495 justitia
2225 425 2484 491 suadeat,
2516 426 2583 481 de
2624 423 2895 488 castitate,
2953 424 3018 478 dc
3066 422 3321 493 pudicitia
3343 464 3359 491 ,
3396 433 3451 481 et
3486 426 3556 482 de

283 535 435 589 runt,
468 531 558 576 aut
579 521 836 592 quomodo
860 520 1088 586 credent,
1111 536 1261 592 quem
1291 537 1396 576 non
1414 519 1693 575 audierunt
1714 518 1739 572 ?
1763 516 1872 572 Eos

277 616 432 672 enim
464 611 677 669 volebat
697 610 942 668 refellere
966 611 1155 666 doctor
1181 612 1443 681 gentium,
1485 611 1577 681 qui
1606 611 1871 681 putabant

282 707 435 779 genti
463 705 837 760 tantummodo
871 703 1203 767 Iudaeorum,
1235 717 1342 758 non
1371 709 1554 758 autem
1574 701 1871 760 incircum-

280 798 417 854 cisis
460 795 714 869 gentibus
740 793 1087 866 Evangelium
1126 793 1526 865 praedicandum
1563 811 1577 848 :
1610 794 1753 863 quod
1779 788 1872 848 vo—

283 893 410 947 lens
446 891 735 947 ostendere
763 903 868 944 non
903 889 970 942 ad
998 885 1212 944 Iudaeos
1242 896 1485 953 tantum,
1526 887 1623 942 sed
1654 887 1725 943 ad
1755 902 1872 942 om--

279 996 381 1037 nes
412 988 603 1052 gentes
642 980 941 1050 pertinere,
990 979 1140 1049 prius
1170 979 1349 1049 posuit
1397 976 1764 1033 testimonium
1806 977 1872 1030 de

273 1074 549 1146 propheta
584 1091 596 1127 :
630 1072 748 1127 Erit
775 1073 942 1126 omnis
991 1072 1287 1143 quicunque
1330 1070 1640 1128 invocaverit
1684 1088 1872 1126 nomen

279 1164 521 1230 Domini,
551 1162 731 1218 salvus
774 1165 891 1217 erit.
923 1161 999 1217 Ac
1037 1161 1231 1217 deinde
1273 1177 1398 1217 cum
1436 1161 1694 1227 dixisset,
1728 1160 1874 1228 Quo-

284 1254 441 1309 modo
483 1264 658 1309 autem
692 1252 1031 1318 invocabant,
1072 1256 1129 1307 in
1160 1268 1313 1323 quem
1354 1267 1458 1306 non
1491 1251 1873 1307 crediderunt?

282 1352 376 1398 aut
402 1343 665 1416 quomodo
701 1342 913 1397 credent
944 1357 1098 1413 quem
1129 1357 1231 1395 non
1256 1339 1580 1395 audierunt?
1615 1338 1871 1407 continuo

281 1434 583 1506 subiunxit,
612 1432 886 1501 Quomodo
920 1443 1096 1487 autem
1133 1432 1344 1486 audient
1379 1432 1492 1486 sine
1524 1431 1869 1501 prtrdt'canle,

282 1535 377 1579 aut
403 1524 663 1596 quomodo
688 1523 1079 1595 praedicabunt,
1112 1523 1215 1579 nisi
1258 1522 1575 1577 mittantur?
1617 1521 1691 1576 ita
1726 1519 1871 1578 refu-

283 1624 410 1670 tans
433 1630 529 1671 eos
562 1614 655 1685 qui
696 1615 966 1686 negabant
989 1614 1056 1669 ad
1088 1612 1498 1669 incircumcisas
1521 1620 1710 1683 gentes
1732 1625 1871 1683 prae-

281 1704 556 1762 dicatores
585 1703 785 1760 Christi
816 1719 936 1760 esse
972 1701 1508 1775 mi’ttendos.’(0rig.)
1530 1703 1684 1771 Quod
1709 1702 1870 1759 modo

1948 517 2222 572 «omnibus
2255 516 2414 572 simul
2444 515 2735 570 virtutibus
2761 522 3125 585 protestetur,
3161 514 3301 569 sicut
3338 522 3394 569 et
3436 514 3557 585 ipse

1971 609 2103 663 dicit
2133 626 2146 661 :
2181 607 2317 662 Oves
2354 623 2482 662 mea!
2527 622 2701 663 vocem
2751 621 2918 661 meam
2949 605 3171 658 audiam
3198 603 3220 676 (
3245 602 3407 658 Joan.
3450 621 3483 660 ιι
3512 606 3550 675 ).

1972 697 2065 754 Sic
2091 697 2345 768 denique,
2373 705 2429 752 et
2462 698 2517 752 in
2545 697 2708 753 ecrde
2730 695 2882 751 Pauli
2903 695 3243 765 loquebatur,
3277 696 3352 750 ita
3381 705 3441 751 ut
3467 696 3583 759 ille,

1969 794 2215 849 diceret:
2250 793 2330 846 An
2365 793 2776 861 experimentum
2819 790 2931 859 ejus
2956 790 3220 863 qumritis,
3259 791 3349 861 qui
3383 790 3439 844 in
3472 807 3558 844 me

1968 881 2201 953 loquitur
2252 878 2489 933 Christus
2513 880 2538 932 .°
2579 877 2672 950 (II
2719 877 2843 932 Cor.
2892 894 3011 933 xm.
3037 878 3058 947 )
3084 876 3341 947 Sequitur
3368 896 3381 931 :
3412 878 3559 945 Quo-

1973 970 2127 1025 modo
2156 980 2332 1025 autem
2360 970 2572 1023 audient
2602 972 2712 1022 sine
2732 967 3093 1039 prmdicante.’
3136 967 3334 1041 (Orig)
3365 968 3422 1025 In
3452 970 3558 1026 hoc

1973 1062 2144 1134 magis
2165 1076 2261 1133 per
2281 1059 2687 1131 praedicandum
2711 1074 3019 1115 sermonem
3030 1058 3306 1114 Christum
3321 1059 3559 1116 ostendit

1971 1152 2168 1217 audiri,
2193 1152 2246 1207 in
2276 1151 2495 1221 quibus,
2531 1150 2828 1206 secundum
2859 1165 2923 1205 ea
2951 1165 3074 1221 quae
3109 1166 3270 1222 supra
3296 1152 3556 1215 diximus,

1970 1244 2219 1305 Christus
2241 1243 2389 1315 loqui
2414 1251 2469 1298 et
2493 1242 2690 1298 docere
2714 1249 3065 1297 monstratur.
3088 1241 3361 1308 Quomodo
3382 1254 3557 1299 autem

1971 1337 2356 1409 prwdicabunt,
2389 1337 2488 1391 nisi
2509 1336 2789 1390 mittantur
2810 1336 2834 1388 ?
2857 1334 3093 1407 (Amhr.)
3119 1335 3233 1392 Hoc
3259 1337 3410 1403 dicit,
3429 1338 3558 1408 quia

1972 1443 2080 1483 non
2115 1436 2278 1483 emat
2314 1428 2427 1482 veri
2472 1426 2737 1497 Apostoli,
2764 1426 2869 1482 nisi
2912 1442 2943 1481 a
2992 1425 3210 1483 Christo
3253 1427 3558 1493 mittantur,

1972 1532 2071 1574 nec
2099 1526 2352 1590 poterunt
2376 1519 2670 1588 praedicare
2699 1519 2816 1573 sine
2841 1526 3084 1573 auctore.
3114 1516 3270 1573 Nulla
3295 1518 3439 1574 enim
3472 1519 3560 1574 his

1973 1611 2127 1682 signa
2154 1611 2414 1667 virtutum
2448 1611 2738 1680 perhibent
2781 1611 3169 1667 testimonium.
3213 1611 3412 1685 (Orig.)
3452 1611 3561 1670 Sed

1974 1701 2259 1758 difﬁcultas
2306 1701 2442 1757 mihi
2491 1701 2737 1772 quaedam
2779 1700 2835 1757 in
2883 1703 2989 1757 hoc
3043 1717 3294 1759 sermone
3345 1703 3562 1759 videtur

279 1806 471 1863 autem
504 1798 572 1853 de
593 1788 849 1868 Epistolis
886 1796 955 1851 ad
991 1796 1302 1853 Corinthios
1326 1796 1707 1871 proposuimus
1732 1836 1746 1860 ,
1778 1795 1870 1850 ubi
1901 1785 1946 1845 Β
1975 1808 2287 1865 exsurgere.
2350 1792 2408 1849 Si
2453 1794 2596 1849 enim
2641 1794 2715 1848 ita
2762 1793 3145 1865 intelligamus,
3169 1796 3313 1867 quod
3340 1801 3564 1867 propter

280 1889 578 1962 Apostolus
600 1890 779 1962 primo
804 1891 1021 1960 quidem
1050 1891 1210 1947 dicit:
1236 1889 1489 1947 Ecclesiae
1516 1888 1631 1955 Dei,
1661 1905 1779 1960 qua:
1800 1899 1875 1944 est

280 1980 549 2047 Corinthi,
586 1981 932 2051 sancti/icatis
970 1982 1026 2035 in
1071 1978 1277 2037 Christo
1321 1978 1474 2047 Iesu,
1506 1979 1703 2035 uocatis
1750 1996 1876 2034 san-

277 2073 384 2127 ctis
412 2072 431 2145 (
456 2072 485 2127 1
518 2073 640 2129 Cor.
668 2073 729 2145 ι),
755 2081 810 2127 et
833 2081 954 2144 post
992 2074 1132 2138 haec,
1162 2073 1315 2144 quasi
1346 2072 1571 2129 alterius
1595 2073 1795 2144 gradus
1821 2080 1876 2126 et

274 2165 509 2223 alterius
542 2165 752 2222 ordinis
779 2167 919 2232 sint,
951 2166 1023 2221 ita
1069 2163 1343 2238 subiungit
1371 2164 1633 2236 quosdam
1662 2165 1728 2220 de
1756 2165 1875 2234 qui-

278 2257 388 2313 bus
416 2256 548 2313 dicit
576 2273 588 2311 :
620 2254 752 2311 Cum
779 2256 1033 2312 universis
1053 2250 1144 2328 qui
1167 2257 1412 2312 invocant
1441 2270 1628 2311 nomen
1660 2254 1875 2310 Domini

274 2348 415 2405 Jesu
445 2348 644 2405 Christi
686 2350 743 2405 in
769 2351 914 2406 omni
952 2349 1067 2405 loco
1114 2349 1280 2407 nostri
1323 2349 1556 2422 ipsorum
1583 2356 1632 2415 et
1662 2356 1873 2402 nostra:

278 2441 559 2505 videbitur
592 2441 841 2498 fortassis
888 2442 1088 2498 habere
1126 2438 1328 2511 aliquid
1357 2437 1694 2511 differentiae,
1731 2435 1875 2508 quod

262 2531 409 2587 illos
433 2531 650 2602 quidem
673 2531 969 2589 Ecclesiam
993 2531 1086 2587 Dei
1112 2531 1375 2595 nominat,
1400 2538 1455 2586 et
1480 2527 1874 2595 sanctificatos,

277 2634 340 2681 ct
358 2633 579 2681 vocatos
596 2634 843 2692 sanctos;
862 2626 995 2681 istos
1011 2633 1191 2681 autem
1212 2632 1447 2691 tantum,
1468 2642 1488 2678 ‹
1507 2626 1603 2695 qui
1622 2623 1876 2683 invocant

277 2732 483 2773 nomen
509 2718 722 2775 Domini
744 2718 917 2774 nostri
939 2717 1067 2773 Jesu
1095 2717 1318 2772 Christi.
1349 2737 1368 2768 ι
1403 2717 1472 2773 Et
1494 2718 1616 2774 vide
1640 2733 1707 2774 ne
1732 2717 1875 2775 forte

276 2807 391 2862 ista
421 2807 724 2863 adversitas
761 2807 885 2863 tale-
905 2807 1107 2876 aliquid
1144 2808 1623 2878 ostendat,quale
1651 2817 1706 2864 et
1737 2823 1875 2879 pra:-

275 2914 411 2955 sens
452 2898 668 2953 videtur
698 2898 898 2953 habere
942 2897 1266 2969 capitulum,
1314 2898 1368 2953 in
1412 2914 1522 2969 quo
1562 2900 1722 2955 docet
1765 2915 1873 2959 non

277 3002 444 3061 posse
467 2989 703 3042 invocari
734 3003 930 3044 nomen
964 2986 1195 3053 Domini,
1228 2989 1331 3053 nisi
1353 2990 1503 3060 prius
1531 2991 1787 3047 credatur
1818 2990 1871 3045 in

277 3079 582 3136 Christum.
637 3078 769 3137 Cum
834 3088 1016 3135 autem
1076 3080 1373 3137 crediderit
1429 3082 1554 3151 quis
1619 3080 1870 3147 Christo,

278 3169 500 3224 etiamsi
533 3167 769 3223 nondum
806 3154 1313 3234 sanctiﬁcatus‘sit,
1363 3180 1418 3227 et
1460 3171 1717 3229 Ecclesia:
1747 3187 1874 3239 cor-

279 3257 404 3327 pori
455 3258 727 3322 sociatus,
782 3268 959 3313 tamen
1002 3274 1224 3327 necesse
1273 3268 1467 3331 estut
1496 3260 1610 3332 jam
1665 3263 1879 3320 invocet

281 3364 413 3409 eum
451 3350 534 3404 cui
565 3349 815 3405 credidit.
868 3350 1121 3407 Christus
1153 3352 1302 3409 enim
1332 3352 1478 3409 venit
1506 3355 1765 3411 mundum
1795 3371 1880 3413 re-

282 3438 581 3495 conciliare
608 3436 737 3504 Deo,
770 3448 824 3496 et
850 3440 1134 3497 credentes
1159 3441 1261 3498 sibi
1286 3442 1485 3501 oﬂ‘erre
1510 3443 1676 3501 Patri.
1733 3445 1881 3514 Quos

285 3524 655 3591 autemoffert
673 3531 840 3599 Patri,
864 3531 1099 3604 Spiritus
1128 3546 1348 3590 sanctus
1378 3536 1622 3609 suscipit,
1652 3547 1714 3592 ut
1752 3552 1879 3593 san-

287 3621 494 3681 ctificet
530 3636 645 3688 eos,
682 3632 739 3677 et
769 3631 1024 3693 tanquam
1067 3625 1305 3681 caelestis
1348 3625 1604 3682 Ecclesiae
1641 3627 1880 3698 primiti-

290 3730 483 3769 vorum
515 3715 754 3779 membra
789 3717 1026 3772 viviticet
1045 3757 1062 3784 ,
1089 3726 1253 3787 atque
1282 3718 1341 3774 in
1364 3718 1687 3776 soliditatem
1713 3720 1881 3778 totius

290 3807 540 3877 corporis
582 3807 1081 3880 perfectionemque
1124 3811 1399 3878 restituat,
1445 3821 1502 3868 et
1543 3812 1618 3867 ita
1664 3812 1879 3871 demum

291 3898 537 3956 Ecclesia
596 3899 688 3954 Dei
736 3916 839 3954 non
897 3901 1092 3956 habens
1146 3900 1413 3955 maculam
1472 3916 1636 3972 neque
1693 3916 1880 3972 rugam

291 3990 553 4061 appellari
598 3999 871 4047 mereatur
911 3990 1153 4061 (Ephes.
1199 3991 1288 4063 v).
1342 3991 1502 4047 Prius
1545 4003 1674 4063 ergo
1718 4006 1880 4062 quam

294 4081 366 4136 ad
397 4079 623 4152 gradum
676 4082 834 4137 istius
888 4081 1239 4152 perfectionis
1279 4079 1574 4148 accedant,
1626 4091 1880 4153 tanquam

293 4171 611 4239 mediatoris
638 4172 733 4227 Dei
763 4181 820 4229 et
859 4172 1135 4232 hominum
1166 4172 1419 4228 invocant
1444 4188 1640 4229 nomen
1662 4172 1880 4229 Domini

294 4262 467 4317 nostri
497 4257 626 4316 Jesu
673 4260 877 4321 Christi
912 4277 933 4315 ε’
959 4271 1145 4332 postea
1173 4277 1304 4318 vero
1332 4278 1493 4333 quam
1522 4261 1756 4334 Spiritus
1784 4262 1879 4319 Dei

296 4349 464 4407 fuerit
503 4352 556 4407 in
586 4352 749 4407 corde
777 4367 967 4407 eorum
1013 4352 1275 4418 clamans,
1314 4354 1460 4408 Abba
1491 4349 1656 4408 Pater
1680 4353 1707 4426 (’
1728 4352 1878 4409 Rom.

294 4455 393 4495 vm
422 4439 467 4511 ),
515 4441 629 4511 ipse
677 4441 913 4514 Spiritus
942 4457 1035 4499 eos
1077 4444 1240 4499 etiam
1285 4458 1487 4499 nomen
1531 4443 1705 4500 Patris
1751 4444 1883 4501 edo-

297 4539 387 4589 cet
432 4532 702 4589 invocare.
750 4534 874 4589 ldeo
926 4548 1077 4604 ergo,
1105 4532 1387 4606 quomodo,
1435 4535 1627 4606 inquit,
1672 4534 1903 4593 inwcaw

299 4625 465 4689 bunt,
505 4624 559 4679 in
604 4641 757 4696 quem
806 4642 910 4680 non
949 4626 1323 4681 crediderunt?
1364 4636 1419 4683 et
1459 4628 1512 4683 in
1559 4628 1663 4684 hoc
1693 4627 1885 4684 arctis-

300 4716 437 4769 sima
466 4730 560 4779 eos
588 4715 934 4772 conclusione
963 4716 1304 4789 constringit.
1340 4716 1520 4791 Salus,
1557 4717 1752 4790 inquit,
1776 4733 1884 4773 non

1974 1901 2040 1942 ea
2077 1900 2186 1941 non
2209 1884 2523 1955 praedicent,
2546 1884 2673 1955 quia
2700 1899 2804 1939 non
2836 1886 3161 1953 mittuntur;
3194 1887 3341 1942 nullo
3379 1896 3561 1944 autem

1974 1982 2304 2052 praedicante
2328 1994 2437 2035 non
2466 1980 2709 2044 audient,
2727 1994 2834 2035 non
2858 1979 3144 2035 audientes
3169 1994 3300 2039 vero
3314 1994 3421 2033 non
3444 1994 3564 2039 cre-

1974 2074 2136 2142 dent;
2167 2088 2273 2129 non
2300 2062 2586 2131 credentes
2611 2080 2792 2127 autem
2823 2086 2929 2127 non
2960 2071 3321 2136 invocabant;
3350 2084 3457 2125 non
3481 2070 3564 2124 in-

1974 2176 2232 2224 vocantes
2252 2181 2369 2223 non
2385 2165 2772 2222 salvabuntur:
2798 2145 3072 2233 colligitur
3091 2176 3158 2218 ex
3190 2162 3295 2227 his,
3317 2172 3376 2216 ut
3399 2176 3563 2219 causa

1974 2275 2083 2332 qua
2128 2274 2239 2317 non
2276 2267 2405 2316 sunt
2442 2258 2668 2325 salvati,
2709 2257 2777 2314 ad
2819 2257 3011 2313 vitium
3069 2256 3255 2311 redeat
3301 2254 3561 2319 auctoris,

1975 2353 2119 2424 quod
2162 2365 2271 2408 non
2309 2350 2523 2407 miserit
2552 2350 2928 2421 przedicantes.
2963 2346 3069 2404 Sed
3107 2347 3280 2418 magis
3306 2346 3375 2401 ad
3414 2345 3563 2401 illum

1976 2460 2097 2509 nos,
2127 2443 2219 2516 qui
2241 2442 2443 2499 rectior
2475 2450 2578 2509 est,
2610 2438 2979 2510 intelligentiae
3008 2438 3284 2496 tramitem
3313 2434 3566 2493 dedecui-

1976 2549 2129 2601 mus;
2150 2542 2207 2590 et
2227 2536 2371 2605 quod
2396 2533 2550 2600 dixit,
2568 2531 2844 2600 Quomodo
2865 2539 3040 2589 autem
3066 2528 3448 2601 prrcdicabunt,
3465 2529 3566 2583 nisi

1976 2628 2291 2685 mittantur?
2313 2627 2394 2684 sic
2420 2625 2765 2697 accipiamus,
2782 2622 2937 2695 quasi
2959 2621 3407 2693 dicatApostolus
3425 2639 3437 2676 :
3458 2619 3573 2677 Nos

1976 2735 2259 2794 pmcones
2317 2729 2373 2776 et
2424 2718 2808 2791 praedicatores
2855 2715 3059 2773 Christi
3110 2730 3218 2771 non
3278 2729 3565 2786 possemus

1975 2813 2294 2884 pmdicare,
2339 2826 2439 2867 nec
2479 2810 2838 2867 annuntiandi
2878 2808 3035 2866 nobis
3067 2809 3240 2866 virtus
3279 2808 3388 2864 ulla
3433 2809 3563 2865 sub—

1974 2906 2211 2971 sisteret,
2244 2905 2349 2960 nisi
2377 2904 2595 2961 adesset
2636 2901 2795 2958 nobis
2837 2901 2951 2972 ipse
2998 2901 3091 2973 qui
3121 2901 3286 2959 misit.
3324 2900 3479 2968 Quod
3519 2899 3566 2955 si

1973 2995 2393 3070 praedicantibus
2434 2994 2590 3051 nobis
2634 2993 2822 3049 audire
2857 3008 2964 3048 non
3015 2992 3195 3059 vultis,
3237 3002 3416 3048 vestra
3451 2992 3564 3063 jam

1979 3090 2139 3162 culpa
2160 3096 2275 3154 est,
2313 3096 2370 3143 et
2392 3086 2438 3145 si
2478 3086 2761 3143 audientes
2787 3100 2892 3141 non
2923 3084 3165 3149 creditis,
3214 3093 3272 3140 et
3313 3099 3421 3138 non
3447 3098 3569 3139 cre-

1982 3182 2172 3238 dentes
2200 3195 2305 3235 non
2335 3178 2622 3246 invocatis,
2660 3187 2717 3234 et
2758 3193 2868 3234 non
2918 3177 3235 3235 invocantes
3281 3172 3414 3234 salvi
3444 3192 3569 3233 esse

1978 3271 2244 3341 nequitis.
2277 3270 2413 3338 Quia
2448 3283 2583 3340 ergo
2612 3268 2763 3324 missi
2813 3276 2942 3324 sunt
2983 3268 3053 3324 ad
3088 3268 3527 3340 praedicationem
3550 3309 3565 3332 ,

1980 3363 2186 3419 idcirco
2214 3361 2282 3417 de
2307 3361 2392 3417 his
2420 3361 2512 3432 qui
2539 3361 2608 3414 ah
2641 3359 2760 3431 ipso
2788 3359 2942 3416 missi
2981 3368 3109 3419 sunt
3139 3360 3415 3430 scriptum'
3437 3366 3522 3415 est
3550 3377 3563 3412 :

2053 3454 2226 3523 Quam
2252 3454 2471 3524 speciosi
2500 3452 2653 3525 pedes
2685 3452 3152 3525 euangelizantium
3191 3468 3394 3524 pacem,
3416 3468 3573 3507 evan-

1981 3544 2321 3616 gelizantium
2348 3543 2503 3599 bona.
2522 3542 2758 3614 (Ambr.)
2777 3541 2891 3598 Hoc
2913 3543 3176 3613 propheta
3191 3542 3323 3597 dicit
3336 3539 3564 3596 Nahum.

1981 3639 2155 3698 Pedes
2175 3638 2404 3697 dicendo
2432 3638 2722 3693 adventum
2748 3636 3019 3709 signiﬁcat
3055 3636 3423 3707 apostolorum
3455 3636 3568 3691 cir-
3608 3630 3613 3635 ’

1981 3731 2353 3787 cumeuntium
2402 3728 2694 3793 mundum,
2744 3735 2800 3782 et
2854 3732 3081 3798 mgnum
3134 3725 3228 3780 Dei
3273 3725 3570 3780 adventare

1981 3821 2428 3893 pradicantium;
2456 3820 2719 3875 advenms
2755 3818 2900 3874 enim
2942 3819 3181 3888 ipsorum
3230 3816 3568 3873 illuminabat

1984 3913 2249 3978 homines,
2280 3911 2420 3966 viam
2444 3909 2756 3973 ostendens,
2780 3923 2886 3978 qua
2911 3909 3021 3963 itur
3047 3908 3100 3962 in
3120 3921 3253 3978 pace
3276 3907 3343 3964 ad
3371 3906 3564 3973 Deum,

1982 4016 2144 4073 quam
2172 4001 2407 4072 primum
2433 3997 2671 4056 Joannes
2716 3997 2957 4068 Baptista
2979 3984 3206 4054 venerat
3233 4011 3563 4068 praeparare.

1984 4095 2109 4151 Haec
2139 4110 2246 4165 pax
2274 4101 2378 4158 est,
2407 4092 2477 4148 ad
2502 4104 2667 4162 quam
2710 4088 2972 4161 festinant
3013 4090 3297 4145 credentes
3324 4090 3380 4144 in
3403 4088 3565 4145 Chri-

1982 4198 2148 4243 stum.
2182 4186 2422 4257 Denique
2451 4191 2672 4241 sanctus
2701 4180 2941 4247 Simeon,
2974 4182 3101 4252 quia
3135 4182 3190 4236 in
3228 4182 3427 4237 mundo
3451 4182 3567 4236 dis-

1983 4280 2166 4337 cordia
2212 4286 2315 4343 est,
2376 4276 2534 4333 lmtus
2578 4274 2632 4333 in
2686 4282 2809 4330 ortu
2855 4273 3195 4330 Salvatoris:
3230 4271 3408 4336 Nunc,
3466 4271 3566 4335 ait,

1978 4369 2229 4432 Domine,
2281 4368 2482 4425 dimitte
2522 4381 2728 4422 seruum
2764 4374 2912 4420 tuum
2950 4365 3004 4419 in
3050 4380 3180 4434 pace
3219 4360 3392 4434 (Luc.
3438 4378 3477 4416 ιι
3509 4361 3563 4433 ):

1985 4458 2110 4531 quia
2141 4470 2364 4528 regnum
2387 4454 2485 4511 Dei
2511 4470 2616 4525 pax
2643 4461 2764 4510 est:
2802 4454 2950 4509 omni
2983 4453 3127 4511 enim
3147 4461 3423 4523 amputata
3458 4452 3567 4507 dis-

1987 4548 2174 4607 cordia
2214 4560 2408 4603 omnes
2430 4546 2522 4601 uni
2562 4545 2675 4601 Deo
2708 4560 2848 4619 genu
2877 4544 3114 4601 nectent.
3142 4544 3381 4615 Denique
3406 4541 3566 4599 Jeru-

1986 4638 2158 4696 salem
2189 4637 2437 4708 superior
2463 4636 2655 4693 civitas
2674 4635 2812 4692 visio
2831 4635 2985 4707 pacis
3014 4635 3425 4706 interpretatur,
3446 4651 3570 4706 qua:

1985 4739 2071 4789 est
2097 4737 2271 4786 mater
2298 4735 2501 4785 nostra.
2530 4726 2728 4801 (Orig.)
2752 4727 2908 4797 Quod
2932 4735 3114 4783 autem
3139 4726 3307 4800 pedes
3328 4728 3420 4783 hic
3446 4742 3567 4798 spe-

299 4817 388 4863 est
416 4806 519 4862 nisi
550 4808 844 4863 invocanti.
887 4807 1056 4865 Nemo
1081 4823 1211 4864 vero
1236 4809 1450 4865 invocat
1493 4809 1586 4879 qui
1624 4826 1730 4866 non
1767 4825 1888 4865 cre-
1989 4821 2168 4878 ciosos
2194 4835 2301 4876 ηοη
2322 4819 2631 4890 corporales
2659 4819 2752 4875 sed
2783 4817 3057 4890 spiriiates
3076 4819 3243 4884 dicat,
3268 4827 3399 4889 ριιιο
3424 4820 3568 4889 quod

302 4896 401 4953 dit.
435 4897 575 4967 Ergo
618 4898 742 4966 quia
776 4914 883 4953 non
920 4899 1161 4965 creditis,
1192 4914 1299 4953 non
1338 4899 1641 4967 invocatis;
1673 4910 1729 4956 et
1758 4902 1885 4973 quia

304 5007 412 5047 non
443 4991 724 5057 invocatis,
750 5007 855 5047 non
889 4991 1190 5047 salvamini.
1230 4988 1336 5047 Sed
1367 4993 1628 5063 quomodo
1673 4995 1883 5049 credent

303 5087 376 5152 ei,
406 5101 558 5158 quem
587 5102 690 5140 non
708 5086 1035 5167 audierunt?
1060 5084 1258 5159 (Orig)
1282 5086 1433 5156 Quod
1453 5105 1566 5145 non
1598 5090 1883 5147 audierunt

303 5194 592 5253 possumus
627 5182 706 5237 sic
761 5180 1082 5253 intelligere,
1124 5182 1250 5254 quia
1277 5184 1360 5239 vel
1390 5184 1563 5255 ipsum
1612 5185 1665 5242 in
1718 5201 1884 5242 carne

304 5268 564 5342 positum,
580 5272 662 5327 vel
685 5272 969 5343 Apostolos
991 5271 1110 5342 ejus
1133 5272 1491 5341 praedicantes
1519 5277 1587 5330 de
1612 5290 1677 5332 eo
1697 5276 1884 5331 audire

306 5361 599 5417 noluerint.
624 5359 713 5416 Sic
738 5362 882 5417 enim
909 5373 966 5417 et
1007 5363 1120 5433 ipse
1164 5362 1427 5419 Dominus
1449 5362 1582 5420 dicit
1607 5384 1619 5418 :
1655 5364 1760 5432 Qui
1796 5382 1883 5420 nos

308 5453 478 5516 audit,
502 5470 583 5519 me
617 5454 765 5508 audit
788 5468 805 5505 :
829 5463 876 5508 et
899 5458 988 5529 qui
1017 5471 1105 5511 nos
1144 5459 1360 5528 spernit,
1402 5474 1483 5512 me
1505 5461 1700 5528 spernit
1725 5458 1878 5532 (Luc.

311 5544 389 5613 ι).
419 5544 601 5600 Potest
625 5555 807 5601 autem
838 5547 1017 5602 ethoc
1038 5546 1285 5620 intelligi,
1306 5550 1451 5619 quod
1474 5549 1636 5604 etiam
1665 5558 1720 5604 et
1741 5564 1883 5605 nunc

309 5648 365 5693 et
391 5653 603 5707 semper
641 5638 892 5694 Christus
921 5646 1178 5709 tanquam
1207 5640 1443 5697 Verbum
1484 5650 1539 5697 et
1566 5640 1727 5697 Ratio
1768 5643 1887 5697 uni-

313 5729 509 5800 cuique
553 5712 802 5801 loquatur
848 5730 903 5784 in
938 5731 1122 5795 corde,
1146 5740 1203 5786 et
1237 5731 1303 5787 de
1342 5733 1544 5805 pietate
1579 5734 1789 5800 doceat,
1820 5734 1887 5789 de

780 5826 1068 5887 Ριτιιοι..
1120 5823 1290 5887 CXI.

1990 4915 2237 4985 quamvis
2262 4913 2470 4968 amicus
2495 4912 2567 4967 sit
2595 4910 2719 4983 quis
2744 4910 2960 4978 litterae,
2998 4924 3198 4983 negare
3228 4926 3336 4965 non
3371 4911 3562 4981 possit.

1988 5003 2171 5075 Neque
2184 5005 2327 5060 enim
2344 5004 2398 5059 in
2416 5003 2468 5058 id
2484 4990 2692 5059 ridiculi
2710 5002 2939 5081 deducet
2952 5000 3305 5072 apostolicum
3322 5016 3538 5057 sensum
3551 5042 3564 5066 ,

1987 5104 2048 5150 ut
2071 5092 2535 5165 Evangelistarum
2569 5094 2736 5164 pedes
2769 5092 2861 5161 qui
2895 5092 3170 5161 corporeis
3199 5090 3371 5147 oculis
3396 5092 3563 5151 viieri

1990 5192 2235 5258 possunt,
2269 5193 2421 5255 putet
2448 5185 2517 5239 ab
2544 5198 2610 5238 eo
2634 5183 2861 5238 decoros
2888 5181 2992 5239 dici
3021 5190 3076 5238 et
3123 5182 3397 5252 speciosus
3471 5185 3564 5238 sed

1994 5277 2068 5333 illi
2098 5287 2223 5333 sunt
2266 5277 2447 5333 decori
2478 5284 2532 5331 et
2560 5275 2789 5346 speciosi
2834 5275 3018 5345 pedes,
3043 5275 3134 5344 qui
3165 5274 3442 5330 ambulant
3469 5290 3567 5346 per

1991 5368 2133 5422 viam
2158 5368 2301 5421 vitae.
2335 5365 2640 5419 Secundum
2664 5364 2812 5419 illum
2841 5362 2984 5419 enim
3007 5365 3098 5434 qui
3119 5365 3287 5419 dixit:
3312 5363 3426 5434 Ego
3450 5379 3566 5419 sum

1990 5460 2071 5514 via
2100 5457 2282 5530 (Joan.
2320 5456 2455 5528 xiv),
2487 5455 2723 5527 intelligo
2762 5457 2988 5513 decoros
3019 5465 3076 5509 et
3101 5455 3374 5525 speciosus
3404 5469 3568 5509 cvan~

1992 5542 2337 5622 gelizantium
2392 5549 2577 5620 pedes,
2623 5549 2714 5619 qui
2760 5562 2861 5618 per
2908 5549 3067 5604 talem
3110 5547 3252 5602 viam
3287 5558 3568 5602 tuerentur

1995 5639 2262 5696 incedere.
2312 5637 2403 5694 lsti
2437 5647 2563 5694 sunt
2602 5639 2769 5710 pedes
2803 5639 2999 5708 quibus
3033 5647 3089 5692 et
3118 5636 3315 5692 Paulus
3346 5652 3567 5693 ciu-smn

1991 5731 2300 5787 cucurrisse
2346 5746 2405 5787 se
2450 5732 2621 5800 dixit,
2679 5742 2733 5790 et
2786 5731 2866 5788 sic
2915 5743 3169 5792 currere,
3209 5739 3271 5786 ut
3316 5746 3568 5801 compre-

3057 5822 3131 5884 53
