4026 6180
503 327 643 384 1515
1139 318 1201 372 Β.
1245 313 1499 373 RABANI
1539 309 1756 368 MAURI
1796 307 2111 365 ARCIHEP.

2216 307 2464 364 DGUNT.
2491 307 2774 366 OPERIJM
2815 307 2993 366 PARS
3029 308 3115 364 ill.
3642 305 3785 364 1518

501 445 701 503 pendat
725 439 778 513 (l
811 437 934 496 Cor.
969 453 1058 502 ix;
1092 433 1153 488 11
1190 433 1324 487 Tim.
1359 434 1457 501 tv),
1499 429 1551 482 id
1583 436 1666 482 est
1700 425 1852 496 vigor
1885 424 2078 478 anima:
2107 428 2150 484 Α
2182 421 2253 478 ita
2283 436 2338 479 et
2365 442 2506 480 nunc
2529 435 2632 481 est.
2678 425 2863 498 (Orig.
2889 427 2906 496 )
2935 426 3087 493 Quod
3119 409 3246 496 ergo
3275 426 3428 496 ponit
3459 427 3782 496 Apostolus.

501 554 608 611 quo
647 534 890 590 tenditur
938 539 993 584 et
1041 535 1364 598 properatur
1423 523 1489 576 ad
1549 519 1768 574 cwlum.
1822 514 2082 611 Gratilice

2216 519 2310 588 uia
2349 519 2516 574 Isaias
2560 519 2801 574 dixerit:
2842 519 3093 584 Domine,
3140 521 3256 590 quis
3303 520 3530 572 credidit
3570 520 3786 572 audituri

502 603 680 685 autem
731 625 894 696 pedes
944 622 1076 675 istos
1128 629 1249 672 esse
1293 612 1552 676 ﬁrmal,is,
1603 625 1740 679 quos
1772 605 1930 663 Jcsus
1975 603 2083 659 dis-
2185 611 2548 681 nostroiquis
2577 626 2677 681 pro
2711 624 2832 663 raro
2860 611 3060 664 dictum
3093 618 3196 674 est,
3241 619 3294 664 et
3337 608 3644 664 observare
3690 610 3786 666 de-

502 719 695 789 cipulis
749 718 914 778 lavat,
945 722 999 768 et
1049 711 1220 766 linteo
1269 721 1376 778 quo
1425 705 1748 775 pratcinctus
1790 708 1875 755 est
1925 698 2086 769 tergit
2185 704 2394 765 bemus,
2436 703 2578 772 quod
2611 717 2792 758 sermo
2817 703 2906 757 hic
2941 703 2992 757 in
3035 701 3333 773 Scripturis
3371 703 3651 758 interdum
3690 718 3788 773 pro

504 814 690 886 (Joan.
717 806 867 877 xm);
896 813 951 859 et
981 801 1228 873 quamvis
1258 796 1526 868 corporali
1561 804 1687 848 tunc
1715 807 1776 862 sp
1795 792 1894 846 ‘cie
1923 789 2086 844 fuerit
2187 808 2332 858 raro,
2353 794 2623 848 interdum
2651 809 2752 863 pro
2775 792 2922 846 nullo
2941 794 3163 848 omnino
3187 795 3445 863 ponitur:
3476 793 3632 848 verbi
3666 809 3791 866 gra-

504 882 802 974 hnpletnm,
825 909 1004 953 tamen
1029 895 1190 949 Petro
1221 894 1324 947 hoc
1352 890 1522 945 solum
1553 886 1694 958 quod
1721 883 1836 940 ﬁeri
1871 882 2088 938 videbat

507 991 856 1063 intelligenti,
899 997 953 1042 ct
999 985 1150 1056 quasi
1194 984 1415 1039 honoris
1453 993 1640 1043 causa,
1684 991 1752 1031 ne
1797 975 1897 1029 sibi
1931 987 2090 1028 servo

507 1087 670 1156 pedes
715 1086 920 1140 laval‘et
961 1080 1218 1135 Dominus
1257 1074 1560 1138 excusanti,
1605 1071 1728 1128 audi
1757 1085 1936 1140 .quam
1968 1083 2090 1139 pro-

511 1181 658 1235 t'undi
691 1175 930 1250 mysterii
975 1173 1220 1243 proditur
1247 1182 1457 1224 sermo:
1489 1165 1546 1220 Si
1570 1178 1636 1230 te,
1668 1163 1859 1233 inquit,
1887 1177 1987 1214 non
2015 1159 2093 1212 la-

507 1289 648 1336 rcro,
705 1287 809 1323 non
869 1265 1080 1318 habebis
1134 1271 1332 1332 partem
1385 1273 1606 1311 merum.
1665 1251 1907 1324 Speciosi
1965 1265 2094 1321 ergo

509 1374 634 1420 sunt
665 1362 828 1433 pedes
862 1353 1346 1427 evangelizantium
1375 1352 1536 1413 bona,
1582 1358 1635 1401 et
1672 1354 1953 1418 propterea
1987 1357 2093 1396 non

511 1455 626 1508 vult
645 1468 738 1508 eos
773 1449 1032 1503 Dominus
1059 1445 1213 1500 Jesus
1239 1440 1621 1498 calceamentis
1659 1437 1892 1506 Operire,
1925 1441 1980 1487 et
2005 1447 2097 1486 oc-

512 1550 720 1605 cultare
746 1544 981 1616 speciem
1033 1540 1344 1611 pulchram,
1375 1536 1468 1590 sed
1518 1533 1761 1604 prmeipit
1796 1531 1876 1584 eis
1926 1542 2100 1597 neque

511 1640 938 1696 caleeamcntum
981 1634 1181 1688 habere
1211 1631 1267 1685 in
1295 1630 1380 1683 via
1428 1627 1590 1698 (Luc.
1615 1623 1705 1695 χ).
1738 1623 1869 1691 Quae
1917 1629 2097 1674 autem

516 1732 654 1784 bona
671 1727 781 1782 sint
803 1741 924 1796 qum
945 1721 1339 1792 evangelizant,
1356 1719 1457 1772 hoc
1479 1723 1581 1782 est,
1605 1729 1725 1784 quae
1755 1711 2096 1773 annuntiant,

2201 885 2294 948 tia,
2327 897 2383 937 ut
2407 901 2527 940 cum
2563 888 2692 941 dicit
2719 905 2732 938 :
2767 885 2901 952 Quis
2919 887 3148 954 sapiens,
3175 897 3224 941 et
3244 887 3502 955 intel’iget
3525 888 3640 938 hcc
3663 885 3783 952 (Ps.

2199 977 2452 1044 (Νηρίς
2503 979 2632 1042 Quis
2678 978 2920 1032 ascendet
2956 981 3007 1032 in
3063 989 3290 1032 montem
3336 977 3560 1031 Domini
3613 975 3779 1048 (Psai.

2201 1073 2358 1132 χχιιι)
2381 1069 2470 1122 iet
2495 1087 2509 1123 :
2537 1069 2666 1136 Quis
2701 1083 2773 1124 est
2805 1071 2956 1124 homo
2979 1071 3068 1139 qui
3091 1071 3200 1123 ruit
3219 1071 3383 1124 vitam
3404 1068 3456 1140 (I
3482 1067 3637 1124 Petr.
3663 1071 3744 1132 nt)
3765 1070 3790 1119 ἲ

2201 1160 2254 1214 in
2275 1162 2306 1214 lt
2336 1178 2362 1213 s
2391 1164 2648 1215 omnibus
2690 1177 2871 1216 rarum
2907 1166 3022 1232 quis
3065 1162 3334 1228 signiﬁcat
3369 1181 3383 1226 ;
3414 1161 3504 1215 ubi
3541 1176 3677 1214 vero
3705 1159 3782 1214 d-

2200 1253 2269 1306 cit
2301 1271 2312 1303 :
2340 1253 2470 1318 Quis
2499 1254 2744 1307 ascendet
2775 1255 2826 1308 in
2853 1255 3034 1308 emtum
3063 1255 3089 1307 .’
3134 1257 3230 1308 lio:
3258 1265 3355 1319 est,
3385 1252 3666 1308 Christum
3700 1253 3761 1304 de

2200 1345 2387 1398 ducere
2403 1363 2425 1411 ;
2454 1347 2534 1399 uel
2563 1350 2677 1415 quis
2702 1349 2971 1401 descendet
2989 1348 3039 1400 iu
3061 1353 3306 1418 abyssum
3325 1349 3354 1404 Ρ
3371 1347 3472 1400 hoc
3506 1357 3608 1407 est,
3635 1343 3784 1399 Clari.

2201 1450 2334 1492 stum
2358 1439 2622 1494 amortuis
2645 1439 2891 1493 reducere
2909 1455 2929 1494 :
2955 1439 3044 1494 hic
3073 1439 3190 1508 quis
3215 1437 3398 1492 nullus
3431 1437 3781 1504 intelligitur.

2201 1529 2391 1586 Nullus
2423 1543 2504 1584 cst
2549 1531 2691 1585 enim
2735 1531 2825 1600 qui
2861 1531 3106 1586 ascendit
3138 1531 3193 1584 in
3248 1529 3447 1584 cadum
3505 1527 3784 1584 Christum

2202 1622 2328 1678 inde
2358 1621 2643 1679 deducere.
2674 1623 2824 1678 Nune
2845 1637 2994 1692 ergo,
3021 1622 3261 1686 Domine,
3279 1622 3398 1688 quis
3428 1620 3666 1674 credidit
3691 1636 3788 1672 au-

2200 1715 2340 1770 ditui
2382 1715 2605 1770 nostro?
2637 1716 2776 1785 quod
2825 1717 2956 1768 dicit
2994 1714 3185 1778 Isaias,
3236 1730 3421 1769 rarum
3451 1714 3578 1776 quis
3613 1712 3786 1783 signi-

515 1793 1110 1885 videamusdQuamvis
1140 1811 1450 1880 hoc'ipsum
1491 1808 1631 1879 quod
1677 1806 1807 1861 dicit
1842 1801 2104 1874 evangeli-
2132 1798 2178 1856 Β
2207 1807 2350 1862 ﬁcat.
2407 1793 2561 1861 Scire
2613 1813 2791 1858 tamen
2844 1818 2942 1858 nos
3002 1799 3256 1857 convenit
3312 1798 3492 1868 quod,
3553 1797 3696 1851 Dom
3723 1814 3800 1857 ne,

517 1923 663 1977 rare,
696 1910 1085 1978 interpretetur
1104 1903 1244 1958 bona
1275 1899 1620 1964 annuntiare,
1645 1912 1763 1967 quae
1791 1895 1898 1951 sint
1919 1903 2100 1948 tamen

518 2005 655 2056 bona
695 2011 813 2070 quae
856 1996 1014 2052 bonis
1044 1991 1270 2058 addidit,
1316 1992 1674 2058 requiramus.
1724 1987 1897 2044 Unum
1927 1996 1982 2041 et
2007 2001 2099 2040 ve—

521 2109 638 2148 rum
696 2091 896 2145 bonum
947 2094 1032 2142 est
1076 2085 1248 2148 Deus,
1294 2081 1446 2150 cujus
1498 2081 1676 2152 imago
1713 2077 1971 2134 bonitatis
2020 2085 2104 2133 est

523 2182 712 2246 Filius,
763 2190 818 2233 et
873 2176 1109 2247 Spiritus
1137 2175 1287 2244 ejus,
1335 2174 1426 2243 qui
1475 2172 1674 2226 dicitur
1723 2172 1917 2226 bonus.
1955 2168 2102 2222 Istud

519 2288 650 2343 ergo
691 2284 856 2325 unum
890 2269 1114 2332 bonum,
1144 2265 1268 2336 quia
1299 2264 1352 2318 in
1383 2264 1494 2318 Deo
1536 2261 1720 2325 Patre,
1768 2269 1824 2314 et
1861 2259 2016 2322 Filio,
2049 2267 2106 2314 et

521 2363 724 2433 Spiritu
749 2367 939 2416 sancto
982 2366 1090 2424 est,
1130 2357 1271 2412 bona
1327 2354 1654 2419 nominavit;
1683 2354 1788 2410 hoc
1830 2360 1914 2408 est
1957 2351 2102 2406 enim

522 2453 664 2526 quod
686 2451 1010 2507 annuntiant
1048 2449 1406 2520 Evangelistae
1434 2446 1728 2503 secundum
1773 2453 2104 2516 praeceptum

525 2542 736 2598 Domini
791 2549 845 2596 et
898 2540 1199 2596 Salvatoris
1245 2539 1416 2594 nostri
1452 2536 1725 2594 dicentis:
1770 2535 1872 2602 Ite,
1927 2535 2108 2589 docete

523 2649 700 2688 omnes
737 2642 929 2704 gentes,
981 2631 1304 2701 baptizantes
1339 2645 1424 2684 eos
1466 2629 1522 2682 in
1560 2627 1768 2681 nomine
1811 2625 2014 2689 Patris,
2055 2633 2105 2678 et

529 2724 676 2790 Filii,
700 2733 749 2778 et
777 2722 1004 2793 Spiritus
1041 2721 1210 2776 sancti
1237 2719 1461 2790 (Matth.
1504 2731 1673 2773 xxvnt
1699 2734 1714 2784 ;
1745 2715 1912 2771 Marc.
1944 2731 2036 2769 xv:
2062 2715 2104 2788 ).

529 2816 651 2871 llam
675 2821 802 2870 sunt
825 2827 956 2884 ergo
974 2810 1462 2880 evangelizantium
1482 2808 1644 2864 bona.
1663 2807 1770 2863 Sed
1784 2806 2038 2878 quoniam
2054 2814 2110 2860 et

528 2907 640 2975 ipse
664 2905 836 2960 bonus
859 2903 1082 2960 nuntius
1111 2902 1329 2967 dicitur,
1359 2909 1414 2956 et
1442 2899 1691 2956 nuntiare
1723 2897 1791 2956 de
1811 2898 1986 2960 bonis,
2019 2895 2108 2950 illa

525 3000 598 3054 sit
653 3000 792 3052 ratio
839 2997 981 3066 quod
1029 3011 1136 3050 non
1179 2993 1351 3049 solum
1395 2993 1538 3048 bona
1587 2991 1870 3054 nuntiant,
1915 2986 2010 3044 sed
2056 2995 2113 3042 et

530 3091 668 3144 bene
699 3090 836 3144 bona
866 3087 1132 3142 nuntiant.
1165 3085 1301 3141 Sunt
1327 3085 1473 3140 enim
1507 3082 1748 3139 nonnulli
1776 3081 1865 3152 qui
1895 3095 2108 3138 annun—

2202 1897 2317 1970 quis
2339 1895 2558 1951 credidit
2581 1893 2787 1948 auditui
2807 1893 3024 1947 nostra?
3044 1893 3097 1948 in
3123 1891 3366 1947 Hebraeis
3389 1888 3802 1960 exemplaribus

2203 1989 2427 2044 Domine
2458 2003 2564 2043 non
2589 1987 2806 2049 haheat,
2838 1986 2932 2041 sed
2962 1987 3016 2041 in
3042 1985 3506 2055 interpretatione
3536 1980 3688 2038 LXX
3724 1998 3804 2037 se-

2204 2081 2418 2136 niorum
2443 2080 2542 2147 sit;
2571 2075 2928 2148 etApostolus
2948 2077 3052 2132 hoc
3067 2077 3324 2148 probans,
3343 2077 3489 2145 quod
3515 2075 3666 2144 apud
3691 2074 3808 2129 illos

2204 2183 2310 2238 est,
2333 2171 2534 2244 posuit,
2565 2169 3040 2226 Dominc.Videtur
3053 2178 3232 2224 tamen
3245 2169 3416 2224 Isaias
3437 2169 3560 2223 hate
3587 2183 3659 2222 ex
3687 2181 3810 2237 per~

2205 2279 2338 2320 sona
2362 2261 2743 2334 Apostolorum
2771 2262 3117 2333 prophetare,
3157 2259 3352 2332 quibus
3379 2259 3660 2315 creditum
3695 2258 3812 2314 fue-

2207 2365 2291 2410 rat
2338 2353 2740 2426 praedicationis
2787 2349 3060 2418 ollicium;
3101 2359 3158 2406 et
3204 2351 3307 2421 ipsi
3355 2365 3480 2406 cum
3519 2349 3809 2404 raritatem

2207 2447 2541 2504 credentium
2579 2446 2851 2517 praecipue
2877 2443 2942 2499 de
2968 2442 3164 2514 populo
3202 2441 3372 2498 Israel
3406 2441 3686 2507 viderent,
3734 2440 3816 2495 di-

2207 2549 2338 2594 cunt
2383 2537 2448 2592 ad
2492 2535 2819 2592 Dominum:
2857 2535 3102 2604 Domine,
3147 2535 3263 2606 quis
3315 2534 3542 2588 credidit
3597 2533 3813 2587 audiui

2205 2639 2384 2684 nostro
2408 2630 2432 2684 2
2460 2629 2528 2684 Et
2555 2629 2598 2684 si
2622 2628 2689 2683 ad
2715 2642 3004 2698 personam
3034 2626 3274 2697 ipsorum
3297 2623 3707 2696 Prophetarum
3735 2639 3816 2679 rc-

2209 2721 2459 2779 feruntur
2487 2722 2603 2777 lure
2633 2722 2817 2787 verba,
2864 2719 3019 2790 quasi
3061 2719 3154 2790 qui
3184 2715 3328 2788 apud
3354 2715 3652 2772 Dominum
3682 2731 3816 2771 con-

2209 2822 2512 2884 querantur
2537 2812 2682 2883 quod
2705 2811 2788 2866 his
2814 2825 2934 2880 qua:
2957 2810 3024 2864 de
3063 2809 3285 2864 Christo
3331 2807 3812 2878 prophetaverint.

2211 2918 2371 2959 nemo
2423 2913 2518 2958 aut
2570 2903 2861 2958 admodum
2915 2901 3072 2972 pauci
3125 2915 3191 2956 ex
3241 2900 3441 2970 populo
3489 2898 3586 2952 illo
3633 2898 3816 2953 credi-

2212 2995 2413 3061 derint,
2455 3010 2560 3049 non
2605 2992 2875 3048 videbitur
2899 2991 3155 3046 alienum.
3185 2991 3292 3045 Aut
3335 3004 3442 3044 non
3480 2998 3566 3043 est
3619 2996 3816 3060 putan-

2214 3085 2376 3150 dum,
2434 3085 2559 3155 quia
2611 3083 2822 3154 Moyses
2868 3080 3014 3138 dicat
3059 3081 3126 3136 ad
3182 3079 3514 3136 Dominum:
3557 3078 3811 3142 Domine,

531 3179 670 3232 tiant
698 3177 936 3247 quidem,
959 3185 1014 3230 et
1035 3176 1330 3246 praedicant
1357 3175 1424 3230 de
1461 3173 1622 3229 Patre
1660 3181 1716 3227 et
1750 3145 1886 3227 Filio
1907 3181 1965 3226 et
1991 3169 2112 3240 Spi-
2139 3145 2184 3208 ε
2217 3145 2376 3233 nemo
2404 3145 2635 3232 credidit
2657 3145 2861 3231 auditui
2888 3176 3041 3230 meo?
3071 3173 3129 3230 Si
3155 3175 3300 3230 enim
3329 3172 3700 3230 credidissent
3727 3171 3814 3225 lit-

534 3271 638 3325 ritu
661 3277 883 3332 sancto;
916 3265 1010 3322 sed
1040 3282 1146 3320 non
1187 3266 1432 3328 sincere,
1465 3279 1570 3320 non
1613 3265 1822 3334 integre
1852 3279 1865 3315 :
1901 3270 1959 3316 ut
1988 3268 2114 3314 sunt

532 3373 722 3416 omnes
755 3357 1014 3420 haeretici,
1063 3356 1155 3424 qui
1188 3355 1406 3410 Patrem
1435 3355 1652 3424 quidem
1697 3360 1754 3407 et
1797 3351 1993 3406 Filium
2014 3392 2029 3415 ,
2059 3360 2116 3405 et

533 3451 792 3523 Spiritum
823 3455 1070 3504 sanctum
1097 3447 1448 3513 annuntiant,
1489 3446 1583 3501 sed
1613 3461 1719 3500 non
1742 3446 1898 3510 bene,
1941 3460 2116 3514 neque

537 3542 768 3597 ﬁdeliter
792 3538 1132 3594 annuntiant.
1166 3538 1273 3592 Aut
1302 3538 1445 3592 enim
1469 3537 1609 3593 male
1635 3543 1898 3608 separant
1920 3536 2115 3592 Filium

538 3649 567 3688 a
597 3633 779 3696 Patre,
824 3639 883 3685 ut
911 3629 1134 3687 alterius
1163 3638 1373 3685 natura:
1413 3629 1652 3694 Patrem,
1677 3628 1899 3686 alterius
1920 3628 2116 3684 Filium

537 3727 758 3781 dicant:
789 3729 885 3780 aut
911 3720 1051 3779 male
1093 3719 1453 3787 contundunt,
1477 3727 1539 3776 ut
1561 3720 1646 3777 vel
1681 3733 1750 3774 ex
1777 3719 1948 3776 tribus
1972 3733 2116 3774 com-

541 3818 772 3889 positum
811 3816 1001 3882 Deum,
1027 3813 1112 3870 vel
1146 3813 1300 3870 trinae
1330 3812 1700 3872 tantummodo
1745 3811 2119 3884 appellationis

541 3911 593 3968 in
621 3923 688 3963 eo
711 3923 833 3963 esse
861 3905 1182 3962 vocabulum
1223 3913 1431 3974 putent.
1469 3903 1576 3971 Qui
1613 3912 1798 3958 autem
1837 3903 1977 3961 bene
2017 3917 2116 3956 an-

547 3999 758 4054 nuntiat
787 3997 947 4063 bona,
981 3995 1340 4065 proprietates
1367 3993 1583 4064 quidem
1613 3993 1764 4049 Patri
1806 4003 1862 4048 et
1903 3993 2040 4048 Filio
2064 4001 2121 4049 et

543 4087 767 4158 Spiritui
790 4094 980 4142 sancto
1003 4097 1128 4140 suas
1155 4084 1350 4154 cuique
1371 4085 1552 4148 dabit;
1575 4083 1708 4140 nihil
1735 4091 1914 4138 autem
1938 4083 2118 4138 diver-

541 4181 719 4236 sitatis
770 4193 891 4236 esse
935 4177 1282 4234 conﬁtebitur
1319 4179 1372 4235 in
1419 4176 1722 4234 substantia
1769 4174 1852 4230 vel
1904 4183 2116 4230 natura.

544 4271 644 4339 Qui
694 4285 828 4341 ergo
871 4270 946 4324 ita
995 4267 1319 4325 annuntiant
1367 4264 1737 4336 Evangelium,
1794 4280 1899 4319 non
1947 4264 2121 4319 solum

547 4367 686 4422 bona
713 4363 1058 4428 annuntiant,
1085 4361 1180 4418 sed
1201 4359 1338 4416 bene
1359 4368 1414 4415 et
1433 4359 1590 4428 digne
1615 4357 1938 4412 annuntiant
1954 4357 2118 4412 bona.

548 4457 648 4510 Sed
674 4470 777 4509 non
802 4470 978 4508 omnes
1011 4453 1254 4508 obediuut
1299 4449 1602 4521 Evangelia.
1635 4449 1654 4520 (
1670 4449 1848 4503 Amor.
1872 4449 1892 4521 )
1920 4445 2119 4502 Verum

547 4558 650 4610 est,
677 4546 801 4616 quia
829 4544 1078 4614 quamvis
1103 4543 1408 4599 illustratur
1434 4540 1665 4596 mundus
1691 4538 1976 4609 splendore
2007 4537 2122 4592 dis-

549 4636 758 4706 ciplina:
799 4633 1130 4699 Dominicaa;
1162 4641 1289 4706 sunt
1321 4640 1502 4687 tamen
1546 4631 1639 4702 qui
1679 4637 1998 4701 repugnent,
2035 4626 2128 4697 qui

551 4729 728 4782 lumen
783 4725 1034 4780 tenebras
1073 4717 1300 4778 'voccnt.
1361 4719 1563 4778 [lorum
1615 4723 1760 4777 enim
1816 4722 1895 4777 sic
1942 4735 2128 4776 errore

550 4819 692 4875 acies
731 4818 922 4874 obtusa
958 4822 1044 4871 est
1075 4816 1292 4879 mentis,
1340 4823 1401 4868 ut
1439 4828 1540 4868 nec
1590 4813 1703 4886 veri
1732 4811 1951 4867 luminis
1983 4811 2116 4867 reci-

551 4913 698 4983 piant
717 4908 1078 4980 splendorem.
1105 4906 1252 4975 Quos
1276 4915 1496 4962 accusat
1513 4905 1879 4978 Evangelium,
1895 4907 2081 4961 dicens
2112 4924 2124 4958 :

551 5002 669 5056 Lua:
699 5001 754 5056 in
779 4999 1000 5055 tenebris
1020 4997 1176 5063 lucet,
1204 5008 1251 5053 et
1271 4996 1496 5052 tenebris
1522 5011 1636 5050 eam
1663 5012 1764 5050 non
1787 4997 2124 5065 comprehen-

549 5095 738 5155 derunt
780 5091 982 5163 (Joan.
1007 5106 1024 5144 ι
1049 5089 1088 5161 ).
1136 5087 1363 5162 [0rig.]
1412 5086 1601 5158 Neque
1645 5087 1790 5142 enim
1827 5101 2017 5140 omnes
2059 5101 2127 5140 ex

551 5185 812 5241 Gentibus
853 5182 1142 5254 Evangelio
1191 5181 1566 5255 crediderunt,
1609 5193 1782 5248 neque
1827 5191 2016 5236 omnes
2055 5192 2125 5232 es

552 5279 712 5335 Israel
744 5296 761 5332 :
789 5277 969 5347 plures
1019 5284 1220 5343 tamen,
1262 5285 1320 5331 et
1343 5275 1509 5330 multo
1537 5274 1717 5344 plures
1754 5289 1820 5328 ex
1845 5271 2125 5337 Gentibus,

553 5386 715 5439 quam
743 5370 924 5425 lsrael.
958 5369 1201 5434 Domine,
1249 5369 1365 5440 quis
1406 5369 1628 5422 credidit
1679 5367 1884 5422 auditui
1914 5367 2130 5420 nostra?

557 5461 814 5534 (Ambr.)
845 5461 959 5516 lloc
1005 5471 1107 5526 est,
1132 5463 1253 5531 quis
1289 5459 1519 5516 credidit
1546 5476 1665 5530 qum
1697 5459 1999 5514 audivimus
2033 5459 2129 5512 abs

558 5562 612 5606 te
647 5560 701 5605 et
744 5551 1049 5620 loquimur?
1077 5551 1337 5606 Firmavit
1381 5551 1697 5621 prophetico
1737 5548 2004 5620 exemplo,
2034 5547 2130 5603 Ju-

559 5639 701 5694 dam
727 5657 848 5697 esse
880 5643 1305 5703 contradictores
1351 5647 1674 5716 evangelicae:
1723 5646 1985 5700 veritatis.
2017 5643 2128 5700 Lex

559 5728 700 5780 enim
729 5727 941 5785 Judazos
971 5733 1243 5801 increpat;
1276 5735 1400 5805 quia
1433 5735 1573 5790 sicut
1605 5735 1703 5790 t‘uit
1728 5737 1865 5806 apud
1893 5746 2127 5803 veteres,

2217 3271 2349 3325 teris
2401 3270 2538 3324 meis
2561 3308 2576 3334 ,
2607 3267 2966 3323 credidissent
2993 3265 3179 3336 utique
3204 3274 3258 3322 et
3285 3265 3504 3321 Christo
3529 3279 3546 3318 :
3591 3265 3662 3319 de
3697 3265 3814 3336 ipso

2217 3361 2360 3416 enim
2389 3374 2486 3430 ego
2515 3356 2727 3428 scripsi.
2761 3355 2904 3426 Ergo
2941 3357 3072 3426 ﬁdes
3105 3373 3170 3410 ex
3204 3355 3421 3418 auditu,
3457 3353 3676 3407 auditus
3717 3369 3814 3406 an-

2218 3465 2318 3507 tem
2362 3469 2453 3522 per
2477 3454 2688 3505 verbum
2715 3447 2932 3504 Christi.
2986 3448 3157 3520 (Orig.
3181 3446 3200 3518 )
3223 3445 3324 3502 llic
3354 3447 3564 3500 verbum
3613 3441 3813 3500 Clu-isti

2221 3539 2657 3613 praedicationem
2703 3537 2772 3593 de
2819 3529 3036 3593 Christo
3083 3537 3392 3608 significat;
3437 3549 3623 3604 neque
3667 3535 3812 3588 enim

2219 3634 2294 3689 illi
2334 3631 2433 3688 soli
2486 3630 2829 3686 crediderunt
2871 3630 2964 3698 qui
3014 3631 3234 3683 verbum
3293 3630 3362 3682 ah
3409 3629 3525 3697 ipso
3590 3627 3814 3682 Christo

2221 3723 2448 3778 Domino
2467 3721 2730 3792 loquente
2782 3721 3101 3784 audierunt;
3141 3719 3233 3774 sed
3267 3717 3433 3773 multo
3459 3718 3649 3788 plures
3692 3728 3816 3773 sunt

2220 3815 2311 3884 qui
2363 3813 2488 3868 aliis
2537 3828 2661 3867 eum
2714 3811 3130 3881 praedicantibus
3177 3809 3505 3874 audierunt,
3557 3807 3708 3862 sicut
3760 3816 3816 3860 et

2219 3906 2336 3978 ipse
2365 3904 2623 3960 Dominus
2642 3903 2969 3974 prmdixerat
2995 3902 3222 3972 loquens
3245 3902 3312 3956 ad
3336 3902 3600 3956 Thomam
3624 3915 3640 3953 :
3672 3897 3812 3966 Quia

2221 3997 2398 4051 vidisti
2435 4013 2537 4061 me,
2581 3995 2792 4066 inquit,
2834 3995 3137 4059 credidisti,-
3170 3995 3307 4048 beati
3353 4010 3455 4048 non
3498 3993 3733 4048 ridentes
3771 4005 3816 4048 et

2223 4089 2487 4142 credentes
2550 4085 2752 4157 (Joau.
2805 4085 2936 4158 xx).
2980 4085 3154 4143 Omne
3204 4101 3335 4157 ergo
3384 4085 3615 4140 verbum
3672 4086 3817 4156 quod

2224 4181 2482 4250 Apostoli,
2503 4188 2555 4235 et
2577 4179 2620 4234 si
2645 4181 2736 4249 qui
2763 4179 2852 4235 alii
2873 4180 2939 4234 ab
2967 4181 3083 4250 ipso
3107 4189 3331 4249 accepta
3361 4179 3536 4250 gratia
3561 4179 3632 4236 de
3661 4178 3818 4232 (thri-

2225 4283 2308 4328 sto
2329 4274 2777 4344 prmdicaveruut,
2809 4273 3032 4328 verbum
3065 4271 3264 4327 Christi
3305 4287 3426 4328 esse
3470 4275 3814 4343 pronuntiat.

2226 4363 2334 4418 Sed
2355 4365 2484 4419 etin
2509 4363 2751 4419 Ecclesia
2773 4365 2816 4418 si
2839 4365 2960 4434 quis
2984 4366 3328 4434 sapientiam,
3343 4381 3464 4436 qum
3492 4381 3558 4419 ex
3578 4365 3691 4421 Deo
3715 4377 3816 4428 est,

2226 4465 2281 4510 et
2307 4455 2591 4510 veritatem
2633 4455 2726 4510 Dei
2771 4455 3041 4525 loquatur,
3089 4457 3132 4510 si
3171 4457 3296 4526 quis
3339 4458 3484 4510 viam
3533 4455 3651 4518 Dei.
3703 4474 3819 4527 qua:

2227 4548 2475 4605 Christus
2501 4558 2605 4612 est,
2639 4550 2852 4613 doceat,
2876 4559 2929 4604 et
2962 4549 3224 4617 justitiam
3252 4549 3371 4620 ejus
3409 4563 3671 4621 exponat,
3703 4557 3816 4608 sine

2229 4641 2393 4697 dubio
2421 4643 2562 4712 quod
2596 4642 2853 4712 loquitur,
2891 4643 3114 4697 verbum
3152 4642 3357 4698 Christi
3389 4655 3496 4704 est.
3529 4645 3639 4699 Sed
3661 4648 3810 4700 dico:

2232 4733 2487 4804 Nunquid
2517 4751 2620 4787 non
2657 4735 2986 4788 audierunt?
3013 4734 3032 4805 (
3058 4735 3288 4817 Amhr.)
3315 4735 3429 4791 Hoc
3474 4748 3580 4802 est,
3631 4740 3812 4792 audie-

2229 4838 2377 4894 runt,
2407 4840 2462 4883 et
2504 4830 2724 4884 credere
2764 4829 3072 4884 noluerunt.
3116 4829 3378 4898 Quamvis
3407 4834 3556 4886 enim
3596 4833 3730 4887 ﬁdes
3751 4848 3812 4888 es

2217 4919 2420 4974 'anditu
2465 4921 2557 4992 sit,
2587 4927 2712 4974 sunt
2750 4928 2930 4975 tamen
2973 4919 3064 4990 qui
3105 4921 3388 4975 audientes
3435 4927 3810 4979 noncredunt.

2233 5011 2472 5066 Audiunt
2512 5011 2654 5066 enim
2683 5020 2738 5064 et
2771 5005 2882 5066 non
2929 5009 3254 5080 intelligunt,
3281 5013 3407 5080 quia
3444 5015 3816 5068 inab-volgatis

2235 5104 2564 5158 obcaecatum
2607 5110 2692 5157 est
2735 5117 2830 5156 cor
2890 5101 3123 5156 illorum.
3175 5101 3242 5156 Et
3278 5103 3492 5174 quidem
3534 5107 3587 5159 in
3619 5121 3815 5160 omnem

2237 5206 2430 5248 terram
2481 5193 2607 5247 ca'iit
2657 5210 2816 5248 sonus
2856 5209 3058 5256 comtm,
3099 5202 3147 5246 et
3191 5193 3243 5245 iu
3295 5193 3429 5262 ﬁnes
3473 5196 3618 5249 orbis
3674 5206 3816 5249 terra!

2237 5285 2387 5339 verba
2405 5301 2603 5338 eorum.
2651 5284 2833 5354 Usque
2873 5284 3009 5340 adeo
3045 5284 3482 5354 prmdicationcm
3528 5286 3624 5340 Dei
3671 5304 3700 5340 a
3732 5285 3816 5342 Ju—

2237 5377 2366 5431 dtcis
2390 5375 2625 5432 auditam
2667 5391 2785 5431 esse
2826 5385 3068 5438 testatur,
3121 5383 3178 5430 ut
3215 5376 3377 5430 etiam
3411 5376 3697 5446 impletum
3735 5394 3818 5432 or-

2234 5466 2358 5520 hem
2405 5466 2583 5520 divina
2637 5467 3048 5520 annuntiatione
3097 5465 3448 5536 pronuntiet;
3488 5469 3606 5539 ipsa
3675 5484 3816 5524 etum

2237 5556 2436 5611 fabrica
2469 5557 2653 5612 mundi
2675 5558 2929 5628 prtedieat
2951 5558 3283 5612 Creatorem.
3319 5557 3474 5623 Quod
3499 5560 3648 5613 enim
3677 5557 3820 5612 Psal-

2235 5649 2564 5718 mographus
2615 5646 2681 5702 de
2731 5657 2982 5702 creatura
3036 5648 3206 5714 dixit,
3263 5648 3366 5703 hoc
3406 5649 3706 5719 Apostolus
3756 5649 3818 5702 de

2235 5739 2620 5810 evangelistis,
2682 5739 2806 5809 quia
2867 5739 3070 5808 ubique
3129 5737 3308 5792 audita
3353 5749 3476 5803 est,
3531 5751 3590 5794 et
3629 5755 3820 5806 perve-
