4026 6180
346 331 480 384 1517

875 329 1421 386 ENARRATIONUM
1458 329 1525 383 IN
1562 328 1711 383 EPP.
1751 326 1952 384 PAULI
1984 328 2109 381 LIB.
2153 330 2237 385 VI.
2274 361 2342 369 —-
2378 330 2445 385 IN
2483 331 2702 387 EPIST.
2741 332 2832 385 AI)
2872 331 3036 389 ROM.

3460 336 3594 393 13l8

337 442 417 494 nit
457 438 513 495 in
551 452 764 492 omnem
811 437 987 492 locum
1041 438 1353 508 praedicatio
1407 436 1641 493 nominis
1690 435 1909 491 Christi.
1942 450 1989 505 Α
2018 454 2136 493 sum
2163 414 2280 495 tisse
2310 453 2740 513 assecutam,per
2765 459 2925 513 quam
2953 443 3124 499 zelum
3148 446 3291 513 passi
3320 446 3597 505 iracundia

338 530 439 585 Ubi
476 529 635 584 enim
687 530 973 598 praesentia
1030 529 1262 583 hominis
1306 527 1646 606 prmdicantis
1706 527 1912 593 defuit,

333 638 502 677 sonus
570 630 748 676 tamen
805 631 860 677 et
927 622 1068 676 fama
1132 621 1395 691 pervenit,
1453 621 1593 675 sicut
1654 635 1917 690 pervenc-

336 722 424 768 rat
471 714 657 782 opinio
710 712 975 768 factarum
1018 713 1277 766 virtutum
1325 710 1379 766 in
1422 711 1656 783 Aigypto
1701 712 1768 767 ad
1797 728 1916 768 om-

335 820 432 859 nes
479 812 705 875 gentes,
742 793 877 860 teste
919 805 1110 858 Rahab
1154 803 1444 859 meretrice
1493 803 1676 873 (Iosue
1726 804 1808 876 ιι).
1860 803 1917 859 Si

331 898 479 950 enim
512 897 565 950 In
595 911 808 950 omnem
839 895 1014 950 locum
1042 896 1306 965 pervenit,
1353 912 1457 949 non
1486 904 1776 964 potuerunt
1810 912 1915 950 non

334 987 523 1042 audire
559 986 730 1042 Iudici
761 985 1111 1056 apostolicam
1142 986 1575 1055 praedicationem
1601 1026 1615 1051 ,
1672 990 1732 1039 ut
1760 1002 1918 1042 nemo

328 1094 402 1130 ex
432 1078 514 1132 his
538 1085 829 1132 excusatus
854 1076 924 1130 sit
950 1091 980 1129 a
1006 1076 1228 1129 crimine
1257 1073 1578 1131 diﬁidentiae.
1604 1074 1799 1147 (Orig)
1816 1074 1918 1131 Po-

338 1175 446 1220 test
475 1166 548 1219 ita
578 1164 822 1235 intelligi,
872 1165 995 1233 quia
1035 1173 1228 1218 terram
1264 1165 1542 1233 imperitos
1587 1178 1829 1234 quosque
1866 1173 1919 1219 et

336 1256 656 1310 indoeibiles
686 1256 931 1310 homines
958 1255 1201 1320 dieat,ad
1228 1269 1363 1323 quos
1388 1270 1493 1309 non
1514 1256 1700 1318 verba,
1721 1256 1772 1309 in
1803 1256 1918 1323 qui-

339 1351 438 1403 bus
469 1349 609 1402 ratio
654 1346 774 1401 ﬁdei
816 1347 1124 1401 continetur
1158 1355 1212 1400 et
1257 1347 1565 1416 explanatio
1617 1346 1916 1416 sapientire,

337 1439 431 1493 sed
464 1453 629 1494 sonus
668 1437 790 1493 ﬁdei
822 1438 1047 1508 simplici
1076 1439 1454 1508 praedicatione
1481 1439 1821 1509 pervenerit:
1853 1440 1915 1491 ﬁ-

341 1545 463 1584 nem
500 1544 630 1585 vero
663 1528 810 1583 orbis
853 1536 1119 1583 terrarum
1165 1528 1487 1583 eruditiores
1538 1543 1811 1599 quosque,
1866 1538 1919 1583 et

341 1618 716 1689 prudentiores
738 1616 1103 1689 appellaverit.
1157 1617 1305 1675 Finis
1350 1619 1491 1672 enim
1533 1618 1917 1689 perfectionem

340 1709 546 1764 indicat
565 1724 767 1765 rerum.
784 1697 983 1764 Adhos
1002 1724 1133 1779 ergo
1153 1709 1286 1763 tales
1308 1724 1412 1763 non
1435 1725 1623 1764 sonum
1640 1710 1804 1773 vocis,
1825 1712 1916 1766 sed

2014 533 2468 598 distenderentur,
2502 543 2559 587 ut
2583 535 2797 591 malitia:
2821 545 2875 590 et
2903 537 3292 593 incredulitatis
3321 556 3431 595 sum
3450 525 3597 597 'mer-

2017 624 2177 678 cedes
2205 620 2566 679 exsolverent.
2597 622 2750 678 Nulla
2773 625 2914 679 enim
2971 640 3056 681 res
3104 627 3182 681 sic
3207 629 3473 684 consumit
3497 631 3596 684 ho-

2017 713 2237 777 minem,
2268 721 2327 766 ut
2378 702 2554 776 zelus,
2587 729 2749 783 quem
2798 715 2916 768 ideo
2960 715 3106 771 Dens
3136 716 3362 772 ultorem
3419 722 3599 789 posuit

2017 804 2426 870 incredulitatis,
2455 806 2577 873 quia
2606 821 2766 876 grave
2795 815 3069 877 peceatum
3098 818 3200 863 est.
3230 809 3362 864 Nam
3387 827 3600 882 semper

2019 897 2070 951 in
2102 898 2239 951 iratn
2271 897 2421 951 missi
2444 898 2842 960 excruciantur,
2869 899 3079 967 quando
3102 901 3325 955 audiunt
3349 902 3519 972 legem
3547 913 3600 958 et.

2016 991 2307 1059 prophetas
2336 988 2402 1042 ad
2432 1004 2528 1041 nos
2554 989 2846 1058 pertinere,
2880 991 2969 1057 qui
3006 988 3280 1046 Christum
3308 993 3596 1047 credimus.

2020 1077 2215 1149 (Ot‘ig.)
2257 1077 2362 1132 Sed
2423 1079 2669 1132 videatur
2708 1078 2955 1134 fortassis
3006 1091 3215 1151 gentem
3256 1098 3285 1137 a
3317 1082 3426 1137 Deo
3476 1082 3598 1141 ﬁtlei

2023 1170 2217 1223 merito
2246 1177 2300 1223 et
2320 1169 2618 1222 devotionis
2652 1169 2874 1223 electam
2900 1170 3107 1240 Moyses
3136 1173 3447 1243 iniuriosius
3462 1190 3603 1229 com~

2020 1260 2265 1328 pellasse,
2290 1274 2413 1314 cum
2443 1258 2573 1314 dicit
2601 1261 2655 1313 in
2702 1276 2803 1315 non
2845 1274 3067 1329 gentem,
3088 1271 3141 1316 et
3190 1264 3261 1317 ita
3313 1264 3464 1319 nihili
3497 1266 3597 1320 du-

2020 1370 2163 1417 cere,
2199 1358 2379 1409 utnec
2414 1363 2626 1425 gentem
2662 1369 2779 1410 eam
2806 1353 3074 1424 appellare
3121 1355 3400 1425 dignetur;
3436 1368 3527 1412 aut
3556 1359 3599 1411 si

2021 1446 2271 1514 appellet,
2327 1445 2669 1515 insipientem
2718 1446 3040 1499 nominare:
3080 1445 3172 1499 sed
3227 1461 3332 1500 non
3387 1456 3469 1503 est
3516 1448 3601 1501 in-

2013 1533 2251 1602 juriosus
2292 1533 2540 1604 Moyses,
2590 1541 2775 1603 utpote
2821 1534 3026 1588 amicus
3057 1532 3180 1598 Dei,
3221 1549 3347 1605 erga
3405 1535 3602 1591 electos

2020 1626 2136 1695 ejus
2160 1641 2173 1679 :
2197 1640 2299 1680 nec
2327 1624 2653 1680 contumelia
2690 1624 2959 1679 videbitur
2996 1625 3047 1678 in
3073 1636 3340 1691 sermone,
3388 1628 3432 1681 si
3462 1630 3603 1682 ratio

2023 1713 2291 1771 sermonis
2325 1724 2599 1786 appareat.
2649 1713 2997 1786 Unaquzeque
3049 1730 3201 1785 gens,
3232 1717 3381 1771 verbi
3418 1732 3601 1779 causa,

343 1800 502 1854 verba
535 1807 589 1853 et
627 1799 889 1854 rationem
919 1798 1226 1868 pervenisse
1251 1799 1579 1868 pronuntiat,
1613 1799 1703 1885 qui
1732 1799 1917 1869 utique
1952 1799 1994 1855 Ii
2022 1805 2418 1881 Egyptiorum,
2461 1812 2557 1859 aut
2582 1804 2860 1877 Syrorum,
2892 1813 2986 1858 aut
3010 1804 3383 1869 Moabitarum,
3416 1821 3514 1876 pro
3543 1822 3604 1861 eo

340 1889 619 1944 audientes
648 1903 950 1943 sermonem
980 1888 1123 1949 ﬁdei,
1153 1888 1312 1943 etiam
1343 1888 1671 1958 perscrutari
1699 1897 1923 1958 possunt

339 1992 397 2034 et
420 1981 737 2052 perquirere
770 1980 1333 2052 Scripturasdivinas,
1371 1988 1429 2034 ut
1457 1989 1787 2049 cognoscant
1827 1994 1940 2047 eo:

346 2087 465 2124 rum
492 2073 777 2125 verborum
802 2112 817 2137 ,
870 2086 989 2141 qurc
1031 2071 1108 2126 eis
1147 2085 1245 2139 per
1277 2070 1559 2140 Apostolos
1606 2071 1922 2124 annuntiata

344 2171 493 2229 sunt,
506 2163 812 2217 veritatem.
831 2163 895 2217 Et
916 2164 1057 2217 hanc
1070 2177 1189 2217 esse
1206 2163 1259 2216 in
1282 2163 1364 2217 his
1377 2161 1731 2217 differentiam
1750 2160 1926 2216 sciens

345 2253 652 2323 Apostolus,
685 2253 735 2306 id
757 2263 861 2319 est,
894 2253 946 2308 in
975 2269 1107 2308 sono
1130 2261 1184 2308 et
1211 2255 1407 2318 verbis,
1431 2252 1661 2322 quodam
1695 2253 1813 2307 loco
1851 2252 1923 2305 ita

343 2345 478 2398 dicit
506 2344 617 2398 :‘Et
651 2361 819 2398 sermo
856 2361 998 2398 meus
1023 2354 1069 2398 et
1107 2344 1410 2414 pra'dicatio
1441 2346 1553 2397 mea
1582 2358 1683 2396 non
1728 2342 1828 2412 fuit
1872 2342 1927 2395 in

340 2438 600 2490 suasoriis
624 2437 911 2506 asapientia
950 2436 1135 2499 verbis,
1171 2437 1261 2489 sed
1286 2436 1341 2488 in
1368 2437 1659 2489 ostensione
1696 2432 1926 2504 Spiritus

338 2540 390 2582 et
425 2529 630 2584 virtutis
659 2529 705 2602 (Ι
742 2529 863 2583 Cor.
898 2530 992 2599 tt):
1019 2537 1079 2582 ut
1105 2528 1415 2583 ostenderet
1459 2526 1681 2581 verbum
1707 2525 1927 2596 quidem

339 2636 483 2687 esse,
512 2636 618 2691 quo
649 2637 745 2691 per
774 2622 1027 2676 virtutem
1064 2619 1297 2693 Spiritus
1339 2619 1598 2689 sapientia
1646 2620 1741 2673 Dei
1790 2618 1929 2673 luei-

339 2719 465 2772 dius
490 2717 839 2787 explanatur;
881 2718 1313 2786 praedicationem
1342 2732 1471 2771 vero
1504 2718 1642 2771 hanc
1686 2732 1829 2781 esse,
1854 2716 1929 2772 de

341 2824 448 2879 qua
480 2809 611 2864 dicit
642 2807 929 2878 Propheta,
959 2809 1083 2879 quia
1106 2809 1159 2862 in
1198 2824 1401 2863 omnem
1433 2819 1624 2863 terram
1656 2809 1811 2862 exivit
1841 2823 1930 2862 so-

340 2919 447 2956 nus
478 2917 659 2955 eorum
687 2914 704 2951 :
733 2901 787 2954 in
815 2916 920 2970 qua
963 2901 1168 2956 scilicet
1221 2900 1447 2971 simplex
1478 2910 1559 2955 est
1592 2900 1933 2955 annuntiatio

345 2995 560 3060 lidei,et
581 2993 997 3063 simplicioribus
1017 2994 1317 3062 quibusque
1343 2990 1631 3048 sufﬁciens.
1649 2990 1751 3045 Sed
1776 2975 1893 3044 dico
1912 3004 1930 3040 :
1957 3002 1964 3011 '

351 3087 605 3158 Nunquid
632 3085 802 3139 Israel
831 3101 932 3139 non
960 3084 1230 3153 cognovit?
1258 3082 1493 3155 (Ambr.)
1540 3083 1650 3138 Hoc
1688 3092 1800 3147 est,
1848 3098 1935 3135 ro-

2025 1896 2167 1967 quod
2192 1895 2427 1966 propriis
2454 1895 2718 1959 terminis,
2750 1903 2805 1949 et
2830 1895 3030 1965 lingua,
3059 1903 3113 1950 et
3140 1894 3345 1960 habitu,
3374 1905 3427 1949 et
3450 1898 3605 1950 mori-

2026 1989 2334 2055 bus,atque
2379 1985 2638 2040 institutis
2681 1985 3026 2049 discernitur,
3069 2000 3200 2054 gens
3254 1986 3343 2039 illa
3390 1987 3470 2041 vel
3518 1988 3605 2041 illa

2028 2078 2347 2149 appellatur,
2376 2086 2430 2131 et
2460 2092 2633 2147 neque
2671 2076 2792 2148 Syri
2822 2072 3057 2149 Egyptii
3089 2077 3379 2148 aliquando
3425 2079 3607 2134 dicuu-

2027 2179 2149 2235 tur;
2175 2185 2348 2241 neque
2368 2170 2616 2225 Moabitae
2658 2170 2875 2225 Idumzri
2907 2169 3270 2241 appellantur;
3294 2180 3385 2226 aut
3406 2171 3610 2227 Arabes

2030 2262 2264 2333 Scyllae.
2298 2261 2590 2317 Christiani
2622 2277 2750 2316 vero
2781 2279 2884 2316 non
2922 2270 3006 2318 est
3046 2279 3152 2318 una
3183 2278 3314 2334 gens
3346 2305 3361 2329 ,
3423 2266 3516 2321 sed
3545 2281 3611 2321 ex

2028 2353 2276 2406 omnibus
2297 2352 2548 2423 gentibus
2578 2369 2715 2408 unus
2740 2353 2970 2424 populus
3000 2373 3011 2407 :
3046 2362 3100 2409 et
3130 2354 3251 2410 ideo
3281 2356 3491 2427 Moyses
3511 2374 3609 2427 pro

2031 2458 2243 2500 summo
2273 2443 2476 2498 honore
2507 2459 2607 2498 non
2637 2454 2835 2515 gentem
2862 2461 2979 2501 eam
3007 2447 3322 2513 nominavit,
3360 2450 3482 2518 quia
3503 2465 3607 2505 non

2030 2545 2151 2589 erat
2175 2551 2280 2589 una
2320 2549 2470 2606 gens,
2521 2549 2636 2601 seu,
2668 2536 2711 2590 si
2738 2535 2813 2590 ita
2841 2536 2945 2592 dici
2979 2544 3176 2607 potest,
3215 2539 3455 2594 omnium
3481 2554 3610 2610 gen-

2033 2627 2165 2681 tium
2194 2641 2345 2697 gens.
2381 2623 2581 2681 Verum
2619 2625 2828 2681 excludi
2884 2626 3183 2683 videbimur
3252 2629 3307 2684 in
3359 2630 3443 2685 his
3493 2647 3611 2701 qum

2033 2716 2452 2786 subsequuntur,
2486 2717 2578 2772 ubi
2618 2716 2787 2771 dicit:
2825 2716 2889 2771 In
2934 2728 3133 2791 gentem
3185 2719 3523 2786 insensatam,
3560 2713 3611 2775 in

2032 2808 2167 2861 iram
2197 2823 2286 2861 vos
2336 2807 2629 2861 inducam:
2660 2806 2801 2877 quod
2829 2817 2883 2861 et
2931 2817 3143 2878 gentem
3186 2824 3337 2875 'eam,
3390 2820 3444 2865 et
3486 2813 3614 2867 insi—

2031 2899 2267 2966 pientem
2300 2899 2676 2952 nominaverit.
2707 2897 2905 2954 Verum
2954 2914 3022 2954 ne
3072 2900 3126 2954 in
3158 2901 3261 2957 hoc
3286 2903 3501 2971 quidem
3530 2902 3612 2957 fa-

2030 2989 2210 3044 mulus
2241 2989 2334 3045 Dei
2359 2988 2566 3059 Moyses
2589 2988 2965 3044 contumeliam
2994 2987 3124 3043 facit
3152 2992 3347 3061 populo
3376 2991 3500 3058 Dei;
3522 2995 3613 3047 sed

2034 3079 2362 3148 praevidebat
2396 3078 2450 3132 in
2482 3078 2696 3148 spiritu,
2726 3079 2980 3148 quoniam
3004 3080 3047 3134 si
3092 3080 3215 3149 quis
3240 3080 3355 3135 vult
3398 3082 3616 3151 sapiens

344 3174 768 3246 gnavitnetqttia
793 3191 890 3246 per
910 3175 1213 3245 supradicta
1245 3174 1550 3230 testimonia
1572 3190 1738 3243 genus
1763 3172 1929 3227 Israel
1961 3171 2002 3233 C
2033 3186 2154 3227 esse
2182 3172 2236 3225 in
2266 3172 2366 3226 hoc
2400 3173 2624 3237 mundo,
2662 3172 2916 3242 insipiens
2961 3171 3075 3227 ﬁeri
3107 3173 3293 3237 debet,
3321 3183 3379 3227 ut
3418 3175 3486 3228 sit
3533 3190 3619 3230 sa-

351 3267 741 3324 inercdnlitatis
785 3280 949 3323 causa
995 3266 1193 3337 arguit,
1230 3280 1352 3320 eum
1382 3264 1567 3321 dolore
1593 3266 1658 3319 de
1682 3263 1936 3319 omnibus

285 3403 296 3415 .
348 3357 612 3413 Israelitis
641 3357 792 3426 queri
842 3356 1293 3421 videretur,'non
1346 3366 1507 3427 negat
1543 3354 1704 3411 Israel
1734 3368 1936 3425 cogno-

352 3452 493 3506 visse
537 3459 591 3506 et
636 3459 940 3506 assecutum
972 3464 1093 3504 esse
1119 3450 1262 3518 quod
1295 3449 1365 3503 illi
1397 3451 1721 3519 promissum
1762 3448 1938 3503 fuerat

352 3544 405 3597 in
437 3541 588 3612 lege:
628 3543 720 3597 sed
748 3557 871 3595 eum
902 3542 991 3610 qui
1019 3541 1213 3611 Spiritu
1246 3541 1417 3612 magis
1455 3541 1617 3596 Israel
1644 3551 1746 3605 est,
1775 3532 1937 3609 quam

351 3648 534 3695 carne,
558 3645 717 3700 quem
746 3639 800 3684 et
839 3630 980 3686 Deus
1005 3632 1316 3701 praescierat
1359 3630 1710 3685 crediturum.
1740 3629 1938 3683 Omnes

351 3723 496 3776 enim
537 3723 837 3782 audierunt,
886 3730 941 3776 et
978 3737 1084 3776 non
1114 3737 1303 3777 omnes
1344 3722 1728 3786 crediderunt;
1774 3719 1934 3774 ideo:

336 3815 567 3868 'Primus
585 3814 790 3885 Moyses
807 3815 954 3881 dicit,
973 3815 1026 3869 in
1048 3815 1260 3871 cantico
1282 3813 1685 3869 Deutcronomﬁ
1707 3831 1727 3893 εἰ
1738 3812 1849 3882 Ego
1870 3816 1937 3864 ad

354 3906 741 3961 cumulationem
764 3923 853 3961 eos
882 3907 1142 3961 adducam
1178 3908 1232 3959 in
1262 3921 1367 3967 non
1395 3915 1618 3974 gentem,
1655 3903 1708 3956 in
1736 3912 1939 3971 gentem

353 3998 701 4066 insipientem,
729 3998 784 4052 in
809 3999 1071 4071 iramcos
1110 3996 1333 4049 mittam.
1365 3994 1549 4065 (Aug)
1576 3982 1730 4061 Quod
1760 3998 1938 4046 autem

354 4089 509 4155 dicit,
540 4089 832 4144 secundum
861 4087 1027 4158 Moysi
1060 4085 1422 4140 testimonium
1453 4102 1467 4138 :
1502 4084 1611 4154 Ego
1662 4084 1731 4136 ad
1779 4097 1941 4135 a-mu-

356 4180 605 4233 lationcm
656 4196 742 4233 vos
782 4180 1064 4249 perducam
1113 4179 1167 4231 in
1222 4193 1329 4230 non
1370 4185 1604 4247 gentem;
1640 4176 1693 4228 in
1741 4185 1941 4244 gentem

355 4273 705 4341 insipientem,
736 4272 859 4341 quia
912 4284 1035 4324 cum
1078 4276 1224 4324 esset
1279 4282 1410 4338 gens
1457 4266 1719 4336 insipiens
1767 4263 1942 4317 omnis

357 4364 590 4435 populus
636 4364 774 4417 idola
804 4363 1020 4425 colens,
1053 4368 1230 4414 tamen
1261 4358 1616 4431 gentilitatem
1672 4354 1942 4412 credendo

360 4458 626 4528 deposuit.
654 4456 806 4512 Unde
839 4455 1001 4508 etiam
1035 4453 1162 4508 illud
1205 4460 1285 4507 est
1312 4469 1324 4504 :
1352 4452 1413 4505 Si
1444 4451 1604 4521 igitur
1626 4448 1937 4518 pra'putimn

363 4548 591 4616 iustitias
641 4547 767 4617 legis
816 4545 1108 4610 custodiat,
1144 4560 1314 4598 nonne
1360 4543 1668 4613 prmpntium
1718 4541 1831 4607 eius
1884 4539 1938 4592 in

362 4638 753 4692 circmncisione
810 4636 1183 4706 deputabitur?
1212 4633 1279 4691 Ut
1311 4634 1380 4688 sit
1425 4631 1514 4687 hic
1562 4646 1752 4686 sensus
1788 4651 1797 4683 :
1830 4630 1940 4700 Ego

362 4732 415 4783 in
444 4730 842 4784 inundationem
877 4744 970 4783 vos
1002 4728 1264 4783 adducam
1294 4727 1346 4781 in
1376 4738 1495 4781 eam
1545 4733 1778 4795 gentem,
1823 4739 1943 4794 quze

361 4834 475 4874 non
521 4826 605 4870 est
644 4833 774 4888 gens
803 4818 965 4883 facta,
1006 4818 1319 4886 deponendo
1365 4814 1862 4887 gentilitatem‘per
1890 4812 1943 4866 ﬁ-

363 4912 488 4963 dem
510 4908 727 4975 Christi,
743 4926 863 4965 cum
893 4910 1083 4964 fuisset
1106 4923 1236 4980 gens
1262 4908 1519 4977 insipiens
1532 4908 1756 4961 colendo
1784 4906 1943 4960 idola.

366 4996 593 5073 (.lntbr.)
642 5003 969 5074 lndignantis
1017 5002 1177 5056 verba
1214 5010 1360 5065 sunt,
1384 5010 1603 5070 propter
1630 5000 1771 5073 quod
1804 5014 1944 5053 sem-

364 5110 465 5164 per
494 5093 791 5149 difﬁdentes
818 5078 1018 5147 inventi
1048 5099 1176 5147 sunt
1195 5090 1360 5146 Judaei
1388 5107 1402 5144 :
1431 5100 1486 5145 et
1514 5091 1763 5146 omnibus
1788 5089 1945 5146 malis

365 5200 529 5240 unum
562 5187 801 5256 assignat
842 5184 1243 5256 generationem
1289 5192 1344 5238 et
1371 5198 1620 5249 causam;
1652 5183 1776 5236 dum
1807 5196 1945 5251 prte-

367 5287 549 5333 sentes
574 5279 833 5348 increpat,
867 5278 1063 5332 ibidem
1090 5277 1257 5347 tangit
1283 5276 1453 5345 magis
1474 5276 1704 5339 futuros,
1721 5275 1787 5328 ad
1810 5278 1945 5344 quos

373 5372 475 5425 hoc
518 5370 769 5439 pertinet.
824 5367 1074 5423 Omnium
1106 5369 1245 5421 enim
1282 5367 1473 5421 horum
1520 5380 1622 5419 una
1671 5364 1945 5419 damnatio

370 5472 472 5524 est,
509 5462 550 5517 si
576 5472 893 5530 permanent
920 5463 972 5516 in
1006 5460 1316 5516 difﬁdentia.
1368 5458 1663 5514 IEmttlatio
1690 5468 1816 5529 ergo
1846 5457 1949 5512 illis

372 5562 495 5607 nata
524 5560 605 5607 est
636 5550 961 5616 invidentite,
993 5552 1117 5606 dum
1148 5552 1329 5606 vident
1363 5558 1592 5624 gentem,
1637 5565 1755 5619 quce
1801 5550 1950 5619 prius

373 5642 498 5713 quia
524 5644 640 5696 sine
667 5644 775 5698 Deo
802 5642 918 5707 fuit,
949 5657 1110 5697 sensu
1138 5643 1293 5695 bruta
1321 5650 1453 5701 erat,
1488 5639 1651 5693 Deum
1670 5646 1835 5691 suum
1861 5653 1951 5706 ap-

374 5732 698 5804 pellare,qtn
733 5732 905 5786 fuerat
930 5732 1265 5797 Judtrorum;
1294 5741 1343 5785 et
1368 5732 1565 5785 donum
1596 5730 1698 5783 illis
1729 5731 1953 5800 promis-

1968 4504 2018 4564 D

2033 3265 2189 3333 piens
2236 3254 2374 3333 apud
2407 3263 2574 3316 Deum
2615 3263 2789 3334 :‘quia
2821 3278 2925 3315 non
2971 3263 3202 3332 cognovit
3258 3266 3483 3320 mundus
3528 3281 3619 3333 per

2035 3358 2342 3428 sapientiam
2394 3356 2579 3421 Deum,
2624 3355 2821 3426 placuit
2863 3356 2972 3411 Deo
3017 3373 3109 3425 per
3153 3354 3428 3412 stultitiam
3484 3360 3619 3427 prte-

2036 3448 2313 3503 dicationis
2342 3447 2512 3502 salvos
2560 3446 2730 3516 facere
2760 3447 3023 3502 credentes
3055 3448 3105 3520 (I
3130 3447 3255 3503 Cor.
3284 3451 3322 3521 ι)
3371 3467 3384 3503 :
3413 3461 3468 3504 et
3493 3451 3617 3521 quia

2037 3555 2132 3610 per
2160 3537 2601 3607 praedicationem
2628 3538 2808 3593 crucis
2847 3536 3074 3605 Christi,
3114 3555 3234 3609 quae
3263 3549 3346 3596 est
3391 3542 3618 3597 stultitia

2038 3631 2310 3700 gentibus,
2366 3629 2782 3699 eongregabitur
2840 3630 3069 3699 populus
3126 3632 3216 3698 qui
3274 3632 3366 3684 ﬁat
3413 3632 3467 3685 in
3520 3634 3622 3688 hoc

2041 3721 2238 3775 mundo
2266 3720 2493 3783 stultus,
2511 3725 2571 3771 ut
2597 3717 2903 3786 sit-sapiens
2930 3721 3073 3787 apud
3102 3720 3291 3774 Deum.
3310 3721 3622 3778 Irascuntur
3703 3769 3717 3779 .

2040 3825 2166 3880 ergo
2179 3809 2345 3863 Judzei
2367 3808 2508 3878 quod
2522 3808 2650 3877 ipsis
2671 3808 3052 3862 excusantibus
3074 3818 3128 3863 et
3152 3809 3532 3879 refutantibus,
3549 3814 3615 3868 ad

2041 3899 2340 3953 convivium
2366 3899 2509 3967 regis
2536 3898 2777 3951 invitatze
2800 3906 2922 3951 sunt
2943 3906 3148 3967 gentes,
3166 3914 3270 3953 non
3302 3900 3623 3969 aspicientes

2043 3989 2109 4041 ad
2156 4003 2216 4042 ea
2257 4004 2377 4058 qua:
2404 3987 2603 4042 dudum
2642 3986 2708 4041 de
2737 3987 2841 4040 hoc
2869 3987 3127 4057 mysterio
3148 3986 3321 4042 Isaias
3371 3990 3530 4044 audet
3573 4003 3621 4045 et

2040 4080 2207 4133 dicit:
2235 4078 2484 4132 Inventus
2498 4093 2611 4131 sum
2638 4093 2670 4131 a
2696 4092 2799 4130 non
2819 4077 3168 4147 quwrentibus
3195 4094 3307 4132 me:
3322 4078 3496 4149 palam
3525 4097 3620 4150 ap-

2042 4170 2197 4241 parui
2224 4171 2358 4224 inter
2376 4185 2462 4223 eos
2480 4169 2675 4240 qui‘me
2704 4182 2805 4221 non
2829 4168 3233 4237 interregabant.
3251 4167 3457 4240 (Amb.)
3474 4168 3618 4236 Quo-

2044 4262 2187 4315 niam
2218 4268 2379 4330 supra
2411 4259 2588 4314 verbis
2616 4258 2782 4328 Moysi
2828 4273 2957 4312 usus
2994 4266 3078 4313 est
3104 4257 3170 4312 de
3195 4259 3505 4315 exclusione
3528 4259 3621 4315 Ju—

2046 4352 2302 4419 dzeorum,
2333 4353 2399 4406 ad
2431 4348 2531 4406 hec
2558 4364 2770 4421 quoque
2804 4351 2954 4405 Isaia:
3001 4352 3275 4421 prophetat-
3316 4352 3619 4422 exemplum

2046 4444 2297 4508 subdidit,
2325 4454 2385 4498 ut
2429 4444 2497 4498 de
2541 4444 2658 4515 ejus
2697 4443 3071 4513 prosecutione
3128 4445 3626 4513 apertiusdoceret

2048 4536 2232 4603 Deum,
2275 4537 2513 4609 expulsis
2550 4534 2766 4600 Iudaeis,
2796 4535 2938 4590 ultro
2984 4537 3233 4607 gentibus
3267 4538 3493 4608 gratiam
3525 4539 3623 4594 oh-

2048 4631 2233 4685 tulisse
2282 4631 2348 4684 ad
2398 4629 2747 4700 opprobrium
2797 4636 2851 4682 et
2906 4643 3094 4683 necem
3120 4627 3467 4683 Iudaeorum:
3511 4628 3625 4683 hmo

2047 4726 2190 4779 enim
2215 4724 2381 4778 Isaias
2404 4738 2468 4777 ex
2507 4736 2734 4793 persona
2765 4720 2965 4777 Christi
3014 4728 3259 4776 testatur.
3291 4718 3488 4791 (Orig)
3516 4718 3625 4776 Sed

2050 4813 2191 4885 quod
2228 4816 2303 4871 ait
2332 4813 2636 4884 Apostolus,
2670 4808 2843 4866 Isaias
2884 4812 3042 4865 audet
3072 4820 3119 4864 et
3157 4811 3311 4877 dicit,
3346 4812 3623 4866 videamus

2051 4906 2178 4977 quid
2215 4905 2430 4969 audeat,
2464 4903 2547 4958 vel
2573 4918 2691 4971 qua:
2740 4902 2826 4956 hie
2850 4902 3133 4971 Propheta;
3179 4902 3433 4954 doceatur
3462 4902 3627 4955 auda-

2050 4998 2154 5052 cia.
2190 4995 2247 5051 Si
2280 4997 2618 5050 intendamus
2661 4993 2840 5048 verbis
2885 4994 3029 5048 bcati
3065 4991 3323 5060 Stephani
3356 4991 3622 5047 dicentis:

2053 5088 2217 5154 Quem
2244 5088 2381 5141 enim
2456 5085 2819 5155 prophetarum
2866 5100 2968 5136 non
3000 5082 3254 5153 persecuti
3291 5091 3409 5133 sunt
3453 5090 3625 5151 patres

2051 5179 2233 5240 vestri,
2289 5178 2376 5247 qui
2434 5174 2811 5228 annuntiabant
2862 5174 2925 5226 de
2979 5172 3201 5225 adventu
3255 5171 3388 5240 justi
3488 5172 3623 5244 (εισι.

2049 5267 2307 5341 Vttlttunc
2335 5267 2484 5322 Isaiae
2516 5265 2860 5335 intelligimus
2902 5263 3205 5328 audaciam,
3234 5265 3321 5333 qui
3376 5278 3627 5335 persecu-

2055 5360 2289 5413 tionihus
2316 5366 2371 5409 et
2399 5362 2572 5410 morte
2610 5356 2880 5426 proposita
2919 5370 3083 5408 ausus
3112 5364 3195 5408 est
3221 5363 3400 5409 tamen
3434 5355 3497 5409 de
3529 5355 3624 5408 ad-

2049 5461 2214 5505 ventu
2257 5449 2385 5517 justi
2440 5449 2769 5518 praedicare,
2829 5455 2883 5501 et
2922 5462 3019 5518 pro
3049 5447 3192 5502 bono
3250 5448 3412 5501 etiam
3466 5448 3628 5501 audet

2052 5548 2218 5611 mori;
2260 5547 2313 5601 in
2341 5560 2447 5616 quo
2476 5554 2655 5599 tamen
2709 5543 2865 5598 simul
2909 5553 2963 5597 et
2990 5543 3117 5597 illud
3154 5543 3473 5609 ostenditur,
3504 5542 3629 5612 quia
3692 5608 3693 5611 η

2054 5654 2159 5692 non
2196 5636 2278 5707 (ttt
2308 5634 2469 5703 aliqui
2500 5631 2712 5704 putant)
2746 5630 3026 5702 Propheta:
3056 5631 3367 5686 nesciebant
3394 5630 3520 5700 quid
3548 5629 3630 5682 di-

2054 5738 2259 5795 cerent,
2287 5737 2341 5782 et
2385 5726 2536 5797 quasi
2567 5725 2800 5780 alienato
2854 5738 3012 5779 sensu
3071 5738 3168 5779 suo
3214 5723 3625 5794 prophetatum.
