4026 6180
513 283 649 340 ιδιο

1154 285 1210 340 ιι.
1257 285 1506 341 BABANI
1545 286 1760 342 MAURI
1797 285 2112 342 ARCHIEP.
2156 285 2462 344 MOGUNT.
2505 288 2789 346 OPEIIUII
2827 289 3009 346 PARS
3044 293 3130 348 III.

3647 296 3790 352 ηερ

507 397 660 469 Quod
691 379 835 453 enim
864 397 992 452 dicit
1025 397 1310 466 Apostolus
1337 396 1405 452 de
1427 399 1583 466 Isaia,
1608 399 1732 469 quia
1755 399 1908 454 audet
1941 409 1988 453 et
2011 399 2092 452 di-
2123 405 2167 465 Λ
2197 401 2321 470 quia
2351 417 2457 456 non
2494 402 2695 458 idcirco
2725 403 2920 473 repulsi
2946 414 3092 469 sunt,
3121 406 3243 474 quia
3271 422 3444 477 genus
3467 407 3584 463 sint
3602 407 3795 468 Israel.

505 497 594 562 cit,
620 495 722 550 hoc
753 496 953 550 iudicat
1003 496 1127 566 quia
1166 506 1393 550 mortem
1441 505 1793 552 contemnens
1819 503 1874 550 et
1901 509 2085 565 perse-

504 591 770 657 cntiones,
794 605 914 660 quae
943 587 1334 654 inferebantur,
1363 589 1612 660 quamvis
1652 589 1817 643 sciret
1845 588 1946 643 sibi
1979 587 2084 642 im-

503 682 710 739 minere
738 681 1056 753 periculum,
1087 683 1246 737 audet
1275 690 1453 738 tamen
1480 690 1536 737 et
1558 681 1818 752 praedicat
1860 681 2084 736 verbum

502 775 628 842 Dei;
660 775 802 830 sicut
828 783 886 829 et
911 775 1026 846 ipse
1051 775 1248 831 Paulus
1278 775 1528 831 dicebat:
1577 773 1701 830 Scio
1727 775 1849 846 quia
1875 775 2085 829 vincula

499 874 548 918 et
575 881 809 920 carceres
846 875 1053 920 manent
1084 881 1166 920 me
1214 867 1269 920 in
1319 865 1712 936 Hierosolymis,
1739 865 1831 920 sed
1865 882 1958 937 ego
1981 882 2084 920 non

500 957 639 1025 facio
660 957 946 1012 chariorem
969 959 1199 1011 animam
1221 974 1388 1012 meam
1410 959 1536 1012 mihi
1550 956 1688 1029 (Act.
1705 956 1829 1026 xx);
1854 956 1934 1012 sic
1953 971 2084 1025 ergo

497 1058 554 1102 et
580 1047 746 1102 Isaias
773 1047 976 1104 sciebat
1009 1049 1226 1118 quidem
1256 1049 1545 1104 secandum
1575 1061 1632 1102 se
1658 1062 1800 1111 esse,
1819 1055 1873 1103 et
1909 1048 2083 1102 inter-

499 1137 784 1194 ﬁciendum
835 1141 903 1194 ab
949 1139 1157 1210 impiis;
1199 1139 1362 1195 audet
1390 1147 1590 1206 tamen,
1629 1149 1685 1195 et
1735 1155 1800 1194 ex
1852 1155 2081 1209 persona

496 1231 698 1286 Christi
728 1231 901 1287 dicit:
947 1230 1197 1285 Inventus
1227 1247 1342 1285 sum
1391 1248 1424 1284 a
1460 1246 1562 1284 non
1597 1230 1950 1300 quwrentibus
1975 1247 2077 1285 me.

497 1320 720 1378 Certum
749 1310 832 1378 est
864 1330 1069 1387 autem,
1119 1323 1264 1392 quod
1317 1329 1505 1394 gentes
1551 1330 1708 1377 erant
1759 1337 1880 1391 qua:
1926 1320 2086 1377 Chri-

496 1421 636 1467 stum
668 1427 769 1468 nec
793 1427 1037 1483 qumrere
1083 1420 1366 1478 noverant,
1397 1427 1498 1468 nec
1540 1411 1608 1468 de
1640 1429 1704 1469 eo
1744 1413 2082 1484 interrogare

498 1503 822 1559 didicerant.
877 1502 1204 1558 Invenerunt
1250 1511 1432 1557 tamen
1491 1517 1654 1574 quem
1712 1519 1818 1557 non
1851 1503 2082 1573 quaesie~

499 1601 643 1658 runt,
677 1592 805 1662 quia
837 1593 950 1663 ipse
983 1607 1076 1647 eos
1103 1592 1256 1663 prior
1300 1592 1566 1662 quaesivit.
1609 1591 1801 1647 Pastor
1826 1601 1911 1647 cst
1933 1594 2078 1648 enim

2191 493 2286 546 sed
2315 493 2439 563 quia
2465 493 2722 548 increduli
2751 492 2973 560 fuerint,
3005 495 3081 549 ait
3114 516 3126 549 :
3152 495 3273 551 Non
3293 497 3485 569 repulit
3515 497 3672 554 Deus
3692 499 3798 568 ple-

2191 579 2304 636 bem
2327 599 2478 636 suam
2507 599 2664 654 quam
2690 585 2995 654 prmscivit;
3027 595 3083 642 et
3103 595 3164 642 ut
3183 587 3285 642 hoc
3313 590 3574 659 prmsenti
3597 589 3798 660 proba-

2184 679 2269 728 ret
2289 673 2536 744 exemplo
2557 675 2864 747 subiungit;
2886 675 3025 731 Nam
3047 686 3095 732 et
3115 695 3208 748 ego
3222 677 3473 734 Israelita
3489 697 3612 735 sum
3633 699 3704 736 ex
3721 700 3797 736 se-

2183 762 2322 816 mine
2360 762 2626 818 Abraham
2664 765 2729 820 de
2783 767 2921 820 tribu
2966 766 3265 838 Beujamin,
3307 779 3364 826 et
3409 779 3593 826 tamen
3633 772 3794 828 Iidem

2182 849 2308 906 Iesu
2339 851 2527 917 doceo,
2556 861 2612 906 et
2640 855 2904 910 annuntio
2925 855 3050 926 quia
3079 866 3166 912 est
3206 859 3320 928 ipse
3340 857 3620 914 Christus.
3641 860 3794 928 Quod

2185 940 2230 995 si
2273 941 2403 996 mihi
2445 957 2552 998 non
2597 943 2771 998 obluit
2817 946 2944 1015 quia
3005 962 3121 1002 sum
3170 949 3434 1014 Israelita,
3475 966 3548 1004 ex
3585 953 3792 1008 semine

2183 1031 2456 1086 Abraham
2484 1073 2500 1099 ,
2545 1035 2834 1104 quominus
2902 1035 3117 1092 Christo
3158 1041 3465 1108 crederem,
3509 1050 3569 1097 et
3593 1059 3666 1097 ex
3693 1043 3791 1099 ﬁde

2183 1122 2300 1192 ejus
2345 1123 2712 1196 justilicarer;
2765 1139 2970 1184 certum
3002 1140 3087 1186 est
3112 1133 3256 1187 enim
3295 1135 3422 1203 quia
3455 1153 3566 1189 non
3603 1138 3790 1208 repulit

2184 1215 2324 1271 Deus
2359 1217 2557 1287 plebem
2602 1237 2754 1274 suam
2805 1239 2961 1293 quam
3009 1227 3290 1293 praseirit.
3324 1228 3564 1300 (Ambr.)
3595 1230 3791 1286 Emm-

2181 1307 2270 1378 plo
2298 1321 2397 1364 suo
2426 1311 2584 1366 docet
2609 1322 2816 1382 partem
2851 1313 3012 1373 Israel
3041 1317 3299 1372 salvatam
3323 1334 3491 1388 quam
3517 1323 3789 1390 praseivit

2183 1397 2326 1453 Deus
2352 1398 2686 1468 salvandam,
2715 1411 2809 1457 aut
2841 1403 3014 1460 adhuc
3041 1421 3200 1476 posse
3227 1408 3458 1474 salvari;
3491 1419 3552 1464 et
3583 1422 3788 1481 partem

2180 1490 2345 1546 Israel
2359 1493 2768 1565 prepterjugem
2784 1493 3128 1552 dilIidentiam
3142 1501 3431 1569 perditioni
3445 1503 3787 1574 deputatam.

2184 1580 2309 1636 Non
2338 1584 2525 1652 repulit
2557 1583 2697 1638 Deus
2722 1585 2920 1655 plebem
2959 1605 3112 1644 suam
3154 1609 3310 1661 quam
3348 1594 3622 1662 prtrscirit
3640 1613 3662 1661 ;
3693 1597 3790 1650 hoc

497 1683 688 1747 bonus,
719 1691 776 1738 et
800 1697 955 1738 ovem
985 1699 1105 1752 qua:
1133 1683 1371 1753 perierat
1402 1684 1711 1754 requisivit;
1739 1693 1793 1738 et
1815 1683 2077 1754 sapientia
2124 1753 2137 1754 ί
2179 1680 2284 1737 (δεῖν
2310 1673 2456 1742 (ἰσοτΙ
2503 1674 2637 1730 die“
2675 1675 2966 1733 Salvam“
3001 1677 3180 1746 Pater.
3221 1699 3356 1754 quos
3393 1684 3600 1738 dedisti
3639 1687 3789 1746 mihi.

491 1783 598 1839 est,
627 1789 746 1842 qua:
775 1774 1090 1829 drachmam
1117 1773 1388 1843 perditam
1416 1753 1683 1843 quaesivit,
1730 1779 1799 1830 et'
1831 1753 2080 1844 quarens
2112 1753 2156 1814 θ
2181 1763 2460 1830 τηδιοάίυὲ.
2485 1775 2531 1820 ει
2557 1781 2707 1820 nemo
2729 1783 2794 1821 θα·
2827 1766 2908 1822 his
2946 1769 3123 1840 periit,
3161 1773 3266 1826 nisi
3295 1772 3442 1841 ﬁlius
3477 1777 3788 1844 perditionis

495 1865 700 1920 invenit
730 1863 912 1936 (Ioan.
947 1881 1012 1930 x;
1049 1864 1176 1919 Luc.
1220 1865 1332 1936 xv).
1357 1863 1526 1921 Judaei
1558 1874 1739 1922 autem
1787 1880 1959 1936 usque
1983 1865 2083 1922 ad-

497 1957 603 2011 huc
629 1965 882 2026 quierunt
903 1956 969 2010 de
989 1955 1228 2023 Christo,
1255 1965 1311 2012 et
1331 1957 1666 2029 interrogant
1691 1956 2000 2028 Scripturas
2017 1959 2084 2014 de

487 2061 582 2110 eo,
604 2055 662 2100 et
682 2059 790 2100 non
823 2046 1124 2113 inveniunt,
1148 2047 1274 2117 quia
1296 2063 1429 2103 crux
1450 2046 1568 2118 ejus
1596 2047 1794 2105 Judmis
1817 2057 1902 2104 est
1929 2063 2086 2106 scau-

494 2139 696 2194 dalum.
715 2139 795 2193 Ad
821 2136 992 2192 Israel
1011 2147 1187 2193 autem
1212 2139 1339 2194 dicit
1361 2138 1526 2194 :Tota
1543 2139 1628 2195 die
1648 2140 1875 2211 expandi
1893 2157 2083 2197 manus

491 2247 636 2286 meas
670 2230 740 2284 ad
787 2231 1038 2303 populum
1068 2247 1172 2286 non
1217 2232 1531 2298 credentem,
1559 2243 1607 2288 et
1644 2232 2083 2287 contradicentem

491 2322 639 2377 mihi.
665 2321 899 2395 (Ambr,)
916 2321 1014 2378 Hic
1039 2321 1206 2378 Israel
1234 2322 1467 2378 carnalis
1479 2331 1581 2390 est,
1606 2322 1710 2379 hoc
1735 2331 1823 2379 est
1851 2321 2084 2380 Abrahae

494 2413 610 2480 lilii,
641 2413 738 2470 sed
769 2430 876 2470 non
918 2413 1210 2470 secundum
1239 2414 1398 2470 Iidem
1425 2431 1439 2481 ;
1469 2431 1595 2472 nam
1641 2415 1804 2472 Israel
1840 2431 2002 2482 verus
2029 2425 2082 2473 et

491 2505 788 2576 spiritualis
817 2515 900 2561 est
945 2507 1039 2577 qui
1084 2506 1352 2562 credendo
1387 2507 1533 2562 videt
1565 2507 1752 2562 Deum.
1787 2506 1919 2562 Tota
1972 2509 2080 2574 die,

493 2611 710 2666 semper
734 2595 1042 2668 signiﬁcat;
1081 2610 1296 2667 semper
1329 2596 1474 2654 enim
1509 2595 1744 2666 correpti
1775 2605 1922 2653 sunt.
1949 2595 2082 2654 Pro-

493 2697 679 2761 pterea
712 2689 1064 2759 increpantur
1091 2703 1200 2743 non
1225 2687 1505 2755 credituri,
1531 2697 1592 2744 ut
1616 2688 1792 2744 sciant
1828 2689 1953 2759 quia
1977 2687 2078 2759 ipsi

496 2781 597 2837 sibi
623 2795 786 2836 causa
815 2787 941 2838 sunt
967 2779 1308 2851 perditionis.
1337 2778 1522 2836 Potest
1543 2780 1646 2837 hoc
1673 2788 1732 2835 et
1751 2780 1819 2837 de
1838 2777 2082 2836 Salvato-

495 2889 554 2929 re
577 2873 770 2944 accipi,
783 2873 898 2944 qui,
929 2873 985 2926 in
1015 2874 1429 2930 cruceextensis
1454 2873 1724 2940 manibus,
1749 2873 2080 2932 interficien-

489 2963 623 3018 tium
660 2978 784 3019 eum
819 2971 1098 3033 peccatum
1142 2965 1340 3035 arguit.
1371 2961 1551 3018 Causa
1596 2963 1740 3018 enim
1770 2962 1859 3018 illa
1884 2961 2076 3017 clamat

487 3052 811 3109 sceleratum
864 3052 1072 3109 facinus
1098 3050 1402 3110 Juda'orum
1433 3053 1702 3124 superius,
1745 3052 1888 3124 quod
1915 3068 2079 3110 ausus

489 3147 562 3200 sit
587 3146 768 3201 dicere
799 3144 966 3201 Isaias
1010 3145 1074 3200 de
1121 3145 1206 3201 his
1234 3186 1250 3212 ,
1299 3146 1393 3216 qui
1431 3145 1525 3202 Dei
1576 3146 1790 3202 fuerant
1841 3145 2074 3213 inimici,

489 3235 729 3290 ostendit
753 3235 853 3289 hos
897 3235 1103 3290 amicos
1131 3234 1361 3302 futuros,
1397 3245 1453 3292 et
1475 3249 1571 3290 eos
1591 3236 1684 3306 qui
1710 3235 1965 3292 Israelita:
1992 3235 2077 3290 di-

491 3327 775 3393 cebantur,
803 3337 1023 3400 propter
1047 3328 1188 3397 quod
1219 3328 1590 3384 inobedientes
1613 3336 1795 3393 erant,
1817 3335 1877 3383 ut
1898 3326 2078 3383 inimi-

488 3434 582 3475 cos
607 3416 956 3487 abjiciendos.

1092 3552 1321 3611 CAPUT
1363 3553 1451 3610 XI.

491 3709 743 3782 ltepritnit
793 3709 1074 3782 Apostolus
1113 3709 1506 3782 insultationem
1569 3710 1840 3782 gentilium
1889 3719 2074 3765 contra

593 3781 792 3845 udwos,
821 3779 890 3852 et
910 3779 1055 3852 ponit
1096 3779 1410 3852 Judteorum
1433 3779 1738 3852 promentem
1767 3782 2075 3852 exctrcatio-

554 3867 713 3922 nem,
742 3848 1107 3922 concluditque
1140 3848 1443 3921 capitulum
1471 3850 1568 3906 hoc
1611 3849 1945 3922 profunditas
1979 3866 2071 3904 sa-

553 3921 762 3992 pientia:
785 3921 999 3976 divinas.

551 4057 682 4113 Dico
742 4066 969 4113 autem:
1025 4055 1283 4128 Nunquid
1349 4057 1543 4129 repulit
1613 4056 1756 4112 Deus
1817 4058 2068 4130 papulum

479 4149 640 4204 sum?
659 4147 826 4203 Absit.
861 4147 1044 4221 (Aug.)
1070 4146 1224 4216 Quod
1250 4154 1430 4204 autem
1457 4148 1536 4202 ait
1557 4165 1569 4201 :
1589 4146 1845 4218 Nunquid
1881 4149 2068 4220 repulit

479 4223 623 4294 Deus
644 4237 842 4310 plebem
870 4238 1063 4294 suam?
1090 4238 1273 4303 Absit;
1308 4251 1430 4292 nam
1456 4247 1505 4293 et
1531 4253 1624 4309 ego
1651 4237 1899 4296 Israelita
1925 4256 2065 4305 sum,

477 4347 544 4388 ea;
575 4333 770 4387 semine
815 4331 1105 4398 Abraham,
1135 4330 1199 4385 de
1238 4329 1379 4384 tribu
1412 4329 1711 4401 Benjamin,
1746 4331 1814 4386 ad
1843 4331 1948 4387 hoc
1975 4345 2064 4387 re-

477 4420 652 4476 fertur
677 4419 820 4491 quod
860 4419 1108 4492 superius
1147 4418 1320 4475 dixit:
1358 4417 1482 4474 Non
1509 4429 1672 4491 potest
1712 4430 1886 4476 autem
1925 4421 2066 4476 exci-

475 4511 600 4567 dere
622 4511 830 4568 serbum
846 4510 944 4566 Dei
959 4524 978 4562 :
995 4526 1100 4566 non
1121 4512 1259 4566 enim
1280 4526 1458 4565 omnes
1477 4509 1568 4582 qui
1584 4520 1703 4564 sunt
1724 4526 1788 4565 ea:
1801 4508 1991 4574 Israel,
2009 4508 2066 4564 hi

477 4615 598 4660 sunt
634 4603 928 4670 Israelitw;
957 4603 1270 4686 nequekquia
1299 4612 1419 4658 sunt
1445 4619 1509 4658 ea:
1540 4603 1735 4658 semine
1763 4603 2062 4669 Abraham,

475 4713 655 4753 omnes
678 4695 810 4766 ﬁlii;
847 4696 936 4751 sed
965 4695 1020 4750 in
1055 4695 1207 4750 Isaac
1233 4695 1500 4750 vocabitur
1526 4695 1620 4749 tibi
1653 4710 1827 4750 semen
1855 4708 1874 4747 :
1902 4702 1962 4749 ut
1996 4695 2063 4751 de

475 4787 594 4861 ipso
645 4787 848 4844 scilicet
877 4785 1073 4858 popqu
1101 4785 1408 4841 Judaeorum
1440 4785 1516 4840 illi
1557 4785 1878 4856 deputentur
1903 4785 1958 4840 iu
1979 4801 2065 4840 se-

476 4893 600 4936 men
625 4919 641 4946 ,
681 4877 774 4950 qui
835 4877 1062 4933 Domino
1114 4875 1477 4932 crediderunt.
1512 4875 1589 4931 De
1646 4876 1749 4931 hoc
1802 4875 1930 4932 i;em
1983 4877 2064 4932 di-

476 4971 550 5026 cit
577 4969 844 5042 superius,
874 4967 1106 5040 reliquia:
1127 4965 1286 5022 salva:
1309 4966 1454 5035 ﬁent.
1483 4965 1678 5039 (Orig.)
1705 4965 1968 5034 Quoniam
1990 4982 2057 5022 ex

475 5062 563 5118 his
583 5076 704 5134 qua:
745 5074 909 5132 supra
947 5050 1088 5115 dicta
1129 5067 1256 5116 sunt
1283 5058 1558 5114 videretur
1579 5058 1802 5116 forsitan
1832 5059 2058 5130 populus

475 5149 784 5210 Iudaeorum
817 5151 1064 5222 repulsus
1104 5165 1224 5206 esse
1247 5165 1276 5204 a
1307 5148 1438 5216 Deo,
1466 5165 1566 5206 nec
1600 5149 1800 5221 aliquid
1825 5150 1938 5220 spei
1967 5165 2062 5220 ge-

479 5255 618 5307 rere,
650 5241 697 5297 si
722 5241 937 5312 quidem
966 5240 1021 5296 in
1048 5238 1445 5298 aemulationem
1474 5239 1742 5297 induxerit
1765 5255 1888 5296 eum
1914 5239 2058 5297 Deus

479 5331 534 5388 in
567 5349 674 5390 nou
711 5344 943 5406 gentem,
975 5340 1030 5388 et
1057 5331 1112 5388 in
1148 5330 1304 5399 iram,
1349 5332 1404 5387 in
1447 5340 1660 5404 gentem
1705 5333 2053 5398 insensatam,

477 5429 534 5476 et
566 5423 884 5480 manifestus
909 5421 1081 5480 factus
1106 5421 1178 5477 sit
1212 5422 1295 5478 his
1321 5422 1412 5492 qui
1440 5434 1565 5477 eum
1591 5438 1698 5478 non
1725 5423 2058 5493 quaerebant,

479 5518 536 5566 et
557 5512 808 5570 Inventus
860 5513 929 5569 sit
957 5513 1026 5568 ab
1054 5513 1141 5568 his
1162 5513 1254 5582 qui
1289 5513 1355 5568 de
1379 5527 1442 5568 eo
1474 5528 1578 5568 non
1608 5513 2012 5585 interrogabant
2043 5527 2058 5568 :

481 5610 760 5670 propterea
783 5603 1070 5673 Apostolus
1097 5601 1280 5659 volens
1305 5602 1408 5658 ista
1439 5611 1718 5671 curare,et
1755 5603 2038 5658 ostendere

484 5689 607 5760 quia
630 5694 863 5762 supersit
885 5693 1072 5750 salutis
1118 5693 1201 5749 via
1248 5693 1441 5764 popqu
1469 5694 1628 5752 Israel
1659 5694 1702 5752 si
1735 5695 1976 5764 credant,
2007 5702 2062 5752 et

2187 1850 2370 1925 (Joan.
2395 1855 2551 1926 xvn).
2579 1855 2656 1910 Ita
2677 1865 2728 1910 et
2756 1857 2810 1912 hi
2837 1874 2974 1928 quos
2995 1862 3267 1930 praescivit
3287 1863 3430 1920 Deus
3456 1868 3788 1934 crediturus,

2185 1958 2346 1999 nemo
2379 1959 2443 2000 ex
2475 1945 2560 2000 his
2589 1962 2618 2004 a
2651 1949 3014 2017 promissione
3033 1952 3280 2023 repulsus
3304 1963 3412 2020 est,
3436 1957 3574 2027 quia
3604 1959 3686 2013 sic
3710 1959 3787 2014 ta-

2185 2042 2333 2088 ctum
2358 2044 2462 2100 est,
2509 2036 2652 2092 sicut
2689 2040 2959 2108 prmscivit
2987 2041 3126 2097 Deus
3153 2042 3417 2100 futurum.
3453 2046 3667 2118 (Orig.)
3697 2049 3791 2104 \‘e-

2185 2138 2305 2178 rum
2330 2139 2397 2180 ne
2417 2140 2642 2196 parvum
2666 2129 2964 2198 videretur,
2988 2133 3131 2202 quod
3152 2136 3404 2204 exemplo
3425 2139 3513 2192 sui
3539 2154 3654 2194 non
3675 2155 3792 2196 esse

2185 2215 2456 2284 repulsam
2505 2217 2713 2288 plebem
2755 2221 2850 2275 Dei
2897 2223 3123 2279 docebat
3156 2225 3469 2297 Apostolus,
3519 2230 3792 2288 validiora

2185 2305 2413 2374 requirit
2442 2308 2712 2378 exempla,
2735 2320 2791 2366 et
2818 2311 2950 2368 dicit
2980 2331 2993 2367 :

2257 2397 2338 2452 An
2355 2399 2565 2454 nescitis
2582 2402 2634 2455 in
2647 2401 2770 2456 Elia
2790 2405 2918 2475 quid
2939 2405 3065 2460 dicit
3081 2405 3358 2479 Scriptura
3373 2411 3403 2465 1’
3422 2411 3788 2479 Quemadmo-

2183 2487 2310 2543 dum
2345 2491 2637 2560 interpellat
2685 2492 2967 2549 Dominum
3003 2497 3253 2554 adversus
3281 2499 3458 2557 Israel
3477 2505 3506 2558 2
3539 2506 3788 2571 Domine,

2181 2582 2458 2653 prophetas
2486 2593 2604 2639 tuos
2631 2585 2952 2653 occiderunt,
2979 2589 3173 2645 altaria
3205 2602 3299 2647 tua
3330 2596 3674 2664 ssi/foderunt
3704 2617 3723 2654 :
3741 2612 3790 2654 et

2183 2687 2277 2742 ego
2323 2672 2531 2728 relictus
2577 2691 2693 2729 sum
2732 2675 2876 2731 solus
2897 2719 2913 2742 ,
2949 2689 2997 2734 et
3033 2693 3276 2750 quierunt
3315 2686 3557 2740 animum
3591 2705 3784 2743 meum.

2184 2761 2292 2817 Sed
2321 2764 2446 2834 quid
2481 2765 2607 2819 dicit
2641 2767 2721 2820 illi
2759 2783 3060 2839 responsum
3097 2771 3334 2828 divinum
3354 2775 3382 2828 .’
3414 2774 3633 2848 Reliqui
3657 2781 3788 2833 mihi

2182 2867 2372 2927 septem
2396 2857 2562 2913 millia
2589 2861 2818 2914 uirorum
2851 2864 2942 2934 qui
2971 2880 3074 2919 non
3099 2879 3443 2923 curvaverant
3466 2887 3642 2940 genua
3663 2885 3789 2927 ante

2183 2947 2338 3002 Baal.
2381 2948 2614 3022 (Ambr.)
2643 2952 2840 3022 Aperta
2875 2963 3002 3010 sunt
3033 2956 3148 3011 ha-c
3179 2975 3194 3011 :
3228 2962 3472 3016 ostendit
3501 2963 3653 3018 enim
3679 2981 3785 3019 non

2182 3039 2355 3097 solum
2376 3042 2548 3098 Eliam
2575 3047 2915 3114 remansisse,
2941 3049 3030 3118 qui
3059 3051 3284 3106 devotus
3307 3051 3422 3109 Deo
3453 3070 3566 3110 non
3591 3059 3782 3113 adora-

2183 3139 2324 3193 verit
2364 3138 2506 3194 idola
2532 3137 2651 3211 (III
2691 3139 2822 3212 Reg.
2855 3143 2968 3213 xix)
2997 3161 3010 3197 :
3039 3145 3132 3200 sed
3160 3153 3216 3200 et
3241 3146 3443 3203 multos
3467 3149 3564 3218 qui
3597 3150 3650 3206 in
3681 3149 3784 3204 ﬁde

2181 3228 2277 3284 Dei
2307 3240 2740 3300 permanserunt,
2767 3232 2906 3288 sicut
2930 3244 2986 3290 et
3008 3250 3074 3290 ex
3098 3235 3302 3291 Judreis
3330 3253 3438 3294 non
3467 3240 3634 3308 pauci
3665 3255 3786 3295 cre-

2177 3317 2449 3376 diderunt.
2502 3319 2636 3376 Huic
2667 3323 2744 3377 rei
2786 3331 2842 3378 et
2880 3324 3104 3380 historia
3141 3328 3425 3398 congruit,
3455 3331 3588 3400 quia
3627 3331 3796 3394 multi.

2177 3424 2276 3480 per
2321 3411 2602 3482 speluncas
2648 3415 2904 3477 occultati
2951 3426 3077 3472 sunt
3109 3429 3336 3490 propter
3370 3422 3566 3478 Achab
3595 3439 3778 3496 regem

2180 3498 2442 3557 Samaria:
2461 3509 2515 3557 et
2526 3500 2744 3559 Iezabel
2767 3519 2990 3560 uxorem
3013 3507 3146 3578 ejus,
3163 3509 3262 3580 qui
3287 3511 3780 3583 pseudOprophetis

2177 3594 2482 3661 credentes,
2499 3594 2594 3652 Dei
2621 3596 2914 3667 prOphetas
2930 3602 3420 3670 persequebantur,
3435 3613 3490 3658 et
3513 3604 3776 3675 populum

2177 3686 2244 3741 ad
2271 3686 2632 3743 idololatriam
2655 3689 3034 3745 hortabantur.
3058 3689 3148 3746 Sic
3172 3693 3340 3764 igitur
3355 3705 3404 3748 et
3429 3695 3484 3750 in
3510 3696 3615 3750 hoc
3639 3706 3774 3751 tens-

2171 3793 2296 3848 pore
2317 3776 2550 3848 reliquid:
2577 3781 2865 3834 secundum
2889 3781 3191 3837 electionem
3216 3785 3409 3854 gratiae
3427 3784 3590 3840 salue
3611 3787 3776 3855 facta

2172 3877 2312 3922 sunt.
2332 3866 2530 3940 (Orig.)
2552 3867 2954 3927 Ostendendum
2978 3887 3106 3944 ergo
3126 3880 3226 3943 pro
3248 3875 3458 3930 viribus
3477 3874 3638 3930 nobis
3663 3885 3774 3942 est,

2171 3957 2442 4029 quomodo
2469 3959 2610 4015 sicut
2637 3960 2836 4016 factum
2884 3971 2970 4018 est
2997 3962 3100 4018 sub
3129 3963 3268 4030 Elia,
3299 3966 3388 4021 ubi
3415 3982 3635 4022 omnem
3667 3983 3774 4040 po-

2170 4049 2352 4121 pulum
2383 4049 2650 4121 Propheta
2673 4051 2831 4110 simul
2849 4060 3137 4122 putaverat
3157 4055 3458 4126 repudiari,
3485 4059 3776 4114 inveniun-

2171 4149 2260 4195 tur
2301 4149 2506 4210 septem
2559 4141 2726 4198 millia
2781 4143 2907 4210 viri,
2942 4145 3033 4214 qui
3093 4157 3518 4216 permanserunt
3563 4150 3620 4204 in
3662 4150 3770 4206 Te-

2169 4241 2437 4288 stamento
2455 4232 2571 4300 Dei,
2595 4235 2674 4289 sic
2697 4234 2894 4290 factum
2919 4245 3003 4293 est
3021 4239 3184 4294 etiam
3211 4241 3266 4294 in
3287 4242 3521 4296 adventu
3540 4241 3770 4309 Christi,

2169 4329 2223 4376 et
2253 4321 2338 4376 his
2365 4323 2698 4394 temporibus
2724 4325 2920 4394 quibus
2946 4326 3277 4396 prmdicabat
3301 4329 3522 4385 Paulus.
3556 4331 3625 4385 Et
3648 4334 3772 4388 vide

2165 4411 2213 4468 si
2235 4410 2375 4468 forte
2401 4427 2686 4483 possumus
2709 4412 2970 4470 Joannem
2997 4416 3312 4488 Baptistam,
3339 4419 3434 4489 qui
3465 4417 3768 4477 Salvaton‘s

2166 4509 2443 4579 praecessit
2477 4511 2792 4578 adventum,
2818 4525 3020 4582 ponere
3051 4513 3170 4568 loco
3197 4513 3330 4568 Elim
3363 4533 3377 4568 :
3423 4517 3769 4589 quandoquio

2165 4600 2284 4655 dem
2309 4609 2364 4656 et
2385 4600 2735 4671 Evangelium
2759 4601 2862 4656 tale
2880 4602 2930 4658 ei
2953 4604 3318 4658 testimonium
3340 4587 3623 4674 perhibet,
3641 4587 3765 4678 gis.

2163 4691 2219 4746 in
2253 4691 2439 4763 spiritu
2489 4702 2538 4747 et
2580 4695 2767 4749 virtute
2805 4695 3014 4750 venerit
3058 4693 3200 4750 Elia!
3241 4695 3394 4768 (Luc.
3437 4695 3504 4770 ι),
3549 4708 3610 4754 et
3649 4701 3766 4770 ipse

2164 4782 2424 4838 Dominus
2458 4783 2656 4840 dixerit
2691 4785 2760 4840 de
2797 4801 2865 4841 eo
2907 4804 2920 4842 :
2953 4783 3020 4840 Et
3060 4787 3106 4842 si
3148 4787 3304 4841 cultis
3339 4789 3498 4853 scire,
3535 4791 3649 4858 ipse
3689 4807 3756 4844 es.

2165 4867 2316 4927 Elius
2347 4887 2366 4924 :
2391 4874 2482 4944 qui
2526 4873 2677 4928 habet
2707 4891 2862 4930 aures
2890 4877 3160 4942 audiendi,
3189 4877 3375 4931 audiat
3407 4878 3633 4949 (Matth.
3663 4881 3759 4948 ιι).

2166 4961 2265 5020 Hic
2291 4977 2421 5034 ergo
2449 4964 2541 5034 qui
2567 4965 2622 5020 in
2663 4965 2853 5036 spiritu
2888 4976 2944 5020 et
2979 4967 3176 5022 virtute
3213 4969 3425 5022 venerit
3471 4969 3628 5036 Elim,
3678 4971 3762 5024 in-

2167 5065 2374 5113 tantum
2401 5057 2781 5128 desperaverat
2811 5059 2878 5114 de
2905 5059 3100 5128 populo
3129 5055 3239 5125 illo,
3283 5069 3345 5116 ut
3387 5076 3499 5114 non
3542 5077 3642 5116 eos
3681 5062 3762 5115 di-

2164 5159 2315 5208 ceret
2347 5151 2747 5222 generationem
2777 5167 2898 5208 esse
2924 5151 3151 5207 Abrahae
3170 5193 3186 5218 ,
3217 5155 3312 5208 sed
3348 5153 3758 5224 generationem

2164 5245 2493 5315 viperarum,
2515 5253 2571 5301 et
2604 5245 2692 5301 his
2707 5245 2933 5304 adderet
2956 5263 2971 5301 :
2992 5245 3170 5302 Nolite
3187 5247 3380 5313 dicere,
3403 5249 3532 5320 quia
3557 5260 3759 5320 patrem

2165 5335 2412 5391 habemus
2453 5336 2738 5392 Abraham.
2777 5335 2906 5392 Dico
2939 5339 3076 5392 enim
3117 5338 3257 5394 vobis
3282 5327 3410 5410 quia
3445 5350 3638 5409 potens
3685 5349 3756 5394 est

2164 5423 2302 5479 Deus
2323 5424 2386 5478 de
2409 5423 2672 5494 lapidibus
2696 5425 2812 5480 istis
2840 5427 3098 5482 suscitare
3119 5427 3260 5496 ﬁlios
3282 5427 3514 5483 Abrahae
3537 5427 3754 5502 (Matth.

2161 5513 2268 5586 Ill).
2297 5511 2434 5569 Huic
2449 5529 2582 5584 ergo
2605 5515 2706 5570 ista
2728 5515 2794 5569 de
2817 5513 3013 5586 populo
3038 5518 3389 5586 conquerenti
3421 5521 3752 5589 respondea-

2164 5611 2291 5659 tura
2315 5603 2541 5660 Domino
2563 5604 2908 5662 etSaIvatore
2921 5617 3106 5662 nostro
3125 5626 3138 5662 :
3159 5607 3272 5680 Ego
3293 5609 3424 5674 scio,
3437 5625 3572 5680 quos
3591 5613 3757 5682 elege-

2164 5697 2259 5750 rim
2278 5713 2296 5763 ;
2318 5705 2372 5752 et
2393 5695 2588 5752 iterum
2609 5715 2622 5751 :
2643 5695 2773 5752 Ores
2791 5714 2918 5754 mea:
2940 5715 3108 5755 vocem
3138 5715 3303 5754 meam
3322 5699 3572 5768 audiunt,
3596 5713 3644 5756 et
3663 5715 3756 5771 ego
