4026 6180
278 278 396 333 ῑδέι

768 264 1344 359 ‘ENARRATIONUM
1382 287 1448 341 ΙΝ
1488 286 1636 340 EPP.
1677 281 1880 339 PAULI
1914 280 2037 335 LIB.
2084 282 2167 337 VI.
2206 313 2275 322 —
2314 282 2390 337 IN
2427 284 2641 338 EI’IS'I‘.
2682 285 2774 339 AD
2812 283 2979 338 DUM.

3285 333 3288 335 μ
3383 246 3526 348 ιὸὶέ

263 394 500 457 pra'cedo
525 409 632 457 eas,
664 403 710 448 et
734 408 1018 466 sequuntur
1048 415 1127 453 me
1150 417 1311 464 metu;
1335 409 1389 454 et
1414 400 1640 454 iterum:
1660 398 1838 451 Habeo
1867 399 1915 457 Α
1942 394 2333 452 interveniente
2360 413 2636 455 concessa.
2682 398 2928 469 Alioquin
2961 401 3130 470 gratia
3155 418 3270 470 1am
3307 420 3413 458 non
3440 416 3519 459 est

263 483 398 539 alias
442 502 557 539 oves
596 502 713 554 qua:
755 504 857 541 non
906 498 1027 543 sunt
1083 491 1147 544 de
1204 491 1324 546 ovili
1359 493 1456 545 hoc
1484 505 1502 542 :
1532 500 1728 561 oportet
1758 505 1838 543 me

262 587 310 630 et
336 575 455 630 illas
481 576 739 632 adducere
765 578 946 649 (Joan.
984 579 1061 653 χ).
1106 580 1244 648 Quid
1276 592 1456 637 autem
1489 591 1545 637 et
1584 582 1699 651 ipse
1733 597 1834 635 nu-

262 682 443 721 merus
505 677 710 738 septem
770 671 934 725 millia
989 672 1227 727 virorum
1292 674 1491 729 indicet
1540 672 1833 728 videamus.

262 759 614 829 Septenarius
630 775 883 817 numerus
895 763 962 816 ad
988 765 1225 832 requiem
1240 766 1490 833 pertinet.
1513 785 1530 814 ‹
1541 763 1597 817 In
1610 762 1837 832 septima

259 854 404 905 enim
434 850 521 905 die
546 851 811 920 requievit
830 853 987 908 Deus.
1011 872 1029 904 ι
1052 853 1184 909 Audi
1205 869 1354 925 ergo,
1380 864 1431 909 et
1458 853 1705 909 Christus
1727 868 1840 908 cre-

260 940 447 995 dentes
480 940 579 995 sibi
616 931 882 1011 quomodo
915 944 1105 998 invitat
1150 946 1217 1001 ad
1263 946 1523 1016 requiem,
1573 956 1628 1001 et
1666 945 1835 1000 dicit:

272 1030 448 1086 Venite
462 1032 531 1085 ad
544 1049 643 1097 me,
659 1048 833 1087 omnes
859 1035 948 1104 qui
970 1035 1219 1090 laboratis
1241 1047 1288 1091 et
1312 1039 1512 1092 onerati
1529 1039 1670 1104 estis,
1688 1047 1736 1092 et
1762 1039 1838 1092 in-

255 1120 471 1174 venietis
494 1122 718 1191 requiem
739 1123 1011 1178 animabus
1029 1126 1205 1179 vestris
1219 1125 1431 1196 (Matth.
1456 1126 1555 1198 xi).
1574 1125 1654 1183 Ad
1676 1129 1837 1183 istum

257 1228 389 1284 ergo
404 1215 766 1284 septenarium
781 1230 1062 1272 numerum
1079 1219 1311 1288 pertinet
1325 1220 1500 1276 omnis
1511 1221 1603 1291 qui
1618 1221 1838 1276 veniens

255 1304 326 1358 ad
347 1302 622 1359 Christum
652 1305 898 1376 deposuit
919 1322 1083 1363 onera
1105 1310 1330 1377 peccati,
1356 1318 1413 1364 et
1436 1310 1673 1381 requiem
1697 1311 1839 1365 salu-

256 1394 329 1448 tis
362 1393 586 1448 invenit.
618 1394 783 1451 Recte
821 1412 950 1468 ergo
994 1397 1282 1468 Apostolus
1339 1400 1486 1467 dicit,
1536 1400 1659 1470 quia
1689 1402 1764 1455 sic
1789 1410 1837 1455 et

254 1485 311 1539 in
349 1485 446 1538 hoc
485 1494 714 1556 tempore
751 1485 985 1557 reliquia:
1012 1490 1295 1543 secundum
1328 1489 1626 1565 electionem
1652 1492 1839 1561 gratim

254 1578 420 1629 salva:
460 1575 617 1645 facta:
663 1587 831 1631 sunt:
864 1566 1118 1649 reliquias
1156 1580 1340 1636 dicens
1376 1597 1469 1637 eos
1500 1583 1591 1654 qui
1630 1599 1696 1638 ex
1735 1583 1841 1639 cir-

254 1671 588 1727 cumcisione
617 1673 981 1741 crediderunt,
1026 1683 1135 1730 tam
1171 1676 1453 1747 Apostolos
1487 1693 1611 1733 eum
1643 1679 1840 1748 quibus

1937 487 2129 555 gratia.
2154 486 2351 544 Verum
2372 498 2476 555 est,
2499 491 2623 559 quia
2647 491 2693 546 si
2723 506 2931 546 merces
2952 502 3054 559 est,
3082 508 3185 547 non
3205 502 3289 548 est
3315 496 3518 564 gratia;

1938 576 2032 630 sed
2059 577 2183 647 quia
2220 594 2428 635 merces
2452 596 2558 635 non
2591 590 2697 645 est,
2721 581 2839 637 sine
2872 583 3035 637 dubio
3062 584 3233 653 gratia
3257 593 3368 649 est;
3393 587 3521 654 quia

1937 666 2148 720 veniam
2175 667 2303 723 dare
2328 671 2692 738 peccantibus,
2717 687 2822 726 non
2845 680 2929 727 est
2958 673 3099 729 aliud
3122 690 3282 743 quam
3304 676 3473 743 gratia
3505 692 3521 727 :

1937 764 1988 811 et
2011 757 2095 811 bis
2114 758 2205 827 qui
2229 773 2333 813 non
2359 760 2661 829 requirunt,
2682 762 2776 817 sed
2800 762 3024 839 offertur
3048 763 3172 829 illis,
3193 773 3250 818 ut
3274 765 3518 820 credant.

1937 847 2140 920 Duplex
2181 864 2307 921 ergo
2341 852 2516 922 gratia
2551 863 2655 917 est,
2692 854 2816 923 quia
2844 850 2947 910 hoc
2981 857 3237 927 competit
3267 858 3396 924 Deo,
3428 859 3525 928 qui

1939 940 2176 995 abundat
2207 940 2595 1009 misericordia,
2626 954 2684 999 ut
2709 956 2763 1001 et
2790 949 3029 1016 requirat
3052 964 3187 1018 quos
3215 950 3383 1021 gratis
3426 966 3522 1004 cu-

1939 1040 2039 1086 ret.
2092 1030 2291 1104 (θήῃ.)
2324 1032 2610 1089 Sciendum
2645 1046 2729 1091 est
2765 1052 2929 1107 opera
2966 1055 3084 1109 qua:
3146 1040 3342 1097 Paulus
3365 1056 3521 1112 repu-

1938 1124 2068 1191 diat,
2100 1133 2154 1180 et
2177 1123 2483 1195 frequenter
2510 1127 2798 1198 vituperat,
2816 1139 2935 1187 ‘non
2965 1148 3086 1189 esse
3112 1149 3272 1204 opera
3292 1135 3527 1204 iustitiae

1936 1231 2055 1285 qua:
2077 1220 2400 1272 mandantur
2421 1218 2475 1273 in
2502 1219 2620 1290 lege
2645 1235 2660 1274 :
2691 1222 2783 1276 sed
2807 1238 2871 1277 ea
2903 1224 2958 1278 in
2987 1226 3181 1294 quibus
3231 1229 3286 1282 hi
3314 1229 3404 1298 qui
3437 1243 3522 1283 se—

1938 1309 2168 1362 cundum
2201 1322 2419 1364 carnem
2449 1309 2619 1380 legem
2660 1313 2966 1367 custodiunt
3004 1314 3315 1385 gloriantur,
3351 1320 3404 1373 id
3433 1330 3519 1374 est

1938 1397 2277 1454 circumcisio
2305 1400 2505 1466 carnis,
2532 1400 2613 1455 vel
2635 1402 3021 1458 sacrificiorum
3047 1404 3202 1470 ritus,
3229 1405 3313 1459 vel
3336 1407 3522 1462 obser-

1937 1488 2082 1543 vatio
2124 1491 2468 1546 sabbatorum
2508 1500 2563 1547 et
2606 1494 3030 1548 neomeniarum.
3080 1494 3207 1550 Haec
3248 1504 3304 1550 et
3339 1495 3523 1565 hujus-

1940 1579 2085 1634 modi
2120 1594 2250 1651 ergo
2301 1588 2426 1635 sunt
2459 1597 2621 1652 opera
2654 1598 2716 1637 ex
2747 1584 2942 1652 quibus
2969 1584 3098 1638 dicit
3126 1584 3394 1640 neminem
3426 1602 3521 1656 po—

1946 1667 2111 1723 tuisse
2135 1667 2354 1734 salvari,
2395 1680 2450 1725 et
2482 1670 2548 1726 de
2582 1670 2776 1740 quibus
2816 1672 2870 1726 in
2910 1674 3160 1741 praesenti
3207 1673 3324 1730 loco
3366 1675 3519 1736 dicit,

253 1777 315 1815 se
338 1777 548 1832 quoque
568 1773 905 1827 aunumerat,
931 1780 1095 1834 quam
1121 1774 1174 1822 et
1201 1775 1425 1823 eteteros
1448 1767 1542 1839 qu‘i
1565 1784 1686 1823 cum
1711 1769 1840 1839 ipsis

1942 1758 2066 1829 quia
2104 1774 2205 1812 non
2245 1775 2309 1814 ea:
2346 1739 2626 1829 operibus:
2654 1761 2885 1833 alioquin
2911 1739 3123 1834 gratia,
3143 1764 3261 1833 jam
3308 1781 3412 1819 non
3460 1766 3521 1833 ﬁt

252 1852 429 1906 secuti
465 1862 588 1908 sunt
613 1852 771 1908 ﬁdem
815 1854 1039 1910 Christi.
1084 1852 1190 1912 Sed
1215 1858 1358 1927 quod
1387 1858 1516 1913 dicit
1555 1858 1841 1914 secundum

250 1940 553 1996 electionem
595 1944 780 2013 gratia:
821 1944 996 2000 salvas
1034 1944 1207 2002 factas
1254 1963 1373 2003 esse
1412 1948 1685 2019 reliquias,
1726 1950 1843 2005 haec

250 2034 389 2088 mihi
404 2033 667 2104 superﬂua
680 2051 788 2092 non
810 2038 1021 2092 videtur
1041 2053 1160 2095 esse
1174 2040 1451 2097 electionis
1470 2041 1699 2111 adjectio
1716 2058 1841 2112 :po-

253 2125 363 2180 tuit
399 2126 541 2181 enim
588 2127 766 2183 dicere
793 2146 807 2182 :
840 2128 1099 2201 Reliquia:
1125 2149 1218 2202 per
1241 2134 1466 2204 gratiam
1493 2133 1652 2188 salute
1685 2134 1841 2203 facta

249 2225 410 2281 sunt;
450 2217 546 2272 sed
576 2219 809 2274 ostendit
846 2234 942 2291 per
964 2222 1068 2277 hoc
1092 2237 1211 2278 esse
1240 2223 1467 2294 gratiam
1490 2233 1547 2279 et
1576 2224 1692 2280 sine
1732 2225 1840 2280 ele-

249 2308 435 2363 ctione
461 2316 514 2364 et
538 2325 662 2365 cum
684 2312 965 2369 electione.
1012 2314 1146 2368 Nam
1173 2330 1362 2371 omnes
1391 2317 1606 2387 quidem
1633 2320 1722 2389 qui
1746 2334 1842 2389 per

248 2396 417 2453 tidem
450 2399 748 2467 salvantur,
788 2418 886 2473 per
923 2404 1151 2474 gratiam
1183 2405 1299 2460 sine
1336 2406 1498 2461 dubio
1528 2406 1837 2463 salvantur:

249 2489 347 2558 qui
372 2497 548 2544 autem
577 2506 673 2561 per
693 2490 1010 2547 electionem
1041 2495 1229 2564 gratim
1254 2497 1528 2551 salvantur
1558 2497 1842 2568 perfectio-

249 2594 346 2633 res
377 2578 570 2634 anima:
599 2581 733 2637 mihi
761 2582 1013 2638 videntur
1037 2586 1266 2640 ostendi.
1309 2584 1462 2643 Sicut
1495 2588 1639 2643 enim
1677 2588 1842 2645 Israel

250 2672 455 2728 dicitur
481 2674 658 2730 omnis
688 2675 781 2745 qui
827 2675 1103 2733 descendit
1158 2677 1226 2733 de
1263 2693 1460 2749 genere
1509 2678 1705 2747 Israel;
1752 2680 1843 2735 ille

249 2772 438 2820 autem
493 2781 649 2822 verus
680 2766 843 2823 lsrael
879 2780 991 2834 est,
1028 2769 1120 2840 qui
1150 2780 1331 2826 mente
1360 2787 1515 2841 pura,
1571 2781 1626 2828 et
1680 2773 1843 2830 corde

250 2860 470 2913 sincero
493 2859 634 2915 videt
657 2860 825 2915 Deum
855 2876 869 2916 :
890 2862 965 2917 ita
988 2871 1043 2918 et
1059 2864 1125 2919 de
1146 2863 1247 2920 hoc
1270 2865 1514 2935 accipere
1535 2881 1842 2935 possumus,

250 2948 401 3018 quod
443 2963 630 3006 omnes
673 2952 888 3022 quidem
926 2954 1018 3023 qui
1060 2955 1128 3009 ad
1167 2954 1327 3010 Iidetn
1372 2958 1590 3012 veniunt
1615 2956 1839 3024 Christi,

252 3056 355 3109 per
378 3042 607 3111 gratiam
638 3044 892 3099 veniunt:
918 3046 1008 3115 qui
1038 3061 1166 3102 vero
1202 3049 1398 3103 donum
1449 3051 1635 3121 gratiae
1673 3051 1844 3120 operi-
1869 3087 1913 3148 Ο

250 3135 359 3186 bus
393 3135 623 3201 virtutis,
653 3143 707 3189 et
726 3137 961 3209 puritate
987 3138 1165 3193 cordis
1196 3148 1440 3208 exornat,
1474 3141 1577 3195 iste
1612 3157 1721 3197 non
1755 3158 1843 3199 so-

252 3219 368 3275 lum
402 3238 500 3293 per
548 3226 798 3296 gratiam,
852 3228 946 3282 sed
1001 3244 1099 3299 per
1137 3229 1455 3286 electionem
1500 3232 1688 3304 gratiae
1730 3233 1840 3289 sal-

250 3314 372 3368 vari
418 3315 626 3371 dicetur
668 3333 700 3372 ει
747 3317 983 3375 Christo.
1027 3320 1266 3392 Denique
1310 3333 1365 3378 et
1407 3324 1520 3395 ipse
1571 3326 1845 3396 apostolus

252 3407 480 3473 Paulus,
503 3408 547 3463 si
572 3410 693 3480 quis
713 3427 834 3466 eum
859 3412 911 3466 in
935 3413 1114 3468 verbis
1135 3416 1248 3470 suis
1273 3414 1554 3487 diligenter
1570 3418 1842 3486 observet,

252 3498 405 3552 videt
425 3499 692 3568 quomodo
712 3501 1015 3570 hujusmodi
1045 3502 1476 3561 distinctionibus
1498 3507 1696 3575 utitur;
1717 3508 1843 3564 alibi

253 3588 555 3644 secundum
592 3605 810 3646 carnem
852 3593 1137 3648 nominans
1170 3593 1363 3661 Israel,
1407 3595 1535 3651 alibi
1577 3612 1739 3667 super
1779 3613 1845 3654 eo

253 3679 441 3733 carnis
462 3679 681 3735 omnino
706 3697 814 3736 non
847 3680 1052 3739 faciens
1083 3686 1428 3753 mentionem,
1451 3684 1592 3743 sicut
1615 3688 1669 3742 in
1701 3704 1844 3759 prte-

255 3767 399 3821 senti
442 3766 577 3832 loco,
629 3769 719 3824 ubi
759 3786 881 3826 cum
926 3771 1147 3836 diceret,
1188 3776 1313 3844 quia
1352 3793 1455 3831 non
1490 3777 1677 3849 repulit
1702 3779 1844 3835 Deus

254 3853 455 3925 plebem
485 3873 655 3921 suam,
679 3864 733 3912 et
767 3860 1099 3915 nobilitatem
1128 3861 1434 3920 Israeliticae
1459 3867 1653 3922 animae
1686 3867 1848 3923 vellet

256 3960 532 4017 exponere
566 3948 677 4003 ait:
719 3949 858 4005 Nam
880 3961 928 4006 et
957 3969 1049 4023 ego
1084 3952 1329 4008 Israelita
1367 3972 1499 4010 sum.
1525 3956 1582 4010 lu
1611 3959 1844 4014 secunda

256 4053 392 4092 vero
418 4038 484 4093 ad
508 4037 836 4107 Corinthios,
872 4043 963 4097 ubi
996 4045 1314 4114 quibusdam
1336 4044 1402 4100 de
1432 4046 1725 4103 Israelitico
1754 4066 1844 4119 ge-

257 4142 397 4183 nere
430 4128 722 4184 secundum
753 4147 971 4187 carnem
1010 4134 1362 4205 gloriantibus
1389 4137 1599 4207 cogitur
1624 4154 1843 4208 respon-

257 4221 411 4283 dere,
436 4220 557 4275 vide
582 4236 701 4291 quae
730 4223 989 4292 praemisit
1025 4224 1108 4294 (Il
1154 4224 1276 4280 Cor.
1322 4225 1436 4298 XI):
1470 4227 1601 4295 Quce
1635 4227 1840 4300 loquor,

256 4312 456 4383 inquit,
487 4330 589 4367 non
614 4315 896 4368 secundum
924 4315 1089 4369 Deum
1118 4316 1318 4388 loquor,
1352 4319 1444 4373 sed
1466 4321 1620 4391 quasi
1637 4320 1688 4375 in
1710 4321 1843 4375 insi-

1940 1850 2133 1918 gratia.
2167 1848 2224 1905 Si
2261 1850 2404 1905 enim
2438 1864 2538 1920 per
2573 1852 2687 1906 lucc
2715 1852 2835 1922 quis
2853 1852 3199 1923 justilicatur,
3223 1870 3329 1910 non
3358 1857 3525 1927 gratis

1935 1939 2281 2011 justiﬁeatur.
2308 1941 2409 2010 Qui
2446 1949 2628 1997 autem
2657 1958 2755 2012 per
2781 1944 3012 2014 gratiam
3035 1945 3383 2021 justiﬁeatur,
3418 1948 3521 2003 ista

1939 2032 2157 2102 quidem
2201 2048 2363 2102 opera
2387 2032 2456 2105 ab
2494 2047 2558 2089 eo
2595 2033 2813 2088 minime
2836 2042 3181 2104 quaeruntur;
3213 2036 3310 2093 sed
3335 2038 3523 2093 obser-

1939 2138 2069 2180 vare
2094 2125 2252 2180 debet
2274 2141 2343 2181 ne
2370 2136 2586 2199 accepta
2612 2129 2783 2200 gratia
2815 2129 2991 2184 inanis
3019 2127 3111 2185 fiat
3145 2130 3201 2185 in
3239 2145 3334 2194 eo,
3382 2132 3524 2186 sicut

1940 2212 1995 2271 et
2031 2215 2230 2271 Paulus
2256 2215 2407 2282 dicit,
2448 2218 2577 2287 quia
2622 2218 2795 2288 gratia
2832 2218 2945 2289 ejus
2987 2219 3044 2273 in
3078 2235 3160 2274 me
3200 2220 3372 2276 inanis
3419 2236 3525 2274 non

1939 2307 2063 2377 fuit,
2078 2309 2168 2363 sed
2181 2308 2403 2380 amplius
2413 2325 2572 2380 quam
2588 2326 2763 2365 omnes
2779 2310 2856 2364 illi
2874 2310 3104 2366 laboraui
3118 2311 3166 2383 (1
3183 2309 3438 2384 Conxv).
3457 2312 3531 2366 Et

1940 2399 2133 2456 iterum
2149 2400 2297 2455 addit
2319 2407 2569 2471 tanquam
2586 2416 2792 2456 memor
2809 2402 3023 2472 gratiae:
3044 2401 3168 2458 Non
3187 2420 3300 2474 ego,
3326 2404 3531 2474 inquit,

1939 2489 2032 2545 sed
2048 2491 2217 2562 gratia
2235 2490 2334 2545 Dei
2353 2507 2571 2547 mecum.
2599 2490 2714 2546 Non
2739 2491 2868 2547 facit
2889 2507 3020 2565 ergo
3048 2494 3261 2551 inanem
3292 2494 3518 2565 gratiam

1940 2579 2030 2636 ille
2058 2582 2148 2651 qui
2170 2582 2326 2653 digna
2350 2581 2402 2637 ei
2434 2596 2596 2654 opera
2633 2582 2928 2655 subjungit,
2973 2591 3030 2639 et
3064 2584 3252 2656 gratia:
3288 2583 3380 2639 Dei
3415 2600 3521 2638 non

1940 2671 2129 2727 existit
2164 2672 2425 2743 ingratus.
2465 2673 2567 2741 Qui
2590 2674 2744 2729 enim
2771 2683 2891 2744 post
2919 2684 3265 2732 consecutam
3292 2676 3521 2747 gratiam

1940 2775 2150 2836 peccat,
2179 2766 2421 2838 ingratus
2441 2766 2501 2823 Iit
2544 2768 2593 2823 ei
2624 2768 2712 2839 qui
2749 2770 3000 2839 praestitit
3028 2771 3289 2842 gratiam;
3332 2774 3378 2827 si
3425 2788 3522 2828 aue

1943 2863 2048 2909 tem
2082 2871 2188 2911 non
2219 2855 2431 2910 inanem
2459 2853 2653 2912 feceris
2676 2858 2923 2927 gratiam,
2963 2858 3405 2929 multiplicabitur
3427 2861 3543 2915 tibi.

1942 2946 2118 3017 gratia
2142 2987 2156 3011 ,
2184 2953 2239 3001 et
2270 2954 2522 3015 tanquam
2550 2948 2853 3003 mercedem
2880 2948 3005 3003 boni
3027 2949 3206 3019 operis
3227 2951 3549 3021 gratiarunr

1943 3035 2338 3091 multitudinem
2363 3037 2741 3106 consequeris,
2779 3037 2920 3093 sicut
2946 3046 3002 3093 et
3034 3039 3147 3109 ipse
3193 3040 3381 3095 scribit
3417 3040 3518 3095 Pe-

1944 3133 2063 3178 trus
2091 3124 2143 3178 in
2171 3123 2405 3194 Epistola
2434 3139 2529 3179 sua
2557 3124 2742 3181 dicens
2768 3143 2780 3179 :
2810 3124 2994 3180 Gratia
3021 3129 3162 3182 vobis
3186 3137 3239 3183 et
3259 3146 3362 3198 pax
3389 3131 3524 3184 mul-

1945 3215 2273 3286 tipliceturin
2291 3214 2634 3287 recognitione
2646 3215 2743 3271 Dei
2767 3215 2855 3288 (II
2875 3213 3021 3273 Petr.
3038 3216 3110 3289 ι);
3134 3226 3189 3275 et
3210 3218 3404 3276 iterum
3425 3219 3523 3275 ali-

1943 3311 2031 3366 bi:
2061 3307 2127 3365 Ut
2168 3311 2289 3365 boni
2334 3310 2718 3381 dispensatores
2754 3309 3058 3382 multiplicis
3082 3310 3287 3385 gratia,
3321 3311 3424 3368 Dei
3461 3312 3521 3386 (I

1946 3402 2091 3457 Petr.
2145 3403 2242 3476 tv).

2017 3493 2157 3558 Quid
2168 3509 2287 3564 ergo
2301 3493 2406 3548 est?
2419 3492 2575 3560 Quod
2592 3493 2854 3565 qumrebat
2871 3492 3061 3560 Israel,
3076 3494 3171 3549 hoc
3188 3510 3291 3550 non
3307 3503 3382 3551 est
3397 3511 3523 3552 con-

1942 3592 2179 3639 secutus:
2202 3583 2380 3637 clectio
2402 3594 2577 3638 autem
2602 3592 2878 3638 consecuta
2896 3594 3008 3638 est:
3023 3585 3199 3639 ceteri
3221 3602 3342 3640 vero
3365 3602 3531 3642 exote-

1944 3675 2048 3727 cati
2067 3684 2187 3728 sunt
2202 3717 2217 3739 ,
2244 3675 2375 3728 sicut
2400 3675 2649 3743 scriptum
2669 3684 2743 3728 est
2759 3688 2777 3725 :
2795 3675 2949 3728 Dedit
2967 3675 3073 3731 illis
3095 3675 3351 3732 Dominus
3372 3678 3526 3748 spiri-

1943 3771 2054 3815 tum
2083 3760 2525 3835 compunctionis;
2548 3761 2724 3817 oculos
2752 3773 2807 3817 ut
2834 3780 2938 3818 non
2984 3765 3218 3829 videant,
3262 3783 3417 3822 aures
3462 3778 3539 3822 ut‘

1942 3869 2048 3906 non
2072 3852 2314 3917 audiant,
2340 3868 2502 3921 usque
2534 3854 2587 3906 in
2621 3853 2928 3908 hodiernum
2963 3854 3121 3909 diem.
3151 3854 3220 3908 Et
3248 3856 3525 3911 Darid‘di—

1944 3943 2048 3997 cit:
2066 3939 2185 3995 Fiat
2201 3957 2381 3995 mensa
2412 3956 2591 3995 eorum
2616 3941 2671 3995 in
2700 3941 2963 4013 laqueum,
2991 3952 3038 3998 et
3059 3944 3114 3998 in
3137 3947 3449 4013 captionem,
3474 3957 3521 4001 et

1942 4034 1999 4087 in
2026 4031 2359 4097 scandalum,
2401 4041 2450 4086 et
2496 4033 2551 4085 in
2582 4032 2970 4087 retributionem
3007 4033 3134 4088 illis.
3167 4033 3527 4092 Obscurentur

1943 4121 2083 4176 oculi
2120 4138 2300 4177 eorum
2326 4139 2388 4177 ne
2423 4123 2653 4189 uideant,
2681 4132 2728 4176 et
2753 4123 2967 4177 dorsum
3004 4141 3187 4179 eorum
3214 4143 3416 4199 semper
3438 4129 3523 4183 in-

1943 4232 2119 4271 curva.
2150 4214 2209 4270 In
2239 4215 2323 4271 his
2351 4214 2636 4286 Apostolus
2660 4215 2822 4271 lsrael
2850 4216 2905 4270 in
2930 4217 3062 4273 duas
3076 4218 3281 4275 .dividit
3300 4228 3483 4290 partes
3507 4238 3523 4287 ;

1944 4321 2169 4376 quarum
2206 4322 2368 4361 unam
2420 4307 2734 4362 eiectionem
2765 4316 2942 4373 vocat,
2972 4324 3095 4378 quas
3129 4319 3419 4367 consecuta
3457 4314 3527 4368 sit

255 4404 457 4473 pientia
488 4403 539 4457 in
563 4403 663 4458 hac
689 4403 988 4459 substantia
1026 4404 1309 4477 gloriandi.
1346 4407 1603 4473 Quoniam
1632 4409 1842 4480 quidem

1945 4397 2087 4468 quod
2114 4398 2389 4466 quatiebat
2417 4413 2429 4451 :
2461 4394 2620 4451 aliam
2645 4406 2869 4477 casteros
2893 4397 3145 4468 appellat,
3177 4401 3269 4469 qui
3297 4416 3407 4455 non
3437 4417 3526 4457 so-

257 4491 414 4546 ntulti
442 4492 736 4563 gloriantur
758 4492 1038 4547 secundum
1071 4511 1311 4560 carnem;
1339 4503 1387 4550 et
1421 4512 1513 4566 ego
1556 4496 1837 4566 gloriabor.

258 4586 330 4640 Et
362 4595 483 4655 post
514 4586 788 4655 aliquanta
814 4585 982 4641 dicit:
1018 4585 1229 4641 Hebra'i
1259 4597 1401 4653 sunt,
1426 4599 1476 4643 et
1503 4606 1631 4660 ego;
1666 4589 1845 4645 Israe-

256 4677 373 4731 lita:
397 4686 538 4742 sunt,
563 4686 609 4731 et
635 4692 760 4747 ego;
790 4693 963 4730 semen
988 4676 1213 4732 Abruhte
1230 4688 1366 4740 sunt,
1396 4687 1443 4733 et
1465 4696 1576 4749 ego.
1605 4680 1699 4735 Sic
1716 4695 1845 4751 ergo

259 4767 355 4823 ubi
382 4768 448 4822 de
476 4766 637 4821 Israel
672 4766 1011 4836 loquebatur,
1038 4766 1128 4822 illo
1156 4764 1410 4823 interiore
1444 4768 1659 4824 homine
1692 4768 1840 4841 (talis

259 4857 411 4911 enim
432 4865 516 4910 est
538 4855 690 4924 plebs
707 4856 793 4911 illa
817 4870 978 4926 quam
1002 4856 1272 4926 praescivit
1292 4858 1453 4924 Deus,
1482 4866 1536 4913 et
1557 4873 1661 4912 non
1694 4873 1846 4928 repu-

257 4949 372 5020 lit),
408 4964 512 5003 non
541 4947 671 5002 dicit
692 4948 976 5003 secundum
1015 4965 1222 5004 carnem
1254 4948 1417 5017 Israel
1444 4967 1457 5003 :
1497 4950 1563 5004 ad
1594 4964 1688 5005 eos
1715 4964 1846 5005 vero

258 5038 361 5110 qui
399 5038 453 5093 in
487 5038 667 5094 carnis
710 5054 905 5110 genere
935 5038 1300 5109 gloriabantur
1326 5040 1585 5111 praemisit
1613 5040 1753 5110 quod
1782 5041 1847 5097 de

260 5130 572 5202 huiusmodi
600 5129 918 5200 gloriatione
946 5145 1121 5200 neque
1142 5130 1423 5184 secundum
1470 5128 1634 5185 Deum
1664 5128 1847 5202 loque-

261 5223 438 5287 retur,
470 5235 644 5291 neque
672 5221 726 5275 in
757 5220 1052 5292 sapientia;
1084 5219 1199 5285 sed,
1230 5227 1288 5274 ut
1313 5219 1426 5290 ipse
1452 5219 1603 5284 dicit,
1636 5220 1690 5272 in
1722 5219 1848 5273 insi-

260 5312 482 5383 pientia.
523 5311 681 5366 Tales
722 5320 846 5367 sunt
885 5312 1323 5384 ergocreliquiaz,
1391 5327 1510 5382 qute
1553 5312 1845 5366 secundum

230 5444 238 5450 .
264 5403 587 5459 electionem
611 5403 798 5474 gratiae
823 5404 986 5459 salvae
1008 5403 1165 5457 factae
1195 5411 1337 5458 sunt.
1371 5423 1389 5455 ι
1422 5403 1489 5457 Et
1517 5403 1722 5458 addidit
1748 5421 1761 5457 :
1789 5401 1849 5458 Si

267 5500 443 5545 autem
465 5494 656 5563 gratia,
685 5494 802 5564 jam
835 5511 937 5548 non
963 5509 1028 5548 ea:
1051 5493 1304 5563 operibus.
1358 5492 1593 5566 (Arnim)
1631 5492 1852 5549 Manife-

267 5592 414 5637 stum
443 5592 527 5639 est
545 5584 671 5654 quia
696 5585 866 5656 gratia
917 5584 1005 5637 Dei
1043 5585 1239 5639 donum
1284 5590 1387 5646 est,
1430 5592 1484 5638 et
1528 5600 1633 5639 non
1675 5584 1851 5640 debita

270 5690 482 5732 merces
513 5677 803 5747 operibus;
839 5678 931 5733 scd
967 5676 1196 5747 gratuita
1236 5676 1461 5742 ratione,
1486 5676 1853 5734 misericordia

1946 4490 2053 4544 lum
2071 4488 2343 4544 consecuti
2362 4503 2466 4568 non
2493 4489 2770 4560 suntquod
2792 4491 3125 4561 quaerebant,
3153 4493 3249 4549 sed
3267 4498 3522 4552 exetecati

1945 4588 2070 4636 sunt
2094 4580 2283 4651 spiritu
2312 4580 2757 4650 compunctionis.
2787 4580 2995 4648 Quibus
3031 4584 3196 4639 etiam
3221 4585 3390 4642 Deum
3432 4588 3525 4645 de-

1946 4671 2091 4728 disse
2110 4672 2238 4727 dicit
2260 4690 2278 4723 t
2295 4672 2498 4737 oculos,
2515 4681 2572 4726 ut
2593 4688 2697 4727 non
2724 4674 2959 4741 videant,
2980 4684 3033 4730 et
3054 4691 3211 4735 aures
3227 4687 3289 4733 ut
3307 4695 3412 4735 non
3434 4695 3527 4734 au—

1946 4763 2120 4829 diant,
2151 4777 2318 4834 usque
2350 4763 2403 4817 in
2430 4763 2747 4819 hodiernum
2773 4765 2930 4827 diem,
2969 4784 2987 4816 ι
3020 4766 3123 4822 hoc
3142 4776 3245 4835 est,
3267 4784 3437 4840 usque
3456 4772 3522 4823 ad

1951 4852 2468 4909 consummationem
2494 4854 2696 4909 surculi.
2734 4853 2840 4910 Sed
2879 4858 3104 4924 quaestio
3145 4859 3301 4914 nobis
3345 4874 3526 4914 move-

1952 4959 2055 5011 tur,
2091 4951 2359 5021 quomodo
2388 4948 2455 5003 de
2495 4949 2638 5004 bona
2669 4949 2777 5004 Deo
2809 4949 2969 5019 digne
3017 4950 3263 5005 videatur
3301 4951 3524 5012 dictum,

1950 5037 2093 5106 quod
2132 5038 2243 5108 ipse
2268 5037 2477 5093 dederit
2514 5038 2697 5093 oculos
2752 5039 2966 5093 residuo
2994 5035 3158 5092 Israel
3192 5039 3397 5110 quibus
3419 5056 3525 5094 non

1951 5126 2149 5192 videat,
2194 5135 2249 5182 et
2295 5143 2454 5184 aures
2473 5128 2667 5197 quibus
2691 5143 2796 5182 non
2822 5127 3023 5182 audiat.
3051 5125 3120 5181 Et
3144 5128 3267 5184 vide
3292 5144 3361 5185 ne
3390 5130 3529 5185 forte

1952 5218 2068 5275 haec
2096 5219 2262 5290 magis
2304 5218 2589 5274 retributio
2622 5216 2724 5282 sit,
2771 5226 2828 5272 et
2859 5229 3068 5272 merces
3109 5218 3525 5283 incredulitatis.

1949 5312 2240 5367 secundum
2269 5324 2333 5364 ea
2393 5323 2512 5379 quae
2547 5307 2601 5361 in
2640 5307 3006 5377 superioribus
3038 5310 3409 5381 exposuimus,
3438 5311 3526 5365 ubi

1952 5402 2191 5466 dicitur,
2252 5398 2381 5471 quia
2446 5416 2549 5452 non
2599 5397 2941 5470 probaverunt
3000 5396 3173 5455 Deum
3226 5401 3416 5455 habere
3477 5402 3531 5454 in

1952 5494 2211 5557 notitiam,
2268 5491 2485 5545 tradidit
2532 5507 2616 5544 eos
2653 5488 2791 5543 Deus
2846 5490 2901 5542 in
2961 5494 3237 5554 reprobum
3300 5509 3526 5545 sensum.

1955 5585 2020 5639 Et
2064 5583 2161 5638 hic
2192 5581 2333 5635 enim
2378 5579 2564 5636 oculos
2613 5588 2669 5634 et
2715 5590 2873 5633 aures
2927 5583 3131 5648 cordis,
3166 5597 3272 5638 nou
3336 5595 3529 5650 corpu-

1955 5675 2031 5731 ris
2066 5673 2213 5737 dicit,
2237 5671 2429 5740 quibus
2469 5667 2723 5725 exczecati
2768 5676 2893 5723 sunt
2938 5679 2994 5724 et
3047 5687 3152 5727 non
3197 5670 3441 5736 audiunt,
3474 5671 3527 5723 toi
