4026 6180
465 240 602 294 £523

1097 233 1158 289 B.
1199 233 1451 289 RABANI
1490 233 1708 289 MAURI
1748 233 1842 316 Αῐξ
1863 232 2034 288 ΞΗΙΕΡ

2137 230 2418 288 IOGUNT.
2457 229 2743 287 OPERUM
2780 228 2962 284 PARS
2997 229 3086 285 ιιι.

3603 235 3744 286 εδει

457 357 642 426 utique
659 353 747 423 qui
769 350 1041 406 Christum
1068 349 1310 404 videntes
1335 349 1386 401 in
1416 362 1662 420 corpore,
1680 357 1734 402 et
1759 349 2040 404 audientes
2071 353 2112 408 Α
2147 360 2242 414 per
2263 345 2315 398 id
2343 343 2484 412 quod
2509 343 2674 408 videt,
2695 343 3033 397 conditorem
3061 344 3176 414 ejus
3202 358 3521 414 agnoscere,
3553 355 3612 400 et
3631 348 3748 400 eol-

457 447 760 503 dnctriuam
809 442 947 512 ejus,
997 457 1172 512 neque
1225 439 1448 496 crc.lere
1499 440 1751 510 operibus
1794 455 1914 510 qua:
1959 441 2038 494 vi-

456 540 676 603 debant,
708 551 884 605 neque
910 535 1076 589 verbo
1104 533 1244 603 quod
1269 515 1556 588 audiebant
1577 531 1679 586 obe
1699 531 1818 596 lire,
1850 530 2033 584 volue-

459 629 809 684 runt.\'crum
827 627 890 682 de
911 626 1012 678 hac
1035 626 1144 694 ipsa
1168 623 1466 692 qumstiune
1486 621 1814 678 sullicientcr
1835 637 1865 674 a
1883 621 2038 674 nobis

457 723 512 776 in
557 719 746 792 primis
783 717 1033 787 Epistula:
1076 714 1235 784 hujus
1286 716 1534 786 partibus
1577 716 1778 770 dictum
1801 722 1904 768 est.
1936 713 2036 768 Ubi

460 822 637 866 tamen
670 809 930 878 scriptum
961 808 1032 865 sit
1057 809 1161 862 hoc
1191 807 1363 878 ipsum
1387 806 1528 877 quod
1559 807 1690 861 dicit
1715 804 2034 876 Apostolus:

459 903 608 957 Sicut
636 900 887 969 scriptum
910 907 1017 954 est:
1038 897 1191 950 Dedit
1214 897 1320 952 illis
1344 899 1483 952 Deus
1509 899 1751 967 spiritum
1781 912 2034 967 compun-

454 994 660 1058 ctionis,
691 991 870 1047 oculos
896 1001 950 1045 ut
975 1009 1074 1046 non
1105 992 1331 1054 rideant,
1354 997 1403 1043 et
1425 1005 1578 1042 aures
1606 997 1661 1041 ut
1690 1004 1797 1041 non
1817 986 2035 1041 audiant

455 1103 614 1156 usque
639 1087 695 1140 in
723 1085 1028 1139 hodiernum
1053 1084 1188 1138 diem
1215 1101 1232 1147 ;
1257 1099 1356 1153 ego
1379 1083 1640 1136 hactenus
1669 1081 1908 1135 invenire
1931 1095 2034 1132 non

453 1177 626 1247 potui.
666 1175 721 1230 Si
765 1175 883 1244 quis
926 1190 1055 1230 vero
1101 1173 1406 1244 diligentius
1445 1188 1608 1243 quam
1653 1187 1752 1226 nos
1808 1172 2036 1226 intendit

455 1268 510 1322 in
542 1266 837 1338 Scripturis
865 1265 1078 1328 divinis,
1107 1265 1151 1318 si
1189 1265 1473 1328 invenerit,
1522 1262 1848 1318 manifestat.
1898 1261 2036 1316 Puto

452 1369 634 1416 tamen
678 1360 781 1414 hcc
822 1358 980 1413 modo
1009 1357 1209 1412 dixisse
1262 1354 1576 1426 Apostolum
1611 1373 1623 1407 :
1678 1353 1866 1408 Crateri
1920 1369 2034 1407 vero

451 1453 700 1508 exctrcati
728 1461 882 1516 sunt;
909 1460 955 1505 et
977 1452 1110 1504 sicut
1131 1450 1379 1519 scriptum
1406 1457 1479 1502 est
1511 1448 1575 1501 de
1605 1448 1678 1500 eis
1703 1461 1718 1498 .'
1754 1446 1907 1500 Dedit
1932 1445 2035 1498 illis

453 1543 593 1598 Deus
635 1543 873 1614 spiritum
911 1541 1320 1612 compunctianis
1352 1553 1370 1591 :
1398 1548 1460 1593 ut
1485 1540 1598 1594 suis
1653 1538 1834 1592 verbis
1855 1537 2035 1592 dicere

455 1635 702 1689 videatur
734 1634 945 1689 dedisse
987 1633 1067 1688 eis
1107 1633 1248 1686 Deus
1301 1631 1548 1701 spiritum
1580 1627 2032 1699 compunctionis,

2141 435 2358 488 laudare
2388 443 2690 488 creatorem
2717 474 2732 498 ,
2763 433 2848 488 vel
2877 433 3127 488 conferre
3154 437 3220 488 ad
3246 438 3562 504 spectacula
3587 437 3744 504 circi,

2140 527 2220 578 vel
2253 525 2468 588 theatri,
2495 523 2581 578 vel
2603 524 2964 592 quarumlibet
2985 527 3322 580 sordidarum
3343 527 3748 583 oblectamenta

2140 619 2427 682 visionum,
2455 617 2650 688 quibus
2665 617 2837 670 antad
2855 617 3132 674 libidinem
3156 627 3249 673 aut
3269 620 3338 674 ad
3359 622 3744 690 rapacitatem.

2139 710 2220 760 vel
2258 708 2360 761 alia
2388 722 2614 777 quaeque
2646 706 2776 760 vitia
2801 707 3014 762 aninms
3055 707 3427 762 inﬂammetur
3455 728 3468 739 ·
3506 710 3581 762 ita
3613 711 3748 764 mihi

2138 799 2374 870 intellige
2425 799 2588 854 etiam
2629 799 2826 852 animae
2881 799 3091 864 oculos,
3137 800 3334 869 quilms
3385 799 3481 852 alii
3523 800 3745 868 quidem

2139 898 2365 943 utuntur
2407 897 2466 942 ut
2512 889 2735 942 verbum
2769 887 2862 942 Dei
2887 898 2942 944 et
2963 888 3269 946 doctrinam
3293 890 3549 944 veritatis
3579 907 3746 960 agno-

2138 986 2313 1042 scant,
2339 992 2404 1031 ac
2435 977 2714 1047 sapienti-.e
2741 979 2859 1049 ejus
2887 978 3126 1046 quotidie
3152 979 3370 1048 capiant
3396 977 3739 1048 profectum;

2139 1067 2224 1124 alii
2257 1083 2386 1122 vero
2433 1079 2662 1123 utuntur
2711 1069 2798 1123 his
2854 1069 3029 1124 oculis
3080 1069 3133 1124 in
3173 1059 3541 1136 contrarium,
3591 1087 3746 1126 excr-

2136 1167 2319 1212 centes
2357 1158 2570 1213 scilicet
2625 1159 2946 1228 semetipsos
2991 1160 3256 1230 quotidie,
3283 1150 3354 1215 'ct
3402 1160 3746 1230 inquirente:

2137 1249 2405 1317 quomodo
2435 1248 2683 1318 dogmata
2703 1249 2946 1304 veritatis
2967 1249 3280 1320 infringant,
3307 1261 3360 1305 et
3390 1250 3558 1306 ﬁdem
3583 1251 3742 1306 Chri-

2137 1338 2202 1389 sti
2251 1345 2514 1405 quantum
2587 1337 2717 1406 ipsis
2777 1337 2992 1392 videtur
3049 1340 3390 1408 impugnent.
3462 1340 3748 1395 Ponamus

2137 1429 2528 1499 ergoa‘iquem
2577 1445 2737 1485 orare
2779 1445 2876 1498 pro
2906 1431 3009 1496 his,
3058 1432 3148 1500 qui
3180 1433 3532 1502 perspicaoes
3575 1444 3632 1488 et
3660 1449 3745 1488 ar-

2136 1520 2436 1586 guznentosi
2479 1529 2606 1574 sunt
2645 1523 2698 1575 in
2729 1519 2859 1576 falsa
2888 1523 3143 1589 scientia,
3177 1533 3232 1578 et
3258 1525 3479 1578 dicere:
3517 1524 3620 1580 Det
3643 1527 3745 1581 illis

2139 1612 2280 1667 Deus
2311 1611 2486 1666 oculos
2523 1623 2580 1666 ut
2615 1630 2716 1668 non
2751 1616 2956 1668 videant
2993 1615 3241 1684 perversi
3283 1631 3478 1672 sensus
3531 1618 3742 1672 acumi—

450 1725 744 1782 sccnndum
775 1741 836 1780 ea
879 1741 1000 1794 qua:
1040 1725 1106 1780 de
1157 1724 1396 1778 cecitate
1434 1723 1733 1786 oculorum,
1767 1729 1820 1776 et
1847 1721 2032 1775 auditu

2141 1719 2228 1766 ua,
2275 1712 2328 1756 et
2357 1719 2512 1758 aures
2545 1713 2598 1756 ut
2629 1693 2736 1758 non.
2763 1697 3010 1771 audiant,
3063 1704 3333 1760 mandabii
3378 1707 3598 1764 scilicet
3629 1724 3746 1762 ma-

450 1818 662 1872 aurium
691 1834 788 1888 per
813 1818 1004 1872 Isaiam
1032 1815 1176 1871 dicta
1219 1827 1364 1872 sunt.
1401 1815 1568 1870 Isaias
1599 1816 1743 1871 enim
1769 1815 1843 1869 ita
1867 1814 2028 1869 dicit:

463 1907 623 1972 Vade,
648 1919 694 1962 et
726 1910 810 1963 die
841 1908 1031 1978 populo
1073 1908 1193 1960 huic
1216 1920 1234 1957 :
1267 1905 1467 1959 Audita
1515 1905 1739 1960 audietis
1767 1946 1782 1969 ,
1824 1915 1874 1958 et
1927 1920 2032 1959 non

449 1999 742 2069 intelligetis
774 2015 792 2063 ;
831 2008 877 2052 et
934 1998 1160 2052 videntes
1209 1995 1448 2050 videbitis
1475 2037 1492 2059 ,
1540 2006 1587 2050 et
1629 2012 1732 2049 non
1771 1995 2030 2049 videbitis.

449 2089 809 2142 Incrassatum
837 2097 910 2142 est
931 2089 1067 2142 enim
1089 2103 1178 2140 cor
1197 2085 1374 2159 populi
1400 2085 1581 2156 hujus,
1609 2096 1656 2141 et
1687 2087 1903 2142 auribus
1923 2088 2034 2142 suis

447 2180 676 2250 graviter
697 2178 1011 2249 audierunt;
1033 2189 1080 2232 et
1103 2177 1280 2251 oculos
1309 2195 1431 2232 suos
1459 2177 1778 2241 clauserunt,
1811 2171 1874 2232 ne
1898 2178 2034 2246 forte

449 2268 654 2324 videant
679 2267 861 2332 oculis,
885 2279 931 2323 et
953 2269 1168 2323 auribus
1200 2269 1442 2334 audiant,
1465 2277 1513 2322 et
1540 2268 1694 2322 corde
1716 2268 2030 2339 intelligant,

445 2367 495 2412 et
553 2367 943 2424 convertantur,
993 2368 1065 2413 et.
1091 2375 1270 2412 sanem
1311 2374 1398 2412 eos
1439 2357 1575 2430 (Isa.
1600 2357 1696 2428 γι).
1725 2356 1878 2412 Nunc
1905 2373 2032 2429 ergo

446 2462 664 2501 sensum
695 2446 845 2502 Isaia:
880 2447 1090 2502 videtur
1109 2446 1396 2516 Apostolus
1442 2446 1555 2502 suis
1582 2446 1798 2516 quidem
1830 2463 2035 2501 sermo-

446 2537 608 2593 nibus
631 2537 949 2608 protulisse;
981 2538 1073 2592 sed
1096 2538 1220 2610 quia
1255 2537 1536 2608 Propheue
1557 2553 1773 2594 sensum
1798 2537 2032 2604 dicebat,

450 2628 721 2684 addidisse
751 2645 764 2682 :
801 2626 950 2682 Sicut
984 2629 1232 2698 scriptum
1261 2639 1354 2682 est.
1389 2627 1649 2687 Similiter
1679 2639 1862 2684 autem
1893 2638 1947 2685 ct
1969 2630 2034 2683 de

449 2721 533 2774 his
584 2719 712 2774 facit
753 2736 872 2790 quae
902 2736 999 2790 per
1041 2721 1210 2774 David
1239 2720 1377 2776 dicta
1409 2735 1529 2774 esse
1575 2721 1927 2790 pronuntiat;
1958 2723 2035 2776 ait

448 2811 592 2865 enim
618 2829 631 2864 :
655 2810 722 2864 Et
752 2810 921 2867 David
945 2811 1067 2865 dicit
1093 2825 1110 2862 :
1139 2809 1262 2864 Fiat
1286 2827 1463 2868 mensa
1478 2827 1657 2864 eorum
1685 2812 1738 2864 in
1767 2811 2032 2884 laqueum,

446 2911 492 2955 et
522 2902 573 2954 in
596 2884 907 2972 captionem,
947 2911 994 2954 et
1032 2901 1086 2955 in
1109 2900 1438 2967 scandalum,
1467 2910 1513 2954 et
1542 2901 1599 2954 in
1643 2902 2034 2956 retributionem

445 2991 573 3047 illis.
602 2991 957 3048 Obscurentur
985 2991 1121 3047 oculi
1169 3007 1345 3044 eorum
1377 3008 1438 3044 ne
1479 2990 1704 3054 rideant,
1733 2999 1780 3045 et
1819 2991 2032 3046 dorsum

445 3085 660 3140 illorum
681 3101 871 3154 semper
909 3099 1144 3140 incurva.
1170 3083 1322 3149 Quod
1346 3083 1489 3137 enim
1519 3083 1678 3137 dicit:
1705 3079 1830 3136 Fiat
1857 3099 2037 3138 mensa

445 3191 624 3230 eorum
653 3177 708 3230 in
731 3175 999 3246 laqueum,
1033 3185 1080 3228 et
1117 3175 1171 3228 in
1208 3175 1498 3244 captionem
1525 3183 1574 3229 et
1600 3173 1654 3228 in
1677 3174 1985 3228 scandalum
2015 3186 2035 3226 .'

445 3267 502 3318 in
533 3265 823 3334 captionem
857 3266 909 3318 iu
931 3265 1138 3334 psalmo
1162 3281 1269 3320 non
1292 3266 1523 3321 habetur
1547 3267 1830 3335 scriptum,
1860 3281 2034 3337 neque

447 3359 503 3412 in
546 3357 747 3412 nostris
776 3355 918 3410 LXX
953 3358 1305 3428 interpretum
1329 3358 1752 3428 exemplaribus,
1779 3372 1954 3428 neque
1982 3359 2034 3411 in

451 3449 820 3505 Ilebrworum.
839 3449 906 3503 Et
919 3464 978 3501 ru
987 3463 1132 3504 rsum
1149 3448 1200 3500 in
1215 3447 1422 3516 psalmo
1435 3448 1666 3502 habetur
1680 3461 1696 3500 :
1711 3444 1836 3501 Fiat
1858 3463 2035 3501 mensa

445 3558 627 3598 eorum
657 3557 835 3596 caram
861 3540 989 3610 ipsis
1019 3539 1342 3610 inlaqueant
1367 3556 1386 3595 :
1411 3539 1702 3611 Apostolus
1724 3549 1904 3594 autem
1928 3555 2036 3594 non

447 3633 628 3703 posuit
649 3647 828 3686 coram
855 3630 1000 3701 ipsis.
1035 3629 1160 3684 Ila‘c
1186 3631 1252 3683 de
1297 3644 1607 3686 sermonum
1647 3629 1835 3685 ordine
1865 3638 1918 3683 et
1944 3643 2033 3684 as-

447 3731 780 3794 sumptorum
821 3721 1248 3778 testimoniorum
1298 3720 1560 3791 qualitate
1598 3721 2032 3786 memoravimus,
2075 3749 2088 3764 ι

447 3821 506 3868 ιιι
533 3813 882 3871 ostendamus
909 3828 1007 3884 per
1035 3811 1266 3883 singula,
1304 3809 1450 3881 quod
1489 3811 1787 3866 auctoritas
1815 3819 2035 3881 aposto-

447 3905 550 3960 lica
604 3919 940 3974 nequaquam
1015 3903 1363 3958 Hebraeorum
1417 3901 1818 3974 exemplaribus
1875 3901 2035 3956 ﬁdem

449 3996 613 4061 facit,
665 4011 768 4050 nec
814 3995 994 4052 verbis
1039 4009 1253 4064 semper
1296 3994 1646 4064 interpretum
1703 3981 1896 4058 servit,
1941 3994 2036 4050 sed

449 4091 854 4163 Scripturarum
899 4102 1119 4144 sensum
1161 4087 1342 4142 verbis
1388 4087 1586 4156 quibus
1626 4086 1888 4156 competit
1935 4091 2034 4140 ei-

450 4183 630 4256 plieat.
662 4179 815 4236 Nunc
855 4194 983 4251 ergo
1026 4180 1305 4234 videamus
1347 4178 1616 4246 quomodo
1645 4176 1910 4248 pr0positi
1945 4193 2034 4231 ca-

452 4274 603 4346 pituli
653 4289 844 4329 sensus
887 4272 1081 4328 debeat
1128 4271 1424 4340 explanari.
1473 4269 1782 4326 Caecitatem
1829 4271 2030 4337 cordis,

451 4382 556 4436 qua
599 4365 838 4434 reliquus
864 4361 1048 4428 Israel,
1065 4361 1169 4417 hoc
1191 4369 1294 4426 est,
1321 4361 1413 4432 qui
1437 4375 1544 4414 non
1571 4360 1822 4425 credidit,
1852 4376 2028 4418 esca:-

452 4463 606 4508 catus
635 4463 740 4518 est,
767 4449 977 4508 duobus.
997 4451 1326 4522 propheticis
1359 4451 1680 4509 testimoniis
1713 4452 1925 4522 probat,
1949 4452 2032 4506 vel

451 4545 596 4615 quod
639 4559 708 4598 ex
749 4543 907 4608 Isaia,
938 4543 1022 4598 vel
1061 4543 1202 4612 quod
1240 4559 1304 4597 ex
1333 4543 1498 4598 David
1546 4543 1758 4600 videtur
1783 4559 2028 4614 assump-

455 4646 590 4702 tum,
619 4641 674 4690 et
700 4635 752 4688 in
779 4642 1010 4702 utroque
1053 4649 1192 4688 unus
1216 4635 1611 4703 quodammodo
1657 4650 1847 4690 sensus
1870 4650 2034 4704 expc--

453 4726 620 4780 nitur.
645 4723 778 4778 Nam
827 4731 880 4778 et
908 4723 996 4778 hic
1047 4723 1186 4778 oculi
1217 4725 1298 4780 eis
1345 4725 1539 4778 dantur
1583 4725 1780 4793 quibus
1820 4741 1923 4779 non
1958 4725 2036 4778 vi—

451 4818 634 4884 deant,
664 4827 718 4873 ct
760 4831 920 4872 aures
950 4815 1144 4885 quibus
1189 4830 1296 4870 non
1336 4813 1556 4869 audiant
1595 4835 1606 4868 :
1637 4823 1692 4870 et
1733 4816 1843 4870 illic
1878 4826 2034 4886 opta-

454 4920 542 4966 tur
572 4919 630 4964 ut
655 4924 838 4965 coram
887 4907 1018 4980 ipsis
1057 4922 1241 4962 mensa
1283 4923 1469 4962 eorum
1520 4907 1614 4963 ﬁat
1663 4909 1718 4963 in
1757 4909 2031 4978 laqueum,

451 5011 508 5056 et
533 5001 591 5054 in
616 4999 940 5071 captionem,
969 5006 1026 5052 et
1053 4997 1108 5052 in
1154 4997 1560 5054 retributionem
1586 5039 1601 5065 ,
1635 5008 1690 5054 et
1721 5000 1772 5054 in
1803 5000 2022 5054 scanda-

452 5093 563 5148 lum
588 5109 602 5159 ;
641 5101 696 5149 et
720 5102 778 5149 ut
797 5091 1324 5158 obscurenturocnli
1355 5107 1570 5156 comm,
1599 5107 1666 5147 ne
1697 5092 1932 5147 videant.
1965 5091 2031 5146 Et

452 5185 722 5254 quomodo
751 5185 866 5240 haec
901 5184 1061 5255 digne
1099 5184 1391 5238 credantur
1431 5182 1554 5248 dici,
1599 5190 1654 5237 et
1681 5182 1917 5238 maxime
1963 5198 2029 5237 ex

452 5291 684 5346 persona
737 5275 942 5331 Christi
1003 5277 1058 5332 in
1096 5275 1326 5346 psalmo,
1379 5292 1485 5332 non
1537 5277 1773 5332 otiosum
1821 5275 2032 5332 videtur

453 5367 757 5422 ostendere.
791 5366 924 5424 Vide
956 5383 1084 5438 ergo
1130 5369 1172 5422 si
1203 5369 1306 5424 hoc
1345 5371 1503 5422 modo
1539 5383 1822 5438 possumus
1865 5366 2036 5438 eXpli-

457 5471 582 5511 care
626 5457 768 5526 quod
809 5457 1086 5528 quaeritur.
1131 5457 1296 5518 Sicut.
1327 5458 1498 5514 oculis
1545 5457 1822 5528 corporeis
1864 5457 2035 5512 utitur

458 5545 822 5612 unusquisque
861 5545 928 5600 ad
955 5546 1243 5603 videndum
1289 5548 1402 5603 sive
1439 5548 1596 5610 bona,
1645 5548 1758 5602 sive
1788 5547 1947 5612 mala,
1981 5557 2038 5604 et

459 5627 512 5682 in
536 5641 798 5698 potestate
829 5635 986 5690 habet
1021 5636 1100 5688 vel
1149 5637 1361 5693 elevare
1401 5637 1584 5693 oculos
1634 5639 1698 5692 ad
1729 5639 1942 5708 coelum,
1982 5651 2036 5694 et

2137 1793 2353 1862 gistros,
2396 1803 2448 1848 et
2479 1793 2821 1849 obscurentur
2847 1793 2987 1848 oculi
3023 1812 3207 1850 eorum
3243 1814 3306 1850 ne
3334 1799 3550 1852 videant
3577 1813 3596 1849 :
3634 1816 3744 1853 ιιωι

2140 1885 2234 1939 tibi
2262 1886 2474 1940 videtur
2501 1886 2907 1960 amplectendus
2957 1888 3006 1943 is
3052 1889 3145 1958 qui
3185 1890 3304 1952 lucc
3329 1899 3486 1961 optat
3513 1893 3624 1957 eis,
3647 1907 3744 1962 per

2137 1992 2258 2047 qua:
2287 1991 2474 2033 eorum
2522 1987 2742 2047 peecala
2773 1979 3121 2035 minuantur?
3151 1981 3317 2036 Multo
3365 1985 3517 2038 enim
3547 1985 3745 2040 melius

2136 2077 2221 2122 est
2248 2084 2352 2122 non
2378 2083 2590 2139 sapere,
2613 2085 2777 2140 quam
2806 2071 2948 2125 male
2969 2087 3178 2142 sapere.
3205 2072 3346 2138 Non,
3372 2075 3633 2145 inquam,
3645 2077 3744 2130 tibi

2139 2153 2351 2214 videtur
2389 2159 2530 2230 quod
2555 2160 2792 2216 Marcion
2808 2163 2898 2232 qui
2925 2163 3208 2219 adversum
3234 2174 3546 2222 creatorem
3568 2167 3742 2223 Deum

2134 2251 2446 2322 blasphema
2485 2255 2684 2328 scripta
2727 2257 3052 2326 composuit,
3101 2256 3183 2312 vel
3228 2257 3496 2314 Basilides
3528 2259 3618 2314 vel
3640 2259 3742 2313 Va-

2135 2341 2392 2408 lentinus,
2433 2344 2517 2398 vel
2563 2345 2744 2400 caeteri
2785 2354 3036 2403 auctores
3068 2363 3364 2418 pravorum
3396 2351 3738 2422 dogmatum,

2136 2436 2278 2489 beati
2310 2433 2558 2500 fuissent,
2603 2436 2646 2493 si
2697 2453 2802 2491 non
2837 2438 2957 2494 illos
3010 2440 3206 2510 quibus
3237 2443 3380 2498 male
3411 2457 3740 2512 sapuenmt,

2137 2529 2317 2582 cordis
2339 2528 2524 2584 oculos
2568 2530 2929 2585 habuissent?
2964 2531 3038 2596 De
3060 2533 3146 2589 his
3173 2535 3323 2588 enim
3353 2535 3528 2592 Isaias
3563 2537 3700 2594 dicit
3725 2557 3739 2591 :

2150 2618 2236 2674 γτε
2265 2622 2608 2674 scribentibus
2633 2639 2651 2687 ;
2691 2623 2971 2679 scribentes
2999 2627 3137 2680 enim
3160 2629 3446 2698 nequitiam
3480 2632 3716 2690 scribunt

2138 2711 2274 2784 (lsa.
2307 2714 2384 2785 ιι).
2413 2713 2676 2770 Similiter
2697 2706 2878 2772 autem
2902 2727 2955 2773 et
2981 2736 3081 2790 pro
3107 2721 3196 2776 his
3225 2723 3317 2794 qui
3339 2723 3488 2780 male
3519 2728 3738 2790 docent,

2135 2813 2190 2858 et
2219 2805 2354 2859 male
2377 2805 2689 2876 loquuntur,
2737 2818 2860 2864 orat
2885 2812 3048 2869 David
3095 2813 3147 2866 in
3189 2813 3444 2882 Psalmis,
3475 2827 3532 2872 et
3563 2819 3734 2874 dicit:

2138 2895 2288 2950 Muta
2316 2897 2606 2968 eﬂiciantur
2627 2899 2766 2954 labia
2791 2902 2991 2972 iniqua,
3027 2921 3146 2975 quae
3173 2904 3466 2976 (equitatur
3485 2911 3740 2966 adactus

2129 2986 2331 3056 justum
2361 2988 2530 3043 scelus
2574 2991 2628 3043 in
2673 2993 2914 3062 superbia
2962 3003 3010 3047 et
3043 3005 3340 3070 contemptu
3369 2995 3552 3068 (Psal.
3581 3001 3734 3070 In).

2139 3077 2228 3132 Sic
2249 3094 2376 3150 ergo
2399 3089 2452 3134 et
2475 3079 2542 3135 de
2565 3080 2733 3136 Israel
2757 3083 2953 3138 dicitur
2975 3099 2988 3137 :
3007 3083 3368 3140 Obscurentur
3389 3088 3534 3142 oculi
3553 3106 3736 3144 caram

2137 3187 2202 3225 ne
2239 3173 2468 3240 videant,
2497 3181 2571 3239 et,
2597 3175 2695 3229 Det
2715 3175 2794 3230 eis
2818 3176 2958 3232 Deus
2985 3196 3002 3228 ι
3024 3177 3208 3234 oculos
3231 3186 3292 3234 ut
3318 3195 3430 3235 non
3455 3182 3732 3237 videant.»

2138 3262 2280 3326 Haec,
2315 3273 2576 3334 quantum
2607 3267 2674 3320 ad
2697 3267 2976 3322 oculorum
3008 3270 3306 3324 czeeitatem
3351 3273 3594 3342 pertinet
3615 3288 3736 3342 qua:

2136 3351 2277 3405 male
2325 3353 2524 3408 videnti
2556 3354 2834 3410 incredulo
2867 3355 3030 3412 Israel
3059 3367 3316 3429 umquam
3361 3376 3462 3430 pro
3492 3361 3736 3418 remedio

2133 3444 2370 3512 quodam
2408 3445 2521 3500 dari
2549 3462 2578 3500 a
2605 3446 2714 3502 Deo
2743 3447 2978 3513 videtur,
3009 3449 3153 3504 dicta
3198 3450 3327 3506 sint.
3375 3451 3536 3507 Nunc
3565 3455 3732 3508 etiam

2136 3535 2204 3591 de
2249 3551 2435 3592 mensa
2483 3554 2604 3608 qua:
2651 3538 2986 3609 inlaqueant
3029 3551 3076 3594 et
3122 3542 3177 3595 in
3221 3543 3546 3612 captionem,
3575 3553 3626 3598 et
3674 3546 3734 3598 in

2135 3629 2467 3694 scandalum,
2501 3641 2548 3684 et
2598 3631 2652 3684 in
2688 3631 3075 3686 retributionem
3105 3621 3180 3686 eis
3225 3631 3342 3686 ﬁeri
3397 3634 3622 3698 dicitur,
3649 3635 3727 3688 vi-

2137 3719 2380 3774 deamus.
2425 3719 2532 3774 Sed
2563 3721 2737 3791 primo
2767 3721 2834 3776 ad
2871 3737 2970 3777 eos
2996 3737 3165 3793 pauca
3202 3723 3429 3778 dicenda
3463 3735 3613 3788 sunt,
3634 3727 3729 3795 qui

2137 3808 2420 3882 allegorias
2449 3810 2502 3864 in
2551 3811 3082 3883 Scripturis-divinis
3127 3811 3387 3879 refutant,
3443 3824 3498 3870 et
3545 3815 3734 3871 ridere.

2135 3902 2311 3956 solent
2339 3918 2434 3957 eos
2459 3905 2548 3972 qui
2575 3920 2678 3961 non
2707 3905 2759 3960 in
2801 3887 3052 3974 omnibus
3080 3915 3384 3976 sequuntur
3401 3893 3730 3964 historicum

2135 4007 2372 4047 sensum.
2399 3993 2592 4049 Dicant
2608 4010 2736 4066 ergo
2761 3995 2938 4060 nobis,
2961 3996 3006 4050 si
3035 4011 3278 4052 mensam
3303 3998 3397 4054 hic
3415 3997 3729 4056 Judzeomm

2136 4085 2279 4140 illam
2321 4085 2452 4142 dicit
2493 4087 2764 4168 Propheta
2817 4087 2868 4143 in
2910 4103 3016 4158 qua
3062 4091 3332 4158 prandere
3369 4091 3458 4146 vel
3503 4106 3730 4149 mare

2134 4178 2328 4244 solent,
2370 4187 2429 4234 ut
2464 4181 2576 4250 ipsa
2621 4181 2702 4237 eis
2745 4181 2840 4238 fiat
2889 4183 2942 4236 in
2974 4183 3224 4254 laqueum
3266 4193 3328 4240 ut
3355 4189 3540 4258 capiat
3585 4204 3729 4255 eos;

2131 4271 2214 4326 vel
2239 4272 2284 4326 si
2307 4272 2420 4340 ipsa
2441 4288 2626 4328 mensa
2647 4273 2910 4330 clliciatur
2929 4276 3006 4330 eis
3029 4277 3080 4330 in
3111 4278 3554 4348 retributionem,
3575 4291 3642 4337 ut
3657 4283 3732 4337 ab

2137 4362 2248 4431 ipsa
2275 4379 2370 4433 pro
2401 4363 2483 4418 his
2511 4379 2631 4434 qua:
2657 4365 3002 4436 deliquerunt
3022 4367 3285 4438 recipiant
3315 4369 3615 4440 ultionem;
3642 4374 3728 4428 vel

2137 4453 2404 4520 quomodo
2449 4453 2530 4506 eis
2560 4453 2611 4508 in
2641 4455 2953 4510 scandalum
2983 4457 3056 4512 sit
3085 4465 3377 4528 exponant.
3409 4459 3570 4528 Quod
3593 4464 3730 4518 side

2137 4544 2221 4598 bis
2261 4544 2486 4614 singulis
2508 4545 2778 4615 explicare
2809 4563 2998 4603 senon
3045 4547 3242 4613 valent,
3274 4559 3330 4606 et
3353 4552 3526 4608 risum
3565 4569 3724 4609 suum

2136 4632 2189 4685 in
2221 4633 2586 4689 confusionem
2614 4633 2850 4690 viderint
2883 4653 3118 4704 versum,
3145 4647 3274 4695 tunc
3305 4643 3598 4697 nobiscum
3623 4661 3722 4715 pa-

2139 4724 2270 4778 riter
2312 4725 2547 4787 veniant,
2602 4727 2982 4797 et.requirant
3027 4730 3092 4784 de
3147 4730 3454 4801 Seripturis
3501 4735 3722 4801 divinis,

2138 4815 2369 4885 qualiter
2421 4832 2605 4872 mensa
2659 4819 2774 4872 haec
2817 4819 2980 4875 Israel
3026 4821 3194 4892 possit
3245 4823 3496 4895 intelligi.
3557 4828 3724 4884 Nabis

2137 4907 2300 4977 igitur
2321 4924 2416 4977 pro
2437 4919 2594 4978 captu
2611 4926 2803 4966 sensus
2831 4915 2998 4968 nostri
3019 4915 3090 4968 ita
3107 4903 3339 4982 videtur,
3365 4921 3515 4987 quod
3531 4937 3723 4977 omnes

2137 4999 2430 5069 Scriptura:
2458 5017 2578 5070 quae
2621 5011 2746 5057 ante
2781 5005 3068 5060 adventum
3111 5005 3329 5064 Domini
3373 5022 3536 5066 erant
3583 5016 3720 5084 apud

2135 5087 2298 5142 Israel
2354 5088 2584 5160 (primis
2611 5091 2756 5146 eiiim
2787 5094 2991 5150 credita
3033 5105 3157 5150 sunt
3193 5096 3306 5152 illis
3347 5100 3568 5171 eloquia
3619 5103 3722 5160 Do-

2135 5177 2320 5250 mini),
2351 5188 2406 5234 et
2425 5195 2583 5236 orline
2609 5184 2752 5251 quod
2805 5185 3102 5255 appellatur
3128 5197 3286 5244 vetus
3307 5189 3716 5250 Testamentum

2139 5283 2324 5324 mensa
2343 5277 2427 5325 est
2450 5269 2614 5326 Israel
2639 5291 2650 5326 :
2677 5273 2728 5326 in
2757 5289 2860 5343 qua
2889 5292 3071 5331 mensa
3092 5278 3138 5331 si
3169 5280 3290 5348 quis
3318 5270 3538 5338 volebat
3557 5286 3723 5341 edere

2135 5360 2358 5414 verbum
2384 5360 2504 5428 Dei,
2533 5363 2792 5433 appositis
2819 5365 2922 5422 sibi
2957 5366 3090 5438 legis
3112 5377 3168 5423 et
3192 5371 3584 5440 prophetarum
3603 5391 3720 5430 sero

2137 5452 2384 5508 monibus
2413 5455 2750 5524 pascebatur.
2782 5457 2850 5512 Et
2880 5458 3022 5515 hanc
3057 5469 3188 5530 pulo
3213 5477 3334 5518 esse
3380 5479 3630 5522 mansum
3653 5468 3718 5522 de

2137 5559 2242 5614 qua
2291 5547 2424 5602 dicit
2474 5545 2767 5604 Salomon:
2801 5548 2864 5603 Si
2895 5550 3090 5606 sederis
3135 5567 3339 5608 camare
3386 5557 3458 5610 ad
3485 5574 3714 5612 meum

2137 5641 2397 5709 potentis,
2451 5640 2842 5711 intelligibiliter
2913 5644 3136 5716 intellige
3203 5659 3320 5716 quia
3378 5658 3716 5720 apponuntur
