4026 6180
282 248 293 292 Ξ
314 241 343 291 Ϊι
355 240 419 294 23

815 201 1367 297 ENARRATIONUM
1399 238 1468 294 1N
1510 238 1657 295 EPP.
1698 236 1903 292 PAULl
1939 236 2065 290 LIB.
2105 233 2191 290 VI.
2229 266 2299 275 ——
2336 234 2402 293 IN
2442 235 2654 291 EPIST.
2696 235 2787 289 AD
2825 233 2990 290 ROM.

3410 241 3542 297 1526
3600 246 3605 254 ’

265 356 400 420 tif”,
422 369 467 408 et
492 358 639 408 mitte
665 368 879 407 nmnum
907 363 1075 417 tuam,
1097 355 1265 408 sciens
1286 354 1411 423 quia
1443 352 1570 406 talia
1603 363 1652 406 te
1678 367 1868 423 parare
1897 350 1942 409 A
1972 349 2226 406 sibilitate
2271 365 2569 417 sumamus,
2600 350 2693 406 ﬁat
2744 352 2795 406 in
2846 353 3120 423 laqueum,
3147 354 3229 408 vel
3280 356 3332 410 in
3382 360 3541 412 retri-

276 454 484 516 oportet
512 441 892 515 (Ecclinm).
924 442 1031 497 Sed
1053 452 1107 498 et
1131 442 1508 508 Salvator,ubi
1532 443 1663 498 dicit
1692 460 1704 495 :
1732 440 1865 496 Cum

278 534 728 590 nranducaveritfs
775 543 824 587 et
859 533 1087 587 biberitis
1136 533 1204 586 ad
1232 550 1462 588 mensam
1506 550 1695 596 meam,
1737 532 1867 600 quid

278 626 431 681 aliud
475 640 717 683 mensam
751 625 868 694 ejus
909 624 1274 694 intelligimus,
1324 625 1427 679 nisi
1457 625 1547 681 ubi
1577 625 1767 695 dignos
1814 634 1869 679 et

280 733 380 771 eos
401 717 492 785 qui
516 730 712 784 capere
738 723 961 784 possunt
1002 714 1225 771 verbum
1268 716 1569 785 sapientiae,
1593 723 1650 769 et
1686 731 1869 770 rerum

281 808 591 872 scientiam,
607 807 798 862 docet?
816 806 928 860 Hoc
948 815 1002 861 et
1031 807 1084 861 in
1102 806 1407 862 Proverbiis
1422 807 1676 863 Salomon
1701 808 1768 862 de
1789 822 1871 862 sa-

282 899 487 968 pientia
511 905 859 966 protestatur,
888 896 1112 953 dicens:
1145 897 1413 968 Sapientia
1459 898 1737 966 azdiﬁcavit
1772 897 1872 951 sibi

283 990 520 1052 domum,
537 998 582 1041 et
602 987 869 1057 supposuit
891 986 1159 1043 columnas
1181 998 1395 1059 septem;
1411 987 1695 1042 immolavit
1724 988 1871 1043 victi-

283 1099 404 1135 mas
437 1098 585 1146 suas,
607 1081 812 1134 miscuit
845 1080 901 1134 in
930 1092 1132 1136 cratere
1165 1083 1340 1137 uinum
1360 1097 1535 1146 suum,
1580 1091 1628 1137 et
1665 1083 1870 1152 paravit

285 1189 524 1229 mensam
579 1189 729 1226 suam
780 1169 973 1243 (Prov.
1005 1174 1122 1242 Ix).
1178 1172 1366 1229 Omnis
1410 1187 1540 1243 ergo
1592 1173 1872 1243 Scriptura

285 1276 481 1317 mensa
511 1268 594 1315 est
634 1261 931 1331 sapientite.
979 1261 1085 1316 Sed
1130 1262 1407 1319 videamus
1440 1264 1708 1333 quomodo
1734 1265 1876 1319 hanc

285 1368 533 1409 mensam
555 1362 679 1407 orat
717 1353 887 1408 David
919 1354 1035 1408 fieri
1058 1354 1320 1410 lsraelitis
1346 1354 1638 1411 incredulis
1662 1356 1715 1409 in
1744 1370 1877 1410 con-

285 1456 475 1517 spectu
501 1458 689 1503 eorum
712 1447 766 1500 in
793 1446 1060 1515 laqueum,
1090 1457 1141 1501 et
1172 1449 1227 1502 in
1254 1448 1583 1511 scandalum,
1618 1457 1667 1502 et
1703 1448 1759 1501 in
1786 1464 1875 1502 ca-

282 1539 535 1608 ptionem,
566 1548 616 1593 et
655 1539 1067 1593 retributionem.
1106 1539 1191 1593 Fit
1215 1540 1295 1594 eis
1328 1540 1382 1593 in
1421 1540 1673 1610 laqueum
1706 1539 1874 1594 »δετὶ-

286 1638 450 1692 ptura
479 1628 680 1693 divina,
718 1644 843 1684 cum
884 1628 1071 1700 legunt
1096 1646 1172 1684 vea
1227 1645 1348 1700 quae
1376 1632 1443 1686 de
1493 1631 1711 1687 Christo
1750 1646 1875 1701 pro-

287 1720 514 1788 phetata
542 1728 668 1774 sunt
701 1738 714 1772 :
770 1719 868 1773 llic
896 1720 1174 1790 wdiﬁcabit
1197 1721 1453 1776 civitatem
1473 1738 1660 1786 meam,
1685 1732 1732 1776 et
1758 1741 1877 1793 cap-
1903 1701 1971 1759 B‘

286 1808 541 1861 tivitatem
573 1809 752 1878 populi
798 1811 898 1863 mei
927 1819 1186 1867 convertet
1213 1810 1413 1881 (Amos.
1447 1812 1522 1882 Ix)
1552 1828 1566 1877 ;
1592 1820 1649 1867 et
1693 1814 1878 1868 dicunt

290 1912 400 1949 non
423 1911 543 1951 esse
581 1898 705 1953 hzec
746 1898 846 1953 sub
874 1895 1011 1953 Jcsu
1032 1898 1319 1968 completa.
1353 1898 1539 1970 Neque
1584 1902 1731 1956 enim
1752 1902 1878 1957 mdi-

292 1988 497 2051 ticavit,
522 1988 692 2051 aiunt,
717 1988 994 2043 civitatem
1043 1988 1162 2055 Dei,
1195 2004 1371 2059 neque
1396 1991 1763 2061 captivitatem
1783 2007 1880 2062 po,

285 2077 400 2149 puli
418 2079 707 2149 revocavit.
739 2078 843 2134 Sed
867 2080 981 2133 haec
998 2079 1199 2142 dicunt,
1226 2081 1349 2149 quia
1368 2081 1618 2136 sedentes
1637 2083 1704 2136 ad
1732 2098 1881 2137 men—

285 2186 408 2224 sam
446 2171 680 2240 potentis
722 2185 828 2224 non
857 2170 1056 2225 faciunt
1079 2171 1206 2226 illud
1238 2173 1381 2241 quod
1424 2174 1703 2230 admonuit
1724 2173 1880 2230 Salo~

289 2275 438 2323 mon,
468 2267 527 2314 ut
558 2259 962 2331 intelligibiliter
991 2261 1292 2332 intelligant
1338 2279 1457 2333 quae
1489 2265 1731 2334 apposita
1759 2274 1883 2322 sunt

286 2351 388 2404 eis.
418 2349 533 2405 Non
557 2354 701 2406 enim
729 2352 1010 2407 visibiliter
1033 2353 1166 2417 hmo,
1194 2356 1287 2409 sed
1313 2354 1739 2426 intelligibiliter,
1780 2359 1884 2414 hoc

288 2455 395 2511 est,
411 2447 726 2518 spiritaliter
745 2447 981 2502 facturus
1002 2451 1355 2519 prophetatus
1369 2459 1451 2506 est
1463 2451 1730 2506 Christus.
1746 2451 1880 2506 Nam

291 2537 579 2593 aediﬁcavit
602 2552 729 2595 vere
754 2540 1027 2594 civitatem
1058 2542 1172 2605 Dei,
1203 2543 1294 2595 sed
1332 2558 1399 2597 ex
1429 2542 1695 2613 lapidibus
1720 2545 1881 2610 vivis,
1906 2581 1929 2601 κ

288 2643 358 2681 ex
404 2627 600 2698 quibus
647 2630 924 2686 suscitavit
965 2629 1105 2689 ﬁlios
1147 2631 1397 2697 Abrahaz,
1430 2639 1485 2687 et
1513 2648 1579 2687 ex
1612 2634 1740 2702 ipsis
1757 2635 1885 2689 ιθ(ιὶ-

292 2720 479 2773 ticavit
491 2719 783 2775 Ecclesium
799 2721 890 2776 Dei
909 2738 923 2787 ;
941 2730 996 2776 et
1010 2723 1277 2777 convertit
1297 2720 1664 2792 captivitatem
1679 2725 1882 2794 populi,

292 2826 485 2864 eorum
506 2826 638 2881 quos
666 2812 720 2866 in
765 2815 999 2881 peccatis
1021 2821 1205 2885 captos
1235 2816 1488 2872 Diabolus
1512 2818 1799 2873 detinebat.
1819 2818 1886 2873 lla

293 2902 363 2957 lis
382 2917 643 2973 ergonon
680 2903 753 2957 ita
787 2905 1429 2977 intelligentibus,mensa
1460 2912 1575 2965 huic
1592 2910 1886 2981 Scriptum

294 2991 493 3047 divina:
534 2991 673 3049 facta
723 3002 807 3050 est
830 2996 883 3050 in
908 2996 1151 3068 laqueum
1181 3008 1228 3053 et
1268 3002 1324 3054 in
1349 3003 1661 3071 captionem.
1703 3002 1887 3056 Potest

1968 440 2266 505 butionem,
2308 440 2391 495 vel
2430 440 2482 495 in
2521 442 2851 505 scandalum,
2887 443 2932 496 si
2978 457 3084 497 non
3113 444 3546 516 intelligibiliter,

1968 542 2023 587 et
2049 539 2108 587 ut
2129 532 2347 602 dignum
2394 540 2496 596 est,
2525 533 2755 589 mundos
2780 549 2847 589 ex
2883 543 2967 598 ea,
2998 544 3054 589 et
3080 550 3243 603 puros
3277 552 3340 592 ac
3384 539 3546 608 spiri-

1973 625 2106 679 tales
2133 624 2283 679 cibos
2313 623 2590 693 sapientia:
2635 626 2946 694 capiamus;
2992 625 3155 680 etiam
3190 624 3317 681 illud
3346 628 3550 697 pariter

1969 718 2340 780 observantes,
2372 730 2440 771 ne
2466 716 2757 772 immundis
2807 727 2860 772 et
2903 718 3134 773 sordidis
3190 720 3546 778 vestimentis.

1971 804 2024 859 id
2047 814 2150 871 est,
2182 819 2406 874 corpore
2433 814 2525 859 aut
2552 806 2714 860 corde
2740 806 2941 876 polluto
2970 807 3036 860 ad
3070 823 3310 863 mensam
3338 810 3552 879 sapien—

1972 895 2061 950 tize
2089 894 2503 958 consideamus;
2549 894 2642 948 sed
2671 896 2904 965 speciem
2937 895 3104 950 futuri
3155 897 3208 951 in
3243 897 3397 954 cmlis
3420 912 3551 952 con-

1972 987 2097 1041 vivii
2116 986 2229 1054 jam
2259 998 2401 1041 nunc
2422 985 2765 1052 meditantes,
2795 1003 2892 1057 per
2917 990 3327 1045 conversionem
3349 1001 3402 1044 et
3431 1003 3549 1060 pm-

1975 1078 2256 1135 nitentiam
2283 1078 2594 1133 indumenta
2625 1078 2863 1148 quolidie
2892 1083 3172 1136 mundiora
3208 1092 3262 1137 et
3292 1084 3551 1152 nuptialia

1973 1184 2337 1240 prteparemus
2369 1210 2384 1232 ,
2437 1169 2629 1238 quibus
2683 1178 2913 1233 utentes,
2946 1172 3125 1226 aulam
3172 1175 3467 1245 sapientiae,
3502 1186 3555 1230 et

1977 1260 2243 1314 thalamos
2269 1258 2362 1315 lilii
2385 1260 2527 1328 regis
2557 1260 2759 1314 intrare
2789 1276 3112 1316 mereamur.

2047 1350 2178 1404 Dico
2207 1367 2329 1421 ergo
2355 1365 2373 1402 :
2406 1349 2659 1422 Nunquid
2694 1352 2769 1405 sic
2812 1351 3137 1420 o/fenderunt
3172 1365 3227 1406 ut
3268 1356 3555 1411 caderent?

1977 1441 2155 1495 Absit:
2171 1441 2263 1497 sed
2284 1441 2495 1495 illorum
2516 1441 2712 1495 delicto
2736 1441 2879 1497 salus
2899 1443 3160 1511 gentibus,
3180 1455 3234 1498 ut
3264 1444 3379 1499 illos
3402 1463 3560 1500 temu-

1979 1530 2170 1585 lentur.
2208 1530 2442 1603 (Ambe)
2477 1532 2591 1588 Hoc
2623 1532 2786 1597 dicit,
2833 1533 2964 1602 quia
2993 1548 3097 1587 non
3127 1534 3206 1590 sic
3229 1533 3555 1599 dididerunt,

1979 1631 2039 1675 ut
2060 1637 2329 1692 nunquam
2355 1622 2468 1693 jam
2515 1624 2820 1688 crederent,
2858 1624 2912 1681 id
2947 1634 3051 1691 est,
3099 1640 3206 1679 non
3236 1625 3310 1680 ita
3338 1635 3562 1697 propter

1980 1715 2381 1785 improbitatem
2426 1720 2577 1770 suam
2601 1717 2787 1773 czecati
2818 1726 2964 1781 sunt,
2995 1725 3055 1771 ut
3095 1718 3276 1772 curari
3303 1733 3409 1774 non
3432 1734 3562 1788 pos-

1979 1814 2119 1869 sent,
2152 1804 2292 1861 siCut
2324 1814 2380 1860 et
2426 1806 2701 1861 diabolum
2756 1807 2983 1878 legimus
3030 1809 3564 1879 cecidisseydicente

1978 1898 2116 1953 Isaia
2150 1898 2411 1968 prOpheta
2443 1917 2456 1952 :
2487 1898 2761 1966 Quomodo
2788 1900 3019 1954 cecidisti
3045 1901 3108 1954 de
3136 1901 3287 1967 cazlo,
3313 1901 3567 1971 Lucifer?

1983 1986 2118 2060 (Isa.
2134 1988 2245 2059 xw)
2270 2004 2455 2045 casum
2479 1997 2533 2043 et
2552 1990 2879 2059 apostasiam
2898 1990 3231 2061 signiﬁcans.
3251 1991 3434 2063 (Aug.)
3448 1992 3567 2047 Non

1981 2095 2111 2151 ergo
2138 2080 2236 2135 hos
2260 2079 2339 2134 sic
2359 2078 2646 2134 offendisse
2691 2078 2839 2141 dicit,
2872 2087 2931 2133 ut
2956 2078 3234 2144 caderent,
3275 2080 3371 2135 sed
3398 2080 3569 2135 oﬂ‘en-

1984 2172 2151 2226 sionis
2197 2186 2307 2226 suae
2349 2186 2512 2225 causa
2571 2171 2641 2225 ad
2699 2177 2911 2240 tempus
2975 2170 3217 2226 obtusos.
3274 2169 3389 2226 Non
3446 2171 3568 2226 ideo

1985 2263 2136 2326 dicit,
2159 2261 2284 2330 quia
2313 2277 2418 2315 non
2446 2260 2790 2325 ceciderunt;
2823 2261 2918 2316 sed
2967 2263 3094 2331 quia
3124 2276 3285 2317 casus
3325 2263 3567 2332 ipsorum

1988 2368 2096 2408 non
2116 2350 2221 2406 fuit
2255 2352 2452 2411 inanis.
2477 2352 2730 2421 quoniam
2777 2352 2843 2406 ad
2876 2351 3102 2408 salutem
3131 2352 3384 2409 Gentium
3408 2354 3572 2423 proii-

1986 2442 2224 2513 citNNon
2251 2459 2381 2514 ergo
2403 2444 2476 2497 ita
2501 2443 2844 2513 deliquerunt
2870 2452 2931 2497 ut
2955 2444 3232 2510 caderent,
3273 2444 3325 2501 id
3355 2452 3461 2510 est,
3513 2453 3575 2499 ut

1987 2535 2360 2590 tantummodo
2376 2535 2662 2597 caderent,
2688 2535 2843 2606 quasi
2869 2536 2936 2591 ad
2958 2548 3175 2605 pinnam
3199 2550 3352 2590 suam
3374 2536 3577 2600 solum,

1987 2626 2081 2681 sed
2095 2634 2155 2680 ut
2176 2627 2279 2681 hoc
2302 2625 2477 2696 ipsum
2502 2625 2644 2695 quod
2665 2626 2998 2689 ceciderunt,
3010 2626 3295 2696 prodesset
3307 2625 3579 2682 Gentibus.

1986 2720 2054 2775 ad
2078 2718 2326 2775 salutem.
2345 2717 2544 2789 (θήρ.)
2559 2718 2625 2772 Ει
2644 2718 2914 2787 quomodo
2935 2731 3000 2771 ex
3028 2717 3241 2772 illorum
3265 2717 3462 2772 delicto
3482 2733 3571 2772 sa-

1988 2810 2070 2864 lus
2083 2809 2346 2864 Gentibus
2364 2809 2540 2873 detur,
2562 2807 2799 2871 ostendit
2825 2826 2838 2861 :
2858 2806 2927 2861 Ut
2950 2806 3088 2873 illos,
3119 2807 3314 2878 inquit,
3329 2807 3581 2861 temulen-

1987 2910 2076 2953 tur
2109 2914 2128 2955 .'
2162 2901 2265 2954 hoc
2288 2908 2393 2964 est,
2427 2907 2485 2957 ut
2515 2896 2927 2954 conversionem
2952 2898 3205 2955 Gentium
3231 2899 3494 2963 videntes,
3520 2908 3581 2953 et

1992 3003 2373 3051 testamentum
2418 2994 2536 3060 Dei,
2564 2995 2707 3066 quod
2759 2996 2857 3065 ipsi
2904 2996 3057 3066 prius
3095 3005 3437 3066 acceperant,
3470 2996 3576 3051 illis

296 3092 481 3139 autem
507 3092 562 3137 et
586 3084 674 3139 illa
712 3087 891 3157 captio
929 3103 1130 3143 mensae
1154 3089 1313 3159 hujus
1340 3091 1532 3155 videri,
1560 3109 1664 3163 qua
1698 3092 1881 3148 Domi-
1913 3077 1957 3137 C
1992 3087 2272 3151 traditum,
2300 3096 2355 3142 et
2371 3085 2544 3157 legem
2582 3101 2647 3141 ac
2670 3086 2975 3156 Prophetas
2999 3087 3140 3157 apud
3171 3102 3265 3143 eos
3289 3089 3491 3159 majore
3518 3097 3575 3143 et

297 3188 402 3245 nus
426 3188 520 3228 eos
538 3175 696 3243 cepit,
721 3191 841 3229 eum
869 3174 1002 3231 dixit
1018 3179 1085 3233 ad
1105 3194 1201 3234 eos
1225 3197 1237 3231 :
1273 3180 1415 3245 Quid
1446 3181 1584 3235 vobis
1605 3182 1807 3235 videtur
1825 3183 1889 3237 de

298 3262 509 3318 Christo
526 3265 550 3318 ?
567 3263 730 3335 Cujus
751 3265 894 3335 filius
916 3269 1030 3321 est?
1055 3269 1121 3322 At
1150 3268 1228 3323 illi
1255 3272 1666 3340 responderunt:
1694 3271 1886 3326 David.

304 3354 372 3409 Et
399 3355 653 3411 Dominus
677 3370 697 3410 :
723 3356 996 3423 Quomodo
1022 3376 1165 3430 ergo,
1195 3362 1388 3430 inquit,
1420 3361 1588 3416 David
1617 3363 1890 3417 dominum

298 3464 419 3502 eum
441 3457 607 3514 vocat,
624 3448 800 3504 dicens
816 3463 835 3502 .'
860 3450 1002 3504 Dixit
1029 3452 1285 3507 Dominus
1309 3453 1532 3509 Domino
1556 3458 1669 3509 meo
1685 3473 1702 3509 :
1719 3456 1838 3510 sedc
1861 3472 1893 3509 η

301 3540 500 3594 dextris
528 3541 655 3594 meis
678 3541 704 3595 7
724 3553 772 3595 et
806 3557 910 3595 non
930 3552 1209 3613 potuerunt
1248 3544 1294 3597 ei
1337 3545 1646 3613 respondere
1686 3547 1894 3599 verbum

302 3631 517 3703 (Matth.
548 3632 706 3703 χχιι).
743 3632 831 3687 Fit
876 3641 1054 3688 autem
1098 3635 1150 3688 in
1193 3635 1606 3691 retributionem
1653 3637 1734 3691 eis
1783 3637 1896 3691 haec

302 3736 510 3789 mensa,
536 3732 592 3779 ut
619 3724 855 3780 breviter
875 3724 1073 3790 dicam,
1098 3727 1396 3783 secundum
1432 3730 1655 3783 verbum
1681 3712 1897 3783 Domini

301 3828 410 3882 quo
431 3814 508 3867 ait
533 3833 545 3867 :
569 3813 776 3869 Putatis
812 3818 935 3886 quia
963 3832 1057 3886 ego
1099 3833 1339 3871 accusem
1362 3834 1450 3873 vos
1473 3819 1613 3889 apud
1638 3815 1852 3872 Patrem
1875 3820 1900 3871 ?

306 3902 401 3958 Est
422 3907 512 3975 qui
535 3923 620 3961 eos
643 3918 847 3961 accuset
877 3908 1083 3977 Moyses
1113 3907 1295 3980 (Joan.
1320 3907 1408 3981 v);
1436 3917 1491 3965 et
1511 3909 1805 3964 secundum
1832 3910 1901 3962 il-

302 3994 393 4049 lud
420 3997 562 4065 quod
584 3996 870 4066 Apostolus
890 3999 1021 4053 dicit
1048 4016 1060 4052 :
1088 3997 1352 4069 Quotquot
1390 4016 1482 4070 per
1504 3999 1665 4070 legem
1687 4017 1923 4071 peccare,

301 4095 553 4156 runt,per
576 4087 738 4157 legem
762 4088 1145 4158 judicubttntur
1176 4088 1350 4161 (Rom.
1381 4087 1464 4158 ιι).
1500 4090 1584 4144 Fit
1620 4080 1800 4144 autem
1845 4101 1904 4144 et

302 4174 358 4229 in
387 4175 698 4230 scandalum
719 4177 800 4230 eis
822 4191 1006 4232 mensa
1036 4179 1150 4233 hinc
1174 4180 1275 4233 hoc
1301 4180 1480 4233 modo.
1500 4178 1576 4233 Ex
1606 4178 1901 4248 Scripturis

302 4267 604 4322 didicerant
637 4264 829 4334 Judaei,
865 4266 1033 4337 quia:
1064 4266 1305 4323 Christus
1348 4281 1523 4324 manet
1550 4273 1607 4324 in
1648 4280 1902 4325 wternum

302 4357 486 4430 (Joan’.
507 4358 631 4431 xu),
653 4359 835 4415 Iesum
857 4371 1035 4416 autem
1063 4363 1303 4417 videntes
1324 4364 1377 4417 in
1401 4378 1585 4426 carne,
1602 4373 1655 4418 et
1678 4380 1781 4419 non
1807 4357 1896 4419 so-

1993 3177 2238 3247 diguiore
2260 3177 2445 3232 haberi
2470 3178 2836 3243 observantia,
2855 3177 3029 3232 zelum
3054 3179 3267 3250 capiant
3284 3175 3448 3235 etiam
3473 3181 3576 3250 ipsi

1993 3269 2047 3322 in
2079 3270 2387 3325 acvissimis
2419 3270 2605 3324 saltem
2634 3271 3005 3341 temporibus;
3039 3282 3095 3327 et
3123 3272 3265 3327 sicut
3293 3288 3436 3328 nunc
3456 3273 3576 3327 illo—

1996 3376 2115 3415 rum
2138 3361 2323 3430 lapsus
2348 3358 2577 3415 salutem
2603 3360 2869 3416 Gentibus
2889 3359 3057 3426 dedit,
3085 3361 3421 3417 itaGentium
3448 3361 3583 3419 tides

1995 3461 2051 3507 et
2097 3453 2439 3508 conversatio
2503 3453 2686 3508 lsraeli
2748 3453 3145 3519 aemulationem
3205 3455 3580 3513 conversionis

1997 3542 2243 3597 conferat
2268 3551 2325 3599 et
2352 3543 2561 3597 salutis.
2592 3543 3001 3599 Observandum
3051 3552 3232 3600 tamen
3278 3555 3383 3611 est,
3438 3548 3583 3617 quod

1997 3632 2140 3686 aliud
2181 3634 2333 3705 ponit
2358 3633 2555 3687 Paulus
2582 3633 2777 3689 oﬂ‘ende
2796 3649 2856 3689 re
2883 3646 2947 3690 ac
2974 3634 3306 3705 delinquere,
3345 3646 3401 3692 et
3433 3638 3577 3693 aliud

1998 3725 2222 3788 cadere;
2267 3732 2323 3777 et
2349 3721 2636 3776 ollensioni
2675 3724 2893 3791 quidem
2924 3724 3008 3778 vel
3046 3725 3245 3779 delicto
3286 3728 3585 3782 remedium

1998 3814 2149 3884 ponit
2182 3830 2196 3866 :
2225 3812 2487 3868 cecidisse
2517 3820 2697 3867 autem
2726 3826 2843 3878 eos,
2880 3812 3033 3881 quasi
3061 3814 3368 3884 desperatio
3398 3815 3452 3869 in
3481 3816 3584 3872 hoc

2000 3907 2071 3961 sit
2094 3907 2294 3976 aliqua,
2319 3920 2425 3960 non
2452 3898 2676 3974 reCepit.‘
2694 3904 2831 3960 Dicit
2852 3905 2995 3960 enim
3015 3920 3031 3960 :
3050 3905 3306 3977 Nunquid
3328 3908 3403 3960 sic
3419 3909 3586 3977 o/I‘en-

2001 4000 2188 4052 derunt
2230 4007 2285 4051 ut
2326 3997 2611 4051 caderent?
2636 3994 2802 4052 Absit.
2847 3996 2950 4052 Sed
2980 3996 3192 4051 illorum
3217 3997 3408 4052 delicto
3437 3998 3582 4054 salus

1999 4090 2255 4162 gentibus.
2274 4090 2436 4145 Etest
2463 4089 2683 4156 mirum,
2699 4088 2969 4159 quomodo
2992 4090 3044 4145 in
3070 4098 3149 4146 tot
3174 4100 3232 4145 et
3252 4090 3447 4147 talibus
3466 4108 3588 4163 quae

2001 4182 2069 4237 de
2084 4182 2165 4236 eis
2183 4182 2364 4236 omnis
2384 4179 2636 4249 Epistulae
2655 4188 2836 4235 textus
2853 4180 3095 4252 exponit,
3117 4182 3381 4238 occidisse
3408 4191 3587 4240 tamen

2000 4284 2096 4328 eos
2124 4282 2284 4341 neget
2307 4272 2617 4342 Apostolus.
2645 4271 2751 4327 Sed
2776 4270 2991 4327 videtur
3039 4274 3171 4328 mihi
3207 4274 3348 4343 quod
3390 4274 3591 4330 Paulus

2008 4363 2237 4418 cadendi
2259 4362 2593 4419 diﬂ‘erentias
2618 4363 2757 4418 bene
2782 4364 3015 4431 noverit,
3042 4372 3097 4420 et
3124 4364 3269 4419 aliud
3302 4365 3440 4419 sciat
3470 4381 3591 4421 esse

304 4422 415 4504 ium
439 4450 492 4504 in
515 4422 699 4514 carne,
721 4452 814 4506 sed
838 4453 968 4507 etin
1007 4461 1196 4518 morte,
1213 4461 1269 4508 et
1298 4462 1470 4508 morte
1497 4455 1675 4509 crucis
1706 4455 1757 4527 (Ι
1776 4454 1900 4509 Cor.
1932 4422 1982 4483 Β
2008 4455 2202 4510 cadere
2236 4457 2531 4511 secundum
2562 4456 2707 4517 illud,
2747 4457 2891 4526 quod
2928 4458 3191 4527 scriptum
3225 4466 3310 4514 est
3341 4476 3353 4512 :
3389 4458 3593 4529 Septies

304 4540 406 4613 xv)
436 4581 451 4606 ,
489 4536 991 4598 scandalizabantur
1035 4544 1087 4597 iii
1115 4545 1589 4605 eum,nescientes
1638 4547 1764 4614 quia
1807 4548 1903 4601 etsi

302 4650 491 4703 passus
532 4642 607 4687 est
650 4650 715 4688 ea:
752 4635 1061 4704 inﬁrmitate
1088 4636 1285 4699 carnis,
1326 4635 1416 4689 sed
1452 4636 1568 4690 vivit
1619 4652 1684 4689 ea:
1718 4638 1904 4691 virtute

303 4723 422 4777 Dei.
459 4721 585 4779 Haec
611 4740 742 4795 ergo
782 4724 1013 4795 singula,
1063 4728 1188 4795 quia
1221 4742 1326 4781 non
1366 4727 1774 4798 intelligibiliter
1808 4743 1903 4783 ac-

302 4823 599 4884 ceperunt,
629 4818 748 4885 quas
773 4817 1014 4887 apposita
1051 4826 1177 4872 sunt
1217 4818 1295 4873 eis
1337 4818 1404 4872 ad
1436 4832 1675 4873 mensam
1708 4829 1900 4889 poten-

304 4907 398 4971 tis,
449 4892 800 4962 scandalizati
830 4914 975 4972 sunt,
1021 4915 1076 4961 et
1110 4908 1223 4976 ipsa
1251 4907 1655 4979 Scripturarum
1687 4911 1896 4965 divina-

306 5013 501 5051 narum
533 5012 716 5052 mensa
744 4999 883 5054 facta
914 5007 997 5054 est
1041 5001 1122 5056 eis
1162 5002 1215 5054 in
1258 5001 1591 5068 scandalum,
1616 5012 1673 5058 et
1702 5005 1896 5060 obscu-

305 5088 411 5142 rati
436 5097 561 5142 sunt
589 5088 730 5143 oculi
769 5104 975 5155 eorum,
1018 5092 1313 5146 secundum
1356 5108 1421 5147 ea
1468 5108 1588 5163 qua:
1629 5108 1792 5164 supra
1815 5095 1896 5149 di-

305 5170 506 5244 ximus,
574 5190 631 5236 et
675 5181 894 5237 dorsum
947 5188 1134 5238 eorum
1185 5194 1467 5239 curvatum
1530 5196 1613 5242 est
1659 5201 1894 5258 semper.

306 5270 493 5342 Neque
519 5275 661 5329 enim
706 5275 962 5330 deberent
1002 5276 1143 5331 ultra
1179 5277 1374 5369 em‘lmn
1415 5279 1679 5346 aspicere,
1724 5280 1815 5349 qui
1842 5279 1896 5334 in

306 5377 611 5422 creatorem
663 5368 786 5423 cmli
824 5377 1200 5438 peccaverunt,
1259 5368 1312 5425 et
1361 5370 1414 5424 in
1448 5370 1730 5425 Dominum
1784 5386 1898 5425 ma—

301 5456 538 5527 jestatis.
587 5460 694 5516 Sed
742 5469 796 5516 et
842 5462 1132 5533 unicuique
1172 5471 1418 5518 nostrum
1466 5462 1764 5517 verendum
1792 5470 1896 5527 est,

311 5566 379 5603 ne
410 5550 547 5607 forte
597 5553 713 5608 hazc
750 5552 1053 5609 divinorum
1088 5555 1377 5609 verborum
1409 5568 1613 5611 mensa.
1636 5555 1701 5608 ad
1739 5569 1900 5623 quam

311 5639 557 5696 videmur
597 5644 908 5700 consedisse
933 5687 946 5712 ,
977 5656 1036 5700 ut
1089 5646 1267 5702 cibum
1322 5647 1469 5702 veri-i
1509 5646 1600 5702 Dei
1642 5661 1738 5715 pro
1782 5660 1905 5714 pos.

1996 4545 2177 4614 justus
2200 4545 2378 4611 cadet,
2403 4554 2449 4599 et
2476 4555 2703 4616 resurget
2721 4547 2903 4617 (Prov.
2922 4551 3096 4619 XXIV);
3124 4556 3177 4604 et
3202 4536 3397 4605 iterum
3422 4571 3435 4603 :
3465 4549 3596 4604 Noli

2006 4637 2132 4691 mihi
2154 4637 2657 4703 insultare,inimica
2685 4655 2823 4704 mea,
2851 4642 2973 4710 quia
3005 4642 3168 4694 cecidi
3192 4656 3211 4693 .·
3242 4651 3288 4696 et
3321 4658 3593 4713 resurgam

2009 4726 2194 4796 (Mich.
2227 4727 2357 4800 vn);
2381 4737 2437 4783 et
2459 4730 2752 4785 secundum
2777 4731 2919 4799 quod
2939 4729 3202 4787 Jeremias
3225 4726 3357 4787 dicit
3391 4751 3403 4785 :
3440 4730 3586 4786 Nun-

2004 4818 2130 4890 quid
2172 4821 2263 4892 qui
2303 4821 2465 4887 cadit,
2517 4837 2622 4876 non
2671 4823 2886 4893 adjiciet
2924 4834 2979 4877 ut
3032 4827 3317 4895 resurgat?
3362 4835 3454 4878 aut
3502 4830 3598 4897 qui

2004 4931 2215 4969 aversus
2235 4923 2328 4979 est,
2354 4930 2457 4969 non
2484 4924 2812 4970 convertetnr
2831 4917 3002 4987 ?(Jer.
3027 4915 3302 4988 Vill.)‘Sed
3329 4925 3384 4971 et
3403 4917 3504 4972 Job
3527 4917 3594 4973 de

2002 5004 3133 5076 semetipsodicit(xu):Temporeconstituro
3169 5018 3414 5076 paratum
3444 5018 3519 5062 est
3548 5013 3597 5063 ei

2002 5095 2189 5148 cadere
2218 5094 2313 5148 sub
2342 5093 2547 5157 aliis,ct
2572 5095 2785 5147 domum
2814 5096 2929 5163 ejus
2952 5096 3112 5166 diripi
3140 5098 3202 5151 ab
3227 5096 3450 5165 alienis;
3472 5099 3594 5154 etin

2003 5193 2196 5254 quarto
2218 5182 2527 5252 Regnorum
2552 5184 2688 5238 libro
2712 5185 2971 5254 scriptum
2989 5194 3075 5240 est
3092 5207 3104 5240 :
3123 5185 3320 5241 Cecidit
3341 5186 3597 5243 Ezechias

2005 5277 2068 5331 ab
2089 5276 2310 5330 elatione
2322 5275 2494 5328 cordis
2510 5275 2590 5327 sui
2610 5274 2662 5345 (Ι
2676 5273 2717 5327 ν
2730 5273 2855 5345 Reg.
2872 5276 2987 5347 xx).
3005 5274 3070 5331 Et
3084 5293 3272 5334 omnes
3288 5279 3343 5333 hi
3364 5276 3520 5335 casus
3535 5281 3600 5335 de

2006 5367 2272 5439 quibusin
2295 5364 2619 5436 supradictis
2634 5367 2974 5423 sermonibus
2989 5367 3327 5440 Scripturam
3348 5382 3590 5440 pronun-

2009 5462 2175 5516 tiasse
2196 5459 2638 5523 memoravimus,
2669 5459 2870 5515 habent
2891 5461 3075 5530 utique
3097 5465 3590 5531 resurrectionem;

2011 5562 2066 5606 et
2100 5550 2311 5605 aversio
2340 5564 2529 5604 eorum
2559 5551 2724 5605 habet
2768 5553 3177 5609 conversionem
3210 5572 3223 5607 :
3260 5557 3316 5612 in
3344 5557 3600 5625 praesenti

2015 5657 2141 5698 vero
2166 5639 2421 5711 capitulo,
2464 5640 2618 5709 quasi
2661 5640 2840 5697 sciens
2887 5643 3174 5714 Apostolus
3205 5645 3328 5718 quia
3361 5647 3405 5703 si
3460 5645 3606 5703 ceci-
