4026 6180
612 229 629 279 l
644 226 742 277 3‘31

1272 217 1332 270 Β.
1373 215 1623 270 BADA-NI
1664 215 1877 270 MAL'RI
1915 213 2225 268 Alitllliii’.
2281 212 2585 269 IIOGUNT.
2615 211 2899 268 OI’ERUM
2938 211 3121 267 PARS
3157 211 3245 266 III.

3621 222 3637 272 l
3647 223 3720 275 518

605 341 831 398 disserit,
864 346 1142 402 resurgere
1189 327 1409 383 omnino
1455 341 1560 381 non
1610 335 1846 395 possent,
1899 326 1970 379 ita
2015 335 2172 394 negat
2203 334 2250 387 Α
2284 327 2584 390 1iunt,alios
2609 327 2803 381 divites
2825 326 2980 382 facit:
3008 330 3205 382 etenim
3235 325 3392 395 (Deut.
3413 330 3720 399 “nuntianti.

607 444 699 484 eos
721 425 999 487 cecidisse,
1045 430 1100 475 et
1126 419 1277 475 valde
1319 427 1542 474 excusat
1593 417 1647 469 in
1689 432 1754 471 eo
1799 417 1942 485 quod
1999 416 2171 470 dicit:

614 517 860 590 Nunquid
881 515 957 570 sic
997 512 1322 584 offenderunt
1349 520 1404 564 ut
1427 508 1664 564 caderent
1695 509 1720 561 .9
1742 508 1904 562 Absit.
1943 507 2018 561 Ne
2039 506 2177 561 forte

606 627 735 683 ergo
764 609 830 663 ad
852 608 1012 662 alium
1041 620 1224 660 casum
1254 602 1544 671 respiciens
1569 599 1872 670 Apostolus,
1901 597 2062 653 Israel
2084 613 2176 651 ex—

606 708 758 756 cuset
791 709 846 752 et
883 700 1106 766 abneget
1152 693 1449 756 cecidisse;
1496 690 1644 745 illum
1696 688 1924 743 fortasse
1976 687 2040 742 de
2069 703 2176 756 quo

605 791 816 846 dicebat
869 786 1124 841 Dominus
1157 790 1211 838 et
1241 782 1487 836 Salvator
1531 789 1736 841 noster,
1775 778 1900 847 quia
1939 777 2174 830 videbam

607 880 857 933 Satanam
896 876 1025 930 sicut
1073 873 1273 944 fulgur,
1323 872 1581 926 cecidisse
1611 870 1676 924 de
1727 869 1862 924 ccelo
1892 867 2042 938 (an.
2075 868 2170 938 x);

605 971 698 1025 sed
722 979 777 1024 et
804 968 948 1022 illum
978 967 1041 1019 de
1072 980 1177 1035 quo
1219 964 1381 1018 Isaias
1404 963 1567 1017 dicit:
1593 961 1862 1026 Quomodo
1905 961 2086 1014 cecidit
2110 962 2174 1014 de

606 1061 729 1116 coelo
781 1059 1010 1128 Lucifer,
1060 1058 1145 1128 qui
1179 1072 1328 1108 mane
1382 1055 1643 1106 oriebatur
1735 1050 1870 1121 (lsa.
1910 1051 2170 1120 x1v.)?lric

603 1167 731 1222 ergo
785 1149 877 1203 tali
934 1164 1062 1202 casu
1092 1153 1250 1216 negat
1274 1144 1534 1200 cecidisse
1562 1141 1746 1196 Israel.
1791 1141 2001 1196 Illorum
2028 1141 2172 1194 enim

604 1243 684 1297 vel
743 1243 795 1295 in
846 1242 950 1295 line
980 1239 1156 1294 saeculi
1207 1237 1486 1292 conversio
1527 1235 1630 1290 erit
1670 1243 1797 1289 tunc
1860 1250 1974 1286 cum
2015 1233 2175 1303 pleni-

602 1333 726 1387 tudo
756 1333 982 1402 gentium
1010 1329 1395 1392 subintraverit,
1419 1336 1467 1381 et
1494 1326 1659 1380 omnis
1692 1323 1857 1378 israel
1885 1323 2058 1378 salvus
2087 1323 2174 1392 fiet

603 1423 774 1494 (Rom.
826 1423 902 1493 χι)
951 1442 964 1476 :
1017 1422 1166 1476 istius
1240 1428 1418 1474 autem
1475 1417 1565 1487 qui
1613 1417 1677 1472 de
1727 1417 1865 1471 cmlo
1915 1415 2172 1470 cecidisse

603 1516 817 1580 dicitur,
851 1530 950 1570 nec
981 1514 1032 1567 in
1059 1513 1162 1566 line
1199 1511 1377 1567 saeculi
1405 1510 1508 1565 erit
1547 1509 1652 1563 ulla
1679 1507 1983 1564 conversio.
2017 1506 2170 1562 Hunc

602 1621 728 1676 ergo
758 1620 938 1660 casum
965 1619 1123 1673 quem
1179 1601 1425 1672 superius
1471 1599 1724 1662 diximus,
1771 1598 1821 1652 id
1865 1606 1948 1652 est
1978 1599 2028 1651 in
2063 1612 2170 1666 quo

2287 419 2476 471 ederet
2493 427 2666 488 gentes
2688 418 2847 481 Deus,
2868 429 2915 471 et
2933 420 3246 488 dispergeret
3263 420 3384 487 ﬁlios
3401 421 3558 486 Adam,
3587 429 3722 478 consti-

2286 519 2383 561 tuxt
2402 513 2651 563 terminos
2669 512 2915 580 gentium,
2937 519 3062 573 etc.,
3083 510 3386 564 ha'reditatis
3400 511 3494 580 ejus
3515 513 3646 568 Israel
3659 536 3670 569 :
3684 520 3722 571 ii-

2285 603 2348 656 lis
2375 612 2557 656 autem
2584 603 2826 673 Angelis,
2848 604 3044 672 quibus
3068 618 3189 671 pars
3211 604 3426 670 gentium
3442 605 3724 660 fueratdistri-

2284 693 2368 744 bu:
2381 707 2432 756 a,
2451 693 2834 746 setlucentibus
2852 691 3244 762 quodauunodo
3259 693 3470 761 singulos
3489 711 3668 764 quosque
3681 702 3724 753 de

2284 793 2432 852 parte
2464 783 2694 849 Domini,
2723 800 2788 838 ac
2810 786 3249 853 tit’pl‘iIVﬂlllibllr,
3280 783 3494 838 fecerunt
3513 801 3586 841 eos
3602 791 3723 842 otlen-

2283 877 2432 941 dere,
2469 875 2541 930 ita
2569 885 2630 929 ut
2659 877 2865 932 diceret
2887 878 3146 933 Dominus
3170 893 3261 946 per
3281 877 3552 948 prophetam
3579 879 3722 935 :Fucta

2280 981 2356 1025 cst
2389 971 2515 1026 mihi
2540 973 2711 1038 portio
2733 988 2846 1026 mea
2869 973 3227 1028 desiderabilis
3253 974 3302 1025 in
3329 975 3620 1026 exsecratione
3635 974 3721 1040 (Ιεν.

2283 1068 2382 1132 xu)
2409 1081 2423 1118 :
2451 1066 2817 1121 necessarium
2845 1065 2945 1121 fuit
2977 1076 3036 1120 ut
3063 1067 3150 1120 illa
3184 1068 3400 1122 refutat:
3429 1080 3483 1121 ac
3505 1069 3721 1136 repudiata,

2279 1164 2425 1210 esset
2455 1156 2558 1210 alia
2592 1171 2716 1227 pars
2734 1157 3118 1226 Dominisuper
3139 1168 3350 1221 terram,
3377 1172 3480 1226 qua
3494 1158 3722 1226 gloriam,rt

2281 1259 2625 1316 testamenta,
2645 1261 2698 1308 et
2715 1252 3141 1320 legislationem.
3162 1260 3214 1306 et
3242 1250 3473 1319 obsequia
3502 1250 3638 1305 Cultus
3661 1251 3721 1305 tiri

2275 1329 2418 1396 (qua:
2430 1327 2608 1381 omnia
2631 1326 2830 1380 divitia:
2849 1334 3009 1379 erant
3030 1324 3199 1394 partis
3210 1324 3424 1396 Domini)
3444 1327 3685 1394 susciperet,
3697 1335 3730 1379 ct

2274 1431 2398 1486 pars
2419 1415 2626 1469 Domini
2654 1431 2751 1485 pro
2780 1415 2868 1470 illa
2891 1424 3050 1485 parte
3081 1431 3199 1484 qua:
3219 1414 3488 1469 offenderat
3511 1423 3727 1468 vocaretur.

2273 1507 2476 1561 Idcirco
2528 1508 2772 1561 delictum
2822 1507 3036 1560 illorum
3097 1506 3156 1560 Iit
3201 1505 3384 1559 divitia:
3426 1507 3588 1560 mandi.
3631 1507 3730 1560 Nunc

2271 1599 2414 1653 enim
2439 1600 2551 1669 jam
2592 1616 2696 1654 non
2721 1616 2826 1653 una
2861 1600 3205 1654 Hebrteorum
3229 1612 3376 1668 gens,
3390 1597 3470 1651 sed
3490 1606 3603 1651 totus
3624 1614 3725 1650 mun-

602 1695 694 1764 qui
731 1695 908 1757 cadet,
936 1691 1152 1760 adjicict
1199 1700 1256 1744 ut
1303 1698 1570 1759 resurgat,
1611 1688 1839 1743 similem
1885 1703 2006 1742 esse
2045 1688 2172 1742 huic
2202 1683 2247 1741 Β
2276 1689 2375 1744 dus
2423 1705 2548 1759 pars
2599 1691 2812 1745 Domini
2871 1689 3066 1744 effecta
3117 1697 3218 1744 est.
3271 1687 3354 1742 Sic
3399 1690 3519 1743 enim
3559 1689 3730 1744 Salvator

599 1799 760 1852 quam
800 1785 855 1836 in
905 1783 1020 1852 ipso
1067 1781 1181 1835 loco
1237 1779 1586 1834 offensionem
1652 1779 1893 1833 nominat
1949 1779 2174 1848 Aposto-

603 1875 683 1929 lus
714 1875 1054 1928 advertamus
1081 1913 1095 1936 ,
1137 1882 1191 1925 et
1220 1886 1378 1940 quem
1429 1869 1682 1925 delictum
1733 1869 2000 1938 appellat:
2032 1869 2173 1940 quod

600 1966 730 2020 mibi
773 1965 878 2018 tale
924 1965 1134 2018 videtur
1175 1977 1313 2018 esse.
1368 1962 1424 2017 Si
1481 1964 1694 2032 quando
1722 1962 1902 2030 justus
1954 1965 2009 2018 in
2066 1980 2172 2018 uno

601 2055 780 2124 aliquo
806 2055 998 2119 victus,
1027 2053 1176 2108 verbi
1223 2068 1406 2119 causa,
1452 2055 1534 2107 vel
1565 2055 1616 2108 in
1642 2052 1936 2122 fragilitate
1965 2055 2169 2119 carnis,

601 2145 682 2199 vel
712 2145 813 2198 alio
844 2144 1081 2214 quolibet
1129 2143 1323 2199 delicto
1361 2144 1638 2209 ceciderit,
1683 2160 1790 2199 non
1824 2152 2001 2198 tamen
2054 2144 2174 2198 ideo

601 2236 668 2289 ab
692 2234 837 2290 omni
868 2234 1000 2305 legis
1029 2233 1368 2289 observantia
1397 2234 1729 2300 discesserit,
1774 2235 1867 2289 sed
1907 2233 2172 2303 justitiam

602 2335 801 2391 teneat,
824 2325 1251 2382 misericordiam
1293 2325 1456 2390 colat,
1485 2325 1662 2391 ﬁdem,
1703 2326 1978 2396 pietatem,
2023 2339 2172 2379 man-

598 2416 932 2472 suetudinem
969 2424 1167 2482 servet,
1200 2425 1256 2472 et
1277 2416 1447 2485 legem
1477 2416 1571 2472 Dei
1594 2416 1843 2470 meditari
1877 2431 1982 2471 non
2012 2415 2175 2487 negli-

597 2519 714 2580 gat:
739 2510 802 2564 de
823 2511 925 2564 hoc
938 2523 1222 2579 possumus
1242 2508 1438 2574 dicere,
1454 2508 1578 2578 quia
1597 2507 1849 2578 Nunquid
1861 2508 1937 2561 sic
1957 2508 2173 2576 oﬂ’endit

597 2609 651 2652 ut
674 2599 876 2654 caderet
892 2601 1093 2654 ?Absit.
1127 2599 1202 2654 Ita
1225 2609 1279 2655 et
1303 2600 1573 2665 Israelitze,
1597 2599 1843 2670 quamvis
1865 2601 2170 2670 redempto-

600 2705 710 2745 rem
742 2705 894 2745 suum
921 2691 1254 2761 negaverint,
1284 2699 1338 2746 et
1376 2707 1468 2747 eos
1500 2692 1590 2762 qui
1615 2692 1682 2747 al)
1711 2692 1826 2760 ipso
1867 2692 2016 2748 missi
2048 2701 2174 2749 sunt

521 2772 527 2780 ”
597 2779 664 2832 ad
687 2780 1086 2849 praadicandum
1123 2780 1368 2848 salutem,
1423 2782 1774 2852 lapidaverint
1811 2792 1865 2837 et
1901 2786 2168 2851 persecuti

594 2869 742 2924 sint:
779 2878 963 2924 tamen
980 2871 1179 2926 habent
1205 2873 1378 2927 adhuc
1414 2872 1613 2942 aliquid
1653 2873 1871 2928 residui.
1904 2873 1999 2928 Est
2031 2873 2172 2942 apud

598 2960 714 3016 illos
747 2961 1024 3016 meditatio
1053 2961 1207 3032 legis,
1251 2962 1374 3018 licet
1429 2979 1534 3018 non
1577 2965 1821 3029 credant,
1875 2979 1976 3018 nec
2022 2963 2174 3018 intel-

2274 1779 2404 1833 dicil
2430 1797 2442 1832 :
2473 1777 2610 1844 Quia
2637 1796 2729 1849 ego
2759 1780 2890 1844 veni,
2923 1795 3028 1833 non
3051 1789 3105 1832 ut
3120 1779 3341 1848 judicem
3366 1780 3593 1843 mundum,
3613 1780 3674 1831 sed
3697 1791 3729 1831 ut

2272 1870 2502 1924 salvetur
2545 1872 2770 1925 mundus
2811 1887 2905 1941 per
2963 1887 3047 1925 me
3077 1869 3254 1941 (Joan.
3291 1868 3400 1941 xu).
3444 1871 3499 1924 Et
3530 1885 3582 1924 ne
3618 1871 3730 1924 ambi-

2274 1975 2436 2030 guum
2458 1960 2732 2014 videretur
2756 1961 2940 2016 mundi
2965 1975 3184 2023 nomen,
3211 1960 3442 2029 quoniam
3459 1974 3571 2028 stupe
3587 1959 3732 2029 quidem

2276 2049 2342 2104 ad
2370 2050 2566 2105 cmlum
2599 2060 2655 2104 et
2684 2061 2908 2115 terram,
2938 2067 3085 2120 sarpe
3123 2052 3190 2106 ad
3217 2051 3376 2106 solam
3418 2058 3596 2112 terram,
3626 2051 3734 2104 intcr~

2277 2138 2406 2193 dum
2446 2154 2576 2193 vero
2609 2139 2772 2193 etiam
2811 2139 2879 2195 ad
2926 2154 3120 2194 omnes
3149 2139 3380 2194 homines
3420 2139 3572 2192 mundi
3609 2138 3731 2206 appel-

2273 2229 2402 2284 latio
2449 2229 2722 2284 refertur:
2753 2230 2959 2286 idcirco
3007 2229 3202 2300 repetit
3242 2228 3515 2299 Apostolus,
3555 2227 3731 2282 etmani-

2273 2320 2465 2376 festius
2485 2321 2538 2375 in
2553 2335 2659 2390 quo
2678 2320 2875 2374 dixerit
2892 2321 3154 2376 mundum
3181 2320 3424 2388 designat.
3444 2318 3519 2370 Ait
3537 2317 3644 2370 enim
3663 2331 3672 2366 :
3691 2311 3732 2365 Et

2273 2411 2548 2465 diminutio
2569 2427 2768 2474 eorum,
2801 2410 2998 2464 divitiis
3021 2409 3280 2480 gentium;
3308 2406 3435 2478 quod
3455 2406 3572 2461 enim
3590 2404 3664 2458 illis
3676 2403 3733 2471 qui

2273 2503 2614 2559 offenderunt
2651 2502 2976 2556 diminutum
3022 2511 3108 2558 est
3154 2509 3208 2557 et
3242 2501 3474 2563 ablatum,
3512 2497 3564 2550 ad
3591 2494 3734 2547 divitias

2273 2595 2510 2666 gentium
2537 2593 2791 2650 collatum
2822 2600 2928 2658 est,
2961 2593 3054 2663 qui
3081 2608 3178 2662 per
3219 2591 3368 2646 ﬁdem
3409 2604 3512 2659 pars
3531 2585 3683 2642 Domini
3700 2593 3734 2636 et

2274 2684 2562 2740 hiereditas
2601 2683 2716 2752 ejus
2771 2682 2947 2738 effecti
3003 2691 3146 2738 sunt.
3175 2681 3311 2737 Bene
3352 2688 3507 2736 autem
3547 2677 3598 2731 ad
3634 2675 3735 2729 dimi-

2277 2776 2557 2830 nutionem
2607 2773 2834 2829 reddidit
2908 2773 3299 2844 plenitudinem,
3343 2778 3394 2824 et
3432 2783 3522 2822 non
3554 2767 3641 2820 sine
3660 2777 3734 2832 pro.

2275 2865 2441 2920 fundo
2475 2863 2707 2934 quodam
2750 2879 2914 2918 sensu
2946 2863 3205 2934 populqu
3248 2859 3400 2916 Israel
3444 2855 3600 2912 Paulus
3625 2852 3732 2922 pleni-

2277 2959 2518 3013 tudinem
2578 2969 2752 3012 vocat.
2804 2957 2860 3011 In
2912 2973 3026 3027 quo
3054 2972 3153 3025 ego
3194 2970 3289 3024 pro
3327 2953 3508 3006 viribus
3543 2948 3641 3002 meis
3667 2943 3735 2998 talo

595 3052 792 3122 ligant;
817 3062 900 3107 est
931 3053 1072 3124 apud
1110 3053 1229 3109 illos
1255 3063 1312 3109 et
1337 3055 1604 3112 aemulatio
1645 3055 1760 3120 Dei,
1800 3055 1928 3110 licet
1955 3071 2058 3110 non
2083 3070 2168 3110 se-
2197 3032 2240 3093 (ἶ
2272 3051 2474 3120 aliquid
2518 3051 2756 3120 intelligo
2790 3069 2801 3103 :
2850 3066 2995 3105 nunc
3021 3050 3238 3119 quidem
3263 3047 3418 3102 donec
3439 3056 3591 3098 omnes
3609 3047 3734 3106 gentes

592 3142 823 3196 cundum
849 3144 1146 3199 scientiam.
1171 3144 1238 3198 Et
1257 3155 1538 3216 propterea
1558 3147 1690 3201 dicit
1709 3147 2015 3217 Apostolus,
2038 3147 2167 3218 quia

594 3247 699 3286 non
734 3231 807 3285 sic
836 3233 1157 3300 oﬂ'enderunt
1181 3243 1236 3287 ut
1259 3235 1639 3298 caderent,hoc
1670 3247 1774 3300 est,
1818 3249 1879 3292 ut
1919 3238 1985 3292 ab
2020 3239 2167 3293 omni

594 3320 722 3390 legis
752 3321 848 3375 Dei
873 3321 1234 3388 observantia,
1266 3324 1348 3378 vel
1382 3325 1728 3380 meditatione
1756 3326 1971 3395 penitus
1996 3327 2165 3382 decli-

592 3420 802 3467 narent.
836 3411 902 3466 Et
952 3411 1255 3481 huiusmodi
1299 3430 1481 3470 casum
1544 3416 1797 3472 delictum
1848 3418 2164 3472 nominavit.

595 3501 813 3554 Illorum
838 3503 998 3567 enim,
1023 3503 1215 3572 inquit,
1239 3504 1425 3558 delicto
1451 3505 1595 3560 salus
1619 3517 1691 3561 est
1717 3508 1976 3578 gentibus.
1999 3507 2168 3578 Prop-

591 3605 739 3650 terea
785 3610 913 3667 ergo
941 3605 996 3652 et
1023 3597 1191 3654 David
1222 3598 1397 3654 sciens
1438 3599 1740 3668 bujusmodi
1787 3613 1905 3655 esse
1947 3601 2163 3665 delicta,

590 3689 645 3742 in
680 3687 874 3758 quibus
924 3689 1016 3759 qui
1070 3690 1325 3745 ceciderit
1369 3701 1655 3762 resurgat;
1684 3702 1738 3747 et
1778 3706 1896 3747 esse
1951 3692 2080 3757 alia,
2111 3693 2165 3746 in

587 3779 783 3849 quibus
811 3780 902 3850 qui
933 3781 1188 3836 ceciderit
1215 3797 1320 3836 non
1371 3791 1621 3854 resurgat
1671 3798 1768 3840 nec
1810 3784 1861 3838 in
1909 3800 2165 3841 consum-

591 3869 824 3926 matione
846 3870 1046 3937 saeculi,
1076 3871 1288 3927 dicebat
1312 3890 1324 3926 :
1349 3871 1573 3940 Delicta,
1588 3874 1702 3930 sive
1727 3874 1930 3946 lapsus,
1947 3878 2062 3947 quis
2085 3877 2166 3930 in-

589 3961 770 4032 telligit
795 3963 820 4015 ?
855 3959 1024 4034 (Psal.
1057 3962 1238 4035 xvut.)
1262 3962 1517 4034 Sequitur
1546 3967 1798 4037 posthaec
1832 3985 1842 4021 :

660 4052 814 4120 Quod
845 4055 888 4109 si
921 4054 1168 4109 delictum
1211 4054 1423 4110 illorum
1469 4057 1663 4112 divitia:
1709 4068 1830 4112 sunt
1882 4060 2086 4125 mundi,
2116 4069 2164 4112 et

588 4145 863 4198 diminutio
894 4160 1072 4199 eorum
1099 4145 1292 4200 divitia:
1325 4147 1594 4216 gentium;
1633 4157 1829 4216 quanto
1871 4150 2036 4219 magis
2055 4148 2167 4219 ple-

590 4235 772 4288 nitudo
800 4251 1002 4289 eorum.
1051 4234 1254 4306 (Δηὼ.)
1291 4234 1628 4290 Manifestum
1671 4245 1754 4292 est
1801 4238 1928 4308 quia
1979 4239 2023 4293 si
2073 4240 2164 4294 de-

588 4326 774 4382 lictum
799 4325 1008 4382 illorum
1031 4326 1231 4398 profuit
1260 4328 1480 4391 mundo,
1517 4329 1644 4382 dum
1668 4327 1863 4384 borum
1884 4329 2166 4400 dispendio

589 4417 768 4484 plures
811 4417 972 4472 habet
1005 4417 1206 4483 bonos;
1231 4418 1354 4488 quia
1386 4418 1551 4473 multo
1598 4420 1780 4488 plures
1806 4429 1930 4474 sunt
1957 4430 2161 4490 gentes,
2194 4413 2243 4472 D

588 4522 750 4576 quam
775 4505 944 4562 Judaei
960 4525 979 4574 ;
1004 4518 1059 4564 et
1085 4509 1367 4564 diminutio
1393 4525 1601 4576 eorum,
1630 4511 1772 4580 quod
1802 4520 1885 4566 est
1909 4513 2162 4568 damnum

589 4598 980 4668 promissionis,
1033 4601 1230 4656 divitize
1270 4602 1506 4672 gentium
1529 4643 1543 4668 ,
1579 4619 1676 4672 per
1706 4604 1758 4658 id
1800 4605 1942 4673 quod
1970 4605 2164 4661 lucrati

587 4699 714 4746 sunt
732 4691 900 4746 vitam
918 4701 1204 4759 :eternam;
1230 4705 1428 4762 quanto
1456 4697 1622 4766 magis
1645 4697 1919 4768 plenitudo
1941 4714 2127 4754 eorum
2147 4700 2160 4753 ε

587 4782 847 4853 Apertum
893 4782 1127 4852 estquia
1175 4785 1345 4854 magis
1392 4786 1541 4840 dives
1571 4788 1676 4840 erit
1725 4787 1956 4842 mundus
1990 4789 2164 4842 bomi-

589 4874 748 4930 nibus
767 4873 944 4938 bonis,
965 4873 1012 4928 si
1047 4883 1103 4928 et
1123 4874 1158 4928 ii
1183 4874 1272 4944 qui
1297 4877 1549 4929 excuneati
1581 4885 1726 4941 sunt,
1747 4886 2160 4934 convertantur:

587 4981 654 5019 ex
695 4981 886 5036 magna
925 4965 1069 5021 enim
1123 4973 1276 5035 parte
1313 4965 1608 5019 salvabitur
1648 4967 1896 5021 mundus.
1937 4965 2166 5021 Mundus

589 5057 677 5114 bic
719 5056 966 5112 homines
1009 5055 1297 5128 significat,
1335 5056 1478 5112 sicut
1523 5056 1723 5110 dictum
1759 5065 1843 5111 est
1879 5056 1945 5111 de
1972 5055 2161 5123 Salva-

591 5155 707 5202 tore
738 5166 750 5200 :
777 5146 911 5202 Ecce
935 5155 1072 5201 totus
1098 5145 1322 5200 mundus
1363 5145 1487 5200 abiit
1509 5155 1621 5215 post
1655 5144 1802 5198 illum
1829 5143 2007 5216 (Jama.
2036 5144 2155 5211 xu).

591 5236 788 5310 [Orig]
817 5237 1057 5293 Notanda
1089 5246 1172 5292 est
1211 5238 1264 5292 in
1305 5236 1391 5290 bis
1438 5235 1531 5291 Dei
1583 5235 1845 5305 sapientia
1891 5235 2162 5304 quomodo

591 5334 728 5398 apud
777 5347 898 5387 eum
931 5346 997 5386 ne
1044 5331 1158 5401 ipsa
1208 5329 1422 5398 quidem
1460 5326 1650 5382 delicta
1693 5327 1962 5396 etlapsus
1999 5325 2161 5379 inuti-

590 5422 711 5478 liter
735 5424 966 5485 cedunt;
997 5424 1090 5478 sed
1113 5437 1233 5476 cum
1266 5419 1630 5488 unusquisque
1671 5433 1734 5472 ex
1777 5418 2032 5488 propositi
2077 5417 2158 5470 sui

590 5513 833 5568 libertate
860 5515 1156 5582 delinquat,
1181 5512 1507 5582 dispensatio
1532 5511 1728 5565 divina:
1763 5511 2040 5579 sapientia:
2063 5511 2162 5564 hoc

592 5606 708 5668 ipso
759 5607 812 5668 in
849 5621 953 5674 quo
1004 5606 1078 5660 illi
1131 5606 1326 5660 damno
1371 5615 1480 5660 suae
1523 5604 1860 5673 negligentiae
1901 5615 2163 5671 pauperes

2270 3145 2495 3199 veniunt
2545 3145 2613 3197 ad
2659 3143 2914 3208 salutem,
2975 3147 3368 3213 congregantur
3401 3134 3565 3190 divitias
3604 3127 3731 3183 Deiex

2269 3236 2604 3292 credentium
2644 3235 3026 3300 multitudine;
3053 3233 3146 3288 sed
3191 3232 3353 3286 donec
3377 3225 3515 3283 Israel
3544 3224 3582 3277 in
3596 3222 3732 3312 iacret

2269 3325 2495 3379 dulitate
2517 3323 2778 3394 persistit,
2807 3322 3048 3377 nondum
3070 3320 3337 3391 plenitudo
3362 3313 3577 3395 portioais
3595 3307 3738 3363 Domini

2269 3416 2481 3473 dicetur
2515 3432 2634 3472 esse
2659 3415 2946 3486 completa.
2986 3417 3150 3470 Deest
3170 3413 3307 3469 enim
3343 3410 3403 3465 ad
3443 3410 3647 3476 integrum
3676 3414 3734 3467 p0-

2267 3507 2424 3576 pulus
2444 3506 2628 3562 Israel.
2657 3505 2789 3562 Cum
2820 3519 2948 3560 vero
2977 3505 3254 3576 plenitudo
3295 3501 3502 3572 gentium
3537 3494 3726 3550 subimu-

2268 3599 2425 3662 verit,
2443 3606 2497 3653 et
2521 3596 2684 3652 Israel
2704 3597 2757 3650 in
2779 3596 3082 3650 novissimo
3103 3605 3333 3663 tempore
3345 3607 3428 3662 per
3449 3577 3730 3642 lidemvenel‘il

2267 3683 2605 3753 ad'salutem,
2621 3691 2735 3759 ipse
2758 3688 3106 3758 eritpopulus
3127 3688 3218 3758 qui
3242 3685 3379 3756 prior
3399 3681 3544 3736 fuerat
3558 3673 3730 3744 quidem:

2269 3783 2362 3838 sed
2402 3783 2729 3840 novissimus
2750 3781 2972 3836 veniens
3002 3781 3176 3850 ipsam
3199 3771 3545 3848 quodammodo
3573 3760 3730 3850 iurisdi-

2269 3869 2395 3923 tatis
2419 3877 2474 3923 et
2500 3866 2762 3937 por-tionis
2786 3865 2879 3920 Dei
2907 3845 3292 3936 plenitudinem
3313 3854 3570 3928 complebit.
3587 3845 3730 3902 Ειὶιίεο

2264 3959 2531 4030 plenitudo
2567 3957 2893 4026 appellatur,
2937 3957 3069 4026 quia
3111 3955 3249 4026 quod
3285 3953 3453 4008 deerat
3484 3948 3526 4002 in
3554 3939 3728 4034 portione

2269 4053 2390 4116 Dei,
2405 4052 2456 4106 in
2483 4051 2791 4106 novissimis
2806 4051 2920 4120 ipse
2939 4048 3260 4118 complebit:
3290 4055 3339 4102 et
3364 4045 3426 4097 ita
3447 4037 3730 4127 omnipotentis

2265 4152 2319 4198 et
2341 4144 2464 4199 boni
2488 4143 2582 4198 Dei
2608 4143 2938 4212 dispensatio
2957 4141 3154 4196 del-icta
3178 4139 3392 4194 aliorum
3417 4133 3630 4187 fructuosa
3647 4120 3726 4213 aliis

2263 4234 2444 4299 eme-it,
2473 4235 2613 4289 sicut
2638 4205 2968 4305 in-praesenti
2999 4233 3197 4288 delicta
3229 4225 3383 4284 Israel
3406 4219 3582 4278 divitias
3604 4205 3730 4266 mundi

2266 4325 2412 4389 facit,
2443 4335 2496 4380 et
2534 4323 2942 4379 diminutionem
2997 4336 3187 4378 eorum
3237 4315 3435 4374 divitias
3467 4305 3664 4380 gentium.

2350 4413 2502 4468 Vobis
2525 4414 2659 4469 enim
2684 4413 2800 4467 dico
2821 4412 3088 4484 gentibus:
3111 4408 3362 4477 Quamdiu
3381 4401 3555 4475 quidem
3572 4408 3639 4462 09°
3655 4399 3730 4484 fw

2270 4507 2496 4577 gentium
2544 4505 2809 4576 apostolus
2829 4545 2843 4571 ,
2876 4503 3223 4558 ministerium
3249 4513 3406 4552 meum
3437 4479 3729 4553 honori/Scala:

2269 4601 2315 4655 si
2343 4599 2600 4670 quomodo
2628 4599 2696 4652 ad
2732 4595 3089 4652 trinulandum
3116 4606 3368 4665 provocem
3399 4594 3580 4670 carnem
3602 4582 3727 4670 meatu.

2268 4702 2314 4744 et
2338 4664 2506 4745 salvos
2520 4688 2712 4758 facium
2733 4686 2934 4757 aliquos
2947 4702 3011 4739 ea:
3026 4685 3150 4738 illis.
3168 4676 3386 4754 (Ambr.)
3399 4664 3726 4731 Ostenditgenu-

2269 4780 2482 4848 busquo
2499 4777 2690 4832 affectu
2704 4775 3110 4847 diligatludzeos
3129 4789 3143 4826 :
3160 4787 3278 4827 nam
3291 4760 3595 4824 ministerium
3607 4760 3724 4848 suum.

2266 4885 2374 4940 quo
2395 4845 2694 4940 iApostolus
2725 4845 2962 4935 gentium
3009 4874 3114 4929 est,
3146 4856 3474 4917 bonorilieat;
3503 4848 3539 4903 si
3579 4845 3726 4934 ρτοριῆτ

2265 4962 2513 5016 allectum
2546 4959 2760 5031 generis
2787 4959 2867 5013 sui
2892 4957 3017 5011 data
3043 4971 3203 5025 opera
3230 4951 3381 5007 etiam
3407 4940 3724 5031 ludens-acim:

2263 5062 2346 5107 rat
2375 5052 2440 5106 ad
2474 5011 2632 5105 fidem
2657 5068 2671 5103 :
2699 5011 3138 5104 honoriﬁcentior
3162 5043 3297 5098 enim
3332 5038 3432 5099 fiet,
3456 5032 3493 5085 si
3515 5011 3726 5122 etillosatl

2263 5161 2398 5216 quos
2447 5159 2552 5199 non
2603 5144 2796 5198 missus
2827 5151 2927 5203 est,
2974 5141 3211 5194 lucretur
3253 5133 3316 5188 ad
3349 5130 3511 5216 vitam.
3551 5111 3724 5216 Patruitus

2264 5207 2410 5291 enim
2446 5238 2497 5290 in
2531 5235 2688 5290 laude
2727 5233 2959 5288 maxima
3011 5232 3147 5292 erit,
3197 5227 3241 5282 si
3288 5224 3466 5277 fratres
3503 5207 3722 5268 initum"

2267 5328 2356 5396 qui
2404 5326 2692 5394 perierant.
2735 5322 2933 5394 (0rig.)
2971 5322 3134 5392 Igitur
3167 5314 3390 5388 quandiu
3428 5295 3722 5399 apostolus

2267 5416 2505 5485 gentium
2528 5413 2743 5476 Paulus,
2761 5412 3113 5466 ministerium
3135 5421 3282 5464 sumn
3298 5404 3533 5458 illustrare
3549 5385 3720 5487 sedisti;

2266 5481 2319 5559 et
2347 5505 2473 5575 quid
2511 5513 2617 5557 tam
2645 5504 2884 5572 dignum,
2915 5517 3072 5572 quam
3103 5509 3158 5554 ut
3185 5491 3514 5564 unusquisque
3550 5481 3720 5575 minusue

2271 5574 2408 5652 rium
2435 5613 2589 5654 suum
2621 5597 2760 5668 quod
2786 5611 2879 5666 per
2902 5595 2993 5650 Dei
3020 5588 3386 5665 providentiam
3407 5574 3719 5644 suscipitmsor'
