4026 6180
366 244 504 303 1529

901 231 1453 322 ENABRATIONUM
1489 231 1557 288 IN
1593 231 1743 287 EPP.
1782 230 1992 288 PAULI
2032 231 2156 288 LIB.
2201 234 2286 291 VI.
2328 266 2396 278 —
2431 234 2750 296 INEPIST.
2790 240 2883 296 AD
2924 243 3088 301 ROM.

3494 255 3632 314 1530

360 361 943 419 netiExornatautem
958 353 1257 408 etillustrat
1278 346 1939 415 ministeriumsuum,qui
1970 347 2017 407 Α
2046 343 2098 415 (1
2122 344 2243 400 Cor.
2278 361 2372 412 m;
2411 345 2531 404 Gal.
2564 349 2672 421 tv);
2708 359 2764 406 et
2791 367 2889 423 per
2932 354 3048 409 lucc
3084 358 3267 415 omnia
3316 360 3635 422 illustrando

361 457 502 510 bene
527 450 817 505 ministrat.
865 444 1018 501 Sicut
1040 441 1345 499 econtrario
1366 441 1687 497 dehonestat
1706 437 1947 493 ministe-

362 547 505 602 rium
527 544 775 606 suum,et
799 536 1033 594 notabile
1062 535 1213 601 facit,
1239 535 1330 605 qui
1364 532 1695 604 negligenter
1719 540 1774 587 et
1804 530 1946 586 indi-

361 650 468 707 gne
497 631 907 690 ministraverit.
942 627 1101 683 Verbi
1134 640 1318 691 causa,
1341 625 1396 680 in
1426 622 1728 679 ministerio
1755 620 1946 677 Eccle—

360 726 474 791 sim’,
515 724 792 785 diaconus,
835 719 1028 789 inquit,
1062 718 1152 788 qui
1177 716 1303 771 bene
1328 714 1721 779 ministraverit,
1754 713 1944 767 bonum

358 813 585 887 gradum
609 811 707 868 sibi
736 808 983 880 acquirit,
1003 816 1053 862 et
1082 804 1300 860 multam
1322 804 1574 874 ﬁduciam
1600 804 1654 858 in
1680 802 1785 872 ﬁde
1812 800 1944 857 Iesu

360 905 577 963 Christi.
611 902 671 959 Si
698 914 829 957 vero
866 914 974 955 non
1016 899 1154 954 bene
1184 895 1610 960 ministraverit;
1635 894 1738 950 hoc
1763 898 1878 958 est,‘
1897 892 1943 948 si

359 1012 467 1052 non
494 1010 555 1052 se
591 993 757 1049 talem
778 989 1105 1056 exhibuerit,
1136 987 1349 1059 qualem
1373 985 1630 1042 describit
1654 984 1948 1054 Apostolus

360 1088 413 1161 (l
421 1087 556 1143 Tim.
582 1083 692 1154 ut),
720 1098 961 1154 gravem,
995 1095 1101 1137 non
1136 1078 1452 1149 bilinguem,
1484 1091 1592 1132 non
1618 1075 1788 1131 multo
1813 1075 1943 1129 vino

357 1176 620 1243 deditum,
654 1191 761 1231 non
806 1174 980 1244 turpis
1021 1171 1157 1227 lucri
1197 1169 1575 1241 appetitorem,
1604 1167 1699 1223 sed
1739 1166 1944 1221 haben-

357 1279 471 1325 tem
498 1266 859 1323 ministerium
898 1263 1023 1320 lidei
1052 1264 1108 1318 in
1136 1260 1465 1319 conscientia
1503 1273 1637 1330 pura
1663 1276 1678 1319 ;
1703 1271 1808 1313 non
1827 1253 1942 1325 jam

356 1363 559 1418 bonum
589 1359 848 1434 gradum,
880 1358 974 1413 sed
1006 1356 1204 1411 malam
1248 1354 1351 1410 sibi
1391 1367 1609 1424 poenam
1649 1349 1943 1421 conquirit,

358 1463 614 1523 tanquam
651 1452 744 1523 qui
782 1448 1161 1505 contumeliam
1189 1446 1377 1503 fecerit
1401 1445 1586 1500 divino
1616 1444 1941 1500 ministerio.

356 1542 620 1600 Similiter
662 1548 844 1597 autem
873 1548 929 1595 et
952 1539 1044 1609 qui
1078 1535 1402 1609 presbyterii
1446 1534 1672 1606 gradum
1718 1532 1945 1604 suscipit

356 1634 411 1690 in
434 1632 697 1698 Ecclesia,
721 1631 857 1686 satis
880 1636 1005 1701 agat
1035 1628 1308 1684 illustrare
1327 1625 1688 1681 ministerium
1714 1624 1941 1696 presby-

2048 436 2408 492 ntinisterium
2439 440 2770 510 apostolatus
2808 443 2889 497 sui
2922 444 2972 497 in
2995 446 3392 505 aemulationem
3426 454 3547 510 lidei
3574 468 3632 512 et

2047 525 2223 597 zelum
2246 527 2402 583 bona:
2423 532 2852 587 conversationis
2878 535 3180 591 adducebat
3210 554 3426 597 carnem
3453 559 3629 613 suam,

2047 616 2100 671 id
2127 626 2211 673 est
2238 622 2530 676 secundum
2555 638 2777 679 carnem
2799 638 3082 696 cognatos,
3113 638 3170 683 ut
3199 631 3244 686 si
3273 648 3377 688 non
3410 652 3622 704 omnes,

2045 706 2255 775 aliquos
2291 714 2470 765 tamen
2506 711 2684 768 salvos
2727 711 2934 770 faceret
2958 734 3026 772 ex
3057 719 3182 775 illis.
3229 721 3320 777 Sic
3348 740 3476 795 ergo
3501 728 3628 784 dum

2044 798 2357 869 pervigilem
2402 816 2588 858 curam
2629 814 2683 860 et
2703 805 2888 878 jugem
2926 809 3345 869 sollicitudinem
3372 832 3502 888 erga
3538 820 3635 875 do-

2044 889 2276 945 ctrinam
2318 892 2558 963 gentium
2587 896 2748 966 gerit,
2777 907 2833 952 et
2861 903 3332 959 conversationem
3361 922 3549 964 eorum
3572 927 3635 967 ac

2043 986 2212 1040 vitam
2259 986 2411 1043 valde
2432 989 2769 1058 probabilem
2801 992 2949 1057 facit,
2978 994 3226 1052 videntes
3258 999 3374 1055 haec
3410 1002 3627 1058 Israeli-

2045 1083 2129 1130 tas
2165 1076 2258 1147 qui
2302 1087 2458 1134 erant
2499 1082 2714 1151 cognati
2753 1083 2871 1152 ejus
2918 1088 3215 1142 secundum
3269 1104 3512 1158 carnem,
3565 1097 3633 1151 ad

2043 1168 2332 1226 imitandos
2367 1186 2463 1228 eos
2498 1173 2591 1242 qui
2634 1174 2926 1244 proﬁciunt
2968 1178 3021 1233 in
3065 1178 3169 1236 llde
3206 1182 3301 1237 Dei
3346 1185 3541 1242 invitat
3581 1196 3637 1242 et

2038 1268 2336 1328 provocat:
2364 1269 2420 1317 et
2447 1271 2532 1318 est
2556 1262 2728 1335 gloria
2754 1264 3042 1323 ministerii
3078 1269 3225 1339 ejus,
3254 1289 3376 1329 cum
3406 1291 3474 1330 ex
3504 1292 3633 1332 eru-

2043 1350 2249 1406 ditione
2281 1367 2471 1408 eorum
2515 1354 2681 1409 etiam
2725 1355 2832 1411 illis
2884 1357 3161 1427 profectus
3199 1366 3515 1421 accesserit.
3571 1366 3633 1424 Si

2041 1443 2180 1496 enim
2202 1445 2417 1500 amissio
2441 1461 2622 1501 eorum
2667 1448 3025 1504 reconciliatio
3057 1461 3134 1505 est
3176 1456 3379 1520 mundi,
3418 1428 3539 1528 qua?
3556 1452 3634 1513 est

2042 1534 2351 1603 assumptio,
2388 1535 2492 1588 nisi
2528 1535 2632 1589 vita
2657 1553 2722 1591 ea:
2741 1541 2964 1593 mortuis
2988 1540 3015 1594 ἵ
3047 1539 3161 1598 IIoc
3191 1545 3325 1599 mihi
3344 1548 3634 1604 ostendere

2041 1618 2097 1674 in
2141 1619 2229 1676 his
2264 1622 2605 1679 sermonibus
2632 1625 2844 1681 videtur
2871 1627 3187 1698 Apostolus,
3238 1634 3383 1701 quod
3420 1634 3635 1705 abjecto

357 1725 501 1781 terii.
529 1723 612 1780 Ad
639 1721 815 1794 ipsum
849 1722 994 1777 enim
1019 1719 1314 1791 pertinent,
1343 1726 1399 1774 et
1435 1717 1525 1773 illa
1554 1732 1677 1788 quae
1715 1717 1781 1771 de
1817 1731 1941 1786 pre‘
1972 1713 2012 1771 Β
2042 1710 2225 1772 Israel.
2248 1720 2305 1767 et
2323 1712 2389 1767 ad
2411 1722 2599 1784 gentes
2611 1718 2922 1773 necessario
2945 1720 3630 1794 praedicationetranslata,

354 1817 587 1888 sbyteris
627 1816 695 1871 ad
735 1814 921 1871 Titum
962 1812 1150 1870 scribit
1191 1810 1478 1882 Apostolus
1522 1809 1654 1881 (Tit.
1687 1809 1749 1880 ι),
1779 1818 1835 1864 et
1871 1824 1936 1863 ea

354 1924 472 1979 quae
502 1908 671 1963 Isaias
695 1907 904 1971 scribit,
936 1921 1061 1962 cum
1088 1904 1254 1960 dicit;
1285 1903 1405 1975 Ipse
1426 1902 1691 1957 Dominus
1714 1903 1768 1957 in
1788 1901 1943 1972 judi-

354 1999 435 2054 cio
483 2000 647 2054 reniet
694 2014 814 2051 cum
858 1996 1171 2067 presbyteris
1216 1991 1470 2066 [senibus]
1492 1990 1692 2063 populi,
1732 2001 1779 2045 et
1820 2005 1937 2044 cum

353 2091 676 2162 principibus
723 2091 837 2160 ejus
892 2087 1226 2158 judicabitur
1256 2086 1399 2158 (Isa.
1456 2085 1589 2152 1n);
1651 2092 1707 2141 et
1747 2081 1935 2138 addit:

332 2216 340 2222 .
365 2182 466 2236 Vos
497 2191 672 2236 autem
709 2190 766 2234 ut
803 2179 929 2251 quid
959 2178 1272 2234 succenditis
1310 2178 1515 2232 vineam
1542 2192 1744 2237 meam,
1773 2188 1820 2230 et
1850 2177 1938 2229 di-

355 2273 519 2344 reptio
542 2288 833 2344 pauperum
861 2273 917 2325 in
939 2270 1179 2325 domibus
1200 2269 1380 2323 vestris
1406 2268 1526 2323 est?
1550 2266 1620 2321 Ut
1646 2267 1773 2338 quid
1800 2266 1943 2333 iniu-

353 2367 489 2419 riam
535 2364 712 2433 faeitis
753 2363 944 2435 populo
985 2377 1101 2416 meo
1141 2373 1186 2416 et
1218 2376 1468 2431 personas
1493 2375 1781 2429 pauperum
1811 2375 1940 2413 con—

353 2455 575 2525 funditis
595 2455 620 2509 1’
641 2453 837 2527 (Ibid.)
878 2453 1185 2511 Secundum
1216 2454 1333 2509 haec
1359 2460 1543 2507 autem
1575 2460 1629 2507 et
1657 2452 1941 2522 episcopus

353 2547 587 2603 illustrat
622 2547 983 2602 ministerium
1029 2560 1186 2601 suum
1221 2545 1277 2600 in
1305 2545 1619 2616 episcopatu
1638 2585 1654 2610 ,
1681 2544 1727 2599 si
1757 2545 1828 2601 sit
1857 2559 1943 2600 se-

351 2636 589 2691 cundum
617 2635 762 2706 quod
791 2635 1051 2692 describit
1082 2634 1372 2706 Apostolus
1396 2652 1413 2689 :
1438 2633 1938 2705 Irreprehensibilis,

352 2728 594 2799 vigilum,
606 2727 859 2799 prudens,
873 2738 1114 2794 ornatus,
1141 2726 1435 2799 hospitalis,
1446 2726 1650 2790 doctor,
1667 2743 1771 2781 non
1794 2728 1942 2781 vino-

350 2821 546 2885 lentus,
563 2834 669 2873 non
687 2834 980 2889 percussor,
993 2819 1083 2875 sed
1105 2819 1401 2885 modestus;
1415 2834 1519 2873 non
1540 2817 1820 2889 litigiosus,
1838 2835 1941 2873 non

352 2927 567 2978 auarus,
583 2910 796 2965 domum
818 2927 969 2965 suam
983 2911 1108 2965 bene
1123 2927 1323 2982 regens,
1338 2910 1480 2979 ﬁlios
1504 2911 1701 2966 habens
1723 2910 1778 2964 in
1795 2909 1942 2964 obse-

349 3002 475 3067 quio
505 3017 624 3055 cum
645 3002 787 3055 omni
806 3003 1078 3072 gravitate,
1097 3016 1202 3055 non
1229 3000 1400 3055 elatus
1423 3001 1481 3056 in
1501 3000 1769 3071 superbia,
1785 3016 1853 3056 ne
1884 3001 1936 3056 in

350 3092 607 3162 judicium
622 3092 826 3151 incidat
842 3090 1061 3147 diaboli.
1079 3089 1181 3159 Qui
1202 3092 1438 3158 talisest,
1456 3091 1691 3149 illustrat
1705 3092 1941 3148 ministe-

353 3183 493 3237 rium
525 3183 870 3254 episcopatus
905 3183 1011 3250 sui,
1033 3192 1093 3238 ut
1129 3190 1186 3239 et
1209 3183 1324 3254 ipse
1358 3182 1581 3239 audiat:
1605 3183 1774 3256 Euge,
1798 3200 1941 3238 serve

351 3276 484 3329 bone
498 3284 545 3329 et
565 3273 737 3343 ﬁdelis
752 3291 770 3337 ;
784 3290 943 3345 super
956 3290 1127 3344 pauca
1150 3273 1298 3344 fuisti
1318 3273 1511 3344 ﬁdelis,
1523 3291 1682 3345 super
1699 3274 1865 3328 multa
1889 3285 1939 3329 te

348 3365 664 3420 constituam
685 3363 900 3441 (Matth.
918 3379 1058 3430 xxv;
1087 3364 1221 3419 Luc.
1242 3366 1381 3435 XIX).
1399 3364 1661 3421 Similiter
1680 3374 1860 3421 autem
1883 3373 1939 3420 et

350 3456 512 3512 vidua
555 3456 601 3512 si
628 3462 944 3528 permaneat
963 3457 1018 3511 in
1039 3457 1375 3512 orationibus
1394 3464 1450 3511 et
1471 3458 1938 3513 obsecrationibus

348 3552 510 3600 nocte
534 3559 599 3600 ac
637 3546 744 3612 die,
774 3544 1008 3601 illustrat
1028 3544 1390 3601 ministerium
1411 3546 1688 3602 viduitatis
1717 3562 1845 3601 suae.
1876 3544 1935 3602 Si

362 3644 493 3684 vero
504 3633 576 3686 sit
595 3632 738 3698 talis,
762 3631 975 3700 qualem
989 3629 1285 3702 Apostolus
1301 3641 1453 3690 notat
1468 3634 1517 3706 (l
1542 3634 1675 3691 Tim.
1694 3637 1773 3705 ν),
1793 3634 1932 3690 otio-

361 3738 422 3775 sa
436 3731 486 3776 et
505 3723 740 3789 verbosa,
761 3733 809 3777 et
824 3740 929 3778 non
945 3725 1115 3779 solum
1134 3727 1371 3786 verbosa,
1393 3727 1483 3781 sed
1497 3735 1545 3781 et
1571 3727 1811 3794 curiosa,
1839 3728 1925 3782 lo-

362 3829 526 3884 quens
541 3830 660 3884 qua:
678 3831 781 3870 non
812 3825 1040 3885 oportet;
1058 3825 1153 3872 aut
1167 3819 1211 3872 si
1230 3820 1301 3874 sit
1338 3819 1389 3872 in
1426 3817 1629 3874 deliciis
1651 3820 1857 3889 degens,
1879 3827 1932 3872 et

362 3906 536 3960 vivens
553 3916 798 3972 mortua;
823 3907 934 3963 hac
957 3909 1310 3964 debonoravit
1330 3918 1498 3965 etnon
1517 3911 1806 3967 illustravit
1828 3912 1931 3965 mi-

362 3996 943 4054 nisteriuuwiduitatis
963 4016 1096 4057 suae.
1122 4001 1322 4057 Eodem
1373 4006 1536 4059 modo
1571 4005 1737 4059 etiam
1776 4005 1928 4075 virgo

361 4094 676 4140 consecrata
700 4087 806 4142 Deo
824 4088 1060 4144 illustrat
1079 4081 1434 4147 ministerium
1455 4094 1778 4163 virginitatis
1793 4110 1927 4159 sum,

361 4177 409 4231 si
430 4178 498 4232 sit
516 4190 700 4234 sancta
723 4196 939 4249 corpore
958 4194 1005 4235 et
1030 4184 1242 4251 spiritu,
1261 4193 1310 4236 et
1340 4201 1441 4238 non
1477 4187 1665 4255 cogitet
1695 4202 1812 4255 quis
1838 4186 1933 4240 ho-

363 4270 563 4323 minum
577 4281 721 4335 sunt,
748 4274 837 4326 sed
859 4273 1118 4344 qumDei,
1154 4286 1202 4328 et
1239 4277 1495 4343 quomodo
1514 4278 1719 4341 placeat
1746 4278 1849 4332 Deo
1875 4277 1929 4345 (1

2038 1805 2274 1861 mundus
2298 1808 2678 1863 reconciliatus
2707 1809 2820 1865 Deo
2843 1819 2926 1866 est
2945 1852 2959 1876 ,
2992 1814 3287 1870 secundum
3317 1817 3459 1886 quod
3488 1820 3626 1873 scri-

2049 1909 2196 1967 ptum
2222 1910 2304 1952 est
2327 1897 2409 1968 (ll
2435 1898 2558 1954 Cor.
2584 1901 2635 1967 v)
2668 1914 2682 1953 :
2708 1900 2844 1966 Quia
2864 1900 3004 1954 Deus
3024 1913 3136 1955 erat
3164 1905 3217 1954 in
3244 1903 3448 1957 Christo
3469 1918 3625 1956 mutt-

2049 1990 2174 2045 dum
2224 1992 2566 2046 reconcilians
2618 1993 2739 2056 sibi,
2799 2007 2902 2045 non
2969 2002 3215 2061 reputans
3266 1994 3371 2046 illis
3430 1992 3619 2047 delicta

2038 2082 2308 2151 ipsorum;
2336 2092 2391 2137 et
2416 2083 2637 2148 iterum,
2663 2084 2804 2138 sicut
2833 2083 3030 2139 Paulus
3055 2084 3187 2139 dicit
3211 2102 3223 2139 :
3250 2084 3354 2151 Qui
3377 2087 3549 2156 posuit
3576 2087 3631 2140 in

2041 2174 2189 2228 nobis
2234 2174 2442 2232 verbum
2482 2174 2921 2230 reconciliationis
2943 2190 2961 2230 :
2983 2189 3085 2245 per
3119 2177 3262 2246 quod
3295 2176 3518 2231 verbum
3551 2177 3633 2232 di-

2041 2265 2197 2321 cebat
2222 2279 2237 2319 :
2260 2265 2528 2336 Rogamus
2553 2283 2647 2337 pro
2683 2264 2912 2333 Christo,
2940 2266 3354 2321 reconciliamini
3380 2266 3506 2322 Deo.
3540 2268 3631 2325 Sic

2040 2371 2195 2428 ergo,
2226 2357 2422 2428 inquit,
2449 2357 2760 2414 Israeliticae
2783 2359 2960 2429 gentis
2993 2358 3155 2430 hujus
3180 2359 3413 2430 abje’ctio
3442 2374 3632 2416 recon-

2040 2450 2371 2506 ciliationem
2393 2451 2650 2522 przestitit
2676 2452 2896 2517 mundo,
2915 2462 2969 2517 et
2990 2453 3036 2507 si
3056 2459 3205 2507 tanta
3231 2451 3334 2507 fuit
3354 2467 3480 2525 erga
3507 2469 3630 2526 gen-

2040 2546 2151 2595 tem
2176 2539 2336 2595 istam
2360 2541 2692 2613 gratiaque
2712 2542 2924 2596 sublata
2946 2542 3015 2597 ab
3040 2558 3106 2597 ea
3131 2542 3444 2599 universum
3469 2560 3632 2599 mun-

2038 2630 2167 2687 dum
2193 2629 2305 2686 Deo
2328 2632 2678 2688 reconciliare
2701 2631 3003 2700 sufﬁceret;
3030 2642 3293 2704 quantum
3319 2643 3476 2704 putas
3504 2643 3631 2690 tunc

2040 2723 2337 2777 merebitur
2366 2723 2619 2785 mundus,
2649 2738 2774 2778 cum
2799 2723 2964 2779 etiam
2993 2740 3127 2794 gens
3155 2723 3261 2780 ista
3292 2725 3632 2781 reconciliari

2040 2813 2303 2871 meruerit
2329 2812 2477 2867 Deo?
2504 2812 2572 2866 Et
2615 2814 2744 2882 quid
2774 2814 2903 2869 illud
2941 2815 3011 2869 sit
3040 2813 3183 2883 quod
3211 2829 3276 2869 ex
3307 2816 3628 2870 reconcilia-

2039 2900 2185 2956 tione
2228 2900 2394 2956 Israel
2417 2903 2648 2957 mundus
2676 2903 2944 2973 acquirat,
2982 2902 3225 2961 breviter
3261 2905 3522 2971 ostendit,
3551 2906 3633 2960 di-

2040 3006 2169 3055 cens
2197 3005 2214 3045 :
2243 2989 2364 3045 Vita
2414 3007 2480 3046 ea:
2526 2993 2783 3059 mortuis;
2810 3002 2941 3049 tunc
2985 2978 3131 3049 enim
3176 2994 3282 3049 erit
3330 2998 3633 3066 assumptio

1966 3050 2011 3112 C
2042 3081 2239 3147 Israel,
2270 3082 2486 3152 quando
2527 3081 2639 3152 jam
2686 3093 2742 3139 et
2791 3084 2991 3139 mortui
3033 3085 3202 3140 vitam
3251 3087 3535 3157 recipient,
3577 3098 3633 3143 et.

2042 3172 2275 3229 mundus
2300 3189 2365 3228 ex
2396 3174 2733 3245 corruptibili
2760 3176 3185 3246 incorruptibilis
3214 3176 3329 3242 ﬁet,
3352 3186 3407 3232 et
3429 3189 3632 3234 morta-

2039 3267 2121 3322 les
2150 3266 2555 3323 immortalitate
2575 3268 2936 3324 donabuntur.
2966 3269 3273 3325 Absurdum
3299 3286 3535 3342 namque
3556 3272 3633 3326 vi-

2040 3358 2280 3425 deretur,
2321 3359 2369 3414 si
2408 3374 2531 3415 cum
2580 3359 2808 3416 odensio
2849 3361 3087 3432 ipsorum
3134 3363 3630 3420 reconciliationem

2037 3453 2241 3509 mundo
2269 3453 2571 3519 donaverit,
2599 3455 2901 3525 assumptio
2928 3455 3170 3525 ipsorum
3193 3470 3302 3511 non
3328 3456 3507 3528 majus
3533 3458 3635 3513 ali-

2036 3546 2165 3615 quid
2193 3546 2394 3601 mundo
2418 3554 2476 3602 et
2500 3548 2848 3616 praestantius
2877 3547 3187 3618 largiretur.

2108 3636 2169 3693 Si
2193 3638 2330 3692 enim
2349 3638 2564 3691 amissio
2585 3654 2767 3692 eorum
2794 3639 3150 3693 reconciliatio
3175 3650 3250 3695 est
3272 3642 3492 3697 mundi:
3511 3659 3630 3712 qua:

2033 3738 2109 3782 est
2148 3729 2455 3797 assumptio,
2480 3728 2581 3782 nisi
2599 3729 2704 3783 vita
2724 3744 2791 3782 ea:
2817 3730 3038 3783 mortuis
3062 3729 3087 3782 7
3116 3728 3271 3794 Quod
3301 3731 3347 3783 si
3380 3731 3628 3786 delibatio

2032 3803 2227 3874 sancta
2258 3828 2361 3883 est,
2406 3827 2454 3872 et
2500 3835 2717 3874 massa:
2746 3827 2796 3873 et
2841 3819 2887 3873 si
2935 3822 3090 3875 radix
3133 3830 3338 3883 sancta,
3385 3831 3437 3875 et
3472 3824 3625 3876 rami.

2035 3908 2191 3976 Quod
2225 3910 2272 3965 si
2315 3908 2480 3981 aliqui
2519 3926 2585 3964 ea:
2625 3912 2787 3965 ramis
2832 3910 2989 3980 fracti
3018 3921 3162 3977 sunt,
3209 3923 3266 3966 tu
3305 3923 3477 3968 autem
3508 3933 3628 3969 cum

2032 3999 2255 4056 oleaster
2276 4017 2432 4067 esses,
2461 4001 2689 4056 insertus
2725 4018 2781 4055 es
2810 4001 2867 4057 in
2900 4000 3027 4067 illis,
3065 4012 3113 4056 et
3151 4003 3324 4057 socius
3348 4004 3543 4058 radicis
3576 4016 3627 4060 et

2029 4096 2362 4167 pinguedinis
2374 4095 2524 4151 oliva:
2537 4095 2710 4166 {actus
2723 4112 2797 4150 es.
2807 4095 3010 4167 (Amb.)
3027 4095 3365 4152 Manifestum
3380 4106 3482 4164 est,
3497 4099 3623 4169 quia

2030 4188 2173 4257 quod
2204 4188 2362 4243 unius
2391 4187 2706 4243 substantiae
2725 4196 2827 4251 est,
2853 4205 3019 4245 unum
3044 4198 3244 4247 est:ac
3265 4207 3362 4263 per
3390 4193 3494 4248 hoc
3518 4210 3625 4250 non

2029 4285 2211 4347 potest
2259 4277 2516 4333 delibatio
2554 4288 2741 4334 sancta
2794 4294 2936 4345 esse,
2988 4287 3046 4335 et
3094 4296 3275 4336 massa
3324 4282 3637 4339 immunda;

361 4360 488 4452 Car.
509 4362 702 4433 vn).Si
725 4380 852 4421 vero
872 4365 1034 4421 aliter
1055 4377 1199 4437 agat,
1223 4383 1333 4422 non
1351 4370 1525 4423 solum
1551 4386 1654 4425 non
1696 4371 1930 4426 illustrat
1956 4369 2265 4452 Dldeoque
2303 4370 2541 4425 ostendit
2579 4385 2685 4425 non
2724 4385 2883 4441 posse
2931 4371 3180 4442 indignos
3219 4372 3325 4427 dici
3353 4373 3421 4429 ad
3463 4373 3626 4430 (idem

362 4450 722 4533 ministerium
748 4457 1078 4524 virginitatis
1099 4474 1237 4521 sum,
1256 4475 1361 4514 nec
1377 4461 1609 4515 illustrat
1629 4463 1926 4528 lampadem

359 4545 637 4611 suam:sed
654 4548 966 4602 econtrario
983 4548 1161 4605 lumen
1183 4551 1297 4620 ejus
1313 4552 1672 4618 exstinguitur
1692 4564 1746 4608 et
1760 4554 1929 4608 ellici-

362 4645 452 4689 tur
468 4652 568 4693 una
591 4639 657 4694 de
674 4638 1053 4708 insipientibus
1071 4642 1371 4711 virginibus
1393 4643 1612 4712 (Matth.
1634 4644 1784 4715 xxv).
1804 4643 1929 4701 Haec

359 4725 546 4779 eatlem
569 4738 623 4781 et
638 4728 1008 4798 unusquisque
1023 4732 1074 4784 iu
1089 4729 1326 4787 Ecclesia
1345 4734 1555 4801 positus
1572 4734 1713 4803 apud
1731 4745 1930 4791 semet-

359 4815 534 4882 ipsum
570 4829 799 4883 reputet,
834 4836 1180 4891 quocutnque
1218 4826 1334 4879 loro
1368 4833 1498 4886 stat,
1522 4825 1638 4878 sive
1671 4826 1725 4879 in
1759 4827 1932 4893 clero,

351 4902 471 4957 sive
493 4903 545 4957 in
575 4904 746 4974 plebe,
779 4906 1009 4962 illustrat
1032 4908 1391 4964 ministerium
1421 4911 1545 4968 litlei
1570 4929 1703 4979 sua},
1717 4924 1771 4969 et
1795 4916 1930 4972 tales

352 4992 517 5047 faciat
556 5006 706 5050 actus
762 5010 888 5050 suos
913 5036 928 5059 ,
981 5006 1035 5050 ut
1087 4998 1312 5054 videntes
1353 5000 1586 5057 homines
1615 5022 1770 5073 opera
1813 5006 1929 5074 ejus

349 5084 507 5151 bona,
536 5087 868 5158 magniﬁcent
903 5087 1113 5142 Patrem
1136 5091 1222 5160 qui
1248 5091 1300 5145 in
1331 5092 1473 5147 cwlis
1502 5103 1577 5148 est
1605 5095 1819 5167 (Matth.
1848 5098 1922 5167 v).

352 5176 463 5232 lIoc
495 5178 637 5234 enim
682 5179 912 5235 faciebat
945 5189 1000 5236 et
1026 5181 1223 5237 Paulus
1265 5185 1505 5240 docendo
1552 5196 1757 5258 gentes,
1785 5205 1923 5261 quo-

348 5282 468 5320 rum
507 5277 626 5322 erat
653 5267 974 5338 Apostolus,
1003 5278 1056 5325 et
1095 5271 1430 5340 instruendo,
1475 5275 1720 5345 inﬁrmos
1753 5278 1921 5343 olere,

344 5357 601 5427 parvulos
642 5357 781 5413 lacte
827 5359 1051 5426 alendo,
1082 5362 1319 5418 robustis
1347 5362 1628 5420 fortiorem
1660 5368 1812 5423 verbi
1839 5369 1923 5423 ci-

345 5445 468 5501 bum
483 5448 792 5517 prtebendo,
809 5462 1054 5507 errantes
1074 5462 1129 5506 ct
1149 5454 1200 5506 in
1230 5452 1332 5507 title
1356 5454 1667 5521 titubantes,
1691 5472 1757 5512 ac
1776 5458 1922 5514 velut

343 5534 396 5590 iu
427 5538 726 5593 abortivum
754 5541 1022 5609 quoddam
1047 5545 1292 5602 redactos
1313 5555 1557 5603 materno
1581 5547 1774 5603 all'ectu
1801 5566 1920 5605 rur-

340 5646 456 5687 sum
496 5634 885 5704 parturiendo,
914 5636 1085 5693 donec
1113 5636 1362 5695 Christus
1393 5638 1717 5695 formaretur
1755 5642 1809 5697 in
1835 5643 1915 5697 eis

2029 4464 2147 4528 hos,
2176 4477 2406 4532 quorum
2428 4460 2543 4531 jam
2587 4470 2771 4532 patres
2814 4462 2994 4532 adepti
3034 4471 3161 4518 sunt
3203 4463 3382 4531 fidem,
3412 4466 3538 4537 quia
3576 4466 3623 4521 si

2027 4568 2155 4623 pars
2179 4550 2489 4607 Iudaeorum
2528 4553 2781 4618 credidit,
2810 4565 2910 4607 cur
2946 4568 3056 4607 non
3085 4561 3140 4608 et
3168 4553 3274 4611 alia
3315 4571 3441 4625 pars
3466 4570 3625 4626 posse

2029 4644 2255 4701 credere
2293 4642 2541 4698 dicatur?
2584 4641 2655 4696 Et
2683 4644 2728 4697 si
2765 4642 2921 4698 radix
2949 4651 3211 4706 sancta,et
3241 4646 3398 4699 rami.
3426 4645 3625 4699 Immu-

2030 4736 2157 4791 tatis
2198 4734 2381 4791 verbis
2409 4735 2600 4791 eadem
2652 4736 2867 4806 repetit,
2911 4742 2972 4790 ut
3014 4750 3233 4793 sensum
3282 4737 3627 4793 commendet

2028 4824 2243 4881 duobus
2263 4824 2544 4895 exemplis.
2577 4823 2731 4890 Quod
2754 4824 2800 4879 si
2828 4822 2991 4894 aliqui
3018 4840 3083 4878 ea:
3098 4824 3257 4879 ramis
3282 4823 3443 4891 fracti
3462 4833 3584 4878 sunt
3602 4840 3623 4879 :

2034 4916 2087 4972 id
2110 4924 2212 4982 est,
2244 4916 2289 4972 si
2316 4916 2486 4985 aliqui
2511 4931 2616 4970 non
2638 4914 2987 4971 crediderunt
3014 4928 3082 4967 ex
3111 4913 3211 4976 eis,
3243 4912 3410 4966 excisi
3440 4927 3473 4966 a
3500 4927 3626 4982 pro-

2032 5012 2306 5068 missione.
2344 5011 2423 5066 Tu
2454 5021 2629 5066 autem
2658 5027 2778 5066 cum
2798 5025 2936 5064 esses
2966 5007 3206 5073 oleaster,
3237 5008 3464 5061 insertus
3486 5023 3540 5061 es
3568 5007 3625 5062 in

2028 5102 2156 5168 illis,
2192 5112 2241 5156 et
2268 5102 2443 5156 socius
2466 5101 2636 5171 factus
2679 5118 2733 5154 es
2776 5099 2977 5153 radicis
2997 5106 3045 5151 et
3069 5097 3403 5168 pinguedinis
3446 5096 3618 5152 oliuw.

2028 5192 2143 5248 Hoc
2171 5191 2458 5263 signiﬁcat,
2492 5191 2618 5262 quia
2658 5207 2764 5246 non
2789 5189 3137 5245 credentibus
3173 5188 3358 5245 multis
3393 5188 3617 5255 Iudaeis,

2028 5293 2217 5353 gentes
2243 5283 2418 5338 insita:
2452 5290 2579 5336 sunt
2605 5297 2702 5351 per
2730 5279 2890 5335 ﬁdem
2917 5281 2971 5333 in
3000 5295 3094 5350 spe
3124 5278 3533 5350 promissionis;
3561 5288 3622 5334 ut

2027 5373 2200 5428 dolori
2228 5380 2370 5427 esset
2394 5370 2613 5426 inducis.
2637 5369 2837 5442 (Θήρ.)
2870 5368 2961 5424 Sic
2989 5384 3119 5441 ergo
3153 5369 3522 5439 unusquisque
3552 5386 3620 5425 ex

2026 5460 2235 5517 arbitrii
2266 5467 2534 5531 potestate
2564 5468 2657 5515 aut
2685 5460 2828 5515 bona
2872 5458 3038 5523 oliva,
3062 5466 3157 5512 aut
3191 5457 3425 5512 oleaster
3454 5457 3624 5514 cilici-

2025 5560 2128 5616 tur,
2180 5561 2273 5607 aut
2313 5550 2591 5606 lsraelitici
2638 5548 2872 5620 generis,
2924 5558 3018 5603 aut
3060 5542 3284 5605 alterius
3334 5550 3622 5619 culpabilis

2020 5644 2225 5714 gentis:
2257 5651 2315 5699 ut
2336 5642 2544 5699 dicatur
2567 5643 2632 5698 de
2652 5655 2748 5698 eo:
2768 5640 2907 5706 Quia
2934 5640 3151 5696 alienati
3172 5651 3294 5699 sunt
3315 5652 3619 5714 peccatores
