4026 6180
359 233 382 287 1
395 232 498 288 555

890 227 1438 286 ΕΝΑΒΒΑΤΙΟΝΗΜ
1477 227 1545 283 ΙΝ
1587 227 1738 284 ΕΡΡ.
1778 226 1937 286 PAUI

2036 227 2148 284 tm.
2189 227 2279 285 v1.
2319 259 2390 271 —
2425 229 2495 284 tu
2533 229 2753 286 EPIST.
2790 216 2883 287 An
2922 232 3089 300 non.

3500 236 3640 294 1554

357 347 608 412 dulitate,
635 361 733 416 per
758 358 922 414 quam
956 343 1115 400 fracti
1146 353 1272 400 sunt
1303 362 1316 399 :
1344 343 1782 416 quandoquidem
1814 341 1948 399 faci-
1973 347 2022 406 Α
2049 341 2270 397 oleastri
2292 342 2662 400 insererentur
2682 343 2736 398 in
2759 345 2954 401 bonam
2975 346 3338 409 olivam,dicit
3359 349 3532 420 :Nolo
3551 372 3638 410 vos

357 440 464 494 lius
491 437 706 492 videtur
737 435 970 506 propriae
999 435 1210 490 arboris
1254 450 1436 490 ramos
1479 435 1648 490 radici
1685 450 1796 489 suae
1827 435 1949 488 red-

355 532 510 595 dere,
555 542 718 599 quam
749 525 990 580 inserere
1035 525 1258 580 alienos.
1291 524 1518 597 (Ambr.)
1543 525 1748 580 Bonum
1780 524 1944 578 Deum

354 619 608 692 gentibus
644 632 766 674 esse
801 623 1066 682 testatur;
1094 616 1220 688 quia
1248 631 1370 670 cum
1403 613 1542 671 idola
1567 622 1943 684 sequerentur,

355 711 504 782 digni
534 709 721 778 utique
749 716 940 774 morte,
958 706 1214 778 patientia
1240 722 1338 760 sua
1369 703 1698 775 exspectavit
1721 702 1862 765 illos,
1892 709 1948 754 et

356 817 460 858 nec
487 799 663 855 adhuc
691 799 1028 868 requirentes
1053 813 1133 863 se,
1165 797 1308 851 ultro
1333 797 1544 850 vocavit
1573 794 1715 860 illos,
1737 802 1792 848 et
1821 808 1945 862 pec-

353 901 480 948 cata
499 891 580 946 eis
600 889 828 946 remisit.
845 888 1044 944 Judaeis
1065 897 1244 943 autem
1269 903 1494 943 severus
1513 895 1596 942 est
1615 903 1629 952 ;
1652 884 1946 941 excmcavit

352 981 500 1038 enim
545 995 660 1044 eos,
689 980 816 1050 quia
847 979 1044 1034 donum
1075 978 1170 1034 Dei
1219 987 1578 1050 spreverunt;
1621 977 1720 1031 hos
1761 983 1942 1028 tamen

352 1087 501 1128 nunc
535 1071 806 1143 significat
845 1068 1080 1136 Iudaeos,
1125 1069 1217 1138 qui
1246 1077 1469 1139 propter
1507 1065 1942 1122 malevolentiam

353 1178 509 1218 suam
534 1160 586 1216 iu
609 1170 928 1232 perpetuum
959 1159 1212 1214 ese'ecati
1239 1169 1384 1214 sunt.
1417 1158 1572 1214 Unde
1593 1173 1686 1214 eos
1715 1169 1769 1213 et
1799 1155 1942 1212 ceci-

352 1250 500 1308 disse
541 1251 674 1306 dicit
699 1269 711 1304 :
741 1251 863 1307 illos
893 1260 1096 1315 autem,
1124 1265 1261 1320 quos
1307 1265 1471 1320 supra
1508 1251 1830 1306 memoravit
1859 1251 1942 1307 of-

353 1341 610 1406 fendisse,
642 1357 750 1396 non
795 1348 977 1394 tamen
1004 1340 1284 1406 cecidisse,
1325 1341 1450 1410 quia
1484 1340 1552 1394 ad
1587 1349 1800 1409 tempus
1837 1357 1940 1396 cae-

351 1445 505 1491 catos
531 1433 650 1488 illos
677 1433 944 1488 ostendit:
969 1448 1034 1486 ac
1057 1445 1154 1502 per
1175 1431 1277 1488 hoc
1299 1447 1547 1486 severum
1565 1429 1733 1484 Deum
1761 1431 1815 1485 in
1845 1447 1940 1486 eos

354 1527 540 1591 fuisse,
578 1525 714 1582 utin
747 1533 1063 1596 perpetuum
1090 1522 1275 1577 cmcati
1303 1529 1485 1577 essent
1513 1529 1791 1590 apostatae.
1832 1519 1938 1575 Sed

351 1628 400 1674 et
427 1616 505 1672 illi
525 1617 572 1671 si
593 1633 696 1670 non
720 1615 1100 1689 permanserint
1127 1614 1184 1668 in
1205 1611 1592 1678 incredulitate,
1619 1613 1936 1679 inserentur;

350 1720 532 1780 potens
571 1718 646 1764 est
674 1708 807 1762 enim
861 1706 996 1762 Deus
1027 1707 1214 1761 iterum
1243 1707 1469 1760 inserere
1496 1705 1636 1761 illos.
1687 1707 1936 1762 Ostendit
1969 1691 2010 1750 Β

348 1801 615 1874 justitiam
643 1799 890 1858 Deinon
938 1801 992 1853 in
1028 1796 1317 1854 severitate
1371 1791 1591 1876 manere
1629 1799 1773 1854 circa
1817 1799 1938 1855 illos

351 1910 491 1966 quos
515 1892 808 1949 excaecavit
852 1891 921 1946 ad
951 1900 1179 1961 tempus,
1213 1889 1338 1960 quia
1375 1906 1480 1944 non
1511 1889 1591 1946 sic
1637 1889 1756 1946 illos
1786 1883 1936 1946 exci-

352 1985 453 2050 dit,
479 1993 540 2039 ut
579 1999 684 2038 non
733 1981 853 2037 illos
891 1982 1066 2052 possit
1092 1981 1285 2036 iterum
1331 1980 1593 2046 inserere,
1622 1980 1666 2035 si
1708 1995 1936 2036 conver-

351 2085 557 2140 tantur,
587 2073 678 2145 qui
710 2089 806 2144 per
829 2073 1151 2143 prophetam
1185 2072 1323 2127 dixit
1361 2089 1374 2126 :
1413 2070 1736 2126 Revertentes
1761 2073 1830 2126 ad
1855 2089 1937 2128 me

349 2167 654 2240 replantabo
679 2166 812 2238 (Jer.
832 2164 1019 2238 sxw);
1047 2173 1106 2218 ut
1131 2164 1236 2220 hoc
1267 2165 1501 2220 scientes
1527 2163 1754 2235 gentiles
1775 2163 1934 2220 Chri-

347 2259 509 2316 stiani
533 2273 639 2313 non
671 2256 930 2312 insultent
951 2255 1172 2321 Judaeis,
1203 2255 1337 2310 certi
1369 2255 1631 2310 reservari
1653 2255 1760 2310 illis
1779 2256 1933 2326 quasi

350 2349 520 2420 lapsis
546 2347 974 2402 miscricordiam
1010 2344 1126 2402 Dei.
1158 2344 1306 2400 Nam.
1331 2347 1376 2399 si
1397 2356 1455 2399 tn
1483 2362 1548 2400 ex
1575 2345 1810 2400 naturali
1838 2363 1931 2400 ex-

345 2441 484 2495 cisus
519 2455 573 2494 es
599 2437 846 2503 oleastro,
869 2447 918 2492 et
940 2447 1126 2491 contra
1151 2447 1396 2492 naturam
1418 2438 1645 2491 insertus
1675 2454 1729 2492 es
1750 2437 1805 2492 in
1837 2438 1932 2491 bo-

345 2547 470 2585 nam
496 2529 686 2584 olivam
710 2543 728 2581 :
755 2539 954 2600 quanto
975 2527 1142 2599 magis
1167 2527 1221 2582 hi
1245 2527 1336 2598 qui
1356 2529 1643 2582 secundum
1686 2538 1932 2584 naturam

343 2622 640 2676 inserentur
659 2636 770 2676 sua:
791 2619 974 2676 olim!
995 2619 1205 2675 Olivam
1246 2619 1424 2682 fidem,
1451 2637 1549 2691 per
1578 2636 1742 2692 quam
1755 2621 1932 2676 Abra-

343 2713 468 2768 ham
485 2711 814 2784 justificatus
837 2719 920 2768 est
943 2713 1303 2784 accipiamus:
1336 2714 1630 2772 oleastrum
1646 2701 1778 2768 vero
1805 2713 1932 2783 quia

341 2805 574 2876 agrestis
603 2814 660 2860 et
689 2803 1021 2859 infructuosa
1047 2813 1239 2876 natura
1283 2812 1386 2870 est,
1414 2804 1694 2875 perfidiam
1721 2803 1929 2876 signiﬁ-

341 2905 546 2952 catam.
593 2897 670 2953 Ac
714 2911 812 2968 per
851 2897 975 2963 hoc,
1005 2895 1052 2950 si
1105 2895 1160 2950 hi
1207 2896 1301 2966 qui
1343 2911 1560 2966 semper
1588 2895 1791 2950 inimici
1836 2895 1931 2950 Dei

341 2989 584 3056 fuerunt,
615 2989 864 3046 conversi
901 2989 958 3044 in
1000 2986 1158 3042 fidem
1199 2987 1430 3042 Abraha:
1463 2987 1651 3042 inserti
1685 2996 1834 3054 sunt,
1863 3003 1930 3044 ex
1961 3037 1988 3064 η

339 3080 494 3150 cujus
523 3081 731 3151 origine
756 3095 863 3135 non
889 3089 1052 3145 sunt;
1087 3085 1292 3148 quanto
1327 3078 1498 3149 magis
1521 3076 1710 3142 Judaei,
1739 3077 1785 3132 si
1813 3087 1934 3148 post
1961 3069 1988 3098 τ

341 3173 688 3230 diflidentiam
713 3173 956 3238 credant,
993 3179 1236 3242 paterna:
1263 3169 1518 3225 reddendi
1546 3178 1672 3224 sunt
1703 3177 1928 3233 natura,

340 3263 531 3322 inserti
574 3264 766 3320 iterum
794 3263 848 3318 in
879 3279 1031 3318 suam
1060 3260 1512 3334 promissiOnem?
1539 3257 1738 3331 (Θήρ.)
1766 3253 1932 3314 Natu-

341 3375 460 3414 ram
487 3359 642 3415 olivm
670 3357 752 3414 vel
781 3356 1000 3413 oleastri
1026 3356 1322 3412 secundum
1363 3356 1467 3409 hoc
1495 3354 1756 3409 debemus
1783 3353 1932 3408 acci-

341 3467 493 3522 pere,
519 3449 661 3520 quod
686 3464 851 3518 supra
878 3447 1248 3517 exposuimus,
1292 3445 1436 3513 quod
1465 3444 1676 3500 arbitrii
1711 3441 1932 3498 libertas

343 3552 595 3600 naturam
624 3539 816 3596 fecerit
841 3538 1134 3608 unicuique
1157 3535 1241 3591 vel
1267 3535 1512 3599 oleastri,
1544 3535 1626 3590 vel
1651 3535 1804 3590 home
1833 3533 1932 3589 oli-

339 3649 442 3689 vre.
473 3630 880 3690 Observandum
923 3642 1054 3684 sane
1109 3635 1192 3682 est
1213 3626 1357 3696 quod
1395 3625 1451 3680 hi
1481 3624 1698 3696 quidem
1734 3623 1826 3693 qui
1863 3635 1931 3678 ex

340 3722 560 3796 propria
605 3722 748 3778 oliva
783 3717 1120 3784 deciderunt,
1161 3715 1320 3772 fracti
1371 3716 1657 3778 dicuntur;
1695 3714 1751 3770 hi
1800 3729 1932 3769 vero

341 3815 435 3886 qui
481 3829 550 3870 ex
578 3814 817 3870 oleastro
857 3811 1188 3874 inseruntur,
1233 3807 1278 3862 si
1322 3806 1516 3862 iterum
1560 3805 1927 3878 peccaverint,

343 3923 451 3963 non
485 3905 793 3979 frangendi,
824 3903 967 3974 quod
1000 3901 1188 3972 utique
1227 3907 1373 3956 esset
1417 3899 1608 3964 levius,
1654 3898 1749 3953 sed
1785 3897 1931 3956 exci-

343 3996 501 4055 dendi
531 3997 888 4070 appellantur.
927 3993 984 4048 lu
1024 4008 1133 4064 quo
1163 3991 1537 4046 vehementior
1563 3989 1804 4060 profecto
1835 3989 1930 4045 Dei

341 4088 613 4144 severitas
647 4086 937 4150 indicatur,
986 4083 1032 4139 si
1071 4089 1423 4152 posteaquam
1457 4079 1604 4150 quis,
1633 4095 1755 4135 cum
1785 4085 1932 4134 esset

343 4179 576 4235 oleaster
603 4185 656 4234 et
684 4183 1134 4246 expeccatorum.
1151 4173 1283 4228 silva
1308 4171 1566 4227 collectus
1595 4171 1664 4228 ad
1691 4171 1926 4227 radicem

347 4270 470 4334 fidei
493 4283 556 4325 ac
575 4268 878 4325 sanctitatis
905 4265 1169 4322 adductus
1193 4272 1298 4330 est,
1323 4279 1510 4319 rursus
1533 4279 1750 4318 amaros
1770 4261 1925 4317 mali-

2053 433 2317 504 ignorare,
2349 433 2568 504 fratres,
2619 436 2922 505 mysterium
2949 437 3065 499 hoc,
3112 447 3170 491 ut
3201 456 3302 494 non
3345 441 3460 496 sitis
3494 447 3636 514 apud

2053 522 2384 592 vosmetipsos
2405 524 2682 593 sapientes,
2700 525 2825 593 quia
2853 525 3112 582 insultare
3133 527 3318 597 lapsis,
3342 539 3398 584 et
3417 533 3636 600 gloriari

2053 610 2310 666 adversus
2366 628 2547 668 ramos
2603 613 2694 686 qui
2745 613 2902 670 fracti
2951 627 3110 682 sunt,
3162 635 3266 672 non
3311 621 3370 675 fit
3413 637 3508 690 per
3540 626 3634 680 1)-ιί

2051 701 2390 770 sapientiam,
2413 703 2510 758 sed
2551 719 2647 774 per
2675 705 2967 762 humanam
2991 710 3277 765 notabilem
3300 721 3356 767 et
3383 713 3634 784 ignoran-

2053 801 2158 846 tem
2181 796 2495 864 mysterium
2522 797 2634 850 Dei.
2659 798 2759 864 Qui
2789 801 2931 854 enim
2954 802 3248 856 secundum
3277 805 3442 861 Deum
3465 809 3628 878 sapit,

2049 883 2102 938 in
2157 884 2440 940 beneficiis
2469 887 2563 942 Dei
2608 904 2713 943 non
2743 889 2968 946 insultat
3069 891 3314 960 abjectis,
3367 897 3461 950 sed
3509 915 3632 953 cum

2049 971 2241 1030 timore
2279 977 2484 1047 gratias
2522 979 2633 1048 agit
2673 980 3057 1036 misericordiae
3097 982 3632 1062 largientisJAmbr.)

2045 1065 2126 1120 Ad
2149 1075 2357 1138 tempus
2381 1082 2512 1136 ergo
2535 1070 2794 1125 caecitatis
2832 1073 3047 1128 obtusio
3079 1074 3202 1128 data
3224 1075 3520 1134 cstJudaers
3547 1080 3636 1136 his

2044 1159 2163 1230 qui,
2193 1160 2318 1215 dum
2349 1161 2526 1216 :nmuli
2557 1161 2690 1233 legis
2726 1171 2871 1228 sunt,
2897 1181 3002 1220 non
3032 1165 3284 1222 viderunt
3314 1169 3511 1226 donum
3539 1187 3634 1227 ve-

2045 1250 2527 1319 nissepromissum
2554 1266 2583 1304 a
2607 1253 2740 1315 Deo,
2759 1253 2901 1322 quod
2924 1255 3357 1323 praelicahatura
3373 1258 3592 1315 Christo
3612 1277 3629 1316 :

2045 1342 2162 1398 zelo
2187 1343 2331 1398 enim
2360 1345 2616 1401 excaecati
2663 1357 2809 1414 sunt,
2842 1358 3096 1417 putantes
3142 1351 3312 1422 legem
3362 1354 3631 1407 factorum

2043 1449 2320 1504 nunquam
2350 1434 2547 1494 debere
2576 1451 2810 1494 cessare.
2860 1437 3011 1494 Unde
3055 1440 3340 1494 sabbatum
3380 1441 3630 1496 zelaban-

2043 1531 2130 1576 tur
2155 1541 2168 1576 :
2193 1539 2308 1594 qua
2330 1524 2626 1582 offensione
2653 1544 2718 1583 ex
2750 1539 2904 1598 parte
2944 1530 3121 1584 obtusi
3154 1539 3300 1593 sunt,
3337 1541 3396 1584 ut
3422 1546 3521 1602 pro
3550 1531 3632 1586 in-

2041 1614 2363 1670 credulitate
2378 1631 2476 1672 sua
2497 1619 2892 1685 cruciarentur,
2913 1620 3158 1676 videntes
3182 1631 3366 1690 gentes
3387 1621 3628 1693 profiteri

2036 1721 2161 1761 cum
2204 1708 2400 1778 gaudio
2427 1719 2747 1766 consecutos
2776 1725 2833 1766 se
2859 1713 3337 1782 repromissionem
3361 1714 3624 1770 Abrahae:

2038 1799 2190 1870 copia
2213 1809 2393 1856 tamen
2417 1801 2652 1858 admissa
2678 1804 2918 1874 gentium
2943 1805 3345 1875 abstergeretur
3366 1804 3540 1877 caligo
3565 1807 3631 1860 ab

2036 1885 2214 1946 oculis"
2239 1887 2436 1946 mentis
2489 1907 2700 1955 eorum,
2730 1901 2790 1946 ut
2833 1893 3046 1963 possint
3071 1895 3326 1960 credere;
3379 1905 3436 1948 ut
3467 1897 3628 1964 spiri-

2037 1991 2152 2037 tum
2181 1984 2611 2054 compunctionis
2640 1984 2933 2055 prohibens
2957 2001 2987 2040 a
3018 1986 3274 2041 cordibus
3295 2003 3500 2051 eorum,
3533 1988 3623 2056 qui

2035 2073 2115 2126 eis
2141 2081 2362 2143 praestat
2395 2074 2722 2140 caecitatem,
2753 2075 2944 2130 reddat
2967 2076 3046 2130 eis
3081 2076 3367 2131 arbitrium
3393 2077 3623 2131 libermn

2036 2163 2334 2218 voluntatis
2353 2205 2368 2230 ,
2407 2165 2534 2234 quia
2563 2180 2668 2219 non
2694 2165 2760 2220 de
2786 2165 3162 2221 malevolentia
3190 2177 3305 2222 erat
3340 2167 3625 2222 increduli-

2038 2265 2144 2317 tas.
2175 2257 2270 2312 sed
2315 2257 2384 2312 de
2437 2272 2622 2312 errore
2657 2258 3098 2325 emendarentur,
3122 2267 3181 2314 ut
3217 2268 3400 2329 postea
3445 2259 3620 2320 salva-

2037 2356 2243 2418 rentur.
2275 2347 2473 2419 (Orig.)
2512 2347 2607 2403 Est
2635 2363 2765 2420 ergo
2805 2351 3122 2420 mysterium
3161 2351 3304 2420 quod
3337 2349 3624 2422 ignoraba-

2037 2446 2126 2492 tur
2150 2438 2219 2493 ab
2254 2437 2341 2492 his
2372 2439 2464 2508 qui
2511 2438 2861 2506 lnsultabant,
2891 2439 3195 2508 hujusmodi
3225 2459 3238 2493 :
3271 2441 3538 2510 quomodo
3571 2441 3622 2494 in

2035 2529 2370 2598 dispersione
2399 2529 2628 2584 filiorum
2654 2528 2827 2584 Adam
2870 2531 3084 2586 caneris
3124 2531 3425 2600 quibusque
3453 2533 3626 2603 genti-

2034 2619 2136 2674 bus
2164 2621 2458 2675 secundum
2482 2615 2823 2692 angelorum’
2829 2635 3113 2676 numerum
3142 2621 3464 2690 distributis,
3495 2639 3624 2693 pro-

2034 2709 2154 2779 pria
2197 2710 2442 2779 quaedam
2473 2726 2600 2780 pars
2627 2711 2768 2766 facta
2813 2711 2884 2766 sit
2921 2710 3084 2765 Israel
3108 2751 3124 2776 ,
3163 2712 3306 2766 sicut
3342 2723 3396 2768 et
3428 2714 3480 2767 in
3508 2713 3629 2768 aliis

2037 2799 2126 2853 ubi
2155 2799 2414 2869 oportuit,
2445 2808 2500 2854 et
2528 2801 2580 2854 in
2611 2801 2696 2857 bis
2722 2801 2854 2872 ipsis
2883 2801 3043 2872 paulo
3075 2803 3320 2872 superius
3355 2819 3626 2858 memora-

2034 2891 2244 2956 vimus,
2273 2895 2341 2948 ad
2362 2909 2498 2973 quos
2523 2903 2579 2948 et
2619 2894 3066 2963 repromissiones
3091 2896 3354 2950 bonorum
3383 2905 3438 2950 et
3465 2905 3626 2952 testa-

2036 2993 2237 3050 menta,
2267 2993 2321 3040 et
2368 2985 2633 3056 legislatio
2679 2986 2817 3040 facta
2863 2994 2964 3042 est.
3014 2987 3266 3042 Manente
3293 3002 3424 3059 ergo
3471 2998 3629 3058 parte

2036 3073 2126 3128 illa
2167 3075 2378 3130 Domini
2417 3077 2470 3130 in
2499 3085 2639 3130 statu
2681 3093 2796 3140 suo,
2825 3065 3076 3146 possibile
3109 3094 3214 3133 non
3237 3086 3354 3132 erat
3385 3093 3502 3144 nos,
3534 3081 3623 3148 qui

2032 3184 2250 3224 eramus
2299 3178 2486 3238 gentes
2510 3210 2526 3236 ,
2556 3170 2780 3225 introire
2810 3171 2863 3224 in
2895 3171 3266 3226 [nereditatem
3313 3169 3410 3224 Dei
3462 3179 3518 3226 et
3570 3170 3620 3224 in

2035 3259 2238 3330 sceptri
2284 3261 2402 3331 ejus
2441 3262 2564 3332 jura
2609 3263 2921 3318 succedere.
2968 3263 3175 3318 Idcirco
3223 3263 3388 3334 igitur
3423 3263 3628 3334 patitur

2030 3350 2173 3405 Deus
2200 3365 2267 3406 ex
2303 3361 2477 3420 parte,
2509 3352 2561 3406 id
2587 3362 2668 3408 est
2694 3369 2797 3408 non
2826 3353 3099 3420 onmibus,
3129 3355 3224 3409 sed
3253 3354 3524 3426 aliquibus
3551 3369 3614 3410 ex

2029 3439 2193 3496 Israel
2242 3441 2356 3498 ﬁeri
2409 3443 2733 3510 euacitatem,
2773 3445 2840 3500 ab
2894 3444 3000 3500 illis
3048 3447 3166 3500 sine
3214 3446 3378 3500 dubio
3422 3445 3625 3517 angelis

2029 3531 2250 3584 obtentu
2281 3531 2477 3586 invida:
2517 3533 2874 3589 (enitulationis
2898 3535 3122 3598 illatam,
3151 3535 3244 3606 qui
3299 3544 3619 3591 ceterarum

2028 3623 2270 3693 gentium
2301 3624 2478 3679 sortiti
2507 3623 2718 3680 fuerant
2742 3627 3125 3697 principatum.
3149 3627 3351 3683 Passus
3380 3638 3464 3684 est
3491 3645 3620 3699 ergo

2031 3713 2194 3779 Deus,
2226 3722 2282 3768 et
2305 3730 2429 3770 cum
2457 3725 2641 3785 posset
2665 3715 2974 3785 prohibere,
3000 3715 3192 3780 noluit,
3220 3727 3278 3770 ut
3299 3733 3396 3787 pro
3424 3717 3511 3772 his
3533 3721 3624 3790 qui

2029 3804 2274 3859 caecitate
2320 3805 2525 3875 decepti
2555 3847 2570 3871 ,
2608 3806 2659 3860 id
2699 3816 2802 3873 est,
2828 3807 3008 3863 cordis
3055 3807 3341 3862 obtusione
3389 3809 3624 3880 prolapsi

2031 3901 2174 3957 sunt,
2205 3894 2444 3962 ipsorum
2487 3895 2578 3965 qui
2609 3895 2743 3952 istos
2771 3897 3098 3966 deceperant
3145 3897 3422 3966 portiones
3460 3915 3616 3954 suam

2030 3983 2172 4038 Deus
2195 3982 2400 4038 faceret
2429 3985 2728 4056 portionem
2749 4027 2764 4049 ,
2795 3995 2853 4042 ut
2877 3987 3278 4057 quodammodo
3309 3988 3362 4042 in
3387 4004 3452 4044 eo
3483 3990 3620 4060 ipso,

2033 4087 2142 4144 quo
2173 4083 2450 4146 cmperant
2475 4087 2815 4156 caperentur.
2843 4078 3164 4136 Avertentes
3185 4082 3329 4136 cnim
3355 4083 3422 4138 ad
3445 4100 3503 4140 se
3531 4099 3626 4156 per

2029 4163 2240 4233 peccati
2282 4163 2564 4221 illecebras
2593 4155 2684 4222 Dei
2713 4167 2940 4236 plebem,
2973 4169 3148 4224 locum
3178 4168 3425 4226 fecerunt
3452 4155 3626 4244 genti-

2029 4255 2132 4310 bus
2164 4255 2497 4326 ingrediendi
2537 4257 2590 4312 in
2631 4259 3000 4316 baereditatem
3037 4261 3164 4325 Dei,
3201 4262 3310 4317 Deo
3339 4279 3463 4320 cum
3494 4266 3625 4335 ipsis

347 4362 434 4418 tite
455 4359 697 4434 proferat
720 4373 930 4414 succos.
963 4355 1072 4412 Sed
1102 4371 1169 4410 ne
1211 4357 1312 4411 hoc
1338 4355 1554 4426 quidem
1601 4353 1766 4409 lateat
1803 4368 1923 4414 nos,
1958 4349 2306 4450 D_communi
2353 4350 2585 4420 quodam
2611 4359 2665 4406 ct
2692 4353 3002 4422 mquissimo
3038 4353 3162 4422 jure
3209 4355 3441 4411 habente
3475 4357 3623 4428 judi-

345 4453 490 4525 quod
518 4467 624 4508 non
651 4465 718 4507 eo
743 4449 934 4505 ordine
959 4447 1247 4518 Apostolus
1267 4445 1422 4516 olivae
1446 4453 1502 4499 et
1526 4444 1748 4501 oleastri
1784 4443 1930 4498 simi-

346 4545 626 4602 litudinem
663 4541 862 4614 posuit,
905 4553 1013 4610 quo
1057 4537 1198 4608 apud
1243 4535 1508 4605 agricolas
1549 4535 1800 4590 habetur.
1849 4533 1928 4588 llli

346 4637 492 4693 enim
524 4634 698 4707 magis
737 4633 935 4690 olivam
975 4629 1214 4685 oleastro
1256 4627 1500 4683 inserere
1537 4634 1592 4680 et
1633 4641 1740 4682 non
1771 4625 1928 4680 oliv:e

347 4729 638 4786 oleastrum
669 4727 864 4784 solent.
891 4723 1088 4780 Paulus
1120 4735 1247 4777 vero
1273 4719 1584 4791 Apostolica
1605 4720 1930 4775 auctoritate

346 4820 552 4878 ordine'
581 4825 1024 4894 eommutatogs
1055 4813 1228 4886 magis
1271 4811 1471 4877 causis,
1525 4826 1689 4882 quam
1739 4825 1932 4866 causas

349 4911 515 4968 rebus
541 4909 764 4980 aptavit.

398 5000 538 5055 Nolo
551 4999 688 5055 enim
700 5015 786 5054 vos
800 4998 1061 5070 ignorare,
1078 4994 1608 5066 fratres,mysterium
1622 4995 1739 5062 hoc,
1755 5005 1808 5048 ut
1825 5011 1930 5049 non

347 5092 462 5147 sitis
490 5090 632 5146 vobis
659 5091 785 5160 ipsis
805 5089 1084 5160 sapientes,
1105 5087 1230 5160 quia
1256 5088 1460 5142 caecitas
1475 5097 1697 5158 exparte
1710 5089 1930 5158 contigit

347 5185 405 5239 in
427 5182 616 5250 Israel,
629 5183 792 5240 donec
804 5181 1072 5254 plenitudo
1094 5180 1321 5253 gentium
1336 5181 1572 5248 intraret,
1590 5192 1636 5236 et
1659 5181 1736 5236 sic
1759 5183 1940 5236 omnis.

351 5275 523 5332 Israel
541 5274 718 5332 salvus
736 5275 903 5345 ﬁeret.
919 5275 1107 5330 Adhuc
1128 5273 1193 5328 ad
1215 5288 1308 5328 eos
1331 5273 1422 5343 qui
1451 5289 1517 5329 ex
1541 5273 1791 5344 gentibus
1811 5289 1930 5329 cre-

349 5365 595 5421 diderant
617 5365 772 5436 quasi
794 5365 966 5421 elatos
985 5372 1040 5420 et
1059 5363 1430 5436 superbientes
1448 5365 1733 5420 adversum
1752 5381 1934 5421 ramos

351 5455 442 5526 qui
468 5455 622 5511 fracti
646 5463 790 5519 sunt,
804 5461 860 5510 et
875 5460 1127 5524 putantes
1149 5452 1292 5534 quod
1315 5451 1417 5510 hoc
1443 5468 1550 5508 non
1573 5453 1671 5510 Dei
1691 5453 1934 5524 bonitate

353 5554 407 5599 et
433 5545 685 5603 iuetfabili
713 5545 1110 5616 dispensatione
1131 5543 1406 5615 sapientiae
1423 5542 1562 5613 ejus,
1579 5545 1673 5600 sed
1691 5545 1808 5601 suis
1827 5562 1934 5602 me-

357 5637 479 5693 ritis
493 5637 770 5702 consecuti
798 5644 917 5692 sunt
929 5675 947 5703 ,.
969 5642 1032 5690 ut
1053 5634 1159 5691 illis
1181 5635 1454 5704 defractis,
1480 5635 1581 5708 ipsi
1610 5652 1730 5693 cum
1750 5648 1934 5697 essent

2031 4442 2195 4506 cium,
2213 4449 2273 4496 ut
2292 4441 2464 4500 donec
2490 4441 2562 4497 illi
2591 4442 2800 4514 plebem
2827 4445 2919 4512 Dei
2947 4445 2999 4498 iu
3021 4446 3282 4501 c:ecitatis
3308 4449 3623 4518 captivitate

2031 4533 2351 4597 detinerent,
2379 4534 2534 4604 quasi
2576 4534 2641 4589 ad
2749 4535 2921 4590 vicem
2952 4551 3163 4601 eorum,
3195 4551 3332 4607 quos
3363 4538 3432 4593 ab
3472 4539 3626 4595 initio

2029 4641 2098 4680 ex
2141 4625 2387 4695 portione
2429 4625 2523 4682 Dei
2552 4635 2608 4682 et
2649 4637 2927 4699 segregata
2977 4627 3094 4698 ejus
3121 4627 3443 4686 haereditate
3493 4634 3622 4688 sub-

2030 4721 2332 4782 traxerant,
2381 4717 2622 4786 gentium
2678 4734 2936 4774 nmnerus
2975 4720 3266 4786 reddetur;
3317 4737 3444 4778 cum
3494 4738 3624 4778 vero

2029 4807 2308 4878 plenitudo
2353 4809 2591 4879 gentium
2634 4809 2824 4865 fuisset
2876 4810 3090 4882 expleta
3115 4853 3129 4880 ,
3183 4819 3240 4868 et
3280 4813 3623 4868 mmulationc

2034 4900 2224 4956 salutis
2253 4915 2439 4958 eorum
2485 4902 2742 4972 coepisset
2767 4899 2934 4959 Israel
2963 4904 3236 4959 discutere
3262 4919 3294 4958 a
3329 4903 3624 4975 semetipso

2031 4993 2329 5049 caecitatem
2379 4994 2580 5059 cordis,
2607 5003 2663 5050 et
2712 4995 2936 5049 elevatis
2978 4995 3152 5050 oculis
3185 4996 3298 5050 suis
3340 4994 3618 5052 Christum

2031 5097 2221 5138 verum
2247 5082 2427 5138 lumen
2455 5085 2718 5154 aspicere,
2757 5093 2812 5140 et
2840 5085 2912 5139 ita
2941 5086 3233 5141 secundum
3258 5089 3624 5157 praecedentes

2033 5175 2344 5246 prophettas
2365 5175 2617 5244 salutem,
2641 5193 2801 5246 quam
2831 5179 3138 5235 obcaecatus
3159 5179 3415 5234 amiserat
3436 5181 3620 5246 Israel,

2035 5275 2304 5336 qutereret
2343 5265 2650 5337 instigatus,
2703 5267 2890 5323 dicens
2925 5269 3068 5339 apud
3113 5269 3460 5340 semetipsum
3495 5271 3623 5328 illud

2035 5357 2408 5427 propheticum
2439 5375 2450 5410 :
2481 5356 2730 5411 Revertar
2747 5359 2818 5412 ad
2837 5360 3004 5413 virum
3029 5377 3199 5414 meum
3224 5364 3472 5432 priorem,
3495 5379 3622 5433 quo-

2038 5451 2181 5506 niam
2201 5449 2386 5504 melius
2415 5450 2542 5506 mihi
2563 5459 2674 5504 erat
2700 5461 2820 5504 ante
2840 5469 2997 5524 quam
3021 5453 3174 5508 modo
3198 5451 3353 5525 (Osee
3368 5452 3452 5526 ll).
3468 5452 3622 5522 Quod

2041 5555 2220 5606 autem
2241 5548 2357 5603 [nec
2377 5546 2481 5604 illis
2501 5546 2768 5618 promissa
2791 5547 2900 5603 sint
2924 5564 3020 5619 per
3036 5549 3348 5620 prophetas,
3363 5551 3418 5605 in
3438 5550 3622 5606 multis

2042 5639 2258 5710 quidem
2293 5639 2622 5712 propheticis
2647 5641 3007 5698 voluminibus
3032 5641 3324 5700 invenitur.
3353 5641 3633 5700 Ponemus
