4026 6180
517 283 650 339 Ιῦῗοὸ

1147 281 1207 335 Β.
1245 279 1500 334 ΒᾹΒΑΝΙ
1537 277 1754 334 MAURI
1789 276 2107 332 ARCIIIEI’.
2151 271 2759 328 MOGUNT.OPERUM
2799 273 2978 330 PARS
3017 276 3104 330 III.

3564 297 3665 355 I556

510 408 686 450 tamen
721 393 862 463 quod
906 388 1132 447 suﬁiciat
1172 391 1238 445 ad
1279 405 1516 459 praesens
1559 403 1723 444 unum
1755 389 1820 443 de
1847 387 2082 442 Ieremia
2114 393 2154 445 Α
2185 385 2539 440 conferuntur
2575 401 2696 440 cum
2735 387 3066 456 plenitudine
3101 395 3328 462 gentium
3362 409 3550 460 εεεειριιξ
3575 426 3668 468 γεω

510 483 875 541 testimonium
900 522 914 546 ,
948 481 1020 536 ita
1069 483 1389 536 continens:
1419 478 1476 535 Si
1517 479 1774 535 exaltelur
1812 479 1994 533 caelum
2027 479 2081 532 in

507 592 636 632 exce
657 586 793 633 sum,
818 583 862 626 et
909 583 1048 624 terra
1085 571 1386 624 humilietur
1426 571 1690 635 deorsum,
1721 585 1815 640 ego
1861 585 1964 624 non
2007 585 2083 622 re-

503 662 734 732 probabo
771 677 932 733 genus
958 660 1127 714 Israel
1155 678 1248 730 pro
1279 661 1515 716 omnibus
1542 675 1658 726 qua:
1685 659 1914 728 fecerunt
1946 656 2079 729 (Jer.

512 756 681 828 xxxi).
717 754 774 810 Si
804 771 932 825 ergo
959 772 1056 828 pro
1083 772 1146 811 eo
1188 765 1246 810 ut
1273 757 1519 810 introiret
1543 757 1780 826 gentium
1808 755 2084 827 plenitudo

509 847 722 900 ezecitas
748 845 888 900 facta
914 856 998 902 est
1021 847 1074 900 in
1097 843 1264 902 Israel
1286 863 1383 916 pro
1406 847 1655 902 omnibus
1675 864 1795 916 qua:
1817 847 2082 912 fecerunt,

511 935 626 989 sine
655 935 815 990 dubio
859 951 980 990 cum
1029 935 1269 1006 ingressa
1303 935 1464 989 fuerit
1503 936 1739 1006 gentium
1786 936 2084 1005 plenitudo,

513 1023 724 1078 czeeitas
751 1024 1002 1078 cessabit.
1029 1023 1179 1090 Quod
1208 1023 1253 1078 si
1279 1024 1390 1088 vis,
1418 1024 1591 1094 inquit
1615 1024 1921 1095 Apostolus,
1946 1027 2088 1082 scire

511 1113 778 1182 quomodo
819 1113 982 1167 etiam
1011 1120 1132 1183 post
1159 1112 1454 1168 caecitatem
1493 1113 1781 1169 salvandus
1801 1102 1874 1168 sit
1900 1113 2084 1180 Israel,

514 1205 636 1258 audi
660 1204 930 1274 quomodo
955 1205 1216 1274 scriptum
1241 1213 1356 1260 est;

2184 478 2276 546 qui
2313 479 2563 532 cxczecati
2601 486 2728 532 sunt
2777 495 2842 533 cx
2878 479 3061 546 Israel,
3099 485 3432 544 conferuntur
3468 494 3538 550 bis
3576 515 3670 568 gen.

2185 569 2326 623 tibus
2373 584 2492 638 quae
2537 583 2642 622 non
2685 577 2974 638 potuerunt
3019 573 3086 626 ad
3145 575 3491 644 plenitudinem
3528 604 3670 656 perte.

2187 661 2324 715 nire.
2377 659 2468 716 Sic
2535 675 2664 731 ergo
2727 678 2846 732 qua
2912 664 3255 722 inveniuntur
3301 671 3352 726 in
3407 681 3672 737 sermonibus

2185 752 2566 822 prophetarum
2625 752 2692 806 de
2765 755 3267 824 repromissionibus
3324 766 3500 834 scripta
3543 771 3674 826 beati.

2187 844 2426 902 tudinem
2465 845 2794 899 continentia
2817 887 2832 911 ,
2861 848 2904 901 si
2949 848 3015 904 de
3047 850 3229 916 Israel,
3254 853 3316 907 ad
3345 857 3563 927 reliquias
3579 863 3673 922 istas

2186 949 2307 1003 qua:
2349 934 2533 988 electa:
2557 943 2702 999 sunt,
2734 937 3036 1004 pertinent,
3075 939 3120 994 si
3152 941 3216 994 de
3243 945 3494 1012 gentibus,
3521 951 3574 1004 ad
3596 954 3675 1020 ple-

2188 1023 2484 1079 nitudinem
2510 1033 2774 1096 spectant.
2809 1025 2864 1081 Si
2906 1044 3011 1097 qua
3040 1045 3168 1084 vero
3205 1032 3396 1100 tristia,
3441 1037 3480 1091 si
3516 1041 3676 1111 quidem

2188 1116 2255 1170 de
2301 1115 2466 1172 Israel
2516 1115 2790 1182 dicuntur,
2817 1118 2887 1172 ad
2921 1117 3041 1174 illos
3065 1121 3184 1176 sine
3217 1123 3370 1179 dubio
3396 1127 3592 1196 reliquos
3611 1134 3676 1201 qui

2190 1207 2446 1263 excmcati
2474 1217 2617 1274 sunt,
2651 1207 2974 1277 referentur;
3007 1213 3090 1267 sin
3117 1229 3242 1270 vero
3264 1215 3327 1270 de
3340 1219 3572 1288 gentibus,
3595 1223 3680 1280 illos

591 1293 768 1348 Veniet
797 1311 862 1348 ea;
893 1294 1022 1348 Sion
1049 1295 1139 1365 qui
1165 1295 1352 1366 eripiat
1379 1304 1426 1349 et
1456 1303 1653 1349 avertat
1696 1295 2013 1366 impietatem
2057 1313 2091 1350 a
2191 1294 2431 1365 profecto
2451 1336 2466 1361 ,
2519 1297 2610 1367 qui
2668 1308 2794 1352 sunt
2824 1309 2974 1354 extra
3023 1301 3396 1372 plenitudinem
3447 1311 3678 1380 stringunt.

511 1385 674 1440 .lacob
705 1399 723 1437 :
752 1395 800 1439 et
829 1387 926 1439 hoc
953 1383 1058 1438 illis
1095 1403 1130 1439 a
1164 1401 1244 1440 me
1281 1393 1662 1451 testamentum,
1687 1401 1804 1438 cum
1831 1384 2091 1440 abstulero
2192 1384 2382 1440 Omnia
2411 1393 2596 1441 tamen
2633 1386 2756 1441 linis
2778 1399 3048 1460 perurget,
3073 1401 3131 1447 et
3158 1408 3250 1447 eos
3273 1395 3466 1464 quidem
3484 1399 3558 1466 qui
3577 1400 3679 1454 beati

511 1481 722 1544 peccata
767 1490 966 1528 eorum.
1010 1472 1202 1545 (Orig)
1250 1472 1538 1528 Sciendum
1579 1481 1664 1529 est
1696 1489 1826 1530 sane
1863 1475 2006 1544 quod
2037 1475 2090 1529 in
2193 1487 2339 1544 sunt,
2368 1480 2479 1535 sive
2509 1479 2582 1534 illi
2613 1495 2677 1534 ex
2705 1481 2906 1547 Israel,
2941 1483 3058 1539 sive
3083 1485 3248 1539 etiam
3287 1501 3350 1542 ex
3381 1489 3590 1558 gentibus
3617 1507 3680 1546 ve-

515 1563 774 1633 propbeta
814 1561 950 1617 Isaia
999 1562 1135 1634 (Isa.
1189 1562 1323 1635 ux),
1355 1563 1498 1617 unde
1536 1564 1903 1620 testimonium
1951 1565 2094 1620 istud
2193 1569 2661 1641 niant,pra:sentis
2687 1573 2944 1641 temporis
2964 1575 3285 1644 evangelica:
3309 1577 3530 1632 doctrinae
3550 1595 3680 1634 sermo

518 1652 709 1708 Paulus
733 1654 976 1718 assumit,
1007 1669 1105 1723 pro
1137 1667 1202 1708 eo
1233 1653 1375 1722 quod
1402 1649 1872 1724 dixit‘Apostqus,
1913 1654 2092 1710 Veniet
2127 1728 2163 1739 ἢ
2194 1660 2466 1730 puriﬁcat,
2493 1669 2554 1714 ut
2583 1660 2690 1718 sint
2715 1661 2880 1728 tales,
2909 1663 3052 1718 sicut
3087 1675 3244 1720 erant
3282 1667 3352 1722 illi
3392 1667 3449 1722 ad
3478 1670 3679 1739 quosDo-

513 1757 578 1794 ex
607 1741 758 1808 Sion,
786 1742 1048 1811 scriptum
1077 1752 1178 1810 est,
1213 1742 1390 1797 Veniet
1431 1753 1640 1814 proltter
1667 1742 1830 1832 Sion;
1867 1754 1922 1800 et
1951 1746 2092 1816 quod
2127 1728 2166 1786 Β
2196 1728 2372 1804 minus
2393 1750 2607 1804 dicebat
2632 1769 2644 1804 :
2673 1751 2808 1806 Ecce
2821 1753 2940 1822 jam
2968 1772 3057 1809 vos
3084 1757 3263 1810 mundi
3291 1759 3402 1811 estis
3423 1728 3680 1828 pro-plener-

515 1833 592 1888 ait
635 1834 754 1900 hic,
794 1851 913 1888 cum
957 1835 1218 1890 abstulero
1256 1846 1468 1906 peccata
1511 1853 1728 1903 eorum,
1757 1837 1831 1891 ibi
1873 1837 2094 1894 omnino

515 1925 770 1996 scriptum
811 1943 918 1982 non
959 1935 1069 1990 est,
1102 1927 1194 1981 sed
1242 1941 1310 1981 ne
1349 1927 1488 1998 apud
1537 1927 1792 1983 Hebraeos
1833 1929 2090 1998 quidem;

514 2015 740 2085 apostoli
780 2024 957 2071 tamen
987 2017 1310 2072 auctoritate
1341 2028 1722 2090 praesumptum
1746 2029 1848 2078 est.
1875 2021 2092 2078 Interim

517 2107 732 2162 veniens
757 2108 1017 2164 Dominus
1047 2125 1113 2165 ex
1137 2109 1268 2167 Sion
1297 2111 1510 2179 liberat,
1536 2121 1591 2168 et
1613 2115 1809 2170 avertit
1841 2115 2093 2186 impieta-

515 2211 595 2256 tes
626 2216 659 2254 a
694 2199 879 2256 Iacob.
916 2201 1127 2256 Avertit
1171 2211 1352 2258 autem
1409 2203 1718 2274 impietates
1757 2207 1826 2262 ab
1862 2222 1928 2264 eo
1955 2249 1970 2274 ,
2007 2224 2095 2265 se-

514 2292 748 2346 cundum
820 2291 948 2347 illud
1017 2293 1158 2363 quod
1205 2295 1467 2366 scriptum
1524 2305 1609 2353 est
1663 2315 1678 2352 :
1723 2298 1862 2366 Quia
1929 2301 2094 2356 diluet

519 2385 768 2440 Dominus
809 2386 988 2441 sordes
1043 2387 1276 2455 ﬁliorum
1331 2387 1498 2444 Israel
1556 2401 1604 2446 et
1643 2391 1882 2460 ﬁliarum
1929 2393 2094 2462 Sion,

513 2490 562 2534 et
625 2482 930 2550 sanguinem
978 2481 1249 2536 mundabit
1313 2483 1378 2538 de
1430 2483 1600 2538 medio
1655 2485 1772 2554 ejus
1810 2485 1865 2538 in
1908 2485 2094 2556 spiritu

505 2568 702 2640 judicii
737 2579 786 2623 et
818 2571 1006 2641 spiritu
1053 2572 1273 2626 ustionis
1313 2571 1449 2644 (Isa.
1483 2573 1559 2646 ιν)
1589 2591 1603 2628 :
1637 2583 1692 2628 et
1721 2575 1824 2630 hoc
1870 2575 1946 2630 ita
1975 2574 2095 2632 ﬁeri

517 2668 894 2715 testamentum
921 2661 1001 2716 eis
1025 2670 1198 2718 erata
1227 2663 1356 2727 Deo,
1387 2674 1446 2720 ut
1473 2666 1554 2722 sic
1586 2665 1654 2720 ab
1676 2666 1754 2722 eis
1781 2675 2095 2724 averteren-

2193 1857 2396 1894 monem
2425 1858 2574 1912 quem
2611 1841 2814 1896 locutus
2847 1859 2962 1898 sum
2999 1846 3144 1900 vobis
3169 1845 3343 1918 (Joan.
3366 1847 3464 1919 xv).
3489 1847 3570 1916 Qui
3595 1864 3683 1904 vero

2193 1933 2344 1986 verbi
2361 1933 2454 1988 Dei
2477 1941 2530 1989 et
2553 1934 2815 1993 doctrinae
2836 1937 3163 2008 evangelica:
3183 1939 3566 2009 puriﬁcationem
3580 1957 3682 2009 spte

2192 2024 2356 2088 verit,
2385 2023 2628 2080 tristibus
2657 2033 2712 2080 et
2741 2026 3048 2096 pmnalibus
3074 2027 3506 2097 puriﬁcationibus
3538 2038 3683 2084 semet-

2194 2109 2369 2180 ipsum
2395 2122 2654 2180 reservat,
2677 2123 2737 2169 ut
2763 2115 2902 2186 ignis
2922 2117 3186 2187 gehennae
3211 2119 3262 2174 iu
3291 2119 3573 2174 cruciatibus
3594 2135 3685 2190 pur-

2193 2202 2302 2272 get,
2327 2217 2488 2272 quem
2517 2220 2617 2259 nec
2648 2207 2941 2274 apostolica
2981 2208 3262 2274 doctrina,
3294 2226 3386 2265 nec
3419 2211 3686 2281 evangelicus

2194 2308 2374 2348 sermo
2397 2295 2668 2366 purgavit,
2694 2299 2990 2352 secundum
3037 2298 3169 2354 illud
3195 2301 3331 2370 quod
3359 2301 3574 2372 scriptum
3599 2311 3681 2353 est:

2195 2380 2263 2436 Et
2294 2383 2586 2455 puriﬁcabo
2613 2395 2662 2440 te
2687 2386 2805 2456 igne
2825 2387 2894 2440 ad
2925 2404 3120 2457 parum
3150 2388 3280 2460 (Isa.
3309 2389 3364 2458 ι).
3387 2387 3685 2444 Verumtamen

2193 2471 2506 2528 meminisse
2533 2489 2748 2545 semper
2779 2475 3058 2542 debemus,
3091 2479 3230 2548 quod
3255 2487 3537 2548 praesentem
3559 2478 3684 2532 brum

2193 2561 2484 2633 Apostolus
2503 2566 2656 2634 quasi
2691 2567 3006 2637 mysterium
3035 2569 3225 2624 haberi
3253 2569 3435 2635 voluit,
3469 2584 3556 2638 quo
3583 2567 3685 2620 scili-

2195 2663 2282 2712 cet
2307 2657 2612 2727 hujusmodi
2639 2671 2832 2714 sensus
2858 2659 3044 2715 ﬁdeles
3072 2646 3270 2732 quique
3296 2671 3347 2716 et
3373 2659 3558 2732 perfecti
3587 2661 3684 2712 intra

518 2759 605 2804 tur
632 2750 966 2820 impietates,
993 2762 1048 2808 et
1073 2753 1418 2810 auferrentur
1447 2765 1688 2826 peccata.
1720 2757 1920 2831 (Amb.)
1957 2759 2098 2816 Dicit
2195 2748 2514 2819 ωωθιῑρςοε
2570 2749 2718 2805 velut
2766 2753 3088 2822 mysterium
3141 2753 3236 2809 Dei
3289 2753 3481 2808 silentio
3525 2757 3684 2820 tegant.

512 2855 641 2910 ergo
673 2857 685 2894 :
727 2838 899 2895 Veniet
926 2858 989 2896 ea:
1009 2841 1140 2898 Sion
1159 2845 1248 2915 qui
1273 2846 1459 2916 eripiat
1477 2855 1526 2900 et
1555 2856 1751 2902 avertat
1779 2850 2094 2918 impietatem
2195 2851 2300 2894 nec
2340 2840 2541 2909 Passim
2589 2840 2890 2898 ίίηοτῖθοιίε
2937 2855 2993 2899 ει
3047 2847 3226 2900 minus
3271 2845 3526 2918 capiemus
3561 2842 3685 2914 Pmre‘

513 2947 545 2983 a
590 2929 777 2997 Iacob,
806 2941 854 2986 et
873 2933 970 2988 hoc
989 2933 1094 2989 illis
1125 2954 1158 2990 a
1184 2953 1264 2990 me
1283 2946 1668 3005 testamentum,
1693 2956 1811 2994 cum
1832 2941 2087 2997 abstulero

2196 2937 2319 2985 rant
2343 2946 2363 2988 :
2391 2932 2691 3002 mysterium
2715 2933 2854 2988 enim
2886 2935 3041 3004 regis,
3083 2944 3145 2990 ut
3172 2937 3248 2990 ait
3275 2935 3550 3006 Scriptura,
3567 2931 3686 2986 relate

513 3033 723 3090 peccata
755 3040 959 3079 eorum.
999 3027 1243 3098 Exempli
1274 3026 1434 3097 hujus
1476 3031 1614 3086 ratio
1655 3046 1873 3104 semper
1909 3041 2096 3089 manet
2121 3077 2166 3104 η
2197 3024 2391 3082 bonum
2409 3033 2484 3078 εει
2513 3021 2664 3096 (Τοὺο
2695 3025 2819 3096 1'")-

513 3113 751 3180 quandiu
785 3125 908 3170 sunt
935 3117 1025 3187 qui
1063 3119 1287 3174 credant
1336 3137 1350 3174 :
1400 3121 1490 3178 hic
1526 3123 1671 3178 enim
1717 3123 1976 3181 Dominus
2001 3123 2095 3182 Je-
2121 3113 2166 3141 υ
2278 3115 2581 3172 Secundum
2605 3117 2943 3188 Evangelium
2969 3119 3182 3191 quidem
3212 3121 3400 3175 inimici
3424 3129 3682 3190 ρτορτενινδ-

519 3218 631 3266 sus,
662 3204 753 3272 qui
788 3205 854 3262 de
888 3208 1040 3262 cmlis
1067 3219 1329 3266 venturus
1353 3214 1652 3281 promissus
1679 3222 1765 3270 est
1798 3217 1866 3271 ad
1901 3215 2098 3272 libera-
2195 3210 2396 3284 (Orig)
2432 3210 2634 3266 Eadem
2670 3224 3001 3284 persequens
3038 3213 3219 3270 adhuc
3263 3216 3326 3268 de
3354 3213 3495 3270 Israel
3527 3219 3569 3266 et
3590 3225 3680 3281 gen-

517 3291 717 3346 tionem
744 3293 964 3349 humani
987 3298 1221 3365 generis,
1266 3299 1381 3368 ipse
1429 3302 1673 3370 quotidie
1704 3305 1934 3360 remittit
1964 3320 2095 3376 pec~
2197 3303 2340 3360 tibus
2363 3302 2654 3374 Apostolus
2682 3313 2735 3358 et
2764 3305 2930 3359 ramis
2956 3305 3180 3362 oleastri
3206 3307 3293 3377 qui
3323 3303 3597 3360 insultabant
3623 3315 3684 3354 ra-

517 3389 636 3436 cata
663 3385 937 3439 conversis
965 3384 1032 3439 ad
1057 3402 1148 3453 se;
1179 3403 1280 3445 nec
1305 3391 1490 3445 statim
1523 3408 1631 3448 non
1658 3396 1940 3454 credentes
1967 3413 2098 3454 con-
2195 3394 2302 3450 mis
2329 3393 2484 3450 Oliva
2517 3392 2772 3451 ἀθίΐίὶεῑίε
2799 3395 3076 3466 ἰωρυιειηε
3101 3399 3264 3452 ﬁliam
3289 3397 3395 3452 haec
3419 3394 3572 3450 add“:
3593 3391 3683 3460 (11³⁵³

517 3472 754 3535 demnat,
793 3475 890 3529 sed
933 3486 1230 3547 exspectat,
1275 3480 1454 3538 sciens
1499 3497 1659 3552 posse
1713 3487 1977 3556 prolicere
2029 3489 2098 3545 ad
2195 3485 2362 3543 Israel
2387 3488 2680 3543 secundum
2717 3488 3069 3561 Evangelinm
3092 3491 3302 3560 quidem
3327 3489 3540 3544 inimicus
3562 3487 3684 3538 lactus

516 3561 842 3654 agnitionem
871 3565 986 3621 Dei.
1031 3567 1228 3642 (Θήρ.)
1269 3570 1401 3638 Quis
1449 3581 1629 3629 autem
1669 3575 1736 3632 sit
1787 3579 1888 3648 iste
1919 3580 2096 3639 omnis
2195 3589 2278 3637 est
2302 3583 2436 3647 Deo,
2465 3583 2591 3653 quia
2615 3597 2721 3638 non
2751 3583 2982 3640 credidit
3007 3583 3243 3640 Christo.
3267 3581 3449 3654 (Amb.)
3471 3580 3606 3635 Causa
3627 3577 3674 3629 in-

516 3650 978 3726 lsraelquisalvus
1006 3658 1118 3728 ﬁet,
1143 3659 1225 3718 vel
1241 3679 1359 3734 quae
1387 3664 1491 3721 erit
1512 3665 1612 3723 ista
1637 3667 1911 3739 plenitudo
1931 3673 2094 3730 etiam
2194 3650 2534 3728 credulitatis
2557 3673 2766 3729 inimici
2803 3683 2931 3729 sunt
2966 3674 3242 3743 Evangelii
3259 3650 3356 3737 ,Iut
3377 3650 3510 3727 error
3524 3677 3567 3723 et
3587 3665 3683 3720 deli-

517 3747 755 3815 gentium
772 3747 915 3806 Deus
937 3751 1084 3808 solus
1112 3755 1280 3822 novit,
1307 3764 1360 3838 et
1385 3759 1689 3831 unigenitus
1709 3761 1844 3832 ejus,
1861 3765 1980 3822 etsi
2003 3767 2087 3837 qui

2195 3773 2344 3822 ctum
2389 3765 2602 3820 illorum
2643 3765 2896 3836 gentibus
2941 3766 3181 3835 aperiret
3221 3765 3354 3820 viam
3382 3770 3490 3817 ante
3527 3768 3682 3826 tempus

520 3837 656 3892 forte
685 3839 846 3895 amici
873 3840 991 3911 ejus
1021 3853 1165 3911 sunt,
1192 3847 1260 3902 ad
1283 3837 1418 3918 quos
1443 3850 1586 3906 dicat
1613 3871 1625 3906 :
1648 3852 1773 3908 Jam
1798 3871 1902 3910 non
1920 3857 2095 3913 dicam
2195 3855 2434 3912 intrandi
2489 3854 2558 3910 ad
2612 3853 2796 3920 ﬁdem,
2846 3855 2986 3910 sicut
3042 3871 3208 3927 supra
3266 3849 3541 3909 memoravi.
3569 3844 3682 3900 Prius

517 3945 605 3982 eos
625 3945 817 3996 servos,
841 3931 931 3986 sed
953 3935 1171 4000 amicos,
1191 3938 1316 4007 quia
1338 3949 1462 3994 nota
1484 3941 1626 3997 vobis
1647 3943 1748 4014 feci
1781 3946 1954 4001 omnia
1977 3963 2095 4018 qua:
2195 3945 2340 4002 enim
2392 3945 2593 4016 ubique
2635 3946 2886 4001 omnibus
2930 3943 3134 4002 Judmis
3180 3941 3540 4016 praedicandum
3569 3943 3679 3997 eral.

517 4017 696 4074 audivi
733 4036 766 4073 a
811 4018 974 4077 Patre
1005 4023 1184 4095 (Joan.
1233 4029 1344 4100 xv).
1373 4025 1487 4086 Hoc
1524 4039 1702 4090 tamen
1728 4043 1905 4106 potest
1927 4017 2093 4095 etiam
2195 4043 2326 4092 tunc
2370 4036 2587 4094 demum
2635 4045 2692 4090 et
2739 4033 2990 4105 gentibus
3033 4033 3315 4106 Oportebat
3354 4029 3482 4086 credi
3516 4024 3680 4080 verbum

521 4116 704 4165 nostro
745 4112 926 4166 sensui
955 4128 1264 4184 occurrere,
1295 4119 1440 4188 quod
1484 4121 1625 4177 sicut
1648 4122 1832 4192 Israel,
1855 4129 2095 4198 quandin
2193 4127 2292 4182 Dei
2319 4143 2333 4180 :
2363 4125 2459 4182 sed
2499 4125 2626 4196 quia
2652 4141 2761 4182 non
2785 4125 3156 4191 Crediderunt,
3184 4123 3409 4180 ablatum
3440 4119 3498 4174 ab
3525 4115 3593 4172 liis
3622 4125 3684 4166 re-

521 4213 800 4272 νοτιητιηει
837 4205 1132 4264 secundum
1173 4227 1392 4269 carnem
1440 4213 1624 4284 Israel,
1675 4228 1730 4274 et
1771 4235 1880 4276 non
1927 4222 2094 4280 etiam
2195 4232 2360 4289 gnum
2395 4217 2584 4272 datum
2619 4226 2706 4272 est
2726 4215 2997 4288 gentibus.
3041 4215 3229 4286 Itaque
3265 4230 3365 4270 non
3399 4203 3680 4268 insultandum

517 4295 810 4350 secundum
864 4297 1114 4367 spiritum
1177 4300 1350 4360 factus
1411 4303 1576 4363 fuerit
1619 4307 1862 4367 Israelita
1925 4329 2087 4370 verus

2194 4307 2281 4363 his
2323 4314 2650 4378 pmmouet,
2681 4321 2912 4377 quorum
2953 4305 3205 4362 delictum
3243 4302 3430 4376 profuit

519 4397 696 4444 mente
735 4390 924 4446 videns
953 4393 1144 4460 Deum,
1168 4397 1442 4466 pertinere
1495 4415 1602 4455 non
1635 4411 1814 4474 potest
1847 4404 2088 4462 adsalu-
2116 4417 2169 4478 ι)
2193 4398 2272 4455 Illi
2298 4399 2444 4456 enim
2473 4397 2837 4455 insultandnm
2865 4409 2966 4465 est,
2985 4401 3144 4470 cujus
3168 4407 3430 4471 peceatum
3451 4385 3680 4448 obluitali-

517 4485 657 4545 tem,
686 4478 757 4533 ita
794 4496 898 4536 non
936 4493 1124 4554 gentes
1153 4487 1370 4556 quidem
1406 4502 1596 4548 omnes
1625 4492 1847 4550 omnino
1887 4494 2092 4554 salvari

514 4577 770 4636 possunt,
803 4570 907 4626 nisi
935 4573 1235 4657 quaeintra
1268 4577 1652 4646 plenitudinem
1679 4582 1881 4640 fuerint
1907 4601 2090 4658 reper-

515 4666 602 4724 tas,
629 4673 964 4730 quaecunque
1016 4652 1108 4718 illa
1145 4672 1228 4721 est
1264 4683 1384 4738 quas
1419 4671 1488 4724 ab
1512 4669 1771 4742 Apostolo
1811 4652 2090 4745 plenitudo

513 4750 834 4806 nominatur.
857 4752 936 4808 Ita
963 4769 1094 4826 ergo
1124 4758 1437 4828 mysterium
1453 4759 1548 4816 Dei
1579 4762 1832 4820 inell‘abili
1853 4767 2090 4836 quadam

508 4841 786 4910 sapientia:
811 4843 928 4915 ejus
957 4845 1354 4917 dispensatione
1389 4859 1669 4920 tractatur,
1695 4857 1942 4913 utetiam
1963 4873 2088 4916 cum

507 4928 609 4986 sibi
653 4932 831 4988 anima
881 4943 1080 4991 sortem
1133 4937 1399 4994 malorum
1435 4940 1550 5012 ipsa
1595 4943 1948 5014 consciverit,
1995 4947 2088 5007 ille

509 5022 601 5091 qui
644 5024 795 5080 novit
831 5027 1084 5084 universa
1127 5027 1436 5100 disponere,
1487 5032 1848 5104 abjectionem
1867 5037 1986 5110 ejus
2029 5046 2086 5096 et

509 5130 723 5186 prauam
757 5119 984 5176 aliorum
1017 5120 1181 5178 faciat
1214 5123 1462 5180 salutem.
1501 5123 1607 5182 Sed
1634 5135 1690 5184 et
1717 5127 1846 5186 illud
1871 5130 2085 5188 videtur

511 5208 642 5262 mihi
668 5209 722 5264 in
751 5211 852 5266 hoc
880 5211 1001 5268 loco
1027 5213 1336 5284 diligentius
1351 5217 1739 5284 contuendum,
1763 5220 1906 5290 quod
1927 5221 2084 5278 caeci-

509 5307 672 5356 tatem
705 5303 862 5358 istam
885 5321 992 5361 non
1015 5306 1149 5362 dicit
1175 5307 1394 5364 omnino
1438 5307 1604 5366 Israel
1627 5311 1950 5382 contigisse,
1985 5313 2080 5369 sed

503 5405 570 5444 ea:
595 5404 761 5462 parte.
789 5396 1051 5469 Reliquiae
1079 5399 1224 5454 enim
1246 5400 1537 5457 secundum
1561 5402 1878 5458 electionem
1895 5405 2084 5476 gratiae

507 5479 666 5536 salvae
688 5484 842 5541 factae
873 5497 1018 5544 sunt.
1050 5488 1128 5546 De
1162 5491 1358 5560 quibus
1395 5491 1639 5561 reliquiis
1672 5499 1728 5546 et
1754 5491 1922 5550 Isaias
1956 5509 2085 5564 pro-

505 5567 835 5642 pltetaverat,
867 5578 1054 5634 dicens
1077 5595 1092 5634 :
1121 5579 1240 5635 Nisi
1266 5579 1519 5636 Dominus
1541 5580 1775 5638 Sabaoth
1795 5581 2082 5652 reliquisset

503 5659 654 5716 nobis
671 5679 842 5720 semen
870 5667 1004 5738 (Isa.
1030 5671 1092 5743 l).
1122 5670 1238 5728 lstm
1260 5683 1388 5740 ergo
1414 5671 1651 5743 reliquis:
1677 5675 1729 5731 in
1753 5675 2084 5732 beatitudine

2192 4493 2418 4564 quibus;
2440 4509 2544 4549 non
2565 4493 2710 4548 enim
2733 4493 2786 4548 in
2803 4492 3026 4564 perﬁdia
3044 4493 3254 4548 illorum
3271 4485 3592 4563 gratulandum
3604 4483 3676 4538 est.

2194 4585 2290 4642 sed
2311 4585 2618 4650 dolendum,
2643 4585 2687 4641 si
2717 4583 2936 4641 tardant
2958 4585 3201 4641 converti
3226 4600 3240 4649 ;
3270 4590 3325 4636 ut
3343 4573 3570 4652 quomodo
3589 4583 3675 4640 p00-

2194 4686 2316 4732 cato
2339 4675 2552 4732 illorum
2573 4677 2770 4747 gavisze
2797 4683 2922 4732 sunt
2943 4683 3152 4747 gentes,
3177 4674 3298 4746 quia
3335 4671 3525 4728 salvam:
3547 4667 3644 4718 sunt
3664 4675 3674 4709 :

2192 4765 2275 4822 sic
2305 4765 2658 4822 conversione
2695 4780 2882 4822 eorum
2911 4765 3190 4822 laetentur:
3221 4765 3439 4836 ipsorum
3469 4755 3676 4834 enim‘oc-

2193 4855 2412 4912 casione
2441 4855 2536 4912 Dei
2563 4855 2795 4928 gratiam
2831 4855 2994 4911 citius
3028 4859 3390 4926 perceperunt.
3417 4841 3582 4920 (θήῃ.)
3604 4837 3675 4892 Ve-

2193 4961 2336 5014 τιιῐιι.
2367 4957 2428 5003 ιιι
2459 4961 2602 5018 saepe
2628 4946 3078 5014 oommonuimus,
3103 4946 3260 5001 etiam
3285 4943 3334 4997 in
3355 4932 3568 5010 praesenti
3588 4931 3674 4982 loco

2190 5039 2280 5096 illa
2310 5048 2397 5098 est
2421 5039 2756 5098 observanda
2797 5039 3074 5096 distinctio
3095 5079 3110 5104 ,
3150 5034 3284 5108 quod
3309 5028 3457 5088 Israel
3481 5025 3672 5108 ίῐυίίίθπῗι
3712 5097 3720 5102 _

2189 5131 2281 5202 qui
2323 5129 2576 5186 inimicus
2635 5137 2722 5186 est
2759 5129 2905 5195 Deo,
2947 5129 3036 5185 ille
3077 5105 3280 5184 dicatur
3313 5119 3397 5192 qui
3435 5117 3598 5202 clamat
3625 5105 3672 5161 de

2187 5199 2404 5278 Christo
2432 5239 2446 5275 :
2472 5216 2635 5285 Tolle,
2673 5219 2818 5286 tolle,
2849 5219 3095 5290 crueiﬁge
3116 5233 3230 5272 eum
3249 5213 3416 5287 (Joan.
3435 5205 3549 5275 xu).
3571 5199 3672 5290 011ος

2187 5314 2347 5370 modo
2375 5313 2518 5370 enim
2547 5284 2652 5368 non
2675 5284 2923 5368 dicantur
2937 5310 3141 5366 inimici
3163 5308 3272 5370 Dei,
3289 5304 3371 5376 qui
3387 5299 3460 5357 vel
3477 5284 3669 5392 torrente-li

2181 5407 2344 5464 etiam
2367 5423 2510 5464 nunc
2520 5407 2754 5463 dixerint
2775 5405 2990 5470 ista,vel
3014 5403 3225 5460 dicant?
3245 5398 3410 5487 Sedet
3435 5383 3668 5487 quotidie“

2180 5506 2391 5568 propter
2427 5512 2540 5560 vos,
2570 5495 2675 5552 hoc
2692 5502 2780 5550 est
2806 5507 3034 5564 quorum
3063 5491 3218 5548 saluti
3247 5486 3431 5545 scilicet
3453 5473 3664 5534 invident.

2182 5585 2532 5657 prohibentes
2560 5584 2829 5656 apostolos
2851 5585 3100 5656 gentibus
3126 5580 3294 5652 loqui,
3329 5583 3378 5632 et

2184 5651 2266 5733 ies
2307 5691 2400 5734 eos
2445 5677 2537 5752 qui
2583 5651 2907 5733 annuntiant
2944 5651 3231 5732 Christum.
3265 5661 3429 5742 (Δίῳ.)
3457 5653 3570 5726 Ουίά
3603 5651 3662 5699 ⁸⁵⁸
