4026 6180
362 311 497 368 1557

925 318 1475 375 ENARRATIONUM
1514 320 1579 374 ιλ
1621 319 1771 374 EPP.
1817 319 2020 375 PAULI
2063 319 2190 374 LIB.
2236 320 2322 376 Vl.
2347 353 2416 367 ——
2452 321 2521 378 IN
2555 322 2778 381 EPIST.
2818 325 2908 380 AD
2950 327 3117 384 ROM.

3485 335 3620 393 1553

349 430 498 485 enim
525 430 667 484 aliud
698 429 981 484 secundum
1005 431 1341 502 Evangelium
1367 434 1574 503 quidem
1598 433 1796 487 inimici
1816 449 1930 504 pro-
1962 440 2008 498 Α
2036 431 2344 504 ignorantia
2389 434 2764 500 versabantur,
2815 445 2874 491 ut
2900 445 3026 506 pote
3060 439 3178 496 sine
3220 440 3329 497 Dec
3361 461 3374 497 :
3402 457 3623 516 propter

351 532 465 591 pter
497 538 602 586 res,
629 521 730 576 nisi
762 523 904 591 quod
938 538 1124 576 eorum
1154 523 1456 591 inimicitia,
1486 540 1593 594 qua
1618 524 1939 580 occiderunt

350 611 651 676 Christum,
677 612 985 683 Evangelia,
1013 614 1156 668 sicut
1181 615 1446 681 videmus,
1470 614 1938 671 sineduhitatione

350 703 583 775 proﬁcit.
614 702 916 759 Secundum
937 694 1237 761 electionem
1262 715 1459 773 autem,
1480 707 1798 772 charissimi,
1821 722 1940 776 pro-

348 804 465 863 pter
495 802 673 873 patres
698 810 716 848 :
744 796 857 849 sine
890 797 1189 865 paznitentia
1221 799 1359 851 enim
1389 807 1510 851 sunt
1545 798 1685 851 dona
1711 807 1759 851 et
1781 814 1936 852 voca-

350 886 423 940 tio
458 886 573 941 Dei.
606 885 802 959 (Orig.)
828 886 1099 956 Quantum
1130 898 1340 960 spectat
1369 889 1435 945 ad
1467 889 1935 945 honoriﬁcentiam

349 989 596 1049 patrum,
647 981 851 1036 electus
904 989 1010 1047 est,
1051 990 1106 1036 et
1157 982 1506 1039 eharissimus
1537 984 1768 1038 habetur
1795 982 1935 1052 apud

352 1072 539 1127 Deum.
570 1073 749 1127 Semel
772 1080 950 1127 autem
971 1070 1168 1127 donata
1187 1072 1453 1128 electione
1472 1071 1666 1128 semini
1694 1082 1935 1143 patrum,

346 1172 401 1217 et
429 1162 718 1218 dilectione
747 1178 1005 1218 concessa
1025 1204 1039 1228 ,
1068 1172 1252 1219 servat
1279 1163 1396 1219 sine
1440 1164 1606 1218 dubio
1628 1163 1770 1219 Deus
1792 1164 1936 1219 dona

348 1263 403 1309 et
446 1256 788 1310 vocationem
848 1271 1001 1310 suam
1064 1271 1191 1325 erga
1244 1270 1427 1311 semen
1479 1270 1665 1310 eorum
1705 1271 1934 1327 quorum

347 1347 555 1401 meritis
597 1345 648 1400 id
678 1345 858 1414 aliquo
896 1346 1056 1401 modo
1093 1346 1321 1416 largitus
1346 1355 1428 1401 est
1464 1361 1478 1399 :
1521 1361 1621 1401 nec
1654 1346 1937 1417 pmnitudo

347 1437 578 1491 incurrit
625 1436 680 1491 in
724 1435 930 1502 Deum,
960 1436 1175 1492 etiamsi
1223 1438 1402 1493 minus
1453 1438 1598 1508 digni
1647 1438 1936 1493 videantur

343 1526 580 1581 existere
628 1526 683 1581 hi
720 1541 849 1597 erga
885 1541 1023 1595 quos
1069 1526 1334 1595 promissa
1379 1526 1627 1596 patribus
1671 1526 1933 1582 beneﬁcia

345 1615 716 1671 conferuntur.
769 1616 967 1689 (Amb.)
1007 1616 1266 1684 Quamvis
1305 1619 1542 1688 graviter
1589 1618 1935 1686 peccaverint

342 1707 513 1762 Judaei
569 1706 910 1778 reprobando
940 1708 1140 1763 donum
1166 1708 1285 1774 Dei,
1310 1717 1365 1764 et
1393 1708 1541 1779 digni
1575 1709 1687 1764 sint
1726 1718 1930 1775 morte,

2039 524 2183 595 quod
2210 524 2556 581 manifestata
2594 527 2677 581 lex
2710 528 2763 581 in
2802 528 3000 583 litteris
3031 539 3133 596 est,
3163 547 3268 601 qua
3298 546 3517 603 possent
3543 539 3626 593 in-

2038 611 2241 669 frenari
2272 615 2613 686 praecipites;
2653 627 2711 671 et
2741 618 2999 686 quoniam
3040 623 3280 676 versutia
3325 625 3622 684 adversarii

2038 700 2303 756 cumulari
2326 712 2544 773 peccata
2570 714 2871 776 eruperunt,
2888 716 2946 761 ut
2962 722 3063 777 per
3085 709 3429 767 interdictum
3452 717 3625 787 magis

2038 808 2166 849 reus
2193 795 2836 875 homogconstitueretur;
2871 800 3014 855 Deus
3047 800 3333 858 clementia
3366 804 3625 861 bonitatis

2038 898 2149 939 sua:
2175 898 2390 956 semper
2419 887 2626 942 homini
2646 904 2986 957 procurans,
3018 899 3078 945 ut
3105 900 3162 947 et
3190 896 3333 963 quod
3361 897 3478 950 sine
3509 896 3623 965 lege

2036 981 2319 1041 peccatum
2347 983 2485 1038 erat,
2512 982 2567 1028 et
2598 976 2651 1028 in
2684 976 2800 1048 lege
2826 979 2997 1047 possit
3023 980 3221 1045 deleri;
3248 982 3350 1035 hoc
3385 983 3623 1038 decrevit

2038 1062 2285 1117 utsolam
2316 1063 2476 1118 ﬁdem
2514 1077 2768 1134 poneret,
2812 1082 2908 1135 per
2935 1084 3098 1139 quam
3128 1071 3368 1125 omnium
3396 1085 3619 1143 peccata

2039 1151 2427 1220 abolerentur;
2458 1164 2517 1208 ut
2543 1155 2668 1224 quia
2700 1157 2846 1210 nulla
2878 1173 3001 1228 spes
3041 1175 3138 1229 per
3173 1161 3345 1232 legem
3372 1166 3622 1219 omnibus

2037 1241 2350 1297 hominibus
2380 1253 2533 1310 erat,
2566 1245 2659 1300 Dei
2692 1247 3063 1304 misericordia
3111 1253 3467 1308 salvarcntur.
3509 1257 3622 1317 Ποῦ

2034 1338 2121 1385 est
2144 1332 2324 1387 omnia
2364 1334 2695 1390 conclusisse
2742 1337 2796 1389 in
2844 1338 3256 1408 incredulitate,
3291 1352 3350 1398 ut
3376 1353 3502 1400 tunc
3527 1347 3622 1399 de-

2035 1430 2245 1476 cretum
2274 1423 2473 1479 donum
2510 1439 2540 1479 a
2582 1425 2695 1480 Deo
2737 1428 2964 1494 veniret,
2997 1430 3213 1498 quando
3246 1446 3436 1488 omnes
3480 1436 3617 1489 ditii-

2036 1511 2217 1566 dentia
2240 1512 2572 1579 laborarent,
2592 1527 2651 1571 ut
2669 1518 2843 1586 gratia
2865 1522 3106 1575 muneris
3125 1531 3269 1578 esset
3291 1526 3618 1593 gratissima.

2034 1600 2221 1672 Itaque
2245 1619 2406 1659 nemo
2437 1620 2497 1660 se
2520 1606 2723 1676 jactet;
2759 1610 3018 1666 miserum
3052 1623 3137 1669 est
3157 1616 3303 1670 enim
3332 1619 3621 1686 superbum

2035 1709 2159 1751 esse
2205 1710 2363 1762 cum,
2415 1698 2504 1753 cui
2535 1699 2777 1770 ignotum
2813 1713 2919 1759 est.
2965 1704 3162 1778 (Θήρ.)
3215 1707 3271 1762 ln
3313 1709 3399 1764 his
3441 1720 3622 1771 autem

346 1806 525 1852 tamen
554 1797 679 1866 quia
711 1796 808 1851 qui
837 1804 966 1852 sum
995 1798 1260 1852 honorum
1296 1812 1529 1868 quorum
1570 1801 1925 1870 pmmgama
1958 1799 2000 1857 Β
2028 1786 2236 1856 positus
2262 1787 2397 1843 locis
2424 1788 2642 1858 Paulus,
2664 1801 2720 1848 et
2742 1792 2904 1850 altius
2932 1794 3147 1852 intuens
3169 1798 3473 1867 hujusmodi
3494 1818 3623 1857 ean--

343 1896 397 1940 et
427 1886 620 1941 merito
648 1887 880 1957 plurima
918 1902 949 1942 a
976 1887 1087 1942 Deo
1114 1887 1380 1943 beneﬁcia
1422 1900 1810 1960 perceperunt,
1841 1906 1928 1946 re-

342 1974 514 2046 gressi
537 1976 604 2030 ad
630 1977 788 2031 ﬁdem
811 1977 1179 2047 suscipiantur
1197 1992 1322 2032 cum
1346 1978 1551 2044 laetitia,
1571 1989 1627 2035 et
1645 1980 1773 2050 quia
1797 1981 1930 2036 dile-

341 2066 450 2121 ctio
478 2064 531 2119 in
555 2065 642 2121 his
664 2066 760 2122 Dei
786 2068 1151 2123 exsuscitatur
1176 2070 1436 2126 memoria
1469 2079 1706 2139 patrum.
1727 2069 1928 2144 (θήρ.)

344 2153 940 2226 Βεοιιηόιιηῖτθιίιιυίοε
983 2166 1164 2212 autem
1193 2173 1313 2228 qua:
1357 2158 1629 2216 salvandze
1656 2161 1925 2227 dicuntur,

344 2242 397 2299 in
422 2243 619 2314 quibus
638 2244 832 2300 electio
856 2247 1195 2302 credentium
1224 2249 1512 2305 subsecuta
1541 2260 1716 2306 estex
1742 2251 1929 2317 Israel,

342 2336 643 2391 charissimi
669 2345 799 2391 sunt
835 2348 1046 2409 propter
1065 2348 1262 2408 patres,
1286 2354 1517 2409 quorum
1543 2340 1750 2396 scilicet
1770 2340 1931 2396 ﬁdem

342 2436 661 2501 sequentes,
697 2431 931 2484 credunt
971 2430 1026 2483 ia
1062 2446 1181 2514 eum
1228 2431 1318 2501 qui
1356 2432 1626 2486 suscitavit
1666 2429 1932 2486 Christum

341 2520 523 2575 Iesum
553 2538 586 2575 a
618 2521 858 2574 mortuis“.
900 2521 968 2575 Et
995 2522 1291 2576 secundum
1327 2523 1432 2579 hoc
1465 2538 1593 2594 erga
1628 2522 1933 2592 hujusmodi

340 2625 527 2666 semen
572 2613 686 2666 sine
733 2613 1032 2682 paenitentia
1077 2623 1200 2667 sunt
1248 2614 1389 2669 dona
1452 2625 1500 2669 et
1567 2617 1769 2670 vacatio
1812 2616 1932 2670 Dei.

341 2701 542 2773 (dmin)
568 2702 713 2769 Quia
766 2703 941 2774 gratia
980 2703 1079 2758 Dei
1122 2704 1178 2758 in
1224 2705 1553 2775 baptismate
1591 2722 1701 2762 non
1741 2708 1936 2777 quaerit

260 2855 269 2866 ι
341 2795 621 2864 gemitum,
646 2803 741 2849 aut
766 2795 1062 2867 planctum,
1092 2809 1184 2852 aut
1205 2812 1342 2868 opus
1367 2799 1608 2869 aliquod,
1635 2801 1740 2854 nisi
1762 2801 1933 2856 solum

339 2900 405 2939 ex
437 2885 601 2941 corde
628 2884 1022 2955 professionem
1055 2905 1068 2940 :
1098 2902 1205 2941 non
1227 2887 1370 2941 enim
1396 2888 1523 2958 quia
1549 2888 1789 2960 graviter
1809 2886 1940 2944 deli-

341 2985 593 3049 querant,
620 2993 726 3033 non
752 2979 1064 3051 recipiendo
1092 2982 1420 3052 promissum
1451 2983 1562 3049 Dei,
1587 2992 1642 3038 et
1667 2983 1792 3053 quia
1817 2999 1937 3053 quas

340 3071 581 3147 graviter
607 3082 923 3141 peccantur,
972 3089 1083 3129 non
1128 3075 1233 3131 nisi
1274 3077 1474 3147 gemitu
1503 3086 1560 3133 et
1582 3076 1709 3133 lletu
1746 3078 1814 3132 ad
1844 3092 1937 3132 ve-

2027 1892 2117 1930 sas
2141 1916 2156 1941 ,
2204 1879 2477 1946 quomodo
2516 1880 2657 1937 Deus
2698 1883 2900 1937 malum
2939 1887 3274 1955 propositum
3304 1904 3411 1944 non
3448 1891 3623 1946 conti»

2027 1982 2137 2021 nuo
2182 1978 2410 2033 resecet,
2456 1979 2515 2024 et
2556 1972 2806 2039 excidat,
2838 1975 2932 2029 sed
2956 1977 3217 2044 patiatur,
3247 1986 3301 2032 et
3339 1991 3575 2036 reservet
3604 2000 3618 2036 :

2028 2058 2364 2127 prospiciens
2393 2060 2519 2128 quia
2545 2062 2748 2131 aliquid
2775 2064 2903 2119 boni
2927 2066 2978 2119 in
3000 2066 3119 2121 aliis
3156 2068 3408 2126 facturus
3429 2074 3500 2126 sit
3528 2088 3624 2145 per

2029 2147 2253 2203 alterius
2273 2152 2609 2220 propositum
2638 2154 2835 2211 malum
2865 2173 2880 2212 :
2906 2157 3097 2224 abhis,
3113 2160 3407 2232 opinor,de
3426 2166 3622 2234 quibus

2030 2237 2369 2310 loquebatur,
2390 2244 2576 2298 retulit
2599 2246 2786 2302 oculos
2807 2249 2988 2304 cordis
3002 2238 3089 2307 sui
3119 2254 3184 2307 ad
3206 2254 3377 2324 ipsam
3406 2258 3624 2314 malitia:

2030 2332 2318 2402 originem,
2343 2337 2489 2404 quod
2512 2352 2637 2391 eam
2664 2339 2809 2395 Deus
2830 2357 2897 2396 ex
2922 2342 3078 2399 initio
3102 2346 3155 2400 in
3180 2347 3265 2402 his
3284 2349 3477 2417 quibus
3502 2361 3622 2405 orta

2028 2426 2462 2495 est,tquicunquc
2489 2427 2565 2483 illi
2591 2441 2741 2496 sunt,
2773 2432 3122 2501 pullulantem
3148 2444 3204 2491 et
3223 2439 3433 2493 arbitrii
3455 2440 3622 2496 liber-

2034 2522 2145 2569 tate
2183 2526 2518 2575 crescentem
2566 2521 2698 2577 utile
2740 2522 3191 2592 nonjudieaverit
3220 2543 3498 2597 resecare;
3529 2534 3624 2588 sed

2034 2608 2346 2676 permiserit
2382 2623 2478 2665 eos
2513 2611 2591 2665 uti
2632 2615 2911 2683 proposito
2946 2631 3074 2686 suo,
3117 2618 3295 2676 sciens
3318 2628 3374 2675 et
3410 2623 3620 2691 prospi-

2035 2699 2188 2754 ciens
2213 2700 2338 2770 quia
2368 2702 2662 2760 multorum
2686 2707 2962 2777 profectus
2988 2720 3043 2764 et
3072 2712 3277 2767 utilitas
3309 2730 3373 2767 ex
3405 2715 3624 2772 malitias

2036 2787 2250 2844 illorum
2276 2794 2562 2849 occasione
2592 2806 2903 2866 consurget,
2928 2808 2983 2854 et
3024 2800 3076 2855 in
3117 2810 3322 2858 tinuum
3360 2808 3502 2876 apud
3529 2808 3623 2864 bo-

2038 2896 2167 2935 num
2192 2884 2359 2936 Deum
2382 2884 2566 2938 virtuti
2593 2886 2743 2941 locus
2763 2897 2870 2953 est,
2885 2897 2945 2943 ut
2965 2898 3020 2945 et
3040 2891 3258 2947 malitia:
3280 2908 3413 2963 opus
3435 2912 3624 2966 quam-

2037 2971 2125 3027 vis
2158 2971 2236 3026 illi
2265 2975 2568 3043 perniciosa
2599 2977 2700 3041 sit,
2733 2977 2802 3031 de
2829 2994 2937 3044 quo
2982 2983 3259 3049 procedit,
3300 2984 3621 3041 beneﬁcium

2040 3069 2221 3117 tamen
2270 3074 2532 3132 prazstare
2595 3067 2938 3137 dispensatur
2988 3073 3075 3126 cui
3131 3089 3333 3142 agones
3385 3092 3622 3133 commo-

343 3165 486 3219 niam
515 3166 805 3234 ρεισιίιιρηι,
836 3182 903 3222 ne
934 3167 1058 3222 ideo
1087 3167 1208 3223 illos
1233 3184 1340 3224 non
1368 3180 1529 3239 posse
1544 3167 1658 3237 jam
1683 3169 1934 3239 accipere
1959 3153 2004 3214 C
2035 3163 2144 3219 vet,
2169 3172 2292 3211 cum
2322 3157 2487 3214 fuerit
2507 3171 2784 3231 superata.
2812 3163 3179 3222 Considerans
3210 3169 3376 3239 igitur
3399 3180 3622 3227 sanctus

342 3256 767 3312 misericordiam
795 3266 1086 3328 putarent,
1111 3259 1239 3329 quia
1274 3259 1457 3314 dolere
1496 3259 1616 3313 illos
1638 3274 1745 3313 non
1782 3260 1934 3314 vide-

342 3347 506 3412 bant;
531 3349 768 3403 ostendit
795 3351 898 3404 hoc
920 3351 1060 3405 inter
1080 3351 1376 3422 primordia
1404 3351 1530 3406 ﬁdei
1553 3367 1661 3407 non
1682 3352 1886 3421 requiri
1914 3370 1935 3407 ε»

342 3437 542 3492 donum
582 3438 727 3492 enim
771 3438 864 3493 Dei
908 3441 1080 3509 gratis
1115 3440 1279 3495 donat
1307 3449 1530 3511 peccata
1563 3443 1616 3496 in
1642 3442 1930 3513 baptismo.

345 3527 549 3600 (0rig.)
583 3528 716 3584 Post
743 3529 861 3585 haec
882 3545 1014 3584 vero
1040 3531 1204 3585 etiam
1231 3530 1462 3588 latentes
1486 3541 1540 3589 et
1558 3533 1935 3604 profundiores

345 3619 746 3675 incredulitatis
782 3633 969 3674 eorum
1012 3621 1183 3691 aperit
1223 3637 1449 3687 causas,
1493 3632 1550 3679 et
1596 3622 1932 3679 dicit:Sicut

344 3710 482 3763 enim
510 3708 798 3780 aliquando
818 3719 866 3764 et
884 3726 968 3765 vos
995 3725 1099 3764 non
1127 3711 1422 3767 credidistis
1438 3712 1568 3779 Deo,
1598 3729 1735 3768 nunc
1759 3722 1934 3767 autem

344 3802 760 3859 misericordium
793 3804 1061 3859 consecuti
1098 3805 1221 3859 estis
1259 3815 1470 3875 propter
1506 3805 1721 3860 illorum
1764 3806 1935 3860 inore-

345 3894 618 3950 dulitatem
633 3914 652 3961 ;
681 3897 757 3951 ita
783 3905 832 3950 et
853 3898 941 3951 isti
967 3910 1105 3951 nune
1143 3912 1247 3950 non
1273 3897 1605 3951 crediderunt
1629 3897 1686 3951 in
1712 3904 1933 3950 vestram

346 3987 784 4054 misericordiam,
810 3996 867 4041 ut
889 3996 937 4042 et
959 3986 1058 4057 ipsi
1087 3985 1506 4041 misericordiam
1528 3993 1930 4054 consequantur.

348 4077 613 4133 Conclusit
644 4079 780 4133 enim
804 4077 943 4133 Deus
964 4079 1139 4135 omnia
1164 4078 1219 4131 in
1242 4075 1608 4132 incredulitate
1625 4085 1679 4129 ut
1700 4075 1933 4130 omnium

347 4171 676 4225 misereatur.
710 4169 862 4225 Sicut
887 4211 903 4237 ,
934 4170 1142 4240 inquit,
1177 4186 1274 4226 vos
1312 4177 1501 4241 genus
1527 4169 1799 4239 quondam
1825 4182 1934 4222 non

349 4262 657 4317 credebatis
686 4261 818 4327 Deo,
842 4274 945 4317 nec
979 4270 1161 4316 tamen
1206 4262 1411 4317 idcirco
1456 4260 1674 4330 penitus
1716 4259 1935 4328 reliquit

350 4370 450 4412 vos
475 4357 637 4421 Deus,
665 4356 760 4411 sed
789 4353 1080 4424 aliquando
1110 4355 1179 4409 ad
1220 4354 1470 4409 ultimum
1506 4351 1933 4408 misericordiam

351 4448 626 4504 consecuti
672 4448 840 4512 estis,
883 4447 1100 4503 occasio
1145 4455 1322 4502 tamen
1350 4444 1691 4501 conferendae
1735 4445 1790 4498 in
1837 4457 1935 4498 vos

2033 3245 2324 3315 Apostolus
2352 3255 2534 3305 tantas
2563 3266 2684 3307 esse
2707 3254 2967 3311 bonitatis
2993 3256 3084 3311 Dei
3126 3257 3342 3314 divitias
3361 3301 3376 3325 ,
3415 3270 3470 3317 et
3507 3272 3625 3318 tan.

2038 3345 2151 3390 tum
2197 3338 2395 3394 divinae
2445 3340 2727 3410 sapientiae
2777 3359 2914 3412 opus
2962 3360 3090 3417 erga
3140 3350 3491 3408 rationabiles
3536 3356 3621 3425 agi

2033 3434 2282 3494 naturas,
2314 3438 2379 3486 et
2397 3431 2522 3500 quia
2549 3440 2761 3487 tantum
2789 3434 2931 3489 Deus
2955 3437 3106 3492 dives
3126 3446 3212 3492 est
3233 3440 3625 3497 inmisericor-

2035 3519 2121 3573 dia
2140 3560 2156 3585 ,
2187 3530 2239 3575 et
2282 3521 2439 3577 dives
2468 3523 2522 3576 in
2551 3539 2778 3589 omnes,
2805 3527 2898 3594 qui
2928 3530 3184 3583 invocant
3206 3544 3362 3597 eum,
3390 3541 3447 3586 et
3471 3541 3622 3588 tanta

2033 3617 2118 3664 est
2157 3609 2421 3666 bonitatis
2458 3612 2611 3682 ejus,
2650 3623 2707 3667 et
2747 3616 3041 3684 patientiae,
3095 3628 3152 3673 et
3194 3619 3625 3690 longauitnitatis

2035 3700 2350 3769 magnitudo
2374 3738 2390 3765 ,
2447 3691 2674 3769 repente
2721 3703 3077 3761 interioribus
3110 3720 3208 3762 eas
3246 3711 3427 3764 cordis
3453 3713 3627 3769 oculis

2034 3788 2252 3844 intuens
2273 3789 2522 3845 immensi
2531 3798 2807 3861 talemque
2820 3808 3007 3849 earum
3034 3799 3388 3866 perspiciens,
3404 3811 3626 3872 stupore

2035 3879 2200 3934 simul
2220 3888 2286 3936 et
2307 3895 2509 3949 pavore
2531 3882 2814 3950 perculsus
2835 3885 3106 3941 exclamat
3129 3896 3187 3942 et
3213 3889 3346 3945 dicit
3374 3909 3387 3944 :

2105 3970 2152 4026 0
2201 3972 2428 4026 altitudo
2468 3974 2771 4028 diuitiarum
2812 3979 3085 4046 sapientia:
3132 3990 3180 4033 et
3225 3984 3626 4039 scientias-Dei!

2038 4064 2212 4131 Quam
2254 4067 2621 4122 inscrutabiliu
2659 4079 2784 4122 sunt
2822 4070 3035 4139 judicia
3080 4073 3218 4143 ejus,
3259 4087 3307 4130 et
3349 4078 3628 4150 investiga-

2036 4157 2164 4212 biles
2188 4159 2286 4212 aiat
2313 4158 2449 4227 ejus.
2475 4157 2678 4231 (Amb.)
2706 4161 2992 4217 Excelsum
3022 4174 3079 4219 et
3108 4167 3429 4224 immensum
3456 4171 3624 4225 Deum

2038 4252 2091 4305 in
2119 4251 2324 4306 divitiis
2347 4252 2627 4321 sapientiae
2648 4262 2704 4308 et
2732 4254 2977 4312 scientia:
3005 4273 3116 4315 sum
3137 4274 3260 4315 cum
3285 4263 3433 4317 omni
3469 4264 3626 4320 laude

2035 4352 2092 4399 et
2120 4343 2415 4414 gratiarum
2441 4345 2656 4401 actione
2685 4353 2916 4401 testatur
2941 4366 2954 4401 :
2981 4358 3066 4405 est
3090 4351 3236 4404 enim
3259 4353 3544 4408 consilium
3570 4363 3627 4409 et

2032 4436 2297 4507 judicium
2320 4439 2441 4510 ejus
2465 4440 3032 4511 incomprehensibile.
3061 4443 3196 4498 Nam
3220 4447 3403 4501 sciens
3427 4448 3495 4503 ab
3517 4448 3624 4502 ini-

352 4499 740 4595 misericordia:
779 4499 962 4608 pdpuli
1002 4535 1168 4591 Israel
1208 4534 1558 4592 incredulitas
1586 4533 1831 4589 exstitit:
1858 4533 1934 4588 ita
1962 4499 2012 4559 θ
2043 4528 2120 4583 tio
2139 4531 2582 4585 convet'sationes
2621 4543 2676 4586 et
2715 4547 2877 4601 opera
2922 4534 3198 4589 hominum
3223 4576 3239 4603 ,
3284 4538 3408 4607 quia
3451 4554 3626 4610 neque

349 4630 514 4686 etiam
560 4628 616 4683 hi
651 4628 744 4699 qui
785 4642 930 4682 nunc
974 4625 1043 4682 de
1082 4626 1281 4698 populo
1327 4625 1493 4681 Israel
1537 4641 1644 4681 non
1693 4625 1938 4681 credide-

350 4728 499 4785 runt,
532 4728 585 4776 et
614 4734 715 4790 pro
740 4716 1124 4774 incredulitate
1150 4732 1247 4773 sua
1285 4717 1526 4773 derelicti
1567 4725 1728 4783 sunt,
1771 4726 1834 4772 ut
1867 4718 1936 4773 ad

348 4827 450 4867 vos
476 4812 572 4867 Dei
612 4808 984 4866 misericordia
1023 4807 1350 4872 flecteretur,
1398 4824 1507 4865 non
1546 4823 1936 4879 usquequaque

355 4904 734 4975 relinquentur
771 4905 825 4958 in
870 4901 1245 4958 incredulitate
1285 4917 1415 4967 sua;
1463 4901 1556 4957 sed
1587 4910 1940 4971 posteaquam

355 4994 637 5066 plenitudo
678 4994 917 5065 gentium
968 4992 1282 5057 intraverit,
1317 4992 1480 5047 etiam
1506 4992 1608 5061 ipsi
1637 4993 1943 5048 misericor-

355 5086 498 5142 diam
528 5094 943 5155 consequentur.
967 5083 1024 5137 ln
1048 5098 1156 5152 quo
1182 5083 1368 5139 volens
1405 5082 1694 5152 Apostolus
1720 5083 1938 5138 bonita-

357 5185 465 5233 tem
494 5177 907 5239 Deiostendere
924 5216 939 5241 ,
963 5190 1069 5245 qua
1092 5190 1191 5245 per
1249 5175 1681 5231 incredulitatem
1710 5175 1940 5230 aliorqu

356 5269 586 5324 salutem
610 5268 758 5333 facit,
781 5265 1069 5331 Conclusit,
1095 5265 1291 5335 inquit,
1330 5264 1471 5321 Deus
1495 5280 1672 5320 omnes
1694 5267 1748 5319 in
1769 5266 1941 5321 incre-

356 5360 577 5414 dulitate
630 5370 687 5414 ut
731 5360 967 5414 omnibus
1013 5358 1323 5413 misereatur
1356 5372 1375 5410 :
1402 5372 1511 5411 non
1555 5372 1664 5428 quo
1708 5357 1823 5427 ipse
1856 5356 1939 5412 eis

357 5449 608 5519 iniecerit
642 5448 1034 5505 incredulitatis
1071 5447 1428 5518 propositum,
1471 5446 1567 5502 sed
1603 5462 1671 5501 ex
1696 5446 1937 5517 ipsorum

361 5540 752 5597 incredulitatis
793 5540 1068 5611 proposito
1108 5538 1364 5595 credendi
1403 5538 1609 5593 aditum
1669 5538 1791 5593 aliis
1846 5538 1940 5608 qui

358 5639 414 5687 et
437 5631 536 5700 ipsi
570 5631 723 5701 prius
753 5628 1011 5686 increduli
1038 5628 1253 5685 fuerant
1279 5628 1555 5699 patefecit.
1583 5627 1784 5699 (Δηώ.)
1806 5627 1943 5683 Por-

364 5737 425 5777 ro
468 5731 657 5789 gentes
702 5721 772 5775 ab
819 5719 1057 5788 antiquis
1114 5719 1447 5790 temporibus
1492 5718 1546 5774 in
1584 5718 1861 5789 impietate
1887 5726 1945 5774 et

2042 4618 2157 4675 sola
2199 4620 2487 4675 severitate
2530 4620 2758 4692 justiti-.1:
2786 4623 2983 4679 salvari
3021 4623 3191 4695 pessit
3231 4629 3506 4684 hominum
3535 4648 3628 4704 ge-

2042 4728 2165 4779 nus,
2197 4728 2373 4785 neque
2403 4716 2517 4771 sola
2545 4718 2920 4774 misericordia
2963 4724 3028 4776 ad
3059 4722 3357 4791 profectum
3407 4726 3627 4780 merito-

2043 4822 2163 4861 rum
2211 4809 2526 4876 pervenire,
2567 4822 2891 4882 unoquoque
2932 4820 3174 4883 tempore
3213 4815 3454 4885 decrevit
3496 4817 3625 4885 quid

2042 4911 2189 4958 esset
2226 4903 2663 4974 prtedicandnm;
2694 4915 2832 4963 “ante
2863 4915 3043 4963 tamen
3079 4908 3399 4977 permittens
3433 4924 3624 4962 unum-

2040 5008 2311 5064 quemque
2336 5009 2433 5047 suo
2455 4990 2694 5062 judicio,
2731 4998 2855 5065 quia
2889 5006 3076 5050 natura
3113 4996 3226 5065 ipsa
3254 4996 3391 5053 duce
3429 5012 3626 5066 cogno-

2040 5084 2213 5138 scitur
2231 5083 2464 5151 justitia.
2494 5085 2563 5139 Et
2599 5086 2726 5155 quia
2772 5086 3068 5140 auctoritas
3110 5086 3374 5142 naturalis
3397 5086 3624 5156 justitia:

2039 5173 2390 5243 obtorpuerat
2412 5174 2805 5230 consuetudine
2835 5174 3203 5245 delinquendi,
3232 5178 3360 5232 data
3389 5178 3473 5233 lex
3508 5188 3621 5245 est,

2041 5269 2104 5316 ut
2122 5262 2417 5317 humanum
2439 5278 2609 5333 genus
2624 5272 2831 5319 terrore
2853 5264 3210 5321 manifestata:
3230 5266 3362 5337 legis
3381 5267 3625 5324 frenare-

2043 5361 2151 5408 tur.
2196 5351 2303 5409 Sed
2326 5355 2453 5423 quia
2493 5370 2601 5409 non
2649 5369 2709 5410 se
2747 5356 3093 5422 cohibentes,
3128 5358 3205 5413 rei
3245 5360 3566 5414 tenebantur
3592 5376 3623 5415 a

2042 5439 2190 5509 lege,
2218 5442 2508 5509 praedicata
2548 5442 2920 5499 misericordia
2957 5453 3060 5511 est,
3082 5459 3204 5515 quae
3238 5445 3307 5499 ad
3347 5460 3408 5500 se
3439 5445 3626 5502 confu-

2043 5531 2252 5601 gientes
2266 5531 2522 5596 salvaret,
2539 5532 2841 5589 refutantes
2859 5543 3043 5590 autem
3063 5543 3296 5591 caecaret
3308 5536 3375 5591 ad
3388 5543 3620 5607 tempus,

2044 5622 2109 5677 ad
2128 5620 2545 5691 promissionem
2557 5636 2744 5677 eorum
2762 5633 2952 5694 gentes
2965 5625 3222 5690 invitans,
3236 5640 3356 5695 quae
3375 5626 3525 5696 prius
3534 5626 3625 5695 ju-

2044 5712 2248 5770 stitiam
2268 5711 2363 5767 Dei
2391 5725 2490 5781 per
2513 5711 2731 5785 Moysen
2756 5714 2936 5771 datam
2961 5714 3114 5784 sequi
3130 5714 3438 5778 noluerunt.
3454 5718 3625 5772 ntho-
