4026 6180
478 225 515 245 ρ

474 268 489 281 ”
517 292 690 358 ,1559

1219 277 1280 331 Β.
1314 273 1572 329 {MBAN
1609 269 1826 326 MAIIRI
1867 264 2180 324 ARCliiEP.
2223 258 2530 317 MOGUNT.
2569 254 2850 314 OPERUM
2891 254 3064 310 PARS
3102 253 3183 309 ill.

3578 262 3672 317 ιθω

554 423 669 467 run
695 402 852 460 saluti
883 400 1005 455 dum
1034 394 1297 456 invident,
1328 392 1445 461 ipso
1471 388 1586 442 zelo
1618 388 1683 440 ad
1711 384 1909 439 radicis
1941 381 2127 436 Salva-
2157 385 2202 442 Α
2233 375 2393 428 modo
2426 382 2481 428 et
2521 371 2769 441 gentibus
2801 369 3023 422 arduum
3070 379 3122 421 (ιι
3157 367 3447 422 incredulum
3470 372 3677 429 videbatur

553 498 687 553 toris
720 493 982 563 originem
1005 503 1063 542 se
1087 484 1447 539 rel'ormarent
1466 478 1743 548 promissa:
1765 475 1822 529 in
1847 475 1977 543 lege.

547 597 634 642 ρδι
662 605 678 635 ι
700 562 923 639 altitudo
939 578 1247 634 divitiarum
1266 571 1541 641 sapientiae
1557 578 1612 623 et
1623 566 1859 621 scientia:
1872 564 1963 617 Dei
1975 582 2017 627 ,ι
2036 562 2129 632 qui

555 690 663 734 tam
696 677 914 732 iudices
943 687 1101 743 quam
1130 679 1318 739 gentes
1342 663 1633 719 multifaria
1668 658 2004 731 providentia
2042 670 2132 711 ac-

558 771 773 843 quisivit
799 769 864 824 ad
890 768 1076 821 vitam.
1098 760 1295 834 (0rig.)
1320 758 1470 812 Unde
1494 755 1649 810 enim‘
1664 755 1909 807 humanae
1934 750 2131 803 mentis

553 842 745 920 sensus
792 861 890 913 ista
935 862 1114 926 posset
1140 849 1369 920 opinari,
1394 855 1451 899 ut
1480 852 1692 900 servata
1728 842 2016 909 unicuique
2044 855 2131 892 ar-

559 952 700 1005 bitrii
732 950 999 1009 libertate,
1017 943 1237 996 alterius
1262 937 1477 992 malitia:
1497 950 1632 1004 opus
1655 939 1955 985 verteretur
1975 928 2130 982 alteri

557 1043 620 1096 ad
653 1041 898 1101 salutem,
925 1044 978 1089 et
1006 1032 1240 1087 vincenti
1264 1045 1320 1083 se
1348 1027 1551 1082 malitia
1578 1024 1809 1093 palmam
1838 1020 2127 1080 conferret,

556 1149 675 1203 qtae
704 1128 869 1182 utenti
900 1141 957 1181 se
986 1122 1275 1193 perniciem
1307 1115 1660 1188 prmbet?His
1682 1114 1845 1183 igitur
1870 1109 2127 1179 generali,

556 1202 817 1291 quantum
852 1218 1082 1279 videtur,
1108 1209 1395 1280 Apostolus
1428 1208 1634 1259 ratione
1670 1202 1997 1273 perspectis,
2028 1213 2127 1252 cx-

556 1290 773 1371 clamat,
820 1315 874 1359 et
918 1305 1067 1363 dicit,
1100 1301 1225 1370 quia
1271 1306 1416 1351 tanta
1448 1295 1673 1348 altitu'to
1708 1301 1791 1347 est
1820 1290 2128 1344 divitiarum

557 1402 650 1456 Dei
670 1442 683 1463 ,
718 1409 771 1453 et
796 1396 1071 1466 sapientiae
1101 1392 1213 1459 ejus
1239 1398 1382 1444 tanta
1422 1397 1504 1441 est
1530 1386 1786 1447 altitudo,
1811 1393 1868 1437 et
1892 1381 2130 1435 scientia:

560 1490 908 1547 nihilominus
949 1495 1094 1540 tanta
1128 1492 1211 1537 est
1240 1480 1465 1534 altitudo
1493 1478 1593 1548 (ad
1616 1477 1803 1531 omnia
1832 1475 1975 1529 enim
2014 1473 2131 1526 haec

560 1577 857 1635 altitudinis
884 1590 1062 1630 sermo
1090 1570 1380 1639 deservit),
1411 1579 1470 1622 ut
1504 1565 1735 1621 scrutari
1759 1564 1957 1632 judicia
1988 1562 2127 1631 ejus,

557 1670 753 1740 quibus
804 1676 1235 1734 unamquamque
1259 1662 1490 1714 animam
1523 1666 1685 1727 atque
1720 1671 1935 1709 omnem
1970 1663 2131 1709 natu-

2232 465 2468 530 Judteos,
2514 464 2608 533 qui
2656 480 2763 516 non
2798 461 2943 514 cred
2970 468 3168 522 erant,
3196 474 3336 527 posse
3379 464 3586 524 converti,
3617 481 3680 521 aut

2233 558 2517 613 credentes
2540 553 2743 622 suscipi
2794 560 2853 604 ut
2896 551 3241 605 sanarentur.
3281 549 3405 604 Inter
3440 562 3591 606 cetera
3610 556 3680 611 hoc

2231 657 2315 703 est
2339 646 2622 701 c0;:silittm
2668 642 2783 707 Dei,
2813 641 2955 709 quod
2995 639 3170 701 latuit,
3205 654 3296 691 nec
3334 642 3479 706 potuit
3501 656 3678 711 compte.

2233 738 2415 793 bendi.
2447 736 2642 807 (οι-ξς.)
2676 734 2837 788 Vides
2883 746 3011 800 ergo
3037 729 3175 798 quod
3217 726 3393 783 Paulus
3419 729 3462 783 in
3503 736 3681 800 pruenti

2231 828 2466 898 capitulo
2493 843 2546 880 tu
2597 827 2668 880 iis
2694 840 2816 893 qua:
2853 822 2983 876 dicit
3013 840 3026 873 :
3064 821 3189 885 Quis
3222 820 3350 872 cium
3385 821 3570 887 cognovi.
3606 839 3683 877 utt-

2229 937 2344 974 sttm
2376 917 2617 981 Domini,
2658 925 2746 968 aut
2778 913 2893 983 quia
2930 911 3251 965 consiliarius
3279 909 3348 961 illi
3369 909 3487 977 fuit?
3507 910 3557 963 de
3578 926 3681 965 erra-

2234 1010 2368 1063 turis
2390 1008 2548 1069 dicat,
2582 1014 2829 1059 naturain
2852 1018 2982 1058 vero
3013 1000 3285 1079 Trinitatis
3310 1000 3532 1068 excipiat:
3550 1002 3684 1070 quippe

2229 1101 2317 1156 cui
2366 1100 2500 1154 nilnl
2541 1099 2610 1153 sit
2651 1113 2770 1153 cum
2821 1104 3073 1150 creatura
3117 1108 3399 1156 commune,
3428 1093 3510 1146 nisi
3548 1094 3689 1148 bendi-

2230 1194 2423 1247 centiu:
2457 1206 2610 1261 opus.
2642 1190 2749 1244 Sed
2784 1197 2839 1241 et
2865 1188 3011 1259 quod
3048 1187 3123 1241 ait
3152 1204 3163 1238 :
3202 1185 3321 1251 Qui:
3356 1183 3423 1238 illi
3446 1185 3685 1240 consiliarius

2230 1286 2373 1355 fuit?
2403 1302 2507 1339 non
2549 1284 2702 1353 quasi
2747 1282 2923 1337 minus
2956 1282 3068 1351 ipse
3106 1279 3358 1334 sulliciens
3389 1280 3571 1333 consilio
3595 1279 3687 1333 indi-

2231 1389 2382 1448 geret
2409 1378 2652 1440 alterius,
2675 1377 2769 1430 sed
2792 1375 3004 1430 consilii
3032 1374 3332 1443 participem
3352 1372 3517 1424 nullum
3538 1372 3685 1440 quidem

2231 1471 2374 1526 inter
2403 1479 2685 1524 creaturas
2721 1482 2843 1523 esse
2882 1466 3213 1537 pronuntiat.
3242 1463 3499 1519 Consilium
3518 1479 3611 1517 vero
3635 1478 3687 1516 sa-

2228 1561 2399 1632 pienti
2428 1560 2732 1616 necessario
2761 1558 2814 1613 in
2848 1555 3119 1627 sapientia
3155 1569 3248 1610 sua
3284 1563 3377 1618 est,
3400 1555 3477 1621 qui
3502 1562 3567 1607 est
3585 1552 3688 1606 Clitio

2230 1659 2362 1713 stus,
2387 1658 2442 1703 et
2475 1649 2528 1702 in
2558 1648 2847 1704 sanctitate
2865 1688 2881 1712 ,
2923 1646 3017 1715 qui
3046 1653 3130 1700 est
3153 1643 3367 1715 Spiritus
3396 1651 3595 1699 sanctus.
3631 1640 3687 1695 Si-

564 1734 679 1813 ratn
706 1755 1080 1811 rationabilem
1107 1752 1414 1821 dispensat,
1437 1764 1596 1802 nemo
1616 1745 1864 1810 sulIiciat,
1893 1760 1994 1800 nec
2021 1746 2137 1800 vias
2165 1753 2211 1812 Β
2239 1741 2350 1796 mili
2375 1749 2556 1796 autem
2583 1741 2743 1794 modo
2762 1748 2841 1804 et,
2856 1737 3159 1808 Quismrior
3170 1737 3300 1791 dedit
3322 1736 3390 1798 ei,
3410 1745 3448 1789 ot
3468 1734 3685 1787 retribuam

563 1847 770 1903 Domini
793 1845 987 1917 quibus
1007 1840 1339 1911 providentia
1362 1838 1561 1893 incedit
1587 1836 1912 1907 investigare
1941 1836 2135 1905 aliquis

560 1937 747 2008 possit.
797 1932 1005 2005 Aliquis
1030 1940 1210 1985 autem
1237 1929 1465 1984 dicimus
1497 1943 1601 1983 non
1631 1928 1804 1983 solum
1832 1928 2133 1992 hominum,

559 2027 653 2081 sed
679 2035 734 2079 et
764 2025 927 2078 totius
953 2031 1217 2077 creatura:
1246 2038 1258 2073 :
1290 2033 1464 2088 neque
1486 2018 1630 2073 enim
1660 2016 2028 2072 inscrutabilia
2048 2017 2139 2085 juo

560 2117 698 2171 dicia
757 2124 812 2170 et
861 2111 1261 2182 investigabiles
1309 2110 1408 2163 vite
1466 2109 1582 2176 ejus
1637 2107 1978 2171 dicerentur,
2031 2106 2135 2160 nisi

557 2209 685 2279 quia
727 2205 870 2260 nulla
900 2212 995 2259 est
1023 2211 1269 2258 creatura
1296 2216 1418 2269 qua:
1444 2198 1528 2253 vel
1576 2197 1901 2268 investigare
1935 2196 2133 2259 valeat,

559 2296 642 2351 vel
671 2294 922 2350 scrutari.
959 2292 1120 2347 Solus
1152 2299 1233 2345 est
1277 2290 1419 2344 enim
1459 2287 1627 2340 Filius
1655 2287 1747 2355 qui
1786 2286 1999 2342 noverit
2027 2285 2132 2340 Pa-

560 2395 723 2450 trem,
754 2393 811 2440 et
837 2383 985 2438 solus
1014 2390 1099 2437 est
1115 2400 1133 2432 ι
1156 2379 1390 2450 Spiritus
1411 2398 1429 2430 ι
1463 2386 1682 2433 sanctus
1705 2377 1796 2446 qui
1819 2394 1838 2426 ι
1862 2383 2138 2431 scrutatur

559 2490 775 2532 omnem
791 2474 955 2529 etiam
968 2472 1309 2527 altitudinem
1330 2470 1445 2524 Dei.
1470 2489 1487 2521 ι
1506 2470 1574 2523 Et
1594 2469 1717 2523 ideo
1738 2468 1879 2522 hanc
1896 2466 2136 2521 altitudi-

560 2584 686 2625 nem
733 2567 850 2631 Dei,
886 2581 1050 2636 quam
1087 2571 1143 2619 et
1171 2562 1571 2617 inscrutabilem
1603 2561 1808 2616 dicitet
1848 2560 2136 2637 investiga-

557 2659 745 2724 bilem,
759 2664 1023 2711 creatura:
1041 2654 1187 2711 omni
1206 2651 1609 2707 inscrutabilem
1626 2661 1683 2705 et
1704 2649 2135 2721 iuvestigabilem

557 2748 707 2804 dicit.
741 2746 818 2802 De
862 2746 999 2801 Filio
1038 2760 1167 2800 vero
1218 2754 1274 2799 et
1323 2742 1526 2813 Spiritu
1582 2749 1774 2797 sancto
1808 2743 1990 2796 dicere
2030 2741 2135 2796 ista

559 2855 664 2895 non
709 2847 940 2910 poterat,
987 2838 1115 2908 quia
1143 2835 1313 2892 Filius
1357 2836 1410 2890 in
1463 2835 1750 2905 Evangctio
1781 2834 1919 2890 dicit
1941 2835 2007 2889 ad
2032 2833 2136 2888 Pa-

560 2941 696 2985 trem
729 2947 742 2980 :
778 2928 961 2994 Pater,
989 2929 1164 2982 omnia
1195 2944 1309 2982 mea
1338 2938 1429 2981 tua
1451 2936 1595 2991 sunt,
1616 2936 1667 2980 et
1696 2936 1787 2979 tua
1813 2938 1927 2979 mea
1948 2924 2131 2995 (Joan.

559 3023 724 3093 xvu);
774 3031 829 3076 et
869 3021 933 3076 de
964 3019 1169 3090 Spiritu
1225 3027 1414 3075 sancto
1458 3019 1575 3089 ipse
1600 3017 1798 3073 Paulus
1822 3018 2135 3089 pronuntiat

2235 1834 2355 1887 illi?
2380 1831 2783 1903 intelligendum
2822 1841 2926 1887 est.
2978 1829 3150 1885 Nemo
3191 1829 3326 1884 enim
3357 1827 3533 1899 aliquid
3558 1825 3685 1880 {acuti

2235 1940 2333 1980 suo
2384 1924 2534 1995 prior
2564 1924 2842 1981 contulit:
2875 1924 3078 1995 quippe
3124 1937 3246 1978 cum
3291 1922 3433 1977 etiam
3456 1920 3536 1977 hoc
3571 1920 3686 1987 ipsum

2235 2016 2376 2085 quod
2391 2025 2496 2082 est,
2517 2016 2885 2086 unusquisque
2911 2032 2944 2070 a
2968 2015 3244 2071 conditore
3265 2014 3532 2082 susceperit.
3548 2008 3686 2079 (6799-)

2236 2104 2341 2160 Sed
2397 2105 2843 2175 quemadmodum
2903 2120 3029 2160 cum
3090 2104 3243 2173 panis
3293 2102 3363 2158 vel
3410 2100 3685 2155 vestimenta»

2234 2198 2412 2268 egenti
2460 2196 2677 2262 tribuis,
2707 2210 2766 2252 se
2808 2198 2914 2253 hoc
2966 2196 3224 2251 Dominus
3258 2192 3493 2263 accepisse
3515 2197 3687 2247 testatur.

2234 2288 2310 2342 ita
2347 2302 2471 2342 cum
2519 2287 2780 2343 nescienti
2827 2286 3051 2342 cuilibet
3075 2294 3275 2341 rectum
3312 2284 3548 2341 consilium
3564 2281 3683 2341 datur,

2236 2380 2337 2434 hoc
2364 2379 2479 2449 ipse
2526 2379 2748 2449 accepit,
2773 2376 2928 2446 cujus
2976 2378 3069 2433 ille
3112 2376 3392 2433 membrum
3412 2382 3483 2428 est
3519 2371 3685 2441 quiem-

2235 2473 2401 2527 ditur.
2439 2469 2642 2527 Omnes
2668 2472 2869 2527 etenim
2910 2472 3100 2528 ﬁdeles
3128 2471 3352 2526 membra
3374 2468 3515 2524 nostri
3537 2458 3688 2519 Redeu-

2233 2566 2405 2635 ptoris
2449 2579 2654 2628 sumus,
2682 2573 2738 2619 et
2771 2564 2914 2619 sicut
2936 2566 3052 2634 ipse
3082 2564 3135 2618 in
3169 2562 3314 2618 nobis
3350 2575 3435 2630 per
3468 2556 3685 2612 miserim-

2234 2657 2381 2710 diam
2424 2654 2690 2725 largitatis
2733 2654 3012 2725 pascitur,
3050 2654 3127 2708 ita
3177 2652 3285 2723 ipse
3313 2651 3362 2706 in
3390 2644 3685 2715 nobisperdo

2236 2746 2426 2802 ctrina!
2473 2744 2763 2802 consilium
2798 2746 3045 2812 juvatur.
3101 2742 3428 2809 Quoniamex
3464 2738 3550 2807 ipso
3575 2743 3686 2800 clpa

2232 2838 2403 2908 ipsum
2433 2846 2480 2890 et
2506 2835 2561 2889 in
2607 2836 2719 2906 ipso
2746 2843 2868 2891 sunt
2913 2836 3118 2900 omnia,
3157 2833 3252 2904 ipsi
3288 2830 3436 2902 gloria
3463 2829 3508 2883 in
3539 2821 3683 2879 male

2233 2931 2416 2984 Amen.
2461 2928 2700 3000 (Δηὼ.)
2736 2927 2849 2983 Hoc
2875 2927 3024 2983 dicto
3051 2927 3256 2998 aperuit
3298 2938 3510 2985 sensum,
3542 2916 3683 2987 quioc-

2233 3021 2409 3078 cultus
2438 3030 2558 3077 erat
2600 3020 2798 3075 mundo
2826 3037 2838 3072 :
2866 3020 2990 3089 quia
3023 3018 3166 3073 enim
3197 3015 3412 3073 omnium
3437 3019 3598 3067 creator
3633 3015 3685 3059 ut

557 3113 777 3167 dicens:
814 3111 980 3167 Nemo
1008 3112 1145 3164 enim
1175 3111 1271 3164 scit
1304 3112 1571 3164 [taurinum
1594 3126 1712 3180 qua:
1738 3120 1858 3164 sunt
1884 3109 2130 3175 hominis,
2160 3106 2204 3169 C
2234 3112 2396 3177 Deus,
2442 3112 2564 3166 ideo
2588 3127 2653 3165 ea:
2684 3111 2797 3181 ipso
2826 3117 2951 3164 sunt
2979 3109 3197 3172 omnia;
3228 3115 3281 3161 et
3309 3102 3519 3173 quoniam
3542 3097 3591 3151 ab
3610 3096 3685 3163 ipso

557 3200 659 3254 nisi
683 3200 913 3269 Spiritus
941 3200 1167 3253 hominis
1191 3201 1279 3269 qui
1309 3201 1363 3253 in
1388 3203 1499 3270 ipso
1525 3210 1599 3254 est
1627 3199 1677 3270 (Ι
1708 3199 1829 3253 Cor.
1855 3197 1951 3271 n);
1988 3200 2060 3252 ita
2080 3207 2130 3253 et

556 3305 675 3358 quae
710 3290 766 3342 in
805 3288 915 3342 Deo
958 3297 1080 3342 sunt
1127 3306 1277 3343 nemo
1310 3290 1574 3358 cognorit,
1618 3290 1719 3343 nisi
1745 3288 1973 3359 Spiritus
2016 3288 2127 3342 Do-

561 3380 710 3432 mini.
764 3378 963 3449 (Cau.)
1018 3378 1186 3447 Hujus
1242 3394 1372 3449 ergo
1422 3380 1664 3434 scientia:
1718 3380 2128 3434 admirationem

559 3486 721 3540 quam
753 3471 843 3525 ille
892 3470 1020 3525 talis
1056 3486 1121 3525 ac
1158 3479 1342 3525 tantus
1384 3472 1621 3541 gentium
1663 3473 1922 3542 magister
1967 3484 2131 3542 expa-

561 3561 662 3625 vit,
706 3570 973 3615 evacuare
1016 3561 1300 3615 conabitur
1358 3562 1585 3631 quisque
1632 3563 1924 3616 crediderit
1987 3562 2133 3618 illius

560 3652 949 3707 intestimabilis
984 3653 1162 3723 abyssi
1193 3652 1607 3724 profunditatem
1635 3655 1865 3709 humana
1898 3655 1978 3725 vel
2013 3672 2133 3710 nar-

562 3744 802 3808 ratione,
830 3744 915 3798 vel
949 3746 1153 3798 ratione
1187 3759 1245 3799 se
1291 3759 1449 3814 posse
1498 3746 1696 3800 metiri.
1744 3745 1879 3801 Nam
1918 3746 2011 3816 qui
2063 3745 2133 3801 ad

563 3834 776 3904 plenum
819 3835 1251 3903 dispensationes
1290 3834 1384 3907 Dei
1429 3836 1627 3905 quibus
1669 3836 1896 3893 salutem
1943 3838 1996 3890 in
2038 3837 2133 3892 bo-

562 3926 800 3981 tuinibus
847 3937 1143 3994 operatur,
1184 3922 1268 3980 vel
1325 3935 1506 3981 mente
1547 3929 1863 3997 concipere,
1906 3929 1991 3983 vei
2035 3943 2132 3984 ore

560 4016 827 4070 disserere
854 4032 913 4073 se
945 4032 1100 4085 posse
1127 4018 1349 4072 conlidit
1372 4058 1387 4081 ,
1416 4018 1603 4087 procul
1629 4020 1790 4075 dubio
1816 4020 2134 4091 impugnans

556 4108 875 4178 Apostolic'c
904 4110 1186 4164 sententia:
1208 4110 1521 4176 veritatem,
1550 4112 1861 4166 scrutabilia
1888 4112 1980 4166 Dei
2011 4129 2135 4169 esse

553 4199 757 4268 judicia
798 4208 853 4254 et
904 4200 1228 4255 serutabiles
1259 4187 1379 4256 vias.
1402 4200 1519 4270 ejus
1570 4200 1794 4271 profana
1821 4204 2134 4272 pronuntia-

558 4294 638 4346 vit
688 4294 936 4356 audacia,
987 4294 1103 4362 ipso
1138 4309 1350 4362 quoque
1380 4295 1605 4349 Domino
1659 4296 1774 4349 hinc
1810 4296 1891 4350 ad
1934 4310 2029 4351 eos
2056 4297 2132 4351 ita

560 4393 792 4440 testante
822 4405 837 4439 :
875 4385 999 4439 Non
1032 4387 1167 4440 enim
1206 4388 1540 4457 cogitationes
1566 4404 1694 4442 mea:
1718 4398 1774 4443 ut
1801 4390 2133 4458 cogitationes

559 4484 759 4538 castrat,
790 4491 952 4546 neque
977 4478 1070 4530 via:
1092 4494 1219 4531 mea:
1254 4487 1309 4530 ut
1338 4479 1437 4532 via:
1473 4490 1670 4541 vestra,
1686 4479 1814 4532 dicit
1840 4478 2130 4535 Dominus:
2160 4454 2208 4513 θ

557 4564 683 4634 quia
713 4565 845 4617 sicut
889 4566 1192 4620 excitantur
1219 4568 1333 4622 cazli
1354 4586 1387 4622 a
1413 4578 1575 4633 terra,
1605 4570 1680 4624 sic
1720 4569 1964 4625 excitata
2009 4581 2128 4626 sunt

559 4653 654 4707 via:
678 4670 805 4707 metu
830 4671 862 4707 a
891 4656 984 4709 viis
1006 4658 1207 4719 vestris,
1236 4667 1282 4712 et
1298 4660 1636 4729 cogitationes
1656 4676 1787 4716 metu
1808 4677 1839 4716 α
1861 4664 2131 4731 cogitatio.

560 4745 709 4799 nibus
739 4747 917 4801 vestris
943 4746 1078 4815 (lca.
1107 4750 1216 4820 ιν).

634 4833 763 4900 Quis
807 4837 945 4890 enim
984 4839 1216 4907 cognovit
1243 4855 1452 4896 sensum
1475 4839 1726 4895 Domini?
1760 4852 1849 4896 aut
1868 4860 1985 4912 quis
2006 4838 2130 4898 con-'-

558 4923 790 4978 tiliarius
823 4926 939 4995 ejus
981 4925 1119 4995 fuit?
1153 4936 1244 4980 aut
1271 4930 1417 4997 prior
1454 4928 1593 4983 dedit
1624 4929 1704 4982 illi
1731 4940 1776 4985 et
1819 4933 2131 4986 retribuetur

558 5017 649 5070 ei?
684 5016 797 5071 Hoc
833 5017 885 5072 in
926 5017 1062 5071 Isaia
1109 5019 1368 5089 scriptum
1401 5018 1644 5074 habetur.
1680 5020 2020 5078 Manifestum
2048 5030 2135 5078 est

558 5106 731 5160 solum
779 5106 944 5161 Deum
992 5121 1113 5163 esse
1158 5110 1252 5177 qui
1304 5110 1517 5164 noverit
1561 5112 1743 5171 omnia
1781 5113 2030 5176 consilia,
2076 5122 2132 5170 et

558 5196 701 5251 hunc
738 5211 902 5251 unum
950 5214 1070 5252 esse
1106 5200 1197 5268 qui
1248 5201 1445 5255 nullius
1504 5212 1680 5271 egeat,
1728 5205 1852 5273 quia
1899 5205 2134 5275 ali-ipso

557 5296 686 5340 sunt
711 5288 914 5354 omnia,
942 5305 1007 5343 ac
1052 5306 1148 5359 per
1196 5292 1298 5347 hoc
1328 5293 1608 5349 consilium
1635 5294 1751 5362 ejus
1783 5309 1815 5348 a
1857 5294 2000 5349 nullo
2030 5312 2129 5353 nec

556 5378 1028 5446 comprehenditur
1081 5397 1181 5436 nec
1227 5382 1467 5445 metitur,
1503 5384 1626 5451 quia
1673 5384 1925 5440 inferiora
1974 5401 2128 5455 supc—

560 5467 716 5521 rioris
758 5484 972 5525 sensum
1027 5473 1167 5526 scire
1218 5489 1326 5528 non
1364 5483 1606 5543 possunt.
1648 5474 1889 5544 Denique
1931 5473 2129 5530 iudicis

557 5560 900 5618 credentibus
940 5564 1272 5633 impossibile
1302 5565 1583 5621 videbatur
1608 5565 1889 5620 consilium
1924 5580 2046 5621 esse
2074 5573 2128 5621 et

558 5650 882 5707 voluntatem
921 5656 1013 5709 Dei
1063 5657 1130 5708 ad
1180 5655 1600 5724 redemptionem
1652 5658 1924 5725 gentium,
1964 5657 2126 5712 simili

2231 3211 2377 3268 sunt,
2404 3217 2500 3272 per
2521 3202 2714 3257 Filium
2741 3200 2880 3270 ejus,
2901 3200 2993 3269 qui
3031 3197 3262 3266 ejusdem
3283 3195 3445 3263 utique
3464 3184 3685 3245 substante!

2229 3306 2332 3363 est,
2362 3312 2484 3352 esse
2511 3305 2811 3367 coeperunt,
2837 3292 2995 3363 cujus
3033 3308 3167 3362 opus
3186 3274 3350 3351 Pairis
3373 3296 3445 3342 est
3466 3296 3580 3353 opus.
3596 3278 3684 3367 Quia

2230 3402 2360 3457 ergo
2383 3388 2498 3457 ipse
2518 3365 2773 3456 operatur
2791 3399 2886 3455 per
2898 3383 3121 3448 Filium,
3146 3398 3235 3452 per
3254 3382 3407 3450 ipsum
3424 3385 3523 3431 sunt
3539 3365 3683 3426 ouilia;

2229 3487 2285 3533 et
2305 3478 2559 3547 quoniam
2581 3493 2701 3547 qua:
2720 3483 2847 3530 sunt
2865 3489 2932 3530 ex
2946 3474 3081 3541 Deo,
3105 3488 3200 3543 per
3227 3471 3377 3526 Deum
3397 3474 3516 3528 sunt,
3530 3467 3617 3532 post

2231 3580 2357 3624 nata
2387 3569 2439 3623 in
2466 3568 2668 3637 Spiritu
2690 3575 2879 3621 sancto
2901 3576 3054 3630 sunt,
3085 3565 3139 3617 in
3166 3563 3273 3633 ipso
3296 3567 3406 3614 sunt
3427 3553 3579 3611 omnia,
3602 3544 3685 3615 (ιιιίι

2230 3670 2286 3716 et
2331 3661 2567 3729 Spiritus
2611 3670 2833 3714 sanctus
2859 3657 2927 3713 de
2972 3657 3088 3712 Deo
3111 3666 3192 3710 est
3233 3653 3403 3713 Patre;
3434 3638 3687 3729 uudcetsdt

2230 3767 2351 3821 qua:
2371 3727 2430 3805 in
2459 3752 2572 3806 Deo
2600 3758 2745 3805 sunt.
2788 3749 2931 3818 Ergo
2974 3757 3035 3805 et
3083 3748 3136 3801 in
3164 3743 3354 3815 Spiritu
3396 3743 3544 3793 sancto
3578 3727 3686 3821 inter

2231 3819 2336 3904 est,
2358 3838 2484 3908 quia
2504 3839 2649 3907 quod
2672 3838 2739 3893 de
2757 3838 2918 3892 Patre
2933 3846 3019 3893 est
3048 3836 3177 3902 Deo,
3192 3848 3291 3888 non
3317 3838 3466 3900 potest
3486 3819 3588 3877 aliud
3603 3829 3688 3870 esse

2232 3950 2393 4005 quam
2419 3943 2505 3990 est
2538 3933 2680 3989 Deus
2705 3933 2885 3987 Pater.
2908 3933 2985 3989 Ac
3008 3948 3112 4003 per
3126 3932 3228 3987 hoc
3255 3928 3345 3999 ipsi
3368 3922 3523 3998 gloria,
3543 3915 3628 3987 (1158
3642 3922 3686 3963 ιε

2232 4023 2343 4092 ipso
2365 4033 2412 4077 et
2435 4039 2527 4094 per
2550 4024 2720 4092 ipsum
2739 4034 2787 4076 et
2809 4023 2865 4076 in
2880 4024 2989 4092 ipso
3017 4031 3141 4077 sunt
3169 4021 3351 4074 omnia.
3375 4016 3523 4082 Itaque
3540 4019 3624 4076 (1⁸³⁸
3639 4014 3684 4052 θ¹

2232 4114 2349 4181 ipso
2370 4123 2425 4168 et
2447 4129 2540 4183 per
2565 4115 2736 4182 ipsum
2764 4121 2821 4169 et
2845 4113 2900 4167 in
2930 4113 3051 4182 ipso
3073 4122 3134 4167 ut
3158 4118 3330 4167 essent
3348 4120 3450 4162 esse
3470 4097 3684 4168 captiaut,

2234 4221 2453 4261 sensum
2501 4215 2558 4260 et
2586 4207 2869 4262 consilium
2908 4203 3024 4273 ejus
3068 4206 3205 4261 scire
3233 4219 3329 4258 non
3371 4186 3686 4270 νοδειιιιιείρεθ

2233 4308 2413 4351 autem
2465 4297 2566 4352 scit
2608 4299 2811 4359 omnia,
2837 4299 2962 4367 quia
2990 4297 3048 4350 in
3079 4297 3193 4367 ipso
3236 4301 3350 4349 sunt
3388 4277 3687 4367 cuncti-Jac-

2234 4391 2363 4445 fecit
2410 4392 2726 4460 mysterium
2774 4365 2894 4455 Dei,
2941 4365 3112 4459 quod
3139 4386 3369 4457 δυρθτίυδ
3408 4365 3684 4467 mimo"?

2233 4484 2313 4538 eis
2348 4474 2584 4554 ignorari
2625 4484 2842 4539 debere.
2871 4482 3072 4560 (Οτὶασ)
3100 4481 3254 4537 Vides
3278 4470 3509 4549 ⁴1¹¹⁰⁰¹⁰δ⁰
3529 4460 3681 4560 munia.

2234 4574 2337 4628 luis
2383 4573 2641 4639 ostendit,
2686 4574 2832 4643 quod
2883 4558 2938 4628 in
2984 4573 3229 4629 cautibus
3266 4581 3374 4638 quae
3410 4573 3543 4631 supra
3569 4555 3680 4608 dixit.

2234 4665 2527 4735 signaverit
2550 4665 2864 4734 mysterium
2896 4664 3195 4719 Trinitatis.
3222 4660 3360 4715 Sicut
3381 4654 3502 4708 enim
3525 4648 3681 4735 ᾤμωξ’

2233 4734 2373 4811 senti
2429 4754 2545 4810 loco
2572 4755 2717 4823 quod
2746 4754 2844 4819 ait,
2889 4752 3148 4818 Quoniam
3198 4750 3378 4817 eripio
3417 4734 3680 4808 etpefiP‘”

2233 4857 2281 4903 ει
2307 4848 2362 4903 in
2392 4848 2502 4913 ipso
2526 4858 2645 4901 sunt
2672 4849 2870 4913 omnia,
2899 4848 3148 4902 convenit
3187 4844 3282 4898 illis
3314 4838 3451 4895 dictis
3471 4845 3564 4900 ψιω
3587 4824 3682 4913 ille"

2231 4910 2520 5006 Apostolus
2550 4938 2604 4992 in
2643 4938 2763 4992 aliis
2796 4910 3060 4993 memorat
3113 4934 3236 4990 locis
3279 4944 3386 4985 cum
3421 4923 3555 4980 dicit:
3579 4910 3681 5006 tinus

2231 5002 2372 5081 Deus
2410 5024 2590 5091 Pater,
2617 5043 2681 5081 ea:
2724 5043 2826 5094 quo
2873 5028 3076 5092 omnia;
3105 5034 3149 5080 et
3178 5038 3301 5077 unus
3340 5014 3549 5073 Dominus
3573 5002 3681 5097 Ιϋξη

2232 5114 2472 5172 Christus
2491 5157 2506 5181 ,
2535 5133 2627 5185 per
2649 5133 2801 5186 quem
2846 5117 3021 5183 omnia
3057 5116 3108 5186 (ι
3137 5113 3254 5168 Cor.
3278 5108 3409 5177 Vill);
3436 5112 3482 5157 θί
3518 5098 3611 5189 ΜΨ
3644 5100 3678 5189 Ψ

2234 5206 2436 5276 Spiritu
2481 5208 2575 5263 Dei
2623 5185 2755 5262 dicit
2792 5209 3014 5266 revelari
3050 5185 3241 5270 omnia,
3270 5211 3320 5256 οι
3362 5196 3547 5269 pert“
3581 5185 3679 5280 ἀφ’

2232 5308 2360 5369 gnat
2388 5300 2442 5353 in
2488 5300 2739 5355 omnibus
2781 5316 2902 5355 esse
2953 5295 3325 5369 providentiam
3352 5285 3605 5343 Trinitat's:
3630 5278 3679 5323 tu

2231 5398 2285 5443 et
2313 5406 2437 5445 cum
2467 5390 2616 5455 dicit,
2646 5389 2867 5445 altitudo
2888 5391 3199 5452 divitiarum,
3226 5385 3413 5439 Patrem
3433 5383 3588 5464 (19υῇ
3603 5374 3679 5464 ⁰έξ

2231 5482 2318 5535 uia
2366 5481 2496 5537 dicit
2533 5495 2655 5536 esse
2695 5481 2994 5551 signiﬁcat;
3034 5489 3086 5535 et
3130 5472 3381 5547 sapiet!“ce
3423 5456 3677 5551 ³1³⁵⁸⁸³ψῴ

2229 5570 2522 5633 Christum,
2551 5569 2640 5640 qui
2669 5550 2763 5627 est
2776 5572 3041 5641 sapientia
3071 5568 3201 5638 ejus.
3223 5558 3431 5620 οείθηδίί
3455 5571 3468 5606 ³
3492 5555 3536 5602 et
3557 5550 3677 5641 me:

2235 5663 2321 5717 tite
2349 5628 2708 5729 altitudinem,
2742 5628 3001 5732 Spiritum
3041 5628 3304 5718 sanctum.
3337 5649 3414 5720 qui
3438 5641 3570 5700 etiam
3602 5628 3675 5682 3|“
