4026 6180
421 263 550 319 15η

944 265 1494 324 ENARRATIONUM
1532 266 1598 322 IN
1637 268 1786 324 EPP.
1827 268 2031 326 PAULI
2071 272 2197 329 LIB.
2239 275 2436 332 Vll.——
2466 277 2541 333 IN
2582 278 2797 336 EPIST.
2841 282 2932 339 AD
2970 284 3136 341 ROM.

3532 294 3671 351 15ίέ

418 381 508 435 Dei
539 379 709 444 novit,
730 378 988 435 declarat.
1008 380 1392 437 Verumtamen
1416 383 1559 453 quod
1585 382 1734 447 dicit,
1756 401 1824 438 ea:
1849 387 1981 455 ipso,
2016 405 2061 459 Α
2089 390 2434 458 prapter-hoc
2461 393 2600 460 quod
2628 394 2889 463 perfectio
2934 399 3174 455 omnium
3203 416 3307 457 non
3333 406 3473 460 intra
3505 425 3669 464 tuuun

415 474 516 527 lioc
540 473 711 540 ipsum
736 473 878 541 quod
910 489 1095 528 sumus
1120 474 1351 541 indicat;
1379 492 1472 544 per
1493 475 1685 545 ipsum,
1721 476 1824 531 hoc
1849 479 1992 547 quod

408 572 508 634 per
535 562 653 630 eius
693 563 1087 630 providentiam
1117 565 1495 636 dispensamur
1528 567 1582 620 in
1628 566 1769 633 vita;
1801 568 1855 621 in
1881 570 1990 639 ipso

412 670 540 709 vero
560 656 704 725 quod
730 656 990 726 perfectio
1009 657 1248 712 omnium
1275 668 1329 712 et
1351 658 1473 713 linis
1502 659 1556 713 in
1603 659 1719 729 ipso
1740 662 1844 716 erit
1865 671 1989 717 tunc

409 759 532 799 cum
560 745 658 797 erit
684 745 824 799 Deus
855 747 1032 800 omnia
1060 747 1117 799 in
1136 748 1372 802 omnibus
1396 747 1447 819 (I
1477 746 1600 802 Cor.
1624 749 1745 820 xv);
1777 758 1831 803 et
1860 758 1987 805 tunc

411 834 508 903 ipsi
554 833 724 904 gloria
756 836 811 888 in
851 834 1046 890 sa’cula
1078 836 1416 903 seculorum,
1450 840 1637 892 Amen.
1672 837 1737 891 In
1768 840 1984 905 sa'cula,

419 958 2577 989 mm

2092 478 2350 535 saeculum
2394 483 2758 549 concluditur,
2804 488 2898 541 sed
2931 488 2982 542 in
3013 489 3177 544 multa
3227 496 3587 564 protenditur,
3615 510 3670 555 et

2091 567 2178 623 vix
2226 568 2514 639 aliquando
2554 574 2889 643 adimplenda
2937 590 3207 648 speratur.
3257 582 3443 655 Juugit
3488 600 3665 644 autem

2090 667 2145 712 et
2171 660 2354 723 Amen,
2382 670 2440 714 ut
2473 663 2832 735 intelligamus
2856 671 3120 738 perillum
3151 674 3217 727 ad
3247 675 3405 729 istam
3436 679 3669 734 beatitu-

2089 750 2269 805 dinem
2329 754 2643 809 vcniendum
2673 758 2740 811 de
2768 775 2875 828 quo
2905 763 3162 831 scriptum
3196 775 3281 820 est
3309 767 3361 820 in
3405 772 3667 843 Apocaly-

2087 842 2167 909 psi
2202 860 2217 894 :
2256 841 2386 896 [ltro
2415 845 2541 899 dicit
2573 848 2660 915 qui
2688 860 2762 903 est
2806 851 2968 905 Amen
2997 854 3178 923 (Apoc.
3205 859 3308 926 tu).

2606 972 3662 1007 .._.____________,____.__

1405 1056 1841 1234 LIBER.
1906 1056 2640 1205 SEPTIMUS.

993 1295 1221 1351 CAPUT
1270 1294 1383 1349 XII.

404 1387 622 1440 Instruit
646 1386 922 1456 Apostolus
950 1386 1213 1441 Rammius
1236 1389 1416 1457 tamin
1445 1388 1527 1442 Itis
1551 1398 1668 1457 qua!
1691 1391 1761 1443 ad
1790 1391 1975 1457 Deum,

572 1474 731 1526 quam
758 1457 813 1511 in
838 1459 903 1512 iis
931 1475 1049 1527 qua?
1078 1458 1149 1511 ad
1174 1456 1495 1530 proximum,
1517 1456 1795 1528 pertineat.

467 1570 692 1625 Obsecro
718 1571 892 1642 itaque
913 1587 1018 1634 vos,
1051 1570 1265 1640 fratres,
1291 1587 1385 1641 per
1406 1572 1825 1629 misericordiam
1852 1575 1969 1640 Dei,

395 1675 451 1717 ut
467 1663 585 1717 exiti
591 1660 752 1716 beatis
765 1679 984 1732 corpora
998 1671 1099 1717 ves!
1106 1674 1164 1715 ra
1176 1663 1400 1716 hos‘tiam
1421 1663 1688 1727 viventem,
1715 1676 1950 1720 sanetam
1962 1708 1976 1731 ,

398 1757 503 1811 Deo
518 1756 828 1828 placentem,
843 1752 1156 1835 rationabile
1167 1755 1465 1826 obsequium
1480 1766 1724 1811 uestrum.
1743 1757 1976 1829 (Ambr.)

392 1848 496 1905 Per
517 1847 948 1903 misericordiam
965 1849 1056 1902 Dei
1081 1847 1200 1902 illos
1222 1848 1541 1903 adhortatur
1563 1864 1660 1919 per
1679 1864 1842 1919 quam
1866 1838 1977 1905 sal-4

392 1949 551 1994 vatur
573 1940 867 1994 humanum
891 1954 1081 2010 genus.
1112 1939 1244 1993 Post
1285 1947 1574 1995 tractatum
1597 1941 1741 1995 enim
1764 1940 1898 2011 legis
1923 1950 1978 1996 et

392 2031 514 2087 lidei
545 2028 725 2102 populi
744 2039 991 2086 naturam
1007 2029 1214 2085 Iudaici
1246 2031 1539 2101 ctgentllis
1568 2033 1635 2087 ad
1666 2033 1866 2087 bonam
1895 2033 1978 2086 vi-

389 2131 500 2174 tam
540 2120 801 2191 agendam
848 2121 1132 2184 hortatur;
1176 2135 1275 2190 per
1318 2119 1459 2175 hanc
1496 2119 1641 2175 enim
1680 2134 1803 2191 spes
1850 2120 1971 2175 ﬁdei

387 2211 685 2265 obtinctur.
731 2210 1092 2266 Commonitio
1127 2219 1210 2266 est
1252 2224 1386 2281 ergo
1437 2212 1553 2265 haec
1601 2219 1660 2266 ut
1701 2226 1975 2268 memores

388 2302 497 2355 sint
519 2302 641 2371 quia
664 2301 1091 2356 miscricordiam
1116 2306 1441 2371 acceperunt
1461 2318 1475 2366 ;
1499 2312 1553 2357 et
1577 2303 1797 2373 vigilcnt
1826 2304 1971 2359 circa

386 2393 705 2463 obsequium
738 2392 876 2461 ejus,
899 2409 997 2464 per
1020 2408 1181 2463 quem
1214 2404 1277 2448 ex
1296 2393 1475 2464 impiis
1496 2395 1666 2465 gratis
1690 2393 1971 2462 iustiﬁcati

386 2492 530 2537 sunt.
570 2482 770 2556 (Origg)
806 2482 943 2538 Cum
984 2498 1081 2552 per
1111 2497 1325 2538 omnem
1366 2491 1573 2538 textum
1615 2484 1872 2554 Epistola:
1915 2486 1968 2541 in

386 2575 754 2644 superioribus
787 2576 1058 2631 docuisset
1083 2575 1381 2645 Apostolus
1416 2579 1688 2646 quomodo
1716 2594 1746 2632 a
1771 2577 1971 2635 Judacis

386 2668 451 2721 ad
479 2665 698 2731 Gentes,
718 2682 750 2721 a
779 2667 1192 2723 circumcisione
1212 2669 1277 2723 ad
1302 2668 1482 2734 tidem,
1510 2685 1538 2722 a
1567 2670 1744 2725 littera
1768 2672 1832 2726 ad
1863 2672 1971 2743 spi-

383 2757 570 2821 ritum,
604 2759 672 2811 ah
699 2760 889 2813 umbra
918 2757 987 2812 ad
1028 2759 1331 2824 veritatem,
1356 2760 1428 2814 ab
1465 2759 1812 2816 observantia
1848 2774 1968 2817 car-

382 2847 489 2902 nali
533 2848 598 2901 ad
643 2848 1041 2902 observantiam
1077 2847 1376 2918 spiritalem
1415 2848 1708 2921 Religionis
1755 2867 1965 2907 summa

382 2938 642 2994 translata
670 2939 760 3005 sit,
791 2947 851 2994 et
882 2941 997 2994 hzcc
1024 2940 1097 2994 ita
1128 2938 1308 2993 futura
1335 2938 1670 3010 Pr0pheticis
1697 2945 1965 2999 ostendis-

2088 1303 2333 1367 ariclcm,
2368 1311 2459 1357 aut
2497 1304 2656 1359 tertio
2687 1304 2916 1371 hircum,
2955 1320 3047 1362 aut
3076 1324 3270 1380 quarto
3295 1324 3551 1386 turtures,
3581 1326 3662 1379 vel

2084 1392 2460 1462 etia‘m'pullos
2499 1394 2906 1461 columbarum,
2947 1408 3005 1452 ut
3042 1401 3091 1454 in
3130 1404 3211 1457 his
3249 1408 3665 1483 uniuscujusque

2084 1484 2267 1536 anima
2304 1485 2686 1552 puriﬁcarctur
2742 1502 2840 1556 pro
2879 1489 3138 1558 qualitate
3185 1506 3493 1568 gestorum;
3545 1504 3661 1561 lucc

2080 1590 2225 1629 ntmc
2255 1576 2306 1630 in
2339 1591 2436 1632 suo
2462 1591 2690 1647 corpore
2721 1581 3089 1652 unusquisque
3122 1588 3433 1657 purificans,
3458 1603 3512 1648 et
3555 1598 3664 1666 spi~

2083 1664 2224 1718 ritali
2274 1680 2435 1721 sensu
2492 1668 2843 1736 discernens,
2897 1672 3201 1729 rationabili
3273 1673 3533 1750 obsequio
3583 1664 3662 1741 vis

2080 1766 2295 1816 ventem
2350 1762 2580 1817 hostiam
2634 1761 2791 1817 oll'crt
2832 1766 2959 1819 Deo.
3003 1766 3078 1821 De
3127 1769 3323 1838 quibus
3383 1775 3610 1845 singulis
3638 1822 3653 1845 ,

2078 1866 2199 1905 cum
2228 1852 2279 1905 in
2310 1852 2506 1907 librum
2528 1852 2749 1909 Levitici
2779 1854 2955 1924 aliqua
2981 1857 3302 1924 diceremus,
3328 1878 3428 1932 pro
3452 1868 3658 1925 viribus

2076 1941 2370 2009 explanare
2418 1942 2746 1996 tentavimus
2779 1946 3047 2012 quomodo
3079 1951 3449 2022 unusquisque
3485 1959 3656 2014 ratio.

2076 2028 2183 2083 nali
2213 2029 2474 2099 obsequio
2513 2030 2690 2085 cultus
2711 2031 2836 2097 Dei,
2876 2032 2921 2086 si
2965 2036 3271 2103 superbiam
3299 2045 3541 2111 corporis
3570 2050 3650 2103 sui

2075 2120 2286 2185 vincat,
2339 2120 2578 2175 immolet
2604 2122 2876 2186 vitulum;
2924 2123 2971 2178 si
3015 2124 3347 2183 iracundiam
3390 2145 3652 2204 superet,

2072 2211 2293 2267 arietem
2318 2211 2565 2282 jugulet;
2594 2211 2639 2267 si
2664 2211 2938 2267 libidinem
2969 2214 3170 2281 vincat,
3197 2218 3249 2272 iu
3274 2218 3650 2282 holocaustum

2071 2301 2262 2357 oll‘erat
2280 2303 2524 2369 hircum;
2552 2304 2596 2358 si
2619 2318 2785 2374 vagos
2812 2314 2866 2359 et
2888 2305 3123 2362 lubricos
3144 2311 3530 2379 cogitationum
3564 2330 3651 2373 rc-

2072 2401 2218 2448 secet
2244 2394 2453 2450 volatus
2483 2436 2498 2459 ,
2545 2395 2821 2451 columbas
2862 2404 2915 2452 et
2958 2404 3197 2456 turtures
3232 2402 3501 2462 immolet.
3544 2408 3651 2465 Sed

2072 2483 2206 2547 hzcc,
2237 2492 2295 2537 ut
2343 2484 2477 2548 dixi,
2521 2485 2565 2537 si
2593 2485 2715 2554 quis
2739 2485 2880 2539 scire
2903 2486 3123 2557 dignum
3167 2499 3341 2559 putat,
3370 2494 3443 2549 ibi
3489 2496 3651 2555 latius

2016 2592 2017 2595 η
2071 2574 2301 2631 ω’ἰεδεῐκιίι
2332 2575 2584 2643 reperiet.
2621 2573 2774 2630 Nunc
2819 2585 2998 2631 autem
3030 2576 3230 2635 Paulus
3252 2583 3500 2641 obsecrat
3530 2603 3652 2645 cre-

2069 2664 2257 2719 dentes
2278 2665 2333 2718 in
2367 2664 2604 2729 Christo,
2627 2672 2685 2719 ut
2714 2682 2941 2736 corpora
2971 2683 3065 2722 sua
3094 2671 3401 2738 exhibeant,
3425 2677 3650 2734 hostium

2068 2757 2337 2820 viventem,
2387 2767 2645 2822 sanctam,
2696 2755 2808 2810 Dea
2840 2756 3146 2828 placentem.
3189 2761 3466 2820 Viventem
3521 2768 3653 2824 dicit

2067 2847 2324 2912 hostiam,
2346 2849 2437 2918 qui
2460 2848 2645 2908 vitam,
2677 2849 2779 2903 hoc
2803 2858 2905 2914 est,
2939 2849 3212 2908 Christum
3240 2855 3291 2908 lu
3317 2872 3376 2912 se
3405 2860 3563 2929 gerit,
3597 2872 3653 2917 et

2071 2937 2234 2993 dicit:
2254 2937 2472 2991 ﬂor-tem
2486 2937 2615 2991 .Iesu
2628 2940 2681 2991 in
2705 2954 2918 3007 corpore
2945 2950 3120 2994 nostro
3142 2942 3579 3015 circumferimus,
3594 2961 3652 3004 ut

380 3037 464 3084 set
492 3029 718 3085 vocibus
762 3029 1036 3102 designata
1065 3071 1079 3094 ,
1139 3029 1252 3100 iam
1304 3042 1448 3084 nunc
1494 3032 1754 3102 spiritalis
1810 3032 1966 3103 huius

2070 3040 2121 3082 et
2158 3030 2262 3085 vita
2311 3028 2440 3083 Iesu
2479 3017 2674 3083 Citriin
2712 3031 2768 3083 in
2805 3046 3019 3100 corpore
3066 3041 3244 3087 nostra
3288 3038 3654 3107 manifestatur

378 3120 757 3185 observantiae,
785 3120 852 3173 ad
884 3135 1044 3189 quam
1077 3120 1253 3175 cultus
1300 3120 1401 3175 Dei
1445 3121 1606 3176 ritum
1638 3122 1820 3177 docuit
1847 3139 1968 3179 esse

381 3210 721 3275 translatum,
755 3210 1070 3282 aggreditur
1117 3225 1300 3265 mores
1347 3218 1403 3265 et
1452 3210 1694 3266 instituta
1729 3212 1964 3278 sancire,

377 3311 433 3354 ut
468 3301 543 3354 ait
578 3317 591 3353 :
628 3299 854 3354 Obsecro
898 3302 1081 3372 itaque
1118 3312 1229 3367 vas,
1274 3301 1496 3371 fratres,
1545 3318 1639 3372 per
1679 3289 1969 3358 misericor-

372 3392 519 3453 diam
575 3390 691 3444 Dei.
746 3391 1062 3460 Quoniam,
1126 3392 1343 3462 inquit,
1399 3393 1734 3449 ostendimus
1794 3410 1825 3448 a
1880 3410 1968 3449 sa-

375 3483 599 3540 criﬁciis
633 3484 943 3541 carnalibus
982 3484 1366 3548 recedendum,
1397 3486 1692 3539 secundum
1731 3488 1877 3554 quod
1913 3494 1967 3540 et

373 3592 473 3647 per
496 3574 838 3646 Prophetam
878 3576 1009 3631 dicit
1041 3594 1053 3626 :
1092 3575 1306 3629 Hostias
1334 3588 1382 3630 et
1408 3575 1721 3631 oblationem
1752 3579 1966 3634 noluisti

377 3664 550 3736 (Psal.
584 3666 797 3736 xxxrx),
818 3682 913 3719 nec
938 3665 1137 3736 placita
1157 3675 1279 3720 sunt
1298 3666 1391 3719 tibi
1414 3683 1432 3721 :
1463 3683 1623 3733 nunc,
1653 3670 1748 3732 ait,
1800 3670 1966 3724 doceo

376 3760 697 3829 vosquibus
717 3758 905 3813 hostiis
930 3758 1226 3813 delectetur
1250 3757 1422 3824 Deus;
1454 3766 1509 3811 et
1536 3759 1652 3814 haec
1666 3760 1832 3815 doceo
1857 3774 1965 3819 nan

374 3852 528 3922 quasi
561 3852 853 3921 imperans,
895 3848 1030 3903 nihil
1062 3840 1207 3903 enim
1234 3848 1448 3918 prolicit
1482 3849 1616 3920 legis
1654 3851 1962 3921 imperium,

376 3946 470 4000 sed
499 3944 655 4015 quasi
691 3943 783 4014 qui
813 3940 1044 3997 oﬂicium
1076 3941 1410 4011 susceperim
1442 3938 1828 3996 reConciliandi
1867 3959 1964 3999 vos

378 4035 506 4099 Deo,
534 4033 746 4088 obsecro
772 4049 885 4099 vos,
917 4031 1129 4101 fratres,
1170 4039 1224 4086 et
1252 4032 1478 4086 οἱ)ποΓο
1507 4047 1615 4086 non
1644 4047 1742 4102 per
1780 4043 1965 4103 poten-

380 4125 532 4191 tiam,
558 4125 655 4180 scd
678 4140 772 4195 per
797 4123 1216 4179 misericordiam
1268 4122 1406 4187 Dei;
1448 4124 1574 4192 quia
1622 4125 1787 4192 enim,
1825 4124 1965 4180 sicut

377 4231 535 4286 supra
559 4216 793 4281 ostendi,
816 4230 1005 4270 omnes
1025 4213 1263 4270 conclusi
1289 4221 1416 4268 sunt
1430 4215 1531 4269 sub
1551 4224 1792 4284 peccato,
1819 4232 1963 4271 nunc

2069 3117 2157 3189 (II
2191 3118 2314 3174 Cor.
2350 3119 2446 3191 tv).
2480 3118 2736 3175 Sanctam
2776 3121 2908 3175 dicit
2943 3122 2994 3175 in
3032 3137 3136 3191 qua
3165 3135 3386 3182 sanctus
3413 3128 3649 3198 Spiritus

2056 3210 2294 3274 habitat,
2327 3212 2626 3265 secundmn
2650 3212 2793 3279 quod
2820 3212 2875 3265 in
2899 3211 3006 3267 alio
3034 3212 3155 3269 loco
3190 3216 3326 3271 dixit
3355 3231 3371 3272 :
3401 3219 3505 3273 Ant
3551 3239 3645 3277 ne-

2065 3300 2211 3353 scitis
2244 3288 2368 3370 quia
2400 3298 2647 3369 templum
2672 3299 2770 3353 Dei
2795 3300 2938 3364 estis,
2967 3312 3013 3355 et
3052 3301 3282 3371 Spiritus
3318 3304 3415 3360 Dei
3449 3308 3651 3364 habitat

2065 3392 2121 3445 in
2149 3391 2332 3445 vobis?
2363 3390 2414 3463 (1
2446 3390 2569 3445 Cor.
2599 3392 2708 3462 Ill.)
2738 3391 3049 3448 Placeutem
3078 3395 3209 3462 Deo,
3239 3406 3299 3452 ut
3326 3409 3500 3469 potea
3527 3416 3652 3472 pec-

2066 3480 2202 3535 catis
2229 3487 2286 3534 et
2329 3481 2480 3534 vitiis
2521 3490 2844 3549 separatam.
2891 3481 3015 3539 Haec
3046 3495 3226 3540 autem
3263 3490 3442 3544 omnia
3486 3493 3651 3547 ratio-

2066 3569 2263 3625 nabilis
2312 3570 2490 3625 cultus
2528 3577 2610 3625 est
2645 3570 2761 3625 Dei.
2804 3572 2990 3628 Potest
3023 3574 3168 3630 enim
3214 3591 3313 3646 pro
3359 3579 3450 3633 tali
3500 3582 3649 3638 cultu

2065 3662 2217 3715 reddi
2271 3663 2428 3724 ratio,
2476 3671 2533 3715 et
2570 3663 2779 3716 ostendi
2822 3665 2946 3732 quia
2983 3666 3201 3736 dignum
3242 3668 3347 3723 cst'
3373 3671 3483 3726 Deo
3514 3674 3650 3733 tales

2064 3750 2272 3804 hostias
2299 3749 2581 3804 immolare
2608 3768 2620 3802 :
2644 3751 2848 3805 arietes
2872 3761 3055 3807 autem
3077 3764 3131 3808 et
3152 3755 3351 3823 hircos,
3374 3769 3429 3813 et
3450 3762 3648 3819 vitulos

2065 3838 2354 3894 immOrtali
2394 3847 2452 3893 et
2479 3840 2800 3909 incorporati
2824 3838 2936 3896 Deo
2958 3841 3138 3898 otl‘erri
3166 3845 3307 3901 nulla
3334 3849 3472 3904 ratio
3494 3862 3643 3909 recta

2062 3939 2117 3986 et
2146 3932 2373 3986 honesta
2401 3932 2677 4002 suscipiet.
2713 3933 2995 3991 Videbitur
3019 3916 3150 4007 ergo
3174 3940 3442 4012 praecipue
3466 3945 3643 4001 hostia

2062 4024 2271 4089 vivens;
2300 4032 2353 4079 et
2379 4033 2588 4091 sancta,
2614 4037 2670 4080 et
2694 4025 2803 4081 Deo
2824 4026 3066 4098 placens,
3092 4044 3290 4100 corpus
3311 4049 3432 4090 esse
3454 4036 3646 4093 meon-

2061 4115 2403 4171 tamiuatum.
2465 4116 2665 4173 Verum
2728 4119 2983 4188 quoniam
3036 4119 3283 4175 videmus
3361 4127 3646 4183 nonnullos

2062 4216 2416 4275 sanctorum,
2484 4207 2694 4276 aliquos
2741 4209 2906 4263 etiam
2972 4210 3338 4280 apostolorum
3391 4214 3645 4274 habuisse

370 4307 483 4377 jam
540 4322 643 4363 non
696 4308 749 4361 in
799 4306 1027 4372 meritis,
1068 4309 1163 4361 sed
1202 4306 1254 4361 in
1294 4304 1663 4365 misericordia
1690 4308 1784 4362 Dei
1816 4308 1962 4363 salus
1990 4325 2039 4384 υ
2065 4295 2332 4368 coniugia,
2384 4312 2491 4352 “0"
2545 4312 2931 4377 ιιειιιιεψιαιιυθ
2960 4314 3249 4369 Possumus
3292 4302 3397 4358 Ῐιοε
3422 4304 3488 4359 de
3533 4307 3645 4362 50h

378 4398 611 4452 humana
639 4392 905 4452 consistit.
938 4396 1074 4464 Quid
1120 4406 1299 4451 autem
1330 4404 1429 4460 est,
1476 4397 1620 4468 quod
1654 4412 1753 4453 vos
1791 4400 1955 4454 obse-

375 4488 511 4543 cro?
536 4487 606 4542 Ut
634 4488 920 4542 exhibeatis
951 4503 1171 4558 corpora
1208 4496 1377 4543 vestra
1411 4489 1638 4542 hostium
1685 4488 1952 4557 viventem,

375 4588 629 4644 sanctam,
655 4568 941 4649 placentem
969 4578 1099 4641 Deo,
1131 4587 1185 4632 ut
1212 4579 1277 4631 sit
1305 4576 1616 4632 rationabile
1651 4578 1954 4650 obsequium

374 4678 621 4723 restrum.
667 4666 998 4737 Obsequium
1049 4668 1139 4722 hic
1186 4668 1386 4722 cultum
1431 4668 1594 4735 dicit;
1646 4670 1735 4739 qui
1779 4669 1955 4725 cultus

373 4760 627 4827 quoniam
674 4756 871 4813 dudum
910 4758 961 4811 in
1003 4758 1293 4828 pecudum.
1318 4766 1590 4813 mutorum
1637 4760 1955 4830 corporibus

324 4872 329 4877 -
374 4847 727 4909 consistebat,
776 4863 959 4913 nunc,-
991 4847 1187 4917 inquit,
1238 4848 1294 4902 in
1342 4862 1571 4918 corpore
1615 4846 1954 4907 rationabilis

373 4939 604 4998 lmmimr‘
664 4938 942 5005 offeratur,
988 4948 1039 4993 ct
1079 4953 1307 5008 corpora
1342 4925 1524 5010 magis
1571 4950 1749 4996 vestra
1790 4958 1952 5011 quam

371 5033 635 5103 pecudum
668 5032 800 5086 ﬁant
822 5028 1146 5087 sacriﬁcium
1179 5034 1309 5097 Deo,
1345 5034 1504 5101 atque
1544 5032 1599 5086 in
1622 5018 1793 5089 sacris
1815 5035 1951 5090 alta-

371 5124 522 5178 ribus
572 5123 920 5178 collocentur.
969 5122 1033 5177 Hi
1077 5124 1219 5177 enim
1256 5122 1346 5193 qui
1386 5125 1627 5178 membra
1665 5141 1760 5180 sua
1801 5128 1952 5183 'mor-

374 5215 585 5270 tillcant
622 5216 690 5270 ab
736 5216 1005 5271 incentivo
1054 5215 1294 5269 libidinis
1332 5224 1386 5269 et
1433 5215 1650 5281 furoris,
1691 5225 1746 5271 ct
1799 5227 1954 5273 actus

372 5309 614 5377 corporis
650 5308 732 5362 sui
761 5308 869 5363 Deo
895 5308 1118 5378 placitos
1148 5307 1366 5371 habent,
1402 5307 1630 5363 hostiam
1663 5306 1950 5374 viventem,

372 5406 635 5463 sanctam,
680 5398 984 5469 placentem
1021 5380 1132 5453 Deo
1176 5395 1567 5451 rationabiliter
1607 5396 1858 5459 offerunt,
1899 5407 1954 5453 ct

370 5488 541 5560 legem
571 5489 1118 5558 sacriﬁciorum,qua:
1146 5489 1200 5542 in
1224 5487 1464 5542 Levitico
1487 5486 1595 5542 lata
1625 5497 1732 5553 est,
1763 5504 1952 5544 secun-

370 5583 494 5638 dum
520 5582 814 5653 spiritalem
833 5580 1237 5650 intelligentiam
1274 5579 1565 5648 complent.
1589 5580 1748 5635 Verbi
1768 5595 1949 5645 causa,

372 5686 430 5730 ut
473 5677 545 5729 ibi
581 5673 878 5729 oﬂ‘ercbant
912 5672 1137 5725 vitulum
1186 5673 1357 5739 primo
1395 5672 1532 5726 loco.
1588 5670 1669 5725 vel
1712 5672 1947 5727 secundo

2064 4392 2375 4463 virginitate
2415 4392 2640 4455 sentire,
2682 4391 2930 4461 quamvis
2966 4393 3018 4446 in
3052 4392 3419 4463 hujuscemodi
3449 4397 3644 4454 hostiis

2061 4486 2263 4540 habere
2307 4484 2540 4554 primum
2578 4484 2824 4539 ordinem
2870 4486 3041 4555 possit
3070 4504 3083 4540 :
3112 4487 3255 4542 sicut
3300 4489 3352 4543 in
3394 4490 3511 4561 lege
3538 4492 3641 4548 alia

2057 4586 2174 4632 erat
2200 4577 2376 4632 hostia
2406 4576 2724 4640 sacerdotis,
2756 4577 2859 4630 alia
2888 4568 3176 4648 principis,
3201 4579 3303 4633 alia
3337 4594 3642 4654 synagogas,

2057 4678 2114 4723 ct
2140 4667 2244 4721 alia
2280 4667 2438 4722 unius
2475 4667 2688 4721 animae.
2722 4666 2789 4721 Et
2824 4669 3089 4737 quamvis
3103 4669 3156 4723 in
3196 4670 3436 4727 Ecclesia
3466 4674 3641 4743 prima

2055 4767 2179 4828 post
2203 4757 2474 4828 apostolos
2514 4757 2691 4813 hostia
2731 4768 3057 4830 martyrum,
3108 4761 3343 4816 secunda
3373 4762 3640 4830 virginum

2055 4851 2325 4917 videatur,
2345 4850 2503 4905 tertia
2528 4850 2919 4906 continentium
2946 4870 2958 4905 :
2995 4858 3126 4923 puto
3156 4861 3332 4906 tamen
3372 4855 3516 4921 quod
3544 4870 3642 4910 ne-

2056 4957 2161 5014 que
2195 4942 2248 4996 hi
2280 4942 2369 5010 qui
2400 4941 2459 4995 in
2495 4940 2760 5014 coniugiis
2788 4942 2947 5011 positi
2992 4951 3133 5005 sunt,
3181 4950 3237 4997 et
3275 4958 3343 4996 ex
3370 4958 3633 5000 consensu

2057 5033 2125 5088 ad
2155 5042 2368 5103 tempus
2394 5041 2589 5088 vacant
2607 5033 2859 5097 orationi,
2894 5032 2978 5085 vel
3007 5040 3066 5084 ut
3096 5030 3471 5086 Nazarzeorum
3512 5045 3635 5092 vota

2056 5122 2433 5188 solventes,‘sl
2471 5123 2525 5179 in
2565 5122 2778 5177 caeteris
2820 5130 3007 5175 sancte
3044 5130 3208 5189 agant
3243 5129 3299 5176 et
3329 5121 3495 5191 iuste,
3536 5140 3634 5180 ne-

2055 5214 2214 5283 gandi
2246 5222 2372 5268 sunt
2412 5229 2639 5283 corpora
2661 5228 2759 5268 sua
2781 5213 3039 5267 exhibere
3062 5228 3219 5283 posse
3250 5234 3269 5266 ι
3300 5216 3532 5270 hostiam
3556 5218 3637 5273 vi-

2056 5315 2291 5370 ventem,
2318 5314 2579 5369 sanctam,
2600 5304 2899 5373 placentem
2927 5304 3037 5360 Deo
3062 5323 3074 5358 :
3101 5325 3120 5357 ι
3139 5320 3241 5361 nec
3273 5321 3482 5360 rursum
3508 5323 3633 5363 cor-

2055 5411 2187 5467 pora
2228 5396 2519 5466 virginum,
2553 5393 2637 5449 vel
2684 5394 3096 5459 continentium,
3146 5397 3191 5450 si
3233 5403 3327 5450 aut
3368 5399 3634 5466 superbiae

2056 5486 2288 5550 macula,
2321 5494 2414 5539 aut
2446 5484 2686 5538 avaritiae
2714 5483 2989 5545 sordibus,
3013 5494 3107 5539 aut
3138 5485 3415 5541 maledica:
3437 5485 3631 5557 linguai

2057 5578 2138 5632 vel
2185 5576 2449 5631 mendacii
2500 5575 2840 5629 immnnditia
2888 5572 3216 5646 polluantur,
3254 5577 3483 5632 hostiam
3510 5592 3630 5632 san-

2057 5682 2199 5724 ctam
2238 5677 2293 5724 et
2328 5668 2439 5723 Deo
2468 5667 2769 5738 placentem
2800 5667 3022 5739 putandi
3052 5677 3176 5725 sunt
3221 5684 3288 5726 ex
3314 5669 3427 5725 sola
3456 5667 3625 5739 virgi-
