4026 6180
400 311 532 367 1ἲὲἇῦ

1024 303 1083 358 Β.
1126 298 1381 355 ΒΑΒᾹΝΙ
1421 294 1638 350 MAURI
1680 287 1971 346 ARCLJEF

2074 285 2353 341 iOGL'l‘iT.
2390 280 2678 339 'OPERL'M
2718 280 2897 335 PARS
2936 278 3021 334 111.

3508 276 3647 329 ιῦἱι

388 430 555 476 nitate
582 421 823 491 corporis
850 419 1107 473 obtulisse
1132 432 1145 469 :
1178 416 1301 485 quia
1331 422 1382 467 et
1409 414 1461 465 in
1488 411 1607 480 lege
1630 408 1808 462 hostia
1834 418 1955 460 cum
1987 408 2033 464 Α
2063 418 2177 466 sus,
2204 402 2299 456 sed
2326 399 2481 453 valde
2511 396 2781 461 renovati,
2802 407 2878 458 et,
2908 407 2965 448 ut
2990 397 3064 447 ita
3089 395 3283 451 dicam,
3315 393 3385 446 ad
3413 391 3513 445 Dei
3531 392 3654 462 jam

386 510 690 573 olierretur,
716 509 1109 579 inspiciebatur
1131 522 1162 561 a
1190 503 1469 561 sacerdote
1494 498 1822 570 diligentius,
1850 510 1957 550 non

388 602 560 658 solum
589 602 634 655 si
657 617 724 655 ex
762 599 975 653 mundis
994 605 1140 652 esset
1172 593 1515 657 animalibus,
1550 591 1650 646 sed
1685 606 1759 644 ne
1791 586 1960 643 autin

387 692 546 747 oculo
570 691 795 746 haberet
816 689 1027 752 vitium,
1058 694 1152 741 aut
1180 686 1233 740 in
1255 684 1493 747 auribus,
1519 688 1614 737 aut
1640 681 1693 735 in
1713 678 1959 750 pedibus,

389 799 457 838 ne
494 779 765 844 claudum,
801 795 870 834 ne
904 779 1130 839 luscum,
1175 790 1244 829 ne
1275 772 1494 829 surdum
1542 768 1741 825 animal
1777 766 1960 822 divino

390 873 767 926 admoveretur
817 866 997 921 altari.
1052 865 1143 920 Sic
1187 878 1316 933 ergo
1365 875 1462 931 per
1489 859 1671 913 omnia
1718 855 1960 911 membra

388 962 674 1016 discutitur
725 967 778 1013 et
840 963 1204 1027 pertractatur
1254 952 1427 1008 hostia
1478 950 1696 1013 vivens,
1746 952 1957 1009 sancta,

390 1055 499 1107 Deo
531 1052 768 1120 placens,
795 1063 914 1119 quae
941 1043 1336 1101 rationabiliter
1364 1039 1641 1096 oll'erenda
1678 1044 1779 1091 est.

466 1143 527 1196 Et
558 1142 713 1197 nolite
765 1138 1083 1209 conformari
1130 1135 1251 1189 huic
1275 1130 1491 1187 saeculo.
1534 1125 1731 1200 (θήῃ.)
1764 1124 1822 1178 In
1853 1136 1962 1193 quo

389 1234 621 1291 ostendit
640 1247 758 1287 esse
777 1230 1065 1301 quamdam
1086 1226 1312 1281 formam
1335 1221 1491 1290 hujus
1503 1218 1705 1284 saeculi,
1725 1225 1781 1271 et
1800 1214 1960 1270 aliam

390 1340 511 1379 esse
532 1323 697 1378 futuri
726 1320 906 1376 seaculi
925 1335 939 1372 :
961 1327 1016 1373 et
1040 1318 1084 1373 si
1104 1317 1194 1386 qui
1214 1323 1339 1371 sunt
1378 1313 1469 1383 qui
1511 1316 1694 1364 amant
1721 1320 1961 1379 prmsens

390 1413 663 1477 saeculum,
699 1420 755 1468 et
784 1424 848 1463 ea
883 1424 1003 1479 quae
1028 1414 1153 1462 sunt
1188 1406 1242 1460 in
1272 1404 1373 1459 hoc
1416 1399 1638 1462 mundo,
1664 1394 1962 1452 secundum

393 1507 625 1561 formam
660 1501 840 1559 saeculi
889 1498 1169 1571 praesentis
1216 1502 1494 1565 aptantur;
1543 1491 1635 1561 qui
1684 1503 1812 1543 vero
1856 1500 1962 1541 non

392 1595 687 1666 respiciunt
717 1607 779 1649 ea
812 1606 930 1660 qua:
959 1588 1227 1648 videntur,
1268 1585 1361 1640 sed
1389 1596 1508 1652 quae
1542 1595 1647 1635 non
1689 1577 1962 1639 videntur,

391 1696 446 1739 et
470 1662 672 1739 aeterna
717 1687 861 1744 sunt,
917 1677 1371 1732 transformamur
1416 1680 1472 1725 et
1520 1674 1849 1723 renovantur
1895 1662 1962 1717 ad

2062 492 2348 561 imaginem
2382 490 2679 549 reformati,
2710 491 2943 558 probare
2980 488 3035 541 in
3077 485 3300 554 singulis
3337 486 3656 554 quibusque

2060 596 2181 652 quae
2214 582 2446 651 agimus,
2495 595 2615 650 quae
2657 573 2944 648 loquimur,
2975 591 3097 645 qua:
3125 576 3448 645 cogitamus,
3478 575 3544 629 si
3577 575 3656 629 sit

2061 673 2309 731 voluntas
2338 672 2465 737 Dei;
2502 681 2559 727 et
2587 670 2721 725 nihil
2746 671 2965 724 omnino
2996 669 3080 724 vel
3112 682 3296 739 agere,
3326 668 3412 723 vel
3441 669 3651 734 dicere,

2061 764 2146 820 vel
2168 763 2409 835 cogitare
2432 763 2575 832 quod
2600 760 2867 816 voluntati
2919 759 3018 813 Dei
3046 775 3155 814 non
3186 759 3421 814 senserit
3448 773 3651 813 conve-

2064 854 2200 908 nire.
2234 850 2492 907 Voluntas
2521 852 2613 906 Dei
2640 860 2725 905 est
2744 849 2998 918 quidquid
3033 848 3232 903 bonum
3260 858 3313 902 et
3339 848 3648 918 perfectum

2062 952 2184 998 est:
2214 957 2315 997 nec
2343 949 2523 1011 potest
2549 940 2694 994 aliud
2731 940 2871 995 velle
2915 939 3075 1003 Deus,
3124 938 3228 993 nisi
3256 938 3402 1007 quod
3442 937 3652 993 bonum

2063 1043 2176 1090 est:
2203 1045 2257 1088 et
2278 1034 2465 1103 utique
2491 1032 2634 1101 quod
2660 1031 2859 1087 bonum
2887 1037 2971 1084 est
2998 1037 3053 1083 et
3078 1027 3383 1098 perfectum
3410 1028 3530 1082 sine
3550 1027 3654 1082 du-

2063 1126 2152 1180 bio
2179 1125 2281 1179 hoc
2305 1123 2416 1177 Deo
2444 1122 2638 1193 placet.
2655 1121 2842 1176 Potest
2859 1120 3095 1190 quidem,
3126 1126 3187 1172 ut
3202 1134 3366 1189 supra
3386 1119 3653 1183 diximus,

2064 1213 2240 1269 videri
2265 1212 2408 1282 quod
2431 1211 2606 1265 omnis
2633 1209 2885 1264 voluntas
2914 1208 3009 1263 Dei
3035 1209 3172 1262 bona
3197 1208 3289 1273 sit,
3313 1217 3372 1261 et
3394 1208 3656 1278 benepla—

2064 1306 2191 1369 cita,
2218 1311 2274 1359 et
2300 1300 2559 1373 perfecta.
2592 1301 2775 1357 Potest
2812 1309 2991 1355 autem
3017 1310 3072 1355 et
3111 1298 3218 1353 tale
3246 1296 3448 1368 aliquid
3480 1300 3538 1353 in
3564 1299 3659 1353 his

2066 1394 2408 1452 sermonibus
2427 1392 2638 1457 sentiri,
2667 1392 2792 1461 quia
2820 1391 2913 1446 Dei
2954 1390 3172 1460 quidem
3215 1388 3467 1444 voluntas
3499 1404 3652 1444 sem-

2063 1502 2163 1557 per
2197 1485 2335 1540 bona
2362 1492 2465 1548 est,
2514 1482 2609 1538 sed
2639 1498 2747 1539 non
2781 1496 2996 1551 semper
3028 1481 3167 1539 bona
3216 1480 3335 1552 ejus
3370 1478 3656 1534 voluntate

2067 1573 2366 1645 dispensari
2396 1586 2688 1636 meremur,
2714 1585 2890 1641 neque
2915 1570 3249 1640 beneplacita
3283 1577 3338 1629 et
3363 1568 3652 1639 perfecta;

2067 1663 2217 1719 verbi
2241 1676 2403 1717 causa
2422 1671 2484 1717 ut
2518 1668 2811 1732 angeretur
2838 1660 2968 1715 Saul
2991 1660 3043 1714 in
3067 1675 3276 1730 regem,
3303 1658 3404 1714 fuit
3421 1659 3653 1729 quidem

395 1777 555 1830 futuri
585 1773 762 1829 δωρειιί
794 1771 1054 1826 formam:
1085 1779 1141 1823 et
1161 1767 1282 1820 inde
1312 1764 1368 1818 lit
1390 1770 1448 1816 ut
1466 1776 1560 1815 eos
1588 1775 1690 1814 non
1712 1762 1969 1827 agnoscat
1996 1748 2040 1807 Β
2066 1754 2315 1812 voluntas
2354 1754 2473 1819 Dei,
2510 1754 2605 1809 sed
2642 1769 2750 1809 non
2795 1751 3133 1822 beneplacita
3160 1765 3332 1822 neque
3379 1751 3651 1820 perfecta.

394 1869 481 1923 hic
528 1866 777 1928 mundus,
820 1861 915 1917 sed
955 1859 1077 1912 odio
1125 1857 1321 1911 habeat
1359 1860 1415 1907 et
1450 1857 1821 1920 persequatur.
1860 1844 1966 1899 Sed

395 1963 693 2028 agnoscunt
712 1954 870 2008 istam
907 1949 1131 2003 formam
1159 1943 1346 2014 Angcli
1373 1941 1488 2005 Dei,
1515 1938 1605 2008 qui
1630 1945 1756 1993 sunt
1789 1936 1856 1990 de
1878 1934 1970 1989 illo

403 2022 598 2105 sarculo
634 2048 880 2097 venturo.
912 2039 977 2092 Et
1001 2035 1175 2091 simile
1217 2033 1347 2087 mihi
1377 2029 1586 2084 videtur
1611 2040 1730 2085 esse
1755 2025 1858 2079 hoc
1896 2022 1970 2077 illi

396 2138 562 2201 dicto,
589 2150 695 2205 quo
719 2133 834 2187 ait:
868 2128 1018 2185 Sicut
1066 2125 1383 2197 portavimus
1428 2120 1708 2191 imaginem
1752 2115 1971 2179 terreni,

396 2238 662 2299 portemus
684 2233 735 2279 et
754 2220 1032 2291 imaginem
1056 2216 1272 2272 cmlestis
1297 2213 1348 2283 (I
1375 2209 1497 2267 Cor.
1526 2208 1641 2282 xv.)
1668 2207 1805 2263 Vide
1820 2218 1971 2277 ergO,

402 2334 470 2374 ne
500 2317 640 2372 forte
685 2329 808 2370 cum
833 2309 982 2366 venit
1018 2310 1099 2363 ira
1144 2309 1198 2363 in
1243 2321 1339 2361 cor
1370 2314 1537 2366 tuum,
1571 2298 1894 2356 coriormem
1918 2305 1972 2352 te

401 2410 566 2465 faciat
586 2407 713 2463 huic
735 2403 963 2469 smculo;
986 2399 1234 2457 similiter
1255 2404 1435 2452 autem
1461 2405 1516 2449 et
1541 2388 1974 2462 concupiscentia

399 2501 557 2565 mala,
572 2508 628 2555 et
639 2497 862 2553 avaritia
870 2536 885 2561 ,
900 2502 1200 2562 ceteraque
1213 2489 1341 2545 vitia
1350 2486 1546 2557 quibus
1557 2498 1795 2555 praesens
1806 2495 1976 2538 eaten-

398 2592 511 2647 lum
530 2588 847 2651 delectatur,
889 2584 1123 2641 formam
1156 2580 1251 2638 tibi
1273 2576 1456 2635 saeculi
1488 2572 1775 2647 praesentis
1798 2572 1971 2648 impo-

398 2690 551 2740 nant.
573 2681 628 2736 Si
641 2695 772 2736 vero
797 2692 829 2734 e
848 2676 1123 2733 contrario
1144 2667 1516 2733 mansuetudo,
1545 2664 1824 2738 patientia,
1841 2662 1975 2717 leni-

405 2782 512 2837 tas,
557 2768 907 2831 continentia,
951 2765 1102 2830 ﬁdes,
1133 2761 1355 2825 veritas,
1395 2765 1708 2826 ceteraeque
1750 2754 1976 2810 virtutes

401 2865 646 2920 habitent
688 2860 742 2917 in
793 2873 956 2915 sensu
996 2864 1087 2912 tuo
1123 2851 1456 2912 conformem
1494 2857 1547 2904 te
1579 2845 1743 2904 futuri
1795 2842 1975 2901 surculi

400 2953 616 3018 facient,
664 2958 721 3007 et
761 2950 838 3003 ita
877 2946 1154 3018 pulchram
1196 2943 1394 3001 animat
1438 2949 1544 2995 tua:
1578 2937 1816 3008 speciem
1845 2934 1974 2990 red-

401 3044 551 3109 dent,
606 3049 664 3097 ut
690 3039 914 3096 verbum
959 3037 1057 3092 Dei
1096 3033 1242 3105 quod
1288 3030 1572 3101 despondit
1612 3041 1733 3083 eam
1777 3023 1881 3083 sibi
1921 3023 1976 3078 in

2065 1843 2310 1900 lrascens
2335 1845 2483 1900 enim
2508 1843 2723 1915 populo,
2754 1841 2844 1912 qui
2876 1840 3211 1897 refutaverat
3249 1839 3417 1895 Deum
3443 1841 3658 1895 habere

2066 1946 2231 2004 super
2258 1948 2319 1989 se
2349 1948 2554 2005 regem,
2584 1946 2768 2002 regem
2793 1932 2875 1987 eis
2920 1931 3196 1989 hominem
3226 1931 3391 2000 jussit
3417 1929 3655 1985 institui.

2071 2022 2176 2078 Sed
2189 2031 2245 2078 et
2256 2014 2520 2095 propheta
2532 2037 2601 2079 ex
2622 2035 2852 2091 persona
2868 2020 2963 2076 Dei
2977 2020 3110 2075 dicit
3126 2037 3141 2073 :
3158 2019 3349 2074 Dimisi
3360 2036 3450 2074 eos
3461 2036 3658 2073 secun-

2069 2113 2195 2167 dum
2219 2112 2485 2168 desideria
2499 2112 2673 2167 cordis
2700 2126 2900 2176 eorum,
2934 2120 2989 2164 ut
3016 2112 3148 2164 irent
3178 2111 3232 2163 in
3275 2109 3657 2180 cupiditatibus

2069 2200 2367 2276 suis(Psal.
2384 2202 2570 2274 Lx-xx.)
2593 2200 2683 2257 Sic
2708 2216 2840 2273 ergo
2866 2201 3161 2272 aliquando
3189 2200 3249 2256 tit
3272 2201 3526 2256 voluntas
3556 2202 3655 2256 Dei

2072 2294 2128 2349 in
2150 2294 2234 2350 his
2259 2294 2453 2364 quibus
2481 2294 2912 2364 concupiscimus
2931 2301 2997 2348 et
3010 2292 3383 2350 desideramus
3402 2311 3417 2347 :
3436 2293 3535 2348 sed
3560 2295 3657 2362 qui

2072 2394 2363 2443 renovatus
2383 2393 2469 2442 est
2509 2401 2692 2453 sensu,
2742 2387 2974 2457 probare
3011 2386 3172 2441 debet
3208 2387 3255 2442 si
3277 2385 3531 2442 voluntas
3557 2384 3654 2441 Dei

2072 2478 2190 2567 hate
2211 2477 2353 2567 bona
2377 2485 2483 2543 est,
2504 2485 2558 2567 et
2579 2476 2914 2548 beneplacita
2927 2485 2984 2532 et
3001 2476 3267 2546 perfecta,
3288 2486 3345 2532 et
3367 2492 3477 2533 non
3505 2475 3655 2541 talis,

2072 2566 2197 2638 qua:
2220 2566 2391 2638 magis
2402 2566 2687 2625 desideriis
2708 2568 2910 2623 nostris
2935 2566 3229 2639 indulgeat,
3252 2582 3416 2639 quam
3446 2566 3655 2622 utilita—

2073 2658 2220 2714 tibus
2241 2657 2507 2714 consulat.
3301 2692 3364 2734 χῖ

2144 2749 2276 2805 Dico
2293 2751 2431 2806 enim
2455 2767 2548 2821 per
2568 2751 2793 2821 gratiam
2818 2767 2937 2823 quia
2964 2750 3093 2806 data
3130 2760 3207 2805 est
3237 2731 3366 2805 milii
3412 2751 3653 2806 omnibus

2072 2840 2163 2912 qui
2184 2850 2306 2897 sunt
2333 2841 2470 2896 inter
2490 2853 2617 2895 vos:
2643 2856 2747 2913 non
2790 2840 2908 2911 plus
2930 2858 3110 2912 sapere
3132 2848 3291 2912 quam
3322 2852 3524 2913 oportet
3559 2860 3651 2897 su-

2073 2947 2216 3001 pere,
2256 2931 2346 2987 sed
2385 2947 2566 3003 sapere
2603 2932 2674 2985 ad
2711 2931 3062 2998 sobrietatem,
3105 2940 3155 2986 et
3200 2933 3485 3002 unicuique
3516 2934 3653 2988 sicut

2077 3019 2222 3076 Deus
2263 3019 2437 3087 divisit
2465 3036 2764 3075 mensuram
2806 3019 2952 3090 ﬁdei.
3000 3018 3289 3085 Sciendum
3332 3022 3511 3092 primo
3546 3032 3647 3081 est.

400 3082 769 3190 ndgiic‘ordi‘a
787 3082 847 3185 et
877 3082 1001 3192 fide,
1029 3082 1272 3180 diela—tvad
1293 3082 1697 3178 eauti—iota“
1717 3116 1971 3187 formosa,
2000 3082 2049 3148 θ’
2078 3114 2221 3183 quod
2260 3113 2350 3171 ubi
2377 3086 2481 3169 nos
2515 3113 2779 3169 habemus
2805 3082 3044 3168 ornatibus
3087 3113 3177 3183 qui
3196 3082 3353 3171 sunt-
3370 3114 3514 3168 inter
3538 3131 3648 3177 eos,

397 3224 636 3295 proxima
688 3238 825 3285 mea,
874 3228 922 3273 et
968 3215 1178 3272 macula
1220 3230 1325 3269 non
1366 3220 1445 3268 est
1482 3212 1538 3266 in
1576 3220 1625 3266 te
1662 3206 1841 3280 (Cant.
1872 3203 1971 3276 tv).

399 3311 619 3369 Intende
647 3319 829 3367 autem
863 3306 1170 3377 diligentius
1218 3304 1362 3374 quod
1387 3301 1466 3358 ait
1510 3315 1526 3355 :
1575 3298 1681 3355 Sed
1712 3296 1974 3366 reforma-

399 3405 537 3458 mini
572 3403 627 3456 in
655 3401 879 3455 novitate
924 3412 1105 3452 sensus
1143 3395 1318 3459 vestri,
1345 3401 1407 3447 ut
1452 3391 1701 3447 ostendat
1742 3387 1975 3443 formam

400 3493 616 3563 quidem
665 3487 984 3558 culpabilem
1040 3500 1055 3538 :
1104 3484 1255 3555 prius
1299 3482 1443 3537 enim
1488 3479 1715 3535 formam
1753 3477 1977 3534 malitiae

404 3584 593 3640 habuit
617 3582 795 3637 omnis
841 3578 1041 3633 anima.
1074 3575 1180 3633 Sed
1217 3574 1539 3631 adhortatur
1558 3585 1625 3625 ex
1651 3570 1755 3625 hoc
1793 3578 1974 3632 sermo

401 3671 760 3743 Apostolicus,
792 3678 852 3725 ut
891 3668 978 3723 illa
1009 3668 1219 3738 objecta
1260 3663 1328 3721 ad
1352 3661 1689 3733 singularum
1713 3659 1975 3717 virtutum

402 3764 637 3835 speciem
669 3760 1046 3827 reformemur,
1086 3767 1141 3816 et
1165 3759 1241 3815 ita
1269 3758 1483 3813 demum
1520 3753 1794 3824 possimus
1817 3766 1981 3809 revee

402 3858 513 3912 lato
539 3855 685 3909 vultu
729 3855 911 3910 cordis
939 3851 1162 3924 gloriam
1201 3847 1429 3904 Domini
1457 3844 1722 3915 speculari
1775 3843 1843 3898 ab
1870 3843 1972 3898 hu-

397 3947 632 4017 jusmodi
679 3946 913 4016 imagine
956 3940 1345 3999 transformati.
1375 3936 1652 4005 Quomodo
1702 3943 1878 3989 autem
1918 3932 1973 3986 in

405 4036 523 4093 haec
570 4033 1017 4091 transformemur
1046 4033 1167 4103 ipse
1193 4030 1383 4085 edocet
1407 4026 1611 4089 dicens,
1644 4021 1974 4079 renovatione

405 4142 587 4180 sensus
632 4123 807 4178 vestri.
834 4122 1144 4177 Renovatur
1183 4126 1362 4177 autem
1421 4128 1610 4169 sensus
1651 4119 1833 4165 noster
1878 4123 1999 4179 per.

405 4215 665 4272 exercitia
709 4211 1008 4283 sapientiae,
1031 4217 1086 4265 et
1132 4204 1529 4263 meditationem
1570 4199 1719 4254 verbi
1764 4199 1884 4262 Dei.
1919 4204 1974 4252 et

406 4304 541 4376 legis
575 4303 692 4373 ejus
731 4300 1141 4371 intelligentiam
1179 4292 1499 4365 spiritalem,
1538 4304 1593 4346 et
1626 4296 1827 4360 quanto
1850 4288 1972 4357 quis

405 4396 644 4467 quotidie
683 4411 749 4451 ex
782 4393 1184 4463 Scripturarum
1225 4386 1437 4457 proiicit
1481 4382 1732 4447 lectione,
1771 4388 1973 4457 quanto

406 4489 565 4543 altius
595 4486 898 4542 intellectus
936 4481 1054 4552 ejus
1078 4480 1310 4544 accedit,
1352 4484 1502 4531 tanto
1550 4488 1764 4543 semper
1806 4486 1976 4527 novus

406 4586 460 4633 et
484 4576 724 4648 quotidie
750 4589 921 4631 novus
944 4571 1196 4627 efﬁcitur.
1220 4568 1406 4624 Potest
1431 4576 1610 4622 tamen
1649 4561 1762 4617 ﬁeri
1788 4568 1844 4617 ut
1867 4576 1974 4615 non

406 4669 585 4725 omnis
626 4680 816 4723 sensus
862 4664 916 4718 in
956 4664 1059 4717 hoc
1100 4660 1270 4731 possit
1299 4655 1569 4723 renovari,
1600 4660 1660 4708 ut
1704 4652 1976 4725 agnitione

408 4761 645 4818 scientiae
674 4758 945 4821 dilatetur.
999 4754 1179 4808 Potest
1222 4752 1365 4807 enim
1412 4748 1660 4805 renovari
1696 4759 1886 4802 sensus
1904 4744 1975 4800 ad

403 4851 696 4923 justitiam,
728 4855 906 4923 potest
934 4843 1180 4899 renovari
1206 4841 1272 4896 ad
1296 4838 1704 4902 continentiam,
1732 4844 1788 4892 et
1815 4835 1975 4891 mise-

406 4922 925 5004 ricordiamaﬁdem,
953 4934 1291 5007 patientiam.
1333 4930 1441 4986 Sed
1480 4929 1604 4985 vide
1641 4927 1773 4998 quid
1800 4928 1851 4981 in
1883 4941 1974 4982 se-

407 5034 694 5102 quentibus
719 5030 844 5086 huic
873 5025 1209 5084 renovationi
1246 5037 1435 5079 sensus
1465 5021 1722 5092 adjungat
1750 5019 1975 5088 Aposto-

408 5127 491 5181 lus
515 5145 527 5180 :
554 5125 620 5180 Ut
645 5123 869 5195 probetis
898 5137 1015 5192 qua:
1062 5120 1129 5175 sit
1176 5116 1418 5172 uoluntas
1453 5113 1549 5169 Dei
1578 5113 1734 5179 bona,
1775 5122 1822 5165 et
1853 5111 1976 5163 bene

406 5216 635 5287 placens,
663 5225 710 5270 et
739 5213 986 5285 perfecta.
1018 5210 1212 5281 Utique
1232 5209 1333 5264 nisi
1367 5208 1433 5262 ad
1456 5220 1667 5262 onmem
1696 5201 1975 5260 scientiam

408 5314 693 5362 renovatus
705 5305 776 5360 sit
786 5317 996 5367 sensus,
1014 5310 1068 5358 et
1090 5309 1231 5356 totus
1244 5300 1335 5355 Dei
1350 5294 1973 5368 sapientiailluminatus,

409 5397 633 5463 probare
661 5410 767 5450 non
812 5399 990 5463 potest
1012 5406 1133 5460 qua:
1163 5390 1233 5445 sit
1263 5388 1509 5443 voluntas
1532 5386 1628 5442 Dei
1663 5404 1676 5439 :
1707 5385 1761 5439 in
1796 5383 1977 5439 multis

409 5483 548 5537 enim
575 5493 792 5552 putatur
820 5496 939 5537 esse
966 5481 1213 5537 voluntas
1235 5480 1351 5545 Dei,
1395 5486 1450 5534 et
1483 5492 1589 5533 non
1644 5484 1745 5532 est.
1779 5475 1838 5529 In
1870 5489 1976 5543 quo

416 5565 472 5620 hi
495 5569 677 5638 utique
697 5572 787 5641 qui
810 5585 1028 5625 sensum
1061 5585 1168 5625 non
1199 5570 1398 5625 habent
1424 5574 1761 5631 renovatum,
1793 5572 1979 5620 errant

410 5664 465 5711 et
483 5654 754 5714 falluntur.
772 5659 867 5715 Est
893 5667 1072 5714 autem
1096 5675 1284 5717 revera
1326 5674 1435 5716 non
1460 5654 1826 5727 cujuscunque
1853 5669 1974 5710 sen-

2000 4442 2054 4502 D

2075 3204 2131 3259 in
2158 3203 2348 3260 Grznoo
2373 3203 2623 3268 habetur,
2650 3203 2791 3257 omni
2816 3204 2909 3274 qui
2937 3213 3014 3258 est
3043 3203 3098 3258 in
3123 3204 3287 3258 vobis.
3331 3203 3435 3272 Qui
3470 3208 3651 3259 sermo

2075 3292 2261 3363 utique
2288 3292 2357 3361 ad
2395 3305 2489 3348 eos
2540 3292 2741 3351 indicat
2780 3293 3005 3348 verbum
3044 3293 3185 3357 ﬁeri,
3218 3295 3311 3365 qui
3354 3311 3481 3351 eum
3524 3306 3653 3351 ante

2074 3402 2180 3444 non
2205 3387 2424 3452 fuerint,
2454 3401 2596 3442 nunc
2622 3401 2743 3443 esse
2760 3396 3065 3460 cmperunt.
3094 3388 3233 3444 Deus
3252 3391 3413 3455 enim,
3430 3399 3490 3444 ut
3511 3390 3652 3445 idem

2072 3477 2360 3549 Apostolus
2384 3478 2483 3543 ait,
2511 3487 2657 3532 uocat
2682 3492 2799 3547 qua:
2827 3494 2930 3533 non
2947 3487 3068 3533 sunt
3100 3488 3358 3549 tanquam
3386 3496 3507 3550 qua:
3531 3490 3651 3534 sunt

2076 3565 2249 3638 (Rom.
2282 3565 2383 3638 tv.)
2414 3564 2531 3622 Non
2577 3574 2704 3622 sunt
2743 3574 2922 3622 autem
2952 3568 3029 3629 ,hi
3068 3568 3163 3638 qui
3206 3569 3506 3640 participes
3544 3586 3650 3624 non

2073 3665 2202 3711 sunt
2227 3656 2345 3726 ejus
2388 3658 2480 3728 qui
2523 3671 2650 3714 vere
2678 3666 2798 3714 est;
2832 3659 2924 3730 qui
2959 3659 3095 3723 dixit
3134 3660 3200 3715 ad
3239 3660 3462 3731 Moysen
3494 3679 3509 3715 :
3549 3662 3651 3717 Dic

2073 3744 2200 3815 ﬁliis
2214 3744 2381 3801 Israel
2396 3764 2413 3800 :
2439 3747 2541 3814 Qui
2561 3757 2657 3813 est,
2685 3749 2823 3803 misit
2840 3765 2925 3803 me
2953 3750 3022 3803 ad
3048 3766 3134 3805 nos
3155 3750 3355 3819 (Exod.
3374 3752 3650 3825 tn).Quod

2074 3853 2206 3909 ergo
2233 3839 2311 3894 ait
2332 3837 2530 3895 Paulus
2559 3856 2572 3892 :
2605 3839 2736 3894 Dico
2780 3842 2916 3895 enim
2960 3842 3199 3896 omnibus
3238 3844 3331 3914 qui
3366 3855 3487 3898 sunt
3514 3845 3651 3897 inter

2073 3947 2184 3996 vos,
2212 3930 2315 3995 vel,
2352 3931 2493 3986 utin
2512 3929 2929 3992 Graacishaberi
2964 3932 3231 3997 diximus,
3263 3934 3426 3997 omni,
3448 3934 3549 4003 qui
3575 3944 3649 3987 est

2074 4022 2129 4076 in
2160 4023 2318 4088 vobis,
2347 4022 2524 4078 simile
2565 4032 2650 4079 est
2693 4039 2760 4079 ac
2786 4023 2837 4079 si
2869 4022 3079 4079 diceret
3125 4042 3140 4078 :
3180 4023 3311 4079 Dico
3338 4027 3478 4079 enim
3503 4027 3649 4081 omni

2073 4114 2165 4183 qui
2192 4114 2247 4167 in
2274 4113 2384 4169 Deo
2406 4122 2510 4181 est,
2542 4130 2647 4173 non
2673 4114 2790 4185 plus
2818 4130 3003 4185 sapere
3022 4131 3181 4186 quam
3210 4127 3409 4186 oportet
3443 4133 3646 4186 sapere.

2076 4206 2299 4261 Videtur
2376 4206 2555 4261 adhuc
2612 4206 2681 4260 ad
2737 4206 3111 4276 superbientes
3173 4222 3353 4262 ramos
3394 4207 3650 4273 oleastri,

2074 4305 2130 4351 et
2172 4296 2489 4352 insultantes
2541 4297 2708 4352 ramis
2755 4297 2848 4367 qui
2916 4297 2984 4353 de
3039 4300 3179 4354 bona
3229 4299 3370 4353 oliva
3418 4299 3650 4355 detracti

2078 4397 2221 4454 sunt,
2250 4389 2416 4443 etiam
2440 4389 2589 4443 hunc
2634 4397 2822 4459 aptare
2862 4404 3187 4457 sermonem,
3223 4400 3283 4445 et
3308 4391 3492 4448 dicere
3538 4394 3649 4457 eis,

2081 4494 2187 4534 non
2216 4478 2413 4533 debere
2431 4477 2552 4547 plus
2572 4492 2761 4548 sapere
2786 4493 2948 4549 quam
2998 4486 3211 4549 oportet
3241 4494 3436 4549 sapere
3462 4498 3479 4533 :
3507 4481 3651 4551 quod

2081 4569 2256 4625 simile
2292 4576 2379 4633 est
2418 4568 2495 4623 illi
2550 4570 2810 4633 sermoni,
2852 4584 3016 4638 quem
3052 4570 3225 4625 dixit:
3264 4569 3392 4624 Noli
3430 4571 3650 4641 superbe

2079 4676 2257 4731 sapere
2295 4657 2466 4730 (Rom.
2498 4659 2606 4731 x1);
2642 4660 2744 4713 hoc
2789 4667 2872 4717 est
2901 4660 3055 4714 enim.
3076 4660 3198 4730 plus
3235 4674 3447 4731 sapere,
3485 4676 3648 4729 quam

2079 4757 2311 4820 Oportet.
2330 4746 2533 4820 [Amb.]
2550 4746 2751 4816 Aperte
2764 4748 2999 4804 ostendit
3026 4748 3130 4804 hoc
3158 4748 3354 4804 debere
3376 4763 3474 4802 nos
3493 4764 3647 4818 sapt.L

2080 4854 2141 4894 re
2162 4837 2305 4908 quod
2340 4836 2563 4906 iustitia:
2588 4837 2850 4897 terminos
2868 4850 2975 4892 non
2998 4838 3323 4908 egrediatur,
3344 4848 3406 4892 ut
3425 4830 3532 4893 non
3554 4855 3651 4893 no-

2080 4929 2165 4983 bis
2196 4927 2326 4983 solis
2347 4926 2478 4981 utile
2512 4927 2603 4991 sit,
2636 4925 2728 4981 sed
2772 4934 2827 4980 et
2857 4926 2987 4982 nulli
3013 4928 3174 4982 obsit.
3230 4926 3353 4982 Haec
3389 4937 3473 4982 est
3498 4929 3645 4982 enim

2079 5016 2384 5086 prudentia,
2407 5014 2663 5085 prodesse
2703 5015 2876 5085 magis
2899 5015 3190 5086 aliquibus.
3224 5031 3387 5086 quam
3417 5018 3643 5079 etesse;

2079 5116 2136 5162 et
2187 5113 2498 5161 contentum
2540 5119 2661 5160 esse
2709 5104 2906 5161 debere
2947 5116 3093 5162 sorte
3139 5123 3261 5176 qua,
3284 5122 3507 5163 mensus
3563 5120 3649 5162 est

2081 5196 2247 5263 Deus,
2277 5204 2332 5251 et
2357 5194 2555 5251 merito
2582 5195 2705 5250 ﬁdei
2730 5197 3189 5268 uniuscujusque:
3211 5214 3313 5253 nec
3338 5199 3442 5253 sibi
3461 5198 3647 5254 defen-

2082 5287 2233 5353 dere,
2255 5287 2396 5358 quod
2426 5301 2530 5341 non
2567 5283 2671 5342 sibi
2707 5302 3023 5343 concessum
3044 5289 3221 5352 videt;
3249 5289 3352 5345 hoc
3389 5298 3491 5353 est,
3536 5305 3645 5344 non

2075 5377 2195 5449 plus
2220 5391 2430 5448 sapere,
2457 5375 2583 5446 quia
2611 5376 2702 5441 uni
2734 5384 2903 5432 totum
2931 5378 3154 5435 concedi
3182 5394 3287 5433 non
3317 5388 3510 5448 potest.
3536 5377 3649 5433 Nec

2076 5468 2218 5524 enim
2249 5468 2292 5521 si
2321 5464 2442 5535 quis
2470 5466 2622 5521 bona:
2640 5466 2766 5520 vitae
2789 5476 2893 5531 est,
2916 5481 2984 5521 ex
2999 5482 3065 5522 eo
3086 5469 3186 5525 sibi
3204 5469 3369 5523 etiam
3388 5468 3645 5527 doctrina:

2075 5559 2415 5630 prudentiam
2441 5557 2602 5612 debet
2625 5555 2911 5623 defendere
2937 5575 2952 5623 ;
2990 5567 3085 5613 aut
3116 5560 3240 5629 quia
3266 5559 3517 5631 peritiam
3548 5560 3647 5614 ha-

2076 5652 2169 5707 bet
2199 5650 2353 5721 legis,
2378 5647 2659 5705 levitarum
2688 5647 2790 5703 sibi
2819 5647 3077 5717 obsequia
3099 5649 3387 5705 vendicare
3406 5649 3640 5705 debebit.
