4026 6180
313 305 452 362 is“

836 296 1383 357 ENARRATJONUM
1419 297 1482 352 IN
1523 295 1669 351 EPP.
1712 294 1915 349 PAULI
1957 293 2081 346 LIB.
2132 290 2234 346 VII.
2270 322 2336 330 —
2377 291 2445 346 IN
2485 291 2701 348 EPIST.
2740 293 2832 348 AD
2870 290 3036 349 ROM.

3431 296 3451 349 l
3464 297 3569 353 546

310 419 375 489 (ϐ
387 416 514 487 reg.)
544 414 642 483 Qui
672 414 833 486 igitur
864 413 1005 483 loqui
1039 413 1311 483 sapienter
1341 410 1548 474 nititur,
1565 420 1887 479 magnOpcre
1918 416 1958 467 Α
1994 420 2113 457 men
2138 404 2364 459 eruditis
2409 405 2539 459 viris
2575 406 2931 475 temperantia
2973 416 3191 475 ponitur
3227 425 3238 459 :
3282 424 3399 478 qua:
3439 421 3572 468 ten.-

309 516 515 563 metuat
564 520 631 560 ne
661 503 775 573 ejus
794 503 1006 574 eloquio
1034 502 1367 557 audientium
1393 501 1571 555 unitas
1598 498 1889 554 confunda-

310 608 416 654 tur.
472 598 609 650 Dare
648 595 813 650 stulto
844 593 1126 649 consilium
1169 591 1453 646 charitatis
1481 598 1582 655 est,
1628 588 1759 643 dare
1797 604 1887 642 sa-

306 687 495 756 pienti,
531 683 927 739 ostentationis.
988 681 1127 734 Dare
1153 695 1279 734 vero
1300 679 1402 749 ipsi
1438 678 1737 747 sapientize,
1766 691 1889 746 per-

306 775 604 839 versitatis,
633 786 688 827 et
713 774 836 843 quia
879 772 932 826 hi
973 787 1107 840 quos
1138 780 1323 825 tenere
1362 769 1740 823 hzereticorum
1770 782 1889 836 spe-

307 866 445 921 ciem
490 863 745 929 diximus,
798 879 896 933 per
949 863 1270 917 locutionem
1329 876 1481 916 suam
1538 857 1887 915 ostentationi

306 957 488 1027 potius
540 971 700 1025 quam
730 953 947 1009 utilitati
980 952 1307 1016 serviebant,
1350 959 1497 1006 recte
1531 950 1582 1005 in
1620 950 1757 1005 libro
1786 947 1888 1004 Job

308 1056 496 1101 contra
532 1045 767 1100 Baldach
798 1044 996 1099 dicitur
1029 1062 1042 1098 :
1078 1042 1147 1097 Et
1176 1042 1508 1113 prudentiam
1543 1052 1688 1096 tuam
1712 1051 1888 1098 osten-

308 1137 433 1190 disti
484 1134 767 1206 plurimam
824 1131 966 1204 (Job.
1015 1130 1185 1204 xxvi).
1231 1129 1419 1186 Omnis
1463 1131 1547 1186 cui
1602 1131 1885 1200 prudentia

309 1238 457 1284 recta
488 1236 593 1295 est,
618 1227 848 1298 plurima
884 1241 990 1280 non
1019 1233 1126 1290 est,
1160 1226 1287 1294 quia
1304 1223 1464 1293 juxta
1505 1223 1657 1277 Pauli
1695 1238 1886 1277 vocem

307 1337 414 1376 non
463 1320 583 1391 plus
609 1320 814 1390 appetit
855 1333 1043 1390 sapere
1078 1333 1241 1389 quam
1278 1324 1493 1388 Oportet
1530 1328 1759 1386 sapere;
1800 1315 1886 1370 cui

304 1425 437 1467 vero
474 1417 557 1465 est
602 1408 857 1480 plurima,
901 1423 1008 1462 non
1055 1417 1139 1462 est
1179 1414 1348 1468 recta,
1406 1404 1531 1475 quia
1570 1405 1695 1459 dum
1744 1403 1884 1458 ultra

306 1503 524 1558 modum
556 1500 814 1567 tenditur,
844 1500 899 1555 in
942 1499 1220 1570 quodlibet
1272 1497 1413 1552 latus
1451 1495 1621 1567 culpa:
1650 1494 1885 1550 declina-

306 1603 413 1650 tur.
443 1592 795 1648 Prudentiam
818 1605 948 1647 vero
973 1604 1126 1646 suam
1148 1588 1439 1660 plurimam
1470 1586 1760 1641 ostendunt
1790 1584 1883 1656 qui

303 1686 477 1743 videri
506 1700 617 1757 pra:
646 1684 766 1740 aliis
792 1683 1170 1755 prudentiores
1196 1687 1473 1751 appetunt.
1508 1677 1661 1734 Unde
1690 1676 1750 1732 lit
1776 1676 1882 1747 ple-

1993 496 2236 562 perantia
2267 513 2371 551 una
2397 514 2463 553 ex
2506 506 2738 567 quatuor
2765 498 3109 567 generalibus
3142 500 3428 560 virtutibus
3474 506 3569 561 ha-

1989 584 2167 651 betur,
2200 595 2254 641 et
2294 586 2345 641 in
2399 588 2500 642 hoc
2549 604 2677 658 ergo
2725 588 2847 644 Ioco
2882 589 3075 645 melius
3124 590 3368 668 Apostoli
3423 595 3566 655 dicta

1988 671 2251 739 lucerent,
2290 675 2335 729 si
2365 675 2693 732 haberemus
2721 685 2777 731 et
2817 694 2918 734 nos
2957 679 3220 750 scriptum
3270 686 3566 740 secundum

1989 765 2148 835 graeci
2174 768 2440 823 sermonis
2469 769 2747 836 virtutem,
2778 790 2797 823 ‹
2831 772 2925 827 sed
2945 788 3135 843 sapere
3164 774 3230 829 ad
3256 784 3564 847 temperan-

1989 856 2136 921 tiam,
2162 877 2180 909 ι
2219 856 2321 912 hoc
2351 866 2453 924 est,
2484 867 2542 913 ut
2570 856 2625 914 in
2651 862 2922 926 omnibus,
2955 862 3041 917 vel
3070 878 3190 933 quae
3218 866 3451 937 agimus,
3481 867 3563 923 vel

1988 962 2107 1016 qua:
2146 947 2434 1018 loquimur,
2482 950 2567 1003 vel
2598 953 2881 1018 sentimus,
2926 956 3337 1023 temperantiam
3383 966 3567 1013 tenea-

1988 1054 2129 1093 mus.
2172 1037 2229 1093 In
2263 1039 2346 1097 his
2390 1040 2535 1094 enim
2582 1056 2701 1110 qua:
2749 1059 2910 1113 supra
2960 1046 3364 1103 numeravimus
3390 1064 3565 1119 neque

1932 1129 2240 1249 aamplius,
2272 1145 2445 1200 neque
2481 1132 2659 1186 minus
2700 1132 2814 1186 fieri
2850 1134 3064 1201 debere,
3098 1137 3315 1192 modum
3342 1153 3565 1194 servare

2027 1220 2130 1249 ηυξ·
2168 1217 2277 1249 Nan
2311 1221 2658 1249 InmnnnnnI:n
2728 1222 2879 1249 nn...)
2924 1231 3098 1249 Μαι...
3132 1226 3202 1249 ,ει
3288 1228 3563 1249 --μεμΑωη

1988 1217 2136 1274 ἱιογὶι
2168 1217 2279 1274 sola
2311 1221 2681 1291 temperantia.
2728 1222 2881 1289 Quod
2924 1231 3100 1279 autem
3130 1226 3238 1291 ait,
3284 1228 3564 1300 unicuique

1985 1310 2119 1364 sicut
2142 1310 2317 1366 divisit
2359 1310 2498 1367 Deus
2528 1329 2826 1366 mensuram
2862 1313 3009 1381 ﬁdei,
3052 1315 3154 1371 hoc
3202 1326 3305 1382 est,
3338 1326 3397 1372 ut
3431 1321 3566 1375 sciat

1988 1406 2356 1475 unusquisque
2378 1405 2730 1475 etintelligat,
2752 1422 2871 1475 qua:
2898 1407 2949 1462 in
2980 1423 3045 1462 eo
3072 1410 3143 1463 sit
3167 1426 3417 1467 mensura
3445 1431 3567 1485 gra-

1988 1494 2078 1550 tia:
2107 1496 2221 1560 Dei,
2248 1511 2408 1566 quam
2439 1498 2694 1567 consequi
2724 1498 2920 1553 meruit
2944 1513 3041 1568 per
3062 1499 3239 1555 Iidem.
3291 1503 3564 1559 Interdum

1986 1586 2129 1640 enim
2160 1586 2282 1656 quis
2307 1587 2502 1657 accipit
2527 1602 2559 1642 a
2587 1587 2696 1644 Deo
2721 1597 2780 1643 ut
2800 1590 2975 1659 sapiat
3000 1591 3052 1644 in
3078 1606 3240 1661 Opere
3259 1593 3564 1661 charitatis,

1987 1686 2081 1730 aut
2109 1685 2166 1731 ut
2198 1678 2373 1749 sapiat
2394 1679 2447 1733 in
2471 1678 2652 1734 OfIiciO
2681 1679 2952 1743 visitandi,
2979 1688 3073 1735 aut
3102 1697 3228 1754 erga
3261 1685 3567 1741 misericor-

305 1794 553 1850 rumque,
585 1785 647 1833 ut
671 1778 796 1833 dum
833 1775 1111 1831 moderate
1135 1788 1326 1844 sapere
1350 1771 1618 1832 nesciunt,
1649 1778 1704 1824 et
1733 1768 1882 1823 fatua
1912 1762 1958 1820 B
1984 1765 2103 1822 dias
2130 1780 2450 1837 pauperum,
2479 1777 2572 1823 aut
2601 1769 2748 1824 circa
2788 1768 3043 1825 debilium
3075 1788 3281 1839 curam,
3321 1783 3411 1829 aut
3435 1791 3565 1846 erga

302 1869 612 1939 loquantur.
645 1864 871 1938 (Ambr.)
906 1863 1164 1918 Hortatur
1191 1877 1321 1933 ergo
1346 1869 1402 1917 et
1429 1858 1588 1915 docet
1629 1874 1728 1929 per
1760 1872 1884 1930 gra-

304 1960 435 2015 tiam
462 1958 564 2033 sibi
603 1958 806 2012 datam.
836 1954 961 2010 Haac
998 1952 1173 2025 gratia
1204 1951 1395 2022 peritia
1434 1949 1753 2021 intelligitur
1783 1948 1887 2003 DO-

301 2050 516 2105 miuicze
560 2047 878 2118 disciplinae,
928 2060 1025 2116 per
1059 2058 1221 2114 quam
1265 2040 1555 2096 humilitati
1585 2051 1639 2096 et
1660 2039 1886 2111 iustitia:

299 2138 627 2194 studendum
653 2137 833 2192 tradit.
856 2134 1053 2208 (Θήρ.)
1081 2133 1374 2190 Sciendum
1406 2140 1587 2187 tamen
1616 2139 1724 2197 est,
1742 2130 1886 2201 quod

299 2228 555 2285 etcaateri
581 2228 680 2284 viri
702 2227 897 2283 eruditi
925 2234 1151 2281 utuntur
1173 2226 1274 2281 hac
1296 2223 1705 2289 deﬁnitione,ut
1726 2230 1886 2278 natu-

308 2335 428 2375 ram
454 2319 537 2375 vel
569 2334 790 2374 causam
816 2318 1024 2387 peccati
1049 2317 1101 2371 in
1118 2332 1184 2372 eo
1212 2323 1434 2386 ponant,
1466 2315 1511 2370 si
1542 2322 1635 2368 aut
1659 2313 1889 2368 addatur

301 2409 509 2479 aliquid
537 2409 827 2464 virtutibus
850 2417 944 2463 aut
967 2408 1241 2463 minuatur
1275 2421 1290 2460 :
1319 2405 1467 2461 verbi
1490 2405 1689 2478 gratia,
1719 2402 1885 2475 justi-

301 2502 378 2557 tia
407 2503 579 2559 virtus
624 2510 731 2568 est,
783 2510 839 2556 ct
877 2501 922 2556 si
948 2500 1070 2571 quis
1106 2499 1286 2553 minus
1315 2497 1518 2567 aliquid
1548 2496 1696 2563 facit,
1724 2510 1888 2567 quam

290 2592 508 2663 justitia
529 2593 751 2664 patitur,
782 2592 897 2647 sine
929 2590 1092 2646 dubio
1123 2589 1354 2660 injustus
1382 2596 1469 2644 est
1496 2603 1511 2641 :
1543 2588 1585 2643 si
1609 2587 1731 2658 quis
1756 2600 1887 2642 vero

299 2684 406 2740 sub
434 2684 614 2755 specie
634 2682 860 2754 iustitiae
886 2695 1013 2751 erga
1031 2680 1298 2735 vindictas
1328 2680 1529 2734 nimius
1555 2678 1671 2742 ﬁat,
1711 2686 1767 2734 et
1789 2694 1882 2734 sa:-

297 2777 423 2831 vius
444 2777 609 2848 agitet
647 2775 914 2840 ultiones,
951 2774 1005 2829 in
1041 2774 1438 2839 crudelitatem,
1465 2790 1533 2829 ex
1557 2772 1768 2842 justitia
1796 2774 1889 2829 de-

296 2868 517 2923 volutus
561 2876 663 2922 est.
706 2866 859 2939 Unde
887 2873 941 2922 et
983 2865 1236 2922 Salomon
1264 2866 1431 2920 dicit:
1462 2862 1590 2918 Noli
1618 2864 1734 2933 ﬁeri
1757 2864 1892 2918 mul-

297 2969 416 3013 tum
439 2958 616 3029 justus
649 2955 844 3028 (Eccle.
868 2955 987 3029 vu).
1016 2954 1280 3011 Similiter
1313 2963 1369 3010 et
1403 2955 1643 3021 libertas,
1676 2953 1721 3008 si
1745 2953 1887 3007 intra

299 3050 718 3120 temperantiam
751 3065 901 3104 suam
929 3050 1021 3115 sit,
1049 3049 1221 3103 virtus
1246 3055 1366 3114 est;
1393 3046 1438 3102 si
1464 3046 1641 3102 minus
1667 3044 1881 3108 habeat,

303 3116 598 3205 timiditas;
660 3139 704 3194 si
746 3139 998 3208 amplius,
1047 3138 1327 3193 temeritas
1371 3137 1701 3192 nominatur.
1757 3134 1882 3189 Pari
1911 3116 1956 3178 Ο

302 3230 465 3285 modo
491 3236 547 3285 et
565 3228 848 3301 prudentia
884 3228 931 3284 si
965 3230 1018 3283 in
1042 3243 1140 3283 sua
1179 3242 1429 3283 mensura
1454 3228 1542 3293 sit,
1570 3228 1743 3282 virtus
1768 3236 1883 3293 est;

302 3324 351 3378 si
384 3324 562 3377 minus
591 3322 804 3389 habeat,
824 3321 1214 3391 imprudentia;
1245 3320 1289 3376 si
1317 3320 1440 3390 plus
1464 3336 1624 3390 quam
1652 3328 1887 3390 oportet,

302 3414 513 3470 malitia
534 3413 853 3485 appellatur.
882 3412 1010 3468 Inde
1030 3421 1161 3483 puto
1188 3413 1333 3483 quod
1372 3421 1428 3468 et
1451 3428 1674 3483 serpens
1704 3413 1757 3468 in
1780 3412 1884 3468 Pa-

302 3505 493 3561 radiso
512 3504 829 3574 prudentior
857 3502 1033 3558 dictus
1058 3503 1131 3558 sit
1149 3503 1364 3558 caeteris
1403 3503 1611 3569 bestiis,
1637 3504 1740 3559 hoe
1779 3511 1886 3570 est,

303 3594 576 3652 excedens
600 3609 910 3649 mensuram
936 3592 1255 3664 prudentiae,
1282 3601 1339 3648 et
1366 3593 1419 3646 in
1454 3602 1638 3662 partes
1667 3593 1890 3649 malitia:

305 3685 613 3758 prolapsus.
666 3684 793 3738 Inde
843 3692 897 3737 et
946 3682 1040 3736 lilii
1085 3682 1246 3753 hujus
1284 3682 1462 3737 sareuli
1514 3681 1891 3752 prudentiores

307 3778 563 3832 dicuntur
592 3789 753 3844 quam
788 3772 879 3827 filii
916 3772 1050 3829 lucis
1077 3771 1228 3845 (Luc.
1262 3771 1373 3846 xvr)
1416 3788 1430 3827 :
1465 3773 1587 3843 plus
1630 3774 1776 3829 enim
1800 3789 1891 3828 sa-

305 3869 465 3940 piunt
492 3883 653 3938 quam
692 3873 907 3937 oportet
949 3879 1161 3934 sapere,
1207 3871 1262 3919 et
1289 3865 1368 3919 sic
1401 3865 1454 3918 in
1499 3864 1723 3935 singulis
1765 3865 1885 3933 qui-

308 3962 517 4030 Ilusque
566 3958 857 4013 virtutibus
902 3962 1082 4025 potest
1123 3953 1319 4024 aliquis
1357 3953 1477 4023 plus
1508 3968 1697 4023 sapere
1726 3968 1889 4023 quam

309 4058 526 4122 Oportet
561 4061 769 4119 sapere.
801 4046 989 4101 Potest
1009 4045 1175 4101 etiam
1200 4045 1253 4100 in
1282 4045 1532 4100 castitate
1557 4044 1751 4115 aliquis
1771 4043 1893 4114 plus

312 4156 524 4211 sapere,
548 4155 707 4209 quam
739 4146 949 4208 oportet
976 4152 1190 4208 sapere,
1210 4144 1269 4191 ut
1301 4146 1426 4192 sunt
1447 4137 1520 4192 illi
1555 4156 1573 4189 ι
1608 4138 1699 4206 qui
1721 4146 1894 4193 atten-

311 4232 446 4287 dunt
486 4231 763 4300 spiritibus
801 4228 1195 4294 seductoribus,
1229 4235 1283 4283 et
1321 4228 1579 4284 doctrinis
1605 4228 1896 4285 daemonio-

316 4339 459 4387 rum,
488 4322 539 4376 in
571 4319 842 4392 hypocrisi
866 4318 999 4374 falso
1027 4319 1385 4389 loquentium,
1416 4320 1763 4374 canteriatam
1794 4319 1893 4374 ha-

312 4413 556 4468 bentium
610 4409 991 4466 conscientiam
1034 4424 1184 4464 suam
1213 4450 1231 4476 ,
1267 4410 1665 4480 prohibentium
1693 4411 1895 4466 nubere

315 4514 372 4559 et
401 4504 673 4559 abstinere
708 4517 738 4556 a
766 4499 903 4556 cibis
934 4515 1071 4571 quos
1090 4499 1233 4556 Deus
1252 4500 1456 4555 creavit
1484 4500 1535 4573 (Ι
1563 4500 1695 4554 Tim.
1722 4500 1796 4571 tv)
1827 4516 1840 4554 :
1866 4520 1885 4554 ι

316 4596 406 4651 isti
432 4595 551 4664 plus
576 4594 790 4663 sapiunt
816 4593 883 4647 de
918 4591 1193 4653 castitate,
1217 4606 1379 4660 quam
1407 4599 1621 4661 Oportet
1664 4606 1887 4660 sapere;

320 4687 499 4741 minus
548 4693 725 4737 autem
778 4683 917 4753 sapit
969 4697 1134 4751 quam
1199 4690 1412 4751 oportet
1478 4680 1784 4736 luxuriosus
1835 4690 1891 4737 et

319 4777 578 4830 incestus.
623 4772 733 4843 Ego
757 4781 934 4827 autem
960 4771 1079 4826 dico
1105 4771 1246 4840 quod
1268 4770 1505 4825 hzeretici
1535 4770 1653 4840 plus
1676 4772 1892 4842 sapiunt

319 4866 385 4919 de
424 4864 659 4928 Christo,
697 4879 856 4932 quam
891 4869 1102 4933 oportet
1145 4876 1357 4931 sapere,
1404 4862 1495 4931 qui
1532 4871 1727 4932 negant
1768 4878 1889 4917 eum

324 4955 492 5009 lilium
529 4954 619 5008 Dei
655 4954 917 5008 creatoris
943 4967 1083 5017 esse,
1133 4952 1227 5007 sed
1256 4952 1478 5007 alterius
1522 4952 1705 5007 nescio
1745 4953 1897 5019 cuius

324 5046 565 5101 melioris
618 5044 734 5099 Dei.
786 5043 891 5098 Sed
935 5052 991 5099 et
1032 5042 1106 5096 illi
1149 5042 1270 5112 plus
1318 5042 1385 5098 de
1422 5042 1639 5097 Christo
1683 5045 1898 5113 sapiunt

325 5152 485 5205 quam
517 5143 729 5204 Oportet
759 5149 971 5204 sapere,
998 5133 1088 5203 qui
1131 5142 1327 5203 negant
1352 5148 1473 5188 eum
1524 5134 1577 5187 in
1608 5150 1771 5189 carne
1794 5152 1900 5195 ,ve-

330 5226 475 5280 uisse
494 5234 548 5280 et
578 5235 763 5280 natum
787 5240 906 5280 esse
940 5240 1004 5279 ex
1037 5225 1243 5295 virgine
1272 5241 1284 5278 :
1322 5225 1415 5279 sed
1448 5224 1667 5283 emleste
1695 5225 1745 5280 ei
1772 5241 1896 5282 cor-

328 5331 431 5383 pus
456 5304 753 5388 aséignapt.
780 5316 834 5370 In
865 5316 947 5371 his
981 5330 1107 5386 ergo
1141 5315 1389 5370 omnibus
1430 5315 1627 5371 Paulus
1667 5331 1764 5372 nos
1786 5317 1900 5371 vult

332 5423 436 5459 non
474 5405 591 5477 plus
632 5423 811 5476 sapere
841 5423 996 5477 quam
1023 5415 1216 5476 oportet
1242 5421 1420 5475 sapere
1451 5420 1469 5459 .'
1495 5406 1584 5459 sed
1598 5423 1797 5476 sapere,
1822 5407 1903 5463 in—

330 5496 468 5564 quit,
496 5496 564 5548 nd
578 5495 924 5560 sobrietatem,
940 5496 1082 5566 quod
1108 5496 1158 5550 iu
1176 5493 1361 5551 Grzeco
1377 5495 1570 5549 dicitur
1595 5500 1900 5572 σοφροσύνη,

333 5586 387 5640 in
439 5587 638 5643 nostris
670 5588 964 5649 codicibus,
1001 5589 1101 5641 hoc
1128 5597 1232 5655 est,
1269 5589 1321 5642 itt
1352 5587 1647 5658 Scripturis
1686 5590 1901 5655 divinis,

332 5679 597 5736 sobrietas
618 5696 647 5733 a
680 5678 969 5748 majoribus
1002 5681 1411 5749 interpretatum
1449 5690 1551 5748 est,
1589 5682 1655 5736 ab
1682 5681 1799 5737 aliis
1829 5694 1904 5736 ta-

696 5775 965 5833 l’sruor.
1009 5772 1172 5832 CXI.

1988 1858 2271 1914 viduarum
2306 1867 2360 1915 et
2394 1860 2718 1930 pupillorum
2749 1861 3141 1931 defensionem,
3192 1876 3283 1921 aut
3308 1882 3434 1939 erga
3467 1869 3564 1924 ho-

1988 1949 2297 2019 spitalitalis
2338 1950 2784 2018 sollicitudinem;
2829 1953 2945 2009 luce
2989 1971 3118 2027 ergo
3152 1958 3360 2029 singula
3386 1960 3571 2018 divisit

1989 2040 2278 2110 unicuique
2304 2041 2445 2097 Deus
2472 2043 2766 2097 secundum
2790 2059 3098 2101 mensuram
3136 2046 3281 2103 fidei.
3323 2048 3428 2105 Sed
3449 2050 3496 2107 si
3521 2051 3570 2107 is

1988 2132 2079 2203 qui
2107 2133 2317 2204 accepit
2357 2134 2587 2205 gratiam
2628 2144 2689 2190 ut
2715 2135 2781 2189 de
2809 2152 2916 2190 uno
2957 2137 3137 2207 aliquo
3178 2139 3369 2194 horum
3413 2156 3572 2212 sape-

1989 2232 2095 2287 ret,
2124 2238 2232 2277 non
2276 2223 2542 2295 intelligat
2586 2240 2897 2281 mensuram
2925 2229 3110 2298 gratim
3142 2230 3244 2286 sibi
3284 2231 3443 2299 datm,
3474 2233 3568 2291 sed

1990 2311 2122 2367 velit
2169 2326 2361 2382 sapere
2409 2314 2475 2369 de
2523 2315 2784 2385 sapientia
2830 2316 2944 2381 Dei,
2980 2317 3046 2372 de
3084 2319 3250 2374 verbo
3288 2320 3566 2387 doctrinae,

1990 2406 2058 2461 de
2087 2404 2455 2478 profundioris
2501 2407 2743 2463 scientia:
2799 2409 3024 2472 ratione,
3080 2409 3135 2465 in
3184 2427 3290 2481 quo
3335 2415 3568 2484 gratiam

1989 2512 2098 2552 non
2130 2496 2360 2569 accepit,
2391 2507 2447 2554 et
2475 2516 2583 2555 non
2621 2508 2729 2555 tam
2771 2501 2981 2557 discere
3005 2502 3151 2570 velit,
3184 2520 3346 2574 quam
3375 2505 3570 2561 docere

1990 2602 2113 2659 qum
2139 2589 2331 2655 nescit,
2363 2589 2466 2645 iste
2489 2606 2611 2645 cum
2641 2593 2817 2647 minus
2859 2595 3053 2664 sapiat,
3082 2594 3202 2663 plus
3230 2595 3343 2649 vult
3379 2613 3570 2666 sapere

1991 2695 2152 2750 quam
2199 2689 2429 2751 oportet.
2480 2681 2598 2737 Non
2642 2683 2786 2738 enim
2833 2685 2975 2756 sapit
3022 2686 3090 2740 ad
3140 2688 3569 2757 temperantiam,

1990 2779 2051 2826 ut
2079 2771 2348 2828 custodiat
2387 2792 2406 2825 ι
2453 2773 2745 2843 unicuique
2779 2774 2921 2830 sicut
2962 2776 3146 2831 divisit
3176 2775 3317 2833 Deus
3350 2794 3569 2834 mensu-

1992 2877 2108 2917 ram
2150 2862 2289 2918 lidei.
2326 2882 2346 2916 ι
2381 2864 2577 2919 Verum
2602 2874 2661 2919 ut
2689 2865 2990 2921 evidentius
3016 2868 3192 2923 adlutc
3230 2869 3296 2924 de
3325 2870 3408 2925 his
3430 2870 3571 2940 Apo-

1991 2951 2160 3007 stolus
2207 2954 2529 3024 assignaret,
2585 2954 2880 3010 introducit
2923 2957 3251 3027 exemplum,
3299 2967 3356 3014 et
3396 2960 3565 3015 dicit:

1993 3042 2142 3098 Sicut
2167 3043 2304 3125 enim
2335 3043 2390 3097 in
2421 3060 2524 3097 uno
2550 3060 2765 3115 corpore
2809 3044 2976 3099 multa
3020 3046 3254 3101 membra
3298 3047 3567 3114 habemus,

1987 3135 2161 3189 omnia
2175 3143 2348 3189 autem
2379 3135 2607 3189 membra
2634 3154 2737 3190 non
2754 3137 2991 3191 eumdem
3018 3148 3192 3192 actum
3233 3138 3458 3205 habent,
3496 3140 3572 3193 ita

1986 3224 2138 3278 multi
2182 3242 2346 3279 unum
2391 3243 2578 3297 corpus
2614 3242 2795 3281 sumus
2826 3230 2877 3284 in
2900 3226 3130 3296 Christo,
3170 3230 3364 3300 singuli
3397 3241 3571 3286 autent

1986 3315 2121 3370 alter
2131 3315 2346 3371 alterius
2361 3318 2607 3372 membra.
2625 3316 2727 3373 Per
2739 3319 2852 3374 haec
2865 3334 3193 3389 c‘imponens
3206 3336 3363 3376 omne
3376 3337 3573 3392 corpus

1987 3406 2266 3474 Ecclesiae,
2301 3418 2359 3462 ut
2389 3408 2530 3464 sicut
2555 3409 2797 3464 membra
2828 3411 3071 3480 corporis
3109 3411 3317 3481 singula
3348 3428 3573 3482 quasque

1986 3496 2238 3566 prOprios
2265 3497 2465 3553 habent
2487 3506 2660 3563 actus,
2694 3506 2751 3553 et
2791 3498 2984 3555 «illiciis
3011 3500 3125 3556 suis
3152 3502 3572 3572 unumquodque

1988 3590 2244 3655 deservit,
2279 3606 2379 3646 nec
2418 3600 2599 3646 tamen
2639 3593 2895 3661 possibile
2932 3601 3015 3648 est
3056 3602 3116 3648 ut
3160 3610 3267 3650 nou
3302 3611 3570 3652 consensu

1989 3693 2178 3738 mutuo
2204 3683 2307 3737 sibi
2334 3683 2562 3738 invicem
2586 3684 2810 3749 cedant;
2839 3686 2933 3750 ita,
2962 3686 3160 3754 inquit,
3178 3696 3233 3741 et
3256 3689 3311 3743 in
3331 3690 3575 3749 Ecclesia

1989 3787 2111 3842 qua:
2139 3780 2223 3828 est
2264 3788 2463 3842 corpus
2507 3773 2732 3839 Christi,
2780 3774 3024 3831 diversos
3069 3778 3265 3849 singuli
3309 3781 3574 3840 habemus

1991 3872 2164 3928 actus,
2190 3862 2340 3919 verbi
2358 3866 2532 3934 gratia
2559 3884 2571 3919 :
2597 3864 2738 3921 alius
2760 3881 2920 3922 omne
2946 3868 3183 3924 studium
3208 3886 3336 3943 erga
3358 3874 3575 3944 sapien-

1992 3956 2123 4010 tiam
2152 3955 2247 4011 Dei
2279 3966 2335 4011 et
2352 3957 2655 4012 doctrinam
2688 3959 2841 4014 verbi
2884 3961 3125 4028 adhibet,
3158 3971 3213 4019 et
3251 3964 3306 4020 in
3344 3967 3573 4022 medita-

1995 4046 2139 4102 tione
2163 4046 2297 4118 legis
2324 4047 2520 4104 divinae
2546 4048 2632 4104 die
2654 4065 2718 4106 ac
2741 4059 2900 4107 nocte
2926 4054 3188 4122 persistit,
3212 4063 3267 4111 et
3286 4066 3369 4113 est
3393 4063 3573 4131 magni

1991 4137 2153 4208 hujus
2179 4140 2422 4209 corporis
2440 4140 2658 4208 oculus;
2686 4142 2846 4208 alius,
2879 4152 2939 4198 ut
2959 4159 3123 4215 supra
3161 4146 3417 4215 diximus,
3444 4166 3571 4223 erga

1993 4230 2354 4286 ministerium
2376 4229 2608 4286 fratrum
2640 4240 2694 4287 et
2721 4233 3074 4306 indigentium
3097 4252 3281 4293 curam
3309 4240 3489 4306 habet,
3519 4253 3576 4299 et

1992 4326 2077 4375 est
2111 4319 2283 4374 sancti
2337 4318 2498 4391 hujus
2539 4323 2785 4392 corporis
2831 4340 3060 4392 manus;
3102 4310 3243 4382 alius
3292 4331 3570 4388 studiosus

1996 4409 2209 4464 auditor
2229 4417 2314 4464 est
2341 4410 2491 4465 verbi
2520 4410 2639 4477 Dei,
2669 4420 2725 4467 et
2752 4414 2899 4470 auris
2925 4424 3009 4470 est
3034 4419 3311 4487 corporis;
3343 4420 3482 4478 alius
3506 4426 3575 4480 ad

1999 4501 2259 4557 videndos
2300 4501 2708 4570 decumbentes,
2751 4514 2804 4560 et
2833 4507 3186 4576 requirendos
3232 4512 3573 4580 tribulantes,

1996 4602 2051 4648 et
2096 4594 2299 4662 positos
2349 4596 2403 4650 in
2438 4597 2849 4653 necessitatibus
2897 4601 3166 4658 erueudos
3202 4613 3286 4660 est
3308 4606 3573 4688 impiger;

1996 4684 2087 4754 qui
2116 4700 2211 4755 pes
2234 4684 2351 4740 sine
2380 4686 2542 4741 dubio
2582 4688 2934 4745 ecclesiastici
2980 4696 3224 4764 corporis
3259 4684 3573 4766 appellatur,

1997 4785 2053 4830 et
2074 4777 2145 4829 ita
2177 4775 2420 4832 invenias
2448 4793 2885 4850 unumquemque
2910 4785 3229 4854 propensius
3255 4803 3382 4857 erga
3412 4805 3577 4844 unum

1998 4864 2213 4934 aziquod
2257 4865 2489 4921 Ofﬁcium
2517 4876 2572 4923 et
2614 4869 2905 4939 specialius
2931 4887 3153 4943 Operam
3200 4875 3345 4940 dare,
3384 4885 3577 4932 cetera

2002 4967 2131 5008 vero
2162 4956 2442 5025 sequentia
2484 4957 2704 5013 habere.
2756 4959 2941 5030 Neque
2987 4963 3130 5017 enim
3182 4963 3285 5019 hoc
3328 4965 3579 5035 dicimus,

2003 5044 2147 5113 quod
2176 5061 2343 5100 unum
2381 5045 2626 5103 sufﬁcere
2654 5050 2864 5114 debeat,
2898 5053 2993 5108 sed
3030 5055 3328 5115 secundum
3355 5058 3581 5118 formant

2003 5138 2263 5207 propositi
2285 5139 2538 5209 exempli,
2571 5142 2711 5196 sicut
2737 5144 2890 5198 verbi
2923 5145 3099 5215 gratia
3136 5156 3323 5210 oculus
3350 5156 3586 5223 speciale

2005 5226 2238 5282 Ollicium
2274 5227 2436 5283 habet
2468 5242 2526 5285 ut
2553 5231 2751 5298 videat,
2786 5249 2952 5288 unum
2981 5242 3168 5298 tamen
3193 5253 3278 5300 est
3315 5261 3382 5302 ex
3412 5249 3588 5302 mmi-

2004 5317 2106 5373 bus
2151 5326 2207 5372 et
2250 5318 2304 5372 in
2345 5319 2593 5375 onmibus
2620 5323 2895 5391 membris,
2943 5343 3004 5387 et
3046 5348 3168 5389 cum
3210 5335 3438 5407 singulis
3477 5339 3588 5408 agit

2002 5410 2206 5474 omnia,
2236 5417 2290 5464 et
2331 5425 2454 5464 cum
2495 5411 2612 5480 ipso
2643 5412 2850 5484 singula
2900 5438 3127 5493 quaeque
3175 5436 3336 5495 agunt
3365 5430 3582 5481 omnia:

2006 5499 2080 5553 ita
2118 5509 2174 5555 et
2212 5501 2301 5570 qui
2347 5518 2444 5572 per
2474 5504 2703 5573 gratiam
2756 5514 2882 5570 fidei
2913 5531 3080 5569 unum
3124 5516 3336 5586 aliquod
3388 5520 3585 5575 donum

2008 5592 2241 5660 speciale
2281 5596 2561 5661 monuerit,
2603 5596 2734 5654 illud
2768 5607 2984 5675 quidem
3020 5607 3391 5677 principaliter
3418 5611 3588 5665 admi-

2011 5682 2225 5749 ιιῖδινιίί,
2262 5684 2314 5737 in
2342 5686 2590 5739 omnibus
2619 5710 2746 5750 vero
2780 5697 2987 5753 actibus
3023 5698 3201 5753 socius
3231 5715 3352 5755 cum
3381 5699 3589 5758 caeteri~

3077 5792 3153 5853 lt9
