4026 6180
522 358 658 412 ιῦίτ

1248 354 1496 410 ΚΛΒᾹΝΙ
1534 355 1748 410 MAURI
1786 354 2105 408 ARClllEP.
2149 351 2454 409 MOGUNT.
2492 350 2775 409 OPERUM
2812 351 2994 407 PARS
3031 351 3116 408 Ill.

3637 355 3783 411 {5&8

519 467 817 522 haheturet
840 466 1140 538 particeps:
1164 465 1457 537 (dmbr.)et
1479 465 1552 518 ita
1576 464 1821 532 exemplo
1849 463 2092 531 corporis
2120 474 2168 532 Α
2196 461 2423 516 rinthios
2454 462 2715 526 scribens,
2769 471 2880 518 tres
2917 463 3188 532 capia-uda:
3222 473 3407 534 gratiae
3446 465 3643 520 modos
3685 467 3787 521 do-

517 559 673 612 docet
696 572 800 611 non
826 573 983 628 posse
1001 572 1099 613 nos
1115 557 1372 625 singulos,
1394 557 1571 609 omnia
1599 556 1722 626 quia
1744 570 1929 609 sumus
1953 554 2087 608 invi-

521 663 639 700 cem
658 647 923 713 membra,
947 656 1003 701 ut
1028 646 1163 701 alter
1186 646 1410 701 alterius
1435 660 1541 700 non
1566 651 1742 715 egeat,
1767 658 1831 697 ac
1857 658 1955 714 per
1981 643 2084 697 hoc

517 752 702 790 curam
728 737 901 792 nostri
922 736 1153 792 invicem
1175 751 1274 791 nos
1302 750 1463 802 agere
1491 734 1707 797 debere,
1733 747 1833 788 nec
1852 731 2084 786 alterum

516 828 606 881 alii
635 828 918 891 obsistere,
953 829 1075 896 quia
1122 826 1348 881 invicem
1372 824 1562 880 ciliciis
1590 824 1790 879 nostris
1828 837 1964 893 Opus
1994 822 2086 875 ha-

514 919 723 973 bemus.
795 916 908 973 Hoc
960 918 1066 973 erit
1113 917 1336 989 diligere
1396 916 1692 982 Christum,
1752 915 1799 970 si
1850 915 2082 969 invicem

513 1023 572 1059 se
613 1005 851 1060 membra
894 1005 1281 1070 exhortentur,
1317 1013 1376 1059 ut
1423 1005 1681 1074 impleant
1726 1002 1940 1059 modum
1976 1016 2085 1073 quo

510 1112 705 1165 corpus
720 1097 774 1150 in
795 1095 1009 1152 Christo
1038 1095 1336 1167 perlectum
1359 1082 1449 1151 sit.
1468 1095 1666 1170 (0rig.)
1693 1094 1971 1163 Quomodo
1989 1109 2085 1147 au-

511 1197 616 1241 tem
651 1202 847 1257 corpus
875 1189 1018 1244 istud
1063 1188 1117 1242 in
1141 1187 1357 1244 Christo
1385 1189 1476 1252 sit,
1521 1187 1573 1240 id
1616 1197 1719 1253 est,
1750 1186 1802 1241 in
1830 1185 2083 1251 veritate,

507 1286 561 1330 ct
588 1280 875 1347 sapientia,
901 1287 955 1333 et
975 1278 1206 1348 justitia,
1248 1287 1301 1333 et
1327 1276 1777 1343 sanctiﬁcatione,
1812 1291 1932 1348 quae
1964 1291 2082 1331 om-

508 1369 594 1422 nia
620 1367 864 1424 Christus
893 1377 995 1434 est,
1026 1384 1166 1440 saepe
1179 1366 1292 1437 jam
1316 1368 1567 1424 diximus.

578 1474 837 1531 Habentes
862 1486 1034 1531 autem
1072 1478 1375 1532 donationes
1412 1477 1690 1531 secundum
1720 1477 1943 1546 gratiam
1965 1491 2083 1545 quia

506 1565 629 1618 data
652 1577 724 1619 est
763 1566 908 1620 nobis
949 1566 1260 1637 differentes.
1326 1566 1536 1639 (Δηώ.)
1577 1566 1730 1621 Nunc
1760 1573 1939 1620 autem
1968 1564 2082 1636 ipsa

506 1653 675 1709 oilicia
716 1656 967 1725 deputata
1007 1657 1261 1711 membris
1292 1657 1485 1711 merito
1515 1654 1636 1710 ﬁdei
1679 1663 1984 1720 enumerat,
2025 1660 2084 1708 ut

507 1760 627 1797 cum
662 1744 856 1799 viderit
877 1746 1176 1800 membrum
1213 1745 1354 1814 quod
1385 1743 1489 1801 sibi
1518 1743 1829 1813 deputatum
1850 1741 2081 1797 ollicium

505 1844 610 1899 est,
637 1849 741 1888 non
772 1844 1073 1905 perstrepat
1092 1834 1264 1901 alteri,
1296 1833 1383 1889 cui
1404 1833 1600 1888 viderit
1623 1830 1767 1887 aliud
1794 1831 2046 1886 traditum
2066 1874 2083 1901 ,

506 1926 598 1978 sel
621 1934 959 1995 congerat,ut
977 1940 1171 1995 corpus
1191 1924 1444 1980 Ecclesia:
1460 1925 1532 1980 sit
1546 1923 1863 1993 perlectum.
1884 1918 2081 1995 (Cum)

502 2013 613 2067 Nec
649 2014 790 2067 enim
829 2012 973 2067 nulla
1015 2013 1254 2069 membra
1300 2013 1526 2067 aliorum
1574 2012 1675 2068 sibi
1719 2012 2082 2067 membrorum

503 2111 724 2172 possunt
766 2103 1064 2158 ministeria
1101 2103 1395 2181 vindicare,
1448 2103 1573 2181 quia
1627 2118 1727 2159 nec
1774 2101 1914 2157 oculi
1962 2117 2081 2155 ma-

503 2211 689 2268 nnaun,
719 2212 818 2257 nec
844 2215 1004 2257 nares
1030 2192 1240 2261 aurium
1276 2211 1498 2257 utuntur
1528 2196 1727 2267 oﬁiciu,
1785 2201 1839 2249 et
1882 2193 2082 2249 idcirco

503 2309 607 2345 tum
633 2306 821 2347 omnes
855 2291 1105 2364 apostoli,
1140 2307 1247 2347 non
1272 2307 1459 2347 omnes
1488 2292 1785 2362 prophetae,
1817 2306 1923 2346 non
1960 2306 2078 2345 om-

502 2399 600 2439 ncs
624 2384 891 2451 doctores,
924 2399 1030 2440 non
1052 2399 1247 2439 omnes
1265 2384 1467 2455 gratias
1491 2383 1687 2438 habent
1708 2382 2076 2446 curationum;

503 2492 607 2529 non
642 2490 831 2530 ontues
863 2474 1058 2547 linguis
1086 2472 1394 2545 loquuntur,
1437 2488 1544 2528 non
1584 2488 1773 2528 omnes
1818 2472 2082 2543 interpre-

504 2572 684 2616 tantur
709 2581 721 2617 :
754 2563 928 2619 solent
956 2563 1099 2619 enim
1123 2562 1181 2618 hi
1206 2564 1295 2634 qui
1325 2562 1552 2617 necdum
1582 2572 1709 2617 sunt
1737 2560 1895 2615 inilia
1917 2576 2079 2630 quant

500 2654 843 2722 arripuerunt
865 2653 1199 2725 professione
1229 2653 1460 2720 fundati,
1484 2668 1608 2709 cum
1640 2653 2081 2723 audierintquos-

501 2746 623 2797 dam
667 2743 718 2797 in
749 2744 977 2800 diversis
1008 2744 1201 2799 studiis
1238 2759 1301 2799 ac
1350 2742 1635 2798 virtutibus
1658 2741 1965 2812 praedicari,
2004 2742 2077 2795 ita

499 2849 686 2889 eorum
732 2834 887 2890 laude
937 2834 1210 2901 succendi,
1258 2844 1317 2889 ut
1361 2833 1563 2888 imitari
1607 2847 1794 2887 eorum
1832 2831 2081 2901 protinus

499 2933 709 2999 gestent
728 2925 1081 2996 disciplinam,
1117 2926 1172 2980 in
1197 2940 1303 2996 quo
1327 2926 1513 2979 irritos
1533 2922 1843 2979 necessario
1873 2922 2078 2993 impen-

498 3018 575 3071 dit
610 3000 836 3073 conatus
872 3017 1104 3073 humana
1142 3016 1421 3091 fragilitas.
1464 3014 1799 3087 [inpossibile
1845 3029 2078 3084 namque

2183 566 2327 615 cere,
2369 562 2428 606 ut
2455 567 2521 606 ex
2553 553 2706 608 nobis
2740 552 2794 609 in
2841 568 2906 609 eo
2941 554 3025 625 agi
3055 554 3256 625 aliquid
3298 557 3572 622 ostendat,
3606 556 3786 627 pluri-

2187 655 2333 694 mum
2372 647 2549 695 tamen
2579 640 2631 694 in
2661 641 2753 695 Dei
2785 640 3071 712 largitione
3095 642 3410 697 consistere.
3458 643 3625 699 Ponit
3651 660 3790 716 ergo

2182 738 2235 785 et
2272 747 2291 780 ι
2316 745 2622 785 mensuram
2648 730 2771 785 ﬁdei
2793 750 2810 782 ι
2841 744 2982 795 esse,
2997 748 3095 802 per
3114 748 3275 803 quam
3292 733 3414 802 quis
3437 735 3674 804 gratiam
3697 750 3788 789 ca-

2181 818 2282 887 pit,
2303 818 2452 889 ponit
2486 826 2542 872 et
2566 837 2584 869 ι
2617 818 2681 873 ad
2717 819 2769 873 id
2793 820 2933 889 quod
2966 821 3184 889 expedit
3212 840 3236 872 ι
3259 821 3399 887 dari,
3426 830 3481 876 et
3516 822 3788 893 Spiritum

2183 910 2422 966 dividere
2464 928 2481 961 ι
2520 911 2839 981 proutyult.
2871 931 2889 963 ι
2920 910 2993 967 Ut
3018 927 3147 983 ergo
3179 921 3328 967 tanta
3352 916 3406 968 in
3440 915 3602 970 nobis
3648 916 3789 972 ﬁdes

2183 1000 2511 1065 inveniatur,
2546 1011 2748 1070 quanta
2785 1003 2959 1072 possit
2991 1002 3356 1057 sublimiorem
3391 1006 3629 1074 gratiam
3658 1019 3787 1076 pro-

2182 1090 2401 1156 mereri,
2437 1091 2605 1151 nostri
2648 1091 2827 1161 Operis
2885 1091 3100 1146 videtur
3136 1099 3194 1147 et
3231 1092 3418 1147 studii.
3468 1092 3545 1149 Ut
3600 1102 3784 1148 autem

2182 1182 2250 1237 ad
2286 1183 2338 1238 id
2382 1184 2537 1238 detur
2587 1182 2731 1254 quod
2794 1185 3029 1255 expedit,
3080 1193 3136 1239 et
3177 1185 3307 1240 utile
3347 1186 3419 1240 sit
3465 1187 3789 1258 accipienti,

2182 1269 2276 1326 Dei
2309 1269 2572 1339 judicium
2614 1281 2721 1337 est,
2759 1272 2844 1326 vel
2883 1274 3105 1328 omnino
3147 1273 3191 1329 si
3241 1273 3357 1329 dari
3391 1275 3543 1340 velit,
3578 1275 3633 1329 in
3670 1278 3792 1346 ipso

2182 1369 2299 1426 est;
2327 1361 2446 1415 ideo
2467 1368 2520 1414 et
2546 1361 2597 1415 in
2619 1360 2742 1416 aliis
2768 1361 2907 1417 idem
2932 1361 3220 1433 Apostolus
3247 1363 3381 1420 dicit
3403 1364 3457 1435 (I
3486 1363 3618 1419 Cor.
3636 1367 3742 1437 an)
3770 1385 3787 1418 :

2187 1448 2344 1504 Nunc
2379 1459 2552 1505 autem
2595 1450 2737 1506 Deus
2785 1452 2957 1522 posuit
2992 1452 3046 1506 in
3104 1468 3322 1524 corpore
3370 1454 3791 1525 unumquodque

2187 1542 2475 1595 membrum
2492 1552 2645 1613 prout
2670 1541 2850 1597 voluit.
2870 1542 3050 1598 Voluit
3073 1554 3254 1599 autem
3270 1545 3413 1601 Deus
3436 1564 3457 1597 ε
3476 1548 3795 1602 secundum

2182 1635 2449 1692 rationem
2470 1656 2489 1688 ι
2506 1635 2590 1692 vel
2614 1655 2633 1688 ι
2652 1651 2962 1692 mensuram
2978 1636 3123 1703 ﬁdei,
3145 1657 3164 1691 ι
3184 1653 3303 1708 quae
3315 1648 3399 1695 est
3413 1640 3466 1694 in
3488 1640 3651 1696 nobis
3669 1657 3686 1705 ;
3705 1641 3793 1697 vel

2190 1743 2209 1777 ι
2236 1726 2404 1781 voluit
2428 1724 2496 1779 ad
2522 1725 2573 1780 id
2595 1725 2739 1795 quod
2771 1726 3026 1795 expedit;
3056 1745 3075 1779 ι
3109 1727 3215 1782 nisi
3246 1726 3384 1783 forte
3404 1729 3477 1783 ita
3503 1729 3711 1801 aliquis
3732 1742 3792 1786 ct

2115 1817 2159 1877 Β
2189 1815 2291 1870 hoc
2316 1814 2446 1869 velit
2470 1814 2790 1886 intelligere,
2821 1832 2841 1865 ι
2872 1813 3015 1870 Deus
3035 1814 3215 1898 posuit
3243 1816 3297 1870 in
3336 1831 3568 1887 corpore
3589 1834 3792 1873 unum-

2187 1908 2439 1977 quodque
2460 1907 2762 1962 membrum
2792 1915 2949 1976 prout
2976 1905 3161 1971 voluit,
3197 1927 3217 1958 ι
3249 1914 3307 1961 ιιι
3332 1907 3492 1961 uoluit
3519 1909 3591 1962 ad
3614 1924 3790 1963 mein-

2184 1996 2341 2055 brum
2358 1998 2528 2070 magis
2550 1997 2838 2065 referatur,
2871 1998 2973 2055 hoc
2986 2006 3088 2065 est,
3123 2018 3141 2051 ι
3171 2000 3533 2070 proutvoluit,
3566 2020 3587 2053 ι
3622 2011 3789 2071 prout

2183 2089 2367 2161 elegit,
2383 2100 2545 2161 prout
2563 2105 2786 2161 operam
2812 2090 2982 2158 dedit,
3007 2106 3076 2145 ne
3087 2091 3338 2147 videatur
3363 2092 3432 2148 de
3450 2093 3680 2148 homine
3698 2108 3790 2148 ar-

2181 2181 2327 2236 bitrii
2354 2190 2595 2251 potestas
2618 2181 2839 2237 auferri.
2873 2181 3261 2238 Verumtamen
3290 2198 3358 2238 ex
3386 2184 3489 2239 hoc
3515 2186 3663 2254 quod
3686 2187 3784 2247 ait,

2180 2274 2297 2331 dari
2319 2271 2548 2349 gratiam
2581 2291 2599 2330 t
2620 2271 2686 2333 ad
2709 2271 2761 2333 id
2784 2272 2925 2349 quod
2942 2272 3178 2351 expedit,
3211 2293 3231 2331 ι
3252 2280 3432 2351 potest
3453 2273 3574 2329 ﬁeri
3601 2285 3662 2328 ut
3681 2274 3784 2328 etsi

2181 2366 2251 2422 sit
2281 2367 2334 2421 in
2369 2367 2548 2439 aliquo
2592 2382 2845 2424 mensura
2883 2367 3008 2424 ﬁdei
3063 2377 3216 2424 tanta
3261 2385 3383 2442 quae
3422 2363 3789 2427 excelsiorem

2180 2462 2409 2534 gratiam
2455 2472 2726 2519 mercatur
2767 2464 3043 2535 accipere,
3085 2465 3130 2521 si
3179 2475 3401 2523 sanctus
3427 2467 3787 2539 Spiritusin—

2181 2561 2298 2607 tura
2334 2554 2670 2625 prospiciens
2702 2556 2956 2625 expedire
2986 2557 3272 2628 accipienti
3303 2574 3413 2614 non
3429 2558 3663 2629 iudicet,
3692 2578 3789 2618 ne-

2178 2643 2419 2699 cessario
2476 2643 2679 2700 dividat
2726 2644 3017 2716 unicuique
3063 2655 3223 2717 prout
3257 2647 3370 2702 vult
3434 2658 3491 2703 et
3539 2652 3783 2721 expedit.

2178 2732 2421 2804 Denique
2468 2732 2754 2790 nonnullos
2799 2736 3046 2790 videmus
3083 2736 3310 2808 gratiam
3355 2739 3637 2809 accepisse
3681 2741 3785 2794 do-

2177 2823 2385 2890 ctrime,
2399 2823 2486 2878 vel
2510 2824 2898 2880 exhortationis
2920 2826 2987 2880 ad
3000 2826 3231 2896 plebem,
3250 2835 3304 2882 ct
3326 2844 3391 2884 ex
3410 2830 3514 2885 hoc
3536 2831 3652 2901 ipso
3671 2832 3786 2887 ela-

2177 2920 2262 2968 tos
2283 2923 2444 2984 atque
2488 2914 2540 2968 iu
2562 2916 2870 2985 superbiam
2898 2931 3103 2980 versos,
3139 2918 3192 2971 in
3216 2918 3489 2987 judicium
3514 2922 3780 2978 incidisse

2176 3002 2375 3059 diaboli
2407 3020 2422 3070 ;
2460 3003 2593 3059 alios
2635 3004 2915 3074 accepisse
2950 3006 3165 3075 quidem
3194 3009 3450 3078 gratiam,
3489 3012 3589 3067 sed
3619 3013 3786 3084 negli-

498 3116 600 3172 est,
656 3123 820 3162 unum
884 3105 1236 3177 eamdemque
1304 3106 1575 3162 hominem
1620 3105 1779 3161 simul
1813 3103 2078 3160 universis
2117 3173 2146 3177 _
2179 3094 2358 3162 sentin
2393 3094 2555 3148 "nimi
2597 3103 2653 3149 ει
2680 3094 2806 3150 Vim
2852 3094 3057 3150 deSidia
3106 3098 3454 3167 corrupisse;
3496 3103 3639 3156 unde
3661 3113 3784 3157 ent

498 3211 632 3263 quas
662 3195 907 3266 superius
941 3173 1345 3267 comprehendi,
1374 3194 1575 3266 fulgere
1602 3194 2077 3263 virtutibus;quas
2104 3173 2149 3234 (ἶ
2180 3193 2234 3240 ει
2264 3183 2351 3239 me
2378 3184 2468 3254 (ἰυῘ
2498 3193 2776 3254 acceptum
2815 3186 3094 3241 denarium
3128 3188 3181 3241 in
3221 3190 3445 3246 ευάπῖο
3486 3191 3783 3264 colligavit.

498 3288 543 3339 si
576 3285 698 3356 quis
735 3286 959 3341 voluerit
984 3292 1188 3358 pariter
1213 3285 1484 3352 allectare,
1518 3286 1571 3341 in
1597 3286 1651 3341 id
1688 3285 1926 3339 incidere
1950 3301 2073 3340 eum

497 3390 721 3431 necesse
747 3384 849 3443 est,
881 3385 941 3432 ut
970 3377 1097 3432 dum
1124 3391 1310 3431 omnes
1336 3376 1598 3444 sequitur,
1637 3373 1835 3428 nullam
1866 3373 2074 3444 integre

496 3473 879 3532 consequatur,
909 3464 1185 3534 magisque
1213 3464 1266 3518 in
1294 3463 1393 3517 hac
1417 3462 1791 3517 iunnutalione
1814 3476 1879 3517 ac
1904 3462 2077 3516 varie-

498 3562 607 3609 tate
655 3554 990 3625 dispendium
1043 3553 1240 3624 capiat,
1299 3568 1459 3623 quam
1504 3552 1836 3623 profectum;
1890 3552 2075 3608 multis

496 3646 638 3700 enim
678 3646 780 3700 viis
820 3645 886 3700 ad
931 3646 1098 3700 Deum
1138 3645 1392 3711 tenditur,
1428 3652 1480 3699 et
1512 3643 1874 3714 unusquisque
1906 3641 2071 3707 illam,

496 3752 656 3807 quam
694 3735 859 3792 semel
905 3735 1151 3805 arripuit,
1194 3732 1531 3789 irrevocabili
1564 3748 1754 3789 cursus
1792 3734 1873 3788 sui
1899 3733 2074 3788 inten-

500 3828 644 3883 tione
677 3825 947 3893 conficiat,
993 3833 1051 3880 ut
1076 3826 1145 3881 sit
1174 3826 1225 3879 in
1257 3824 1492 3895 qualibet
1529 3823 1861 3896 perfectione
1897 3823 2074 3896 perfe-

498 3927 636 3972 ctus.
661 3913 778 3971 Sive
795 3916 1115 3988 prophetiam
1133 3914 1417 3970 secuudum
1440 3916 1692 3969 rationem
1710 3914 1854 3984 ﬁdei.
1874 3915 2074 3987 (Amb.)

496 4010 539 4061 A
566 4008 844 4079 prophetia
871 4007 1077 4076 incipit,
1107 4022 1226 4077 qua:
1252 4006 1496 4077 probatio
1524 4014 1607 4061 est
1632 4006 1806 4077 prima
1836 4006 2074 4060 rationa-

498 4098 656 4153 bilem
684 4112 802 4153 esse
822 4095 981 4152 ﬁdem
1009 4104 1273 4160 nostram,
1301 4094 1532 4166 denique
1547 4094 1829 4150 credentes
1848 4104 2072 4164 accepto

500 4187 700 4256 Spiritu
735 4185 1141 4259 prophetabant.
1176 4183 1303 4241 liae
1328 4200 1458 4256 ergo
1484 4184 1646 4239 datur
1670 4199 1767 4254 pro
1796 4185 1954 4240 modo
1981 4200 2071 4240 ac-

498 4277 770 4347 cipientis,
823 4277 928 4333 hoc
975 4284 1080 4344 est,
1123 4285 1383 4347 quantum
1427 4289 1589 4331 causa
1635 4276 1800 4347 exigit
1851 4285 2073 4347 propter

497 4381 659 4437 quam
681 4367 859 4423 datur.
882 4364 1079 4440 (οπερ.)
1098 4366 1230 4423 Cum
1253 4380 1386 4438 ergo
1405 4366 1627 4424 dixisset
1646 4367 1885 4439 singulos
1908 4383 2071 4438 quos-

499 4473 607 4529 que
637 4459 969 4515 credentium
998 4459 1238 4515 membra
1285 4474 1405 4515 esse
1438 4459 1597 4515 unius
1649 4461 1888 4530 corporis
1914 4458 2069 4514 Chri-

2176 3290 2275 3331 nec
2304 3277 2518 3346 operari
2544 3290 2607 3330 ex
2637 3290 2703 3330 co
2728 3276 2932 3346 aliquid
2950 3277 3119 3333 voluit
3141 3277 3294 3351 (Luc.
3316 3280 3433 3354 xix)
3453 3299 3468 3347 ;
3492 3296 3784 3354 propterea

2175 3365 2403 3434 denique
2426 3373 2480 3419 et
2506 3364 2792 3434 Aposmlus
2820 3366 3009 3421 scribit
3036 3367 3102 3421 ad
3132 3368 3520 3427 charissimum
3563 3376 3665 3428 sibi
3717 3375 3781 3429 ﬁ-

2176 3455 2305 3510 lium
2332 3456 2517 3511 dicens
2550 3473 2563 3509 :
2602 3455 2729 3511 Noli
2757 3456 3012 3528 negligere
3033 3458 3280 3529 gratiam,
3325 3478 3447 3533 quia
3472 3466 3530 3517 in
3554 3474 3605 3518 te
3626 3476 3704 3519 est
3730 3467 3781 3535 (ι

2178 3546 2312 3600 Tim.
2337 3547 2444 3618 tv),
2495 3556 2750 3616 tanquam
2794 3547 2970 3601 sciens
2997 3563 3152 3618 posse
3181 3551 3414 3619 gratiam
3458 3567 3562 3624 per
3608 3555 3782 3626 negti-

2173 3642 2409 3713 gentiam
2437 3641 2706 3711 deperire.
2728 3640 2881 3709 Quod
2898 3652 3077 3697 autem
3111 3644 3266 3710 dixit,
3297 3665 3317 3697 ‹
3353 3648 3659 3703 secundum
3689 3665 3781 3703 ra-

2174 3733 2375 3787 tionem
2399 3752 2417 3785 ι
2446 3733 2530 3788 vel
2556 3749 2854 3788 mensuram
2876 3733 3166 3805 ﬁdei,puto
3188 3732 3303 3805 iam
3343 3737 3506 3808 plene
3534 3740 3593 3794 in
3625 3756 3781 3812 supe-

2172 3821 2405 3878 rioribus
2432 3825 2734 3893 expositum
2785 3839 2903 3894 qua:
2931 3826 3004 3879 sit
3057 3825 3191 3881 ﬁdes
3264 3844 3385 3898 qua:
3412 3845 3442 3884 a
3490 3832 3653 3887 nobis
3690 3848 3779 3889 re.

2171 3916 2441 3985 qniratur,
2465 3923 2521 3970 et
2547 3931 2667 3985 quae
2722 3917 2793 3971 sit
2837 3932 2959 3987 qum
2990 3933 3020 3971 a
3048 3917 3158 3973 Deo
3190 3934 3289 3988 per
3318 3924 3551 3992 gratiam
3585 3925 3777 3989 datur,

2171 4005 2465 4061 secundum
2493 4006 2595 4061 hoc
2622 4008 2763 4077 quod
2791 4006 2930 4061 idem
2969 4007 3260 4079 Apostolus
3302 4011 3457 4077 dicit,
3509 4013 3610 4067 otii
3639 4016 3778 4083 fides

2168 4095 2225 4149 in
2253 4094 2431 4149 eodem
2460 4094 2697 4165 Spiritu;
2746 4105 2801 4150 et
2828 4096 2962 4151 item
2988 4097 3228 4168 Apostoli
3259 4102 3326 4156 ad
3372 4101 3666 4159 Dominum
3693 4105 3779 4159 tli-

2169 4194 2298 4241 cunt
2323 4204 2335 4239 :
2356 4186 2499 4257 Auge
2522 4188 2576 4240 in
2597 4187 2742 4241 nobis
2762 4188 2919 4256 ﬁdem
2944 4188 3095 4262 (Luc.
3125 4190 3281 4261 xvn).
3306 4192 3464 4261 Quod
3494 4194 3634 4251 ﬁdes
3651 4199 3773 4267 qui-

2167 4279 2289 4336 dem
2348 4296 2467 4350 qua:
2530 4289 2708 4350 speret
2743 4290 2799 4335 et
2851 4282 3036 4336 credat
3062 4294 3116 4337 et
3158 4285 3363 4353 absque
3404 4285 3513 4340 ulla
3563 4287 3772 4343 dubita-

2169 4371 2315 4425 tione
2344 4370 2598 4437 eouﬁdat,
2624 4373 2677 4426 in
2712 4371 2866 4427 nobis
2893 4381 3005 4439 est;
3040 4376 3185 4430 ratio
3201 4390 3333 4430 vero
3351 4375 3476 4432 ﬁdei
3503 4379 3696 4448 ipsius,
3720 4390 3774 4435 ct

2171 4461 2481 4528 scientia,et
2500 4461 2767 4532 perfectus
2788 4477 2973 4518 eorum
3000 4480 3119 4534 quae
3136 4466 3410 4521 credimus
3438 4469 3770 4536 intellectus,

498 4550 587 4617 sti,
618 4565 762 4605 nunc
784 4551 937 4620 quasi
956 4550 1297 4607 diversorum
1320 4551 1682 4607 membrorum
1703 4550 2069 4606 diversitatem
2100 4531 2147 4589 ι)
2183 4552 2416 4608 donatur
2443 4567 2474 4606 a
2502 4531 2632 4608 Deo.
2689 4552 2795 4607 Sed
2835 4554 2979 4609 dicat
3018 4531 3257 4610 iortasse
3298 4556 3519 4627 aliquis,
3573 4562 3622 4614 si

498 4640 1009 4711 operisenumerat,
1056 4648 1111 4697 et
1133 4642 1283 4696 verbi
1314 4656 1478 4697 causa
1512 4640 1659 4698 velut
1686 4641 1842 4697 oculo
1881 4642 2081 4707 visum,

498 4732 574 4785 ita
601 4729 791 4794 menti,
834 4745 954 4801 qua
980 4738 1064 4787 est
1089 4732 1314 4786 interior
1344 4731 1547 4797 oculus,
1598 4730 1896 4802 l‘rophetize
1938 4731 2077 4785 assi-

496 4829 626 4893 gnat
659 4818 923 4888 oﬁlcium,
976 4830 1031 4875 et
1066 4821 1155 4875 alii
1196 4830 1449 4892 tanquam
1495 4822 1677 4876 manui
1727 4822 2083 4877 ministerium

499 4914 751 4980 ascribit,
785 4924 841 4969 et
872 4913 960 4969 alii
1008 4922 1265 4984 tanquam
1319 4913 1517 4984 lingua:
1544 4914 1846 4969 doctrinam
1873 4915 2081 4981 tribuit,

496 5007 743 5062 similiter
761 5006 924 5061 etiam
938 5013 1149 5060 caetera.
1180 5024 1198 5055 ι
1230 5005 1531 5058 Secundum
1557 5019 1865 5059 mensuram
1895 5024 1912 5056 ι
1940 5020 2069 5075 ergo

501 5116 519 5148 ι
557 5098 679 5152 ﬁdei
725 5114 745 5149 ι
794 5095 1213 5167 uniuscujusque
1238 5094 1578 5149 diversitates
1616 5093 1731 5149 dari
1759 5096 2074 5164 pronuntiat

498 5186 815 5256 gratiarum,
844 5192 926 5250 ut,
952 5182 1106 5240 verbi
1130 5198 1317 5249 causa,
1350 5192 1570 5253 accepta
1606 5182 1727 5253 quis
1748 5181 1921 5254 gratia
1944 5181 2074 5237 illud

499 5274 582 5330 vel
613 5274 741 5330 illud
770 5272 1071 5331 membrum
1113 5273 1169 5329 in
1195 5273 1398 5330 Christi
1428 5287 1656 5345 corpore
1701 5271 1813 5328 ﬁat.
1848 5271 1930 5327 Ad
1968 5272 2077 5327 Cu-

500 5365 727 5420 rinthios
743 5378 873 5420 vero
897 5364 1142 5420 scribens
1162 5365 1238 5419 ait
1260 5382 1273 5417 :
1300 5360 1586 5435 Unicuique
1616 5373 1788 5418 autem
1801 5362 2081 5417 daturum-

501 5455 764 5523 uifestntio
791 5452 1018 5526 Spiritus
1046 5455 1114 5509 ad
1144 5455 1198 5509 id
1229 5455 1366 5527 quod
1396 5454 1598 5526 expedit
1630 5451 1679 5527 (Ι
1708 5451 1832 5508 Cor.
1857 5453 1992 5525 an);
2022 5462 2077 5509 et

502 5555 620 5612 post
645 5562 817 5615 pauca
850 5547 1037 5602 addit:
1071 5545 1260 5601 Omnia
1289 5556 1462 5601 autem
1509 5556 1756 5617 operatur
1805 5563 1942 5600 unus
1988 5556 2071 5599 at—

500 5649 596 5700 que
616 5635 751 5687 idem
779 5634 1028 5705 Spiritus,
1052 5634 1285 5691 dividens
1308 5635 1526 5706 singulis
1546 5645 1701 5705 prout
1721 5635 1827 5691 vult
1849 5635 2011 5708 (Ibid.
2028 5634 2068 5706 ).

508 5719 588 5774 [ιι
609 5722 655 5775 le
695 5724 827 5778 mihi
862 5726 1095 5790 videtur,
1135 5735 1240 5779 tam
1272 5727 1336 5779 ad
1369 5724 1639 5780 Romanos
1666 5740 1827 5794 quam
1857 5724 1923 5779 ad
1969 5726 2069 5779 Co-

2182 4645 2365 4699 omnia
2393 4659 2491 4716 per
2517 4643 2743 4715 gratiam
2773 4646 2990 4710 dantur,
3018 4661 3123 4700 non
3148 4646 3253 4701 erit
3289 4648 3344 4701 in
3373 4649 3533 4719 culpa
3573 4654 3619 4706 si
3651 4654 3773 4721 quis

2183 4747 2290 4787 non
2319 4732 2622 4802 prophetet,
2674 4740 2766 4785 aut
2793 4746 2900 4786 non
2943 4734 3229 4799 ministret,
3281 4746 3375 4790 aut
3406 4754 3515 4793 non
3555 4742 3770 4803 doceat,

2186 4829 2278 4876 aut
2304 4835 2411 4876 non
2465 4822 2805 4887 exhortetur,
2834 4831 2929 4877 aut
2955 4839 3059 4877 non
3094 4824 3322 4890 tribuat,
3354 4837 3444 4880 aut
3475 4844 3587 4883 nou
3633 4846 3766 4900 pne-

2187 4911 2388 4976 sit,aut
2414 4925 2519 4966 non
2545 4912 2887 4977 misereatur,
2910 4920 3004 4965 aut
3036 4927 3141 4966 non
3172 4913 3380 4985 diligat,
3406 4920 3535 4985 quia
3578 4920 3765 4973 hom-tt

2181 5002 2423 5056 omnium
2448 5003 2678 5073 gratiam
2715 5017 2818 5056 non
2851 5004 3077 5073 accepit.
3104 5001 3211 5057 Sed
3238 5005 3305 5057 ad
3339 5006 3453 5060 inec
3482 5008 3762 5062 dicemus:

2180 5095 2320 5149 sicut
2348 5104 2431 5149 est
2457 5093 2591 5149 ﬁdes
2620 5108 2782 5164 quam
2811 5094 3089 5148 docuimus
3126 5109 3248 5148 esse
3276 5096 3330 5150 in
3356 5097 3539 5162 nobis,
3564 5112 3625 5153 et
3653 5116 3767 5153 rur-

2182 5198 2275 5239 sus
2300 5192 2385 5239 est
2413 5182 2549 5240 ﬁdes
2573 5198 2693 5253 quas
2721 5198 2818 5254 per
2842 5184 3076 5255 gratiam
3100 5186 3282 5245 datur.
3309 5186 3452 5242 sicut
3482 5203 3651 5256 supra
3690 5190 3768 5244 di-

2183 5274 2364 5328 ximus
2404 5272 2662 5345 scriptum
2716 5288 2857 5342 esse,
2894 5276 2988 5331 alii
3027 5278 3157 5348 ﬁdes
3193 5278 3251 5330 in
3291 5277 3476 5330 eodem
3527 5276 3767 5347 Spiritu;

2186 5365 2261 5420 ita
2288 5366 2451 5420 etiam
2499 5364 2552 5420 in
2580 5379 2902 5437 unoquoque
2943 5368 3132 5422 horna
3169 5381 3293 5439 quae
3326 5369 3766 5423 enmneravimns

2179 5469 2208 5508 a
2231 5453 2340 5510 Deo
2361 5469 2459 5525 per
2482 5456 2710 5526 gratiam
2739 5456 2976 5522 dari,est
2995 5465 3050 5512 et
3075 5458 3128 5511 in
3155 5456 3310 5512 nobis
3333 5454 3540 5525 aliquid
3571 5457 3643 5514 ad
3666 5472 3761 5512 eu-

2170 5545 2261 5616 jus
2305 5545 3027 5615 unusquisque‘mensuram
3080 5546 3164 5601 vel
3213 5546 3477 5601 rationem
3534 5548 3767 5617 gratiam

2174 5644 2531 5703 promeretur.
2581 5632 2766 5704 Neque
2816 5635 2961 5689 enim
3025 5637 3092 5691 de
3148 5634 3263 5691 sola
3308 5635 3576 5704 sapientia
3620 5637 3765 5691 acci-

2172 5724 2425 5793 piendum
2456 5732 2542 5779 est
2591 5723 2720 5787 illud
2757 5724 2901 5793 quod
2924 5725 3180 5795 scriptum
3234 5733 3320 5779 est
3349 5742 3361 5777 :
3401 5726 3530 5794 quia
3564 5728 3663 5779 etsi
3696 5728 3761 5777 sit
