4026 6180
350 340 490 396 liii!)

880 333 1437 392 ENARRATIONUM
1477 332 1542 404 IN
1582 330 1732 389 EPP.
1773 329 1978 386 PAULI
2018 331 2147 385 LIB.
2191 331 2302 388 VII.
2343 363 2415 374 -—
2451 330 2521 389 1N
2559 332 2774 390 EPIST.
2817 335 2909 390 AD
2947 335 3115 391 ROM.

3493 334 3628 390 1530
3661 379 3665 396 .

343 454 536 523 aliquis
565 449 822 520 perfectus
852 449 906 503 in
932 449 1056 518 ﬁliis
1087 448 1375 509 hominum,
1415 446 1459 499 si
1487 442 1618 498 desit
1646 443 1692 496 ei
1726 441 1932 512 sapicn-
1957 450 2007 510 Α
2035 443 2223 498 ctrina:
2245 453 2298 498 et
2328 444 2498 510 verbi,
2535 460 2641 515 quo
2670 443 2879 500 amictu:
2902 446 3096 500 anima:
3125 443 3528 514 Scripturarum
3550 447 3632 502 di-

344 545 444 606 tia,
482 557 600 614 qum
639 556 706 594 ex
729 550 779 594 te
804 548 901 604 est,
930 538 998 592 ad
1025 537 1247 592 nihilum
1292 536 1632 607 deputabitur
1659 533 1814 605 (Sep.
1841 532 1942 602 ιι).

345 633 546 688 Eodem
580 645 812 700 namque
851 629 1008 684 modo
1042 642 1329 698 possumus
1366 625 1587 681 dicere:
1614 623 1826 680 etiamsi
1874 622 1948 679 sit

345 721 541 792 aliquis
577 720 848 792 perfectus
887 721 941 774 in
968 720 1073 774 ﬁde
1116 719 1169 774 in
1205 717 1326 773 ﬁliis
1365 717 1667 782 hominum,
1709 717 1755 772 si
1804 715 1948 775 desit

344 811 395 866 ei
424 810 574 873 ﬁdes,
625 825 745 879 qua:
771 825 837 864 ex
873 817 962 863 tua
1001 809 1175 878 gratia
1220 815 1324 871 est,
1364 807 1418 860 in
1451 806 1678 862 nihilum
1727 814 1946 876 reputa-

348 902 511 955 bitur.
545 900 624 954 Ita
669 899 770 954 etsi
801 898 1072 970 perfectus
1102 900 1173 953 sit
1205 899 1258 952 in
1287 899 1534 954 doctrina
1557 899 1698 969 quis,
1725 905 1780 954 et
1805 897 1945 953 desit

344 990 396 1044 ci
423 991 681 1044 doctrinm
704 989 875 1061 gratia
910 1004 1030 1058 qua:
1057 1005 1123 1043 ex
1155 987 1264 1042 Deo
1299 999 1402 1054 est,
1435 988 1488 1042 in
1527 988 1750 1042 nihilum
1787 1003 1943 1058 repu-

348 1080 732 1146 tabitur,etita
765 1079 818 1133 in
840 1079 1093 1134 omnibus
1115 1078 1200 1133 his
1228 1094 1348 1147 qua:
1361 1087 1674 1133 enumerata
1700 1086 1827 1133 sunt
1855 1087 1942 1133 est

344 1169 593 1237 quaedam
619 1169 878 1239 perfectio
909 1169 1050 1224 inter
1081 1168 1219 1224 ﬁlios
1246 1169 1522 1224 hominum
1565 1185 1726 1239 quam
1756 1170 1942 1225 labore

343 1269 402 1315 et
433 1261 624 1316 studiis
668 1263 902 1332 propriis
939 1272 1324 1331 assequuntur,
1383 1263 1497 1318 sive
1535 1263 1590 1318 iu
1639 1264 1938 1334 sapientia,

342 1353 463 1409 sive
487 1353 542 1407 in
580 1352 846 1418 doctrina,
878 1353 993 1409 sive
1037 1354 1090 1408 in
1132 1354 1252 1408 aliis
1277 1353 1499 1416 ciliciis,
1527 1369 1646 1423 quae
1667 1363 1846 1411 tamen
1893 1357 1938 1412 si

345 1459 455 1500 non
496 1443 730 1500 habeant
756 1460 786 1498 a
819 1445 928 1499 Deo
955 1448 1184 1515 gratiam
1207 1447 1409 1510 datam,
1443 1445 1574 1498 nihil
1609 1456 1788 1510 erunt,
1813 1447 1936 1516 quia

343 1535 392 1589 si
426 1534 660 1590 desiteis
694 1535 866 1605 gratia
895 1534 1149 1604 Spiritus,
1181 1550 1280 1590 nec
1309 1537 1550 1591 membra
1586 1551 1706 1591 esse
1734 1536 1934 1593 Christi

343 1632 593 1696 corporis
625 1635 871 1697 possunt.
910 1624 1015 1680 Sed
1041 1627 1096 1681 in
1128 1626 1213 1682 his
1240 1625 1500 1696 quaeritur
1530 1627 1576 1682 si
1613 1636 1788 1698 potest
1814 1642 1939 1685 esse

343 1715 524 1786 aliqua
562 1716 615 1771 in
647 1716 802 1772 nobis
829 1715 911 1771 vel
940 1730 1004 1772 ex
1033 1715 1190 1772 nobis
1222 1715 1526 1787 Prophetia!
1561 1718 1787 1788 species,
1817 1734 1937 1789 quae

2051 533 2293 587 vinarum
2334 535 2626 604 prudenter
2659 536 2860 606 aptatis
2887 545 2941 591 et
2973 537 3023 588 in
3057 550 3221 589 unum
3254 535 3492 590 collectis
3521 551 3634 590 ser-

2047 622 2299 678 monibus
2336 624 2660 680 relevantur.
2703 625 2915 680 Accidit
2939 625 3082 680 enim
3114 640 3255 696 smpe
3296 625 3490 681 animae
3534 627 3633 680 tri-

2045 711 2381 768 bulationum
2405 714 2685 770 nimietate
2712 714 3036 785 desperatio,
3067 730 3169 770 nec
3199 713 3357 769 facile
3393 717 3633 784 reparari

2043 812 2138 858 aut
2173 803 2321 858 reﬁci
2354 805 2764 876 quibuscunque
2815 805 2998 860 verbis
3041 813 3238 875 potest,
3271 805 3519 874 quamvis
3545 820 3640 874 po-

2043 895 2136 950 lita
2177 896 2266 950 illa
2307 896 2416 951 sint
2450 907 2504 951 et
2540 897 2886 967 plausibilia:
2930 899 2977 952 si
3013 912 3142 952 vero
3191 912 3372 952 sermo
3433 896 3639 951 habens

2043 994 2293 1048 virtutem
2321 993 2510 1064 gratim
2545 993 2638 1048 Dei
2685 992 2847 1048 fuerit
2881 992 3176 1056 adhibitus,
3232 999 3358 1045 tunc
3397 1006 3492 1045 cor
3519 989 3635 1058 ejus

2041 1092 2309 1151 penetrat,
2333 1092 2387 1138 et
2407 1083 2831 1138 consolationem
2880 1082 3104 1152 praebet,
3143 1097 3207 1136 ac
3235 1097 3384 1153 spem
3416 1092 3636 1136 revocat

2040 1171 2416 1241 desperatione
2465 1172 2737 1237 submota,
2798 1172 3092 1226 secundum
3144 1172 3294 1236 illud,
3351 1173 3492 1241 quod
3540 1188 3637 1242 per

2039 1261 2362 1332 Pruphetam
2396 1263 2597 1318 dictum
2627 1270 2712 1318 est
2740 1278 2770 1316 a
2796 1262 3024 1316 Domino
3044 1279 3055 1314 :
3079 1263 3637 1332 iSaccrdotesdoqui-

2040 1353 2170 1407 rnini
2186 1354 2240 1408 in
2253 1352 2417 1410 corde
2436 1353 2756 1410 Jerusalem.
2781 1374 2877 1406 ιο-
2892 1353 2996 1420 Qu-i
3013 1353 3192 1407 tribuit
3216 1356 3269 1408 in
3284 1355 3629 1426 simplicitate.

2040 1443 2240 1516 (Amb.)
2257 1443 2394 1499 Huic
2417 1444 2570 1509 dicit,
2587 1445 2678 1515 qui
2695 1443 2836 1499 bono
2853 1445 3036 1499 animo
3054 1444 3263 1509 tribuit,
3278 1445 3476 1500 auxilia
3491 1461 3633 1500 sem-

2037 1551 2134 1606 per
2158 1537 2524 1606 suppeditare,
2557 1545 2882 1609 procurante
2909 1536 3136 1606 Spiritu,
3167 1546 3351 1592 utnon
3380 1537 3522 1592 desit
3545 1539 3636 1592 tri-

2038 1624 2223 1678 buenti
2259 1623 2593 1695 simpliciter.
2651 1625 2875 1680 Dicente
2909 1625 3220 1691 Salomone,
3265 1645 3282 1677 ι
3313 1626 3413 1693 Qui
3449 1629 3635 1682 tribuit

2037 1715 2382 1785 pauperibus,
2399 1732 2502 1771 non
2525 1716 2801 1786 indigebit.
2829 1736 2845 1768 i
2866 1716 3063 1789 (Θήρ.)
3080 1717 3180 1785 Qui
3209 1719 3397 1774 tribuit
3418 1729 3472 1775 et
3497 1735 3634 1788 pra}-

345 1819 454 1860 non
481 1812 650 1859 totum
666 1805 864 1860 habeat
890 1819 955 1858 ex
985 1804 1112 1868 Deo,
1137 1805 1230 1858 sed
1257 1804 1649 1873 aliquantulum
1676 1807 1838 1862 etiam
1867 1823 1930 1862 ex
1967 1809 2008 1867 Β
2037 1813 2140 1858 stat
2177 1805 2573 1876 indigentibus,
2603 1815 2836 1876 oportet,
2873 1807 3064 1876 inquit,
3104 1816 3162 1862 ut
3199 1809 3252 1863 in
3287 1810 3632 1880 simplicitate

345 1895 602 1950 humanis
643 1895 836 1950 studiis
878 1894 1075 1964 capiat.
1107 1893 1220 1948 Hoc
1261 1894 1481 1963 quidem
1527 1893 1667 1964 apud
1711 1905 1938 1951 cancros

345 1985 502 2041 valde
530 1986 860 2056 impossibile
885 1985 1176 2051 videbitur,
1205 1986 1344 2055 apud
1365 1985 1590 2040 Paulum
1622 1997 1802 2044 tamen
1828 1990 1935 2043 evi-

343 2075 538 2130 denter
569 2076 831 2146 probatur
854 2076 1126 2130 dicentem
1167 2093 1179 2129 :
1207 2075 1280 2130 1E
1287 2075 1560 2131 mulamini
1586 2089 1760 2133 autem
1799 2080 1940 2135 dona

344 2163 576 2232 majora,
608 2165 774 2236 magis
802 2173 975 2220 autem
1022 2176 1076 2218 ut
1113 2166 1426 2236 prop/teretis
1469 2166 1524 2239 (I
1562 2165 1685 2222 Cor.
1719 2166 1853 2242 xrv);
1883 2170 1939 2223 in

343 2269 455 2326 quo
487 2255 630 2310 sicut
659 2255 942 2311 aemulatur
973 2257 1094 2328 quis
1133 2257 1490 2314 ministerium
1533 2267 1588 2314 et
1615 2261 1937 2325 doctrinam,

344 2347 778 2404 exhortationem
805 2355 863 2404 et
883 2358 1101 2415 caetera,
1134 2365 1232 2420 per
1254 2351 1375 2418 hoc,
1401 2354 1543 2423 quod
1568 2354 1790 2409 adhibet
1813 2369 1941 2427 erga

351 2438 467 2494 haec
496 2439 734 2508 studium
761 2455 826 2494 ac
858 2439 1119 2507 laborem,
1139 2441 1212 2494 ita
1242 2450 1295 2496 et
1316 2457 1442 2514 erga
1466 2445 1806 2515 prophetiam
1823 2447 1940 2502 ﬁeri

349 2531 547 2588 debere
558 2533 796 2588 ostendit
811 2533 1116 2603 Apostolus.
1130 2532 1281 2589 Unde
1295 2534 1577 2605 prophetia
1594 2536 1940 2608 intelligenda

348 2633 454 2686 est,
468 2623 582 2678 hmc
594 2638 756 2694 quam
783 2623 938 2678 docet
954 2621 1147 2676 Paulus
1165 2639 1270 2678 non
1287 2624 1430 2677 illam
1444 2639 1564 2679 esse
1576 2641 1674 2697 per
1685 2642 1848 2696 quam
1863 2627 1944 2682 dl-

347 2712 521 2768 citur:
542 2711 670 2767 Hazc
689 2712 816 2766 dicit
830 2712 1085 2766 Dominus
1099 2711 1367 2786 (Lucam)
1387 2729 1400 2779 ;
1426 2713 1512 2768 illa
1529 2715 1671 2770 enim
1685 2730 1855 2786 usque
1875 2717 1943 2772 ad

346 2803 610 2859 Joannem
625 2806 796 2869 stetit,
819 2806 1113 2860 secundum
1136 2806 1279 2874 quod
1301 2805 1353 2859 in
1370 2806 1660 2877 Evangelio
1681 2806 1940 2877 scriptum

346 2905 464 2951 est:
490 2894 597 2948 Lex
623 2905 673 2949 et
693 2895 956 2966 propheta:
978 2911 1138 2965 usque
1164 2895 1234 2948 ad
1263 2895 1558 2962 Joannem;
1591 2897 1686 2951 sed
1709 2897 1853 2951 illam
1875 2897 1942 2952 de

347 3004 458 3057 qua
495 2987 638 3042 idem
667 2986 956 3058 Apostolus
985 2986 1118 3042 dicit
1148 3004 1161 3040 :
1189 2987 1282 3057 qui
1319 2987 1612 3058 prophetat,
1643 2987 1940 3042 hominibus

348 3078 585 3149 loquitur
617 3078 687 3131 ad
713 3077 1115 3146 wdiﬁcationem
1146 3088 1192 3131 et
1217 3077 1628 3132 exhortationem
1659 3088 1707 3132 et
1753 3093 1940 3132 conso-

2041 1894 2220 1948 cordis
2263 1895 2365 1950 hoc
2390 1894 2572 1959 iaciat,
2622 1896 2724 1950 hoc
2752 1905 2852 1957 est,
2901 1913 2968 1951 nc
3014 1898 3257 1952 videatur
3292 1901 3506 1968 quidem
3539 1902 3632 1956 Le-

2042 1982 2289 2038 nefacere
2322 1985 2704 2056 indigentibus,
2737 1987 2898 2041 corde
2933 2003 3061 2042 vero
3083 1988 3296 2043 laudem
3328 2003 3538 2059 quzerat
3563 1993 3631 2046 ab

2042 2075 2369 2131 hominibus.
2409 2074 2525 2131 Non
2555 2085 2640 2132 est
2662 2092 2790 2148 ergo
2816 2078 3154 2148 simplicitas,
3189 2081 3232 2135 si
3260 2081 3404 2137 aliud
3439 2085 3522 2155 agi
3555 2086 3631 2139 vi.

2042 2163 2232 2217 deatur
2265 2165 2316 2218 in
2350 2165 2620 2233 manibus,
2659 2175 2714 2222 et
2739 2167 2883 2222 aliud
2920 2180 3192 2238 quaaratur
3215 2171 3268 2226 in
3307 2175 3490 2229 corde.
3529 2176 3632 2242 Qui

2040 2264 2224 2324 pra’esl
2255 2256 2309 2308 in
2351 2255 2722 2312 sollicitudine.
2785 2257 3011 2332 (Ambr.)
3045 2261 3179 2316 Eum
3211 2263 3302 2332 qui
3329 2279 3534 2326 curam,
3569 2276 3630 2322 ut

2041 2346 2227 2415 prirsit
2262 2344 2542 2413 fratribus,
2575 2349 2823 2418 suscipit,
2839 2350 2993 2419 juxta
3024 2351 3182 2406 ﬁdem
3211 2369 3361 2408 suam
3385 2356 3632 2426 accipere

2043 2434 2374 2505 vigilantiam
2411 2436 2543 2492 dicit
2584 2447 2638 2491 et
2663 2439 3064 2498 auctoritatem.
3091 2449 3150 2494 ut
3173 2443 3423 2512 proﬁciat
3452 2445 3504 2500 in
3525 2462 3632 2516 quo

2042 2524 2304 2579 sollicitus
2330 2535 2433 2592 est,
2467 2527 2670 2582 habens
2699 2529 2751 2582 in
2781 2528 2885 2584 illis
2919 2529 3173 2598 fructum,
3200 2534 3395 2602 quibus
3416 2546 3630 2606 pratest.

2046 2614 2242 2686 (θήῃ.)
2291 2614 2392 2682 Qui
2434 2631 2563 2688 ergo
2611 2630 2807 2688 przeest
2846 2619 3129 2689 fratribus,
3181 2625 3263 2680 vel
3303 2627 3393 2696 qui
3438 2638 3636 2698 prmest

2045 2703 2322 2771 Ecclesiae,
2349 2705 2402 2760 in
2426 2705 2791 2764 sollicitudine
2827 2723 2949 2764 esse
2989 2711 3165 2777 debet,
3215 2729 3321 2768 non
3372 2715 3636 2772 humana-

2045 2810 2164 2849 rum
2205 2811 2516 2864 causarum,
2571 2814 2671 2855 nec
2698 2800 3037 2856 saecularium
3089 2819 3293 2871 rerum,
3341 2805 3460 2861 huic
3487 2809 3631 2862 enim

2044 2886 2347 2944 sollicitudo
2367 2889 2542 2944 aliena
2570 2890 2731 2946 debet
2755 2905 2875 2947 esse
2898 2892 2968 2946 ab
2997 2894 3079 2948 his
3105 2896 3195 2965 qui
3223 2895 3477 2952 Ecclesiae
3499 2914 3635 2967 pra:-

2045 2989 2210 3046 sunt;
2269 2983 2366 3036 sed
2421 2981 2582 3036 talem
2631 2983 2856 3054 recipiat
2910 2985 3366 3054 sollicitudinem,
3419 2990 3632 3060 qualem

2046 3065 2336 3139 Apostolus
2371 3071 2540 3126 dicit:
2591 3071 2887 3128 Concursus
2926 3075 2978 3129 in
3018 3093 3098 3130 me
3133 3079 3496 3147 quotidianus,
3527 3081 3634 3136 sol-

349 3170 596 3222 lationcm
642 3166 695 3240 (I
723 3166 845 3222 Cor.
870 3167 1004 3238 xrv).
1061 3167 1352 3237 Prophetia
1391 3183 1522 3238 ergo
1558 3166 1758 3223 dicitur
1796 3167 1937 3236 apud
1965 3158 2010 3220 C
2041 3157 2258 3214 licitudo
2279 3163 2512 3215 omnium
2535 3161 2913 3218 Ecclesiarum.
2955 3165 3085 3232 Quis
3115 3169 3440 3238 inﬁrmatur,
3471 3183 3520 3226 et
3539 3189 3636 3242 ego

351 3256 597 3323 Paulum,
627 3271 749 3310 cum
777 3256 898 3326 quis
928 3255 1164 3326 loquitur
1194 3257 1501 3312 hominibus
1529 3258 1596 3312 ad
1617 3257 1937 3312 aediﬁcatio-

353 3366 502 3414 nem,
551 3360 604 3405 et
633 3365 754 3404 cum
782 3349 1019 3420 loquitur
1046 3352 1113 3406 ad
1142 3351 1573 3406 exhortationem
1616 3359 1669 3407 et
1689 3352 1938 3407 consola-

352 3443 578 3508 tionem,
617 3450 673 3497 et
697 3441 818 3498 ideo
863 3443 1119 3498 adhibere
1165 3443 1402 3498 studium
1449 3445 1518 3498 ad
1567 3443 1935 3516 hujuscemodi

353 3531 699 3602 Prophetiam
722 3532 976 3602 possibile
993 3533 1149 3588 nobis
1178 3546 1278 3594 est,
1303 3541 1357 3588 et
1381 3533 1542 3588 estin
1576 3543 1760 3589 nostra
1783 3543 1936 3604 pote-

353 3633 494 3679 state
526 3633 586 3678 ut
618 3623 772 3678 nobis
807 3623 862 3677 in
909 3624 1024 3678 haec
1062 3637 1286 3694 operam
1325 3623 1598 3688 dantibus,
1616 3625 1662 3679 si
1740 3639 1938 3680 secunn

355 3719 480 3773 dum
533 3719 798 3773 rationem
843 3717 925 3773 vel
975 3732 1283 3772 mensuram
1330 3716 1454 3772 ﬁdei
1519 3717 1636 3772 huic
1673 3716 1938 3785 facimus,

355 3803 589 3863 addatur
616 3817 671 3862 et
698 3807 784 3860 illa
813 3823 932 3878 quae
956 3823 1022 3864 ex
1054 3808 1163 3863 Deo
1207 3816 1291 3862 est
1321 3807 1632 3877 Prophetia.
1689 3808 1816 3864 Hinc
1845 3823 1942 3864 no-

354 3900 439 3955 bis
474 3899 542 3954 de
574 3898 877 3969 PrOphetia:
908 3899 1082 3968 gratia
1117 3898 1259 3954 dicta
1295 3899 1420 3953 sint.
1450 3898 1578 3953 Post
1613 3898 1729 3952 haec
1756 3899 1940 3968 sequi-

356 3997 493 4041 tur:
527 3987 646 4043 Sive
691 3988 1037 4042 ministerium
1083 3988 1138 4041 in
1175 3987 1542 4042 ministrando.
1588 3988 1820 4060 (Ainbr.)
1861 3988 1943 4044 Ad

354 4077 674 4147 obsequium
727 4076 1081 4138 fraternitatis
1120 4077 1468 4146 pnebendum
1517 4080 1570 4134 in
1603 4087 1806 4135 tantum
1844 4081 1945 4135 mi~

357 4170 534 4226 nister
575 4168 842 4234 ﬁrmatur,
881 4177 1142 4240 quantum
1168 4169 1342 4224 credit
1377 4171 1575 4227 debere
1610 4187 1670 4228 se
1695 4171 1941 4242 obsequi,

358 4275 428 4316 ne
455 4259 594 4315 ultra
618 4258 779 4314 ﬁdem
807 4259 1059 4315 laborans
1087 4260 1140 4314 in
1165 4259 1446 4330 obsequio,
1479 4262 1734 4333 fatigetur
1771 4262 1945 4317 incas-

358 4369 500 4420 Sum,
538 4355 662 4425 quia
699 4355 803 4409 hoc
831 4353 1076 4423 sequitur
1112 4367 1568 4423 unumquemque,
1605 4353 1749 4422 quod
1785 4369 1947 4408 cona-

361 4458 450 4501 tur
473 4461 541 4501 ex
563 4444 745 4502 corde.
775 4443 896 4500 Sive
917 4445 1005 4514 qui
1028 4443 1177 4498 docet
1202 4445 1256 4497 in
1286 4442 1545 4496 doctrina.
1577 4441 1838 4498 Similiter
1867 4442 1947 4497 di-

2039 3264 2144 3303 non
2177 3249 2464 3318 inﬁrmor?
2493 3249 2622 3317 Quts
2663 3252 3059 3308 scandalizatur
3097 3266 3147 3310 et
3185 3273 3279 3327 ego
3317 3275 3424 3314 non
3460 3267 3632 3317 uror.’

2039 3338 2126 3411 (ll
2155 3338 2279 3394 Cor.
2311 3341 2411 3414 xi.)
2435 3341 2538 3409 Qui
2563 3357 2692 3413 ergo
2726 3353 2923 3414 praeest
2949 3345 3204 3404 Ecclesiis
3235 3349 3397 3405 talem
3429 3351 3632 3408 sollici-

2039 3429 2278 3487 tudinem
2316 3431 2516 3488 habere
2544 3434 2722 3500 debet,
2754 3444 2806 3489 et
2833 3435 2977 3491 illam
3019 3437 3178 3492 aliam
3209 3440 3524 3496 saecularem
3545 3442 3646 3498 ha-

2037 3521 2169 3576 bere
2204 3523 2424 3578 omnino
2455 3539 2561 3580 non
2587 3525 2764 3580 debet.
2807 3526 2910 3592 Qui
2941 3530 3237 3590 miseretur,
3253 3532 3308 3586 in
3337 3533 3369 3586 h
3395 3532 3625 3589 laritate.

2043 3609 2277 3683 (Ambr.)
2307 3612 2462 3669 Hunc
2485 3630 2699 3685 quoque
2715 3616 2848 3671 dicit
2875 3619 3169 3674 secundum
3198 3635 3418 3676 sensum
3449 3639 3629 3690 suum,

2041 3702 2131 3770 qui
2161 3701 2282 3758 laeto
2304 3705 2484 3757 animo
2514 3705 2940 3759 misericordiam
2971 3706 3123 3772 facit,
3152 3717 3207 3761 et
3228 3711 3315 3764 cui
3342 3727 3449 3766 non
3476 3719 3631 3784 quasi

2041 3791 2243 3848 nolenti
2276 3801 2681 3861 extorquentur,
2709 3794 2922 3850 fundari
2963 3807 3019 3851 et
3058 3799 3304 3854 roborari
3352 3817 3381 3856 a
3413 3804 3546 3872 Deo,
3572 3815 3634 3860 ut

2043 3883 2096 3936 iu
2135 3883 2239 3938 hac
2270 3898 2328 3938 re
2376 3883 2577 3937 nullam
2621 3883 2990 3942 inﬁrmitatem
3026 3889 3283 3958 patiatur,
3329 3893 3508 3949 sciens
3548 3895 3634 3950 di-

2041 3985 2188 4030 ctum
2215 3990 2246 4029 a
2291 3973 2610 4029 Salomone:
2655 3975 2794 4030 Dum
2826 3978 2984 4033 habes
3023 3981 3372 4050 occasionem,
3419 3985 3632 4054 benefac

2044 4063 2227 4138 (Prov.
2253 4066 2368 4136 in);
2392 4067 2486 4122 sed
2510 4067 2920 4124 hocmultifarie
2941 4071 3348 4144 intelligendum
3363 4086 3466 4143 est,
3492 4081 3632 4135 mul-

2046 4156 2207 4224 tiplex
2226 4165 2309 4212 est
2335 4160 2480 4211 enim
2500 4159 2874 4215 misericordia
2891 4161 2989 4216 sub
3009 4178 3115 4217 uno
3135 4166 3416 4222 vocabulo.
3440 4167 3572 4223 Nam
3586 4173 3634 4227 si

2043 4260 2204 4314 supra
2238 4245 2407 4300 dixit:
2459 4245 2562 4310 Qui
2599 4246 2825 4318 largitur
2859 4249 2915 4303 in
2943 4249 3296 4321 simplicitate,
3348 4257 3479 4325 quid
3516 4269 3637 4315 erat

2046 4351 2179 4404 opus
2211 4337 2427 4402 iterare,
2481 4337 2587 4391 nisi
2619 4338 2745 4406 quia
2785 4338 2884 4393 sub
2907 4355 3016 4394 uno
3044 4341 3430 4401 misericordia:
3455 4349 3634 4404 nomi-

2047 4447 2113 4484 ne
2149 4429 2311 4483 multa
2347 4431 2487 4485 bona
2534 4445 2701 4500 opera
2740 4431 3060 4502 significavit
3104 4434 3128 4486 ‘i
3158 4438 3512 4506 peccantibus
3557 4450 3639 4496 et-

359 4537 435 4592 cit
465 4536 705 4606 adjuvari
750 4535 1027 4591 doctorem
1058 4534 1112 4588 in
1157 4534 1435 4600 doctrina;
1490 4543 1550 4588 ut
1587 4533 1641 4588 in
1679 4543 1939 4603 quantum
1976 4501 2020 4559 D
2047 4525 2189 4578 enim
2237 4525 2515 4597 ignoscere
2555 4527 2928 4583 misericordia
2985 4539 3093 4596 est,
3133 4532 3270 4588 etin
3313 4537 3640 4592 necessitate

362 4628 496 4684 ﬁdes
527 4629 642 4700 ejus
691 4637 775 4684 est
820 4627 888 4682 ad
936 4627 1257 4691 docendum,
1315 4627 1369 4681 in
1405 4636 1611 4682 tantum
1651 4626 1944 4698 inspiretur
2044 4617 2220 4687 aliqua
2238 4619 2415 4689 posito
2435 4619 2516 4674 vel
2535 4635 2789 4691 oppresso
2803 4636 2959 4692 opem
2981 4621 3124 4679 ferre
3143 4626 3511 4684 misericordia
3533 4638 3638 4688 est.

362 4721 430 4777 ad
468 4719 782 4776 tradendam
814 4719 1152 4790 disciplinam
1187 4720 1484 4776 caelestem.
1510 4718 1629 4775 Sive
1649 4721 1739 4791 qui
1761 4721 1948 4774 exhor-
2046 4707 2168 4764 Ideo
2195 4710 2237 4764 si
2266 4710 2379 4766 haec
2417 4711 2646 4783 impigre
2691 4723 2746 4769 et
2781 4715 2898 4770 sine
2948 4717 3106 4772 taedio
3143 4717 3308 4774 fuerit
3347 4731 3633 4791 operatum

364 4822 509 4865 tatur
530 4813 585 4866 iu
609 4811 952 4865 exhortando.
979 4809 1176 4883 (θήρ.)
1199 4810 1494 4868 Possumus
1529 4811 1645 4866 haec
1671 4811 1852 4866 omnia
1878 4811 1942 4866 ad

2047 4798 2262 4854 habebit
2292 4801 2451 4870 hujus
2480 4808 2660 4873 operis
2688 4811 2744 4857 et
2767 4804 2823 4858 in
2847 4805 3101 4883 praesenti
3131 4808 3260 4862 etin
3294 4809 3477 4864 futuro
3503 4827 3642 4866 mer-

367 4901 510 4956 illam
537 4901 770 4971 regulam
789 4916 1040 4956 revocare
1053 4917 1172 4971 qua:
1191 4901 1438 4971 superius
1460 4901 1582 4956 data
1599 4910 1704 4979 est,
1721 4903 1824 4957 hoc
1836 4912 1943 4967 est,

365 5008 468 5045 non
489 4991 606 5060 plus
646 5007 826 5061 sapere
853 5007 1011 5062 quam
1051 5000 1248 5061 oportet
1280 5007 1478 5061 sapere,
1514 5000 1571 5045 ut
1602 4993 1753 5048 verbi
1780 5007 1943 5047 causa

366 5083 632 5148 dicamus,
658 5098 760 5136 non
784 5083 978 5138 debere
998 5098 1120 5138 cum
1142 5083 1232 5154 qui
1257 5083 1550 5148 ministrat,
1568 5084 1620 5138 in
1637 5085 1949 5140 ministran-

367 5174 437 5228 do
470 5175 590 5244 plus
625 5190 815 5246 sapere
865 5191 1024 5244 quam
1062 5182 1273 5245 oportet
1301 5189 1523 5246 sapere;
1555 5185 1612 5232 et
1648 5179 1738 5248 qui
1769 5180 1948 5245 docet,

368 5263 420 5317 in
455 5264 694 5319 doctrina
731 5280 836 5320 non
870 5265 989 5335 plus
1028 5279 1218 5337 sapere
1271 5281 1431 5336 quam
1465 5275 1677 5338 oportet
1732 5283 1953 5339 sapere;

367 5365 422 5409 et
471 5355 560 5424 qui
595 5356 931 5426 exhortatur,
971 5357 1022 5410 in
1058 5359 1434 5414 exhortatione
1463 5374 1568 5414 non
1594 5360 1714 5430 plus
1761 5377 1951 5431 sapere

369 5463 529 5516 quam
555 5457 769 5517 oportet
797 5464 1005 5518 sapere.
1033 5448 1178 5504 Multi
1211 5450 1353 5505 etiim
1379 5460 1599 5521 accepto
1624 5452 1949 5517 ministerio,

371 5536 452 5590 vel
489 5548 705 5607 accepta
756 5539 999 5594 doctrina
1029 5541 1147 5609 plus
1181 5552 1474 5612 sapucrunt
1504 5558 1666 5612 quam
1713 5547 1954 5615 oportuit

372 5643 582 5695 sapere,
618 5638 672 5684 et
697 5629 820 5684 elati
845 5631 896 5683 in
926 5633 1286 5700 arrogmtiam
1351 5633 1434 5687 vel
1470 5633 1523 5687 in
1554 5623 1774 5690 delicias
1807 5651 1955 5691 reso—

373 5718 490 5783 Iuli,
519 5721 820 5790 prmcipites
842 5731 1180 5777 corruerunt.
1199 5722 1516 5778 Exhortatio
1531 5731 1614 5779 est
1633 5725 1843 5794 species
1859 5726 1953 5780 do-

2049 4894 2252 4949 cedem.
2307 4894 2496 4951 Omnis
2548 4911 2676 4967 ergo
2722 4899 3093 4955 misericordia
3129 4909 3185 4956 et
3220 4901 3539 4972 simpliciter
3587 4915 3641 4960 ct

2007 5001 2010 5003 ‘
2045 5003 2168 5048 cum
2194 4989 2387 5065 gaudio
2416 4989 2530 5044 ﬁeri
2559 4991 2738 5056 debet,
2767 5001 2826 5045 ut
2846 4993 3163 5065 simplicitas
3190 4994 3437 5050 excludat
3473 4998 3639 5068 hypo-

2048 5077 2234 5142 crisin,
2274 5079 2522 5148 gaudium
2573 5094 2700 5134 vero
2752 5079 2948 5134 fretum
2991 5080 3186 5136 futura:
3237 5085 3348 5154 spei
3416 5094 3641 5141 testatur

2051 5185 2300 5226 examen.
2344 5169 2542 5243 (Orig.)
2582 5171 2739 5226 Aliud
2762 5178 2845 5226 est
2888 5173 3032 5228 enim
3077 5174 3210 5229 dare
3255 5175 3534 5248 indigenti,
3584 5189 3640 5233 ct

2057 5263 2200 5318 aliud
2227 5272 2310 5318 est
2331 5264 2527 5319 affectu
2562 5265 2945 5322 misericordia:
2979 5283 3102 5324 cum
3127 5269 3398 5342 indigente
3425 5275 3638 5342 partiri,

2056 5363 2113 5410 et
2145 5358 2265 5412 ideo
2300 5372 2406 5412 non
2437 5356 2550 5411 vult
2585 5357 2639 5412 in
2674 5357 2768 5414 tali
2816 5375 2981 5429 opere
3023 5376 3145 5417 esse
3196 5363 3498 5432 tristitiam;
3547 5369 3638 5438 qui

2057 5448 2200 5505 enim
2230 5455 2416 5519 erogat
2443 5447 2724 5518 pecuniam
2758 5463 2931 5516 suam,
2965 5450 3014 5504 si
3046 5450 3277 5506 inﬁdelis
3300 5454 3390 5519 sit,
3419 5465 3474 5510 et
3497 5473 3635 5512 recr-

2058 5553 2276 5612 plurum
2325 5557 2385 5598 se
2428 5541 2698 5612 desperet,
2740 5543 3050 5599 necessario
3087 5553 3341 5615 tanquam
3377 5551 3468 5618 qui
3515 5568 3637 5606 eam

2059 5631 2354 5703 perdiderit
2393 5631 2744 5687 contristatur
2785 5636 2922 5704 :qui
2962 5650 3090 5691 vero
3133 5652 3256 5691 cum
3300 5639 3404 5694 lide
3449 5649 3505 5695 et
3546 5659 3640 5711 spe

2063 5724 2173 5778 haec
2213 5723 2341 5791 agit,
2379 5723 2431 5776 in
2463 5721 2730 5779 hilaritate
2761 5734 2816 5780 et
2868 5725 3050 5784 lictitia
3087 5727 3219 5796 agit,
3271 5739 3452 5785 certus
3495 5732 3638 5800 quod
