4026 6180
491 352 633 411 liiSl

1129 347 1192 403 B.
1237 347 1490 404 RABANI
1531 347 1748 404 MAle
1786 343 2102 402 ARCHIEP.
2142 340 2449 404 MOGUNT.
2492 347 2776 406 OPERUM
2816 349 2996 408 PARS
3030 351 3118 408 ΙΙΙ.

3647 353 3670 411 1
3679 353 3792 413 552

487 483 655 541 parva
680 468 814 533 lucc,
847 480 967 536 qua:
994 479 1090 535 pro
1135 464 1387 518 mandato
1411 463 1502 518 Dei
1528 463 1804 533 expendit,
1839 463 2085 533 ingentes
2113 467 2162 526 Α
2190 472 2342 518 calor
2356 472 2440 518 est
2460 463 2628 519 frater
2655 475 2797 530 tuus,
2821 467 2941 521 ideo
2967 483 3090 522 eum
3114 483 3219 520 non
3249 475 3402 536 putas
3424 467 3794 539 diligendum,

492 561 598 616 sibi
639 573 771 628 opes
803 556 1100 612 ctelcstium
1132 555 1461 619 divitiarum,
1504 554 1726 624 insuper
1749 562 1803 609 et
1830 563 2091 608 aeternam

487 650 770 705 conferant
791 647 977 701 vitam.
1036 645 1254 699 Dilectio
1275 647 1387 699 sine
1411 645 1766 699 simulatione.
1833 644 1943 714 Ego
1963 653 2092 714 puto

485 741 628 810 quod
653 738 831 794 omnis
871 737 1130 802 charitas,
1177 752 1297 806 qua:
1319 745 1530 792 nonest
1555 737 1852 792 secundum
1895 737 2090 803 Deum,

485 829 738 886 simulata
769 827 839 884 sit
865 835 920 883 et
951 841 1079 883 vera
1118 842 1223 882 non
1261 829 1368 882 sit:
1403 828 1602 882 etenim
1634 835 1848 882 creator
1899 827 2093 882 animae

486 922 646 987 Deus,
708 917 910 974 idcirco
937 917 986 972 ei
1019 932 1141 972 eum
1188 917 1401 972 creteris
1427 917 1714 972 virtutibus
1761 918 1924 971 etiam
1961 915 2090 971 aﬂ‘e-

489 1020 638 1064 ctum
708 1009 997 1064 charitatis
1055 1008 1308 1074 inseruit,
1357 1017 1414 1062 ut
1469 1007 1659 1078 diligat
1703 1007 1894 1072 Deum,
1946 1015 2000 1061 et
2022 1021 2086 1061 ea

486 1117 609 1171 qua:
631 1101 742 1155 vult
767 1101 929 1156 Deus.
967 1100 1101 1154 Cum
1128 1114 1258 1169 ergo
1287 1099 1389 1153 hoc
1412 1113 1546 1166 opus
1569 1099 1620 1152 in
1649 1098 1827 1152 anima
1855 1097 2086 1162 dederit,

487 1195 752 1250 charitate
788 1193 1094 1262 quicunque
1132 1189 1278 1245 aliud
1317 1191 1566 1246 dilexerit
1606 1205 1766 1260 quam
1816 1189 1985 1243 Deum
2033 1198 2090 1244 et

489 1302 610 1357 quae
639 1287 752 1342 Deo
792 1285 1026 1356 placent,
1069 1283 1306 1338 charitas
1351 1283 1404 1337 in
1443 1297 1510 1338 eo
1558 1281 1682 1337 ﬁcta
1725 1291 1779 1336 et
1832 1280 2112 1341 simulatv

491 1378 724 1432 dicenda
753 1385 866 1440 est;
915 1375 1007 1430 sed
1037 1383 1092 1429 et
1116 1374 1160 1428 si
1193 1373 1316 1442 quis
1345 1373 1648 1444 proximum
1681 1387 1837 1427 suum
1877 1371 2080 1440 diligat,

2197 552 2321 607 audi
2349 554 2474 624 quia
2509 553 2758 610 Christus
2785 555 2944 612 Jesus
2970 558 3024 612 in
3055 559 3202 612 hunc
3237 558 3496 614 mundum
3539 571 3798 629 peceato-

2193 657 2284 698 res
2313 643 2489 699 salvos
2517 644 2699 701 facere
2726 647 2874 700 venit
2901 647 2952 718 (1
2985 646 3118 701 Tim.
3147 647 3284 718 l);Si
3316 663 3444 701 vero
3467 649 3658 718 justus
3689 661 3797 716 est,

2191 735 2364 789 multo
2401 737 2574 808 magis
2611 737 2898 793 dilectione
2937 739 3131 809 dignus
3170 747 3298 794 est:
3337 737 3598 794 Dominus
3652 743 3799 795 enim

2191 824 2360 895 diligit
2386 825 2561 896 justas
2593 825 2765 898 (Psal.
2798 831 2978 898 ωειλ).

2265 915 2480 970 lIonore
2504 918 2724 972 invicem
2753 920 3144 988 pra'venicntes.
3174 920 3291 974 Hoc
3319 930 3406 976 est
3427 921 3573 989 quod
3605 931 3665 974 et
3693 922 3799 976 Do-

2187 1005 2368 1060 minus
2403 1007 2608 1072 docuit,
2639 1023 2763 1062 cum
2792 1017 3008 1063 notaret
3030 1010 3237 1064 scribas
3264 1018 3319 1064 et
3347 1009 3664 1064 Pharisaaos
3689 1011 3800 1080 pri-

2188 1111 2276 1149 ma
2291 1096 2390 1150 sibi
2411 1097 2526 1152 loca
2545 1099 2596 1152 in
2612 1099 2874 1154 conviviis
2887 1100 3240 1164 vindicantes,
3261 1109 3316 1156 et
3329 1103 3575 1164 doceret,
3593 1111 3658 1154 ut
3672 1117 3796 1155 cum

2185 1195 2410 1240 vocatus
2435 1187 2604 1242 fueris
2644 1197 2699 1242 tu
2723 1189 2790 1243 ad
2819 1203 3054 1254 coenam,
3109 1190 3160 1244 in
3203 1191 3500 1244 novissimo
3551 1189 3681 1242 loco
3707 1204 3797 1242 re-

2185 1276 2407 1332 cumbas
2439 1277 2591 1349 (Luc.
2619 1280 2750 1352 xw).
2803 1279 3168 1336 Sollicitudine
3215 1299 3316 1336 non
3361 1283 3518 1352 pigri.
3557 1282 3798 1353 (Ambr.)

2183 1369 2296 1426 lloe
2317 1379 2426 1435 est,
2451 1371 2593 1442 quod
2609 1371 2739 1426 dicit
2753 1373 3014 1441 propheta
3028 1371 3313 1436 Jeremias,
3331 1374 3456 1441 quia
3475 1372 3799 1426 iualedictss

490 1473 696 1518 etcum
722 1473 994 1517 errantem
1039 1477 1160 1516 eum
1193 1462 1388 1516 viderit
1417 1477 1523 1516 non
1557 1469 1921 1524 commoneat,
1976 1475 2082 1514 non
2179 1466 2270 1536 qui
2297 1465 2425 1535 facit
2451 1479 2606 1534 opera
2637 1462 2847 1516 Domini
2870 1461 3192 1532 negligenter
3219 1463 3355 1533 (λετ.
3388 1463 3619 1530 xum);
3647 1463 3802 1532 piger

489 1553 752 1624 corrigat,
796 1552 1047 1608 simulata
1069 1551 1308 1607 cbaritas
1339 1553 1439 1606 ista
1475 1552 1702 1606 dicenda
1729 1559 1850 1606 est:
1881 1559 1938 1605 et
1963 1550 2083 1605 ideo
2181 1557 2392 1613 cnimin
2413 1554 2824 1610 conversatione
2851 1553 3030 1607 divina
3054 1554 3172 1608 sine
3210 1569 3306 1624 spe
3337 1565 3449 1619 est;
3485 1553 3612 1607 ideo
3625 1551 3802 1618 sultje.

491 1659 624 1713 nihil
676 1659 881 1713 habere
936 1657 1316 1722 adulatorium,
1373 1655 1506 1710 nihil
1556 1654 1796 1710 fucatum
1844 1655 2082 1712 charitas
2177 1643 3464 1718 ciuspiritufervema.lloccshutinexercitio
3484 1644 3802 1712 diviniore-

490 1751 668 1815 debet,
715 1750 855 1806 sicut
875 1759 929 1805 et
949 1749 1073 1804 alibi
1104 1751 1243 1804 idem
1273 1747 1559 1820 Apostolus
1586 1747 1715 1803 dicit
1745 1746 1794 1819 (ι
1830 1746 1962 1800 Tim.
1993 1748 2032 1819 ι)
2059 1763 2074 1800 :
2106 1813 2148 1820 _
2179 1738 2262 1794 ris
2287 1745 2380 1792 aut
2404 1736 2538 1808 legis
2564 1751 2669 1790 non
2701 1736 2774 1790 sit
2797 1735 3028 1805 tepidus,
3055 1735 3197 1790 sicut
3225 1735 3356 1789 dicit
3381 1735 3434 1788 in
3456 1734 3799 1804 Apocalypsi

491 1839 736 1896 Charitas
761 1840 825 1896 de
851 1842 1006 1896 corde
1035 1859 1165 1912 puro
1191 1852 1237 1894 et
1263 1813 1577 1894 conscientia
1609 1840 1743 1894 bona
1768 1850 1816 1894 et
1842 1839 1946 1908 ﬁde
1976 1857 2080 1894 non
2106 1813 2153 1872 Β
2184 1825 2427 1892 Joannis,
2469 1825 2718 1898 ίιιιοηίαηι
2762 1825 2966 1894 “PM”
2999 1841 3074 1891 es:
3124 1825 3320 1894 inquit:
3350 1839 3587 1876 "0mm"
3639 1834 3694 1876 ιε
3736 1839 3804 1875 ⁸³

489 1933 634 2000 ﬁcta.
684 1932 912 2003 (Ambr.)
955 1931 1092 1985 lluic
1120 1932 1266 1986 enim
1289 1932 1456 1986 menti
1485 1944 1606 2001 qua:
1641 1931 1742 1986 hoc
1774 1931 2085 1996 meditatur,

492 2034 550 2078 ut
573 2024 694 2078 ideo
721 2023 908 2093 diligat
933 2021 1174 2086 fratrem,
1208 2022 1334 2092 quia
1375 2021 1479 2076 scit
1506 2021 1608 2076 hoc
1631 2021 1847 2091 placere
1878 2023 2084 2077 auctori

489 2112 624 2178 Deo,
651 2127 750 2168 nec
781 2111 1082 2167 adulatione
1103 2111 1384 2183 praesentis
1398 2111 1521 2166 vita:
1542 2113 1645 2167 hoc
1671 2120 1814 2182 agat,
1839 2112 2088 2167 subvenit

490 2202 746 2273 Spiritus,
766 2203 966 2273 utquia
987 2203 1088 2256 hoc
1108 2201 1298 2256 devota
1324 2209 1505 2256 mente
1545 2203 1759 2270 quierit,
1808 2201 2086 2271 obsequiis

488 2294 664 2364 possit
709 2292 964 2364 implere;
997 2291 1222 2346 audiunt
1243 2291 1386 2346 enim
1402 2291 1602 2346 dictum
1619 2290 1919 2346 aDomino:
1943 2289 2088 2344 Prte-

491 2395 692 2455 ceptum
711 2399 894 2439 novum
908 2381 975 2436 do
993 2382 1133 2436 vobis
1151 2391 1206 2436 ut
1221 2379 1452 2448 diligatis
1475 2382 1688 2436 invicem
1705 2381 1730 2434 ?
1745 2379 1798 2453 (.1
1803 2397 1925 2435 oan.
1943 2395 2086 2466 xm.)

583 2473 831 2529 0dientes
897 2475 1095 2528 malum
1125 2513 1142 2539 ,
1201 2473 1527 2527 adltwrentes
1585 2473 1739 2527 bono.
1805 2473 1922 2528 Non
1971 2488 2087 2527 ma-

492 2582 658 2638 gnum
695 2565 828 2621 dicit
875 2565 1084 2620 evitare
1141 2563 1342 2620 malum
1390 2563 1492 2618 nisi
1536 2563 1880 2620 adlimreatur
1912 2565 2082 2630 bono;

493 2656 626 2710 illud
677 2655 821 2710 enim
869 2655 935 2710 de
975 2655 1168 2710 timore
1223 2654 1300 2720 lit,
1381 2653 1483 2709 hoc
1534 2654 1601 2710 de
1648 2670 1852 2710 amore.
1889 2652 2085 2726 (Orig)

493 2747 688 2801 Mirum
723 2746 952 2800 fortasse
981 2745 1050 2800 sit
1074 2743 1215 2815 quod
1248 2744 1390 2800 inter
1423 2754 1620 2801 caetera
1655 2745 1794 2800 bona
1825 2746 2084 2801 virtutum

495 2838 789 2894 assumitur
839 2837 997 2893 etiam
1044 2837 1247 2901 odium,
1306 2845 1361 2892 et
1418 2846 1672 2906 tanquam
1724 2837 2085 2892 necessarium

493 2929 562 2984 ab
608 2926 863 2997 Apostolo
896 2926 1156 2997 ponitur:
1199 2926 1340 2981 unde
1369 2934 1576 2982 certum
1611 2937 1693 2982 est
1739 2927 1915 2982 inesse
1966 2927 2086 2980 ani-

494 3031 596 3072 ma?
635 3017 744 3072 odii
790 3015 1072 3083 affectum;
1106 3026 1188 3072 est
1213 3016 1358 3072 enim
1395 3015 1662 3072 laudabile
1709 3017 1890 3072 odisse
1931 3016 2085 3084 vitia,

494 3108 674 3163 odisse
703 3116 944 3178 peccata.
973 3105 1084 3162 Nisi
1113 3107 1254 3162 enim
1283 3109 1404 3178 quis
1435 3109 1558 3164 odio
1580 3109 1777 3164 habeat
1803 3109 1952 3174 vitia,
1979 3124 2084 3162 non

494 3205 672 3268 potest
694 3211 878 3253 amare
907 3211 1008 3254 nec
1033 3213 1359 3254 conservare
1396 3199 1646 3266 virtutes,
1685 3201 1834 3255 verbi
1873 3199 2042 3271 gratia
2068 3213 2082 3252 :

496 3289 540 3343 si
591 3288 712 3358 quis
761 3289 1071 3358 pudicitiam
1101 3290 1388 3346 .custodire
1439 3298 1720 3360 proponat,
1769 3305 1874 3344 non
1915 3298 2091 3359 potest

497 3395 616 3443 eam
659 3387 774 3432 tuto
811 3393 1028 3433 servare
1066 3378 1169 3433 nisi
1217 3378 1400 3434 odium
1430 3379 1701 3448 quoddam
1731 3388 1784 3433 et
1817 3380 2088 3432 exercita-

500 3471 702 3524 tionem
743 3467 1218 3540 [exsecrationem]
1253 3468 1538 3523 adversum
1567 3467 1958 3538 impudicitiam
1993 3483 2086 3522 su-

465 3575 470 3578 ·
500 3570 651 3626 mat;
691 3559 920 3616 difﬁcilis
954 3559 1097 3614 enim
1129 3569 1183 3614 et
1209 3558 1362 3614 valde
1391 3558 1620 3615 diﬂicilis
1665 3567 1749 3615 est
1779 3558 1868 3614 illa
1912 3561 2087 3614 conti-

463 3651 706 3716 'nentia,
759 3650 846 3704 ubi
878 3649 1218 3705 desideratur
1268 3650 1396 3704 illud
1447 3665 1476 3703 a
1506 3665 1614 3720 quo
1657 3649 1982 3716 abstinetur,
2033 3659 2090 3704 et

501 3741 766 3813 cupiditas
796 3740 961 3794 animi
994 3739 1110 3794 solo
1151 3748 1294 3794 metu
1334 3739 1498 3794 futuri
1526 3738 1713 3808 iudicii
1763 3739 2084 3796 refrenatur.

500 3831 808 3888 Periculosa
839 3831 952 3886 haec
979 3838 1033 3884 et
1057 3829 1208 3884 valde
1240 3829 1544 3900 periculosa
1587 3838 1736 3896 sunt,
1767 3830 1871 3886 nisi
1895 3845 2091 3885 secun-

503 3926 630 3982 dum
666 3923 949 3979 consilium
978 3922 1218 3994 Apostoli
1249 3922 1494 3978 odientes
1535 3923 1699 3990 mala,
1728 3933 1784 3979 et
1822 3924 2086 3994 impacata

502 4014 900 4087 quodammodo
929 4013 1210 4069 adversum
1239 4029 1302 4067 ea
1315 4015 1564 4069 odiorum
1591 4015 1727 4069 bella
1746 4026 2086 4088 peragentes,

504 4105 876 4159 adlnereamus
900 4103 1074 4168 bono;
1106 4103 1503 4159 observandum
1525 4105 1686 4158 etiam
1704 4105 1805 4159 hoe
1821 4105 1963 4175 quod
1987 4106 2092 4160 sic-

505 4207 564 4251 ut
595 4197 647 4255 in
683 4195 804 4250 aliis
828 4194 959 4250 dicit
989 4212 1002 4248 :
1033 4193 1137 4260 Qui
1167 4194 1396 4248 adliceret
1429 4195 1679 4260 Domino,
1714 4212 1848 4248 unus
1875 4196 2090 4265 spiritus

505 4297 580 4341 est
625 4285 676 4358 (I
705 4284 830 4340 Cor.
870 4285 968 4358 γι),
998 4285 1072 4339 ita
1109 4292 1165 4340 et
1204 4285 1292 4340 hic
1320 4285 1472 4351 dicit,
1515 4285 1883 4341 adhaereamus
1927 4286 2088 4351 bono,

507 4377 624 4432 sine
647 4376 808 4432 dubio
837 4383 897 4430 ut
924 4375 1200 4446 contingat
1235 4375 1391 4431 nobis
1418 4391 1584 4430 unum
1614 4391 1731 4432 esse
1759 4392 1880 4432 cum
1927 4377 2086 4432 bono.

507 4467 830 4522 Charitatem
899 4467 1245 4538 fraternitatis
1321 4468 1538 4521 inv‘cem
1619 4465 1910 4538 diligentes.
1977 4467 2091 4523 Hoc
2118 4496 2169 4555 D

509 4557 818 4612 mandatum
859 4567 918 4614 ut
938 4559 1224 4630 diligamus
1258 4558 1512 4624 invicem,
1541 4557 1679 4613 sicut
1711 4565 1778 4613 et‘
1809 4557 1952 4613 Deus
2004 4558 2090 4612 di-

447 4673 452 4678 α
511 4649 640 4701 lesit
692 4661 810 4712 nos,
856 4662 978 4702 cum
1013 4648 1083 4702 sit
1109 4647 1342 4718 primum
1387 4657 1507 4719 post
1542 4648 1776 4717 primum
1831 4648 2089 4720 (primum

451 4766 456 4778 -
511 4751 742 4807 namque
770 4745 853 4792 est
887 4736 1107 4806 diligere
1126 4738 1314 4804 Deum,
1355 4747 1411 4792 et
1435 4739 1576 4794 inter
1617 4739 1860 4794 homines
1896 4739 2092 4794 iterum

509 4829 612 4883 hoc
652 4827 883 4897 primum
909 4835 1012 4894 est,
1039 4837 1096 4882 ut
1123 4829 1350 4884 invicem
1388 4829 1710 4902 diligamus),
1749 4829 1931 4886 nescio
1963 4845 2097 4899 quo-
2138 4859 2144 4866 -

509 4923 670 4976 modo
693 4921 847 4990 quasi
873 4920 1120 4975 ultimum
1146 4929 1200 4978 et
1228 4923 1406 4978 minus
1433 4922 1799 4978 necessarium
1826 4923 1967 4977 inter
1991 4923 2090 4977 ho-

509 5014 684 5068 mines
711 5014 1004 5084 spernitur,
1035 5013 1296 5069 etodium
1333 5014 1476 5084 quod
1523 5014 1676 5069 nobis
1715 5013 1935 5069 insitum
1974 5028 2094 5068 esse

510 5106 763 5170 diximus,
791 5106 858 5160 ad
885 5107 986 5161 hoc
1013 5114 1070 5161 ut
1101 5105 1238 5160 mala
1265 5106 1389 5161 odio
1419 5105 1733 5168 habeamus,
1764 5113 2094 5176 praepostero

510 5197 701 5252 ordine
726 5211 1044 5252 exercemus
1069 5197 1122 5250 in
1140 5197 1313 5262 bonis,
1341 5205 1396 5252 et
1421 5197 1547 5250 vitia
1578 5197 1760 5251 carnis
1785 5211 1848 5251 ac
1869 5205 2096 5266 peccata

511 5287 815 5355 diligentes,
857 5286 1052 5342 fratres
1073 5287 1196 5342 odio
1241 5286 1521 5342 habemus.
1549 5284 1659 5341 Nec
1699 5286 1855 5341 aliter
1898 5285 2096 5341 accidit

513 5377 691 5432 odisse
744 5390 859 5441 nos,
909 5391 1030 5446 quae
1066 5389 1172 5430 non
1217 5383 1449 5446 oportet,
1503 5376 1607 5431 nisi
1639 5376 1765 5446 quia
1793 5375 2091 5446 diligimus,

514 5477 634 5535 qua!
679 5482 786 5522 non
818 5474 1048 5536 oportet.
1098 5466 1319 5522 Fratres
1369 5479 1499 5536 ergo
1535 5465 1790 5534 iubemur
1830 5465 2094 5538 diligere,

518 5570 621 5610 non
643 5557 890 5628 judicare
919 5572 934 5610 :
969 5558 1011 5612 si
1042 5559 1185 5612 enim
1225 5566 1384 5629 putas
1411 5557 1642 5628 aliquem
1675 5557 1899 5628 impium
1950 5572 2093 5624 esse,

519 5655 573 5698 et
610 5647 732 5705 ideo
772 5662 895 5706 eum
941 5663 1047 5700 non
1093 5646 1303 5716 judicas
1351 5646 1676 5717 diligendum
1711 5688 1724 5712 ,
1786 5646 1909 5702 audi
1956 5647 2098 5716 quod

527 5756 542 5786 ‹
569 5737 811 5792 Christus
842 5755 938 5810 pro
969 5740 1144 5808 impiis
1175 5749 1418 5795 mortuus
1452 5747 1552 5795 cst.
1579 5759 1597 5792 ι
1627 5739 1730 5795 Aut
1760 5741 1804 5808 si
1825 5741 1948 5810 quia
1967 5754 2096 5810 pec-

2187 1933 2276 1972 ore
2305 1934 2418 1972 meo
2449 1917 2631 1989 (Apoc.
2653 1919 2768 1986 ιιι).
2803 1915 3125 1984 Quotidiana
3157 1917 3301 1970 enim
3337 1915 3628 1969 meditatio
3663 1915 3803 1968 tollit

2187 2018 2460 2079 stuporem
2473 2014 2528 2061 et
2551 2021 2821 2076 soporem,
2839 2013 2892 2060 et
2907 2005 3033 2060 facit
3047 2007 3376 2077 vigilantem.
3399 2005 3583 2074 Opera
3605 2017 3800 2059 autem

2189 2097 2401 2153 Domini
2427 2105 2554 2152 sunt
2587 2113 2708 2169 qua:
2738 2097 2959 2152 mandat
2985 2097 3100 2152 fieri
3131 2114 3230 2168 pro
3254 2098 3486 2152 utilitate
3509 2098 3798 2160 Ecclesim,

2188 2191 2241 2246 id
2266 2200 2348 2245 est
2369 2190 2615 2246 fratrum.
2647 2189 2844 2262 (θήρ.)
2882 2189 3012 2245 Vult
3042 2189 3213 2253 enim,
3239 2198 3298 2242 ut
3317 2204 3414 2242 nos
3439 2189 3533 2258 qui
3556 2191 3667 2243 sub
3681 2189 3801 2260 lege

2187 2282 2422 2352 Spiritus
2446 2282 2697 2346 vivimus,
2745 2281 2881 2336 nihil
2916 2281 3225 2344 remissum,
3253 2280 3384 2334 nihil
3417 2280 3664 2350 tepidum
3703 2281 3801 2334 ba-

2185 2372 2409 2428 beamus
2439 2373 2492 2426 in
2516 2372 2697 2434 nobis,
2719 2372 2814 2426 sed
2843 2386 2964 2426 cum
2996 2371 3210 2426 fervore
3235 2370 3499 2440 Spiritus,
3527 2381 3585 2425 et
3609 2371 3802 2428 calore

2187 2464 2310 2519 ﬁdei
2356 2475 2550 2519 cuncta
2583 2479 2928 2535 peragamus.
2975 2462 3198 2516 Domino
3220 2463 3518 2516 servientes.
3557 2463 3656 2518 ille
3686 2463 3798 2518 Do-

2187 2557 2335 2611 mino
2363 2555 2550 2620 servit,
2592 2555 2683 2626 qui
2727 2562 2904 2624 potest
2932 2555 3130 2618 dicere,
3163 2554 3307 2606 nobis
3347 2569 3483 2606 unus
3531 2552 3796 2607 Dominus

2185 2649 2342 2704 Jesus
2383 2649 2652 2715 Christus,
2695 2665 2790 2719 per
2835 2664 2985 2718 quem
3025 2649 3202 2701 omnia
3250 2657 3297 2700 et
3344 2664 3437 2700 nos
3477 2664 3576 2717 per
3617 2649 3796 2717 ipsum

2189 2739 2238 2810 (Ι
2273 2738 2396 2795 Cor.
2439 2738 2559 2810 vm)
2585 2779 2600 2803 ,
2649 2753 2748 2793 nec
2795 2739 2937 2792 ultra
2971 2737 3022 2790 ei
3062 2745 3155 2790 aut
3208 2736 3394 2799 lilzielo,
3428 2747 3521 2789 aut
3558 2737 3794 2790 avaritia

2188 2841 2281 2886 aut
2329 2832 2507 2886 inanis
2545 2830 2714 2902 gloria
2767 2828 3093 2883 dominatur.
3138 2825 3447 2882 Notandum
3492 2828 3638 2895 quod
3685 2827 3792 2882 alia

2187 2922 2354 2977 editio
2392 2923 2576 2986 habet,
2610 2921 2826 2990 tempori
2871 2921 3190 2983 servientes;
3236 2917 3468 2988 (Ambr.)
3511 2932 3639 2971 nam
3670 2931 3790 2970 ser-

2188 3013 2302 3068 vire
2345 3012 2570 3083 tempori
2609 3011 2737 3080 quid
2777 3011 2848 3065 sit
2876 3010 3001 3064 alibi
3031 3009 3210 3074 solvit,
3247 3023 3376 3062 cum
3404 3008 3536 3062 dicit
3563 3005 3788 3075 (Ephes.

2189 3103 2276 3174 v):
2329 3103 2657 3158 Redimentes
2687 3113 2886 3172 tempus
2917 3101 3163 3172 quoniam
3205 3100 3316 3153 dies
3359 3098 3488 3152 mali
3539 3108 3687 3161 sant,
3733 3106 3789 3150 ιιι

2191 3198 2370 3252 sciatis
2423 3194 2863 3266 quemadmodum
2903 3193 3180 3262 unicuique
3213 3191 3590 3260 respondeatis.
3639 3190 3787 3256 Quo-

2193 3289 2341 3342 niam
2374 3295 2553 3341 autem
2578 3285 2790 3340 dixerat
2822 3286 3007 3355 sp'ritu
3034 3284 3308 3353 ferventes,
3341 3297 3414 3336 ne
3447 3284 3552 3336 hoc
3588 3283 3670 3337 sic
3700 3297 3787 3335 ac-

2191 3378 2454 3448 ciperent,
2491 3383 2550 3430 ut
2574 3375 2776 3444 passim
2804 3383 2856 3430 et
2887 3376 3192 3446 importune
3217 3374 3385 3428 verba
3402 3374 3683 3444 religionis
3703 3374 3787 3426 in-

2191 3475 2444 3538 gererent
2466 3475 2706 3536 tempore
2737 3465 2972 3530 inimico,
3002 3481 3099 3536 per
3130 3466 3272 3534 quod
3303 3465 3443 3518 forte
3472 3464 3790 3519 scandalum

2191 3558 2525 3621 excitarent,
2575 3558 2758 3610 statim
2810 3555 3041 3624 subjecit
3092 3557 3312 3625 tempori
3359 3557 3682 3618 serrientes,
3731 3564 3790 3608 ut

2191 3648 2435 3702 modeste
2464 3655 2518 3700 et
2549 3657 2670 3700 cum
2705 3647 2986 3700 honestate
3021 3645 3160 3714 aptis
3187 3651 3240 3699 et
3271 3645 3402 3698 locis
3441 3654 3496 3698 et
3517 3645 3786 3714 personis,

2189 3745 2246 3790 ct
2283 3745 2408 3805 apto
2441 3745 2704 3805 tempore,
2734 3735 3006 3806 religionis
3045 3736 3204 3789 fidem
3246 3735 3636 3805 loquerentur:
3665 3743 3789 3789 sunt

2189 3827 2333 3882 enim
2363 3827 2584 3897 quidam
2618 3829 2785 3882 etiam
2805 3828 2906 3882 hoc
2929 3835 3170 3897 tempore
3196 3843 3306 3896 quo
3335 3843 3436 3897 pax
3463 3837 3575 3892 est,
3599 3829 3695 3903 qui
3713 3831 3789 3882 sic

2189 3917 2518 3986 perborrent
2560 3917 2725 3971 verba
2763 3916 2880 3980 Dei,
2927 3925 2986 3970 ut
3023 3917 3306 3970 audientes
3333 3932 3458 3970 cum
3485 3932 3685 3985 magna
3709 3919 3788 3971 ira

2191 4007 2568 4076 blasphement
2585 4006 2724 4060 viam
2757 4004 2980 4060 Christi.
3007 4004 3140 4058 Nam
3161 4015 3218 4060 et
3253 4005 3368 4076 ipse
3395 4008 3622 4060 servivit
3651 4018 3787 4062 tem-

2189 4099 2308 4167 pori
2339 4099 2558 4166 quando
2581 4097 2723 4167 quod
2763 4095 2931 4151 noluit
2957 4095 3106 4151 fecit.
3133 4095 3340 4150 Invitus
3369 4099 3516 4151 enim
3555 4101 3789 4156 circum-

2191 4187 2324 4240 cidit
2367 4187 2713 4242 Timotheum
2763 4187 2902 4260 (Act.
2936 4189 3072 4257 xvi),
3124 4195 3179 4242 et
3214 4203 3338 4242 raso
3365 4189 3550 4258 capite
3597 4191 3788 4260 puriﬁ-

2191 4287 2344 4334 catus
2382 4280 2675 4334 secundum
2706 4279 2879 4349 legem
2905 4280 3147 4334 ascendit
3183 4281 3440 4348 templum
3478 4283 3622 4352 (tot.
3674 4289 3788 4353 xxi)

2191 4377 2252 4423 ut
2298 4369 2605 4425 Iudaeorum
2656 4371 2857 4440 sopiret
2895 4371 3178 4424 insaniam.
3224 4369 3326 4440 Spe
3369 4371 3686 4440 gaudentes,
3737 4373 3791 4426 in

2194 4459 2532 4514 tribulatione
2573 4462 2846 4530 patientes.
2888 4462 3115 4515 orationi
3159 4463 3436 4518 instantes.
3491 4462 3792 4534 Postquam

2197 4554 2333 4610 dixit
2368 4556 2586 4625 tempori
2618 4556 2914 4619 servientes,
2961 4557 3174 4624 adjecit,
3203 4575 3296 4628 spe
3318 4577 3350 4624 g
3371 4560 3632 4625 .udentes,
3655 4573 3716 4616 ut
3745 4563 3786 4616 si

2199 4645 2338 4702 forte
2361 4657 2579 4716 propter
2605 4648 2942 4717 iniquitatem
2968 4651 3222 4719 temporis
3245 4667 3350 4705 non
3375 4653 3538 4707 liceat
3577 4654 3645 4708 de
3689 4655 3788 4707 ﬁde

2198 4738 2410 4808 publice
2436 4738 2600 4810 loqui,
2640 4740 2733 4794 sed
2763 4754 2884 4794 esse
2924 4741 2976 4794 in
3023 4749 3188 4805 metu,
3238 4757 3338 4813 Spe
3377 4746 3632 4814 gaudeat,
3660 4748 3790 4815 quia

2203 4830 2317 4882 haec
2345 4829 2566 4882 tristitia
2609 4829 2750 4898 parit
2778 4829 3036 4884 laetitiam.
3069 4831 3263 4902 (0rig.)
3311 4833 3420 4904 Spe
3451 4839 3652 4907 gaudet
3698 4839 3790 4906 qui

2203 4936 2308 4976 non
2362 4921 2586 4990 respicit
2633 4935 2697 4976 ea
2740 4938 2862 4992 qua:
2906 4921 3176 4989 videntur,
3228 4927 3323 4980 sed
3377 4943 3444 4982 ea
3491 4947 3618 5000 qua:
3683 4949 3788 4987 non

2193 5015 2447 5070 videntur
2495 5025 2794 5085 exspectat,
2827 5027 2882 5074 et
2931 5021 3022 5090 qui
3062 5021 3164 5076 scit
3215 5022 3340 5090 quia
3374 5041 3477 5076 non
3506 5037 3632 5079 sunt
3661 5044 3788 5080 con-

2196 5105 2368 5176 digna:
2410 5107 2674 5176 passiones
2732 5108 2891 5178 hujus
2956 5112 3200 5182 temporis
3252 5113 3323 5166 ad
3375 5113 3619 5182 futuram
3671 5117 3790 5184 glo-

2197 5197 2349 5261 riam,
2414 5213 2532 5268 qua:
2577 5197 2886 5254 revelabitur
2931 5203 2985 5254 in
3028 5203 3170 5256 nobis
3211 5203 3384 5273 (Rom.
3429 5205 3589 5273 vni):
3647 5207 3789 5261 idem

2198 5285 2313 5356 ipse
2361 5296 2415 5342 et
2463 5286 2518 5343 in
2559 5288 2904 5344 tribulatione
2955 5292 3164 5361 patiens
3189 5293 3321 5357 erit,
3354 5311 3482 5363 quia
3511 5295 3790 5348 tribulatio

2201 5379 2506 5449 patientiam
2540 5390 2802 5449 operatur,
2849 5382 3099 5450 patientia
3140 5384 3520 5454 probationem,
3545 5385 3790 5453 probatis

2201 5485 2342 5538 spem
2389 5467 2572 5538 (Rom.
2609 5471 2663 5542 v)
2688 5511 2701 5536 ,
2746 5471 2792 5526 si
2835 5475 3017 5526 tamen
3057 5488 3359 5528 sermonem
3384 5514 3398 5538 ,
3452 5476 3544 5544 qui
3591 5476 3790 5529 subse—

2202 5561 2403 5630 quitur,
2419 5560 2754 5631 impleamus,
2769 5561 2940 5625 idest,
2961 5581 2980 5613 ι
3003 5564 3231 5618 orationi
3250 5565 3546 5629 instantes;
3571 5587 3590 5618 ι
3610 5568 3662 5619 in
3678 5581 3790 5634 quo

2202 5649 2346 5704 enim
2377 5665 2482 5704 non
2511 5649 2708 5705 sullicit
2731 5652 2966 5706 humana
2997 5651 3278 5723 fragilitas,
3302 5654 3568 5708 auxilium
3595 5655 3690 5709 Dei
3731 5655 3791 5708 in

2202 5741 2538 5798 orationibus
2581 5741 2976 5813 implorandum
3002 5756 3102 5800 cst.
3139 5744 3554 5801 Necessitatibus
3583 5758 3796 5802 sancto-
