4026 6180
341 287 484 346 1555

867 287 1415 346 ENARRATIONUM
1447 285 1520 344 IN
1555 285 1707 344 EPP.
1749 287 1954 344 PAULI
1994 289 2117 344 LIB.
2167 289 2273 345 Vll.
2313 323 2382 331 —
2414 293 2480 346 ΙΝ
2521 292 2734 348 ΕΡΙΞΤ.
2771 295 2860 348 AD
2900 295 3064 352 ROM.

3466 295 3598 349 ιδίῆ

339 419 460 456 rum
503 402 962 457 communicantes.
996 403 1212 458 Memini
1253 403 1306 456 in
1345 402 1550 457 Latinis
1587 401 1915 472 exemplari-
1943 409 1992 466 Α
2021 403 2153 472 ipse.
2178 405 2267 473 qui
2297 407 2568 474 praedicat,
2601 407 2812 462 videtur
2839 409 3116 479 ingratus"
3164 407 3315 464 Unde
3346 424 3441 480 per
3469 411 3590 464 Eze-

332 493 440 549 bus
461 494 630 564 magis
651 492 836 547 haberi
861 507 875 548 :
905 494 1168 547 memoriis
1195 503 1500 547 sanctorum
1529 492 1915 546 communican-

336 593 432 650 tes,
464 599 646 638 verum
682 599 780 638 nos
815 599 914 638 nec
943 583 1330 638 consuetudine
1365 582 1666 647 turbamur,
1695 596 1796 636 nec
1819 597 1914 636 ve-

339 676 482 730 ritati
523 674 956 745 prtejutlicamus,
999 675 1234 728 maxime
1285 689 1406 728 cum
1460 680 1749 741 utrumque
1789 687 1917 727 eon-

335 768 517 820 veniat
561 763 926 818 :edilicationi.
979 763 1112 816 Nam
1150 761 1566 818 necessitatibus
1605 769 1918 816 sanctorum

337 854 562 909 honeste
591 855 741 920 dicit,
784 871 889 908 non
934 853 1087 923 quasi
1119 855 1313 923 stipem
1370 851 1732 922 indigentibus
1774 867 1914 920 pra:-

335 947 486 1011 bere,
517 947 612 1002 sed
648 962 869 1001 censum
921 955 1165 1002 nostrum
1193 961 1317 1000 cum
1363 945 1492 1013 ipsis
1519 942 1916 1014 quodammodo

334 1040 532 1094 habere
554 1055 918 1104 communem,
955 1049 1009 1094 et
1041 1039 1349 1094 meminisse
1377 1046 1690 1093 sanctorum
1719 1037 1834 1090 sive
1863 1037 1916 1092 in

333 1129 574 1184 collectis
600 1129 954 1194 solemnibus,
977 1129 1090 1184 sive
1121 1145 1219 1199 pro
1247 1144 1335 1193 eo,
1359 1136 1417 1182 ut
1447 1144 1513 1183 ex
1546 1128 1918 1183 recordatione

331 1237 521 1275 eorum
549 1221 911 1290 proﬁciamus.
937 1221 994 1276 ld
1021 1233 1204 1291 aptum
1241 1231 1296 1276 et
1331 1221 1659 1276 conveniens
1684 1220 1914 1274 videtur.

331 1311 562 1382 (.lrnbr.)
583 1311 684 1378 Qui
712 1311 856 1366 enim
883 1327 1075 1381 preces
1110 1327 1236 1366 suas
1265 1311 1505 1366 exaudiri
1531 1311 1666 1375 vult,
1695 1309 1920 1364 zeinulus

333 1400 494 1454 debet
527 1415 648 1456 esse
685 1402 812 1456 vita:
861 1409 1210 1466 sanctorum;
1255 1416 1379 1455 cum
1437 1402 1680 1455 imitatur
1737 1401 1916 1466 enim,

331 1491 694 1546 communicat
736 1507 752 1546 :
789 1499 858 1545 ut
877 1493 980 1547 hoc
1029 1491 1099 1546 sit
1139 1507 1432 1544 memorent
1485 1506 1608 1544 esse
1657 1499 1712 1544 et
1767 1505 1919 1544 eom-

332 1583 744 1647 municatorem,
762 1582 958 1636 imitari
979 1590 1129 1636 actus
1151 1581 1383 1646 illorum,
1397 1591 1451 1636 et
1467 1581 1510 1635 si
1527 1571 1830 1650 sumptibus
1848 1581 1922 1634 iu-

329 1670 534 1740 digent,
552 1671 1054 1742 communicandum
1068 1671 1168 1736 eis,
1183 1671 1324 1726 sicut
1340 1671 1470 1726 dicit
1483 1671 1588 1726 alio
1601 1671 1716 1726 loco
1731 1671 1783 1741 (Ι
1797 1668 1918 1724 Cor.

2017 494 2241 549 chielem
2283 497 2602 566 prophetam
2645 499 2700 552 in
2745 507 2988 552 extrema
3028 509 3180 568 parte
3229 500 3459 562 dicitur,
3494 520 3510 550 ε
3545 510 3600 556 tt

2015 598 2138 637 cum
2189 584 2496 640 sacerdotes
2550 585 2877 642 intrinsecus
2905 589 3238 653 ministrant,
3269 591 3509 644 vestibus
3539 591 3598 644 li-

2017 671 2133 726 neis
2161 680 2410 737 utantur;
2436 693 2454 725 ι
2476 673 2540 727 de
2560 675 2758 743 quibus
2778 675 3054 730 subditur:
3087 675 3319 748 Cumque
3334 680 3598 748 egredien-

2016 769 2104 812 tur
2125 760 2320 814 atrium
2347 762 2573 817 exterius
2605 763 2674 816 ad
2694 763 2964 834 populum,
2995 779 3189 820 exuant
3218 785 3271 820 se
3298 769 3596 822 vestimenta

2015 864 2133 911 sua,
2164 847 2216 900 in
2239 847 2425 917 quibus
2454 849 2901 914 ministraverunt,
2941 860 2990 904 et
3033 862 3223 922 ponent
3247 869 3307 906 ea
3335 853 3389 906 in
3433 870 3594 923 gazo—

2015 939 2254 1012 phylacio
2301 941 2592 994 sanctuarii
2622 941 2838 1012 (Ezech.
2870 943 3037 1014 κων).
3083 943 3366 999 Grossiora
3399 945 3597 1014 quippe

2017 1032 2334 1085 vestimenta
2358 1041 2482 1086 sunt
2503 1031 2677 1098 lanea,
2705 1034 2798 1088 sed
2827 1051 2950 1089 cum
2983 1036 3236 1090 sacerdos
3263 1035 3328 1089 ad
3351 1045 3594 1090 sanctum

2016 1123 2372 1177 ministerium
2405 1123 2631 1188 accedit,
2679 1138 2798 1178 cum
2829 1125 2974 1180 intus
3000 1140 3096 1196 per
3127 1125 3595 1196 compunctioncm

2017 1213 2339 1283 ingreditur,
2370 1213 2638 1268 subtiliori
2659 1213 2934 1270 intellectu
2981 1233 3204 1273 necesse
3229 1224 3314 1274 est
3342 1218 3496 1288 quasi
3533 1217 3596 1271 li-

2017 1318 2120 1357 neo
2143 1303 2462 1358 vestimento
2508 1303 2798 1358 induatur:
2834 1305 2926 1359 sed
2963 1321 3084 1360 cum
3128 1309 3194 1362 ad
3229 1310 3480 1378 populum
3520 1308 3595 1362 fo-

2019 1394 2094 1447 ris
2119 1395 2412 1464 egreditur,
2427 1406 2638 1467 Oportet
2658 1406 2716 1452 ut
2743 1400 3088 1465 vestimenta,
3112 1401 3164 1455 in
3195 1404 3600 1472 quibusintrin-

2006 1499 2176 1544 secus
2203 1484 2625 1551 ministraverat,
2660 1499 2903 1559 reponat,
2928 1499 3089 1560 atque
3117 1493 3314 1562 populo
3338 1495 3460 1548 aliis
3501 1507 3596 1548 vc-

2019 1575 2189 1628 stibus
2226 1575 2445 1632 indutus
2497 1589 2754 1648 appareat
2785 1599 2796 1634 :
2839 1581 2965 1650 quia
2997 1581 3040 1636 si
3074 1583 3126 1636 in
3170 1584 3601 1652 compunctionis

2020 1681 2130 1720 suae
2152 1667 2330 1738 rigore
2359 1683 2416 1723 se
2446 1671 2778 1733 teneat.siin
2796 1685 2860 1726 eo
2887 1685 3046 1740 quem
3065 1671 3328 1728 orationis
3359 1681 3598 1742 tempore

330 1760 464 1831 xvi),
503 1780 521 1811 ι
545 1762 611 1816 de
630 1762 874 1818 collectis
893 1777 1014 1832 quae
1041 1761 1174 1815 fiunt
1199 1757 1253 1814 in
1285 1771 1526 1823 sanctos,
1549 1780 1567 1812 ι
1597 1771 1652 1816 et
1667 1760 1733 1816 ad
1755 1760 1917 1816 Gala-
1951 1753 1993 1811 Β
2021 1758 2208 1812 habuit
2249 1775 2481 1815 maerore
2528 1763 2814 1832 perduret,
2845 1763 3180 1818 exteriorum
3226 1779 3406 1818 rerum
3438 1763 3599 1817 verba

331 1861 418 1906 tas
439 1849 580 1920 (Gal.
607 1851 700 1924 ιι),
733 1873 750 1903 ι
781 1860 839 1904 ιιι
867 1865 1163 1920 pauperum
1190 1867 1456 1906 memores
1500 1867 1763 1906 essemus.
1795 1871 1814 1902 ι
1843 1875 1914 1890 -μ-

334 1943 756 2014 Ilospitalitatem
784 1953 1062 1997 sectantes.
1091 1941 1289 2014 (0rig.)
1311 1942 1509 1999 Dicens
1529 1943 1673 1997 enim
1699 1951 1914 1998 sectan-

330 2035 454 2088 dam
481 2047 604 2088 esse
623 2033 1068 2103 hospitalitatem,
1084 2048 1192 2088 non
1215 2033 1343 2088 illud
1370 2033 1546 2086 solum
1570 2032 1830 2093 ostendit,
1853 2039 1914 2084 ut

327 2123 632 2179 venientem
649 2123 716 2177 ad
743 2137 840 2178 nos
863 2123 1129 2192 hospitem
1151 2123 1534 2194 suscipiamus,
1557 2121 1651 2177 sed
1669 2122 1913 2192 requira-

328 2229 471 2277 mus,
496 2221 550 2267 et
573 2212 790 2267 solliciti
817 2213 986 2268 simus
1005 2254 1020 2277 ,
1044 2222 1099 2268 et
1129 2223 1422 2277 sectemur,
1444 2229 1509 2267 ac
1533 2213 1914 2284 perquiramus

329 2307 530 2376 ubique
567 2305 829 2376 lmSpites.
863 2305 1067 2362 Necubi
1089 2305 1232 2362 forte
1257 2307 1310 2361 in
1341 2305 1534 2376 plateis
1575 2306 1820 2368 sedeant,
1847 2319 1916 2359 ne

329 2406 483 2452 extra
532 2405 735 2451 tectum
761 2395 1002 2464 iaceant.
1049 2397 1357 2451 Recordare
1411 2395 1550 2460 Lot,
1589 2403 1645 2450 et
1671 2395 1915 2449 invenies

328 2489 472 2559 quod
500 2503 606 2544 non
639 2489 788 2542 illum
818 2489 1081 2559 hospites,
1115 2490 1211 2544 sed
1259 2489 1376 2560 ipse
1416 2488 1694 2559 quaesierit
1733 2488 1918 2558 hospi-

331 2587 411 2632 tes
461 2575 614 2646 tGen.
645 2575 796 2647 XIX),
837 2585 892 2632 et
930 2577 1032 2632 hoc
1081 2585 1200 2631 erat
1249 2577 1666 2646 hospitalitatem
1695 2578 1912 2632 sectari.

329 2669 626 2723 Benedicite
679 2669 1102 2740 persequentibus
1142 2686 1269 2724 vos:
1299 2669 1618 2735 benedicite,
1663 2679 1712 2724 et
1759 2669 1915 2724 nolite

327 2760 657 2816 maledicere.
692 2759 945 2816 Moralem
1006 2761 1181 2817 locum
1237 2762 1400 2818 latius
1438 2761 1728 2832 Apostolus
1761 2778 1917 2818 exse-

329 2865 539 2920 quens,
597 2858 783 2915 actus,
831 2858 1108 2914 mentem,
1163 2851 1538 2921 propositum,
1593 2867 1654 2906 os
1703 2866 1916 2921 quoque

329 2943 507 3013 ipsum
573 2944 993 3014 discipulormn,
1057 2945 1402 3016 linguamque
1459 2946 1750 3016 componit.
1798 2947 1916 3002 Non

329 3034 445 3088 vult
485 3035 767 3090 credentes
808 3035 1023 3090 Christo
1054 3037 1120 3092 de
1149 3051 1245 3092 ore
1279 3053 1376 3091 suo
1421 3037 1664 3105 proferre
1695 3037 1917 3091 maledi-

330 3134 496 3192 ctum,
536 3126 631 3181 sed
657 3125 794 3182 bene
843 3127 1020 3198 loqui,
1070 3127 1208 3183 bene
1246 3128 1461 3194 dicere,
1510 3128 1647 3182 bene
1679 3127 1910 3196 precari,
1943 3101 1990 3163 δ

331 3226 393 3273 ut
417 3233 485 3274 ex
514 3218 617 3274 hoc
659 3227 713 3273 et
757 3219 882 3273 boni
932 3219 1138 3274 domini
1179 3220 1344 3284 servi,
1393 3228 1449 3275 et
1489 3221 1617 3276 boni
1666 3219 1914 3292 magistri

331 3311 622 3367 credantur
659 3323 779 3366 esse
807 3311 1077 3382 discipuli.
1109 3311 1402 3368 Sciendum
1433 3319 1615 3367 tamen
1643 3319 1726 3367 est
1767 3311 1914 3382 quod

332 3417 512 3458 serum
538 3401 626 3458 hic
653 3403 1045 3458 benedictionis
1066 3403 1122 3458 in
1145 3403 1442 3474 Scripturis
1467 3403 1678 3458 diverse
1705 3405 1915 3473 positus

334 3495 623 3550 invenitur.
669 3493 801 3548 Nam
852 3503 907 3549 et
957 3495 1100 3550 Deus
1155 3495 1475 3550 benedicere
1515 3493 1596 3548 vel
1643 3495 1913 3558 homines,

330 3585 417 3639 vel
444 3593 638 3639 czetera
668 3599 790 3652 quae
818 3593 1101 3639 creaverat
1137 3584 1430 3649 invenitur,
1461 3591 1517 3640 et
1563 3585 1808 3639 homines
1833 3583 1916 3638 vel

331 3685 542 3730 emtor-aa
587 3683 850 3731 creatura:
887 3675 1056 3730 Deum
1093 3675 1416 3732 benedicere
1449 3674 1712 3744 jubentur
1759 3689 1772 3729 :
1821 3675 1917 3731 sed

341 3766 435 3820 Dei
455 3765 676 3834 quidem
694 3764 1001 3820 benedictio
1017 3764 1218 3835 aliquid
1235 3768 1476 3821 muneris
1497 3782 1710 3836 semper
1724 3767 1809 3822 his
1823 3765 1914 3837 qui

332 3857 400 3911 ab
439 3871 505 3910 eo
537 3855 930 3911 benedicuntur
977 3855 1239 3924 impertit,
1272 3855 1518 3910 homines
1565 3871 1693 3910 vero
1743 3855 1912 3910 Deum

332 3945 672 4010 benedicere,
724 3961 824 4015 pro
873 3961 938 4000 eo
964 3945 1108 4014 quod
1148 3955 1230 4000 est
1263 3944 1480 3999 laudare
1514 3952 1568 3998 et
1596 3945 1801 4015 gratias
1830 3959 1918 4000 re-

331 4036 476 4091 ferre
513 4037 785 4092 dicuntur.
836 4037 936 4092 llic
975 4046 1151 4091 tamen
1205 4035 1491 4106 Apostolus
1531 4035 1608 4090 ait
1640 4054 1653 4089 :
1687 4035 1916 4090 Benedi—

331 4133 431 4184 cile
465 4139 512 4184 et
555 4129 713 4185 nolite
742 4130 1073 4196 maledicere,
1096 4129 1250 4199 quasi
1301 4145 1420 4185 cum
1454 4143 1814 4198 provocamur
1849 4129 1915 4185 ali

331 4221 587 4286 inimicis,
627 4219 712 4276 vel
763 4236 885 4274 cmn
931 4222 1252 4292 inStigamur
1301 4219 1530 4288 injuriis,
1577 4231 1796 4285 monet,
1851 4235 1918 4274 ne

331 4327 430 4380 pro
463 4312 546 4366 his
579 4312 859 4368 maledicta
891 4313 1202 4374 reddamus,
1225 4312 1319 4366 sed
1349 4311 1611 4366 faciamus
1633 4312 1775 4382 quod
1804 4311 1917 4380 ipse

333 4401 399 4454 de
431 4401 721 4470 semetipso
751 4399 937 4455 scribit
967 4400 1018 4473 (Ι
1039 4399 1162 4454 Cor.
1194 4398 1304 4472 tv),
1353 4400 1442 4456 ubi
1468 4399 1599 4454 dicit
1629 4418 1642 4454 :
1693 4400 1913 4454 maledi~

333 4493 505 4545 cimur
537 4501 584 4544 et
616 4492 992 4546 benedicimus.

406 4580 651 4636 Gaudere
703 4599 821 4636 cum
875 4581 1267 4654 gaudentibus,
1318 4583 1444 4651 ﬂere
1491 4597 1609 4635 cum
1645 4581 1914 4651 ﬂentibus.

335 4673 568 4745 (Ambr.)
587 4673 696 4728 Hoc
725 4683 808 4728 est
835 4673 974 4742 quod
1005 4673 1113 4726 alio
1140 4671 1258 4726 loco
1281 4672 1411 4726 dicit
1435 4686 1450 4726 :
1479 4671 1689 4744 Siquid
1721 4673 1922 4743 patitur

334 4782 498 4819 unum
548 4766 857 4829 membrum,
910 4765 1302 4835 compatiuntur
1348 4765 1524 4818 omnia
1569 4765 1799 4818 membra
1846 4763 1920 4833 (Ι

334 4855 458 4910 Cor.
489 4855 608 4927 xu).
641 4855 773 4909 Cum
795 4855 936 4908 enim
969 4855 1092 4924 quis
1131 4853 1284 4908 fratri
1319 4845 1628 4908 solatio'est
1653 4854 1705 4908 in
1732 4869 1922 4910 neces-

334 4949 516 5012 sitate,
563 4947 722 5018 erigit
749 4947 986 5001 animum
1016 4946 1152 5015 ejus,
1185 4955 1242 5001 et
1281 4946 1422 5015 apud
1473 4945 1641 5000 Deum
1678 4945 1778 5000 sibi
1810 4943 1920 5000 col-

333 5039 478 5094 locat
507 5039 782 5102 meritum,
807 5041 934 5109 quia
957 5039 1258 5094 membrum
1283 5039 1454 5110 diligit
1487 5039 1731 5108 corporis
1759 5037 1920 5094 Chri-

335 5135 423 5190 sti.
470 5134 539 5189 Et
581 5133 626 5188 si
675 5150 799 5188 cum
846 5133 1045 5190 infideli
1087 5133 1392 5198 condoleat,
1440 5140 1699 5202 provocat
1751 5131 1924 5202 magis

334 5225 484 5281 illum
507 5225 572 5279 ad
587 5225 891 5296 profectum
906 5224 1199 5296 disciplina:
1220 5223 1522 5278 dominicae.
1550 5220 1752 5296 (Greg.)
1780 5223 1924 5280 Nihil

333 5330 598 5388 ergatam
637 5335 926 5374 onerosum
955 5319 1130 5374 ordini
1167 5318 1509 5373 sacerdotum
1539 5318 1715 5382 video,
1757 5333 1920 5388 quam

333 5412 568 5481 rigorem
583 5411 780 5466 mentis
792 5411 1166 5482 compatiendo
1188 5409 1426 5474 flectere,
1449 5419 1506 5464 et
1531 5425 1652 5464 cum
1676 5410 1922 5480 personis

337 5503 843 5572 supervenientibus
889 5505 1128 5558 animum
1183 5511 1424 5566 mutare,
1476 5513 1532 5555 et
1582 5509 1758 5556 tamen
1819 5503 1924 5557 hoc

337 5593 490 5648 valde
506 5602 588 5648 est
619 5594 1008 5650 necessarium.
1028 5593 1162 5649 Nam
1195 5593 1411 5664 quando
1439 5607 1505 5646 ex
1539 5593 1924 5662 prmdicatione

330 5680 452 5754 ejus
497 5687 562 5741 ad
595 5686 726 5743 boni
764 5687 944 5757 operis
973 5685 1202 5758 gratiam
1242 5693 1493 5754 peccator
1539 5685 1845 5750 adducitur,
1878 5685 1920 5739 si

1941 4460 1994 4520 D

2017 1849 2288 1916 suscipere
2315 1865 2418 1904 non
2448 1849 2704 1916 admittit,
2743 1863 2798 1906 et
2828 1853 2955 1920 quid
2995 1869 3124 1923 grex
3167 1852 3232 1906 de
3281 1852 3602 1906 necessariis

2016 1938 2198 2002 faciat,
2223 1943 2268 1994 si
2300 1941 2487 1996 audire
2515 1949 2677 2010 atque
2705 1942 3040 2011 perpendere
3065 1943 3130 1995 ad
3155 1943 3256 1996 hoc
3287 1942 3428 2011 quod
3457 1957 3598 2012 ιιι-ωδ

2015 2029 2142 2086 sens
2168 2039 2380 2100 tempus
2429 2031 2596 2102 exigit
2631 2043 2817 2102 pastor
2847 2032 3106 2088 recusat?
3135 2031 3420 2086 Grossiora
3470 2047 3598 2102 ergo

2013 2124 2335 2178 vestimenta
2384 2125 2638 2178 sacerdos
2675 2125 2861 2180 exiens
2909 2134 3033 2180 ante
3083 2123 3336 2194 populum
3389 2124 3598 2188 induat,

2017 2221 2074 2268 ut
2123 2213 2458 2269 vestimentis
2500 2215 2614 2270 suis
2664 2215 2902 2270 habitum
2949 2233 3048 2286 pro
3089 2215 3320 2271 utilitate
3367 2203 3598 2270 ﬁliorum

2014 2303 2181 2358 etiam
2206 2305 2273 2359 ad
2306 2313 2515 2360 terrena
2547 2305 2824 2361 toleranda
2852 2315 3154 2376 componat.
3181 2306 3416 2361 Pcnsate
3445 2322 3600 2376 ergo,

2013 2393 2212 2449 fratres
2251 2396 2582 2462 charissimi,
2613 2408 2848 2468 quantus
2875 2397 3198 2468 speculatori
3247 2398 3399 2452 labor
3428 2397 3517 2459 sit,
3547 2406 3604 2452 et

2017 2486 2082 2540 ad
2110 2487 2356 2544 sublimia
2401 2491 2746 2555 contendere,
2793 2500 2846 2544 et
2877 2492 2978 2546 hoc
3011 2499 3231 2560 repente
3259 2493 3323 2545 ad
3352 2490 3458 2545 ima
3511 2508 3602 2545 vo-

2015 2591 2164 2641 care,
2187 2585 2240 2631 et
2268 2577 2320 2630 in
2358 2577 2688 2634 sublimitate
2718 2581 3272 2652 cognitionis'intimm
3305 2589 3602 2635 extenuare

2015 2667 2274 2732 animum,
2301 2677 2354 2722 et
2376 2677 2598 2740 propter
2616 2671 2916 2725 exteriores
2927 2687 3120 2726 causas
3132 2671 3522 2743 proximorum,
3546 2681 3604 2728 ut

2017 2758 2091 2812 ita
2115 2757 2312 2824 dicam,
2338 2759 2518 2816 subito
2549 2760 2600 2818 in
2633 2761 2962 2833 cogitatione
2993 2757 3352 2818 crassescere.
3389 2763 3600 2834 .(0rig.)

2017 2845 2272 2902 Habenda
2305 2855 2388 2901 est
2408 2849 2571 2904 etiam
2599 2849 2653 2902 in
2681 2849 2784 2904 hoc
2823 2859 3135 2921 competens
3165 2859 3220 2905 et
3261 2860 3384 2920 apta
3410 2852 3602 2906 distin-

2017 2938 2143 2992 ctio.
2177 2937 2292 2993 Non
2315 2939 2460 2993 enim
2493 2941 2901 3012 quibuscunque
2929 2943 3136 3014 gaudiis
3168 2942 3600 3000 Christianorum

2019 3029 2213 3102 gaudia
2239 3031 2490 3089 socianda
2531 3042 2674 3096 sunt,
2707 3047 2806 3087 nec
2844 3033 3254 3104 quibuscunque
3283 3031 3494 3086 fletibus
3525 3032 3602 3086 la-

2019 3135 2218 3191 crymze
2235 3130 2435 3175 nostra:
2453 3121 2742 3192 jungenda:
2769 3131 2912 3178 sunt.
2929 3123 3114 3194 Neque
3141 3125 3285 3179 enim
3313 3124 3356 3180 si
3391 3124 3598 3178 vileam

2017 3217 2252 3286 gaudere
2291 3216 2524 3288 aliquem
2551 3235 2716 3290 super
2741 3228 2946 3289 quaestu
2978 3220 3242 3290 pecunim,
3271 3227 3365 3274 aut
3389 3234 3604 3288 posses-

2016 3309 2229 3364 sionum
2263 3308 2567 3374 latitudine,
2597 3319 2691 3364 aut
2737 3310 3010 3364 smcularis
3039 3309 3262 3365 honoris
3287 3309 3602 3373 eminentia,

2017 3400 2381 3472 congratulari
2412 3401 2582 3456 debeo
2614 3401 2834 3468 talibus,
2881 3401 2970 3472 qui
3023 3400 3188 3456 sciam
3243 3401 3384 3470 quod
3417 3400 3602 3468 hujus-

2018 3491 2162 3546 modi
2190 3492 2380 3562 gaudia
2405 3492 2579 3548 luctus
2597 3503 2893 3564 sequantur
2914 3501 2968 3548 et
2993 3491 3246 3564 laerymaa
3274 3509 3286 3545 :
3312 3491 3367 3546 in
3391 3501 3598 3547 tantum

2016 3583 2218 3638 etenim
2250 3599 2357 3639 non
2387 3594 2470 3640 est
2503 3586 2844 3656 gaudendum
2877 3585 2941 3640 de
2987 3585 3202 3645 talibus,
3232 3592 3292 3638 ut
3342 3584 3604 3640 Dominus

2017 3675 2295 3745 discipulis
2327 3676 2443 3730 suis
2481 3691 2549 3730 ne
2580 3677 2704 3731 inde
2731 3677 2948 3745 quidem
2981 3678 3215 3747 gaudere
3243 3679 3599 3742 concesserit,

2018 3765 2160 3836 quod
2191 3766 2454 3820 dicmonia
2483 3765 2587 3820 sibi
2619 3766 2871 3820 videbant
2915 3781 3036 3821 esse
3076 3767 3339 3837 subjecta,
3389 3767 3483 3822 sed
3528 3768 3606 3822 ait

2017 3858 2097 3912 eis
2123 3873 2137 3911 :
2168 3853 2344 3910 Nolite
2361 3857 2588 3928 gaudere
2607 3857 2731 3929 quia
2759 3857 3019 3913 daemonia
3044 3857 3184 3913 vobis
3205 3858 3438 3928 subjecta
3461 3871 3602 3922 sunt,

2017 3946 2107 4001 sed
2134 3947 2372 4016 gaudete,
2403 3947 2597 4017 inquit,
2637 3949 2763 4019 quia
2803 3949 3014 4004 nomina
3059 3959 3228 4004 vestra
3257 3950 3451 4020 scripta
3480 3965 3602 4006 sunt

2018 4037 2073 4091 in
2123 4035 2256 4090 libro
2313 4039 2431 4092 vita:
2487 4035 2636 4108 (Luc.
2679 4037 2768 4109 x);
2807 4047 2862 4094 et
2896 4053 2995 4094 nos
3033 4055 3184 4111 ergo,
3237 4040 3282 4095 si
3329 4041 3606 4096 videamus

2017 4129 2084 4183 ab
2109 4127 2288 4198 aliquo
2317 4129 2420 4183 tale
2441 4145 2577 4200 Opus
2607 4130 2742 4200 geri,
2774 4131 2915 4200 quod
2951 4131 3003 4185 in
3035 4131 3176 4188 cado
3193 4133 3355 4188 scribi
3387 4135 3602 4205 dignum

2017 4218 2105 4284 sit,
2147 4218 2262 4273 sive
2299 4217 2526 4288 justitiae
2572 4236 2728 4290 opus,
2762 4219 2874 4275 sive
2923 4221 3240 4286 charitatis,
3289 4225 3402 4278 sive
3433 4225 3602 4294 pacis,

2019 4312 2101 4366 vel
2139 4312 2540 4376 misericordiae,
2566 4303 2630 4367 'et
2661 4315 2733 4367 ita
2775 4321 3004 4384 gestum,
3033 4324 3093 4368 ut
3117 4314 3169 4370 in
3198 4315 3337 4370 libro
3369 4317 3488 4371 vita:
3521 4333 3604 4372 rc-

2020 4403 2152 4460 ferri
2183 4413 2474 4470 mereatur,
2506 4403 2764 4462 debemus
2798 4407 3034 4477 gaudere
3061 4424 3184 4462 cum
3229 4409 3462 4474 talibus;
3511 4412 3604 4466 sed

2020 4497 2119 4552 etsi
2139 4498 2353 4568 quidem
2373 4499 2648 4554 videamus
2669 4500 2737 4555 ab
2759 4515 2946 4556 errore
2961 4516 3302 4568 conversum,
3333 4511 3389 4558 et
3405 4505 3605 4560 relictis

2021 4589 2335 4660 ignorantiae
2373 4589 2612 4646 tenebris
2640 4591 2709 4646 ad
2752 4590 2928 4647 lucem
2978 4593 3221 4648 veritatis
3251 4597 3481 4658 venisse,
3515 4612 3602 4650 re-

2022 4681 2336 4736 missionem
2386 4691 2732 4752 peccatorum
2771 4693 2826 4740 et
2869 4686 3098 4755 gratiam
3149 4687 3322 4742 sancti
3373 4687 3605 4756 Spiritus

2025 4772 2326 4838 meruisse,
2379 4773 2635 4829 debemus
2694 4777 2931 4846 gaudere
2981 4793 3103 4833 cum
3158 4779 3375 4833 talibus.
3438 4779 3594 4834 Simi-

2021 4863 2148 4920 liter
2203 4873 2383 4920 autem
2439 4883 2457 4916 ι
2492 4864 2624 4920 ﬂere
2658 4883 2782 4922 cum
2818 4867 3088 4923 ﬂentibus.
3119 4888 3137 4920 ›
3169 4867 3284 4922 Νοιι
3335 4885 3458 4924 cum
3500 4869 3603 4924 illis

2023 4955 2115 5024 qui
2147 4954 2275 5010 ﬂent
2307 4964 2551 5012 mortuos
2577 4972 2704 5012 suos
2721 4957 2994 5027 jubemur,
3021 4965 3114 5012 aut
3143 4958 3232 5027 qui
3258 4957 3388 5012 flent
3412 4959 3604 5014 damna

2025 5045 2326 5110 sacularia,
2355 5047 2590 5104 scientes
2609 5049 2751 5119 quod
2781 5067 2799 5100 ι
2829 5047 2986 5118 lmjus
3008 5049 3188 5103 smculi
3215 5051 3432 5104 tristitia
3463 5068 3604 5106 mor-

2025 5147 2134 5194 tem
2181 5147 2457 5210 operatur.
2497 5161 2516 5195 ι
2569 5141 2686 5197 Non
2714 5150 2839 5196 sunt
2867 5158 2998 5214 ergo
3042 5142 3294 5214 laerynue
3317 5145 3605 5216 jungenda:

2025 5245 2150 5285 cum
2179 5231 2398 5297 talibus,
2444 5232 2540 5288 sed
2575 5248 2698 5288 cum
2746 5232 2849 5288 illis
2884 5233 3120 5290 flendum
3167 5245 3270 5301 est,
3299 5237 3366 5292 de
3410 5240 3605 5308 quilms

2029 5323 2290 5378 Dominus
2318 5323 2482 5378 dicit:
2514 5323 2664 5380 Beati
2702 5327 2790 5396 qui
2827 5327 2974 5394 ﬂent,
3001 5328 3250 5398 quoniam
3288 5329 3385 5400 ipsi
3424 5347 3605 5387 conso-

2029 5410 2278 5465 labuntur
2304 5402 2519 5482 (Matth.
2550 5413 2626 5484 v).
2679 5413 2736 5468 Si
2778 5416 2870 5484 qui
2899 5415 3026 5470 llent
3055 5433 3154 5486 pro
3202 5421 3444 5487 peccatis
3467 5421 3604 5485 suis,

2029 5501 2074 5556 si
2107 5501 2229 5570 quis
2260 5509 2384 5570 post
2429 5500 2624 5556 delicta
2669 5503 3002 5559 convertitur
3024 5507 3092 5559 ad
3127 5507 3500 5574 paenitentiam
3551 5525 3599 5563 ei

2030 5607 2268 5646 errorem
2285 5607 2440 5646 suum
2465 5589 2715 5662 lacrymis
2737 5590 2957 5659 lavat,si
2980 5596 3101 5664 quis
3115 5597 3277 5650 etiam
3299 5599 3606 5670 ingemiscit

2035 5684 2086 5738 in
2108 5681 2414 5738 habitacula
2432 5680 2535 5737 isto
2561 5681 2788 5753 positus,
2805 5692 2858 5737 et
2875 5683 2940 5739 ad
2963 5683 3236 5741 Christmn
3263 5689 3438 5745 redire
3462 5692 3604 5749 desi-
