4026 6180
429 290 571 347 i555

1059 286 1119 340 Β.
1160 284 1415 341 RABANI
1451 282 1672 339 MAURI
1708 280 2031 337 ARCHIEP.
2072 277 2379 338 MOGUNT.
2414 277 2699 335 OPERUM
2736 276 2918 333 PARS
2955 275 3044 332 111.

3557 276 3695 331 1556

413 406 935 470 dcrat,etsanctum
952 397 1275 455 desiderium
1297 396 1659 467 lacrymarum
1680 390 1992 463 profusione
2019 388 2204 450 Alllis
2249 388 2535 443 dicendum
2584 395 2692 450 est,
2740 386 2866 455 quia
2918 384 3025 438 nisi
3080 382 3331 439 meliores
3373 399 3437 439 se
3483 386 3700 440 caeteris

412 499 575 563 lavat,
595 497 885 566 iungamus
913 508 1036 549 cum
1064 492 1261 546 talibus
1287 489 1559 561 lacrymas
1594 494 1805 540 nostras
1820 491 1874 539 et
1901 497 1995 553 ge«

414 589 579 644 mitus
593 587 881 651 sociemus,
896 599 1027 639 nam
1039 582 1254 637 tristitia
1268 596 1384 650 quia
1399 578 1682 633 secundum
1708 576 1875 630 Deum
1897 583 1995 639 est,

412 682 635 738 salutem
647 677 884 734 stabilem
898 692 990 748 per
1002 673 1358 746 paenitentiam
1380 679 1626 740 aperatur
1645 665 1729 738 (ΙΙ
1755 662 1993 734 Comm).

487 776 726 847 [dipsum
777 774 882 828 invi
917 788 997 827 em
1046 770 1343 825 sentientes.
1398 765 1591 820 Sermo
1642 764 1744 819 iste
1765 778 1871 817 non
1903 776 1999 815 na-

415 876 536 923 tura
586 864 695 930 sui,
731 863 827 918 sed
881 858 1324 931 interpretatione
1368 854 1650 910 obscurior
1671 852 1846 907 factus
1871 859 1994 904 est:

417 958 521 1012 hoc
562 964 647 1010 est
682 954 826 1009 enim
856 951 999 1021 quod
1035 950 1200 1012 dicit,
1241 955 1300 1003 ut
1343 947 1418 1001 ita
1468 946 1535 999 de
1582 943 1751 998 fratre
1802 941 2001 996 sentia-

418 1062 571 1112 mus,
622 1054 683 1099 ut
730 1044 796 1099 de
848 1042 1004 1097 nobis
1045 1041 1197 1111 ipsis,
1245 1047 1300 1093 et
1350 1038 1423 1091 ita
1473 1036 1719 1105 proximo
1773 1034 2001 1089 velimus

417 1143 558 1197 sicut
580 1148 633 1196 et
663 1139 819 1194 nobis
836 1137 1101 1197 volumus,
1148 1143 1207 1189 ut
1236 1143 1290 1188 et
1326 1131 1585 1187 Dominus
1611 1131 1663 1184 in
1707 1128 2001 1200 Evangelio

418 1236 549 1290 dicit
579 1254 594 1290 :
621 1234 753 1300 Quir
794 1231 948 1286 vultis
978 1240 1035 1283 ut
1063 1228 1265 1297 faciant
1292 1226 1435 1281 vobis
1462 1224 1719 1288 homines,
1749 1222 1929 1277 eadem
1952 1230 2000 1275 et

418 1344 504 1381 ros
535 1326 689 1395 facite
711 1321 817 1376 illis
842 1319 1058 1392 (Matth.
1095 1318 1212 1386 vn).

495 1414 618 1468 Non
657 1413 766 1467 alta
809 1411 1087 1481 sapientes.
1116 1402 1349 1479 (Ambr.)
1379 1403 1499 1457 Alta
1528 1416 1717 1473 sapere
1752 1398 1999 1470 superbia

420 1516 522 1568 (νει,
552 1521 675 1559 nam
704 1515 759 1559 et
782 1502 1025 1559 diabolus
1051 1515 1173 1556 cum
1210 1499 1316 1553 alta
1343 1497 1521 1567 sapuit
1562 1494 1901 1567 apostatavit.
1929 1491 2005 1547 Ne

423 1599 588 1653 elatio
631 1597 702 1652 sit
744 1597 796 1651 in
828 1595 1032 1659 animo,
1057 1601 1112 1648 et
1134 1606 1470 1663 praesumens
1500 1590 1641 1644 forte
1687 1587 1754 1643 de
1792 1585 2002 1663 incolu-

423 1689 613 1744 mitate
638 1694 790 1742 actus
814 1685 920 1752 sui,
943 1700 1051 1739 non
1082 1682 1363 1739 condoleat
1391 1679 1567 1746 fratri,
1598 1678 1693 1734 sed
1716 1677 2007 1749 exprobret

425 1779 580 1851 quasi
645 1775 941 1848 peccaturi,
999 1774 1114 1828 haec
1163 1771 1415 1842 superbia
1459 1777 1563 1836 est,
1613 1783 1734 1839 qua:
1781 1782 1904 1823 cum
1949 1782 2009 1821 se

425 1870 708 1941 prteponit,
733 1866 975 1932 olfendit,
1006 1863 1149 1934 quod
1184 1872 1237 1917 et
1262 1860 1522 1917 Dominus
1544 1861 1765 1916 denotat
1784 1859 1972 1914 dicens
1996 1878 2009 1912 :

428 1963 582 2034 Ejice
599 1961 797 2015 trabem
823 1959 968 2029 prius
993 1957 1057 2011 de
1080 1956 1230 2011 oculo
1251 1964 1361 2018 tuo,
1386 1965 1433 2009 et
1456 1964 1581 2009 tunc
1606 1952 1801 2009 videbis
1829 1952 2016 2023 ejicere

428 2056 680 2124 festucam
706 2051 768 2105 de
791 2049 944 2105 oculo
974 2049 1159 2120 fratris
1187 2049 1266 2102 tui
1295 2046 1511 2119 (Matth.
1549 2045 1667 2117 vn).
1719 2045 1839 2117 Ipsa
1870 2046 2013 2100 enim

427 2144 592 2200 elatio
619 2151 899 2213 peccatum
927 2148 1031 2207 est,
1062 2154 1127 2195 ac
1151 2140 1196 2195 si
1226 2154 1332 2193 non
1354 2139 1425 2194 sit
1447 2145 1723 2209 peccator,
1750 2137 1891 2207 quod
1918 2137 2018 2190 im-

428 2232 685 2306 possibile
714 2239 818 2297 est,
844 2230 903 2285 fit
923 2238 1176 2300 peccator
1207 2228 1335 2284 dum
1377 2226 1640 2298 superbit.
1669 2226 1912 2296 Denique
1936 2226 2019 2281 di-

434 2326 511 2382 cit
555 2324 839 2396 Scriptura
885 2341 899 2378 :
942 2321 1191 2393 Superbis
1237 2320 1377 2375 Deus
1440 2320 1634 2375 resistit
1675 2318 1729 2391 (I
1759 2315 1904 2374 Petr.
1937 2316 2014 2390 v).

436 2414 633 2488 (θήῃ.)
660 2413 981 2484 Superbiam
1009 2427 1109 2483 per
1125 2412 1305 2468 omnia
1327 2408 1693 2482 refugiendam
1724 2410 1899 2476 docet,
1917 2408 2022 2465 hoc

434 2507 585 2563 enim
612 2506 743 2561 dicit
782 2506 888 2561 alta
906 2504 1127 2561 sentire.
1158 2503 1228 2559 Et
1254 2501 1450 2558 merito
1491 2499 1744 2571 superbia
1770 2498 2021 2571 fugienda

438 2606 543 2662 est,
568 2613 693 2652 cum
723 2594 1005 2666 Scriptura
1039 2594 1191 2660 dicit,
1223 2593 1350 2664 quia
1385 2592 1599 2647 initium
1641 2589 1942 2646 discedendi
1988 2607 2023 2645 a

439 2686 573 2753 Deo,
599 2685 841 2757 superbia
871 2694 945 2740 est
971 2683 1163 2757 (Eccli.
1187 2682 1267 2755 ι).

512 2776 615 2833 Sed
644 2775 929 2832 humilibus
950 2775 1344 2831 consentientes.
1360 2768 1709 2845 (Ambr.)[loc
1730 2779 1837 2838 est,
1854 2778 1913 2826 ut
1935 2769 2027 2826 de-

441 2868 617 2940 posita
643 2867 921 2938 superbia,
936 2866 1167 2922 alienam
1189 2880 1405 2922 causam
1423 2879 1575 2920 suam
1592 2864 1776 2929 faciat,
1797 2872 1852 2918 et
1871 2879 2023 2919 suam

444 2960 599 3032 quasi
629 2959 878 3024 alienam,
929 2967 991 3014 ut
1024 2956 1222 3014 habeat
1259 2957 1490 3029 gratiam
1538 2955 1677 3027 apud
1716 2954 2024 3020 Dominum,

445 3051 573 3122 quia
613 3050 706 3123 qui
749 3064 808 3106 se
853 3046 1177 3105 exaltaverit
1213 3043 1606 3102 humiliabitur.
1641 3041 1838 3114 (Θήρ.)
1883 3041 2028 3097 Bene

449 3152 627 3199 autem
652 3158 761 3198 uno
788 3154 1038 3199 sermone
1076 3138 1469 3195 institutionem
1516 3135 1840 3191 humilitatis
1867 3148 2030 3204 expo-

449 3234 581 3290 suit.
604 3231 923 3288 Consentire
946 3232 1089 3287 enim
1117 3229 1432 3294 humilibus,
1471 3236 1527 3283 et
1554 3240 1735 3281 amare
1758 3224 1990 3280 humiles
2014 3264 2030 3290 ,

450 3338 615 3398 atque
645 3326 908 3383 inclinare
932 3338 991 3381 se
1026 3324 1095 3379 ad
1117 3338 1234 3383 eos.
1256 3323 1361 3378 hoc
1393 3329 1478 3378 est
1520 3331 1877 3375 consuescere
1906 3315 2031 3371 imi-

452 3422 556 3476 tari
583 3435 706 3477 eum
731 3419 970 3490 quicum
998 3418 1052 3471 in
1084 3415 1254 3470 forma
1277 3414 1372 3469 Dei
1392 3419 1558 3477 esset,
1596 3428 1615 3461 ι
1639 3408 1871 3464 formam
1891 3407 2033 3463 servi

453 3507 734 3578 suscepit,
780 3516 835 3563 et
864 3503 1168 3561 bumiliavit
1196 3517 1256 3559 se
1296 3515 1466 3572 usque
1505 3499 1574 3555 ad
1610 3507 1839 3555 mortem
1879 3494 2038 3568 (Phi-

454 3599 581 3671 lipp.
609 3598 691 3672 ιι).
720 3618 738 3650 ι
760 3595 1073 3670 Hypoerita,
1097 3595 1142 3651 si
1165 3595 1300 3652 dicis
1318 3603 1371 3650 te
1388 3593 1611 3658 habere,
1625 3607 1749 3646 cum
1770 3590 1961 3648 credas
1986 3597 2039 3643 te

456 3704 562 3745 non
596 3688 796 3744 habere
822 3694 1130 3759 peccatum,
1149 3684 1281 3740 foris
1301 3682 1457 3755 lingis
1487 3680 1871 3745 humilitatem,
1895 3679 2040 3734 intus

457 3782 798 3854 amplecteris
818 3781 1144 3836 vanitatem;
1163 3792 1295 3849 ergo
1320 3784 1375 3831 et
1398 3776 1451 3832 in
1478 3790 1574 3831 ore
1592 3773 1718 3829 etin
1735 3773 1898 3829 corde
1933 3784 2040 3827 non

2100 478 2464 543 aestimarent,
2528 490 2868 547 nequaquam
2918 483 3238 529 cunctorum
3295 474 3528 528 consilia
3586 490 3701 529 sitae

2097 569 2469 626 deliberationi
2501 576 2922 640 postponerent;
2960 565 3080 621 istis
3102 566 3391 621 dicendum
3422 575 3531 631 est,
3568 566 3700 636 quia

2098 661 2143 717 si
2174 660 2276 713 hoc
2315 658 2457 729 quod
2488 666 2614 713 sunt
2642 666 2920 727 utcunque
2946 656 3315 720 attenderent,
3344 672 3702 729 nequaquam

2098 764 2196 804 eos
2218 764 2315 820 per
2340 756 2417 802 tot
2458 748 2737 802 varietatis
2785 751 2954 801 latera
2987 746 3367 801 mutabilitatis
3396 763 3532 801 aura
3574 762 3705 801 ver-

2099 852 2264 895 saret.
2288 837 2397 893 Illis
2417 851 2514 907 per
2539 836 2763 891 Paulum
2786 836 2982 892 dicitur
3021 854 3033 890 :
3066 834 3248 891 Nolite
3267 837 3551 908 prudentes
3586 855 3707 893 esse

2099 930 2241 1001 apud
2273 930 2642 999 vosmetipsos;
2681 935 2738 982 at
2761 936 2950 982 contra
2976 926 3069 981 isti
3096 927 3369 982 audiunt:
3419 927 3550 983 Non
3593 929 3702 982 cir-

2099 1019 2454 1089 cumferamur
2482 1018 2623 1071 omni
2647 1026 2794 1072 vento
2820 1017 3075 1071 doctrina:
3100 1016 3321 1088 (Ephes.
3352 1017 3453 1089 tv).

2176 1107 2326 1163 Nulli
2361 1107 2558 1162 malum
2593 1123 2687 1177 pro
2714 1106 2854 1161 malo
2883 1106 3175 1161 reddentes.
3204 1106 3442 1177 (Ambr.)
3475 1106 3594 1162 Hoc
3620 1117 3712 1163 est

2101 1198 2244 1269 quod
2292 1198 2423 1254 dicit
2475 1197 2775 1253 Dominus:
2822 1196 2945 1251 Nisi
2986 1197 3337 1252 abundaverit
3357 1199 3583 1269 justitia
3623 1216 3710 1252 ee-

2102 1304 2213 1348 stra
2234 1292 2510 1364 plusquam
2531 1292 2821 1347 scribarum
2840 1303 2889 1346 et
2922 1290 3343 1357 Pharius-orum,
3383 1311 3493 1348 non
3521 1296 3706 1348 intra-

2104 1382 2224 1436 bitis
2262 1382 2318 1435 in
2348 1396 2562 1451 regnum
2593 1378 2694 1434 Dei
2730 1378 2945 1448 (Matth.
2993 1378 3068 1451 ν).
3101 1379 3411 1435 Mandatum
3440 1382 3595 1437 enim
3653 1382 3712 1436 in

2104 1472 2220 1543 lege
2247 1479 2365 1527 erat
2397 1488 2411 1524 :
2452 1469 2648 1540 Diliges
2688 1470 2985 1539 proximum
3024 1478 3172 1523 tuum
3196 1479 3262 1524 «et
3299 1469 3421 1526 odio
3480 1471 3711 1527 habebis

2103 1563 2373 1618 inimicum
2417 1571 2584 1615 tuum.
2629 1559 2779 1626 Huic,
2800 1568 3059 1630 quantum
3081 1560 3313 1625 videtur,
3334 1558 3548 1629 iustitia
3584 1572 3710 1627 est;

2107 1654 2200 1710 sed
2224 1662 2281 1707 ut
2304 1651 2540 1707 abundet
2571 1648 2783 1720 iustitia
2809 1649 3266 1713 Christianorum,
3293 1650 3565 1706 docentur
3591 1667 3709 1705 non

2112 1744 2336 1800 reddere
2364 1742 2564 1797 malum
2584 1757 2684 1813 pro
2704 1741 2867 1807 malo,
2896 1749 2956 1795 ut
2975 1740 3198 1811 perfecti
3221 1742 3349 1805 sint,
3379 1750 3432 1796 et
3463 1758 3564 1811 pro
3600 1743 3713 1797 hoc

2112 1848 2322 1890 merces
2359 1832 2465 1888 illis
2493 1832 2747 1887 reddatur
2776 1832 2830 1885 in
2855 1830 3062 1901 judicio
3088 1832 3205 1887 Dei.
3243 1830 3440 1904 (Or-ig.)
3474 1831 3535 1887 Si
3586 1849 3708 1887 rna-

2111 1924 2221 1980 lum
2254 1922 2455 1980 inferre
2482 1935 2710 1994 peccare
2752 1930 2858 1989 est,
2894 1930 2953 1978 et
2980 1923 3207 1979 reddere
3250 1921 3450 1976 malum
3481 1938 3618 1986 non,
3649 1932 3717 1977 ut

2113 2014 2434 2088 quibusdam
2461 2014 2692 2079 videtur,
2715 2010 2922 2081 justum
2964 2022 3067 2079 est,
3095 2013 3189 2069 sed
3217 2011 3391 2068 simile
3418 2021 3715 2080 peceatum

2113 2113 2217 2171 est,
2242 2112 2335 2158 aut
2359 2112 2418 2158 ut
2439 2118 2540 2175 ego
2572 2103 2829 2170 arbitror,
2849 2103 3013 2159 etiam
3041 2103 3278 2174 gravius.
3302 2101 3437 2157 Nam
3472 2102 3566 2157 ille
3610 2103 3713 2173 qui

2116 2197 2316 2254 malum
2338 2197 2486 2268 prior
2512 2196 2696 2251 intulit
2720 2212 2826 2251 non
2848 2196 3020 2252 sensit
3050 2195 3246 2251 malum
3276 2210 3395 2252 esse
3410 2236 3428 2262 ,
3450 2196 3599 2267 quod
3627 2194 3715 2248 fa-

2116 2287 2418 2358 ceretzqui
2463 2295 2643 2343 autem
2674 2288 2850 2343 reddit
2893 2287 3114 2353 malum,
3140 2302 3210 2344 eo
3232 2288 3347 2359 ipso
3384 2302 3494 2358 quo
3517 2286 3587 2342 ad
3631 2287 3717 2341 nl-

2116 2380 2428 2436 ciscendum
2457 2387 2542 2433 est
2565 2387 2766 2443 motus,
2808 2376 3089 2434 confessus
3109 2385 3196 2434 est
3216 2378 3453 2434 sensisse
3481 2393 3545 2435 se
3585 2395 3713 2432 ma-

2119 2471 2228 2526 lum
2254 2485 2377 2526 esse
2402 2469 2544 2540 quod
2562 2470 2813 2535 reddidit,
2845 2479 2899 2524 et
2925 2469 3046 2525 ideo
3067 2469 3463 2540 respiciendum
3493 2484 3719 2539 semper

2119 2571 2205 2618 est
2228 2561 2296 2616 ad
2313 2576 2437 2615 eum
2463 2560 2554 2630 qui
2580 2560 2715 2615 dixit
2741 2578 2754 2614 :
2783 2559 2919 2614 Mihi
2949 2560 3251 2625 vindictam,
3281 2576 3375 2631 ego
3398 2560 3715 2623 reti-ibunt,

2120 2653 2249 2707 dicit
2273 2650 2524 2706 Dominus
2555 2648 2740 2722 (Hebr.
2765 2649 2844 2722 ι).

2194 2741 2537 2799 Providentes
2561 2743 2696 2798 bona
2720 2759 2824 2797 non
2847 2752 3051 2797 tantum
3079 2758 3261 2796 coram
3282 2740 3416 2807 Deo,
3435 2741 3528 2795 sed
3552 2744 3716 2795 etiam

2124 2851 2302 2890 coram
2340 2834 2578 2889 omnibus
2627 2832 2945 2887 hominibus.
2994 2831 3233 2903 (Ambr.)
3288 2829 3585 2886 Providere
3630 2841 3715 2885 est

2125 2927 2265 2983 bona
2289 2925 2467 2981 futura
2490 2933 2616 2980 ante
2639 2924 2825 2979 oculos
2845 2923 3066 2988 habere,
3097 2932 3157 2979 ut
3176 2939 3239 2979 ea
3283 2933 3546 2995 gerantur
3591 2939 3717 2993 quae

2127 3020 2357 3091 possint,
2385 3025 2669 3088 postquam
2699 3016 2840 3071 facta
2883 3016 3104 3080 fuerint,
3134 3016 3188 3070 in
3234 3015 3717 3085 reprehensionem

2130 3127 2238 3169 non
2264 3112 2473 3177 venire,
2511 3111 2607 3166 sed
2635 3109 2807 3181 magis
2826 3108 2968 3163 laudi
2995 3124 3136 3171 esse.
3185 3109 3301 3163 sive
3349 3108 3492 3177 apud
3524 3107 3716 3170 Deum,

2130 3205 2244 3260 sive
2273 3203 2414 3274 apud
2442 3203 2711 3258 homines.
2740 3199 2818 3255 Ne
2847 3201 2969 3270 quis
2995 3202 3229 3255 restituet
3255 3201 3385 3270 quia
3423 3200 3535 3254 Deo
3568 3199 3715 3255 licita

2130 3311 2237 3352 non
2257 3294 2564 3366 displicent,
2589 3295 2791 3349 idcirco
2827 3308 2932 3347 non
2972 3293 3268 3347 curaulum
3293 3294 3337 3348 si
3378 3293 3535 3347 fratri
3560 3307 3724 3348 scan-

2132 3386 2256 3443 dalo
2279 3386 2425 3452 sint;
2456 3386 2558 3441 hoc
2588 3394 2904 3456 praemonet,
2923 3385 3047 3456 quia
3075 3384 3203 3438 illud
3230 3384 3344 3438 ﬁeri
3367 3383 3553 3448 debet,
3574 3384 3721 3454 quod

2134 3484 2190 3534 et
2228 3478 2336 3533 Deo
2374 3492 2482 3532 non
2527 3475 2826 3546 displiceat,
2865 3485 2921 3531 et
2970 3474 3121 3530 fratri
3154 3474 3407 3530 seandalo
3456 3491 3563 3528 non
3594 3475 3661 3528 sit
3698 3491 3715 3528 :

2135 3583 2202 3625 ac
2236 3570 2282 3625 si
2309 3567 2466 3623 liceat
2491 3576 2547 3623 et
2575 3565 2795 3621 fratrem
2823 3564 3173 3629 scandalizet,
3228 3565 3338 3619 Deo
3371 3579 3478 3619 non
3514 3566 3718 3634 placet,

2136 3661 2263 3732 quia
2302 3661 2445 3715 Deus
2470 3659 2629 3714 saluti
2658 3658 2980 3714 studendum
3029 3665 3248 3712 monet:
3271 3656 3353 3712 sic
3374 3672 3503 3728 ergo
3531 3659 3719 3727 prori-

2139 3751 2335 3807 dentur
2361 3749 2504 3806 bona
2532 3764 2714 3805 coram
2741 3748 2853 3804 Deo
2892 3758 2950 3804 et
2982 3748 3311 3814 hominibus,
3340 3748 3387 3803 si
3416 3762 3480 3802 ea
3508 3764 3632 3819 qua
3657 3749 3724 3802 li-

458 3837 969 3937 babes‘veritatem,
995 3868 1121 3941 quid
1159 3837 1255 3922 tibi
1295 3865 1514 3938 prodest
1532 3864 1703 3919 videri
1737 3861 2044 3918 hominibus
2140 3851 2230 3941 est
2273 3843 2353 3899 sic
2390 3851 2620 3914 asanwr
2656 3858 2724 3898 ne
2759 3841 3069 3897 scandalum
3116 3840 3337 3896 faciant»
3387 3837 3589 3941 (gris)
3620 3840 3724 3907 Qui

463 3962 723 4019 humilem
756 3976 896 4024 esse,
938 3932 1081 4031 quod
1105 3958 1261 4021 dicis,
1285 3932 1330 4012 si
1357 3956 1497 4010 Deus
1522 3953 1669 4009 videt
1710 3952 1874 4006 altum
1920 3964 2044 4005 esse
2141 3936 2267 3992 νῖῐω
2314 3950 2437 4031 Su?
2459 3943 2513 3990 ει
2542 3950 2755 4031 {nullm
2786 3943 2948 4031 θυιιιρ
2973 3941 3372 4031 αοῑυοω-ῑεηθι
3412 3932 3633 3996 libram.
3662 3944 3723 3987 ῐιι

461 4053 604 4124 quod
645 4051 834 4122 sapis?
874 4023 1052 4103 Nolite
1078 4064 1188 4102 esse
1216 4045 1493 4117 prudentes
1516 4042 1655 4114 apud
1686 4041 2041 4111 vosmetipsos.
2145 4044 2251 4083 ηοη
2295 4027 2467 4124 ιξοδείῑ
2508 4025 2577 4080 ab
2626 4025 2735 4080 ullo
2781 4024 2998 4124 hpmine
3044 4023 3389 4124 reprehendi,
3431 4024 3534 4079 iste
3584 4025 3724 4079 bona

467 4111 841 4214 (.Ainbr.).lloc
872 4139 926 4194 in
953 4138 1087 4193 lsaia
1116 4111 1379 4207 propheta
1409 4111 1671 4202 scriptum
1699 4138 1783 4187 est
1805 4129 1940 4202 (Isa.
1967 4128 2049 4201 ιν),
2148 4118 2391 4188 providet
2436 4131 2622 4214 coram
2666 4115 2919 4214 omnibus
2937 4114 3297 4214 "homin-ibus.
3343 4111 3462 4168 Non
3507 4114 3586 4169 ait
3634 4129 3730 4168 au-

464 4203 608 4302 quod
638 4203 724 4285 hic
746 4229 901 4298 quasi.
924 4203 1201 4298 proprium
1219 4203 1400 4294 ponit.
1427 4230 1486 4278 ιιι
1506 4220 1714 4289 iustitia
1746 4219 2028 4276 communi:

2153 4217 2261 4263 tem
2321 4215 2382 4261 ut
2448 4207 2698 4261 omnibus
2749 4204 3059 4260 hominibus
3117 4203 3462 4274 placeamus,
3526 4204 3622 4258 sed
3671 4214 3731 4257 ut

466 4323 749 4386 habeatur,
780 4336 886 4375 non
917 4327 975 4372 ut
1020 4317 1123 4373 sibi
1152 4316 1272 4387 quis
1299 4316 1470 4385 iustus
1500 4314 1589 4379 sit,
1617 4312 1827 4368 caeteris
1867 4319 2047 4367 autem
2150 4297 2535 4368 Ρτονίάοθιηυδ
2556 4296 2694 4351 bona
2723 4310 2905 4349 00mm
2946 4293 3197 4349 omnibus
3243 4293 3587 4356 hominibus;
3631 4293 3734 4347 hoc

469 4384 953 4481 iniustuslerig.)
999 4405 1101 4473 Qui
1142 4384 1242 4461 sibi
1273 4384 1372 4475 ipsi
1412 4403 1649 4473 prudens
1688 4401 1920 4465 videtur,
1960 4399 2049 4454 hic
2078 4426 2128 4486 ι)
2153 4397 2276 4486 est,
2336 4401 2562 4486 agamus
2612 4401 2710 4486 nos
2759 4385 2899 4441 bona
2945 4400 3131 4486 coram
3192 4385 3446 4439 omnibus
3494 4384 3730 4486 homini-

471 4515 593 4554 cutn
622 4499 931 4569 arrogantia
959 4496 1156 4552 stultus
1180 4502 1288 4559 est,
1314 4510 1413 4550 nec
1445 4500 1620 4564 potest
1637 4507 1821 4547 veram
1843 4490 2046 4560 sapien-

472 4592 609 4665 tiatn
629 4590 721 4645 Dei
748 4590 913 4653 scire,
928 4588 1018 4658 qui
1043 4603 1195 4642 suam
1228 4585 1510 4640 stultitiam
1534 4582 1687 4653 quasi
1724 4580 2049 4652 sapientiam

473 4682 620 4740 colit.
646 4680 885 4749 Denique
906 4680 958 4733 in
980 4676 1349 4749 superioribus
1367 4675 1506 4729 hanc
1525 4673 1689 4728 fuisse
1710 4669 2055 4726 incredulita-

475 4776 549 4830 tis
570 4786 793 4832 causam
816 4768 1036 4834 Judzeis,
1067 4768 1179 4837 ipse
1199 4767 1399 4823 Paulus
1418 4765 1632 4821 edocuit
1655 4764 1840 4817 dicens
1859 4761 1925 4814 de
1954 4759 2053 4820 eis,

475 4864 598 4938 quia
613 4864 913 4934 ignorantes
930 4857 1025 4912 Dei
1031 4856 1371 4928 justitiam,et
1387 4871 1537 4910 suam
1545 4852 1810 4925 justitiam
1825 4867 1892 4922 qu
1902 4866 2060 4903 a'ren-

481 4965 555 5010 tes
575 4962 840 5016 statuere,
863 4948 1094 5018 justitiae
1118 4946 1215 5001 Dei
1240 4962 1343 4999 non
1367 4954 1488 5000 sunt
1515 4944 1736 5016 subjecti
1756 4941 1933 5015 (Rom.
1975 4940 2052 5011 κ).

482 5040 693 5119 [Greg.]
715 5040 807 5098 Sic
824 5055 954 5111 ergo
981 5047 1036 5094 et
1058 5036 1151 5109 qui
1180 5035 1320 5108 apud
1344 5034 1693 5105 semetipsum
1717 5031 1933 5101 sapiens
1955 5039 2056 5094 est,

482 5151 587 5191 non
633 5140 813 5204 potest
855 5146 975 5186 esse
1020 5128 1239 5199 sapiens
1293 5125 1436 5198 apud
1487 5125 1674 5180 Deum.
1723 5122 2064 5192 Quapropter

483 5226 639 5282 aliter
685 5221 1008 5279 admonendi
1060 5229 1187 5276 sunt
1225 5218 1549 5291 pertinaces,
1577 5222 1739 5285 atque
1778 5212 1937 5267 aliter
1984 5212 2065 5265 in-

485 5323 830 5378 constantes;
881 5313 989 5369 illis
1025 5311 1314 5368 dicendum
1358 5309 1503 5379 quod
1547 5307 1669 5379 plus
1696 5306 1763 5362 de
1808 5320 1867 5359 se
1900 5319 2062 5373 quam

486 5418 609 5463 sunt
633 5408 869 5463 sentiunt
886 5446 904 5472 ,
926 5414 980 5460 et
1007 5405 1210 5460 idcirco
1235 5402 1425 5457 alienis
1449 5399 1689 5456 consiliis
1718 5413 1822 5453 non
1850 5398 2069 5467 acquie-

489 5506 680 5552 scunt:
714 5498 833 5553 istis
862 5511 993 5551 vero
1023 5495 1379 5552 intimandum
1428 5503 1512 5548 est
1563 5491 1705 5562 quod
1735 5491 1889 5545 valde
1916 5489 1981 5544 de
2009 5502 2069 5544 se

493 5588 846 5656 despicietth
881 5587 1179 5659 negligunt,
1199 5596 1255 5641 et
1281 5585 1402 5641 ideo
1425 5584 1646 5639 levitate
1679 5581 2067 5651 cogitationum

498 5694 528 5735 δ
574 5694 669 5733 suo
709 5679 912 5745 judicio
950 5693 1045 5746 per
1102 5688 1402 5748 temporum
1440 5683 1708 5729 momenta
1764 5672 2067 5726 ﬂectuntur.

2153 4478 2271 4541 bus,
2324 4477 2439 4532 sive
2489 4476 2595 4531 illis
2641 4476 2887 4545 placeant
2939 4490 3060 4545 qua:
3109 4477 3246 4529 bona
3294 4482 3440 4539 sunt,
3472 4474 3592 4529 sive
3628 4490 3733 4528 non

2156 4568 2423 4640 placeant.
2460 4563 2519 4621 Si
2543 4565 2660 4635 ﬁeri
2681 4574 2845 4636 potest
2888 4565 3028 4637 quod
3062 4581 3128 4618 eat
3168 4565 3309 4618 vobis
3334 4575 3430 4629 est,
3476 4582 3595 4618 cum
3627 4581 3738 4617 ons-

2159 4659 2312 4713 nilms
2343 4658 2639 4713 hominibus
2679 4674 2857 4728 parem
2903 4659 3169 4712 habentes.
3223 4657 3432 4728 (οι-οε.)
3486 4658 3740 4711 Hortalus

2160 4752 2303 4807 enim
2349 4750 2659 4821 discipulos,
2691 4759 2752 4805 ut
2776 4765 2961 4820 pacem
3007 4766 3129 4805 cuin
3172 4750 3424 4803 omnibus
3455 4750 3737 4810 haberent,

2162 4841 2441 4911 praemisit,
2488 4841 2695 4905 dicens,
2746 4840 2808 4896 Si
2841 4840 2957 4909 ﬁeri
2981 4849 3178 4911 potest,
3229 4849 3395 4909 atque
3441 4839 3742 4907 subiunxit,

2163 4933 2304 5006 quod
2326 4951 2391 4988 ea:
2417 4933 2556 4987 vobis
2600 4942 2707 4998 est,
2742 4928 2954 4987 diﬂicile
2982 4932 3177 5002 quippe
3217 4939 3351 4993 erat,
3399 4940 3458 4985 ιιι
3511 4931 3558 4986 si
3606 4931 3745 4984 male

2166 5034 2298 5080 acta.
2318 5024 2676 5095 corriperent,
2714 5023 2914 5078 habere
2940 5037 3125 5093 pacem
3154 5037 3278 5077 cum
3317 5021 3572 5077 omnibus
3620 5036 3744 5090 pos-

2167 5119 2297 5183 sint,
2323 5119 2417 5175 sed
2446 5134 2569 5174 cum
2602 5115 2913 5187 temporalis
2937 5131 3039 5186 pax
3072 5114 3127 5170 in
3171 5106 3459 5183 pravorum
3490 5114 3748 5169 caulibus

2170 5224 2236 5265 ex
2261 5219 2445 5265 nostra
2471 5207 2841 5277 increpatione
2858 5205 3223 5272 confunditur,
3238 5203 3498 5259 inviolata
3527 5218 3747 5258 necesse

2167 5311 2255 5360 est
2304 5302 2443 5356 utin
2490 5300 2653 5355 corde
2703 5306 2891 5353 nostro
2938 5306 3209 5360 servetur,
3251 5302 3400 5351 recte
3444 5293 3631 5364 itaque
3654 5293 3754 5350 ait.

2167 5393 2306 5465 quod
2337 5408 2400 5447 ex
2431 5391 2572 5447 vobis
2595 5398 2695 5454 est,
2732 5406 2797 5444 ac
2821 5389 2864 5443 si
2893 5387 3150 5443 nimirum
3177 5387 3360 5442 dicat:
3387 5386 3515 5456 quia
3544 5400 3661 5454 μη
3682 5398 3753 5439 ex

2170 5487 2400 5541 duarum
2427 5483 2659 5554 partium
2685 5496 2949 5537 consensu
2985 5480 3250 5544 subsistit,
3301 5479 3395 5535 sed
3438 5487 3510 5533 ab
3538 5477 3620 5532 eis
3661 5479 3752 5546 qui

2171 5577 2536 5647 corripiuntur
2560 5574 2869 5646 expellitur,
2912 5574 3117 5644 integra
3148 5578 3326 5626 tamen
3352 5569 3407 5622 in
3434 5577 3634 5627 vestra,
3661 5565 3753 5636 qui

2175 5650 2469 5739 corripitis,
2507 5676 2687 5723 mente
2714 5675 2979 5723 teneatur.
3011 5664 3162 5721 Unde
3198 5662 3335 5719 idem
3360 5674 3555 5716 rursus
3586 5656 3754 5713 disci-
