4026 6180
365 311 386 362 1
399 309 500 364 537

888 306 1436 366 ENABR.\T|ONU.\I
1476 309 1543 366 IN
1584 310 1730 368 EPP.
1773 312 1976 368 PAULI
2021 313 2145 367 LIB.
2191 314 2298 369 Vll.
2337 345 2405 356 —-
2441 317 2504 370 ΙΝ
2542 316 2760 374 EPIST.
2800 319 2890 374 AD
2928 320 3093 376 ROM.

3494 327 3628 383 1558

359 422 514 492 pulos
539 422 789 475 :nlmouet
831 423 1015 476 dicens
1045 440 1056 473 :
1083 419 1140 474 Si
1167 423 1282 491 quis
1321 440 1423 476 non
1463 423 1634 478 obrdit
1664 425 1813 480 verbo
1863 442 1943 479 ve-
1973 435 2018 490 Α
2047 425 2220 495 plagis
2245 426 2467 496 allligit;
2495 428 2672 484 solent
2698 430 2841 486 enim
2883 431 2934 486 in
2967 448 3123 502 pmna
3153 435 3484 505 delinquere.
3511 439 3627 495 Non

361 527 490 575 atro,
533 531 624 582 per
669 513 944 582 epistolam
971 515 1106 567 hunc
1151 524 1325 568 notate
1373 525 1419 567 et
1471 531 1574 568 non
1610 515 1942 570 commiscea-

361 607 488 658 mini
516 621 634 658 cum
672 605 784 668 illo,
814 617 868 660 ut
894 604 1275 672 confundatur,
1311 616 1471 674 atque
1502 605 1645 659 illico
1672 605 1940 674 adjunxit,

353 706 406 748 et
437 695 596 749 nolite
639 695 908 748 inimicum
953 694 1218 748 a’stimare
1250 694 1422 758 illum,
1453 695 1544 750 sed
1587 696 1854 764 corripite,
1887 706 1943 749 ut

355 787 576 855 fratrem
618 786 702 857 (Il
731 787 908 841 Thess.
937 789 1052 856 tu);
1085 804 1148 844 ac
1169 789 1214 843 si
1241 790 1476 845 diceret:
1511 805 1696 860 pacem
1732 806 1853 843 cum
1879 805 1946 843 eo

353 886 686 941 exteriorem
725 887 934 953 solvite,
966 888 1062 943 sed
1103 888 1415 944 interiorem
1460 887 1608 942 circa
1653 886 1802 940 illum
1835 902 1946 940 me-

359 979 580 1034 dullitus
599 981 882 1044 custodite,
908 989 967 1034 ιιι
997 980 1270 1049 peccantis
1305 987 1540 1036 mentem
1568 994 1814 1034 securam
1844 979 1946 1033 dis-

355 1068 546 1123 cordia
571 1067 1033 1140 teriat,quatenus
1059 1085 1166 1139 pax
1191 1085 1220 1124 a
1247 1071 1441 1124 vestris
1461 1070 1717 1125 cordibus
1742 1084 1840 1124 nec
1856 1070 1945 1124 ab-

355 1167 551 1230 negata
569 1159 830 1214 discedat.
857 1159 1056 1232 (0rig.)
1083 1162 1273 1218 Sciens
1291 1161 1782 1232 Apostolnspacem
1805 1161 1945 1216 inter

350 1264 497 1318 quos
529 1264 632 1320 pax
676 1250 906 1306 habetur
929 1266 1036 1306 non
1065 1267 1132 1308 ex
1162 1266 1268 1308 una
1299 1260 1472 1322 parte,
1499 1252 1592 1307 sed
1619 1267 1687 1307 ex
1715 1260 1944 1321 utraque

353 1353 630 1409 constare,
655 1359 723 1399 ne
753 1359 854 1400 nos
874 1343 1102 1400 alterius
1117 1345 1362 1411 animus,
1395 1345 1440 1400 si
1472 1343 1610 1400 forte
1639 1345 1943 1414 impacatus

355 1436 588 1500 venerit,
614 1450 646 1489 a
673 1435 816 1490 bono
855 1436 1004 1505 pacis
1050 1436 1309 1506 impedire
1351 1435 1653 1501 videretur;
1692 1435 1940 1490 modera-

357 1527 627 1583 tissimum
657 1526 805 1582 dedit
829 1535 1176 1598 praeceptum,
1201 1527 1492 1582 utinterim
1521 1536 1706 1581 noster
1727 1527 1942 1580 animus

349 1637 571 1692 semper
588 1623 658 1677 sit
679 1631 900 1691 paratus
921 1623 987 1676 ad
1018 1635 1224 1692 pacem,
1243 1627 1306 1674 'et
1329 1619 1616 1675 discordia:
1647 1617 1806 1686 culpa
1835 1632 1940 1671 non

351 1727 525 1781 penes
552 1728 670 1777 nos,
698 1712 792 1767 sed
834 1725 998 1781 penes
1029 1711 1260 1765 alterum
1287 1718 1520 1764 constet.
1553 1707 1659 1762 Sed
1711 1707 1940 1761 fortasse

2046 514 2218 568 solum
2243 516 2307 570 de
2330 517 2590 586 subjectis
2616 519 2906 575 vindictam
2934 523 3182 591 prohibet
3213 536 3625 595 eompetentem,

2045 605 2139 658 sed
2188 613 2240 659 et
2289 607 2355 661 de
2397 607 2618 676 paribus
2658 618 2712 664 et
2752 613 2981 681 magnis,
3029 613 3132 668 hoc
3178 624 3294 679 est,
3349 616 3416 670 de
3461 616 3632 675 fratre

2046 692 2183 750 forte
2210 695 2263 748 in
2296 711 2394 751 nos
2424 708 2686 766 peccante
2734 717 2838 754 non
2885 717 3190 771 qtueramus
3221 707 3505 774 vindicari,
3535 712 3628 766 sed

2048 786 2410 851 remittamus,
2453 790 2546 844 Dei
2568 789 2773 858 judicio
2798 803 3159 861 reservantes,
3190 813 3255 853 ne
3297 801 3422 855 dum
3451 803 3520 856 ab
3547 805 3625 858 ira

2046 875 2369 940 detinemur,
2404 877 2642 934 inveniat
2681 880 2858 937 locum
2906 883 3178 952 inimicus,
3209 889 3260 942 in
3294 904 3400 958 quo
3437 907 3628 964 sugge-

2047 975 2130 1022 rat
2156 978 2213 1023 et
2253 969 2476 1024 suadeat
2525 973 2668 1042 quod
2715 984 2905 1030 contra
2952 992 3052 1032 nos
3097 988 3198 1034 est.
3245 980 3507 1053 Scriptum
3553 997 3628 1040 est

2043 1059 2200 1113 enim.
2235 1058 2306 1114 Ut
2333 1059 2523 1116 fortius
2561 1063 2806 1128 suadeat,
2855 1067 3104 1138 exemplo
3134 1069 3270 1140 legis
3307 1072 3408 1128 hoc
3451 1074 3628 1130 ﬁrmat

2045 1147 2229 1203 dicens
2271 1167 2282 1202 :
2336 1151 2622 1219 scriptum,
2677 1153 2931 1223 inquam,
2983 1167 3057 1210 est
3097 1175 3116 1210 :
3152 1158 3284 1212 Mihi
3321 1162 3624 1230 vindictam,

2043 1259 2135 1314 ego
2166 1245 2599 1308 retribuam,dicit
2627 1247 2885 1303 Dominus
2910 1249 3089 1320 (Deut.
3126 1269 3306 1320 xxxn;
3351 1255 3512 1310 Ilebr.
3545 1258 3624 1328 χ),

2043 1344 2102 1389 ιιι
2125 1336 2170 1390 si
2198 1337 2418 1392 minime
2447 1353 2476 1392 a
2503 1340 2658 1395 nobis
2699 1340 2814 1404 ﬁat,
2837 1341 2978 1410 quod
3012 1342 3188 1408 docet,
3214 1346 3382 1402 Deum
3414 1365 3443 1401 a
3472 1350 3627 1406 nobis

2041 1432 2410 1494 contemptum
2433 1428 2704 1482 ostendat.
2726 1427 2922 1499 (Oi-ig.)
2937 1431 3032 1485 Est
3054 1441 3238 1487 autem
3260 1443 3316 1488 et
3343 1435 3444 1490 hoc
3467 1439 3626 1493 modo

2043 1511 2136 1567 ira:
2156 1511 2333 1568 locum
2347 1515 2498 1582 dare,
2513 1518 2730 1586 quando
2744 1534 2844 1587 pro
2859 1521 2944 1574 his
2959 1537 3080 1591 quae
3098 1523 3402 1580 inferuntur
3417 1527 3628 1596 injuriis

2042 1603 2134 1672 qui
2154 1615 2404 1673 peccant,
2435 1610 2727 1664 secundum
2757 1611 2924 1681 ipsius
2947 1613 3099 1669 Pauli
3119 1619 3465 1684 sententiam,
3491 1620 3627 1675 iram

2041 1696 2144 1750 sibi
2169 1698 2537 1755 thesaurizant
2559 1701 2610 1755 in
2631 1702 2730 1757 diae
2756 1703 2868 1765 irai,
2887 1713 3012 1760 tunc
3031 1721 3152 1762 cum
3176 1709 3467 1764 reddiderit
3487 1713 3627 1768 Deus

354 1802 744 1872 dicabaliquis,
791 1800 1060 1872 quomodo
1108 1806 1286 1870 ροιεει
1330 1797 1444 1852 ﬁeri
1479 1807 1536 1851 υι
1583 1812 1770 1867 pacem
1813 1811 1939 1852 cum
1974 1795 2014 1852 Β
2045 1785 2333 1856 unicuique
2355 1790 2648 1844 secundum
2685 1807 2848 1862 opera
2873 1809 2993 1848 sua.
3031 1795 3087 1850 Si
3114 1812 3244 1869 ergo
3271 1801 3628 1870 nosmetipsos

349 1891 606 1947 omnibus
631 1886 938 1946 hominibus
977 1889 1309 1946 habeamus?
1342 1896 1398 1942 et
1425 1887 1553 1957 quid
1583 1887 1842 1942 faciemus
1873 1886 1939 1941 de

345 1982 656 2053 Scriptura,
687 1998 809 2053 quae
860 1981 1029 2036 dicit:
1064 1978 1260 2033 Furem
1307 1979 1552 2043 videbas,
1595 1987 1642 2031 et
1693 1977 1938 2030 currebas

349 2099 474 2136 cum
501 2081 592 2136 illo
611 2123 624 2146 ,
655 2091 704 2135 et
745 2097 863 2134 cum
889 2079 1148 2133 adulteris
1179 2079 1470 2147 portionem
1497 2086 1643 2130 tuam
1668 2075 1938 2146 ponebas?

349 2171 528 2244 (Psal.
561 2173 733 2243 χιιι.)
761 2172 882 2227 Ideo
911 2185 1043 2241 ergo
1070 2171 1204 2226 bene
1223 2168 1512 2240 Apostolus
1539 2169 1764 2231 addidit,
1794 2169 1936 2238 quod

349 2279 419 2319 ea:
447 2265 585 2319 vobis
613 2275 705 2326 est,
741 2265 842 2318 hoc
877 2277 976 2325 est,
1014 2263 1157 2332 quod
1183 2261 1459 2332 proposito
1497 2268 1678 2315 vestro
1705 2267 1760 2314 et
1811 2259 1932 2314 ﬁdei

349 2363 548 2410 vestra:
581 2353 862 2419 convenit;
910 2368 1031 2407 cum
1065 2352 1220 2407 malis
1262 2353 1405 2407 enim
1438 2352 1636 2406 habere
1663 2366 1848 2420 pacem
1879 2361 1935 2405 et

346 2450 665 2505 societatem
705 2447 824 2503 ﬁdei
860 2456 1056 2503 nostra:
1078 2447 1462 2517 propositoque
1505 2461 1612 2500 non
1638 2445 1928 2500 convenit:

349 2539 599 2607 quamvis
632 2547 686 2592 et
716 2537 818 2591 alia
843 2537 896 2592 in
919 2537 1037 2592 loco
1058 2537 1230 2607 possit
1251 2535 1439 2590 haberi
1463 2534 1756 2589 distinctio.
1775 2533 1932 2588 Aliud

347 2636 436 2684 est
477 2629 620 2684 enim
659 2628 905 2682 homines
950 2642 1156 2692 amare,
1201 2626 1348 2680 aliud
1396 2625 1623 2680 crimina
1673 2624 1927 2694 diligere;

343 2720 440 2788 qui
470 2719 712 2773 homines
731 2726 896 2783 amat,
920 2727 1220 2772 creaturam
1250 2718 1340 2771 Dei
1369 2716 1560 2785 diligit,
1583 2715 1675 2786 qui
1703 2715 1931 2769 crimina

345 2809 547 2879 diligit,
595 2808 794 2863 diaboli
841 2816 1081 2863 sectatur
1133 2809 1376 2872 inventa;
1425 2807 1516 2877 qui
1547 2821 1677 2878 ergo
1705 2806 1931 2876 perfecti

347 2909 500 2963 sunt,
525 2900 629 2953 hoc.
651 2900 767 2968 ipso
792 2915 900 2968 quo
918 2899 1154 2954 oderunt
1175 2899 1427 2964 crimina,
1455 2899 1700 2954 homines
1723 2906 1929 2962 amant,

341 2997 406 3044 et
430 2989 555 3042 odio
605 2989 864 3044 habentes
916 2977 967 3043 in
1014 2989 1094 3044 eis
1143 2989 1273 3043 illud
1317 2989 1461 3058 quod
1511 2997 1768 3059 peccant,
1801 2987 1930 3042 illud

343 3078 491 3147 quod
522 3078 662 3133 Deus
687 3079 893 3132 creavit
916 3093 1101 3133 aniare
1129 3094 1232 3132 non
1265 3079 1550 3134 desistunt.
1572 3077 1800 3148 (Aurinx)
1821 3077 1923 3134 Po-

2041 1877 2399 1944 vindicemus,
2445 1897 2552 1936 non
2589 1891 2674 1937 est
2704 1900 2957 1954 magnum
2981 1889 3127 1956 quod
3159 1905 3258 1960 pro
3287 1891 3480 1961 injuria
3508 1908 3628 1947 sus-

2038 1977 2194 2038 cepta
2217 1970 2510 2037 reddimus,
2541 1973 2686 2027 verbi
2710 1990 2894 2039 causa,
2924 1986 3016 2031 aut
3045 1978 3277 2046 palmam
3299 1995 3400 2048 pro
3424 1981 3631 2050 palma.

2039 2069 2131 2114 aut
2158 2075 2348 2115 saxum
2377 2078 2474 2132 pro
2495 2078 2647 2129 saxo,
2664 2074 2757 2120 aut
2782 2080 2880 2135 pro
2895 2070 3217 2124 contumelia
3241 2073 3512 2129 sermonis
3537 2075 3624 2127 ni-

2039 2153 2331 2209 hilominus
2371 2157 2753 2211 contumeliam
2788 2176 2800 2212 :
2831 2160 2874 2213 si
2923 2175 3052 2215 vero
3081 2177 3362 2218 servemus
3403 2180 3467 2219 ea
3508 2166 3628 2220 vin-

2036 2241 2194 2297 dictae
2217 2240 2336 2309 Dei,
2366 2244 2418 2298 in
2464 2260 2532 2300 eo
2560 2247 2652 2316 qui
2677 2245 2818 2301 ltesit
2847 2265 2945 2304 nos
2972 2249 3148 2305 locum
3179 2252 3372 2307 damus
3399 2253 3513 2318 irar,
3549 2254 3624 2312 illi

2034 2337 2152 2390 sine
2173 2337 2358 2403 dubio,
2386 2354 2548 2409 quam
2574 2339 2676 2394 sibi
2710 2341 2825 2409 ipse
2851 2342 2964 2397 suis
2987 2343 3143 2398 malis
3171 2345 3383 2400 actibus
3408 2347 3628 2401 thesau—

2037 2428 2195 2494 rizat,
2223 2445 2344 2500 quae
2383 2430 2452 2486 de
2497 2446 2562 2487 eo
2615 2432 2669 2486 in
2709 2432 2915 2501 judicio
2959 2435 3050 2490 Dei
3101 2437 3271 2491 multo
3322 2438 3618 2508 graviores,

2033 2535 2194 2590 quam
2237 2538 2335 2576 nos
2377 2521 2579 2576 inferre
2606 2538 2912 2592 possumus,
2945 2526 3124 2596 exigat
3154 2540 3362 2594 paenas.
3401 2524 3620 2598 (Cass.)

2033 2614 2219 2672 Potest
2251 2625 2305 2672 et
2355 2615 2460 2671 alio
2514 2620 2672 2672 modo
2719 2619 2833 2673 bare
2881 2621 3147 2674 sententia
3207 2620 3450 2691 intelligi.
3497 2621 3620 2676 Non

2033 2709 2364 2776 vosmetipsos
2412 2708 2730 2763 vindicantes
2753 2753 2766 2774 ,
2807 2711 3124 2774 charissimi,
3156 2711 3246 2764 sed
3271 2711 3393 2765 date
3441 2710 3619 2767 locum

2031 2797 2148 2861 ine,
2184 2797 2237 2851 id
2265 2806 2366 2861 est,
2413 2813 2756 2868 nequaquam
2798 2800 2863 2852 ad
2899 2799 3194 2855 vindictam
3225 2800 3503 2855 iracundia
3537 2817 3622 2856 co-

2034 2895 2194 2957 gente
2229 2888 2479 2953 tendatis,
2512 2888 2602 2942 sed
2651 2889 2774 2942 date
2819 2888 2992 2942 locum
3029 2890 3125 2943 im
3149 2930 3162 2952 ,
3215 2890 3320 2946 hoc
3363 2899 3478 2955 est,
3513 2907 3619 2946 non

2031 2977 2323 3033 sinteorda
2368 2987 2546 3035 vestra
2579 2980 2659 3034 sic
2694 2981 3045 3049 impatientia:
3070 2997 3134 3036 ac
3163 2982 3620 3049 pusillanimitatis

2031 3071 2296 3142 angustiis
2341 3079 2635 3135 coarctata,
2673 3081 2733 3126 ut
2754 3073 3042 3128 violentam
3072 3074 3450 3129 commotionls
3495 3091 3618 3144 pro-

343 3177 456 3223 test
487 3167 622 3234 ﬁeri,
661 3176 721 3222 ut
744 3169 811 3222 de
856 3170 1048 3224 timore
1075 3183 1100 3209 8
1135 3169 1419 3239 paciﬁcum
1445 3185 1504 3225 se
1526 3171 1648 3240 quis
1692 3169 1930 3240 pnebeat
1957 3154 2000 3215 C
2032 3163 2220 3217 cellam
2264 3180 2386 3220 eum
2412 3165 2634 3221 irruerit
2659 3167 2928 3221 sustinere
2959 3182 3066 3222 non
3096 3168 3325 3238 possint,
3354 3167 3448 3223 sed
3478 3167 3617 3222 dila-

342 3262 423 3316 illi
452 3261 542 3331 qui
568 3261 682 3315 odit
700 3276 918 3331 pacem;
944 3261 1160 3332 quando
1187 3261 1331 3315 enim
1365 3261 1539 3315 vicem
1567 3261 1790 3316 reddere
1816 3278 1928 3315 ma-

348 3353 417 3406 lis
447 3368 552 3406 non
581 3351 712 3416 vult,
741 3351 1000 3420 paciﬁcus
1020 3359 1123 3418 est,
1154 3352 1258 3406 hoc
1297 3360 1402 3418 est,
1430 3353 1496 3406 de
1541 3353 1684 3406 bono
1710 3353 1930 3408 vincere

340 3444 546 3497 utalum
572 3483 587 3508 ,
635 3451 696 3497 ut
740 3443 823 3498 vel
867 3444 1143 3513 obsequiis
1175 3444 1446 3509 vincatur,
1486 3460 1644 3514 quem
1675 3446 1927 3498 mandata

339 3534 480 3604 iegis
510 3549 614 3588 non
661 3534 903 3589 vincunt.
961 3533 1102 3604 Ergo
1127 3535 1170 3586 si
1201 3533 1320 3600 fieri
1349 3543 1534 3602 potest,
1567 3534 1760 3602 inquit,
1788 3534 1927 3604 quod

338 3641 410 3678 ea:
440 3625 580 3679 vobis
609 3635 706 3688 est,
731 3633 791 3678 ut
819 3626 956 3680 bene
985 3634 1205 3695 agentes
1251 3639 1440 3694 pacem
1498 3625 1698 3680 habere
1740 3626 1928 3682 videa-

346 3729 484 3768 mur.
513 3713 631 3769 Jam
657 3716 702 3770 si
732 3731 836 3770 non
884 3716 1047 3770 fuerit
1089 3725 1301 3771 amator
1333 3718 1503 3787 pacis,
1527 3725 1584 3772 tu
1631 3726 1808 3774 tamen
1846 3719 1928 3774 vis

343 3821 464 3860 esse
500 3806 778 3875 paciﬁcus,
807 3816 1067 3877 quantum
1098 3809 1162 3863 ad
1194 3819 1244 3863 te
1275 3811 1524 3878 pertinet.
1556 3810 1612 3866 Si
1636 3820 1817 3865 autem
1861 3812 1929 3866 ir-

342 3913 600 3955 reverens
637 3909 694 3954 et
721 3900 1068 3969 blasphemus
1091 3903 1216 3971 quis
1241 3904 1331 3965 sit,
1359 3912 1412 3957 et
1452 3918 1640 3972 pacem
1670 3919 1791 3958 cum
1833 3904 1924 3958 illo

343 3990 545 4045 habere
584 4006 690 4045 non
752 3990 949 4060 possis,
993 4006 1099 4045 non
1146 3992 1333 4061 utique
1391 3993 1486 4047 tibi
1540 3992 1917 4048 ascribendum

335 4081 466 4145 erit,
499 4081 623 4151 quia
652 4079 889 4136 Joannes
922 4082 1196 4153 apostolus
1222 4097 1315 4136 eos
1341 4083 1432 4151 qui
1463 4090 1660 4153 negant
1685 4083 1739 4137 in
1763 4098 1928 4139 carne

341 4171 613 4226 Christum
642 4171 852 4226 venisse
876 4187 974 4226 nec
1008 4171 1228 4225 salutari
1255 4173 1519 4240 permisit.
1539 4171 1646 4227 Nos
1675 4187 1802 4242 ergo
1827 4188 1923 4242 pa-

336 4264 443 4318 rati
495 4265 683 4326 simus,
716 4263 761 4318 si
795 4273 974 4333 potest
1003 4263 1145 4330 ﬁeri,
1186 4272 1246 4319 ut
1295 4280 1418 4319 cum
1446 4266 1698 4321 curulibus
1735 4281 1923 4336 pacem

345 4355 658 4421 habeamus,
689 4355 812 4410 aliis
857 4365 1034 4410 autem
1069 4358 1492 4427 repugnantibus
1539 4358 1634 4414 ﬁet
1667 4360 1921 4430 impossi-

341 4445 660 4506 bile,nonex
687 4446 864 4508 nobis,
881 4447 930 4500 si
951 4448 1017 4500 de
1039 4446 1193 4502 nobis
1213 4446 1433 4516 querela
1465 4463 1570 4503 non
1599 4449 1917 4518 deponatur;

2035 3253 2218 3308 tamiui
2259 3254 2311 3308 in
2337 3255 2591 3311 cordibus
2619 3257 2816 3311 vestris
2848 3257 3208 3327 suscipientes
3235 3257 3494 3313 adversos
3516 3259 3620 3312 ira-

2029 3343 2239 3402 cundia:
2292 3343 2485 3399 ﬂuctus
2533 3347 2585 3400 in
2644 3346 2768 3411 illis,
2800 3348 3007 3402 extensi
3070 3348 3268 3403 ﬁnibus
3310 3349 3615 3415 ebaritatis,

2031 3451 2150 3503 qua:
2179 3437 2360 3492 omnia
2390 3437 2599 3504 suﬁ'ert,
2631 3440 2812 3493 omnia
2858 3441 3088 3495 sustinet
3119 3439 3168 3512 (Ι
3203 3440 3326 3496 Cor.
3364 3441 3482 3513 vni)
3509 3481 3524 3508 ,
3564 3451 3621 3496 et

2029 3530 2102 3586 ita
2130 3547 2433 3588 mensuram
2475 3533 2826 3604 amplitudine
2873 3534 3294 3603 longanimitatis
3322 3551 3385 3590 ac
3413 3535 3620 3606 patien-

2029 3623 2119 3677 tia:
2148 3623 2368 3679 dilatata
2418 3625 2614 3678 habeat
2647 3624 2700 3678 in
2730 3640 2789 3678 se
2832 3626 3182 3680 consiliorum
3215 3628 3484 3682 salutares
3537 3644 3620 3681 re-

2028 3729 2248 3779 cessus,
2275 3715 2328 3767 in
2359 3714 2553 3781 quibus
2583 3723 2832 3781 receptus
2879 3716 3279 3784 quodammodo
3310 3725 3472 3786 atque
3516 3718 3619 3772 dif-

2029 3803 2180 3859 fusus
2241 3804 2550 3858 teterrimus
2598 3803 2890 3858 iracundia:
2947 3805 3124 3860 fumus
3176 3808 3426 3873 protinus
3490 3823 3618 3863 eva.

2027 3893 2220 3948 nescit.
2243 3891 2340 3947 Vel
2370 3901 2516 3947 certe
2544 3893 2617 3946 ita
2644 3893 3046 3963 intelligendum
3061 3905 3173 3952 est:
3204 3896 3403 3953 Damus
3439 3898 3615 3961 locum

2028 3985 2124 4040 ira:
2176 3985 2390 4054 quoties
2440 3986 2848 4040 commonitioni
2926 3986 3149 4044 alterius
3215 3989 3405 4045 humili
3455 3999 3618 4061 atque

2028 4074 2318 4144 tranquilla
2347 4083 2527 4130 mente
2556 4075 2978 4140 succumbimus,
3006 4086 3067 4132 nt
3105 4080 3505 4148 quodammodo
3535 4083 3614 4136 di-

2027 4181 2160 4236 gnos
2186 4182 2284 4222 nos
2304 4167 2544 4236 qualibet
2567 4167 2758 4236 injuria
2783 4171 3101 4238 proﬁtentes
3128 4173 3474 4242 impatientius
3493 4190 3610 4230 ser-

2025 4262 2230 4317 vientes
2254 4261 2619 4330 obsequimnr.
2638 4261 2905 4317 Caeterum
2933 4263 2986 4317 bi
3011 4265 3100 4333 qui
3120 4263 3192 4320 ita
3234 4280 3450 4320 sensum
3474 4266 3617 4336 Apo-

2024 4353 2228 4408 stolicaz
2259 4350 2608 4422 perfectionis
2639 4353 2901 4407 inclinant
2923 4353 3169 4408 utlocum
3206 4355 3299 4408 ira:
3332 4355 3450 4411 illos
3485 4357 3617 4412 dare

2001 4434 2364 4504 existiment,
2393 4442 2484 4510 qui
2501 4442 2568 4495 ab
2587 4443 2852 4497 irascente
2867 4443 3171 4508 discedunt,
3210 4445 3461 4499 videntur
3481 4448 3612 4500 mihi

342 4536 436 4605 qui
464 4536 606 4590 enim
637 4535 839 4590 "unum
870 4536 1042 4600 ιίιειιει,
1069 4512 1292 4606 appar—ei
1311 4552 1430 4592 esse
1471 4512 1744 4607 paciﬁcus,
1795 4512 1918 4592 Νοῂ
1953 4512 1998 4570 υ
2023 4529 2632 4586 dissensionisl‘omitem
2647 4546 2750 4585 non
2766 4532 3215 4599 abscindere,sed
3232 4536 3460 4591 nutrire.
3503 4534 3616 4590 Nisi

337 4625 677 4694 vosmetipsos
710 4623 1064 4692 defendentes,
1095 4626 1425 4690 charissimi,
1457 4627 1547 4680 sed
1591 4627 1710 4681 date
1746 4627 1918 4682 locum

334 4715 455 4768 ine.
492 4714 560 4770 Ut
589 4717 736 4785 pacis
761 4715 961 4770 fmdera
985 4718 1190 4771 servari
1212 4717 1440 4786 possint,
1470 4719 1536 4772 ab
1567 4718 1646 4772 ira
1668 4719 1920 4774 dissimu-

341 4803 560 4858 landum
587 4815 788 4869 monet,
820 4808 1049 4860 maxime
1072 4807 1325 4875 quoniam
1352 4822 1452 4877 per
1472 4808 1611 4862 iram
1633 4809 1769 4863 solet
1791 4825 1919 4878 pec-

336 4896 474 4957 cari,
506 4911 628 4950 cum
651 4897 867 4964 quando
891 4898 1012 4966 quis
1035 4895 1218 4952 furore
1251 4908 1570 4964 commotus,
1600 4900 1722 4970 plus
1757 4903 1926 4971 exigit

336 5002 502 5054 quam
523 4987 754 5056 postulat
777 5002 938 5042 causa
954 4989 1153 5053 delicti,
1178 4999 1272 5044 aut
1283 4991 1384 5046 sibi
1402 4993 1501 5061 ipsi
1526 4993 1922 5048 incommodum

337 5085 580 5144 praestat,
627 5077 669 5131 si
706 5079 952 5148 graviora
984 5088 1205 5148 peccata
1233 5084 1557 5152 competenti
1611 5084 1925 5155 [incompe-

337 5165 494 5237 tenti}
533 5167 764 5222 vindicta
804 5169 919 5223 vult
967 5171 1189 5240 exsequi
1219 5186 1232 5225 :
1261 5173 1491 5228 debilem
1543 5176 1686 5229 enim
1738 5175 1922 5245 eﬁicit,

331 5271 496 5324 quem
526 5257 702 5324 potuit
728 5260 1070 5313 emendatum
1115 5261 1315 5316 habere
1355 5275 1410 5317 et
1439 5279 1650 5319 sanum.
1681 5265 1835 5321 Unde
1871 5278 1925 5322 et

338 5345 594 5402 Salomon
621 5366 632 5400 :
667 5347 817 5413 Noli,
846 5350 939 5412 ait,
961 5351 1142 5420 justus
1174 5368 1285 5406 esse
1314 5353 1574 5409 multum?
1602 5355 1800 5426 (Eccle.
1826 5354 1946 5423 vn.)

316 5437 411 5490 Est
448 5439 608 5502 enim,
656 5438 852 5507 inquit,
893 5441 982 5510 qui
1027 5444 1159 5512 perit
1206 5443 1260 5497 in
1303 5461 1400 5500 sua
1441 5445 1668 5515 justitia.
1727 5447 1924 5506 Volens

333 5526 479 5578 etaim
521 5526 745 5595 singulis
777 5531 1012 5598 peccatis
1043 5531 1390 5602 respondere,
1433 5537 1577 5591 circa
1626 5539 1922 5594 vindictam

338 5623 567 5670 mortem
622 5627 799 5686 potest
851 5619 1092 5676 invenire
1145 5631 1253 5677 tam
1313 5624 1414 5679 sibi
1457 5642 1618 5695 quam
1670 5630 1719 5684 ei
1759 5647 1918 5700 quem

402 5740 431 5767 ³
455 5727 513 5781 ιη
542 5729 804 5798 impresso
831 5731 1044 5785 additur
1070 5731 1184 5785 Dei.

2023 4622 2167 4676 enim
2183 4622 2453 4675 iracundia
2469 4621 2695 4692 proximi
2713 4623 2898 4678 humili
2915 4625 3096 4678 statim
3111 4625 3482 4682 satisfactione
3501 4628 3620 4682 vin-

2025 4720 2199 4776 catur,
2227 4722 2482 4782 provocat
2515 4728 2633 4768 eam
2675 4713 2884 4783 fugiens
2925 4717 3130 4790 potius,
3159 4734 3320 4788 quam
3362 4720 3612 4774 declinat.

2099 4801 2156 4858 Si
2178 4805 2418 4857 esui-ierit
2456 4805 2699 4858 inimicus
2727 4813 2869 4871 tuus,
2907 4807 3023 4861 ciba
3054 4808 3240 4874 illum;
3277 4810 3322 4864 si
3354 4813 3482 4874 sitit,
3523 4829 3617 4880 po-

2029 4902 2137 4946 tum
2165 4894 2234 4946 da
2271 4893 2396 4948 illi:
2445 4894 2542 4948 hoc
2565 4895 2702 4948 enim
2742 4895 2963 4964 faciens,
3027 4898 3277 4952 carbones
3309 4901 3444 4968 ignis
3491 4917 3615 4954 con-

2029 5000 2172 5052 geres
2204 5001 2361 5053 super
2393 4994 2547 5055 caput
2590 4985 2724 5055 ejus.
2776 4987 2960 5057 (Aug.)
3015 4987 3164 5054 Quod
3208 4998 3386 5044 autem
3420 4992 3516 5051 ait.
3570 4995 3615 5046 si

2027 5074 2266 5126 esurierit
2305 5073 2546 5127 inimicus
2571 5083 2714 5138 tuus,
2743 5075 2856 5128 ciba
2881 5074 3027 5128 illuni
3054 5093 3072 5140 ;
3103 5077 3148 5131 si
3171 5079 3301 5142 sitit,
3347 5091 3526 5149 potum
3546 5083 3615 5135 da

2027 5160 2106 5214 illi
2140 5174 2158 5212 :
2205 5160 2302 5214 hoc
2330 5161 2467 5214 enim
2494 5161 2711 5230 faciens.
2739 5162 2985 5217 carbones
3024 5165 3160 5234 ignis
3191 5184 3435 5237 congeres
3460 5186 3618 5238 super

2030 5259 2181 5320 caput
2217 5250 2354 5319 ejus,
2412 5249 2597 5304 multis
2623 5251 2790 5305 videri
2823 5262 3000 5314 mlest
3035 5269 3336 5326 repugnare
3381 5260 3455 5314 illi
3489 5277 3613 5314 scn-

2030 5339 2232 5402 tentiaz,
2257 5353 2364 5408 qua
2395 5338 2652 5393 Dominus
2676 5341 2937 5409 praecipit,
2965 5351 3023 5395 ut
3059 5343 3344 5415 diligamus
3367 5348 3614 5404 inimicos

2031 5437 2270 5493 nostros,
2297 5436 2353 5483 et
2392 5442 2610 5482 oremus
2654 5443 2752 5498 pro
2779 5429 2862 5482 his
2905 5432 2996 5498 qui
3046 5447 3144 5486 nos
3179 5447 3608 5505 persequuntur;

2029 5519 2113 5574 vel
2147 5519 2272 5573 huic
2300 5518 2466 5573 etiam
2493 5532 2654 5586 quam
2685 5520 2822 5573 idem
2845 5520 3134 5590 Apostolus
3166 5527 3414 5595 superius
3437 5529 3608 5583 dixit:

2029 5608 2323 5664 Benedicite
2344 5616 2392 5661 et
2421 5606 2580 5660 nolite
2605 5607 2942 5673 nui/edicere;
2979 5623 3033 5666 et
3061 5613 3252 5668 iterum
3279 5633 3289 5667 :
3335 5614 3483 5670 Nulli
3509 5637 3614 5672 ma-

2025 5705 2132 5757 lum
2150 5715 2243 5765 pro
2267 5697 2405 5751 malo
2421 5697 2710 5753 recidentes.
2732 5701 3009 5766 Quomodo
3031 5705 3172 5758 enim
3196 5708 3424 5779 quiSquc
3444 5712 3611 5782 diligit
