4026 6180
467 340 494 396 1
503 339 610 396 559

1115 339 1174 392 Β.
1219 337 1470 393 RABANI
1509 336 1724 392 MAURI
1764 335 2080 392 ARClllEP.
2123 334 2430 394 MOGUNT.
2460 339 2745 396 OPERUM
2786 340 2962 396 PARS
3003 341 3086 396 Ill.

3603 346 3753 400 1560

465 469 611 518 eum,
647 453 735 510 cui
764 461 1046 524 propterea
1068 453 1248 509 cibum
1270 461 1325 508 et
1349 461 1536 523 potum
1559 452 1670 517 dat,
1703 460 1762 508 ut
1789 451 2052 507 carbones
2081 452 2127 512 A
2155 462 2421 524 praecepta
2445 456 2624 526 potius
2647 457 2808 520 dicat,
2836 473 2996 527 quam
3013 457 3152 512 dona
3179 477 3195 514 :
3221 461 3313 513 sed
3341 459 3764 520 consideremus

467 547 606 616 ignis
657 553 918 616 congerat
957 561 1119 615 super
1147 555 1306 615 caput
1336 545 1484 614 ejus,
1541 545 1585 600 si
1609 543 1874 600 carbones
1915 543 2054 615 ignis

467 639 570 692 hoc
599 637 718 693 loco
747 637 982 706 aliquam
1023 651 1238 706 gravem
1267 649 1485 706 pinnam
1522 635 1876 706 signiﬁcant?
1905 635 2052 701 Qua-

461 736 687 798 propter
737 727 1142 799 intelligendum
1172 737 1278 793 est,
1322 727 1390 781 ad
1429 727 1532 782 hoc
1573 726 1776 781 dictum
1808 741 1948 790 esse,
1997 735 2056 780 ut

463 837 589 877 eum
633 820 725 891 qui
772 835 870 874 nos
918 819 1116 874 laeserit
1167 834 1521 889 provocemus
1570 818 1635 872 ad
1679 817 2054 887 paenitentiam

461 911 592 967 facti
618 911 722 976 sui,
754 925 878 966 cum
907 910 956 964 ei
991 925 1088 964 nos
1118 908 1550 974 benefaciamus;
1582 907 1670 962 isti
1701 907 1844 961 enim
1871 908 2057 962 carbo-

461 1017 562 1058 nes
613 1002 754 1074 ignis
787 1001 854 1056 ad
883 1001 1246 1065 exustionem,
1309 999 1492 1062 idest,
1547 997 2054 1052 contribulationem

462 1093 686 1164 spiritus
729 1092 934 1157 valent,
989 1091 1078 1160 qui
1111 1099 1196 1145 est
1222 1089 1373 1160 quasi
1409 1088 1810 1160 caputanimte,
1856 1089 1908 1143 in
1949 1105 2055 1160 qua

459 1183 711 1238 exuritur
747 1181 926 1237 omnis
974 1179 1201 1246 malitia,
1243 1195 1365 1235 cum
1411 1179 1572 1235 homo
1611 1180 1662 1234 in
1707 1179 1898 1235 melius
1936 1187 2057 1250 post

457 1275 828 1346 pmnitcntiam
859 1281 1241 1337 commutatur,
1285 1281 1346 1326 ut
1395 1272 1502 1328 sint
1555 1271 1629 1326 illi
1669 1272 1934 1327 carbones
1985 1272 2052 1328 de

457 1367 656 1438 quibus
685 1367 885 1422 dicitur
915 1367 968 1420 in
994 1365 1224 1421 Psalmis
1261 1363 1433 1436 (Psal.
1469 1363 1618 1435 cm)
1653 1382 1666 1418 :
1707 1363 1848 1430 Quid
1901 1364 2056 1419 detur

457 1456 552 1510 tibi
589 1466 636 1510 et
658 1455 785 1526 quid
809 1464 1108 1526 apponatur
1134 1454 1226 1508 tibi
1258 1453 1328 1507 ad
1355 1453 1587 1524 linguam
1616 1453 1897 1508 dolosam?
1953 1451 2057 1508 Sa-

457 1547 602 1616 gitta:
666 1545 888 1616 potentis
934 1554 1102 1598 acum:
1156 1561 1274 1598 cum
1336 1543 1649 1598 carbonibus
1697 1542 2050 1598 desolatoriis.

455 1634 698 1706 (Ambr.)
742 1635 858 1690 Non
885 1638 1083 1691 nudam
1105 1635 1398 1691 vindictam
1423 1636 1534 1690 Deo
1563 1634 1830 1690 reservari
1852 1637 2055 1690 debere

455 1727 714 1794 ostendit,
780 1727 876 1783 sed
926 1735 982 1784 et
1011 1727 1275 1783 beneﬁcia
1333 1727 1448 1783 dari
1488 1727 1744 1792 inimicis,
1819 1735 1878 1782 ut
1925 1741 2056 1782 vere

2159 545 2486 618 diligentius,
2513 563 2582 604 ne
2613 547 2750 604 forte
2782 550 3036 618 quoniam
3064 551 3154 619 qui
3179 553 3280 604 3cm
3309 553 3360 606 in
3384 553 3473 608 his
3494 555 3760 608 omnibus

2156 638 2624 694 moralem-locum
2665 648 2898 695 tractare
2943 641 3196 706 instituit,
3248 651 3300 696 et
3337 658 3445 697 non
3476 643 3663 698 solum
3703 643 3758 697 in

2157 731 2260 786 lidc
2288 731 2532 786 veritatis
2552 732 2799 786 stabilem
2830 742 2886 786 et
2912 732 3263 798 immobilem,
3289 748 3481 788 rerum
3501 735 3554 788 in
3587 735 3762 787 mori-

2154 821 2256 875 bus
2295 831 2544 876 ornatum
2589 823 2763 878 facere
2815 822 3202 888 Christianum,
3255 825 3376 879 ideo
3422 825 3492 878 ad
3523 840 3754 879 munera

2155 912 2449 983 gratiarum
2509 912 2674 968 etiam
2724 913 2950 968 moralia
3001 922 3268 985 prmcepta
3319 913 3644 984 coniungat,
3697 923 3758 966 ut

2154 1004 2407 1058 ostendat
2423 1003 2747 1058 Christianis
2774 1005 2938 1058 etiam
2965 1005 3077 1060 haec
3095 1019 3193 1074 per
3221 1005 3313 1058 Dei
3341 1005 3578 1074 gratiam
3608 1004 3752 1057 dari.

2156 1091 2294 1147 Sunt
2319 1093 2464 1148 enim
2503 1101 2558 1147 et
2582 1093 2823 1148 nonnulli
2845 1093 3122 1165 gentilium
3157 1095 3478 1165 compositis
3505 1095 3758 1148 moribus

2155 1193 2210 1240 et
2238 1186 2464 1240 honeste
2487 1185 2762 1249 institutis,
2802 1185 2894 1253 qui
2921 1193 3098 1240 tamen
3125 1184 3229 1239 hoc
3255 1185 3452 1248 ipsum,
3487 1185 3640 1254 quod
3665 1185 3756 1238 ha-

2156 1276 2307 1340 bent,
2361 1289 2466 1328 non
2501 1274 2569 1328 ad
2594 1275 2764 1328 Deum
2802 1272 3065 1338 referunt,
3117 1289 3216 1328 nec
3249 1275 3318 1328 ab
3343 1275 3466 1344 ipso
3505 1271 3616 1328 sibi
3659 1272 3756 1325 da-

2155 1373 2264 1419 tam
2298 1363 2523 1435 gratiam
2565 1363 2912 1426 conlitentur.
2955 1366 3162 1420 sedant
3183 1365 3414 1434 propria:
3465 1363 3757 1418 industria:

2154 1455 2456 1519 ascribunt,
2499 1463 2594 1508 aut
2623 1469 2788 1524 super
2813 1454 3089 1526 magistris
3123 1463 3181 1510 et
3209 1455 3621 1508 institutoribus
3643 1453 3758 1525 glo-

2157 1547 2388 1601 riantur.
2417 1545 2582 1601 Nobis
2607 1548 2788 1600 autem
2810 1545 3050 1602 ostendit
3075 1546 3367 1618 Apostolus
3408 1562 3576 1601 omne
3601 1547 3755 1617 quod

2155 1637 2355 1694 bonum
2407 1647 2492 1693 est
2543 1653 2575 1692 a
2629 1637 2740 1692 Deo
2776 1652 2918 1704 esse,
2963 1645 3020 1692 et
3055 1652 3154 1708 per
3193 1636 3453 1708 Spiritum
3489 1649 3752 1693 sanctum

2155 1729 2270 1784 dari
2321 1729 2462 1784 sicut
2493 1736 2547 1784 et
2595 1727 2830 1784 Iacobus
2859 1728 3134 1800 apostolus
3165 1729 3296 1784 dicit
3321 1747 3335 1782 :
3361 1727 3534 1783 Omne
3557 1729 3753 1782 datum

455 1817 803 1873 ostendamus
831 1832 936 1872 non
962 1817 1168 1872 meritis
1193 1816 1396 1872 nostris
1427 1816 1624 1872 habere
1653 1831 1752 1871 nos
1774 1816 2042 1884 inimicos,
2074 1806 2121 1866 Β
2149 1819 2362 1885 bonum,
2415 1827 2464 1873 et
2514 1834 2666 1872 omne
2712 1819 2909 1873 donum
2974 1819 3258 1889 perfectum
3315 1819 3600 1872 desursum
3649 1829 3753 1882 est,

454 1922 594 1976 quos
619 1915 679 1962 ut
700 1908 767 1962 ab
789 1906 1088 1962 inimicitiis
1112 1906 1384 1970 desinant,
1413 1906 1686 1976 obsequiis
1717 1906 1936 1963 vincere
1957 1907 2042 1962 ni-

457 1997 625 2052 timur
654 2015 668 2050 :
694 1997 787 2068 qui
835 1997 883 2052 si
921 1997 974 2051 in
1007 1996 1305 2052 inimicitiis
1333 1997 1744 2066 perduraverint
1771 1997 2045 2067 impietate

452 2088 651 2144 mentis
692 2103 821 2153 suae,
881 2097 1064 2144 nostra
1099 2087 1359 2157 obsequia
1385 2086 1670 2158 proﬁcient
1696 2087 1802 2143 illis
1839 2089 1904 2142 ad
1935 2103 2047 2158 pm-

453 2188 606 2244 nam,
647 2185 740 2232 aut
784 2184 934 2234 certe
974 2177 1358 2247 obsequiorum
1401 2186 1712 2232 nostrorum
1753 2178 2044 2234 sedulitate

453 2271 782 2342 compuncti,
813 2269 958 2326 velut
1003 2271 1268 2327 carbones
1315 2270 1515 2326 mortui
1574 2270 1924 2326 reviviscant.
1971 2270 2045 2326 Ut

453 2378 583 2436 ergo
621 2379 720 2420 nos
748 2363 804 2418 in
839 2371 1049 2418 tantum
1095 2361 1367 2435 perfectos
1393 2361 1590 2428 faciat,
1635 2370 1694 2417 ut
1722 2378 1832 2418 non
1869 2361 2043 2418 solum

452 2477 552 2518 nos
581 2461 746 2533 ipsos,
769 2461 864 2517 sed
894 2469 951 2517 et
977 2461 1132 2528 alios,
1151 2461 1496 2530 acquiramus
1512 2458 1579 2514 ad
1594 2459 1780 2524 vitam,
1811 2458 2044 2514 inimicis

451 2567 559 2608 non
582 2553 757 2608 solum
783 2551 954 2607 vicem
982 2551 1209 2607 reddere
1233 2549 1487 2620 prohibet
1525 2549 1786 2605 Dominus
1817 2563 1920 2620 per
1937 2548 2041 2604 Sa-

452 2641 746 2708 lomonem,
804 2657 993 2698 verum
1037 2641 1203 2698 etiam
1249 2641 1588 2696 humanitate
1640 2640 1707 2695 ad
1748 2640 2042 2696 amicitiam

449 2748 749 2804 provocare
779 2733 1046 2790 hortatur.
1093 2732 1223 2789 Noli
1273 2733 1408 2788 uinci
1457 2749 1490 2786 a
1545 2731 1708 2799 malo,
1749 2732 1840 2786 sed
1893 2732 2043 2786 vince

451 2826 509 2880 in
569 2823 702 2879 bona
755 2823 976 2880 malum.
1035 2822 1163 2880 Haec
1223 2823 1602 2894 interpretatio
1666 2830 1752 2878 est
1800 2821 2042 2893 Apostoli

452 2913 810 2981 cobortantis,
880 2929 949 2969 ne
1005 2914 1181 2970 vicem
1236 2913 1526 2970 reddamus
1585 2913 1852 2980 inimicis,
1903 2913 2044 2971 sicut

452 3005 659 3061 dictum
684 3012 788 3062 est.
838 3004 1062 3061 Multum
1089 3005 1232 3061 enim
1259 3003 1502 3076 proderit
1535 3004 1715 3072 nobis,
1746 3005 1793 3061 si
1823 3006 2042 3062 malitiae

451 3095 748 3164 cedamus;
792 3096 960 3152 vincit
992 3096 1134 3151 enim
1161 3095 1382 3163 mahim,
1433 3095 1526 3167 qui
1554 3096 1624 3152 ad
1650 3103 1864 3169 tempus
1897 3096 2040 3152 vinci

2145 1909 2460 1964 descendens
2483 1927 2516 1964 a
2543 1907 2700 1963 Patre
2725 1909 2985 1964 luminum
3014 1909 3158 1982 (Jac.
3190 1913 3252 1980 t),
3289 1918 3369 1974 ut,
3414 1910 3507 1979 qui
3549 1909 3754 1981 gloria-

2145 2011 2233 2056 tur
2263 2002 2318 2056 in
2336 2001 2558 2056 Domino
2571 2000 2890 2073 glorietur(l
2917 1999 3040 2057 Cor.
3071 2001 3585 2074 t).Videamusergo
3599 2017 3753 2058 nunc

2144 2093 2273 2164 quid
2289 2093 2452 2149 etiam
2472 2093 2524 2148 in
2541 2092 2994 2163 consequentibus
3007 2093 3591 2165 adjungatApostolus.

2741 2184 2975 2242 CAPUT
3014 2185 3150 2240 Xlll.

2147 2278 2310 2334 Docet
2358 2277 2637 2348 Apostolus
2693 2280 2924 2333 minores
2971 2277 3180 2348 obedire
3233 2275 3596 2348 superioribus
3651 2291 3750 2346 per

2512 2347 2902 2406 subcentionem
2928 2357 2977 2404 et
3002 2347 3354 2402 dilectionem.

2217 2458 2471 2513 Omnibus
2497 2457 2839 2529 potestatibus
2883 2457 3273 2513 sublimioribus
3317 2455 3514 2510 subditi
3553 2465 3746 2518 estote,

2143 2565 2248 2604 non
2259 2558 2334 2604 est
2345 2549 2481 2604 enim
2493 2559 2721 2620 potestas
2741 2550 2844 2604 nisi
2865 2567 2897 2604 a
2921 2549 3048 2604 Deo.
3069 2547 3252 2622 (Aug)
3269 2547 3422 2615 Quod
3437 2556 3624 2602 autem
3640 2549 3742 2600 ait:

2146 2639 2331 2696 Omnis
2371 2641 2549 2696 anima
2588 2640 2927 2712 potestatibus
2968 2639 3358 2695 sublimioribus
3397 2639 3612 2693 subdita
3648 2639 3743 2702 sit,

2144 2748 2248 2788 non
2272 2741 2348 2788 est
2384 2732 2527 2788 enim
2562 2741 2793 2804 potestas
2824 2733 2926 2786 nisi
2962 2749 2995 2786 a
3024 2731 3152 2797 Deo,
3201 2731 3509 2786 rectissime
3553 2729 3746 2784 adn»-

2141 2832 2256 2892 net,
2285 2839 2355 2879 ne
2383 2824 2506 2894 quis
2533 2839 2600 2880 ex
2621 2837 2708 2890 eo,
2731 2824 2875 2894 quod
2905 2839 2935 2878 a
2959 2823 3188 2878 Domino
3207 2839 3306 2878 suo
3343 2825 3400 2877 in
3425 2823 3742 2892 libertatem

2142 2922 2368 2971 vocatus
2385 2921 2489 2979 est,
2512 2912 2796 2984 factusque
2839 2912 3199 2978 Christianus,
3228 2912 3524 2968 extollatur
3565 2911 3619 2966 in
3647 2926 3740 2964 su—

2141 3005 2408 3075 perbiam,
2437 3013 2492 3060 et
2518 3020 2622 3060 non
2655 3005 2952 3060 arbitretur
2979 3005 3034 3058 in
3061 3001 3221 3072 hujus
3242 3003 3369 3058 vitae
3399 3003 3598 3056 itinere
3621 3016 3740 3056 ser-

2142 3097 2378 3152 vandum
2405 3111 2528 3152 esse
2541 3096 2788 3151 ordinem
2806 3110 2961 3150 suum
2972 3135 2987 3157 ,
3002 3101 3058 3149 et
3082 3093 3446 3164 potestatibus
3457 3090 3740 3147 sublimio-

449 3183 666 3239 videtur
720 3186 789 3240 ab
835 3185 964 3251 illo;
1012 3194 1068 3243 et
1099 3185 1348 3243 Salvator
1381 3163 1468 3242 sic
1509 3163 1781 3258 [salvator
1816 3185 1886 3260 si]
1911 3186 2043 3242 vicit
2068 3163 2114 3227 (ἶ
2146 3186 2322 3251 ribus,
2372 3187 2568 3256 quibus
2595 3202 2694 3256 pro
2724 3195 2966 3255 tempore
2999 3163 3180 3240 rerum
3213 3183 3594 3254 temporalium
3641 3197 3735 3252 gu-

449 3275 676 3342 malum,
700 3277 826 3331 dum
856 3293 963 3332 non
995 3279 1219 3334 resistit.
1242 3278 1443 3334 Contra
1483 3293 1544 3336 se
1587 3280 1734 3335 enim
1767 3280 1879 3350 agit
1929 3295 2046 3334 ma-

453 3363 592 3430 litia,
635 3372 693 3418 et
731 3364 860 3420 dum
909 3365 1166 3431 vincitur,
1193 3367 1415 3423 vincere
1450 3383 1510 3423 se
1554 3375 1747 3439 putat:
1801 3368 1855 3422 id
1897 3368 2044 3423 enim

452 3454 565 3526 agit
594 3453 868 3520 inimicus,
923 3463 984 3511 ut
1025 3465 1081 3512 et
1125 3471 1224 3511 nos
1266 3457 1334 3513 de
1373 3458 1651 3529 proposito
1693 3464 1880 3514 nostro
1919 3459 2044 3514 abs-

448 3545 658 3611 trahat,
695 3545 1036 3602 occasionem
1091 3562 1342 3618 quarens
1385 3547 1658 3618 quomodo
1708 3563 2039 3618 peccemus:

449 3637 572 3694 ideo
598 3637 766 3702 enim,
793 3637 839 3692 si
879 3639 1155 3708 provocati
1189 3639 1258 3695 ab
1285 3639 1394 3706 illo,
1441 3639 1614 3694 vicem
1648 3639 1726 3695 illi
1766 3655 1874 3695 non
1923 3641 2044 3696 red-

450 3729 668 3796 damus,
690 3728 954 3784 vincimus
975 3728 1125 3783 illum
1151 3729 1205 3784 in
1233 3729 1394 3786 bono.
1426 3729 1554 3785 [deo
1581 3745 1687 3785 non
1716 3729 2040 3797 resistimus,

449 3828 510 3876 ut
539 3821 737 3876 bonum
759 3835 1036 3877 servemus
1060 3820 1303 3892 neglecta
1321 3821 1552 3892 iustitia,
1575 3821 1702 3892 quia
1717 3821 1862 3890 cogit
1887 3819 2045 3889 justi-

451 3911 527 3966 tia
573 3910 640 3964 ad
677 3909 1105 3966 retribuendum.
1153 3909 1355 3982 (θήρ.)
1401 3911 1652 3966 Vincitur
1697 3927 1728 3966 a
1759 3911 1903 3966 malo
1950 3911 2044 3980 qui

451 4001 612 4058 malis
631 4009 959 4072 provocatus
982 4001 1159 4057 reddit
1175 4001 1392 4068 malum,
1420 4001 1473 4055 in
1501 4002 1646 4056 bono
1666 4011 1846 4057 autem
1872 4003 2043 4058 vincit

449 4093 674 4159 malum,
713 4094 803 4164 qui
841 4093 1078 4163 acceptis
1117 4093 1274 4147 malis
1317 4092 1555 4148 restituit
1602 4093 1784 4154 bona;
1833 4102 2040 4150 certum

447 4196 532 4240 est
555 4186 701 4241 enim
719 4187 858 4242 hanc
885 4201 1009 4242 esse
1035 4185 1164 4240 mali
1185 4194 1434 4240 naturam
1462 4194 1522 4240 ut
1545 4199 1610 4240 ex
1633 4185 1902 4241 similibus
1923 4187 2040 4242 suis

449 4283 710 4345 augeatur
731 4283 786 4330 et
803 4281 1034 4340 crescat,
1069 4274 1210 4330 sicut
1246 4273 1355 4344 igni
1383 4273 1430 4328 si
1459 4273 1636 4344 ignem
1652 4273 1876 4345 iungas;
1903 4274 2040 4330 sicut

448 4367 625 4423 noctis
669 4367 907 4424 tenebris
953 4368 1000 4422 si
1037 4367 1178 4423 aeris
1225 4367 1466 4422 nubilum
1510 4367 1784 4430 societur;
1838 4368 2036 4422 bonum

2143 3277 2390 3333 bernatio
2415 3279 2608 3334 tradita
2632 3286 2735 3342 est,
2778 3277 3077 3332 existimet.
3101 3292 3210 3331 non
3239 3291 3304 3330 se
3329 3289 3454 3330 esse
3497 3275 3738 3328 subden-

2147 3366 2296 3422 dum.
2350 3365 2484 3422 Cum
2515 3367 2658 3422 enim
2693 3377 3007 3422 constemus
3055 3381 3123 3420 ex
3159 3367 3343 3420 anima
3389 3373 3446 3418 et
3481 3379 3738 3434 corpore.

2145 3469 2203 3517 et
2231 3461 2466 3532 quandiu
2492 3461 2543 3516 in
2576 3461 2679 3516 hac
2701 3460 2813 3514 vita
2837 3459 3121 3531 temporali
3144 3474 3353 3523 sumus,
3381 3457 3552 3512 etiam
3575 3457 3739 3510 rebus

2147 3550 2535 3622 temporalibus
2560 3551 2628 3605 ad
2653 3549 2953 3605 subsidium
2978 3549 3233 3620 degenda:
3263 3547 3426 3619 hujus
3449 3547 3580 3602 vitae
3610 3555 3734 3601 uta-

2145 3657 2290 3709 mur,
2332 3651 2547 3714 oportet
2596 3657 2696 3698 nos
2724 3657 2788 3697 ex
2831 3657 2896 3698 ea
2915 3651 3084 3712 parte
3113 3657 3234 3712 qua:
3269 3641 3338 3696 ad
3367 3642 3511 3696 hanc
3563 3642 3734 3695 vitam

2143 3734 2380 3805 pertinet
2399 3734 2644 3790 subditos
2667 3749 2789 3790 esse
2807 3735 3185 3804 potestatibus,
3211 3734 3264 3788 id
3296 3743 3403 3798 est,
3427 3732 3740 3788 hominibus

2146 3840 2235 3880 res
2253 3825 2520 3880 humanas
2537 3839 2660 3879 cum
2681 3825 2862 3894 aliquo
2882 3825 3087 3880 honore
3106 3823 3630 3879 administrantibus.
3655 3823 3737 3877 Ex

2145 3913 2235 3969 illa
2264 3929 2394 3970 vero
2419 3922 2572 3984 parte
2593 3928 2698 3983 qua
2727 3913 3000 3969 credimus
3027 3913 3160 3978 Deo,
3181 3921 3238 3968 et
3259 3913 3315 3967 in
3355 3928 3582 3984 regnum
3611 3912 3733 3982 eius

2144 4021 2424 4068 vocamur.
2449 4022 2556 4062 non
2578 4021 2676 4062 nos
2705 4013 2916 4076 oportet
2936 4021 3058 4062 esse
3083 4005 3330 4061 subditos
3352 4005 3608 4074 cuiquam
3635 4003 3736 4058 bo-

2143 4101 2298 4167 ntini,
2363 4100 2593 4170 idipsum
2649 4099 2702 4154 in
2750 4099 2908 4154 nobis
2969 4105 3214 4154 evertere
3277 4096 3517 4166 cupienti
3589 4095 3737 4164 quod

2143 4193 2285 4248 Deus
2309 4192 2376 4247 ad
2405 4191 2569 4246 vitam
2597 4200 2855 4246 aeternam
2881 4193 3084 4248 donare
3109 4191 3366 4262 dignatus
3391 4199 3496 4245 est.
3526 4189 3588 4245 Si
3611 4189 3736 4258 quis

2139 4297 2270 4353 ergo
2321 4290 2474 4353 putat
2509 4282 2760 4352 quoniam
2783 4281 3126 4338 Christianus
3159 4291 3264 4347 est,
3321 4297 3429 4336 non
3478 4281 3584 4336 sibi
3615 4295 3738 4336 esse

2141 4375 2372 4446 vectigal
2389 4376 2736 4448 reddendum,
2763 4383 2858 4430 aut
2878 4375 3159 4440 tributum,
3177 4383 3273 4429 aut
3293 4389 3403 4429 non
3437 4389 3562 4428 esse
3582 4372 3736 4428 exhi-

447 4470 595 4528 vero,
633 4456 680 4511 εἰ
719 4456 998 4522 adhibeas,
1030 4456 1424 4512 exterminatur
1473 4455 1714 4510 malum:
1767 4457 2038 4512 contraria
2075 4533 2098 4535 _
2141 4465 2378 4520 bendum
2400 4467 2663 4520 honorem
2690 4466 2930 4521 debitum
2965 4465 3046 4520 eis
3095 4481 3218 4535 qua}
3248 4465 3369 4520 [nec
3389 4471 3589 4520 curant
3641 4479 3738 4534 ρο-

447 4563 684 4618 namque
699 4549 990 4603 contrariis
1013 4547 1374 4618 perimuntur,
1401 4547 1542 4602 sicut
1563 4562 1660 4617 per
1682 4563 1877 4618 aquam
1901 4549 2041 4618 ignis
2067 4533 2118 4592 Ῑ)
2144 4555 2452 4620 testatibus,
2479 4554 2534 4609 in
2565 4570 2758 4626 magno
2783 4569 2968 4610 errore
2988 4533 3259 4609 versatur.
3289 4554 3422 4609 ltem
3439 4554 3486 4608 si
3503 4554 3630 4622 quis
3655 4553 3737 4606 sic

448 4641 831 4710 exstinguitur,
855 4650 910 4696 et
926 4657 1023 4712 per
1045 4641 1216 4698 lucem
1243 4642 1478 4697 tenebrae
1502 4641 1783 4714 fugantur;
1812 4647 1906 4700 sed
1935 4645 2043 4702 ior-

449 4743 602 4789 tasse
630 4733 774 4790 dicat
795 4733 991 4802 aliquis
1034 4732 1258 4787 Paulum
1298 4748 1396 4803 per
1419 4734 1742 4803 imperitiam
1774 4739 2044 4795 sermonis

451 4839 481 4880 a
510 4823 790 4896 proposito
817 4821 1106 4885 decidisse,
1136 4821 1418 4892 proposuit
1441 4822 1584 4876 enim
1614 4822 1757 4892 loqui
1798 4824 1867 4878 de
1887 4825 2043 4883 donis

450 4916 772 4987 gratiarum,
819 4927 940 4984 quae
983 4927 1080 4984 per
1115 4910 1378 4982 Spiritum
1427 4921 1672 4966 sanctum
1723 4912 1938 4981 dantur,
1989 4924 2043 4972 ct

452 5007 672 5076 quidem
708 5004 852 5076 quod
898 5003 994 5068 ait,
1045 5003 1151 5058 sive
1185 5000 1476 5073 prophetia,
1531 5002 1637 5056 sire
1673 5001 2044 5071 ministerium,

2143 4661 2203 4701 se
2231 4654 2386 4716 putat
2408 4660 2530 4702 esse
2555 4645 2915 4712 subdendum,
2963 4655 3026 4700 ut
3050 4647 3214 4700 etiam
3262 4645 3315 4698 in
3368 4659 3523 4698 suam
3573 4641 3735 4698 tidem

2144 4743 2344 4799 habere
2369 4751 2686 4814 potestatem
2721 4743 3012 4798 arbitretur
3045 4756 3168 4796 eum
3199 4739 3292 4810 qui
3348 4737 3737 4808 temporalibus

2143 4835 2585 4890 administrandis
2610 4835 2788 4904 aliqua
2818 4835 3150 4890 sublimitate
3179 4833 3462 4904 prtecellit,
3517 4833 3572 4886 in
3623 4847 3734 4884 ma-

2139 4926 2316 4998 jorem
2365 4939 2606 4980 errorem
2679 4925 2877 4980 labitur
2906 4965 2922 4989 ,
2991 4925 3084 4980 sed
3163 4923 3356 4977 modus
3432 4921 3732 4976 servandus

2151 5023 2254 5080 est,
2313 5030 2472 5084 quem
2541 5015 2800 5070 Dominus
2854 5015 2970 5085 ipse
3029 5013 3360 5086 praescribit,
3421 5020 3484 5066 ut
3541 5013 3734 5066 redda-

451 5099 559 5152 siue
593 5097 858 5162 doctrina,
909 5096 1019 5150 sive
1053 5092 1368 5158 exhortatio,
1411 5101 1640 5162 possunt
1669 5093 1782 5149 haec
1811 5094 1877 5148 ad
1907 5095 2048 5150 dona
2150 5121 2272 5160 mus
2313 5104 2512 5160 amari
2558 5121 2678 5176 qua}
2717 5105 2948 5161 causaris
2991 5115 3136 5167 sum,
3204 5113 3260 5158 ει
3291 5105 3404 5158 Deo
3457 5118 3582 5171 qua;
3637 5101 3732 5156 Dei

449 5185 751 5256 spiritualia
775 5184 1047 5255 pertinere
1077 5199 1090 5236 :
1123 5180 1370 5236 fortassis
1391 5189 1446 5235 et
1488 5181 1591 5236 hoc
1611 5183 1755 5250 quod
1784 5183 2047 5253 sequitur,

448 5277 539 5346 qui
563 5276 744 5330 tribuit
771 5276 827 5329 in
853 5273 1212 5344 simplicitate,
1247 5273 1338 5344 qui
1367 5274 1555 5343 prtéest
1589 5273 1644 5327 in
1671 5273 2046 5340 sollicitudine,

449 5366 539 5435 qui
573 5366 846 5420 miseretur
872 5364 926 5416 in
977 5363 1267 5430 hilaritate,
1293 5365 1666 5434 superioribus
1720 5367 1888 5437 possit
1945 5369 2040 5424 ad-

443 5453 622 5527 iungi,
654 5472 718 5512 ea
745 5471 896 5520 vero,
935 5469 1054 5525 qua:
1076 5456 1338 5524 posthaec
1375 5465 1676 5521 enumerat,
1731 5467 1792 5512 ut
1817 5459 1888 5514 sit
1914 5460 2040 5515 cha-

446 5547 584 5599 ritas
629 5547 742 5600 sine
761 5545 1119 5608 simulatione,
1180 5545 1412 5600 odientes
1437 5547 1658 5611 malum,
1713 5549 2040 5606 adhazrentes

451 5645 608 5702 bono,
674 5650 721 5691 et
775 5640 1032 5692 cltarttate
1087 5637 1436 5708 fraternitatis
1485 5640 1701 5694 inritent
1749 5624 2040 5714 diligentes,

451 5725 647 5782 honore
699 5728 911 5780 invicem
961 5729 1346 5798 prmvcnientes,
1391 5741 1445 5783 et
1475 5742 1664 5786 curtum
1713 5734 2037 5802 lmjusnuuli,

2151 5202 2278 5250 sunt
2324 5194 2562 5266 (Matth.
2608 5211 2719 5249 nn
2749 5235 2764 5259 ,
2817 5193 2946 5250 Luc.
3002 5209 3070 5248 xx
3101 5194 3159 5265 );
3215 5207 3526 5261 quanquam
3587 5192 3730 5246 enim

2147 5286 2214 5340 ad
2265 5285 2392 5340 illud
2453 5299 2676 5356 regnum
2713 5301 2968 5340 vocemur
3017 5285 3106 5339 ubi
3144 5283 3286 5338 nulla
3331 5283 3438 5338 erit
3485 5293 3727 5353 potestas

2147 5377 2478 5448 bujusmodi,
2503 5377 2554 5431 in
2579 5377 2680 5432 hoc
2703 5386 2883 5432 tamen
2917 5377 3110 5432 itinere
3135 5376 3261 5430 dum
3301 5375 3534 5446 agimus,
3559 5375 3741 5430 donec

2139 5467 2522 5538 perveniamus
2557 5465 2625 5520 ad
2653 5465 2779 5521 illud
2800 5465 3057 5520 saeculum
3089 5465 3178 5521 ubi
3207 5464 3264 5518 lit
3293 5465 3578 5520 evacuatio
3617 5478 3741 5520 om-

2142 5557 2229 5611 nis
2267 5556 2604 5626 principatus
2645 5566 2700 5610 et
2727 5555 3030 5625 potestatis,
3083 5553 3444 5609 conditionem
3482 5561 3728 5607 nostrain

2143 5663 2242 5717 pro
2264 5647 2382 5717 ipso
2408 5663 2586 5700 rerum
2624 5648 2980 5701 humanarum
3009 5646 3199 5700 ordine
3245 5644 3562 5707 toleremus,
3595 5641 3732 5696 nihil

2146 5739 2393 5794 simulate
2439 5737 2717 5804 facientes,
2767 5745 2821 5793 ct
2855 5737 2907 5792 iu
2938 5751 3004 5790 eo
3042 5737 3158 5805 ipso
3209 5750 3316 5789 non
3351 5743 3462 5789 tam
3498 5733 3731 5788 homini-
