4026 6180
369 323 495 380 1561

896 322 1447 383 ΕΝΑΒΒᾹΤΙΟΝΗΜ
1486 323 1557 381 ΙΝ
1592 327 1738 383 EPP.
1781 329 1933 387 PAUI

2036 330 2155 385 LIB.
2198 329 2306 386 VII.
2350 360 2418 369 —
2455 327 2523 383 lN
2563 320 2781 383 E'PIST.
2823 327 2915 382 AD
2952 327 3121 385 ROM.

3499 328 3640 386 1562

363 444 485 500 Irus,
554 450 719 505 quam
777 433 909 500 Deo,
955 435 1045 504 qui
1101 436 1215 490 hare
1252 434 1428 504 jubet,
1489 437 1942 509 obtemperantes.
1977 448 2025 505 Α
2050 439 2341 502 bonorum,
2371 457 2390 490 ι
2426 438 2565 493 sicut
2596 440 2736 493 idem
2769 438 3059 506 Apostolus
3088 439 3141 493 in
3188 439 3640 510 subsequentibus

360 524 589 593 (Ambr.)
634 521 912 590 Quomodo
948 523 1187 578 caelestis
1234 525 1461 595 justitize
1518 526 1687 595 legem
1722 543 1949 598 sequen-

357 614 484 667 dam
540 614 837 679 mandavit,
888 629 957 667 ne
978 614 1046 667 ab
1079 614 1177 669 hac
1213 617 1463 685 praesenti
1496 617 1838 672 dissimulare
1864 619 1947 673 vi-

357 703 597 767 deretur,
648 704 791 757 hanc
837 704 1198 769 commendat,
1253 706 1451 775 quippe
1492 721 1638 772 eum,
1690 708 1792 763 uisi
1833 709 1948 763 inec

356 791 523 847 fuerit
557 801 790 855 servata,
820 791 909 846 illa
959 793 1220 848 custodiri
1260 810 1365 848 non
1409 796 1580 863 possit
1610 814 1623 849 :
1652 796 1764 852 haec
1803 800 1945 853 enim

356 885 512 954 quasi
529 885 851 956 paedagogus
879 893 981 949 est,
1008 900 1127 955 quze
1156 886 1407 955 parvulos
1430 888 1621 942 imbuit
1651 897 1711 943 ut
1739 891 1948 959 possint

357 976 586 1046 potioris
626 975 852 1046 justitize
893 977 1039 1030 viam
1084 979 1268 1047 sequi:
1317 979 1517 1034 nemini
1568 982 1712 1037 enim
1768 992 1949 1052 potest

358 1066 616 1136 imputari
677 1066 1069 1131 misericordia,
1131 1068 1232 1123 nisi
1278 1069 1530 1124 habuerit
1565 1072 1861 1142 justitiam;
1889 1082 1947 1129 ut

356 1172 489 1227 ergo
513 1155 595 1224 ius
621 1166 675 1211 et
696 1158 949 1213 timorem
989 1157 1123 1229 legis
1152 1159 1412 1214 naturalis
1433 1161 1742 1227 confirmet,
1777 1164 1944 1218 Deum

356 1256 637 1303 auctorem
683 1246 800 1317 ejus
858 1255 1108 1314 testatur,
1160 1257 1215 1303 et
1249 1249 1620 1305 ministrantes
1672 1268 1791 1307 eam
1848 1253 1944 1308 Dei

355 1335 749 1390 ordinatio.:em
775 1336 995 1402 habere,
1032 1336 1152 1392 ideo
1178 1336 1375 1408 adjecit
1408 1356 1421 1391 :

432 1427 563 1493 Qua:
615 1435 790 1480 autem
844 1436 1005 1493 sunt,
1050 1445 1083 1481 a
1118 1427 1226 1481 Deo
1275 1428 1521 1482 ordinata
1561 1440 1700 1483 sunt.
1755 1431 1825 1487 Ut
1852 1447 1946 1487 ne-

354 1531 449 1573 mo
500 1523 654 1586 putet
686 1517 843 1587 quasi
885 1517 1118 1572 humana
1154 1525 1459 1574 commenta
1502 1524 1893 1579 contemnenda
1927 1542 1940 1579 :

354 1604 543 1660 vident
578 1605 721 1660 enim
786 1605 877 1675 jus
942 1607 1181 1662 divinum
1228 1609 1479 1665 humanis
1524 1614 1941 1670 auctoritatibus

356 1698 688 1766 deputatum.
734 1695 834 1752 Hic
870 1713 999 1769 ergo
1022 1698 1296 1769 subjectus
1328 1708 1412 1753 est
1457 1702 1730 1771 potestati,
1763 1705 1853 1773 qui
1884 1721 1942 1759 se

2047 530 2198 585 dicit.
2243 528 2361 583 Erit
2401 540 2581 584 autem
2602 529 2805 599 justum
2826 526 3089 596 judicium
3116 530 3209 583 Dei
3258 548 3386 601 erga
3421 548 3516 587 eos
3545 536 3635 603 qui

2047 632 2323 695 acceptam
2364 631 2685 693 potestatem
2725 623 3021 678 secundum
3060 638 3186 676 suas
3230 624 3533 693 impietates
3586 635 3640 681 et

2047 730 2155 768 non
2208 715 2501 768 secundum
2551 713 2763 766 divinas
2832 720 3132 780 temperant
3188 714 3354 782 leges,
3396 724 3466 768 et
3520 716 3639 770 ideo

2048 807 2221 861 dicit:
2272 805 2458 875 Itaque
2508 807 2596 876 qui
2645 806 2835 858 resistit
2882 808 3142 873 potestati,
3191 806 3291 860 Dei
3317 808 3639 863 ordinatioui

2047 894 2258 948 resistit.
2288 893 2483 965 (Orig.)
2519 891 2632 945 Non
2662 893 2749 947 hic
2773 893 2836 945 de
2856 893 2963 947 illis
2990 895 3347 962 potestatibus
3370 897 3500 951 dicit
3521 914 3639 966 qum

2046 985 2451 1055 persecutiones
2491 983 2731 1039 inferunt
2754 985 2897 1045 ﬁdei,
2925 985 2996 1039 ibi
3027 986 3169 1039 enim
3200 998 3284 1041 est
3326 989 3634 1052 dicendum,

2052 1096 2069 1128 ι
2093 1076 2205 1131 Deo
2226 1077 2602 1146 obtemperare
2620 1084 2832 1143 oportet
2856 1076 3024 1145 magis
3046 1092 3209 1146 quam
3251 1079 3583 1141 hominibus,
3616 1099 3634 1131 ι

2048 1167 2142 1222 sed
2169 1167 2235 1222 de
2258 1168 2374 1221 istis
2392 1165 2770 1221 communibus
2794 1165 2945 1230 dicit,
2965 1182 3084 1235 quse
3113 1188 3130 1219 ι
3162 1185 3266 1223 ιιοιι
3290 1179 3416 1224 sunt
3457 1172 3638 1225 timori

2044 1259 2170 1314 boni
2192 1259 2387 1330 «peris,
2407 1259 2499 1313 sed
2519 1256 2665 1322 tuali,
2689 1278 2706 1309 ›
2729 1257 2926 1326 quibus
2953 1259 3141 1326 utique
3167 1261 3258 1328 qui
3276 1262 3499 1323 resistit,
3526 1264 3641 1331 ipse

2047 1349 2151 1404 sibi
2190 1349 2594 1403 damnationem
2648 1362 2748 1417 pro
2779 1356 3056 1417 gestorum
3096 1364 3318 1404 suorum
3374 1352 3638 1422 qualitate

2045 1439 2338 1510 conquirit.
2382 1437 2534 1510 (.tmb
2563 1437 2581 1508 )
2611 1436 2723 1492 Hoc
2758 1438 2921 1491 etiam
2954 1445 3007 1492 et
3036 1447 3224 1492 contra
3256 1440 3390 1495 istos
3410 1450 3517 1506 est,
3547 1443 3639 1511 qui

2044 1547 2142 1601 per
2161 1529 2456 1601 potentiam
2484 1526 2653 1581 fortes
2679 1536 2824 1593 sunt,
2850 1537 2941 1581 aut
2973 1528 3062 1597 qui
3093 1528 3293 1597 aliquid
3328 1528 3420 1601 [ab
3434 1530 3637 1603 aliquo]

2045 1619 2375 1692 deprehendi
2426 1634 2487 1674 se
2511 1634 2671 1689 posse
2721 1634 2827 1673 non
2852 1620 3106 1684 credunt,
3158 1628 3214 1674 et
3246 1635 3341 1689 per
3384 1622 3485 1676 hoc
3523 1622 3640 1676 illu-

2044 1712 2171 1767 dere
2200 1727 2259 1767 se
2307 1710 2477 1781 legem
2523 1719 2741 1780 putant;
2782 1711 3020 1765 ostendit
3053 1711 3139 1766 his
3168 1710 3265 1766 Dei
3297 1727 3416 1768 esse
3443 1712 3638 1785 legem,

356 1798 567 1842 terrore
593 1786 686 1841 Dei
727 1787 796 1841 ab
818 1787 902 1842 his
927 1788 1161 1843 abstinet
1200 1804 1318 1859 quae
1345 1792 1615 1860 prohibet.
1649 1792 1846 1866 (Oi-ig.)
1880 1794 1937 1850 Si
1971 1795 2013 1852 Β
2041 1810 2096 1857 et
2129 1818 2236 1856 non
2282 1817 2540 1856 evasuros
2570 1800 2834 1870 judicium
2880 1802 2996 1867 Dei,
3039 1804 3132 1872 qui
3172 1803 3239 1858 ad
3302 1812 3514 1873 tempus
3544 1804 3641 1860 ali-

352 1884 533 1931 autem
557 1875 766 1946 legatur
800 1886 863 1931 ut
900 1877 953 1931 in
977 1876 1295 1947 quibusdam
1328 1880 1730 1951 exemplaribus
1770 1884 1937 1939 babe-

352 1976 460 2031 tur,
498 1965 681 2022 Omnis
725 1968 901 2021 anima
943 1969 1279 2040 potestatibus
1321 1971 1708 2027 sublimioribus
1753 1975 1936 2046 subju-

356 2068 492 2118 ceat.
545 2059 760 2114 videtur
802 2060 931 2114 mihi
969 2060 1022 2115 in
1078 2062 1180 2118 hoc
1226 2063 1378 2118 valde
1431 2064 1773 2120 laudabiliter
1818 2069 1938 2122 ani-

349 2163 496 2203 mam
545 2149 872 2215 nominasse,
932 2165 1094 2220 quam
1142 2152 1422 2223 sui'jacere
1474 2156 1942 2229 potestatibusju-

346 2243 458 2298 bet.
502 2242 785 2313 Nunquam
836 2242 982 2298 enim
1030 2244 1274 2311 dixisset,
1308 2247 1495 2303 Omnis
1536 2248 1759 2320 spiritus
1816 2252 1945 2307 sub-

343 2333 521 2405 jaceat
543 2334 830 2403 potestati;
866 2334 961 2389 sed
982 2338 1153 2391 anatis
1178 2339 1379 2393 anima.
1400 2339 1475 2394 De
1497 2355 1606 2410 qua
1634 2342 1942 2398 ditl'erentia

347 2441 490 2496 saepe
505 2426 889 2497 jam'diximus,
915 2428 1056 2497 quod
1080 2428 1346 2485 interdum
1368 2448 1464 2502 per
1486 2435 1747 2500 animam,
1776 2436 1945 2491 inter-

346 2520 473 2573 dum
487 2534 839 2589 percarnem,
877 2521 1146 2575 interdum
1176 2539 1273 2593 per
1288 2523 1539 2593 spiritum
1571 2525 1733 2581 homo
1764 2527 1944 2583 nomi—

344 2617 536 2663 natur:
567 2609 659 2663 sed
677 2625 840 2664 cuma
868 2620 1020 2679 parte
1042 2611 1263 2668 meliore
1289 2615 1647 2672 nominandus
1672 2626 1775 2682 est,
1793 2619 1946 2687 quasi

343 2699 436 2769 qui
462 2700 721 2770 spiritalis
744 2700 968 2772 intelligi
994 2703 1205 2769 debeat,
1246 2705 1467 2774 spiritus
1488 2707 1702 2774 dicitur,
1732 2710 1948 2779 quando

342 2791 413 2847 ab
442 2791 720 2858 inferiore,
743 2794 961 2859 anima;
1006 2810 1130 2850 cum
1169 2811 1299 2851 vero
1329 2812 1359 2850 a
1403 2798 1671 2855 deteriore
1704 2801 1948 2855 numina-

341 2889 609 2947 tur,c'aro
657 2884 869 2951 dicitur,
920 2892 976 2941 et
1019 2887 1211 2942 horum
1267 2890 1571 2944 testimonia
1618 2891 1685 2947 de
1712 2891 1952 2963 Scriptu-

344 2974 424 3029 ris
452 2989 595 3045 saepe
623 2977 967 3045 protulimus.
1027 2978 1183 3034 Nunc
1211 2996 1340 3052 ergo
1371 2983 1628 3051 quoniam
1680 2993 1949 3056 pnecepta

343 3065 689 3121 credentibus
733 3068 886 3138 ponit
940 3068 1272 3138 Apostolus,
1338 3072 1452 3125 vult
1506 3088 1604 3129 nos
1664 3074 1943 3143 quietem,

2040 1910 2148 1965 quo
2177 1903 2337 1965 pacto
2384 1894 2641 1949 evadunt.
2702 1894 2805 1958 Qui
2845 1903 3021 1947 autem
3067 1895 3336 1960 resistunt,
3369 1895 3468 1966 ipsi
3496 1896 3643 1949 dam-

2042 1988 2306 2041 nationem
2356 1987 2651 2058 acquirunt.
2689 1984 3030 2040 Mauifestum
3060 1996 3145 2041 est
3196 1987 3319 2056 quia
3350 1989 3641 2057 unusquis-

2041 2091 2147 2145 que
2175 2074 2429 2146 operibus
2457 2074 2571 2129 suis
2598 2083 2690 2127 aut
2716 2072 3130 2142 justiﬁcabitur,
3169 2084 3262 2128 aut
3308 2076 3637 2131 condemna-

2042 2165 2218 2230 bitur;
2275 2163 2366 2234 qui
2419 2164 2563 2218 enim
2615 2163 2897 2218 audientes
2925 2163 3094 2234 legem
3133 2174 3384 2233 peccant,
3423 2167 3640 2220 inexcu-

2043 2253 2240 2310 sabiles
2269 2262 2415 2309 sunt.
2475 2253 2615 2308 Nam
2656 2255 2911 2324 principes
2954 2272 3057 2309 non
3111 2266 3231 2310 sunt
3270 2257 3447 2310 timori
3489 2258 3638 2312 bonis

2044 2344 2302 2416 operibus,
2344 2345 2435 2399 sed
2466 2344 2639 2399 malis.
2685 2344 2964 2414 Principes
2995 2347 3093 2400 hos
3143 2362 3296 2418 reges
3349 2348 3498 2412 dicit,
3544 2350 3637 2419 qui

2045 2446 2273 2507 propter
2300 2436 2677 2506 corrigendam
2723 2437 2916 2502 vitam,
2969 2445 3024 2491 et
3044 2438 3379 2507 prohibenda
3412 2441 3637 2495 adversa

2046 2537 2324 2591 creantur,
2368 2525 2462 2579 Dei
2503 2526 2763 2580 habentes
2816 2526 3102 2595 imaginem
3163 2535 3221 2581 ut
3259 2530 3359 2582 sub
3395 2545 3505 2583 uno
3530 2529 3639 2585 sint

2046 2615 2246 2671 caueri.
2289 2613 2373 2669 Vis
2404 2624 2577 2668 autem
2609 2631 2712 2668 non
2740 2615 2919 2668 timere
2944 2624 3265 2683 potestatem,
3304 2615 3491 2670 bonum
3514 2618 3643 2686 fac?

2046 2716 2096 2761 et
2143 2705 2352 2760 habebis
2383 2704 2589 2758 laudem
2632 2721 2696 2758 ea:
2715 2703 2827 2758 illa.
2878 2704 3021 2759 Laus
3081 2721 3148 2760 ex
3202 2713 3470 2775 potestate
3510 2714 3637 2762 tunc

2048 2801 2239 2872 surgit,
2273 2814 2396 2854 cum
2426 2790 2547 2868 quis
2570 2798 2829 2853 innocens
2875 2799 3161 2852 invenitur.
3208 2797 3415 2870 (Greg.)
3451 2797 3636 2868 Neque

2048 2893 2191 2947 enim
2245 2892 2367 2946 ideo
2408 2891 2544 2945 bona
2588 2889 2794 2961 agenda
2851 2898 2999 2955 sunt,
3073 2897 3135 2943 ut
3178 2897 3418 2959 potestas
3474 2889 3634 2959 hujus

2052 2981 2233 3036 nmndi
2262 2981 2404 3035 nulla
2436 2980 2711 3044 timeatur,
2780 2986 2874 3032 aut
2907 2994 3005 3048 per
3032 2979 3147 3033 lucc
3169 2978 3337 3049 gloria
3379 2979 3636 3033 transito-

2053 3074 2147 3127 rice
2196 3072 2370 3127 laudis
2420 3080 2686 3137 sumatur,
2754 3072 2849 3126 sed
2898 3085 3020 3125 cum
3063 3070 3332 3123 inﬁrmam
3377 3082 3632 3137 mentem,

342 3163 602 3224 quantum
633 3155 684 3209 in
708 3154 861 3210 nobis
886 3164 988 3221 est,
1028 3159 1309 3227 prmsentis
1359 3160 1482 3215 vitae
1508 3176 1803 3234 pacemque
1838 3180 1947 3220 ser-
1975 3145 2020 3207 (ἶ
2051 3163 2117 3217 ad
2150 3171 2356 3216 tantum
2408 3162 2572 3217 robur
2608 3162 2903 3216 ascendere
2941 3176 3046 3215 non
3074 3175 3235 3230 posse
3269 3170 3540 3230 pensaret,
3573 3171 3634 3217 ut

342 3261 488 3306 vare,
528 3254 584 3300 et
606 3248 649 3301 si
682 3247 895 3316 quidem
928 3249 1062 3303 tales
1083 3264 1287 3314 smnus,
1304 3251 1392 3320 qui
1417 3253 1691 3323 conjuncti
1718 3254 1945 3311 Domino

343 3354 484 3392 unus
530 3353 653 3392 cum
680 3354 745 3393 eo
779 3339 997 3409 spiritus
1032 3340 1218 3400 simus.
1271 3342 1499 3397 Domino
1542 3344 1774 3399 dicimur
1821 3362 1943 3402 esse

342 3426 570 3497 subjecti
603 3445 615 3481 :
646 3428 689 3482 si
715 3442 844 3482 vero
867 3429 1103 3483 nondum
1134 3429 1273 3484 tales
1300 3446 1507 3498 sumus,
1524 3434 1617 3487 sed
1637 3435 1939 3490 communis

344 3518 523 3575 adhuc
551 3520 730 3574 anima
763 3531 848 3574 est
871 3520 926 3574 in
951 3520 1128 3585 nobis,
1176 3536 1295 3590 qua:
1320 3524 1519 3578 habeat
1551 3524 1755 3595 aliquid
1778 3525 1937 3595 hujus

341 3611 550 3676 mundi,
592 3626 711 3680 qua:
731 3611 870 3666 sitei
913 3612 1095 3681 aliquo
1123 3611 1335 3681 alligata
1371 3615 1609 3685 negotio,
1646 3617 1770 3671 huic
1793 3634 1933 3687 pra:-

342 3710 502 3771 ccpta
544 3701 831 3772 Apostolus
868 3702 1019 3773 ponit
1065 3711 1122 3757 et
1165 3703 1295 3758 dicit
1340 3713 1400 3759 ut
1432 3705 1674 3777 subjecta
1730 3708 1800 3762 sit
1836 3723 1933 3778 po-

344 3793 630 3848 testatibus
661 3793 845 3848 mundi
874 3833 889 3859 ,
931 3794 1055 3862 quia
1083 3803 1138 3848 et
1161 3793 1421 3850 Dominus
1454 3796 1610 3861 dixit,
1636 3806 1695 3851 ιιι
1722 3796 1801 3862 hi,
1837 3798 1928 3867 qui

343 3886 544 3940 habent
571 3885 623 3939 in
653 3900 713 3940 se
754 3886 1261 3956 superscriptionem
1285 3884 1514 3941 Caesaris
1558 3887 1784 3941 reddant
1813 3886 1928 3942 Cte-

343 3977 451 4031 sari
473 3991 590 4047 qua:
618 3976 1009 4032 suntCaesaris.
1036 3975 1228 4031 Petrus
1254 3985 1310 4032 et
1336 3975 1575 4032 Joannes
1603 3977 1736 4032 nihil
1760 3978 1927 4033 habe-

342 4066 627 4138 l-antquod
653 4067 852 4123 Caesari
877 4067 1190 4134 redderent;
1213 4067 1345 4123 dicit
1362 4068 1508 4123 enim
1526 4066 1719 4123 Petrus
1742 4083 1756 4122 :
1777 4088 1795 4119 ι
1822 4068 1925 4122 Ar-

343 4167 565 4230 gentum
593 4167 853 4213 etaurum
883 4174 987 4213 non
1010 4159 1183 4213 habeo
1208 4159 1345 4229 (Act.
1374 4159 1492 4229 Ill);
1525 4179 1542 4210 ι
1575 4159 1665 4228 qui
1690 4159 1792 4213 hoc
1814 4174 1921 4212 non

340 4249 527 4314 habet,
557 4264 656 4304 nec
679 4249 875 4304 Caesari
907 4250 1069 4304 habet
1097 4250 1239 4320 quod
1276 4250 1484 4315 reddat,
1530 4265 1629 4305 nec
1658 4251 1799 4304 unde
1830 4265 1921 4305 su-

339 4324 691 4395 blimioribus
715 4338 996 4409 subjaceat
1028 4340 1416 4410 potestatibus;
1461 4342 1552 4410 qui
1589 4352 1715 4395 vero
1758 4340 1919 4395 habet

340 4442 434 4488 aut
463 4433 767 4503 pecuniam,
823 4442 919 4487 aut
956 4433 1341 4502 possessiones,
1371 4442 1463 4487 aut
1492 4433 1695 4503 aliquid
1724 4433 1775 4486 in
1818 4449 1918 4487 sre-

339 4525 462 4579 eulo
484 4525 681 4596 negotii
711 4525 896 4579 audiat
922 4542 935 4579 :
968 4524 1150 4579 Omnis
1182 4526 1359 4579 anima
1393 4525 1732 4595 potestatibus
1762 4524 1921 4579 subli-

338 4615 589 4669 mioribus
624 4615 913 4683 subiaceat.
942 4644 1012 4653 —
1038 4613 1159 4668 Non
1188 4625 1262 4669 est
1283 4616 1441 4680 enim,
1474 4616 1669 4685 inquit,
1695 4625 1918 4686 potestas

338 4702 439 4755 nisi
460 4722 490 4755 a
520 4702 645 4757 Deo.
670 4703 810 4758 Dicit
826 4702 1054 4759 fortasse
1080 4703 1295 4772 aliquis,
1311 4704 1449 4772 Quid
1467 4720 1616 4776 ergo,
1636 4716 1689 4761 et
1715 4706 1803 4759 illa
1826 4723 1923 4777 po-

339 4800 527 4857 testas,
556 4808 677 4863 qute
701 4809 885 4850 servos
912 4793 1005 4849 Dei
1024 4795 1385 4864 persequitur,
1420 4794 1579 4849 fidem
1621 4796 1915 4866 impugnat,

337 4882 651 4952 religionem
681 4884 965 4948 subvertit,
994 4899 1023 4936 a
1051 4883 1161 4937 Deo
1187 4883 1306 4938 est?
1326 4883 1406 4938 Ad
1432 4886 1537 4939 hoc
1558 4884 1795 4937 breviter
1828 4898 1916 4938 re-

335 4974 719 5042 spondebimus
747 4991 762 5028 :
797 4973 967 5029 Nemo
1000 4982 1104 5040 est,
1136 4974 1227 5044 qui
1260 4976 1484 5039 nesciat,
1517 4975 1657 5044 quod
1690 4984 1745 5029 et
1770 4976 1920 5031 visus

337 5067 495 5121 nobis
518 5082 547 5120 a
584 5067 691 5122 Deo
719 5068 946 5121 donatus
977 5077 1080 5132 est,
1111 5075 1169 5122 et
1189 5068 1429 5134 auditus,
1454 5076 1508 5123 et
1531 5084 1759 5133 sensus;
1793 5084 1917 5123 cum

334 5172 463 5226 ergo
499 5159 613 5213 haec
640 5174 671 5212 a
711 5159 818 5214 Deo
849 5168 994 5225 sunt,
1046 5159 1097 5213 iu
1123 5168 1385 5228 potestate
1415 5162 1597 5215 tamen
1621 5169 1805 5215 nostra
1835 5168 1919 5213 est

336 5246 415 5299 uti
468 5246 586 5300 visu
615 5247 697 5301 vel
726 5249 793 5301 ad
816 5249 976 5312 bona,
1022 5248 1106 5301 vel
1132 5248 1199 5301 ad
1238 5247 1401 5312 mala,
1446 5249 1702 5303 similiter
1741 5259 1794 5302 et
1822 5264 1917 5302 au-

338 5334 472 5400 ditu,
526 5344 672 5390 motu
727 5352 1000 5401 manuum,
1048 5347 1100 5392 et
1136 5338 1461 5407 cogitatione
1498 5354 1708 5401 sensus,
1757 5347 1812 5391 et
1861 5339 1913 5392 in

338 5429 441 5484 hoc
463 5436 547 5483 est
578 5427 783 5496 justum
806 5426 1064 5495 judicium
1118 5428 1228 5490 Dei,
1259 5428 1400 5497 quod
1423 5427 1522 5490 his,
1574 5444 1693 5496 qua:
1719 5416 1914 5481 ille’ad

336 5535 467 5576 usus
490 5523 659 5576 bonos
687 5520 855 5586 dedit,
912 5535 1009 5573 nos
1033 5520 1306 5573 abutimur
1327 5519 1392 5573 ad
1442 5517 1600 5587 impia
1646 5527 1700 5573 et
1734 5519 1915 5588 iniqua

340 5613 680 5667 ministeria:
720 5614 792 5666 ita
836 5627 964 5682 ergo
1007 5620 1060 5665 et
1089 5620 1329 5680 potestas
1355 5612 1530 5664 omnis
1571 5625 1600 5663 a
1642 5610 1752 5665 Deo
1788 5609 1912 5664 data

343 5717 417 5759 cst
468 5724 484 5755 ι
520 5706 586 5760 ad
616 5707 906 5760 vindictam
937 5704 1152 5774 quidem
1191 5702 1473 5767 malorum,
1531 5701 1739 5755 laudem
1786 5715 1911 5755 vero

1946 4491 1996 4549 D

2048 3262 2104 3307 et
2153 3259 2472 3321 pravitatem
2511 3251 2671 3306 simul
2712 3251 2907 3305 vitaret
2953 3259 3006 3305 et
3038 3250 3269 3325 laudem,
3315 3252 3634 3320 przedicator

2045 3343 2297 3412 egregius
2334 3343 2382 3395 ei
2446 3341 2787 3396 admonendo
2838 3339 3040 3409 aliquid
3090 3341 3285 3395 obtulit
3335 3350 3389 3396 et
3429 3341 3633 3413 aliquid

2042 3433 2183 3487 tulit.
2238 3431 2594 3487 Concedendo
2633 3431 2776 3485 enim
2800 3430 2963 3494 lenia,
3012 3432 3279 3486 subtraxit
3307 3432 3536 3497 acriora,
3572 3443 3634 3489 ut

2039 3526 2130 3594 qui
2157 3525 2224 3580 ad
2250 3525 2544 3580 deseremla
2581 3532 2776 3579 cuncta
2816 3523 2978 3578 simul
3008 3540 3112 3578 non
3142 3533 3477 3593 assurgeret,
3500 3525 3627 3580 dum

2037 3617 2092 3671 in
2127 3617 2360 3687 quodam
2406 3631 2561 3669 suum
2592 3614 2784 3668 vitium
2822 3615 3035 3668 animus
3086 3614 3430 3670 familiariter
3468 3615 3629 3671 relin-

2032 3707 2167 3775 quit,
2213 3720 2243 3758 a
2269 3704 2523 3773 'quodam
2552 3702 2682 3756 vitio
2715 3717 2814 3756 suo
2855 3702 2972 3755 sine
2998 3701 3183 3756 labore
3218 3702 3497 3757 toleretur.
3528 3703 3626 3757 Dei

2030 3797 2169 3850 enim
2198 3795 2434 3848 minister
2462 3802 2534 3847 est
2566 3793 2660 3845 tibi
2691 3792 2746 3845 in
2775 3790 2987 3845 bonum.
3029 3790 3212 3862 (Aug.)
3261 3791 3413 3858 Quod
3446 3802 3627 3847 autem

2029 3886 2105 3942 ait
2134 3905 2147 3940 :
2184 3883 2270 3938 Vis
2298 3901 2399 3938 non
2430 3884 2610 3937 timere
2630 3881 2975 3952 potestatem?
2998 3881 3189 3934 bonum
3213 3880 3318 3950 fac,
3348 3891 3396 3934 et
3416 3881 3629 3937 habebis

2026 3979 2236 4034 laudem
2252 3994 2315 4032 ea;
2328 3993 2413 4043 ea,
2436 3982 2845 4046 potestmovere
2871 3972 3096 4043 aliquos,
3117 3987 3238 4027 eum
3269 3973 3626 4044 cogitaverint

2025 4073 2091 4127 ab
2118 4071 2237 4126 istis
2254 4068 2610 4139 potestatibus
2626 4064 3057 4136 persecutionem
3080 4077 3221 4134 saepe
3241 4078 3430 4134 passos
3460 4062 3625 4118 l'ui.se

2022 4162 2383 4218 Christianos.
2416 4157 2668 4228 Nunquid
2687 4171 2817 4227 ergo
2831 4172 2935 4210 non
2965 4154 3233 4209 faciebant
3259 4154 3623 4223 bonum,quia

2022 4271 2129 4309 non
2153 4252 2329 4309 solum
2353 4266 2460 4306 non
2491 4256 2619 4305 sunt
2646 4247 2848 4303 laudati
2877 4248 2945 4302 ab
2975 4248 3093 4303 istis
3114 4247 3496 4317 potestatibus,
3528 4247 3624 4301 sed

2020 4360 2075 4405 et
2105 4347 2281 4418 ptenis
2305 4344 2481 4401 atl'ecti
2528 4351 2585 4399 et
2635 4342 2812 4397 necati
2847 4342 3012 4396 sunt?
3047 4339 3449 4396 Consideranda
3496 4347 3623 4394 sunt

2018 4442 2183 4495 verba
2210 4438 2450 4511 Apostoli
2474 4477 2488 4501 ,
2512 4452 2616 4490 non
2649 4435 2792 4490 enim
2823 4434 2922 4499 ait,
2947 4434 3146 4487 bonum
3171 4431 3275 4496 fac,
3300 4440 3354 4485 et
3383 4431 3623 4486 laudabit

2026 4542 2079 4588 te
2135 4537 2393 4602 potestas,
2443 4527 2539 4582 sed
2586 4525 2681 4591 ait,
2730 4525 2922 4578 bonum
2980 4522 3103 4592 fac,
3146 4533 3194 4576 et
3244 4522 3458 4576 habebis
3506 4520 3626 4575 lau-

2024 4624 2140 4677 dem
2161 4637 2224 4675 ea:
2243 4637 2323 4674 ea.
2343 4618 2471 4674 Sive
2485 4617 2628 4672 enim
2646 4616 2837 4686 probet
2858 4613 3059 4669 factum
3077 4622 3227 4668 tuum
3255 4614 3480 4678 bonum,
3505 4613 3621 4668 sive

2025 4719 2398 4781 persequatur,
2432 4706 2642 4761 laudem
2680 4703 2891 4759 habebis
2918 4720 2983 4758 ea:
3015 4702 3132 4770 illa,
3158 4705 3242 4758 vel
3271 4720 3395 4767 cum
3420 4718 3539 4757 eam
3565 4702 3619 4757 in

2021 4800 2340 4868 obsequium
2370 4797 2462 4852 Dei
2490 4796 2732 4853 lucratus
2760 4794 2928 4850 fueris
2944 4836 2958 4860 ,
2982 4793 3064 4849 vel
3087 4809 3209 4849 cum
3231 4792 3348 4859 ejus
3372 4806 3622 4860 persecu-

2023 4891 2168 4946 tione
2192 4905 2446 4945 coronam
2471 4888 2755 4944 merueris.
2773 4886 2886 4941 Hoc
2906 4885 3069 4940 etiam
3089 4884 3141 4937 in
3164 4882 3626 4951 consequentibus

2022 4983 2340 5051 intelligitur
2361 4998 2481 5036 cum
2506 4981 2669 5035 dicit:
2697 4979 2791 5032 Dei
2821 4978 2956 5031 enim
2981 4975 3215 5029 minister
3236 4984 3310 5027 est
3333 4974 3426 5027 tibi
3443 4975 3498 5027 in
3528 4974 3621 5028 bo-

2020 5090 2166 5137 num,
2191 5072 2404 5126 etiamsi
2429 5070 2532 5124 sibi
2560 5071 2614 5124 in
2650 5067 2872 5122 malum.
2898 5065 3123 5136 (Ambr.)
3169 5062 3511 5119 Manifestum
3536 5079 3619 5125 est

2021 5162 2141 5216 ideo
2171 5168 2409 5215 rectores
2431 5160 2586 5213 datos
2614 5172 2680 5211 ne
2705 5154 2907 5209 malum
2936 5154 3046 5208 tiat.
3097 5154 3157 5209 Si
3187 5164 3363 5207 autem
3393 5152 3616 5221 malefe-

2018 5253 2172 5316 ceris,
2206 5252 2347 5315 time,
2388 5265 2491 5303 non
2521 5248 2660 5302 enim
2690 5246 2800 5300 sine
2826 5262 2985 5299 causa
3012 5244 3246 5315 gladium
3274 5254 3467 5314 portat.
3505 5243 3617 5298 Hoc

2021 5347 2124 5399 est.
2149 5339 2269 5393 ideo
2291 5335 2672 5399 comminatur,
2699 5343 2758 5388 ut
2790 5335 2834 5388 si
2858 5333 3018 5388 fuerit
3048 5333 3617 5401 contemptus,'vindi-

2021 5438 2127 5494 cet,
2182 5428 2280 5481 Dei
2307 5428 2443 5482 enim
2474 5425 2709 5480 minister
2730 5432 2825 5487 est,
2855 5422 3041 5477 vindex
3064 5424 3117 5476 in
3159 5423 3293 5476 iram
3316 5423 3365 5476 ei
3388 5424 3477 5493 qui
3498 5438 3614 5477 ma-

2019 5524 2128 5579 lum
2155 5519 2282 5589 agit.
2312 5517 2576 5586 Quoniam
2607 5515 2843 5569 futurum
2869 5512 3129 5582 judicium
3181 5513 3322 5569 Deus
3348 5513 3537 5568 statuit
3561 5520 3616 5567 et

2018 5610 2423 5679 nullumperire
2450 5607 2583 5669 vult,
2614 5609 2716 5661 hoc
2745 5606 2799 5659 in
2825 5605 3022 5660 sarculo
3062 5615 3301 5661 rectores
3324 5607 3609 5669 ordinavit,

2019 5712 2078 5755 ut
2132 5711 2340 5757 terrore
2406 5697 2744 5770 interposito,
2796 5695 3103 5753 hominibus
3149 5697 3297 5754 velut
3340 5693 3611 5767 pmdagugi
