4026 6180
412 269 546 325 15’35

1042 265 1107 322 Β.
1147 264 1403 323 BADA!“
1440 264 1661 323 MAURI
1693 263 2015 322 ARClllEP.
2054 262 2666 321 MOGUNT.OPERUM
2705 265 2889 323 PARS
2924 266 3012 323 Ill.

3544 268 3679 331 ἴδοι

406 383 555 447 sint,
593 379 903 436 erudientes
959 377 1078 435 illos
1129 376 1259 450 quid
1313 387 1531 432 servent
1565 394 1631 434 ne
1670 379 1723 432 in
1773 393 1987 449 patriam
2020 382 2065 438 Α
2098 388 2278 431 tamen
2306 386 2407 442 est,
2435 378 2578 449 quod
2592 381 2739 450 justo
2766 399 2784 429 ι
2806 380 2889 435 lex
2917 398 3022 436 non
3037 392 3123 439 cst
3141 385 3335 454 posita,
3352 388 3450 443 sed
3467 388 3684 458 iujustis

409 470 646 526 incidant
678 469 1080 537 futurijndicii.
1146 466 1343 539 (Oi-ig.)
1377 468 1553 522 Movet
1590 478 1768 523 tamen
1819 469 1872 522 in
1903 468 1988 523 his

408 562 745 616 sermonibus
780 560 995 620 Paulus,
1033 559 1173 629 quod
1200 566 1525 630 potestatem
1563 559 1743 613 szcculi
1775 568 1828 613 et
1845 557 1990 627 judio

410 655 557 707 cium
588 653 770 707 tunndi
802 652 896 706 Dei
928 652 1232 705 ministrum
1270 649 1420 715 dicit,
1443 660 1498 704 et
1535 652 1637 705 hoc
1669 667 1775 705 non
1799 649 1987 713 semel,

408 746 500 799 sed
530 753 586 800 et
606 744 842 799 secundo
891 754 945 797 ct
994 744 1151 799 tertio
1189 744 1415 812 repetit;
1448 744 1606 797 velim
1641 760 1768 815 ergo
1809 744 1988 813 requi-

411 848 553 899 rere,
613 834 882 903 quomodo
928 834 1116 889 vindex
1157 832 1366 905 [index]
1393 833 1575 887 mundi
1630 833 1718 887 Dei
1747 834 1993 888 minister

407 925 499 977 sit.
576 922 882 976 invenimus
928 923 1188 993 scriptum
1240 925 1293 977 in
1328 925 1552 978 Actibus
1597 926 1989 994 apostolorum,

410 1013 534 1084 quia
574 1014 958 1069 convenientes
1003 1015 1053 1067 in
1097 1031 1259 1068 unum
1303 1015 1527 1085 apostoli
1559 1024 1860 1071 statuerunt
1900 1018 1992 1070 dc—

410 1111 713 1171 creta,qu'.c
740 1102 1025 1155 observare
1061 1103 1381 1157 deberemus
1409 1104 1630 1173 nos,qui
1653 1119 1719 1158 ex
1743 1103 1993 1174 gentibus

409 1193 736 1248 credidimus
784 1194 1020 1260 Christo,
1087 1195 1139 1249 in
1184 1195 1383 1263 quibus
1445 1196 1559 1250 lucc
1605 1195 1990 1251 continentur:

412 1284 645 1352 Apostoli
684 1296 730 1339 et
759 1288 1040 1355 presbyteri
1081 1286 1333 1356 fratribus
1382 1288 1472 1358 qui
1516 1298 1633 1342 sunt
1677 1304 1770 1359 per
1811 1286 1996 1341 Antio-

411 1376 606 1440 chiam,
638 1382 687 1430 et
716 1375 949 1447 Syriam,
988 1387 1034 1432 et
1071 1376 1336 1441 Ciliciam,
1395 1378 1633 1431 omnibus
1663 1377 1753 1449 qui
1779 1394 1844 1431 es:
1872 1393 1996 1448 gen-

411 1467 547 1521 tibus
583 1467 912 1521 crediderunt
949 1469 1192 1521 salutem.
1221 1467 1659 1539 Quandoquidem
1700 1468 1994 1523 audirimvts

411 1560 665 1629 quosdam
706 1560 873 1614 exisse
922 1578 954 1613 a
999 1560 1145 1615 nobis
1183 1569 1231 1614 et
1275 1560 1582 1630 perturbare
1636 1577 1749 1626 vos,
1804 1560 1995 1631 quibus

412 1666 516 1703 non
550 1650 910 1705 mandavimus
941 1648 1083 1721 (Act.
1132 1649 1246 1721 xv),
1287 1659 1342 1707 et
1368 1657 1489 1720 post
1520 1650 1793 1721 aliquanta
1841 1649 1995 1705 addi-

2090 473 2274 519 etnon
2307 464 2559 531 subditis,
2610 468 2877 532 scelestis,
2923 470 3231 539 homicidis,
3267 478 3683 542 contaminatis,

2090 554 2323 626 perjnris
2352 566 2405 610 et.
2434 558 2668 623 caeteris,
2714 560 2801 630 qui
2831 562 3133 632 hujusmodi
3163 575 3310 620 sunt.
3350 588 3367 620 ι
3398 568 3504 639 lpsi
3533 574 3685 626 enim

2091 657 2237 711 sunt,
2296 647 2386 716 qui
2421 647 2613 703 timent
2659 649 2850 721 legem.
2908 652 3008 720 Qui
3047 664 3227 710 autem
3284 658 3415 713 facit
3454 661 3685 725 bonum,

2093 736 2193 791 hoc
2218 745 2320 802 est,
2372 738 2463 808 qui
2493 754 2599 793 non
2626 750 2769 795 metu
2805 740 2958 814 legis,
3030 745 3122 799 sed
3161 763 3347 802 amore
3384 750 3514 806 boni
3557 751 3695 807 facit

2090 825 2235 892 quod
2273 826 2473 882 bonum
2503 840 2607 893 est,
2664 830 2765 883 iste
2783 830 2898 898 jam
2930 849 3036 888 non
3068 839 3167 890 sub
3197 838 3311 907 lege
3338 840 3558 903 litterre,
3589 844 3685 911 sed

2092 921 2193 973 sub
2229 919 2345 991 lege
2376 921 2509 975 vivit
2544 923 2795 993 spiritus.

2165 1006 2395 1080 Ideoque
2446 1013 2746 1067 necessitate
2780 1013 2976 1069 subditi
3000 1027 3181 1083 estote,
3216 1037 3319 1074 non
3354 1022 3526 1077 solum
3563 1040 3695 1093 pro-

2091 1106 2206 1167 pter
2229 1099 2385 1163 iram,
2418 1101 2509 1154 sed
2534 1101 2691 1156 etiam
2718 1116 2930 1173 propter
2956 1109 3349 1162 conscientiam.
3384 1110 3514 1166 Ideo
3540 1116 3691 1168 enim

2090 1195 2140 1240 et
2167 1188 2420 1243 tributum
2442 1193 2703 1260 prrestutis
2731 1209 2750 1248 :
2776 1194 3005 1250 ministri
3031 1200 3169 1251 enim
3207 1199 3305 1255 Dei
3338 1215 3458 1256 sunt
3497 1204 3556 1257 in
3588 1206 3692 1258 hoc

2091 1277 2261 1346 ipsum
2306 1280 2603 1335 servieiues.
2654 1281 2839 1354 (Ang.)
2884 1284 3037 1352 Quod
3083 1298 3263 1343 autem
3313 1292 3411 1357 ait,
3462 1294 3693 1364 ideoque

2093 1368 2397 1422 necessitate
2421 1369 2618 1425 subditi
2646 1382 2823 1438 estote,
2852 1376 2920 1430 ad
2970 1376 3074 1431 hoc
3116 1378 3279 1446 valet,
3305 1391 3365 1435 ut
3410 1383 3693 1455 intelliga—

2093 1471 2216 1512 mus
2236 1459 2362 1528 quia
2400 1476 2625 1519 necesse
2650 1474 2749 1519 .est
2790 1476 3013 1537 propter
3041 1468 3182 1526 hanc
3216 1471 3381 1527 vitam
3432 1476 3695 1533 sudsditos

2092 1560 2335 1605 nosesse
2360 1561 2635 1622 oportere,
2672 1570 2780 1610 non
2831 1558 3170 1626 resistentes,
3207 1562 3254 1617 si
3293 1565 3423 1633 quid
3451 1566 3526 1621 illi
3580 1583 3691 1623 au-

2097 1638 2240 1694 ferre
2262 1640 2555 1708 voluerint,
2586 1645 2639 1699 in
2670 1646 2815 1715 quod
2844 1647 2949 1703 sibi
2999 1661 3244 1720 potestas
3289 1654 3414 1710 data
3470 1668 3581 1723 est,
3617 1660 3693 1717 de

415 1750 539 1795 tur:
575 1738 783 1796 Placuit
805 1758 925 1812 ergo
944 1751 1126 1796 sancto
1156 1741 1382 1810 Spiritui
1426 1742 1673 1806 et‘nobis,
1712 1740 1843 1794 nihil
1886 1757 1993 1794 am-
2024 1733 2068 1792 Β
2099 1730 2485 1800 ιειηροιτιιίιηιε
2535 1736 2716 1800 telum.
2743 1752 2866 1807 quae
2914 1741 3170 1809 quoniam
3221 1753 3528 1813 transeunt,
3562 1750 3697 1804 iam

411 1829 550 1901 plius
589 1834 865 1902 superponi
910 1832 1049 1886 vobis
1084 1830 1329 1901 ponderis
1371 1839 1560 1901 printer
1590 1848 1650 1885 ea
1678 1847 1793 1901 quae
1820 1846 1994 1884 neces-

412 1923 556 1977 saria
583 1933 726 1987 sunt,
774 1934 828 1977 ut
855 1922 1157 1977 abstineatis
1184 1938 1269 1976 vos
1293 1921 1356 1975 ab
1378 1922 1459 1975 his
1486 1937 1603 1992 qua:
1626 1920 1781 1975 idolis
1810 1921 1994 1974 immo-

413 2011 608 2075 lantur,
643 2024 690 2067 et
728 2015 1000 2082 sanguine,
1047 2022 1095 2066 et
1132 2012 1426 2081 suffocatis,
1467 2022 1515 2065 et
1537 2011 1887 2081 fornicatione
1913 2025 1932 2063 :
1960 2029 1993 2064 η

412 2106 600 2176 quibus
653 2106 999 2159 custodientes
1041 2106 1371 2176 vosmetipsos
1428 2106 1553 2163 bene
1583 2106 1786 2175 agetis;
1827 2105 1991 2158 valete

419 2192 629 2266 (Ibid.).
670 2194 726 2248 ln
750 2193 835 2248 his
862 2210 989 2265 ergo
1018 2194 1323 2264 prater-ptis,
1356 2195 1408 2247 in
1436 2194 1634 2265 quibus
1663 2194 1815 2257 dicit,
1856 2192 1991 2248 nihil

414 2281 646 2354 amplius
669 2282 1053 2351 imponendum
1089 2296 1209 2338 esse
1247 2283 1428 2337 oneris
1463 2282 1547 2337 his
1579 2281 1669 2352 qui
1726 2297 1790 2335 ex
1821 2282 1995 2351 genti-

414 2373 517 2428 bus
542 2373 787 2437 credunt,
842 2372 943 2427 nisi
968 2381 1026 2426 ut
1052 2371 1359 2427 abstineant
1388 2388 1448 2427 se
1496 2374 1668 2427 abhis
1689 2388 1807 2442 quze
1836 2372 1994 2428 idolis

412 2462 778 2527 immolantur,
819 2472 875 2518 et
912 2464 1176 2533 sanguine
1219 2472 1275 2519 et
1320 2462 1618 2529 sull‘ocatis,
1661 2475 1711 2519 et
1759 2464 1994 2519 fornica-

414 2554 580 2619 tione,
627 2569 801 2624 neque
838 2553 1184 2608 homicidium
1225 2552 1562 2624 prohibetur,
1615 2568 1788 2623 neque
1837 2553 1992 2608 adul-

418 2645 639 2710 terium,
683 2659 853 2714 neque
902 2642 1126 2708 furtum,
1164 2658 1339 2713 neque
1387 2644 1743 2699 masculorum
1797 2659 1996 2699 concu-

413 2734 580 2800 bitus,
613 2749 785 2806 neque
808 2745 1004 2790 caatera
1026 2733 1275 2800 crimina,
1307 2748 1426 2804 qua:
1449 2733 1645 2790 divinis
1669 2744 1725 2789 et
1746 2734 1996 2790 humanis

416 2826 624 2900 legibus
654 2827 975 2897 puniuntur;
1017 2826 1160 2896 quod
1196 2826 1241 2882 si
1271 2826 1359 2882 illa
1380 2825 1493 2881 sola
1527 2842 1648 2896 qua:
1687 2842 1849 2897 supra
1884 2842 1999 2882 me-

416 2918 646 2974 moravit
673 2917 1007 2973 observanda
1035 2918 1164 2973 dicit
1185 2932 1305 2973 esse
1333 2916 1679 2981 Christianis,
1728 2915 1998 2972 videbitur

415 3008 499 3063 eis
534 3009 601 3064 de
640 3008 851 3063 caeteris
898 3007 1111 3063 delisse
1149 3007 1421 3063 licentiam
1454 3025 1466 3060 :
1501 3007 1594 3062 sed
1634 3006 1758 3061 vide
1782 3006 1996 3061 ordina-

2095 1835 2150 1879 et
2176 1825 2279 1880 ista
2302 1823 2564 1894 subjectio
2587 1844 2694 1884 non
2716 1829 2771 1884 in
2799 1831 2959 1886 bonis
2987 1835 3142 1902 quasi
3169 1840 3560 1905 pet-mansuris,
3590 1844 3696 1898 sesi

2096 1916 2150 1971 in
2181 1918 2505 1975 necessariis
2532 1919 2657 1975 huic
2686 1924 2913 1992 tempori
2945 1927 3445 1987 coststiutendaest.
3476 1932 3698 1989 Tal-cn

2094 2009 2349 2079 quoniam
2381 2010 2541 2076 dixit,
2574 2014 2878 2068 necessitate
2908 2016 3105 2070 subditi
3126 2030 3308 2084 estote,
3332 2036 3403 2077 ne
3420 2024 3551 2093 quis
3572 2041 3697 2081 non

2097 2102 2305 2173 integro
2319 2103 2500 2158 animo
2513 2114 2567 2158 et
2582 2121 2716 2176 pura
2740 2106 3028 2162 dilectione
3054 2110 3300 2169 subditus
3320 2112 3697 2187 ﬁercthujas-

2096 2196 2237 2250 modi
2261 2196 2638 2265 potestatibus,
2661 2198 2887 2264 addidit,
2914 2200 3119 2267 dicens,
3147 2218 3248 2257 non
3287 2205 3457 2260 solum
3473 2220 3703 2278 propter

2092 2287 2252 2350 iram,
2268 2287 2358 2341 sed
2371 2287 2528 2341 etiam
2546 2298 2757 2359 propter
2784 2292 3177 2359 conscientiam,
3195 2292 3249 2347 id
3261 2303 3365 2361 est,
3380 2312 3487 2354 non
3512 2299 3699 2355 solum

2095 2376 2161 2430 ad
2184 2377 2318 2432 iram
2340 2378 2691 2443 evadendam,
2707 2382 2850 2451 quod
2877 2393 3056 2451 potest
3075 2386 3240 2440 etiam
3267 2388 3519 2446 simulate
3543 2391 3700 2460 ﬁeri,

2094 2467 2188 2521 sed
2206 2468 2330 2522 utin
2364 2478 2450 2523 tua
2479 2471 2808 2527 conscientia
2837 2483 3019 2529 certus
3048 2476 3126 2531 sis
3148 2477 3293 2533 illius
3319 2480 3612 2538 dilectione
3642 2493 3701 2540 te

2096 2556 2275 2613 facere
2290 2559 2374 2613 cui
2407 2559 2653 2618 subditus
2679 2561 2847 2620 fueris
2867 2565 3025 2633 jussu
3051 2568 3262 2624 Domini
3281 2571 3383 2635 tui,
3410 2589 3430 2622 ι
3459 2573 3554 2642 qui
3579 2589 3704 2630 om-

2095 2665 2193 2704 nes
2219 2648 2333 2704 vult
2361 2650 2539 2707 salvos
2566 2652 2703 2721 fieri,
2726 2658 2847 2710 etin
2875 2659 3205 2728 agnitionem
3230 2662 3479 2719 veritatis
3508 2667 3706 2721 venire

2096 2737 2151 2807 (I
2185 2738 2321 2793 Tim.
2348 2742 2430 2811 ιι).
2455 2762 2473 2794 ι
2507 2752 2563 2797 et
2583 2744 2686 2801 hoc
2707 2746 2852 2802 enim
2875 2764 2998 2803 cum
3027 2750 3236 2807 diceret
3281 2754 3597 2825 Apostolus,
3628 2758 3705 2815 de

2097 2831 2230 2902 ipsis
2258 2834 2618 2903 potestatibus
2657 2839 2870 2908 agebat,
2902 2840 3006 2896 hoc
3031 2851 3141 2908 est,
3166 2844 3311 2913 quod
3364 2848 3542 2903 servis
3585 2850 3705 2905 alio

2098 2923 2218 2979 loco
2257 2926 2467 2992 suadet,
2508 2945 2611 2983 non
2637 2930 2707 2984 ad
2743 2931 2957 2986 oculum
3000 2936 3302 2999 servientes,
3345 2942 3504 3009 quasi
3531 2941 3705 2995 homi-

2103 3013 2254 3069 nibus
2285 3015 2545 3086 placentes
2593 3019 2928 3095 (Ephes.vr),
2974 3033 3034 3079 ut
3081 3025 3133 3080 id
3182 3028 3361 3097 ipsum
3390 3032 3702 3100 quodsub-

417 3096 618 3154 tionem
663 3096 901 3169 Spiritus
951 3098 1149 3153 sancti.
1212 3096 1481 3165 Quoniam
1526 3097 1745 3168 quidem
1804 3104 2000 3153 caetera
2028 3080 2073 3142 (ἶ
2103 3080 2304 3159 duntur
2332 3105 2567 3163 dominis
2595 3080 2731 3176 suis,
2778 3080 3281 3182 non'eosoderiiit,
3328 3080 3425 3173 ani
3466 3118 3707 3178 fallaciis

420 3188 649 3242 crimina
694 3186 877 3243 δεηθειιὶ
912 3187 1119 3258 legibus
1152 3187 1515 3251 vindicantur,
1562 3197 1618 3243 et
1665 3187 1996 3259 superﬂuum

414 3277 700 3332 videbatur
724 3293 788 3332 ea
825 3289 967 3334 nunc
1009 3278 1188 3334 divina
1213 3279 1329 3351 lege
1348 3279 1643 3351 prohiberi,
1695 3294 1817 3351 quae
1859 3279 2005 3335 solli-

415 3369 622 3424 cienter
633 3368 869 3424 humana
882 3370 998 3442 lege
1011 3370 1340 3442 plectuntur,
1355 3372 1440 3427 illa
1455 3372 1568 3427 sola
1583 3373 1649 3426 de
1661 3373 1858 3442 quibus
1872 3373 2003 3429 nihil

418 3458 653 3513 humana
683 3458 769 3514 lex
800 3460 1028 3522 dixerat,
1045 3469 1099 3515 et
1121 3476 1242 3531 qua:
1264 3462 1507 3533 religioni
1533 3463 2003 3523 videbanturcon-

418 3549 624 3615 venire,
653 3550 997 3611 decernit.ex
1022 3565 1131 3624 quo
1151 3561 1374 3623 apparet
1391 3551 1629 3621 judicem
1662 3556 2006 3628 mundi,par-

417 3653 526 3698 tem
541 3643 832 3698 maximam
847 3643 939 3699 Dei
956 3644 1088 3717 legis
1105 3645 1356 3717 implere;
1383 3647 1565 3702 omnia
1582 3647 1729 3704 enim
1747 3650 2002 3718 crimina,

413 3748 538 3803 quae
562 3733 819 3789 vindicari
846 3734 958 3790 vult
998 3735 1160 3802 Dens,
1188 3751 1294 3792 non
1317 3752 1416 3808 per
1435 3738 1709 3796 antistites
1729 3741 2002 3812 etprinci-

418 3840 514 3895 pes
544 3824 927 3891 Ecclesiarum,
981 3826 1075 3883 sed
1102 3842 1199 3898 per
1226 3829 1407 3885 mundi
1427 3829 1666 3900 judicem
1696 3831 1867 3888 voluit
1890 3833 2006 3889 vin-

416 3916 627 3985 dicari;
668 3918 846 3975 ethoc
876 3918 1055 3975 sciens
1092 3920 1308 3988 Paulus,
1351 3931 1499 3979 recte
1541 3938 1666 3978 eum
1696 3924 2003 3982 ministrum

419 4006 513 4062 Dei
544 4008 805 4075 nominat,
845 4019 901 4065 et
930 4009 1197 4066 vindicem
1228 4012 1280 4067 in
1315 4029 1439 4068 eum
1486 4014 1581 4085 qui
1627 4014 1773 4085 quod
1802 4015 2005 4072 malum

420 4112 503 4156 est
537 4102 666 4174 agit.
722 4102 874 4171 Quod
914 4112 1095 4159 autem
1143 4106 1277 4161 dicit
1310 4106 1377 4161 de
1408 4115 1703 4178 potestate,
1749 4108 1837 4179 [ac
1863 4108 2004 4181 quod

422 4193 615 4249 bonum
671 4203 745 4250 est
791 4204 838 4249 et
891 4196 1104 4251 habebis
1149 4195 1361 4251 laudem
1423 4215 1490 4253 ea:
1541 4216 1646 4267 ea,
1699 4199 1862 4257 altius
1913 4216 2003 4260 re-

422 4285 744 4355 quirendum
811 4286 943 4342 mihi
1008 4288 1238 4344 videtur.
1304 4289 1423 4347 Non
1473 4292 1621 4348 enim
1673 4295 2007 4352 consuetudo

2103 3196 2402 3265 promereri
2458 3198 2784 3255 desiderent.
2839 3201 3037 3276 (Θήῃ.)
3080 3203 3313 3262 Ordinat
3352 3210 3571 3279 quidem
3596 3227 3709 3282 per

2105 3285 2220 3340 haec
2245 3285 2442 3342 Paulus
2466 3287 2761 3346 Ecclesium
2804 3291 2920 3360 Dei,
2949 3302 3009 3348 ut
3040 3295 3176 3351 nihil
3200 3297 3415 3354 adversi
3441 3302 3709 3373 principi-

2104 3373 2205 3431 bus
2228 3385 2285 3433 et
2327 3380 2689 3448 potestatibus
2740 3383 2925 3439 stnculi
2973 3400 3190 3456 gerens,
3244 3404 3344 3459 per
3377 3392 3618 3461 quietem
3643 3404 3709 3449 et

2105 3467 2553 3538 tranquillitatem
2584 3470 2727 3537 vitae,
2759 3487 2894 3543 opus
2932 3475 3157 3547 justitia:
3180 3487 3238 3534 et
3284 3480 3509 3550 pietatis
3542 3498 3710 3539 exer-

2104 3567 2247 3615 ceat.
2271 3559 2329 3616 Si
2358 3562 2503 3617 enim
2530 3578 2816 3633 ponamus,
2841 3567 2991 3623 verbi
3010 3570 3209 3640 gratia,
3232 3572 3521 3631 credentes
3541 3574 3709 3631 Chri-

2103 3659 2189 3707 sto
2218 3653 2577 3722 potestatibus
2610 3655 2794 3712 szeculi
2838 3673 2946 3713 non
3001 3675 3121 3730 esse
3163 3660 3465 3731 subjectos,
3494 3666 3706 3722 tributa

2105 3758 2211 3798 non
2234 3745 2479 3811 reddere,
2502 3762 2604 3804 nec
2626 3750 2906 3822 vectigalia
2930 3754 3231 3823 pensitare,
3261 3756 3393 3812 nulli
3419 3758 3701 3825 timorem,

2104 3835 2235 3891 nulli
2259 3837 2519 3896 honorem
2561 3839 2810 3910 deferre;
2854 3858 3035 3901 nonne
3078 3862 3178 3915 per
3204 3848 3322 3903 hac
3348 3860 3620 3907 rectorum
3640 3862 3710 3908 et

2101 3926 2408 3999 principum
2438 3930 2633 3988 merito
2657 3932 2717 3988 in
2736 3936 3059 4006 semetipsos
3095 3953 3248 3994 arma
3288 3953 3699 4013 converterent,

2103 4027 2160 4074 et
2179 4031 2555 4090 persecutores
2572 4025 2790 4095 quidem
2819 4043 2948 4084 suos
2966 4030 3329 4098 excusabiles,
3369 4035 3703 4105 sentetipsos

2103 4123 2234 4166 vero
2260 4110 2556 4182 culpabiles
2586 4114 2871 4172 facerent?
2903 4117 3022 4175 Non
3051 4120 3196 4176 enim
3236 4120 3353 4192 jam
3403 4124 3554 4193 ﬁdei,
3602 4132 3702 4186 sed

2104 4204 2458 4260 contumacia:
2485 4219 2652 4261 causa
2683 4206 2989 4280 impugnari
3017 4211 3349 4281 viderentur,
3374 4226 3433 4272 et
3452 4223 3703 4276 esseteis

2103 4305 2270 4347 causa
2287 4293 2503 4363 quidem
2532 4296 2726 4351 mortis
2746 4297 2928 4369 digna,
2953 4301 3206 4357 meritum
3232 4319 3361 4360 vero
3392 4308 3588 4365 mortis
3617 4312 3703 4365 in.

417 4384 503 4431 est
538 4379 1098 4479 potestatibns'smculi
1152 4380 1251 4437 hos
1297 4381 1390 4453 qui
1432 4399 1539 4439 non
1588 4382 1791 4441 fuerint
1820 4387 2003 4442 crimi-
2028 4419 2079 4479 Β
2102 4380 2347 4479 dignum.
2372 4381 2599 4479 (Arnim)
2620 4384 2684 4440 Et
2707 4385 3156 4479 ideo‘rectedicit,
3176 4393 3701 4464 subjectosessede-

420 4466 538 4520 nosi
575 4466 815 4522 laudare.
863 4468 996 4523 Nam
1026 4480 1314 4540 peccantes
1347 4473 1564 4542 quidem
1591 4476 1839 4544 puniunt.
1881 4476 1998 4532 Non
2031 4466 2073 4479 “’
2102 4472 2254 4540 bere,
2272 4488 2377 4530 non
2399 4474 2572 4530 solum
2591 4485 2812 4547 propter
2826 4477 3051 4546 iram,id
3067 4491 3174 4548 est,
3190 4481 3451 4541 ultionem
3466 4503 3701 4558 praesen-

420 4564 709 4626 peceantcs
750 4572 880 4613 vero
918 4559 1140 4617 laudare
1164 4562 1244 4618 eis
1270 4577 1389 4618 mos
1418 4563 1599 4619 nullus
1616 4573 1720 4621 est.
1766 4565 1873 4623 Sed
1919 4567 2001 4622 vi-

421 4644 666 4709 deamus,
703 4661 769 4700 ne
791 4644 925 4702 forte
949 4646 1146 4705 Paulus
1174 4651 1339 4706 etiam
1385 4668 1508 4707 cum
1537 4642 1760 4710 moralia
1789 4656 2001 4713 videtur

422 4736 639 4803 docere,
679 4736 918 4793 inserere
963 4754 1178 4810 semper
1202 4742 1368 4796 etiam
1399 4744 1464 4799 de
1495 4746 1769 4816 mysteriis
1797 4746 1999 4819 aliquid

421 4845 531 4885 non
549 4828 790 4885 omittat:
815 4829 1014 4885 etenim
1044 4830 1223 4887 sciens
1245 4833 1388 4903 quod
1424 4851 1443 4885 ‹
1478 4850 1667 4892 omnes
1694 4838 1784 4907 qui
1806 4837 1858 4892 in
1881 4839 2001 4912 lege

419 4930 800 4992 peccaverunt,
814 4936 911 4992 per
939 4921 1109 4994 legem
1141 4923 1548 4992 jutlicahuntur,
1580 4946 1598 4978 ι
1635 4944 1999 5000 unumquem-

421 5031 526 5085 que
550 5024 730 5070 autem
774 5014 827 5068 in
860 5011 1066 5082 judicio
1103 5013 1191 5069 illa
1216 5013 1303 5070 lex
1345 5015 1461 5072 sine
1490 5017 1653 5073 dubio
1692 5030 1883 5091 arguet
1914 5037 2002 5078 se-

422 5108 657 5161 cundum
709 5103 851 5174 quod
895 5103 1027 5159 vixit
1078 5105 1444 5178 (ostendimus
1505 5116 1687 5164 autem
1743 5110 2005 5181 Spiritum

421 5208 666 5253 sanctum
696 5195 748 5250 in
779 5194 962 5250 multis
998 5195 1247 5252 humanae
1281 5197 1385 5271 legi
1405 5198 1581 5256 locum
1601 5201 1856 5274 dedisse),
1883 5219 2004 5260 cer-

420 5297 535 5344 tum
557 5297 640 5344 est
673 5303 826 5359 ergo,
877 5285 1005 5358 quia
1052 5288 1102 5343 in
1133 5289 1218 5343 dic
1256 5287 1447 5357 jndicii
1477 5292 1697 5348 habebit
1729 5295 1894 5350 etiam
1935 5312 2002 5352 ex

424 5376 543 5431 istis
576 5377 781 5448 legibus
811 5377 1025 5433 laudem
1059 5382 1198 5449 apud
1228 5380 1395 5435 Deum
1445 5381 1492 5437 is
1526 5385 1617 5454 qui
1653 5385 1790 5439 nihil
1814 5398 2002 5442 contra

419 5474 654 5522 statutas
683 5468 1017 5524 commiserit
1038 5468 1201 5540 leges,
1228 5487 1350 5525 cum
1373 5471 1583 5528 dicetur
1606 5474 1656 5530 ei
1683 5490 1714 5528 a
1743 5476 2001 5535 Domino:

426 5552 595 5623 Euge,
619 5573 757 5612 serve
783 5559 913 5615 bone
931 5570 978 5614 et
1016 5560 1210 5628 ﬁdelis,
1263 5578 1421 5631 super
1445 5580 1612 5632 pauca
1640 5565 1790 5636 fuisti
1807 5567 2002 5636 ﬁdelis,

418 5660 580 5719 super
614 5646 776 5701 multa
796 5658 844 5703 te
886 5651 1197 5737 constituam
1247 5650 1462 5721 (Matth.
1507 5652 1654 5728 xxv).
1712 5657 2001 5717 Sciendum

2103 4571 2245 4628 tem;
2268 4565 2570 4635 paritenim
2584 4567 2665 4623 ira
2690 4568 3012 4637 vindictam;
3035 4573 3127 4628 sed
3142 4583 3200 4629 et
3217 4586 3443 4647 propter
3478 4587 3699 4638 uturnm

2095 4652 2383 4724 judicium,
2413 4657 2538 4727 quia
2560 4658 2606 4714 si
2631 4658 2721 4715 hic
2737 4663 3035 4727 evaserint,
3061 4663 3171 4720 illic
3191 4679 3286 4722 eos
3307 4680 3472 4736 pinna
3500 4685 3699 4743 exspe—

2103 4754 2238 4813 ctat,
2261 4747 2353 4802 ubi
2375 4757 2664 4806 accusante
2698 4750 2815 4823 ipsa
2845 4753 3177 4810 conscientia
3203 4758 3520 4826 punientur.
3553 4762 3700 4819 Nam

2105 4836 2306 4894 idcirco
2335 4840 2529 4896 tributa
2548 4842 2775 4913 penditis
2790 4858 2809 4897 .'
2840 4846 3069 4900 ministri
3088 4847 3228 4901 enim
3247 4847 3351 4904 Dei
3368 4863 3493 4907 sunt
3519 4855 3577 4907 in
3600 4857 3699 4910 hoc

2108 4929 2221 5000 ipso
2247 4931 2544 4987 servientes.
2568 4933 2693 4989 Ideo
2723 4934 2856 4990 dicit
2883 4935 3081 4993 tributa
3124 4941 3397 5008 praestari,
3448 4944 3533 4999 vel
3576 4960 3699 5016 qua

2109 5019 2364 5076 dicuntur
2384 5021 2607 5089 fiscalia,
2627 5032 2686 5079 ut
2705 5025 3091 5095 subjectionem
3112 5042 3388 5102 praestent,
3411 5051 3513 5106 per
3529 5054 3699 5108 quam

2110 5110 2399 5167 sciantnon
2417 5129 2477 5169 se
2493 5129 2614 5171 esse
2627 5114 2848 5183 liberos,
2864 5120 2959 5175 sed
2980 5121 3082 5176 sub
3094 5131 3363 5192 potestate
3375 5142 3563 5196 agere,
3577 5146 3699 5200 qua

2111 5216 2177 5256 ex
2202 5200 2314 5258 Deo
2340 5214 2461 5259 est:
2489 5204 2719 5276 principi
2741 5208 2885 5263 enim
2923 5225 3042 5277 suo,
3080 5213 3171 5282 qui
3207 5214 3380 5270 vicem
3419 5217 3517 5272 Dei
3559 5221 3695 5289 agit,

2109 5291 2253 5347 sicut
2264 5293 2373 5350 Deo
2384 5294 2765 5366 subjiciuntur,
2788 5298 2929 5356 sicut
2946 5302 3076 5356 dicit
3086 5302 3269 5359 Daniel
3281 5307 3544 5377 propheta
3561 5327 3575 5362 :
3601 5310 3699 5366 De:

2107 5393 2182 5437 est
2195 5384 2354 5449 enim,
2374 5384 2569 5455 inquit,
2583 5403 2798 5457 regnum
2813 5398 2861 5443 et
2880 5392 2967 5444 cui
2979 5390 3084 5445 vult
3096 5392 3239 5447 dabit
3252 5392 3386 5448 illud
3405 5395 3572 5466 (Dan.
3598 5401 3694 5469 tv);

2110 5474 2252 5530 unde
2263 5482 2318 5530 et
2329 5473 2614 5531 Dominus:
2634 5476 2872 5546 Reddite,
2886 5479 2982 5545 ait,
2997 5497 3112 5551 quae
3126 5491 3246 5537 sunt
3256 5479 3484 5539 Caesaris
3497 5484 3697 5541 Caesari

2111 5566 2266 5634 (Luc.
2291 5569 2405 5641 xx).
2431 5568 2569 5625 lluic
2590 5586 2720 5643 ergo
2738 5572 3056 5643 snbjiciendi
3071 5583 3216 5643 sunt,
3234 5575 3378 5631 sicut
3397 5576 3529 5642 Deo,
3542 5578 3697 5648 cujus

2110 5665 2457 5736 subjectionis
2469 5666 2633 5737 proba
2643 5666 2958 5734 t-ioba‘cest,
2971 5684 3093 5725 cum
3116 5667 3187 5724 illi
3206 5669 3447 5740 pendunt
3467 5669 3688 5727 tributa.
