4026 6180
319 292 458 351 1565

857 288 1409 347 ENARRATIONUM
1443 291 1511 346 lN
1549 291 1698 347 EPP.
1739 288 1941 347 PAULI
1980 289 2108 347 LIB.
2152 292 2260 349 VII.
2300 325 2373 337 —
2407 291 2477 348 IN
2512 294 2728 350 EPIST.
2769 295 2860 350 AD
2897 296 3061 354 ιιοιι.

3450 305 3482 359 1
3496 302 3596 362 Ξῖόϐ

396 399 615 456 Reddite
648 416 771 471 ergo
797 403 1040 457 omnibus
1088 402 1284 486 debita.
1343 402 1511 458 Reddi
1565 404 1679 459 vult
1707 405 1776 459 ab
1799 420 1913 458 om-
1945 410 1990 467 Α
2017 402 2344 460 Dominusin
2360 404 2467 461 illis
2488 406 2699 461 duobus
2715 410 2997 478 prtereptis
3020 419 3187 466 totam
3212 411 3379 486 legem
3406 419 3599 486 pende-

318 489 485 546 nibus
511 490 713 555 debita,
762 492 890 560 quia
943 500 999 547 et
1041 484 1287 563 potentes
1332 502 1460 547 sunt
1495 494 1768 550 debitores
1806 495 1909 548 mi-

323 582 548 640 noribus
600 592 660 638 ιιι
708 585 1070 654 respondeant
1124 584 1584 640 meritisillorum.
1615 585 1716 639 Cui
1743 587 1913 640 tribu-

320 687 431 731 tam
447 675 730 743 tributum;
746 678 831 731 cui
841 676 1056 747 vectigal
1069 677 1307 746 uectigal.
1322 676 1560 731 Primum
1574 693 1637 731 ea
1649 692 1769 746 qum
1788 686 1916 732 sunt

321 768 576 838 potestati
608 769 770 838 regite
801 767 980 823 debita
1024 767 1226 822 exsolvi
1266 767 1441 834 jubet,
1469 768 1597 837 quia
1654 768 1828 838 major
1856 767 1911 822 in

321 860 407 915 his
428 875 592 915 causa
627 868 721 914 aut
742 859 1045 914 necessitas
1086 867 1189 913 est.
1220 857 1318 912 Cui
1367 859 1604 912 timorem
1646 859 1907 911 timorem.

321 948 596 1004 Timorem
620 947 878 1019 potestati
904 948 1293 1014 exhibendum,
1320 948 1447 1018 quia
1475 948 1637 1002 timor
1662 947 1913 1017 prohibet

317 1049 627 1114 peccatum,
656 1040 850 1097 deinde
875 1049 965 1095 aut
993 1040 1224 1111 parenti,
1265 1048 1360 1094 aut
1410 1039 1633 1095 domino
1669 1050 1907 1104 terreno,

318 1143 379 1190 ut
419 1134 622 1206 gratias
647 1142 774 1205 agat
800 1133 855 1188 in
905 1132 1037 1198 lilio,
1091 1141 1185 1187 aut
1221 1147 1381 1188 servo
1426 1131 1759 1187 Christiano.
1811 1131 1911 1186 Cui

317 1225 566 1279 honorent
591 1224 861 1279 honorem.
912 1222 1099 1279 Potest
1139 1223 1228 1279 hic
1257 1223 1429 1278 honor
1449 1223 1611 1278 etiam
1639 1222 1784 1276 circa
1815 1236 1910 1277 eos

313 1329 438 1370 esse
467 1314 560 1385 qui
589 1313 849 1370 sublimes
900 1313 1153 1369 videntur
1207 1312 1260 1367 in
1293 1311 1512 1378 mundo,
1556 1319 1619 1366 ut
1665 1311 1909 1366 videntes

317 1407 680 1464 humilitatem
701 1422 985 1463 servorum
1011 1404 1236 1469 Christi,
1267 1404 1491 1459 laudent
1535 1402 1716 1473 potius
1740 1416 1906 1470 quam

313 1500 624 1569 vituperent
663 1497 1033 1569 evangelicam
1080 1496 1444 1566 disciplinam.
1490 1494 1706 1549 Nemini
1752 1493 1907 1565 quid-

313 1606 472 1659 quam
497 1588 726 1642 debeatis
757 1587 859 1641 nisi
897 1595 953 1640 ut
993 1586 1210 1640 inuicem
1257 1584 1514 1656 diligatis.
1564 1583 1763 1638 Pacem
1791 1583 1908 1637 vult

314 1694 414 1735 nos
438 1678 658 1743 habere,
680 1679 725 1734 si
752 1677 870 1733 fieri
893 1685 1092 1748 potest,
1114 1692 1239 1732 cum
1259 1678 1535 1743 omnibus,
1558 1676 1901 1733 dilectionem

2016 510 2077 549 re
2099 496 2226 550 dicit
2250 505 2305 550 et
2332 512 2522 552 omnes
2539 500 2845 569 prophetas,
2861 500 2915 553 id
2933 509 3018 556 est
3042 502 3094 556 iu
3121 502 3407 560 dilectione
3435 506 3526 561 Dei
3544 516 3600 562 ct

2013 584 2246 652 proximi
2274 586 2487 655 (Matth.
2514 588 2671 660 xxu).
2712 587 2864 644 Unde
2889 600 2947 644 et
2973 591 3105 661 ipse,
3138 594 3227 662 qui
3259 595 3428 665 legem
3454 600 3605 654 venit

2015 674 2255 744 implere,
2282 677 2624 733 dilectionem
2659 681 2882 735 donavit
2909 700 3005 752 per
3035 684 3294 754 Spiritum
3324 696 3593 756 sanetum,

2015 776 2071 818 ,ιι
2097 767 2240 836 quod
2264 778 2423 822 antea
2466 770 2628 823 timor
2674 770 2897 842 implere
2947 791 3052 828 non
3101 783 3333 843 poterat,
3362 779 3600 837 cbaritas

2012 859 2352 924 postmodum
2384 858 2649 929 impleret.
2678 861 2804 916 lude
2830 872 2915 916 cst
2948 872 3004 917 et
3034 865 3160 918 illud
3189 865 3427 933 ejusdem
3457 871 3600 938 Apo-

2010 946 2132 1000 stoli
2159 964 2172 999 :
2206 944 2490 1002 Plenitudo
2517 960 2692 1004 autem
2719 951 2845 1021 legis
2878 955 3106 1007 citat-itas
3126 969 3144 1006 :
3167 967 3226 1010 ct
3253 958 3381 1011 illud
3407 977 3419 1011 :
3449 958 3601 1016 Finis

2010 1046 2184 1089 autent
2205 1039 2447 1107 pra'cepti
2473 1049 2547 1092 est
2575 1041 2806 1096 Charitas
2826 1044 2889 1096 de
2916 1046 3070 1097 corde
3088 1064 3240 1115 puro,
3267 1060 3313 1101 et
3335 1052 3601 1107 conscien-

2009 1126 2083 1179 tia
2108 1125 2262 1191 bona,
2286 1136 2333 1180 et
2354 1127 2460 1197 ﬁde
2494 1145 2597 1182 non
2628 1130 2751 1198 [icta
2796 1131 2846 1203 (l
2883 1132 3014 1187 Tim.
3040 1139 3099 1205 ι).
3148 1135 3354 1210 [Aiub.]
3402 1139 3599 1211 Legem

2009 1215 2188 1270 datam
2220 1233 2249 1271 a
2280 1217 2464 1288 Moyse
2517 1219 2721 1290 implet,
2773 1223 2864 1293 qui
2898 1224 3066 1295 diligit
3095 1230 3427 1295 proximum;
3473 1248 3599 1287 natn

2007 1326 2162 1366 nova:
2208 1312 2341 1384 legis
2384 1314 2696 1370 mandatum
2739 1324 2822 1372 est
2864 1318 3028 1372 etiam
3077 1320 3322 1377 inimicos
3352 1324 3596 1395 diligere.

2079 1401 2222 1456 Nam
2274 1402 2397 1458 Non
2435 1403 2794 1472 adulterabis,
2840 1407 2962 1461 Non
3002 1411 3242 1475 occides,
3274 1411 3399 1466 Non
3452 1414 3602 1483 fura-

2007 1492 2144 1548 beris
2166 1534 2182 1559 ,
2211 1494 2336 1549 Non
2366 1494 2563 1565 falsum
2616 1498 2969 1552 testimonium
2998 1500 3139 1553 dices
3162 1541 3176 1566 ,
3233 1500 3356 1556 Non
3405 1520 3601 1559 concu-

2004 1585 2171 1655 pisces
2193 1625 2208 1649 ,
2232 1594 2280 1638 et
2320 1585 2368 1640 si
2405 1586 2547 1656 quod
2572 1597 2647 1641 est
2677 1587 2825 1643 aliud
2849 1590 3156 1644 ntandatum
3194 1590 3293 1645 Itoc
3333 1594 3482 1649 uerbo
3523 1596 3603 1649 inn

2006 1683 2320 1729 stauretur:
2370 1675 2569 1747 Diliges
2613 1678 2912 1749 proximum
2961 1690 3113 1735 tuum
3168 1683 3304 1736 sicut
3356 1685 3597 1755 teipsunt.

312 1785 444 1826 vero
468 1785 588 1826 cum
615 1769 899 1835 fratribus,
935 1777 991 1824 et
1037 1769 1181 1823 hanc
1227 1777 1407 1822 tamen
1434 1768 1639 1823 honore
1666 1774 1900 1823 servato.
1935 1754 1980 1813 Β
2009 1764 2203 1839 (0rig.)
2237 1766 2307 1822 Et
2325 1767 2396 1823 ad
2425 1767 2672 1824 ultimum
2695 1770 2962 1826 rationem
2992 1774 3124 1827 tanti
3154 1774 3313 1846 hujus
3330 1754 3454 1832 boni
3476 1779 3603 1835 bre-

310 1862 520 1917 ldcirco
539 1871 723 1917 autem
766 1859 1042 1917 debitores
1087 1859 1241 1924 dicit,
1285 1858 1415 1929 quia
1458 1857 1666 1914 homini
1695 1857 1789 1927 qui
1817 1856 1902 1911 di-

311 1968 452 2031 gnus
491 1953 699 2009 honore
738 1960 824 2007 est
853 1951 968 2007 sive
1000 1959 1271 2021 praesente
1312 1950 1429 2006 sive
1454 1948 1658 2014 futuro,
1683 1949 1903 2020 dignum

308 2050 399 2099 est
417 2050 473 2098 et
495 2042 740 2098 debitum
770 2039 1044 2097 inclinari.
1097 2039 1178 2095 Illi
1199 2039 1347 2096 enim
1382 2040 1506 2109 quis
1532 2038 1845 2103 inclinatur,
1872 2052 1905 2093 a

309 2147 423 2204 quo
449 2134 709 2188 honorem
742 2132 973 2203 accepit,
1025 2130 1147 2186 ideo
1175 2129 1391 2186 debitor
1425 2129 1646 2195 dicitur;
1675 2127 1722 2183 si
1761 2127 1904 2184 enim

306 2237 420 2279 non
448 2223 553 2280 hoc
580 2221 776 2279 feceris
798 2220 1028 2292 principi
1060 2231 1172 2288 tuo,
1214 2222 1482 2292 superbus
1526 2235 1609 2286 es,
1636 2205 1732 2274 aut
1757 2219 1904 2275 enim

307 2316 509 2373 merito
538 2315 679 2386 quis,
712 2323 805 2370 aut
832 2324 993 2371 aetate
1032 2314 1381 2369 honorandus
1410 2322 1516 2369 est.
1556 2311 1755 2385 (θήῃ.)
1797 2311 1905 2368 Sed

310 2416 496 2463 tamen
521 2409 625 2463 hoc
647 2408 822 2478 ipsum
846 2407 989 2477 quod
1009 2407 1178 2462 dicit:
1205 2404 1424 2460 Reddite
1445 2405 1622 2460 debita
1641 2404 1901 2469 omnibus,

310 2500 399 2554 cui
421 2499 673 2554 tributum
722 2498 1008 2559 tributum:
1056 2499 1143 2551 cui
1189 2495 1408 2568 vectigal
1436 2495 1677 2567 vectigal,
1722 2497 1901 2562 abeo,

308 2586 457 2659 quod
486 2587 540 2642 in
566 2587 917 2658 sequentibus
936 2586 1176 2651 additur,
1205 2604 1224 2637 ι
1247 2585 1333 2642 cui
1354 2585 1602 2639 timorem
1629 2584 1901 2649 timorem,

311 2680 402 2734 cui
432 2679 689 2734 honorem
726 2679 1010 2744 honorem,
1044 2698 1065 2732 ι
1086 2678 1315 2734 divisum
1340 2678 1472 2732 mihi
1494 2677 1729 2744 videtur,
1752 2688 1809 2735 et
1834 2679 1904 2735 ad

308 2787 408 2827 eos
434 2772 649 2842 quidem
693 2786 830 2841 quos
850 2786 1012 2840 supra
1041 2770 1280 2826 diximus
1307 2768 1603 2834 miniStros,
1627 2770 1903 2840 pertinere

311 2862 517 2917 tributa
547 2872 604 2917 et
619 2861 934 2932 vectigalia;
966 2862 1189 2932 exigunt
1214 2861 1361 2917 enim
1403 2862 1470 2918 de
1519 2860 1677 2918 nobis
1703 2860 1900 2917 tributa

316 2962 477 3009 terra:
491 2962 691 3008 nostra:
701 2961 757 3008 et
767 2952 1050 3024 vectigalia
1065 2952 1447 3024 negotiationis
1459 2960 1677 3007 nostrae.
1694 2951 1763 3006 Et
1775 2953 1902 3021 quid

312 3048 438 3103 dico
464 3046 532 3103 de
553 3046 743 3102 nobis?
788 3056 1014 3103 exactus
1038 3056 1124 3103 est
1162 3048 1422 3103 tributum
1455 3047 1619 3103 etiam
1639 3047 1901 3104 Dominus

317 3147 501 3194 noster
540 3138 699 3194 lesns
746 3138 1001 3195 Christus
1052 3140 1105 3195 in
1147 3153 1314 3195 carne
1346 3139 1582 3209 positus,
1625 3140 1770 3210 quod
1820 3140 1901 3194 id‘

315 3230 466 3285 circo
506 3244 567 3286 se
619 3230 752 3287 dicit
799 3229 1116 3296 exsolvere,
1174 3245 1283 3285 non
1333 3231 1477 3301 quod
1531 3228 1747 3287 debitor
1790 3232 1901 3297 sit,

316 3320 421 3376 sed
470 3335 539 3375 ne
594 3320 924 3377 scandalizet
976 3336 1073 3378 eos
1128 3320 1365 3393 (Natta.
1404 3338 1516 3378 xvn
1542 3322 1585 3397 ).
1649 3322 1802 3391 Quod
1853 3325 1899 3381 si

319 3409 408 3467 ille
433 3411 527 3482 qui
571 3410 705 3466 nihil
733 3410 970 3469 habebat
1013 3411 1068 3467 in
1114 3426 1175 3467 se
1220 3410 1490 3479 Cessatis,
1523 3413 1581 3470 in
1610 3429 1720 3486 quo
1757 3415 1907 3486 prin-

315 3515 446 3572 cepe
491 3499 652 3571 huius
699 3501 885 3557 mundi
928 3501 1152 3557 veniens
1202 3517 1311 3559 non
1363 3502 1568 3559 invenit
1610 3504 1904 3575 quidquam

316 3589 502 3664 (loeti.
552 3591 695 3664 xiv),
720 3593 787 3648 de
832 3592 969 3659 suis,
1011 3607 1137 3648 cum
1184 3591 1324 3648 liber
1370 3601 1549 3660 esset,
1590 3592 1753 3649 solvit
1807 3594 1906 3649 tri-

319 3685 508 3739 butum
539 3683 719 3755 (venit
746 3683 892 3738 enim
915 3691 972 3738 et
1011 3682 1066 3738 in
1093 3691 1345 3749 mortem,
1373 3692 1436 3740 ut
1455 3693 1602 3740 esset
1632 3692 1687 3740 et
1715 3704 1734 3737 ι
1767 3684 1908 3740 inter

319 3782 562 3829 mortuos
605 3772 784 3843 liber),
820 3792 841 3827 ι
870 3782 1075 3844 quanto
1107 3774 1280 3845 magis
1305 3789 1405 3829 nos
1443 3790 1668 3831 necesse
1691 3784 1775 3830 est
1801 3776 1906 3830 ista

321 3864 522 3920 tributa
550 3864 733 3919 carnis
769 3862 1075 3934 expendere
1098 3871 1160 3919 et
1200 3864 1581 3935 negotiationis
1613 3874 1832 3931 nostra,
1861 3866 1907 3921 si

322 3965 500 4012 tamen
547 3956 886 4027 negotiamur
930 3955 1256 4027 margaritas
1299 3957 1450 4028 regni
1485 3956 1767 4022 caelorum,
1811 3973 1910 4029 per

319 4046 562 4102 diversas
600 4047 928 4103 tentationes
972 4048 1317 4119 exigentibus
1364 4063 1464 4104 nos
1512 4049 1792 4119 spiritibus
1813 4065 1907 4107 ve-

319 4137 537 4207 ctigalia
586 4138 895 4207 pensitare!
950 4137 1223 4194 Timorem
1270 4153 1402 4193 vero
1448 4148 1506 4195 et
1547 4140 1810 4195 honorem
1840 4139 1908 4194 ad

322 4227 471 4282 illum
502 4229 682 4298 potius
705 4227 910 4283 referre
935 4229 1213 4293 debemus,
1237 4230 1331 4299 qui
1379 4228 1512 4283 dicit
1538 4244 1637 4299 per
1678 4229 1912 4300 prophe-

322 4329 433 4374 tam
460 4337 473 4372 :
510 4318 697 4374 Nonne
745 4319 1024 4373 Dominum
1047 4330 1095 4374 et
1120 4317 1333 4376 Patrem
1360 4321 1554 4374 uocatis
1583 4336 1665 4374 me
1686 4320 1712 4373 il
1757 4317 1826 4373 Et
1864 4322 1910 4376 si

322 4409 579 4464 Dominus
601 4425 694 4480 ego
723 4426 863 4476 sum,
891 4410 978 4464 ubi
1026 4419 1102 4466 est
1125 4413 1284 4465 timor
1326 4412 1514 4466 meus?
1554 4409 1623 4465 Et
1674 4411 1722 4466 si
1748 4408 1912 4467 Pater

322 4516 461 4566 sum,
484 4502 569 4554 ubi
593 4510 668 4555 est
694 4501 861 4556 honor
880 4508 1025 4556 meus
1042 4502 1068 4555 Il
1089 4501 1345 4572 (Maloea.
1370 4502 1433 4572 ι.)
1457 4501 1761 4559 Posteriora
1782 4518 1913 4559 sane

322 4610 445 4665 qua:
467 4594 637 4659 addit,
663 4614 683 4645 ι
703 4604 762 4648 ιιι
792 4594 994 4649 nemini
1007 4595 1300 4664 quidquam
1324 4596 1636 4662 debeamus,
1661 4616 1679 4648 ι
1702 4606 1911 4651 eertum

323 4695 408 4740 est
430 4685 497 4739 ad
528 4685 803 4740 ministros
829 4685 1037 4751 referri,
1073 4686 1270 4756 quibus
1294 4686 1506 4741 debitor
1533 4687 1657 4756 quis
1682 4686 1915 4742 cﬂicitur

324 4792 447 4831 cum
477 4777 818 4845 peccaverit;
873 4776 1112 4831 debitum
1165 4781 1311 4830 enim
1363 4786 1644 4846 pcccatmu
1696 4792 1818 4833 esse
1856 4777 1910 4832 in

325 4865 510 4921 multis
529 4875 585 4920 et
607 4864 919 4934 frequenter
968 4866 1321 4921 ostendimus.
1378 4865 1502 4919 V’ult
1538 4881 1670 4936 ergo
1715 4865 1912 4923 Paulus

325 4956 532 5027 peccati
574 4957 791 5026 quidem
839 4971 997 5011 omne
1026 4956 1264 5010 debitum
1297 4954 1453 5019 solvi,
1483 4970 1584 5010 nec
1634 4969 1916 5011 remanere

326 5044 548 5099 omnino
571 5047 709 5115 apud
732 5061 832 5099 nos
854 5046 1094 5100 debitum
1124 5045 1360 5114 peccati:
1391 5059 1711 5115 permanere
1733 5053 1914 5100 tamen

326 5144 383 5190 et
411 5151 686 5205 nunquam
717 5150 936 5191 cessare
966 5152 996 5190 a
1027 5137 1184 5191 nobis
1201 5136 1439 5190 debitum
1467 5136 1773 5190 charitatis.
1800 5134 1915 5191 Hoc

326 5224 471 5279 enim
494 5234 550 5279 et
577 5226 818 5295 quotidie
850 5227 1059 5281 solvere
1087 5234 1144 5281 et
1191 5240 1406 5295 semper
1450 5225 1651 5281 debere
1696 5226 1916 5297 expedit

327 5314 501 5371 nobis.
533 5317 772 5386 Denique
794 5326 1008 5385 quautze
1043 5316 1257 5371 virtutis
1279 5316 1350 5370 sit
1373 5316 1612 5371 charitas
1638 5316 1691 5371 iu
1719 5332 1912 5373 conse-

327 5407 619 5474 qucuIiLtts
645 5408 812 5476 ponit.
848 5407 951 5472 Qui
998 5408 1137 5461 enim
1177 5407 1347 5478 diligit
1390 5408 1709 5478 proximum,
1751 5407 1912 5480 legent

328 5499 574 5566 intulerit.
603 5501 784 5571 (Αιιε.)
812 5502 964 5567 Quod
1009 5512 1190 5557 autem
1242 5501 1398 5567 dicit,
1440 5502 1531 5572 qui
1571 5505 1707 5558 enim
1744 5504 1916 5575 diligit

330 5592 647 5657 proximam,
669 5591 831 5662 legem
856 5592 1105 5662 implevit,
1131 5592 1367 5647 ostendit
1390 5593 1915 5649 consummationem

331 5679 527 5750 lz‘gisiu
545 5684 828 5738 dilectione
844 5686 1090 5754 positam,
1117 5685 1282 5748 idest,
1304 5684 1358 5739 in
1383 5685 1668 5740 charitate.
1689 5683 1844 5741 Unde
1865 5694 1916 5740 ct

2006 1859 2148 1915 viter
2191 1859 2471 1932 colligens,
2526 1861 2649 1917 ait:
2700 1861 2927 1917 Dilectio
2978 1867 3203 1935 proximi
3247 1869 3448 1924 malum
3493 1888 3599 1927 non

2006 1959 2275 2018 operatur,
2305 1948 2578 2020 plenitudo
2605 1967 2728 2023 ergo
2769 1950 2896 2024 legis
2922 1964 2998 2007 est
3027 1955 3256 2010 dilectio.
3309 1957 3481 2029 Supra
3514 1962 3599 2015 di-

2005 2046 2161 2096 xerat
2206 2040 2334 2112 quia
2382 2040 2475 2111 qui
2516 2040 2687 2112 diligit
2737 2043 3035 2113 proximum
3061 2043 3223 2115 legem
3268 2047 3517 2117 implerit;
3543 2059 3600 2107 et

2006 2131 2132 2201 quia
2162 2129 2376 2188 diliicile
2404 2130 2690 2187 videbatur
2727 2134 2997 2203 quomodo
3040 2137 3208 2205 possit
3234 2140 3358 2207 quis
3380 2155 3598 2197 onmem

2003 2222 2177 2293 legem
2203 2223 2258 2278 in
2287 2238 2395 2279 uno
2415 2224 2689 2295 complere
2713 2240 2989 2293 sermone,
3014 2229 3382 2299 plenissimam
3422 2234 3600 2289 reddit

2006 2314 2269 2369 rationem
2295 2314 2503 2381 dicens,
2531 2315 2743 2371 dilectio
2768 2319 2998 2389 proximi
3038 2319 3237 2375 malum
3282 2338 3393 2377 non
3410 2340 3599 2394 opera-

2006 2412 2114 2457 tur.
2167 2403 2235 2457 Et
2262 2404 2382 2459 ideo
2418 2404 2688 2475 plenitudo
2719 2404 2847 2477 legis
2893 2418 2969 2462 est
2997 2408 3228 2464 dilectio.
3275 2411 3421 2468 Pone
3449 2415 3597 2470 enim

2003 2508 2102 2562 per
2125 2493 2336 2564 singula
2358 2494 2613 2550 mandata
2655 2495 2792 2568 legis
2820 2497 3186 2566 dilectionem,
3210 2510 3267 2556 et
3302 2503 3425 2558 vide
3468 2505 3597 2574 quia

2005 2583 2161 2640 facile
2183 2589 2378 2640 cuncta
2397 2585 2755 2656 complentur.
2806 2586 3059 2657 Nunquid
3085 2590 3176 2658 qui
3198 2590 3371 2661 diligit
3406 2595 3596 2663 prosi-

2004 2688 2153 2730 mum
2181 2675 2429 2731 occidere
2469 2690 2591 2729 eum
2637 2678 2851 2746 potest?
2897 2688 3106 2733 certum
3145 2688 3231 2735 est
3264 2682 3388 2750 quia
3436 2698 3597 2742 nemo

2003 2777 2162 2832 quem
2193 2764 2368 2836 diligit
2414 2764 2740 2820 interﬁciat:
2769 2775 2853 2822 est
2891 2782 3020 2838 ergo
3064 2769 3282 2826 dilectio
3307 2786 3408 2842 per
3433 2788 3596 2844 quam

2005 2854 2294 2925 impleatur
2342 2855 2656 2910 mandatum
2686 2872 2794 2926 quo
2821 2859 3162 2929 pnecipitur,
3198 2860 3321 2917 Non
3370 2866 3592 2923 occides.

2006 2947 2075 3002 Et
2102 2949 2320 3013 iterum,
2367 2947 2612 3019 nunquid
2653 2949 2746 3019 qui
2792 2952 3097 3020 proximum
3124 2968 3281 3009 suum
3316 2957 3511 3029 diligit,
3540 2958 3595 3015 in

2004 3057 2231 3097 uxorem
2255 3040 2374 3111 ejus
2404 3042 2726 3098 adulterium
2776 3044 3106 3100 committit?
3143 3045 3258 3101 Non
3308 3049 3594 3118 profecto:

1928 3106 1972 3168 (ἶ
2003 3134 2203 3205 siergo
2228 3106 2423 3202 diligas
2451 3134 2783 3204 proximum,
2806 3150 2905 3190 nec
2923 3135 3247 3192 adulterium
3271 3106 3596 3198 commutes.

2005 3224 2268 3280 Similiter
2293 3236 2350 3280 et
2379 3225 2470 3295 qui
2500 3225 3015 3296 diligitproximum,
3041 3242 3161 3296 qua:
3185 3226 3300 3296 ejus
3336 3239 3465 3284 sunt
3492 3246 3599 3288 non

2001 3314 2237 3385 furatur,
2280 3330 2335 3372 et
2382 3317 2475 3388 qui
2503 3317 2676 3388 diligit
2718 3318 3047 3389 proximum,
3089 3319 3281 3375 falsum
3311 3322 3599 3379 adversum

2005 3423 2130 3464 eum
2161 3409 2529 3466 testimonium
2558 3424 2666 3466 non
2694 3409 2857 3466 dicit:
2882 3411 3133 3467 similiter
3154 3421 3209 3468 et
3228 3423 3423 3470 caetera
3452 3433 3600 3472 nian-

2004 3499 2153 3567 data,
2194 3501 2242 3557 si
2293 3502 2366 3558 sit
2410 3515 2539 3575 erga
2582 3501 2891 3574 proximum
2949 3502 3186 3571 dilectio,
3232 3504 3439 3576 absque
3492 3507 3601 3564 alio

2004 3589 2195 3647 labore
2220 3602 2526 3648 servantur.
2558 3590 2760 3664 (dmin)
2811 3592 2935 3649 Ideo
2970 3595 3115 3650 enim
3154 3598 3297 3664 quod
3329 3614 3600 3656 summum

2004 3691 2091 3737 est
2108 3681 2243 3753 legis
2263 3690 2548 3747 nseniorat,
2571 3689 2629 3735 ιιι
2655 3682 2784 3737 huic
2806 3682 3157 3754 Evangelium
3190 3686 3383 3753 societ,
3419 3697 3598 3744 oeten.

2006 3770 2140 3823 deus
2170 3768 2331 3822 unius
2355 3780 2479 3823 esse
2502 3782 2720 3823 sensqu
2749 3770 3007 3826 auctoris.
3054 3769 3159 3825 Sed
3188 3772 3314 3842 quia
3357 3782 3601 3845 tempore

2006 3857 2211 3914 Christi
2236 3858 2359 3913 addi
2387 3857 2590 3929 aliquid
2639 3858 2903 3929 oportuit,
2948 3875 3053 3916 non
3083 3860 3257 3916 solum
3299 3865 3595 3934 proximos,

2007 3948 2105 4004 sed
2131 3948 2384 4005 inimicos
2412 3949 2637 4021 diligere
2668 3951 2945 4022 praecepit.
2997 3951 3152 4008 Unde
3176 3954 3445 4021 subditur,
3490 3956 3603 4028 ple-

2011 4040 2195 4095 nitudo
2220 4038 2348 4111 legis
2371 4052 2445 4094 est
2472 4040 2704 4095 dilectio.
2750 4041 2821 4098 Ut
2862 4041 3074 4111 justitia
3101 4044 3172 4098 sit
3216 4044 3443 4117 diligere
3468 4060 3599 4116 prn-

2011 4132 2237 4197 simum,
2261 4132 2544 4188 abundans
2575 4148 2709 4189 vero
2732 4142 2790 4188 et
2812 4132 3050 4205 perlecta
3071 4132 3284 4204 justitia
3309 4137 3474 4191 etiam
3500 4137 3605 4193 ini-

2010 4222 2182 4278 micos
2210 4222 2471 4293 diligere:
2528 4223 2806 4279 inimicum
2853 4233 3032 4280 autem
3076 4224 3320 4296 diligere,
3349 4229 3479 4297 quid
3517 4238 3607 4287 est

2012 4311 2182 4379 aliud,
2206 4327 2370 4383 quam
2396 4320 2586 4384 optare
2617 4315 2863 4370 desinere
2897 4314 3046 4369 illum
3089 4317 3157 4371 ab
3203 4315 3328 4372 odio
3366 4326 3423 4372 et
3467 4318 3606 4375 nihil

1938 4446 1989 4507 ι)
2015 4413 2479 4507 asperumpeterc
2505 4405 2766 4462 adversus
2811 4405 2985 4472 illum,
3028 4407 3134 4463 hoc
3172 4416 3278 4473 est,
3328 4424 3513 4466 amare
3542 4410 3607 4466 il-

2017 4494 2153 4562 lum,
2178 4511 2245 4551 ea
2273 4496 2349 4551 illi
2370 4505 2581 4566 optare,
2607 4512 2707 4568 per
2730 4513 2852 4569 qua:
2874 4498 3045 4556 Deum
3066 4500 3261 4556 habeat
3279 4501 3606 4573 propitium?

2019 4588 2146 4643 litec
2167 4597 2255 4644 est
2275 4588 2517 4644 ctelestis
2539 4588 2772 4658 justitia,
2800 4591 2916 4646 haec
2948 4591 3061 4648 Deo
3102 4591 3242 4661 patri
3297 4593 3502 4649 similes
3528 4595 3608 4649 fa.

2016 4680 2113 4745 cit,
2167 4680 2292 4750 quia
2341 4697 2449 4736 non
2489 4680 2791 4736 colentibus
2835 4694 2896 4737 se
2941 4697 3119 4738 annua
3168 4683 3308 4739 dona
3357 4682 3603 4754 largitur.

2017 4770 2153 4826 Nam
2185 4779 2240 4827 et
2292 4771 2552 4826 Dominus
2579 4771 2634 4825 in
2679 4786 2842 4828 cruce
2870 4772 3076 4842 positus
3100 4771 3337 4842 postulat
3359 4786 3460 4841 pro
3498 4772 3604 4827 ini-

2005 4850 2198 4932 inicis,
2229 4874 2289 4921 ut
2326 4865 2714 4937 plenitudinem
2754 4866 2999 4937 justitia,
3026 4880 3189 4935 quam
3228 4864 3488 4920 docuerat
3511 4864 3608 4919 de-

2022 4967 2371 5015 monstraret.
2402 4955 2604 5029 (0rig.)
2625 4957 2764 5012 Puto
2785 4968 2965 5012 tamen
2992 4957 3136 5026 quod
3158 4955 3289 5011 etin
3314 4956 3418 5011 huc
3442 4953 3607 5008 voluit

2020 5055 2120 5103 nos
2145 5048 2436 5119 Apostolus
2475 5048 2680 5119 aliquid
2726 5048 3164 5118 contpendiosius
3190 5049 3419 5104 discere.
3468 5046 3604 5101 Nam

2020 5139 2069 5194 si
2094 5140 2404 5210 diligentius
2428 5139 2678 5209 requiras
2701 5140 2792 5209 qui
2818 5141 2890 5194 sit
2908 5139 3187 5210 proximus
3207 5147 3411 5202 noster,
3427 5138 3609 5194 disces

2021 5230 2091 5285 ab
2121 5230 2411 5301 Evangelia
2441 5228 2595 5301 (Luc.
2618 5227 2676 5299 χ)
2703 5228 2853 5284 illum
2879 5244 3001 5284 esse
3025 5227 3331 5298 proximum
3362 5236 3609 5283 nostrum

2021 5319 2112 5389 qui
2135 5318 2283 5373 venit
2304 5327 2361 5374 et
2384 5315 2634 5386 iacentes
2661 5332 2760 5373 nos
2801 5317 3219 5387 vulneratosque
3247 5331 3276 5370 a
3308 5315 3611 5373 latronibus

2022 5418 2078 5463 et
2099 5407 2328 5463 nudatos
2345 5423 2378 5462 a
2400 5406 2736 5462 daemonibus
2756 5405 3005 5477 iumento
3037 5406 3279 5475 corporis
3305 5404 3389 5460 sui
3416 5418 3609 5475 super-

2022 5499 2221 5568 posuit,
2268 5507 2324 5553 et
2370 5498 2440 5553 ad
2469 5496 2741 5552 stabulum
2777 5496 3033 5552 Ecclesia:
3061 5494 3276 5560 detulit,
3316 5501 3373 5549 et
3424 5494 3611 5549 stabu-

2024 5590 2158 5644 lurio
2186 5604 2283 5658 pro
2311 5604 2441 5644 cura
2481 5599 2537 5643 et
2577 5588 2853 5660 diligentia
2885 5587 2991 5660 (vel
3021 5587 3122 5658 ipsi
3160 5585 3326 5642 Paulo
3350 5585 3433 5642 vel
3460 5586 3612 5648 omni

2025 5686 2116 5755 qui
2140 5683 2392 5739 Ecclesiae
2421 5681 2641 5756 paces!)
2669 5684 2803 5740 duos
2844 5680 3097 5738 denarios
3126 5677 3260 5735 Novi
3302 5693 3365 5736 ac
3395 5676 3613 5738 Veteris
