4026 6180
419 312 552 368 Ιὸϐτ

1055 307 1116 363 Β.
1157 305 1410 362 RABANI
1448 303 1670 360 MAURI
1711 299 2028 358 ARClllEP.
2073 297 2385 356 MOGUNT.
2425 297 2710 356 OPERUM
2743 297 2926 355 PARS
2959 288 3046 353 Ill.

3555 295 3698 353 {568

415 426 751 485 Testamenti
799 425 866 479 ad
927 432 1125 478 nostra:
1191 437 1336 476 cura:
1393 420 1662 475 concessit
1714 429 1998 488 expensas.
2031 418 2077 476 Α
2106 421 2378 482 angustet,
2413 427 2481 467 ne
2519 427 2615 466 cor
2643 412 2854 467 luxuria
2884 411 3106 483 polluat,
3137 419 3194 466 et
3218 409 3524 480 subjectum
3555 411 3707 466 desi-

418 521 572 576 Huuc
596 533 725 590 ergo
753 515 1058 586 proximum
1087 515 1132 569 si
1155 514 1463 584 diligamus,
1485 527 1701 568 omnem
1746 511 1916 580 legem
1943 516 1999 562 et

415 611 664 664 universa
695 607 946 662 mandata
979 606 1030 660 in
1061 605 1226 674 ipsius
1248 620 1432 658 amore
1457 603 1804 672 complemns.
1847 599 1999 654 Finis

417 703 552 756 enim
573 701 700 772 legis
720 699 957 754 Christus
987 699 1056 752 ad
1092 699 1356 766 justitiam
1396 697 1534 750 omni
1562 697 1788 750 credenti
1819 693 1996 767 (Rom.

420 796 493 863 χ).
530 793 638 846 Nec
669 792 783 845 fieri
806 790 914 844 ullo
944 799 1102 860 pacto
1137 798 1330 858 potest,
1365 796 1423 840 ut
1446 788 1538 858 qui
1579 803 1644 841 ex
1675 796 1786 842 toto
1815 784 2000 850 corde,

419 902 480 938 cx
513 885 638 938 totis
681 883 983 936 visceribus
1032 881 1144 934 suis
1186 879 1359 950 diligit
1386 879 1680 941 Christum,
1712 877 1874 930 faciat
1900 875 1998 929 ali-

417 992 446 1040 q
477 975 542 1026 id
565 974 706 1040 quod
732 989 836 1025 non
867 971 1042 1040 placet
1066 970 1282 1025 Christo
1307 989 1319 1024 :
1349 971 1494 1024 illum
1523 969 1663 1023 enim
1686 969 1776 1039 qui
1809 968 2000 1038 diligit,

421 1082 522 1115 non
562 1064 734 1116 solum
779 1079 882 1114 non
930 1061 1147 1125 occidit,
1173 1060 1312 1128 quod
1346 1059 1593 1129 prohibet
1626 1057 1729 1135 lex,
1780 1055 1876 1111 sed
1906 1071 2005 1110 nec

420 1155 672 1208 irascitur
703 1153 854 1206 fratri
885 1167 1000 1206 suo.
1035 1151 1132 1217 Qui
1179 1151 1249 1203 ita
1297 1149 1596 1218 delectatur
1622 1147 1711 1201 illo
1741 1161 1898 1216 quem
1926 1144 2006 1198 di—

418 1247 554 1314 ligit,
604 1261 709 1298 non
751 1243 920 1298 solum
965 1259 1069 1294 non
1095 1239 1222 1294 facit
1249 1239 1595 1302 adulterium,
1627 1238 1720 1292 sed
1751 1251 1850 1290 nec
1887 1251 2004 1288 mu-

422 1337 606 1390 lierem
653 1335 875 1402 respicit
905 1331 973 1386 ad
1020 1331 1510 1401 concupiscendum
1553 1344 1568 1382 :
1620 1328 1715 1384 sed
1762 1327 1893 1383 dicit
1936 1325 2003 1381 ad

421 1428 592 1495 ipsum
627 1423 839 1494 magis:
876 1420 1206 1490 Coucupiscit
1253 1430 1299 1474 et
1331 1421 1505 1488 deﬁcit
1558 1410 1736 1472 animo
1789 1433 1902 1470 utea
1949 1417 2004 1470 in

419 1516 585 1570 Deum
617 1515 783 1568 vivum
839 1510 1012 1584 (Psal.
1044 1511 1294 1582 LXXXIII).
1353 1509 1453 1577 Qui
1493 1509 1668 1580 diligit
1704 1506 2000 1572 Christum,

417 1607 688 1676 quomodo
707 1606 774 1659 de
793 1605 970 1659 futuro
990 1603 1210 1674 cogitet,
1235 1602 1327 1672 qui
1350 1602 1512 1656 etiam
1541 1616 1636 1655 sua
1659 1599 1839 1654 omnia
1862 1613 2006 1668 qum-

419 1714 636 1768 cunque
669 1699 831 1753 habet
868 1696 1149 1767 relinquit,
1181 1704 1240 1748 ut
1265 1703 1522 1764 sequatur
1547 1692 1857 1748 Christum?
1902 1691 2004 1758 Qui

2101 503 2268 558 deriis
2307 519 2406 574 per
2432 503 2620 558 illicita
2673 513 3024 574 corrumpat;
3065 519 3133 558 ne
3177 503 3258 559 ira
3287 516 3605 574 exasperet,
3653 513 3710 558 et

2104 611 2272 664 usque
2321 596 2387 650 ad
2414 595 2794 666 proferendam
2842 596 3222 650 contumeliam
3263 596 3604 660 inﬂammet;
3637 613 3710 650 ne

2103 687 2302 742 invidia
2329 687 2575 742 mordeat
2601 696 2658 742 et
2687 687 2878 742 alienis
2901 687 3250 742 felicitatibus
3268 688 3488 752 :emula,
3517 703 3618 741 sua
3647 703 3710 740 si.

2105 777 2220 832 face
2245 785 2567 842 consumat;
2602 791 2669 831 ne
2710 777 3068 830 immoderate
3108 775 3352 846 linguam
3396 775 3711 846 loquacitas

2103 867 2406 937 pertrahat,
2436 880 2668 936 eamque
2691 880 2862 936 usque
2884 865 2952 918 ad
2977 864 3255 920 lasciviam
3284 865 3706 920 obtrectationis

2103 957 2359 1012 extendat
2383 974 2396 1022 ;
2427 971 2495 1011 ne
2523 957 2705 1010 odium
2754 956 2963 1010 malitia
2991 956 3193 1010 excitet
3221 964 3278 1010 et
3303 971 3478 1025 usque
3506 957 3574 1009 ad
3619 955 3706 1025 ja-

2105 1048 2284 1102 culum
2312 1047 2711 1102 maledictionis
2745 1046 2962 1101 irritet:
3015 1062 3253 1110 rursum,
3297 1062 3424 1100 cum
3471 1049 3704 1116 cogitat,

2107 1151 2164 1194 ut
2189 1155 2252 1194 ea
2276 1139 2430 1194 alteri
2464 1139 2630 1194 faciat
2652 1155 2774 1210 qua:
2806 1139 2920 1209 ipsa
2941 1139 3044 1192 sibi
3067 1137 3184 1193 fieri
3207 1139 3278 1193 ab
3310 1139 3486 1195 altero
3509 1155 3711 1210 exspo-

2105 1239 2238 1295 ctat,
2273 1239 2464 1300 pensat
2489 1231 2748 1284 nimirum
2776 1241 2836 1286 ut
2857 1231 3012 1286 malis
3042 1231 3182 1286 bona
3211 1241 3268 1286 et
3287 1233 3446 1287 bonis
3475 1233 3708 1286 meliora

2107 1324 2410 1392 rependat,
2482 1332 2543 1377 ut
2587 1339 2712 1394 erga
2755 1339 3014 1392 procaces
3063 1327 3534 1380 mansuetudinem
3587 1327 3712 1379 lon-

2107 1411 2442 1482 ganimitatis
2468 1411 2726 1465 exhibeat
2749 1428 2763 1478 ;
2787 1421 2843 1466 ut
2871 1411 3089 1466 malitia:
3134 1421 3287 1482 peste
3316 1414 3712 1484 languentibus

2107 1502 2336 1572 gratiam
2390 1501 2742 1571 benignitatis
2777 1502 3098 1572 impendat;
3144 1513 3204 1556 ut
3253 1503 3533 1558 discordes
3569 1519 3713 1574 pace

2107 1591 2262 1645 uniat
2285 1631 2300 1654 ,
2329 1599 2384 1646 et
2417 1592 2714 1646 concordes
2749 1593 2817 1646 ad
2842 1593 3336 1662 concupiscentiam
3368 1608 3513 1647 verae
3553 1596 3714 1662 pacis

2107 1683 2367 1754 perducat
2396 1699 2411 1748 ;
2444 1693 2501 1738 ut
2532 1683 2894 1754 indigentibus
2921 1683 3226 1738 necessaria
3257 1685 3456 1739 tribuat
3482 1702 3498 1752 ;
3531 1695 3593 1739 ut
3621 1702 3716 1739 cr-

417 1788 694 1844 t’ltiristum
721 1787 916 1858 diligit,
968 1786 1182 1856 quando
1229 1784 1418 1838 falsum
1462 1783 1824 1838 testimonium
1855 1783 2004 1849 dicit,
2037 1769 2082 1828 B
2111 1774 2356 1828 rentibus
2380 1773 2520 1827 viam
2541 1773 2881 1828 rectitudinis
2899 1774 3182 1839 ostendat;
3211 1785 3269 1828 ut
3287 1773 3518 1830 alllictos
3539 1777 3718 1832 verbo

419 1893 542 1934 cum
567 1879 705 1932 sciat
733 1878 910 1947 ipsum
936 1891 1095 1946 quem
1145 1875 1320 1944 diligit
1369 1873 1502 1928 falso
1546 1873 1858 1928 testimonio
1885 1887 2010 1942 pro.

420 1969 590 2023 ditnm
611 1969 634 2022 ?
659 1967 964 2024 necessario
987 1977 1166 2022 autem
1195 1967 1287 2036 qui
1313 1965 1484 2036 diligit
1513 1963 1812 2030 Christum,
1836 1964 2010 2032 diligit

421 2069 476 2114 et
496 2059 801 2130 proximum
833 2073 1028 2114 suum:
1081 2058 1184 2112 hoc
1210 2057 1354 2111 enim
1402 2055 1515 2110 solo
1562 2055 1760 2110 indicio
1807 2055 2010 2110 Christi

419 2162 541 2203 esse
566 2147 858 2218 discipulus
883 2147 1217 2217 designatur,
1245 2146 1290 2201 si
1317 2146 1640 2200 charitatem
1680 2161 1804 2200 cum
1829 2147 2010 2216 proxi-

422 2240 528 2297 mis
551 2239 748 2294 habeat
777 2257 790 2294 :
833 2249 1040 2292 certum
1092 2245 1176 2292 est
1203 2237 1349 2292 enim
1397 2235 1541 2305 quod
1581 2235 1671 2304 qui
1703 2251 1812 2289 non
1839 2235 2013 2304 diligit

421 2331 724 2403 proximum
769 2329 974 2384 nesciat
1001 2327 1298 2382 Christum.
1351 2323 1554 2397 (ϐπ-ες.)
1611 2325 1762 2382 L‘ude
1813 2323 2012 2380 Paulus

422 2423 535 2477 ait:
567 2419 848 2476 Plenitudo
873 2436 992 2490 ergo
1023 2419 1152 2490 legis
1193 2429 1266 2472 est
1304 2417 1556 2484 dilectio;
1588 2417 1654 2472 de
1675 2417 1780 2471 hoc
1813 2417 2010 2470 iterum

422 2513 591 2567 dicit:
627 2510 853 2566 Invicem
886 2527 1046 2564 onera
1088 2519 1254 2564 vestra
1302 2519 1528 2579 portate,
1559 2519 1608 2562 et
1651 2508 1727 2563 sic
1753 2507 2012 2578 adimple-

423 2601 542 2655 bLtis
571 2599 732 2670 legem
764 2599 957 2654 Christi
985 2598 1130 2670 (Gal.
1151 2601 1226 2668 vn)
1255 2616 1269 2664 ;
1303 2599 1388 2653 lex
1413 2599 1614 2654 etenim
1640 2597 1864 2665 Christi,
1883 2597 2012 2668 quid

423 2691 806 2762 congruentius
855 2689 1080 2760 intelligi
1110 2704 1272 2758 quam
1303 2690 1546 2744 charitas
1572 2695 1750 2758 potest
1777 2689 1800 2742 ἲ
1848 2701 2011 2756 quam

425 2792 556 2837 tunc
579 2797 703 2838 vere
729 2782 1060 2853 perﬁcimus,
1092 2797 1213 2835 cum
1256 2781 1503 2836 fraterna
1520 2796 1688 2836 onera
1720 2796 1788 2836 ex
1827 2795 2014 2835 amore

424 2874 738 2930 toleramus.
769 2874 875 2929 Sed
923 2875 1040 2928 inec
1083 2872 1272 2928 eadem
1322 2873 1600 2944 multiplex
1639 2873 1862 2938 dicitur,
1884 2873 2013 2942 quia

353 2970 360 2976 '
424 2963 663 3018 studiosa
698 2963 1062 3018 sollicitudine
1111 2963 1350 3018 Charitas
1380 2964 1447 3016 ad
1500 2970 1698 3017 cuneta
1749 2961 2014 3016 virtutum

424 3054 568 3108 facta
595 3053 876 3118 dilatatur,
923 3069 1042 3122 qua:
1072 3068 1102 3106 a
1135 3053 1344 3108 duobus
1369 3052 1586 3122 quidem
1613 3053 1898 3122 praeceptis
1927 3051 2014 3106 in-

2109 1872 2164 1919 et
2189 1865 2567 1932 compassione
2589 1862 2855 1928 mulceat;
2886 1869 2948 1918 ut
2971 1878 3228 1919 accensos
3255 1864 3308 1918 in
3333 1863 3497 1933 hujus
3518 1867 3719 1920 mundi

2109 1954 2392 2011 desideriis
2431 1955 2802 2026 increpatione
2843 1955 3169 2026 restringat;
3213 1965 3273 2009 ut
3296 1955 3474 2012 minas
3513 1971 3586 2027 po
3609 1970 3718 2009 en-

2109 2049 2242 2102 tium
2274 2047 2686 2102 ratiocinatione
2711 2047 2923 2118 mitiget
2953 2064 2967 2113 ;
3001 2057 3060 2102 ut
3109 2062 3489 2118 oppressorum
3536 2064 3718 2119 angu-

2109 2140 2242 2194 stias
2269 2147 2529 2208 quantum
2558 2136 2834 2208 praivalet,
2867 2153 2970 2208 ope
2992 2137 3175 2204 levet;
3203 2147 3264 2192 ut
3289 2137 3424 2193 foris
3451 2139 3722 2192 resisten—

2111 2233 2256 2288 tibus
2289 2219 2528 2302 opponat
2571 2230 2890 2299 patientiam
2932 2247 2948 2296 ;
2981 2237 3041 2284 ut
3083 2230 3230 2284 intus
3272 2229 3720 2300 superbientibus

2111 2322 2366 2378 exhibeat
2394 2336 2516 2376 cum
2558 2320 2820 2390 patientia
2851 2319 3185 2389 disciplinam
3213 2335 3228 2385 ;
3257 2327 3321 2373 ut
3369 2335 3498 2391 erga
3525 2330 3716 2374 errata

2111 2415 2452 2470 subditorum
2496 2413 2576 2468 sic
2621 2410 3203 2475 mansuetudoaelnm
3245 2420 3536 2482 temperet,
3577 2427 3717 2480 qua-

2111 2516 2270 2562 tenus
2291 2521 2320 2559 a
2345 2505 2572 2575 iustitia:
2593 2503 2774 2559 studio
2801 2518 2908 2558 non
2953 2510 3208 2558 enervet:
3237 2503 3322 2556 sic
3352 2504 3421 2557 ad
3447 2502 3716 2556 ultionem

2113 2600 2262 2656 zelus
2292 2599 2520 2662 ferveat,
2551 2612 2652 2652 nec
2677 2604 2857 2650 tamen
2899 2595 3121 2666 pietatis
3172 2593 3402 2648 limitem
3449 2592 3717 2648 ferveudo

2116 2689 2500 2754 transcendat;
2526 2695 2586 2742 ut
2609 2689 2854 2758 ingratos
2879 2685 3157 2741 beneﬁciis
3203 2686 3270 2738 ad
3307 2699 3552 2738 amorem
3578 2699 3715 2754 pro-

2113 2791 2306 2848 vocet;
2331 2789 2392 2837 ut
2411 2790 2596 2852 gratos
2619 2794 2866 2851 quosque
2888 2777 3204 2833 ministeriis
3227 2777 3280 2830 in
3297 2791 3486 2831 amore
3501 2786 3712 2840 servet;

2113 2881 2177 2928 ut
2247 2871 2620 2942 proximorum
2695 2869 2839 2924 mala
2895 2884 3020 2924 cum
3069 2868 3350 2939 corrigere
3399 2883 3507 2923 non
3548 2867 3712 2930 valet,

2117 2973 2324 3030 taceat;
2355 2973 2521 3033 utque
2565 2977 2690 3018 cum
2733 2961 2931 3033 corrigi
2958 2961 3226 3030 loquendo
3253 2970 3505 3030 possunt,
3555 2959 3716 3015 silen-

2117 3054 2253 3109 tium
2288 3069 2614 3109 consensum
2660 3067 2784 3108 esse
2830 3053 3217 3123 pertimescat;
3259 3059 3324 3105 ut
3361 3052 3446 3106 sic
3491 3066 3557 3106 ea
3595 3066 3718 3120 qua

425 3149 574 3218 cipit,
619 3147 716 3203 sed
753 3163 812 3202 sc
847 3147 914 3201 ad
945 3147 1227 3202 innumera
1269 3145 1547 3212 extendit;
1598 3145 1757 3215 hujus
1782 3157 2018 3211 namque
2039 3129 2085 3190 C
2117 3152 2261 3201 tacet
2285 3144 2501 3211 toleret,
2533 3159 2634 3200 nec
2658 3151 2840 3198 tamen
2889 3143 2944 3197 in
2989 3143 3170 3197 anima
3201 3141 3354 3198 virus
3381 3141 3588 3197 doloris
3613 3157 3712 3198 oc-

422 3238 557 3308 legis
593 3237 802 3291 initium
827 3237 1042 3293 dilectio
1073 3237 1165 3291 Dei
1215 3245 1317 3302 est,
1369 3252 1434 3292 ac
1481 3236 1699 3292 dilectio
1739 3235 2012 3306 proximi:

422 3327 516 3380 sed
545 3323 639 3379 Dei
691 3323 906 3379 dilectio
953 3340 1050 3393 per
1098 3325 1202 3378 tria
1229 3325 1597 3394 distinguitur,
1647 3325 1772 3393 quia
1799 3340 1864 3379 ex
1905 3332 2017 3378 toto

421 3417 605 3480 corde,
630 3425 685 3470 et
715 3423 822 3470 tota
852 3415 1032 3470 anima
1061 3424 1116 3470 et
1135 3430 1202 3469 ex
1232 3423 1342 3470 tota
1373 3413 1690 3472 fortitudine
1710 3414 1856 3485 diligi
1885 3429 2017 3469 con-

422 3509 564 3562 ditor
585 3507 824 3576 jubetur.
875 3508 992 3575 Qua
1032 3509 1088 3562 in
1135 3522 1192 3562 re
1241 3507 1562 3574 notandum,
1605 3507 1750 3576 quod
1797 3506 2012 3562 divinus

423 3613 603 3654 sermo
631 3613 752 3653 cum
775 3599 944 3654 Deum
971 3598 1120 3668 diligi
1152 3598 1430 3669 praecipit,
1467 3614 1577 3654 non
1602 3597 1779 3654 solum
1829 3605 2018 3654 narrat
2043 3643 2050 3652 .

421 3710 492 3748 ex
518 3709 648 3764 quo,
676 3695 770 3750 sed
793 3695 956 3750 etiam
975 3694 1234 3749 informat
1256 3709 1323 3749 ex
1341 3701 1562 3764 quanto,
1589 3709 1714 3749 cum
1737 3692 2016 3764 subiungit

423 3800 489 3838 ea:
517 3793 646 3850 toto,
673 3793 731 3838 ut
759 3782 1008 3839 videlicet
1053 3784 1147 3854 qui
1193 3782 1436 3854 perfecte
1469 3785 1580 3839 Deo
1612 3783 1827 3853 placere
1873 3782 2016 3838 desi-

425 3873 600 3938 derat,
630 3873 730 3929 sibi
773 3873 840 3928 de
867 3887 928 3929 se
956 3873 1092 3928 nihil
1117 3873 1422 3944 relinquat:
1455 3860 1686 3944 proximi
1715 3883 1897 3930 autem
1929 3875 2014 3930 di-

433 3963 592 4020 lectio
618 3964 683 4018 ad
714 3965 818 4019 duo
849 3972 1115 4034 praecepta
1143 3965 1438 4031 derivatur,
1465 3980 1590 4020 cum
1622 3971 1680 4020 et
1701 3981 1799 4036 per
1825 3981 2015 4035 quem-

427 4055 548 4110 dam
571 4053 776 4124 justum
799 4055 1018 4121 dicitur,
1047 4073 1065 4106 ι
1090 4055 1232 4125 quod
1255 4056 1322 4111 ab
1343 4054 1448 4110 alio
1473 4054 1703 4110 ttbiodis
1723 4054 1864 4120 fieri,
1893 4054 2014 4110 vide

425 4162 493 4201 ne
510 4155 563 4202 tu
580 4146 734 4202 alteri
749 4147 918 4203 facias
939 4163 956 4213 ;
978 4167 995 4200 ι
1027 4156 1084 4202 et
1114 4163 1210 4218 per
1231 4148 1576 4217 semetipsam
1592 4147 1816 4203 Veritas
1837 4147 1968 4203 dicit
1995 4166 2009 4202 :

429 4235 560 4302 Qua:
585 4237 740 4292 vultis
771 4247 822 4292 ut
853 4238 1056 4307 faciunt
1079 4237 1220 4292 vobis
1241 4238 1498 4304 homines,
1525 4238 1639 4291 hazc
1660 4247 1710 4292 et
1730 4254 1820 4292 vos
1854 4237 2014 4308 facite

423 4326 529 4382 illis
573 4326 935 4400 (Maltluvlt);
983 4327 1177 4398 quibus
1223 4329 1434 4384 duobus
1477 4328 1686 4384 scilicet
1731 4329 2014 4400 utriusque

427 4416 755 4473 Testamenti
785 4418 1054 4474 mandatis
1081 4433 1179 4488 per
1203 4434 1368 4474 unum
1398 4418 1600 4473 malitia
1628 4418 2007 4490 compescitur,

2116 3234 2283 3290 cultet
2311 3251 2325 3301 ;
2350 3241 2411 3289 ut
2431 3235 2512 3290 sic
2538 3233 2818 3288 malevolis
2838 3248 3034 3288 munus
3053 3232 3408 3304 benignitatis
3432 3231 3717 3294 exhibeat.

2115 3341 2186 3382 ne
2213 3335 2394 3382 tamen
2444 3340 2541 3395 per
2563 3324 2797 3395 gratiam
2844 3339 2874 3378 a
2901 3321 3028 3394 jure
3071 3322 3419 3378 rectitudinis
3443 3323 3720 3389 excedat;

2115 3427 2178 3474 ut
2195 3425 2390 3475 cuncta
2410 3417 2692 3489 proximis,
2713 3432 2836 3487 qua
2856 3415 3134 3488 pwvalet,
3165 3415 3462 3486 impendat,
3485 3415 3583 3470 sed
3603 3415 3722 3470 hac

2115 3509 2474 3580 impendendo
2503 3523 2612 3564 non
2641 3517 2882 3573 tumeat;
2929 3514 2990 3560 ut
3021 3505 3101 3562 sic
3141 3505 3197 3559 in
3224 3505 3383 3560 bonis
3409 3520 3536 3575 qua:
3563 3503 3722 3558 exhi-

2113 3602 2208 3658 bet
2244 3602 2475 3658 tumoris
2525 3601 2882 3672 praecipitium
2931 3609 3148 3670 paveat,
3175 3615 3245 3656 ne
3293 3607 3476 3654 tamen
3509 3615 3544 3653 a
3588 3599 3720 3654 boni

2113 3694 2373 3750 exercitio
2385 3701 2690 3762 torpescat;
2724 3701 2784 3746 ut
2815 3691 2898 3746 sic
2917 3705 3041 3761 quae
3066 3690 3311 3762 possidet
3341 3691 3568 3754 tribuat,
3589 3705 3734 3760 qua-

2117 3795 2276 3844 tenus
2299 3791 2506 3856 quanta
2533 3783 2608 3839 sit
2628 3783 2852 3854 largitas
2879 3783 3278 3838 remunerantis
3314 3783 3582 3846 attendat,
3609 3797 3718 3838 nec

2113 3891 2240 3932 cum
2263 3883 2477 3930 terrena
2513 3873 2766 3945 largitur,
2815 3888 2968 3928 suam
3011 3873 3136 3944 plus
3172 3888 3337 3944 quam
3379 3887 3605 3928 necesse
3631 3880 3722 3928 est

2113 3967 2348 4037 inopiam
2375 3965 2597 4037 cogitet,
2646 3973 2704 4020 et
2731 3965 2784 4019 in
2814 3964 3090 4021 oblatione
3142 3964 3386 4020 muneris
3423 3964 3720 4020 hilaritatis

2112 4057 2541 4113 lumen'tristitia
2585 4058 2861 4113 obscuret.
2890 4057 3036 4112 Bene
3063 4071 3195 4129 ergo
3242 4056 3327 4113 lex
3379 4057 3477 4112 Dei
3523 4057 3719 4112 multi-

2111 4148 2235 4220 plex
2263 4147 2485 4215 dicitur,
2531 4148 2659 4218 quia
2695 4148 2950 4204 nimirum
2999 4161 3122 4202 cum
3158 4163 3264 4202 una
3313 4149 3618 4218 eademque
3644 4149 3720 4204 sit

2112 4239 2370 4306 charitas,
2403 4239 2450 4294 si
2479 4248 2714 4294 mentem
2763 4239 2922 4310 plena
2969 4237 3222 4308 cmperit,
3271 4239 3412 4294 hanc
3439 4239 3511 4294 ad
3559 4239 3720 4294 innu-

2112 4343 2266 4384 mera
2297 4343 2464 4398 opera
2495 4329 2900 4386 multiformiter
2925 4331 3190 4392 accendit,
3222 4333 3379 4398 cuius
3427 4330 3718 4386 diversita-

2114 4429 2222 4474 tem
2245 4418 2486 4473 breviter
2519 4419 2892 4489 exprimimus,
2922 4419 2968 4473 si
3013 4419 3065 4473 in
3101 4419 3290 4475 electis
3317 4419 3546 4490 singulis
3571 4421 3713 4476 bona

425 4521 524 4576 per
569 4506 715 4562 aliud
757 4507 1059 4578 benignitas
1097 4517 1448 4580 prmrogatur,
1493 4517 1555 4564 ut
1601 4508 1827 4575 malum,
1863 4509 2006 4578 quod
2036 4497 2086 4556 Ι)
2111 4509 2253 4565 illius
2268 4509 2680 4582 perstringendo
2695 4524 3060 4565 numeremus.
3080 4509 3454 4581 Haacnamque
3467 4514 3712 4582 ρει-ΑΜ

426 4597 535 4667 pati
559 4612 662 4652 non
705 4597 818 4652 vult
843 4598 1070 4668 quisque
1113 4614 1220 4654 non
1255 4599 1482 4666 faciens,
1503 4608 1680 4656 cesset
1719 4615 1751 4654 a
1781 4598 2010 4655 nocendi

425 4703 608 4758 opere,
649 4697 706 4746 et
739 4705 953 4746 rursum
1001 4692 1222 4759 bonum,
1272 4694 1415 4762 quod
1465 4693 1570 4748 sibi
1618 4693 1734 4748 fieri
1783 4692 2010 4763 appetit,

427 4777 761 4850 impendens,
789 4796 916 4852 erga
947 4781 1230 4837 utilitatem
1278 4783 1510 4853 proximi
1557 4797 1618 4838 se
1662 4791 1913 4838 exerceat
1947 4799 2015 4838 ex

426 4869 774 4943 benignitate.
808 4871 914 4928 Sed
939 4873 1054 4928 haec
1082 4873 1333 4927 nimirum
1361 4873 1490 4937 duo,
1525 4873 1652 4927 dum
1676 4871 1902 4928 sollicita
1935 4871 2019 4926 in-

426 4965 664 5019 tentione
688 4965 1012 5036 cogitantur,
1037 4981 1132 5022 cor
1159 4967 1226 5020 ad
1266 4966 1547 5022 innumera
1571 4966 1831 5021 virtutum
1857 4965 2020 5021 mini-

427 5054 588 5108 steria
628 5054 896 5120 tenditur,
930 5071 1000 5110 ne
1041 5055 1122 5112 vel
1153 5057 1222 5111 ad
1247 5055 1525 5111 inferenda
1556 5071 1676 5126 qum
1709 5071 1820 5112 non
1849 5055 2015 5112 debet

429 5146 708 5202 desideriis
737 5147 976 5216 inquieta
1021 5163 1174 5204 mens
1223 5146 1504 5211 inferveat,
1559 5148 1645 5203 vel
1689 5161 1819 5217 erga
1856 5147 2014 5203 exhi-

431 5236 599 5292 benda
626 5252 746 5307 qua:
767 5237 926 5292 debet
952 5239 1064 5294 otio
1087 5239 1261 5293 soluta
1285 5247 1578 5309 torpescat.
1613 5239 1744 5294 Nam
1774 5255 1897 5296 cum
1927 5251 2016 5295 ca-

429 5335 517 5379 vet
567 5326 721 5380 alteri
771 5326 953 5382 facere
1004 5329 1150 5396 quod
1195 5343 1535 5398 nequaquam
1587 5329 1700 5384 vult
1749 5331 1817 5385 ab
1845 5329 2018 5384 altero

433 5412 544 5481 ipsa
571 5416 823 5482 tolerare,
867 5417 1096 5473 sollicita
1117 5433 1177 5474 se
1205 5419 1507 5475 intentione
1529 5419 1918 5490 circumspicit,
1949 5434 2018 5474 ne

431 5505 676 5568 superbia
704 5505 894 5570 elevet,
918 5516 972 5562 et
997 5523 1169 5579 usque
1193 5507 1260 5563 ad
1291 5509 1603 5580 despectum
1629 5511 1863 5580 proximi
1905 5511 2020 5564 ani-

433 5605 577 5644 mum
627 5595 884 5663 dejiciens
943 5598 1142 5654 exultet
1171 5639 1187 5667 ,
1243 5614 1312 5654 ne
1343 5599 1581 5656 ambitio
1629 5600 2012 5670 cogitationem

433 5681 634 5751 lanict;
689 5699 920 5755 oumque
962 5689 1102 5745 hanc
1136 5689 1203 5746 ad
1248 5691 1544 5761 appetenda
1591 5691 1764 5768 aliena
1798 5691 2003 5754 dilatat,

2111 4607 2168 4655 et
2203 4599 2376 4656 electa
2408 4601 2515 4654 Deo
2545 4616 2769 4656 munera
2797 4601 3012 4666 obtulit,
3050 4609 3105 4656 et
3131 4600 3317 4655 fratris
3343 4601 3580 4669 gladium
3604 4619 3710 4658 non

2115 4692 2432 4749 reluctando
2463 4691 2716 4747 toleravit
2765 4690 2920 4765 (Gen.
2963 4697 3062 4762 Iv).
3096 4693 3221 4748 ﬂare
3267 4693 3454 4749 Enoch
3485 4704 3540 4749 et
3569 4695 3714 4750 inter

2119 4785 2371 4840 homines
2401 4785 2585 4839 vivere
2629 4785 2952 4854 spiritaliter
2973 4786 3178 4849 docuit,
3215 4794 3272 4840 et
3317 4787 3388 4841 ad
3417 4788 3707 4843 sublimem

2123 4875 2287 4930 vitam
2335 4875 2402 4929 ab
2447 4874 2755 4929 hominibus
2809 4874 2973 4929 etiam
3025 4875 3380 4944 corporaliter
3421 4876 3704 4930 abstraxit.

2117 4967 2248 5024 Haec
2274 4961 2386 5018 Noe
2413 4963 2684 5032 despectis
2729 4963 2981 5018 omnibus
3023 4963 3194 5018 solum
3233 4963 3342 5018 Deo
3388 4962 3706 5033 placabilem

2119 5053 2370 5117 ostendit,
2399 5062 2562 5124 atque
2592 5053 2646 5107 in
2682 5069 2821 5108 arca:
2859 5052 3062 5108 fabrica
3089 5053 3268 5108 studio
3313 5052 3461 5122 longi
3505 5051 3708 5106 laboris

2119 5147 2386 5210 exercuit,
2416 5155 2472 5200 et
2493 5147 2694 5200 mundo
2721 5145 3066 5215 superstitem
3101 5144 3187 5213 pio
3207 5158 3371 5212 opere
3401 5145 3708 5198 exercendo

2119 5239 2358 5295 servavit
2383 5236 2536 5310 (Gen.
2561 5253 2659 5303 vn,
2688 5241 2831 5304 vni).
2858 5236 2982 5291 Haec
3021 5251 3120 5306 per
3145 5235 3274 5290 Sem
3300 5245 3355 5290 et
3384 5235 3582 5304 .laphet
3611 5235 3708 5289 bu-

2120 5329 2322 5385 militer
2351 5329 2650 5384 verecunda
2681 5329 2853 5398 patris
2873 5328 3111 5392 erubuit,
3133 5335 3191 5382 et
3207 5327 3512 5398 superiecto
3534 5328 3708 5384 dorsis

2126 5419 2308 5490 pallio,
2363 5433 2484 5488 quae
2512 5433 2617 5472 non
2665 5419 2884 5473 videbat
2929 5418 3213 5472 abscondit
3262 5415 3418 5485 (Gen.
3451 5417 3552 5488 ix).
3585 5416 3708 5470 Haec

2124 5510 2356 5565 Abrahae
2379 5511 2626 5565 dextram
2647 5507 2739 5577 qui
2759 5509 2826 5563 ad
2855 5518 3084 5563 mortem
3111 5507 3206 5562 lilii
3224 5508 3526 5563 obediendo
3555 5517 3714 5562 extu-

2120 5599 2196 5663 lit,
2224 5601 2366 5654 lmnc
2393 5598 2558 5668 prolis
2581 5599 2876 5653 immmera:
2902 5599 3143 5669 gentium
3167 5606 3374 5668 patrem
3405 5597 3532 5652 fecit
3553 5595 3704 5665 (Gen.

2117 5689 2273 5762 xxii).
2310 5691 2432 5745 "me
2454 5691 2602 5748 lsaac
2633 5698 2865 5746 tuentem
2889 5691 3011 5758 quia
3052 5705 3265 5758 semper
3291 5690 3357 5743 ad
3389 5688 3707 5742 munditiam
