4026 6180
586 210 593 239 l

377 268 514 324 i569

906 258 1459 318 ENARB’ATIONUM
1498 258 1565 313 IN
1602 258 1751 313 EPP.
1793 252 1998 312 ΡΑυιι
2034 252 2165 309 LIB.
2207 255 2321 314 VII.
2360 288 2431 300 -—
2470 258 2540 313 IN
2578 258 2799 315 EPIST.
2835 259 2928 316 AD
2969 261 3139 319 R01“.

3512 261 3652 317 1570

374 387 569 451 tenuit,
596 384 951 456 caligantibus
992 391 1150 439 aetate
1195 381 1384 444 oculis,
1435 380 1498 433 ad
1541 375 1768 432 videnda
1797 373 1957 442 longe
1984 369 2037 429 A
2060 380 2183 427 est:
2221 373 2354 430 Ecce
2381 392 2520 431 nunc
2545 386 2745 447 tempus
2772 389 3071 449 arreptum,
3107 394 3224 433 ecce
3250 396 3388 433 nunc
3417 380 3529 434 dies
3558 398 3649 435 sa-

373 488 495 550 post
522 485 745 531 ventura
776 475 1017 530 dilatavit
1044 471 1197 544 (Cen.
1232 471 1424 540 xxvu).
1468 470 1591 525 lisse
1617 467 1784 522 Jacob
1815 479 1963 520 eom-

370 570 529 638 pulit,
571 578 629 620 et
651 567 912 619 amissum
941 565 1143 618 bonum
1173 562 1341 616 filium
1389 559 1698 615 medullitus
1745 568 1963 624 gemere

373 668 430 713 et
458 671 749 728 pravorum
780 655 1013 709 filiorum
1037 652 1382 724 prtesentiam
1431 650 1530 704 sub
1556 647 1963 719 aequanimitate

374 749 609 802 tolerare
644 742 797 816 (Gen.
822 760 1033 809 xxxvii,
1066 745 1317 811 xxxviii).
1366 740 1493 805 Haec
1536 738 1736 807 Joseph
1784 738 1967 793 docuit

373 854 402 893 a
432 836 691 892 fratribus
714 836 1104 899 venundatum,
1134 841 1190 887 et
1216 833 1467 886 libertate
1511 830 1679 884 animi
1733 827 1963 881 infracta

372 930 654 985 servitium
683 927 912 999 perpeti,
962 934 1018 979 et
1066 924 1273 979 eisdem
1316 930 1440 993 post
1469 920 1729 975 fratribus
1784 926 1967 971 mente

372 1037 478 1074 non
494 1019 634 1073 elata
651 1017 945 1088 principari
961 1016 1113 1088 (Cen.
1128 1031 1356 1079 xxxviii,
1374 1012 1585 1083 χχχιχ).
1605 1012 1727 1065 Ilaec
1747 1010 1965 1080 Moysen

372 1111 721 1179 dehnquente
744 1106 959 1178 populo,
988 1115 1042 1160 et
1065 1120 1232 1174 usque
1257 1105 1323 1158 ad
1345 1103 1661 1175 petitionem
1696 1116 1807 1155 sure
1830 1115 1968 1152 mor-

375 1203 526 1257 tisin
581 1200 836 1272 precibus
891 1198 1187 1270 prostravit
1213 1196 1409 1268 (Exod.
1447 1194 1661 1267 χχχιι),
1695 1203 1750 1247 et
1797 1206 1968 1260 usque

373 1292 442 1347 ad
482 1290 919 1346 interfectionem
971 1287 1152 1357 populi
1201 1302 1296 1357 per
1343 1285 1443 1341 zeli
1489 1285 1727 1341 studium
1770 1283 1965 1346 erexit,

372 1390 516 1436 etut
555 1396 654 1451 pro
684 1387 945 1449 pereunte
1001 1378 1156 1447 plebe
1200 1391 1318 1431 sese
1368 1375 1531 1429 morti
1582 1374 1864 1443 objiccret,
1913 1382 1969 1426 et

372 1480 564 1528 contra
605 1477 923 1541 peccantem
962 1467 1211 1538 protinus
1242 1467 1361 1522 vice
1413 1465 1627 1520 Domini
1681 1465 1969 1520 irascentis

374 1562 590 1617 satviret
625 1560 812 1632 (Leuit.
843 1559 940 1633 x):
993 1560 1107 1614 hzec
1136 1560 1370 1614 Phincos
1398 1558 1681 1615 brachium
1715 1557 1767 1610 iu
1808 1556 1969 1611 ultio-

374 1668 498 1707 nem
531 1651 867 1721 peccantium
892 1650 1086 1715 erexit,
1131 1659 1191 1704 ut
1221 1658 1441 1719 arrepto
1484 1648 1665 1720 gladio
1711 1656 1969 1703 coeuntes

376 1718 736 1810 transfigeret,
767 1748 822 1794 et
865 1738 1003 1793 iram
1036 1738 1249 1794 Domini
1279 1738 1451 1793 iratus
1490 1718 1734 1807 placaret
1774 1735 1964 1807 (Num.
1997 1718 2043 1777 Β

374 1830 528 1902 xxv).
560 1830 691 1885 Haec
737 1828 865 1885 Jesu
895 1830 1293 1900 exploratorem
1341 1827 1527 1884 docuit
1563 1827 1749 1897 (Josue
1776 1826 1878 1898 ιχ),
1910 1836 1971 1883 ιιι

374 1932 429 1980 ct
477 1923 625 1992 prius
677 1931 869 1977 contra
907 1920 1223 1991 falsiloquos
1269 1921 1415 1975 cives
1462 1922 1749 1974 veritatem
1803 1918 1971 1974 verbo

376 2016 714 2078 defenderet,
734 2023 790 2069 et
810 2015 951 2069 hanc
986 2013 1326 2084 postmodum
1358 2012 1537 2084 gladio
1573 2024 1763 2067 contra
1786 2013 1971 2068 hostes

375 2106 649 2177 allegaret.
680 2104 805 2160 llaec
835 2103 1051 2160 Samuel
1069 2114 1123 2159 et
1150 2103 1203 2158 in
1229 2104 1535 2174 principatu
1549 2102 1806 2159 lmmilem
1833 2119 1971 2173 prte-

376 2198 511 2262 buit,
557 2207 612 2253 et
643 2199 916 2269 integrum
963 2199 1017 2252 in
1062 2196 1364 2267 dejectione
1400 2197 1663 2263 servavit,
1708 2197 1798 2266 qui
1845 2211 1971 2252 cum

375 2298 794 2358 persequentem
827 2302 886 2343 se
915 2287 1128 2358 plebem
1165 2287 1435 2358 diligeret,
1460 2288 1575 2356 ipse
1597 2286 1699 2341 sibi
1730 2286 1972 2342 testimo-

376 2380 528 2434 nium
557 2381 788 2447 exstitit,
834 2380 960 2451 quia
988 2379 1201 2435 culmen
1230 2393 1295 2434 ex
1328 2394 1436 2449 quo
1462 2378 1704 2447 dejectus
1740 2387 1825 2432 est
1862 2393 1969 2432 non

377 2471 583 2523 amavit
627 2468 696 2543 (I
739 2470 869 2542 Reg.
906 2486 1004 2524 χιιι
1037 2511 1052 2535 ,
1114 2469 1257 2538 χιι).
1312 2468 1444 2547 ΔΗίιξίῑ
1487 2469 1656 2522 David
1701 2478 1828 2522 ante
1870 2468 1972 2523 ini-

378 2576 543 2630 quum
574 2577 759 2633 regem
802 2570 857 2617 et
901 2562 1209 2617 humilitate
1258 2562 1553 2616 commovit
1579 2561 1648 2615 ad
1679 2559 1885 2632 fugam,
1916 2570 1972 2616 et

377 2655 577 2722 pietate
609 2653 929 2722 replevitad
958 2654 1192 2720 veniam,
1232 2653 1326 2723 qui
1366 2663 1769 2723 persecutorem
1813 2669 1971 2709 suum

380 2751 435 2796 et
464 2743 701 2797 timendo
748 2742 885 2812 fugit
925 2752 985 2797 ut
1034 2744 1341 2808 Dominum,
1393 2750 1450 2797 et
1486 2752 1666 2798 tamen
1715 2758 1837 2798 cum
1876 2758 1975 2813 po-

382 2839 634 2886 testatem
688 2830 920 2888 feriendi
972 2833 1178 2903 reperit
1243 2849 1350 2887 non
1418 2833 1637 2904 agnovit
1694 2833 1972 2889 inimicum

382 2919 437 2991 (Ι
468 2920 593 2992 Reg.
626 2937 743 2988 χιχ,
767 2938 928 2987 χχιιι,
952 2922 1124 2994 xxvi).
1158 2922 1284 2977 lliec
1311 2920 1524 2977 Natban
1553 2932 1609 2977 et
1632 2932 1820 2978 contra
1843 2939 1974 2993 pec-

381 3021 598 3068 cantem
642 3029 827 3084 regem
884 3014 939 3068 in
989 3015 1314 3069 auctoritate
1362 3014 1547 3068 liberae
1590 3015 1975 3084 increpationis

383 3105 625 3169 sustulit,
667 3113 873 3160 etcum
921 3106 1062 3177 regis
1104 3105 1262 3176 culpa
1305 3105 1519 3160 deesset
1565 3105 1619 3160 in
1659 3108 1973 3176 petitionem

385 3194 661 3248 humiliter
690 3194 885 3247 stravit
910 3193 995 3264 (Il
1032 3193 1160 3264 Reg.
1196 3194 1316 3265 χιι).
1346 3193 1473 3248 Ηωο
1493 3209 1594 3264 per
1633 3194 1826 3249 Isaiam
1866 3212 1971 3251 nu-

386 3272 607 3339 ditatem
648 3284 830 3339 carnis
861 3284 914 3337 in
940 3284 1320 3354 praedicatione
1348 3299 1452 3337 non
1501 3284 1739 3350 erubuit,
1766 3293 1823 3338 et
1846 3287 1976 3342 sub—

388 3366 551 3425 ducto
580 3369 786 3424 carnali
832 3369 1102 3424 velamine
1144 3372 1404 3440 mysteria
1446 3386 1682 3442 superna
1726 3382 1972 3441 penetra-

387 3464 483 3517 vit.
520 3461 643 3517 Hzec
669 3463 866 3529 Eliam,
894 3464 985 3533 qui
1027 3462 1258 3518 fervoris
1289 3464 1406 3518 zelo
1437 3464 1618 3519 vivere
1657 3466 1975 3535 spiritaliter

390 3555 573 3609 docuit
616 3555 685 3609 ad
725 3558 890 3607 vitam
930 3568 1146 3624 quoque
1204 3562 1259 3607 et
1299 3553 1661 3624 corporaliter
1708 3554 1977 3608 abstraxit

390 3646 497 3719 (IV
523 3647 650 3717 Reg.
690 3646 772 3719 ιι).
826 3645 951 3701 Ilaec
997 3647 1253 3713 Eliseum,
1301 3648 1428 3717 quia
1485 3648 1802 3719 magistrum
1854 3648 1977 3704 dili-

389 3753 516 3809 gere
572 3737 890 3806 simpliciter
960 3738 1216 3802 instituit,
1273 3738 1518 3808 magistri
1565 3739 1757 3808 spiritu
1804 3736 1976 3808 dupli-

390 3829 526 3883 citcr
578 3828 822 3898 implevit
871 3826 1082 3899 (Ibid).
1130 3826 1237 3882 Per
1297 3830 1439 3883 hanc
1492 3827 1761 3884 Jeremias
1801 3843 1868 3883 ne
1919 3830 1974 3883 in

389 3918 683 3990 Egyptum
711 3918 940 3989 populus
965 3918 1321 3974 descenderet
1344 3917 1563 3981 restitit,
1595 3918 1691 3972 sed
1719 3926 1895 3972 tamen
1924 3924 1978 3971 et

392 4010 766 4065 inobedientes
805 4009 1040 4080 diligens
1077 4024 1185 4080 quo
1229 4009 1559 4065 descendere
1606 4008 1882 4077 prohibuit
1925 4017 1981 4063 et

392 4101 509 4173 ipse
549 4102 829 4158 descendit
866 4102 1001 4173 (Jer.
1048 4117 1190 4166 xm,
1238 4101 1408 4173 xuv).
1451 4101 1579 4156 Haec
1616 4100 1977 4166 Ezechielem,

391 4210 552 4264 quem
598 4194 749 4265 prius
787 4208 818 4249 e
848 4193 1080 4249 terrenis
1132 4194 1419 4249 desideriis
1464 4193 1683 4249 sustulit
1726 4201 1850 4264 post
1885 4208 1981 4263 per

391 4285 700 4339 cincinnum
719 4284 913 4355 capitis
940 4285 994 4339 in
1024 4300 1150 4340 aere
1172 4285 1395 4340 libravit
1429 4284 1647 4354 (Ezech.
1679 4286 1818 4353 vtu).
1851 4284 1978 4339 Haec

391 4375 443 4428 in
471 4374 690 4430 Dauiele
711 4375 836 4445 quia
859 4390 889 4428 a
914 4376 1078 4447 regiis
1102 4375 1331 4445 dapibus
1351 4374 1529 4445 gulam
1548 4375 1901 4445 compescuit,
1929 4376 1979 4429 ei

390 4474 445 4519 et
473 4465 830 4520 esurientium
861 4481 954 4520 ora
1002 4466 1217 4521 leonum
1249 4466 1445 4522 clausit
1474 4466 1637 4536 (Dan.
1666 4468 1801 4536 xiv).
1853 4465 1979 4522 Haec

391 4555 565 4610 tribus
589 4554 795 4626 pueris,
819 4554 947 4624 quia
978 4554 1033 4609 in
1069 4555 1462 4625 tranquillitate
1507 4554 1696 4625 positis
1730 4555 1977 4609 incendia

390 4645 645 4701 vitiorum
679 4647 937 4712 subdidit,
965 4648 1332 4703 tribulationis
1369 4659 1610 4718 tempore
1651 4656 1705 4702 et
1733 4646 1978 4704 flammas

392 4737 442 4790 in
460 4736 676 4793 fornace
695 4738 1013 4808 temperavit
1029 4739 1190 4811 (Dan.
1216 4740 1320 4810 ιιι).
1340 4740 1532 4794 Iltecin
1548 4739 1712 4796 Petro
1739 4748 1794 4796 et
1818 4741 1979 4796 minis

393 4831 712 4884 terrentium
739 4832 1046 4901 principum
1075 4831 1291 4888 fortiter
1315 4834 1537 4901 restitit,
1576 4843 1633 4889 et
1659 4835 1712 4888 in
1740 4836 1976 4891 cireum-

392 4920 597 4975 cisione
625 4922 990 4977 submovenda
1035 4924 1309 4978 minorum
1341 4925 1503 4981 verba
1530 4926 1807 4982 humiliter
1830 4930 1977 4983 audi-

394 5010 487 5065 vit.
528 5010 651 5066 Ilzec
699 5012 750 5065 in
779 5012 947 5067 Paulo
976 5021 1031 5067 et
1060 5030 1254 5069 manus
1291 5017 1729 5085 persequentium
1762 5019 1979 5073 humili-

393 5114 473 5159 ter
498 5106 737 5175 pertulit,
768 5115 824 5162 et
849 5116 1028 5162 tamen
1046 5109 1099 5162 in
1126 5109 1555 5165 circumcisionis
1578 5111 1795 5180 negotio
1822 5110 1976 5181 longe

390 5212 448 5250 se
515 5198 738 5268 imparis
800 5200 1002 5270 prioris
1068 5215 1286 5255 sensum
1359 5202 1623 5255 audenter
1678 5201 1978 5271 increpavit

393 5286 530 5359 (Act.
566 5304 617 5341 ιγ
653 5300 700 5343 et
730 5290 916 5362 seqq.)
952 5290 1224 5361 Multiplex
1274 5305 1404 5362 ergo
1450 5291 1553 5344 ista
1597 5290 1684 5346 lex
1731 5290 1825 5345 Dei
1867 5300 1972 5356 est,

392 5394 511 5447 qua:
545 5379 768 5451 singulis
785 5397 963 5435 rerum
992 5381 1235 5437 articulis
1260 5398 1364 5436 non
1380 5390 1685 5451 permutata
1702 5383 1973 5452 congruit,

392 5478 448 5526 et
496 5474 678 5529 (ausis
729 5489 787 5529 se
834 5476 1173 5532 variantibus
1244 5490 1353 5530 non
1417 5474 1627 5529 variata
1675 5472 1973 5544 coniungit.

464 5564 530 5619 Et
569 5565 666 5619 hoc
713 5566 932 5621 scientes
983 5578 1183 5639 tempus
1222 5568 1344 5641 quia
1385 5566 1516 5621 hora
1544 5576 1618 5619 est
1636 5564 1755 5634 jam
1792 5580 1886 5619 nos
1912 5565 1976 5619 de

392 5674 574 5714 somno
616 5677 845 5732 surgere.
897 5660 1078 5735 (A_ug.)
1111 5660 1241 5717 Illuc
1290 5664 1518 5732 spectat,
1567 5657 1712 5727 quod
1763 5657 1968 5714 dictum

2064 465 2214 531 Iutis,
2248 475 2463 537 tempus
2490 469 2766 540 Evangelii
2810 471 3149 542 significatur
3180 482 3233 526 et
3267 474 3356 526 illa
3397 483 3654 543 opportu-

2068 556 2211 610 nitas
2241 557 2420 611 salvos
2459 558 2689 614 faciendi
2717 563 3004 616 credentes
3034 563 3087 616 in
3121 564 3308 617 Deum.
3338 563 3536 634 (0rig.)
3564 566 3654 620 list

2066 662 2195 717 ergo
2219 648 2383 702 etiam
2412 651 2609 706 animae
2638 666 2863 708 somnus
2891 654 3142 721 quidam;
3174 655 3217 708 si
3256 655 3401 708 enim
3432 664 3557 709 sunt
3581 657 3652 722 ei,

2068 744 2125 790 ut
2159 751 2300 806 saepe
2319 736 2434 805 jam
2458 739 2714 805 diximus,
2747 744 2952 813 proprii
2980 744 3118 798 oculi
3142 753 3197 797 et
3218 760 3376 799 aures
3400 747 3652 815 proprize,

2067 837 2122 883 et
2168 843 2360 882 manus
2409 836 2466 883 et
2508 830 2672 898 pedes
2715 847 2835 900 qua:
2865 833 3077 902 singula
3110 851 3216 888 non
3247 842 3354 888 tam
3410 837 3652 889 membra

2067 918 2369 987 corporalia
2398 919 2577 973 inesse
2600 922 2671 985 ei,
2701 937 2863 990 quam
2891 924 3121 978 virtutes
3143 924 3340 994 quibus
3362 925 3429 977 ad
3462 940 3654 978 unum-

2066 1010 2318 1079 quodque
2347 1019 2598 1064 movetur
2626 1020 2682 1065 et
2712 1012 2971 1067 incitatur
2999 1014 3312 1083 reputandte
3335 1023 3482 1077 sunt,
3512 1014 3655 1067 acci-

2067 1102 2144 1156 dit
2169 1102 2286 1157 sine
2311 1102 2471 1157 duhio
2495 1102 2546 1157 ei
2578 1104 2876 1157 secundum
2921 1105 3109 1160 oculos
3143 1119 3272 1159 suos
3300 1104 3466 1157 etiam
3495 1119 3644 1157 som-

2069 1213 2171 1252 nus
2196 1212 2211 1251 :
2236 1197 2283 1253 si
2313 1198 2461 1253 enim
2486 1213 2595 1252 non
2628 1205 2752 1267 agat
2783 1206 3026 1267 tempore
3064 1206 3387 1266 opportuno,
3410 1212 3530 1266 quae
3559 1196 3655 1250 Dei

2068 1302 2215 1354 sunt,
2248 1290 2345 1344 sed
2389 1290 2596 1344 desidia
2632 1298 2925 1359 torpescat.
2970 1290 3165 1344 merito
3207 1290 3446 1343 dormire
3507 1289 3655 1343 dice-

2070 1387 2177 1433 tur.
2238 1378 2466 1450 (Ambr.)
2496 1379 2733 1447 Tempus
2770 1393 2898 1448 ergo
2925 1393 3045 1431 esse
3075 1378 3224 1440 dicit,
3261 1393 3368 1447 quo
3394 1378 3459 1431 ad
3496 1376 3658 1430 meri-

2071 1477 2182 1522 tum
2217 1468 2479 1537 proficere
2509 1470 2820 1533 debeamus,
2865 1469 2967 1522 hoc
2993 1477 3079 1522 est
3106 1468 3171 1520 de
3200 1482 3389 1521 somno
3412 1482 3657 1535 surgere,

2069 1557 2283 1627 Operari
2311 1559 2535 1621 bonum,
2564 1558 2718 1626 quasi
2747 1558 2799 1611 in
2833 1560 2941 1621 die,
2975 1559 3078 1611 hoc
3110 1566 3194 1611 est
3218 1557 3395 1625 palam
3424 1575 3436 1609 :
3471 1556 3657 1610 illicita

2070 1650 2214 1704 enim
2231 1658 2407 1713 nocte,
2437 1650 2491 1703 id
2510 1658 2594 1705 est
2626 1649 2679 1702 in
2716 1649 3057 1712 abscondito,
3084 1647 3220 1702 limit
3247 1667 3259 1700 :
3286 1646 3398 1716 jam
3420 1646 3565 1700 enim
3603 1646 3658 1700 iu

2072 1740 2511 1817 manifestatione
2531 1741 2717 1809 positi,
2744 1742 2888 1809 quod
2919 1749 3006 1794 est
3034 1740 3086 1793 in
3126 1739 3313 1793 notitia
3346 1739 3465 1803 Dei,
3497 1753 3662 1807 agno-

2070 1838 2285 1887 scentes
2311 1830 2443 1899 quid
2485 1831 2639 1899 sequi
2688 1831 3005 1895 debeamus,
3056 1831 3187 1883 dare
3232 1844 3454 1898 operam
3500 1829 3662 1883 debe-

2070 1935 2215 1984 mus,
2244 1927 2300 1972 ut
2327 1934 2463 1987 pure
2494 1920 2741 1975 viventes
2782 1920 2848 1973 ad
2891 1920 3218 1990 promissum
3257 1920 3536 1989 praemium
3566 1933 3661 1974 ve-

2068 2009 2283 2064 niamus
2317 2024 2547 2065 excusso
2566 2024 2781 2075 somno,
2820 2010 2873 2064 id
2903 2020 3009 2073 est,
3054 2011 3382 2080 ignorantia,
3420 2011 3535 2065 sive
3567 2024 3664 2065 ne-

2070 2098 2347 2168 gligentia.
2379 2098 2540 2152 Nunc
2577 2100 2715 2152 enim
2742 2099 2958 2169 propior
2983 2109 3058 2152 est
3096 2109 3276 2152 nostra
3318 2098 3464 2152 salus
3502 2114 3661 2169 quam

2069 2204 2188 2241 cum
2217 2188 2553 2243 credidimus.
2577 2188 2921 2243 Manifestum
2945 2196 3048 2253 est,
3076 2188 3201 2258 quia
3233 2195 3355 2258 post
3384 2188 3660 2243 lavacrum

2068 2280 2206 2335 bene
2226 2282 2470 2336 viventes
2504 2290 2562 2335 et
2588 2281 2841 2335 charitati
2874 2282 3159 2336 studentes
3193 2295 3302 2334 non
3348 2279 3505 2349 longe
3530 2288 3658 2333 sunt

2071 2385 2102 2423 a
2141 2370 2337 2425 merito
2366 2371 2785 2426 resurrectionis
2810 2371 3094 2440 promissae
3125 2388 3137 2423 :
3187 2371 3335 2425 Bona
3377 2371 3524 2424 enim
3552 2370 3662 2423 vita

2070 2458 2365 2513 Christiani
2395 2460 2607 2530 signum
2634 2468 2719 2514 est
2748 2460 2939 2514 salutis
2972 2459 3183 2514 futurte.
3218 2458 3343 2513 Noa:
3367 2460 3656 2529 prwcessit,

2070 2550 2181 2604 dies
2236 2561 2410 2604 autem
2467 2551 2926 2622 apprOpinquavit.
2981 2549 3177 2623 (Orig)
3242 2549 3410 2621 Igitur
3462 2549 3662 2604 Paulus

2071 2655 2248 2710 τινα)εο
2270 2640 2471 2695 Christi
2498 2640 2824 2696 circumiens
2846 2641 3105 2695 mundum
3133 2641 3184 2694 ia
3216 2654 3407 2694 somno
3435 2639 3657 2694 desidia:

2074 2733 2329 2802 positum,
2369 2733 2658 2787 annuntiat
2706 2733 2896 2787 adesse
2941 2730 3054 2800 jam
3108 2732 3304 2797 lucem,
3346 2740 3401 2785 et
3452 2738 3663 2801 tempus

2074 2839 2215 2891 esse,
2261 2833 2322 2879 ut
2373 2833 2625 2894 surgatur
2673 2840 2705 2880 e
2755 2840 2965 2886 somno,
3018 2832 3359 2893 noctemque,
3407 2823 3509 2877 hoc
3556 2830 3663 2885 est,

2077 2928 2291 2987 tempus
2336 2919 2488 2983 illud,
2542 2934 2650 2988 quo
2697 2918 3003 2987 ignorantia
3052 2917 3363 2972 hominibus
3393 2916 3665 2970 dominata

2077 3020 2178 3073 est,
2218 3011 2584 3081 prmcessisse,
2610 3018 2666 3064 et
2695 3011 3039 3080 proximante
3055 3009 3282 3079 justitiat
3308 3007 3438 3062 solis
3457 3007 3662 3061 adven-

2079 3110 2221 3166 tura,
2251 3100 2629 3155 recedentibus
2650 3102 2911 3165 tenebris,
2940 3100 3223 3154 imminzre
3237 3099 3350 3169 jam
3373 3098 3666 3169 agnitionis

2077 3191 2243 3256 diem,
2279 3201 2442 3262 atque
2468 3193 2589 3247 ideo
2629 3192 2828 3246 clamat
2869 3191 3354 3261 expergiscendum
3396 3205 3538 3254 esse,
3595 3204 3663 3244 ne

2076 3297 2173 3352 per
2194 3284 2479 3353 segnitiem
2508 3285 2630 3353 quis
2650 3293 2864 3338 noctem
2897 3284 3153 3352 patiatur.
3189 3281 3392 3353 (Αηιὸ.)
3433 3280 3659 3336 Noctem

2076 3383 2313 3429 veterem
2356 3375 2631 3429 hominem
2665 3375 3013 3447 signiﬁcavit,
3057 3374 3148 3443 qui
3197 3388 3293 3443 per
3336 3373 3662 3442 baptismum

2076 3465 2367 3521 innovatus
2403 3475 2508 3531 est,
2543 3468 2685 3520 hunc
2711 3467 3018 3536 praeterisse
3054 3464 3189 3519 dicit
3216 3464 3377 3533 quasi
3425 3472 3662 3528 noctem,

2077 3556 2221 3611 diem
2270 3567 2453 3623 autem
2482 3558 2970 3625 appropinquasse,
3020 3556 3178 3626 cujus
3222 3555 3430 3609 lumine
3464 3555 3666 3609 veritas

2078 3648 2235 3702 nobis
2260 3650 2529 3716 apparuit,
2559 3656 2620 3701 ut
2647 3648 2914 3702 sciremus
2940 3648 3070 3715 quid
3106 3663 3268 3717 agere
3298 3647 3662 3702 deberemus:

2077 3740 2230 3808 prius
2258 3739 2404 3791 enim
2438 3738 2752 3806 ignorantes
2784 3739 3061 3792 Christum
3089 3739 3143 3791 in
3168 3739 3406 3793 tenebris
3425 3754 3664 3803 eramus,

2078 3839 2136 3884 at
2159 3829 2248 3884 ubi
2274 3828 2586 3894 didicimus,
2615 3828 2706 3883 lux
2737 3830 2788 3882 iu
2817 3829 2975 3883 nobis
3016 3837 3135 3882 orta
3176 3837 3281 3894 est,
3316 3828 3667 3884 transivimus

2078 3921 2223 3975 enim
2252 3935 2284 3973 a
2310 3920 2446 3975 falso
2475 3920 2541 3974 ad
2560 3935 2768 3974 verum.
2802 3918 3011 3991 (Greg.)
3039 3920 3181 3984 Nox,
3216 3922 3414 3990 inquit,
3442 3938 3663 3991 pra-ces-

2077 4017 2166 4078 sit,
2196 4013 2305 4066 dies
2327 4023 2503 4066 autem
2523 4011 2976 4082 appropinquavit.
3007 4011 3107 4067 Ubi
3152 4012 3532 4067 attendendqu
3558 4022 3663 4078 est,

2078 4104 2223 4174 quod
2243 4102 2443 4157 Paulus
2472 4117 2595 4156 cum
2623 4102 2831 4156 diceret
2871 4117 2978 4156 nos:
3012 4101 3278 4171 proicessit
3322 4116 3663 4172 nequaquam

2080 4196 2341 4261 subdidit,
2392 4194 2508 4248 dies
2543 4193 2727 4259 venit,
2775 4194 2869 4248 sed
2915 4194 3024 4249 dies
3072 4196 3545 4265 appropinquavit;
3573 4196 3665 4265 qui

2080 4285 2225 4339 enim
2263 4292 2386 4353 post
2402 4281 2699 4338 discessum
2724 4283 2899 4338 noctis
2930 4298 3035 4337 non
3055 4282 3169 4350 jam
3195 4282 3426 4349 venisse,
3455 4285 3550 4337 sed
3571 4299 3666 4352 ap-

2011 4406 2058 4464 D
2084 4374 2472 4443 propinquasse
2487 4372 2629 4426 diem
2653 4373 2911 4436 insinuat,
2927 4388 3050 4427 esse
3072 4388 3131 4427 se
3152 4372 3338 4442 procul
3360 4373 3524 4427 dubio
3539 4383 3666 4428 ante

2085 4465 2253 4521 solem
2277 4474 2400 4534 post
2424 4466 2674 4519 tenebras
2688 4465 2865 4519 adhuc
2877 4464 2929 4517 in
2943 4477 3139 4518 aurora
3156 4465 3522 4518 demonstrat:
3540 4471 3666 4520 tunc

2083 4564 2263 4611 autem
2295 4555 2448 4625 plene
2474 4564 2659 4609 sancta
2681 4554 2976 4609 electorum
2996 4554 3225 4609 ecclesia
3249 4554 3365 4609 dies
3388 4556 3518 4620 erit,
3544 4569 3665 4609 cum

2083 4648 2131 4705 ei
2158 4647 2387 4700 admista
2418 4645 2626 4716 peccati
2659 4645 2848 4700 umbra
2885 4645 2996 4715 jam
3048 4660 3154 4699 non
3181 4644 3303 4699 erit.
3334 4643 3486 4699 Tunc
3512 4644 3669 4713 plene

2084 4738 2201 4792 dies
2232 4737 2370 4801 erit,
2427 4735 2643 4805 quando
2670 4736 2870 4789 interni
2902 4734 3119 4789 luminis
3163 4732 3406 4803 perfecto
3454 4732 3669 4789 fervore
3731 4739 3735 4744 '

2084 4826 2366 4888 claruerii.
2419 4828 2573 4885 Tunc
2631 4829 2790 4900 plene
2843 4829 2961 4884 dies
3005 4828 3141 4892 erit,
3192 4829 3409 4898 quando
3462 4826 3665 4880 nullam

2082 4924 2347 4980 malorum
2401 4937 2622 4977 suorum
2677 4928 2974 4976 tentantem
3046 4919 3363 4974 memoriam
3430 4917 3667 4972 tolerans

2081 5032 2273 5072 omnes
2336 5030 2365 5067 ιι
2418 5028 2477 5069 se
2526 5013 2870 5068 tenebrarum
2917 5012 3080 5066 etiam
3127 5010 3385 5078 reliquias
3436 5010 3667 5064 abscon-

2083 5108 2192 5162 det.
2257 5104 2408 5161 Unde
2460 5112 2516 5159 et
2561 5105 2699 5158 bene
2748 5103 2864 5156 htec
2912 5114 3140 5162 aurora,
3188 5100 3344 5169 quasi
3393 5099 3570 5153 adhuc
3612 5099 3668 5153 in

2084 5199 2313 5255 transitu
2381 5198 2817 5260 demonstratur,
2888 5209 3012 5248 cum
3077 5206 3174 5262 per
3242 5190 3344 5246 Job
3424 5190 3663 5245 dicitur:

2086 5291 2151 5344 Et
2183 5289 2453 5344 ostendisti
2506 5302 2716 5341 aurora:
2777 5285 2950 5339 locum
3009 5300 3162 5337 suum
3224 5281 3366 5354 (Job.
3403 5278 3665 5351 xxxvnt);

2083 5382 2171 5436 cui
2237 5380 2381 5433 enim
2461 5378 2613 5433 locus
2677 5392 2809 5432 suus
2876 5375 3224 5437 ostenditur,
3284 5372 3528 5442 profecto
3600 5386 3670 5426 ex

2083 5472 2190 5526 alio
2238 5471 2381 5524 aliud
2427 5478 2674 5532 vocatur;
2702 5467 2988 5537 quidenim
3011 5473 3095 5520 est
3123 5465 3275 5519 locus
3313 5477 3540 5525 aurorae,
3565 5460 3669 5516 nisi

2083 5561 2323 5633 perfecta
2351 5561 2573 5616 claritas
2595 5560 2821 5617 visionis
2850 5559 3099 5623 internas,
3122 5556 3188 5610 ad
3206 5551 3372 5625 quem
3395 5568 3518 5610 eum
3547 5566 3672 5624 per—

2084 5657 2246 5712 ducta
2278 5656 2508 5722 venerit,
2531 5655 2643 5725 jam
2679 5653 2746 5708 de
2777 5660 3068 5707 transacta:
3104 5651 3281 5706 noctis
3325 5646 3565 5705 tenebris
3588 5642 3671 5705 ni.-
