4026 6180
407 231 538 285 1571

1042 231 1101 285 Β.
1144 229 1398 284 RABANI
1440 229 1661 286 MACRI
1694 226 2016 284 ARCIIIEP.
2061 224 2368 285 MOCUNT.
2410 225 2692 283 OPERCM
2732 224 2910 282 PARS
2948 225 3033 281 lll.

3545 227 3690 280 1.37:1

402 344 480 400 hil
511 342 770 397 habebit?
817 340 969 396 Nunc
995 350 1174 396 autem
1219 343 1390 395 adhuc
1436 342 1798 396 tentationum
1825 339 1992 396 nole-
2022 348 2068 406 Α
2096 338 2360 394 Christum
2392 351 2438 394 et
2483 341 2660 394 carnis
2698 358 2879 394 curam
2925 359 2988 394 ne
3020 341 3238 408 feceritis
3276 340 3330 392 in
3375 342 3685 396 desideriis.

402 435 542 490 stias
597 434 894 496 sustinens,
951 434 1076 502 quia
1136 449 1233 502 per
1289 435 1645 488 intentionem
1701 435 1884 488 cordis
1931 433 2000 488 ad

406 526 550 579 aliud
575 524 791 578 festinat
817 524 1080 587 Ecclesia,
1107 524 1172 578 ad
1196 523 1370 578 locum
1393 540 1548 579 suum
1573 524 1745 579 tendit
1767 539 1993 578 aurora:

407 631 568 687 quem
607 615 780 669 locum
828 616 870 668 si
900 624 1077 669 mente
1121 631 1224 668 non
1256 624 1526 680 cerneret,
1562 618 1615 670 in
1665 614 1822 683 hujus
1875 616 1999 668 vita:

407 713 565 758 nocte
593 713 914 758 renumeret.
935 703 1038 756 Sed
1062 720 1182 757 Clllll
1207 705 1446 771 quotidie
1467 705 1740 759 contendit
1755 745 1768 768 ,
1784 713 2000 773 proten-

411 795 490 849 dit
511 793 694 862 perfici
722 803 775 847 et
803 793 852 845 in
884 794 1058 846 lucem
1087 794 1329 863 quotidie
1367 795 1579 864 augeri,
1623 794 1799 848 locum
1838 808 1994 846 suum

403 885 515 952 jam
549 885 812 952 conspicit
836 895 886 937 et
936 884 1091 953 plene
1119 885 1218 937 sibi
1243 885 1545 937 clarescere
1583 883 1751 937 solem
1780 883 1994 951 quaerit.

409 975 610 1027 Locum
633 989 786 1028 suum
802 989 996 1026 aurora
1021 975 1353 1038 considerat,
1369 975 1586 1043 quando
1609 980 1797 1026 sancta
1817 972 1996 1027 anima

407 1065 476 1118 ad
505 1063 971 1132 contemplandam
1011 1063 1306 1117 conditoris
1354 1063 1434 1116 sui
1467 1061 1700 1132 speciem
1749 1060 1957 1130 ﬂagrat.

481 1153 808 1223 Abjiciamus
859 1170 980 1223 ergo
1037 1169 1193 1221 opera
1243 1153 1571 1205 tenebrarum
1614 1161 1662 1204 et
1710 1152 1999 1204 induantur

409 1261 560 1297 arma
596 1243 748 1296 lucis.
799 1242 818 1314 (
845 1242 1032 1296 Ambr.
1063 1243 1078 1309 )
1129 1241 1498 1295 Tencbrarum
1530 1247 1654 1294 sunt
1693 1255 1857 1308 opera
1886 1238 1996 1292 vita

411 1335 668 1398 carnalis,
698 1350 818 1404 qua:
859 1333 1129 1388 illecebris
1158 1333 1334 1402 agitur
1361 1331 1736 1393 sa:cularibus,
1768 1331 1885 1383 haec
1912 1329 1996 1382 di-

412 1443 516 1502 gna
528 1435 612 1480 est
634 1425 891 1486 tenebris,
917 1423 1058 1477 sicut
1075 1423 1205 1477 dicit
1239 1423 1499 1476 Dominus
1523 1439 1534 1474 :
1573 1419 1924 1474 ’l'olliteillum
1949 1427 1997 1472 ct

413 1520 589 1590 ligatis
615 1518 857 1572 manibus
880 1526 926 1570 et
954 1515 1197 1580 pedibus,
1222 1515 1406 1568 mittite
1428 1514 1479 1567 in
1504 1513 1741 1567 tenebras
1765 1512 1996 1566 exterio-

415 1626 495 1663 res
519 1607 734 1678 (Matth.
751 1605 908 1674 χχιι).
937 1605 1163 1658 Induere
1184 1618 1334 1657 arma
1357 1603 1492 1657 lucis
1514 1611 1664 1673 gesta
1680 1610 1808 1656 sunt
1830 1603 1993 1664 bona,

2100 433 2296 490 Curam
2325 434 2504 487 carnis
2535 434 2806 504 prohibet,
2838 435 2889 486 id
2922 442 3023 490 est,
3054 433 3399 501 voluptatem,
3432 441 3493 485 ut
3524 449 3693 487 Ollllte

2099 524 2244 592 quod
2263 523 2580 594 prohibetur
2600 538 2698 591 per
2721 523 2889 592 legem
2913 540 3016 576 non
3035 523 3388 583 desideretur,
3419 532 3515 576 aut
3537 535 3693 577 certe

2098 615 2465 670 desideratum
2491 613 2775 667 vincatur:
2808 615 2918 682 ipsa
2951 622 3081 667 sunt
3104 613 3247 666 enim
3280 628 3449 681 npera
3477 614 3690 677 carnis,

2098 718 2157 759 ut
2179 707 2262 760 his
2285 707 2457 768 exuti,
2489 705 2716 760 induant
2747 706 3029 758 Dominum
3071 704 3253 758 Jesum
3290 703 3601 765 Christum,
3635 705 3694 758 id

2098 805 2200 857 est,
2233 797 2472 850 innovati
2497 812 2591 864 per
2614 797 2891 849 Christum
2915 796 2982 849 ab
3004 796 3088 849 bis
3112 794 3267 848 malis
3296 809 3356 848 se
3389 796 3594 848 retine:
3607 805 3687 847 nt.

2100 885 2298 955 (0rig.)
2354 886 2693 954 Frequenter
2741 886 2976 940 diximus
3024 886 3299 940 Christum
3362 887 3690 953 sapientiam

2097 994 2238 1043 esse,
2266 988 2320 1032 et
2341 978 2606 1047 justitiam
2651 987 2706 1031 et
2750 977 3258 1040 sanctilicationrm,
3290 987 3343 1030 et
3375 979 3692 1038 veritates,

2097 1077 2153 1122 et
2170 1084 2360 1122 omnes
2382 1067 2540 1121 simul
2568 1067 2814 1130 virtutes,
2836 1083 2972 1136 quas
2994 1067 3175 1136 utique
3198 1067 3287 1136 qui
3309 1069 3692 1134 assumpserit,

2098 1156 2370 1211 Christum
2420 1156 2551 1210 dicit
2603 1155 2842 1209 induisse
2876 1175 2888 1207 :
2928 1155 2972 1208 si
3003 1156 3146 1209 enim
3175 1155 3288 1208 ha:c
3317 1157 3499 1207 omnia
3537 1156 3701 1208 Chri-

2099 1256 2216 1301 stus
2237 1256 2340 1310 est,
2357 1246 2664 1300 necessario
2688 1245 2782 1314 qui
2808 1247 2921 1299 haec
2935 1247 3114 1308 habet,
3134 1245 3288 1298 habet
3307 1243 3661 1298 etChristum
3682 1260 3697 1307 ς

2097 1339 2188 1407 qui
2209 1339 2351 1392 enim
2382 1338 2497 1392 inec
2527 1339 2704 1397 habet,
2735 1336 2916 1392 carnis
2942 1353 3129 1390 curam
3159 1339 3211 1390 in
3235 1338 3702 1406 concupiscentiis

2099 1443 2206 1483 non
2237 1427 2385 1481 facit.
2418 1426 2780 1480 Moderatione
2803 1425 2956 1479 solita
2995 1425 3285 1494 Apostolus
3326 1425 3519 1484 utitur.
3567 1442 3700 1478 cum

2099 1535 2204 1574 non
2234 1533 2334 1589 per
2355 1519 2535 1572 omnia
2577 1519 2760 1573 carnis
2789 1533 2977 1572 curam
3021 1505 3540 1588 negat'habcndam,
3573 1533 3707 1571 cer.

2100 1619 2214 1662 tum
2241 1617 2326 1662 est
2353 1607 2497 1662 enim
2529 1606 2672 1676 quod
2715 1606 2768 1660 in
2817 1606 3142 1660 necessariis
3182 1605 3426 1660 habenda
3459 1615 3585 1666 est,
3648 1607 3703 1659 in

413 1703 542 1772 quia
555 1702 696 1757 sicut
715 1699 841 1754 mali
855 1708 1009 1754 actus
1037 1698 1274 1752 tenebris
1287 1697 1632 1765 deputantur,
1647 1695 1773 1764 quia
1786 1693 1996 1749 occulte
2029 1690 2070 1748 Β
2099 1699 2328 1764 deliciis,
2344 1710 2399 1753 et
2415 1697 2646 1762 luxuria,
2665 1706 2828 1767 atque
2847 1698 2993 1751 onmi
3013 1697 3447 1766 concupiscentia
3475 1698 3707 1764 penitus

416 1797 551 1848 tiunt
572 1792 641 1846 ab
686 1791 750 1846 iis
778 1789 871 1860 qui
906 1789 1044 1843 male
1073 1798 1240 1856 agunt
1270 1805 1283 1840 :
1315 1788 1388 1841 ita
1418 1795 1475 1840 et
1501 1787 1591 1856 qui
1623 1785 1762 1840 bene
1804 1792 1994 1855 agunt,

416 1886 596 1957 palam
627 1891 812 1955 agunt,
840 1883 966 1951 quia
992 1897 1096 1934 non
1129 1889 1402 1943 verentur,
1438 1879 1533 1933 sed
1581 1877 1833 1948 gaudent.
1863 1877 1996 1931 Boni

414 1991 544 2045 ergo
579 1983 732 2029 actus
758 1987 908 2026 arma
957 1971 1092 2024 lucis
1136 1980 1281 2033 sunt,
1315 1969 1692 2038 impugnantes
1724 1968 1996 2030 tenebras,

413 2081 535 2134 qua:
556 2073 680 2118 sunt
706 2061 833 2116 vitia
849 2060 1048 2114 carnis.
1075 2057 1220 2112 Sicut
1245 2058 1300 2110 in
1321 2057 1404 2110 die
1420 2057 1632 2110 honeste
1653 2054 1996 2109 ambulemus.

417 2159 613 2212 Verum
642 2166 746 2220 est,
775 2166 833 2208 ut
859 2154 984 2224 quia
1003 2152 1216 2221 publice
1237 2166 1340 2204 non
1368 2157 1645 2220 peccatur,
1672 2148 1750 2204 sic
1773 2163 1999 2218 agamus

415 2245 686 2316 quomodo
728 2246 907 2314 agitur
938 2241 1168 2310 publice,
1214 2239 1345 2293 nihil
1389 2239 1535 2292 enim
1586 2247 1694 2292 tam
1725 2238 1997 2309 publicum

416 2352 578 2404 quam
605 2334 826 2388 veritas.
858 2331 1053 2403 (0:ig.)
1083 2329 1280 2386 Verum
1304 2328 1580 2384 sciendum
1603 2336 1688 2382 est
1711 2328 2000 2382 adventum

406 2427 554 2484 lucis
597 2425 757 2495 hujus
800 2434 854 2476 et
904 2423 1009 2476 diei
1055 2420 1252 2490 duplici
1302 2420 1461 2473 modo
1511 2417 1908 2488 accipiendum,
1948 2425 2004 2472 et

416 2519 724 2591 generalem
751 2515 1017 2576 omnibus,
1061 2526 1115 2568 ct
1144 2513 1433 2583 unicuique
1473 2511 1784 2581 specialem.
1826 2509 2005 2565 Gene-

419 2611 552 2666 ralis
576 2609 826 2664 omnibus
861 2605 1035 2660 aderit
1056 2604 1145 2657 lux
1172 2613 1228 2658 et
1273 2602 1409 2667 dies,
1451 2617 1573 2657 cum
1605 2601 1771 2656 futuri
1820 2599 2001 2655 δίρρυιί

421 2713 634 2770 tempus
651 2697 930 2754 advenerit
951 2714 966 2762 ;
989 2697 1056 2750 ad
1069 2695 1222 2765 cujus
1236 2694 1695 2763 comparationem
1715 2691 2002 2763 prmsentis

421 2792 584 2863 hujus
606 2789 789 2844 mundi
814 2788 1044 2858 spatium
1063 2787 1299 2839 tenebrat
1322 2783 1679 2853 appellantur,
1705 2781 1849 2852 quod
1868 2790 2006 2835 tem-

420 2901 525 2956 pus
549 2881 946 2938 labesceutibus
974 2877 1218 2948 quotidie
1249 2876 1438 2930 diebus
1463 2873 1765 2944 appropia-t,
1790 2881 1846 2927 et
1881 2887 2004 2942 spa-

423 2975 520 3038 tia,
556 2989 676 3042 qua:
707 2967 996 3034 pnetcritis
1023 2975 1308 3036 augentur,
1343 2963 1536 3033 futuris
1569 2963 1687 3018 sine
1713 2961 1876 3017 dubio
1903 2960 2006 3016 mi-

2102 1791 2452 1846 excludcnda.
2471 1789 2653 1860 (Aug.)
2681 1787 2930 1844 Ostendit
2955 1804 3083 1858 ergo
3101 1804 3206 1842 non
3228 1803 3348 1842 esse
3368 1787 3707 1856 culpandam

2101 1883 2284 1936 carnis
2334 1880 2750 1950 providentiam,
2803 1881 3021 1948 quando
3067 1894 3132 1932 ea
3178 1877 3533 1947 previdentur
3579 1893 3711 1945 qua:

2103 1974 2169 2028 ad
2214 1972 2596 2027 necessitatem
2639 1971 2831 2026 salutis
2858 1970 3156 2039 corporalis
3183 1969 3398 2032 valent;
3433 1969 3480 2023 si
3514 1977 3708 2022 autem

2104 2067 2172 2120 ad
2224 2063 2530 2134 superfluas
2602 2062 3013 2127 delectationes,
3069 2071 3232 2132 atque
3280 2060 3579 2122 luxuriant,
3648 2069 3712 2113 ut

2105 2157 2334 2225 quisque
2363 2156 2416 2209 in
2446 2155 2532 2209 his
2556 2155 2784 2225 gaudeat
2814 2169 2934 2222 qua:
2959 2167 3122 2206 carne
3160 2152 3326 2221 cupit,
3345 2162 3493 2206 recte
3516 2168 3713 2221 rel-reo

2108 2246 2379 2308 henditur,
2395 2249 2521 2314 quia
2551 2245 2942 2316 providentiam
2971 2244 3153 2298 carnis
3173 2244 3224 2297 in
3247 2242 3711 2311 concupiscentiis

2105 2335 2253 2389 facit.
2303 2355 2319 2386 ι
2349 2335 2615 2402 Quoniam
2644 2334 2736 2403 qui
2765 2334 2999 2388 seminat
3019 2333 3072 2387 in
3095 2349 3261 2387 carne
3295 2349 3414 2396 sua,
3439 2334 3508 2385 de
3537 2349 3711 2386 carne

2106 2434 2274 2479 metet
2321 2424 2747 2494 corruptionem,
2800 2443 2818 2475 ι
2869 2424 2922 2478 id
2960 2433 3064 2489 est,
3103 2424 3195 2493 qui
3249 2423 3710 2477 delectationibus

2105 2515 2417 2570 carnalibus
2445 2516 2662 2585 gaudet.
2688 2512 2895 2586 (Greg.)
2927 2511 3137 2579 Carnis,
3189 2515 3387 2584 inquit,
3420 2531 3606 2567 curam
3639 2531 3705 2567 ne

2107 2607 2331 2676 feceritis
2361 2607 2414 2658 in
2436 2606 2888 2675 concupiscentiis.
2922 2604 3029 2659 Sed
3058 2605 3114 2658 in
3142 2603 3227 2658 his
3257 2605 3517 2658 nimirum
3548 2604 3703 2658 ducis

2107 2714 2171 2752 ac
2196 2697 2382 2752 militis
2412 2697 2594 2751 verbis
2619 2699 2962 2766 agnoscimus
2987 2695 3112 2765 quia
3158 2704 3287 2749 tunc
3309 2696 3379 2749 ab
3405 2710 3469 2749 ea
3506 2697 3695 2749 morti-

2109 2789 2224 2845 fero
2247 2789 2468 2843 vulnere
2496 2787 2708 2842 animus
2737 2787 2995 2860 pungitur
3018 2827 3035 2851 ,
3079 2803 3200 2842 cum
3234 2787 3290 2842 in
3336 2801 3403 2841 ea
3434 2803 3699 2841 mensum:

2107 2881 2335 2950 mquitas
2379 2896 2485 2934 non
2514 2887 2728 2934 tenetur
2755 2897 2768 2932 :
2803 2893 2978 2948 neque
3003 2879 3144 2932 enim
3187 2877 3406 2931 mortali
3438 2877 3609 2931 adhuc
3640 2879 3698 2931 in

2109 2985 2275 3025 carne
2316 2971 2623 3026 viventibus
2664 2969 2907 3024 funditus
2945 2983 3076 3023 cura
3119 2968 3305 3022 carnis
3334 2967 3695 3031 abscinditur,

421 3073 664 3121 nituntur
690 3082 704 3118 :
729 3071 784 3119 et
808 3061 927 3117 ideo
956 3060 1166 3132 propior
1193 3067 1267 3113 est
1304 3067 1479 3112 nostra
1506 3055 1672 3120 salus,
1698 3070 1854 3127 quam
1887 3070 2004 3107 cum
2033 3047 2078 3108 C
2109 3061 2203 3114 sed
2223 3068 2284 3115 ut
2309 3060 2581 3115 discerent
2615 3061 2796 3115 animo
2823 3059 3102 3114 moderato
3136 3058 3204 3112 iis
3230 3058 3330 3120 uti,
3363 3058 3693 3129 praecipitur.

421 3157 760 3220 credidimus,
795 3165 852 3209 et
895 3153 1137 3223 quotidie
1176 3150 1235 3205 lit
1268 3151 1505 3220 propior,
1553 3149 1696 3203 sicut
1730 3157 1786 3202 et
1826 3146 2008 3202 Domi-

421 3264 548 3312 nus,
580 3263 701 3302 cum
731 3242 1216 3300 consummationis
1235 3241 1420 3296 saeculi
1454 3241 1604 3310 signa
1631 3239 2005 3308 distingueret,

422 3338 602 3394 dixit:
629 3335 761 3390 Cum
794 3344 968 3392 autent
1011 3332 1245 3386 videritis
1285 3331 1395 3384 lucc
1439 3329 1638 3391 omnia,
1673 3327 1892 3380 allevate
1919 3343 2011 3380 ca-

423 3431 535 3499 pita
587 3437 779 3483 ucstra,
839 3423 1087 3493 quoniam
1145 3420 1418 3490 appropiat
1491 3418 1774 3486 redemptio
1842 3426 2009 3470 uestra

427 3520 584 3592 (Luc.
621 3516 756 3586 xxi).
782 3513 869 3568 Fit
893 3523 1073 3568 amem
1102 3526 1202 3581 per
1226 3508 1469 3580 singulos
1495 3507 1601 3568 diei
1625 3507 1786 3576 hujus
1813 3506 2011 3561 adven-

427 3620 534 3671 tus,
565 3619 620 3662 et
645 3607 801 3663 nobis
825 3606 970 3660 enim
1001 3605 1043 3658 si
1065 3601 1314 3656 Christus
1337 3600 1390 3653 in
1419 3599 1584 3654 corde
1612 3598 1703 3662 sit,
1731 3597 1875 3654 diem
1908 3612 2010 3650 no-

429 3701 516 3756 bis
545 3699 709 3762 facit;
733 3695 777 3752 si
803 3692 1135 3764 ignorantias
1157 3697 1372 3746 nostras
1394 3688 1636 3743 scientia:
1666 3687 1806 3741 ratio
1836 3686 2006 3758 fuget,

428 3801 484 3846 et
521 3790 768 3859 indignos
805 3795 961 3841 actus
989 3783 1322 3838 declinantes
1353 3781 1437 3851 pia
1471 3794 1700 3850 quasque
1744 3788 1800 3833 et
1843 3780 2008 3833 hone-

427 3894 510 3939 sta
555 3891 848 3942 sectemur,
882 3878 934 3932 in
979 3876 1096 3930 luce
1134 3889 1322 3928 sumus
1355 3871 1540 3940 positi,
1571 3879 1627 3924 et
1650 3870 1805 3940 quasi
1836 3870 1889 3923 in
1924 3869 2012 3924 die

429 3985 654 4038 honeste
683 3975 1040 4032 ambulamus.
1069 3971 1200 4038 Qua:
1231 3971 1338 4024 sint
1362 3976 1538 4022 autem
1572 3979 1735 4034 opera
1765 3966 2012 4019 tenebra-

431 4091 572 4135 rum,
605 4087 726 4142 quae
749 4066 1048 4136 abjicienda
1069 4074 1216 4124 sunt,
1233 4066 1632 4128 consequenter
1651 4063 1936 4111 enumerat
1956 4063 2013 4110 et

431 4165 563 4220 dicit
590 4182 602 4216 .
633 4160 753 4215 Non
779 4160 829 4212 in
853 4152 1311 4211 comessationibus
1340 4160 1387 4203 et
1409 4146 1765 4202 ebrietatibus.
1784 4143 2011 4217 (Ambr.)

431 4251 871 4310 Comessationes
903 4253 1026 4300 sunt
1057 4243 1328 4298 luxuriosa
1353 4238 1762 4306 convivia,qu
1785 4246 1879 4292 aut
1898 4236 2012 4292 col-

434 4345 634 4399 latione
663 4339 902 4396 omnium
928 4335 1291 4396 celebrantur,
1323 4340 1418 4385 aut
1445 4330 1653 4385 vicibus
1686 4327 1862 4386 solent
1886 4341 2014 4383 con-

435 4434 806 4491 tubernalibus
831 4427 1104 4489 exhiberi,
1133 4433 1191 4479 ut
1221 4423 1492 4478 neminem
1531 4423 1640 4477 illic
1679 4423 1877 4491 pudeat
1917 4419 2014 4472 ali-

435 4527 565 4596 quid
596 4525 878 4578 inhoneste
908 4518 1090 4572 dicere
1113 4524 1207 4568 aut
1232 4512 1429 4577 facere,
1467 4512 1593 4582 quia
1643 4509 2014 4579 unusquisque

439 4613 718 4688 praesumit
745 4609 889 4679 quod
915 4621 1068 4660 sumn
1102 4603 1410 4658 convivium
1454 4602 1542 4665 sit,
1573 4600 1748 4656 solent
1774 4600 1919 4653 enim
1962 4598 2014 4652 in

439 4707 613 4760 aliena
638 4715 824 4757 mensa
849 4697 1051 4766 pudore
1079 4692 1343 4757 coerceri,
1395 4691 1489 4747 sed
1530 4691 1619 4745 hic
1648 4691 1716 4744 ad
1745 4690 1847 4743 hoc
1881 4704 2015 4743 con-

441 4795 653 4848 venitur
679 4799 737 4845 ut
766 4789 906 4844 lunia
941 4786 1046 4841 illic
1070 4795 1327 4855 gerantur
1345 4782 1498 4850 copia
1530 4781 1659 4845 vini,
1688 4789 1742 4834 ct
1757 4772 2021 4834 incitetur

440 4886 676 4941 libidinis
716 4883 929 4939 diversa
966 4879 1244 4948 voluptas,
1291 4876 1494 4930 idcirco
1538 4874 1788 4928 evitanda
1834 4873 2020 4942 praeci-

443 4981 524 5049 pit
541 4972 1129 5044 hujusmodiconvivia.
1157 4967 1281 5022 Non
1303 4969 1356 5020 in
1369 4965 1627 5020 cubilibus
1647 4974 1697 5018 et
1731 4962 2014 5032 impudici-

441 5071 550 5124 riis.
583 5064 786 5139 (Αιιιιι.)
829 5063 956 5118 Post
1000 5059 1334 5114 luntriosmn
1364 5053 1669 5111 convivium
1706 5061 1762 5108 et
1789 5051 2022 5107 ebrieta-

447 5169 555 5214 tem
599 5159 702 5214 hoc
736 5155 964 5224 subjecit
987 5151 1129 5222 quod
1161 5149 1425 5219 sequitur,
1456 5145 1508 5201 id
1553 5153 1655 5208 est,
1704 5142 2024 5198 concubitus

448 5251 788 5321 impudicus:
821 5247 908 5302 hic
947 5245 1090 5300 enim
1129 5240 1286 5310 hujus
1326 5237 1645 5295 lascivitatis
1675 5244 1760 5292 est
1795 5234 2024 5290 fructus.

449 5340 572 5396 Non
591 5343 646 5396 in
665 5339 989 5395 contentione
1010 5345 1056 5390 et
1085 5333 1439 5390 mmulatione.
1473 5331 1640 5384 Recte
1663 5330 1731 5384 ab
1756 5329 1842 5384 his
1865 5343 2024 5383 coer-

448 5433 556 5486 ceri
589 5440 791 5497 monet,
816 5428 943 5499 quia
970 5426 1146 5480 omnis
1166 5423 1444 5480 contentio
1459 5429 1514 5476 et
1539 5421 1687 5476 zelus
1713 5420 2028 5476 inimicitias

448 5524 610 5593 parit,
640 5538 775 5592 quas
816 5521 1068 5577 tenebras
1102 5525 1282 5581 vocat,
1311 5515 1436 5586 quia
1471 5513 1541 5568 ad
1569 5513 1705 5568 lucis
1746 5511 2026 5582 prmmium

453 5613 733 5684 pervenire
757 5626 860 5666 non
899 5616 1143 5666 possunt.
1175 5606 1277 5662 Sed
1303 5607 1501 5662 induite
1539 5606 1818 5662 Dominum
1847 5607 2028 5663 Iesum

2110 3147 2244 3202 Nam
2287 3150 2414 3218 quia
2441 3149 2703 3204 sollicitos
2755 3163 2854 3204 nos
2889 3163 3012 3203 esse
3063 3146 3273 3203 Veritas
3321 3148 3377 3202 in
3407 3149 3700 3202 crastinum

2109 3240 2391 3311 prohibet,
2445 3241 2652 3296 habere
2678 3248 2954 3310 utcunque
3001 3255 3186 3296 curam
3247 3241 3302 3294 in
3349 3239 3705 3310 pratsentibus

2111 3347 2218 3386 non
2249 3341 2428 3402 negat,
2475 3347 2638 3402 quam
2684 3332 2829 3388 tendi
2874 3332 2944 3386 ad
3004 3343 3218 3401 tempus
3263 3333 3411 3403 quod
3460 3331 3708 3400 sequitur

2111 3431 2280 3477 vetat.
2295 3423 2363 3477 Et
2390 3423 2649 3477 nimirum
2672 3421 2896 3488 Paulus,
2922 3438 3047 3477 eum
3073 3437 3261 3476 curam
3291 3423 3478 3476 carnis
3503 3421 3622 3476 lieri
3648 3421 3704 3476 in

2111 3514 2547 3584 concupiscentia
2591 3528 2698 3569 non
2741 3514 2890 3578 sinit,
2937 3513 3128 3583 procul
3177 3513 3345 3568 dubio
3375 3514 3430 3566 in
3463 3512 3702 3568 necessi-

2113 3614 2223 3659 tae
2271 3605 2561 3659 concedit:
2603 3605 2931 3659 discretione
2965 3619 3094 3675 ergo
3145 3605 3324 3675 magni
3373 3604 3706 3662 moderami-

2113 3695 2197 3749 nis
2226 3695 2406 3749 carnis
2434 3711 2562 3749 cura
2601 3695 2858 3749 frenanda
2891 3704 2997 3759 est,
3032 3704 3090 3749 ut
3130 3696 3338 3750 serviat
3379 3703 3437 3748 et
3475 3696 3698 3749 minime

2111 3787 2464 3858 principetur,
2512 3803 2578 3841 ne
2628 3787 2784 3858 quasi
2832 3788 3050 3842 domina
3103 3789 3345 3841 animum
3373 3787 3573 3850 vincat,
3601 3787 3700 3839 sed

2111 3881 2332 3934 subacta
2367 3879 2564 3934 ruentis
2594 3880 2833 3934 dominio
2855 3881 3009 3949 quasi
3060 3879 3255 3934 ancilla
3299 3877 3614 3940 famuletur,
3644 3885 3705 3929 ut

2107 3971 2261 4042 jussa
2292 3973 2455 4038 adsit,
2481 3983 2644 4042 atque
2670 3975 2738 4028 ad
2770 3984 2960 4028 nutum
2994 3975 3175 4029 cordis
3204 3974 3418 4044 repulsa
3452 3974 3703 4033 dissiliat,

2114 4071 2174 4115 ut
2226 4063 2315 4116 vix
2361 4078 2390 4115 a
2445 4070 2594 4132 tergo
2674 4073 2877 4118 sancta:
2923 4065 3265 4136 cogitationis
3318 4074 3600 4135 appareat,
3656 4076 3710 4118 et

2112 4167 2387 4221 nunquam
2414 4161 2603 4206 contra
2636 4151 2827 4207 faciem
2858 4163 3002 4208 recta
3041 4155 3333 4225 cogitantis
3384 4155 3636 4208 obsistat.

2691 4263 2922 4320 CAPUT
2984 4264 3124 4320 XIV.

2040 4390 2091 4448 υ
2119 4349 2379 4405 Hortatur
2406 4355 2634 4448 trtlaj'ores
2653 4355 2730 4448 lue
2752 4357 3025 4448 inferioris
3058 4369 3392 4448 contemnant
3430 4369 3523 4414 aut
3548 4377 3710 4415 scon-

2433 4424 2665 4478 dalizent
2687 4464 2701 4490 ,
2739 4426 2830 4479 sed
2853 4428 3072 4494 paciﬁce
3099 4430 3382 4497 a'di/icent.

2188 4512 2469 4582 Inﬁrmum
2512 4527 2686 4569 autem
2717 4516 2771 4570 in
2812 4517 2918 4585 ﬁde
2941 4522 3209 4584 assumite,
3236 4537 3338 4574 non
3369 4522 3422 4573 in
3450 4522 3710 4593 discepta-

2117 4604 2345 4658 tionibus
2385 4605 2780 4675 cogitationum.
2833 4605 3036 4679 (Amb.)
3083 4609 3350 4676 Quoniam
3398 4626 3464 4664 ex
3510 4609 3710 4666 Judcis

2119 4703 2276 4747 erant
2301 4694 2389 4763 qui
2423 4694 2693 4752 Romanos
2718 4699 2784 4751 ad
2815 4715 3011 4754 nomen
3045 4699 3245 4755 Christi
3277 4714 3707 4772 assumpserunt,

2123 4784 2359 4837 admixta
2397 4785 2531 4856 lege,
2581 4787 2721 4842 sicut
2769 4789 2823 4843 in
2852 4791 3148 4858 primordio
3199 4793 3453 4862 Epistolas
3505 4810 3710 4848 memo'

2121 4874 2255 4938 ravi,
2285 4876 2404 4930 ideo
2433 4877 2754 4946 quibusdam
2801 4881 3083 4936 videbatur
3113 4884 3440 4953 prohibitam
3490 4901 3710 4939 carnem

2121 4968 2282 5023 edere
2319 4986 2424 5024 non
2469 4971 2688 5037 debere,
2731 4973 3003 5044 aliquibus
3047 4987 3247 5043 autem,
3294 4980 3384 5049 qui
3435 4981 3554 5035 sine
3592 4979 3712 5051 lege

2124 5057 2398 5114 Christum
2430 5064 2818 5131 sequebantur,
2861 5066 3147 5121 videbatur
3197 5078 3387 5122 contra
3433 5068 3608 5140 legem
3644 5071 3709 5123 li-

2126 5164 2252 5205 cere
2277 5151 2462 5216 edere,
2505 5162 2562 5207 et
2605 5169 2703 5223 per
2744 5156 2848 5210 hoc
2888 5157 3060 5228 ipsum
3112 5158 3530 5227 disceptationes
3555 5169 3711 5214 erant

2133 5243 2274 5297 inter
2310 5259 2424 5308 eos,
2457 5261 2593 5314 quas
2633 5245 2924 5316 Apostolus
2964 5251 3266 5305 concordia:
3312 5260 3368 5304 et
3394 5250 3558 5305 saluti
3602 5261 3711 5306 stu-

2133 5337 2268 5392 dens
2313 5337 2493 5392 divina
2538 5338 2905 5409 disputatione
2951 5343 3148 5410 aufert,
3199 5344 3492 5399 ostendens
3535 5358 3708 5412 neque

2131 5426 2312 5482 edenti
2339 5429 2595 5498 prodesse
2623 5430 2765 5500 apud
2811 5431 3001 5500 Deum,
3047 5451 3222 5505 neque
3259 5449 3366 5490 non
3397 5435 3577 5490 edenti
3616 5434 3710 5488 ob—

2133 5535 2272 5575 esse.
2302 5511 2578 5578 lniirmum
2606 5539 2726 5579 esse
2753 5525 2905 5589 dicit,
2937 5527 3028 5595 qni
3060 5538 3343 5600 propterea
3367 5526 3509 5599 quod
3539 5526 3708 5580 Judzei

2134 5612 2392 5680 prohibiti
2409 5622 2536 5670 stmt
2555 5614 2709 5671 timet
2731 5617 2921 5672 edere:
2956 5619 3100 5674 hunc
3123 5635 3249 5690 ergo
3272 5621 3383 5675 vult
3404 5619 3604 5699 remitti
3621 5617 3707 5686 jn—
