4026 6180
435 235 572 291 1375

1073 231 1134 286 Β.
1175 229 1430 286 ΚΑΒᾹΝΙ
1470 230 1688 288 ιιΑυιιι
1722 228 2000 288 ΑΓιΟΗΙΕΙ

2103 229 2394 288 ηοευιςτ.
2437 231 2720 289 ΟΡΕΙΗΞΜ
2761 231 2942 288 PARS
2979 233 3063 289 Ill.

3579 222 3718 280 13276

423 349 600 406 lectus
623 357 707 405 est
736 345 1021 410 sensibus,
1063 353 1122 400 ut
1155 344 1328 414 possit
1366 359 1584 398 clunem
1637 341 1818 398 cibum
1864 341 2016 398 verbi
2044 357 2091 416 Α
2119 341 2385 410 cmperint
2432 341 2686 396 inflantur
2715 351 2769 395 et
2799 343 3134 397 extolluntur
3157 345 3446 401 adversum
3476 362 3574 402 eos
3620 350 3715 418 qui

425 436 521 496 Dei
549 455 766 496 sumere
798 457 810 494 :
843 439 985 494 sicut
1026 446 1082 492 et
1129 437 1244 506 ipse
1275 434 1567 504 Apostolus
1589 433 1644 488 in
1673 432 1796 488 aliis
1833 431 1968 488 dicit
1997 449 2010 485 :

426 527 790 600 l’erfectm'um
829 538 1004 581 autent
1045 536 1120 580 est
1152 524 1300 580 cibus
1330 523 1565 589 solidus,
1591 539 1772 578 eorum
1800 520 1890 593 qui
1919 538 2014 592 pro

423 621 766 688 possibilitate
812 617 1055 672 sumendi
1107 615 1420 670 exercitatos
1472 615 1662 668 habent
1718 630 1902 680 sensus
1943 613 2012 666 ad

423 711 787 764 discretionem
811 709 931 762 boni
958 719 1005 762 et
1033 706 1160 762 mali
1191 705 1352 777 (Ileb.
1370 703 1444 777 v).
1466 705 1534 760 Et
1557 705 1752 759 iterum
1781 701 1850 758 ad
1880 703 2016 758 alios

423 799 556 854 dicit
590 818 602 852 :
632 797 739 852 Lac
789 797 932 852 vobis
981 808 1162 866 potant
1213 795 1356 859 dedi,
1393 812 1498 848 non
1537 810 1731 859 escam,
1780 793 2012 846 nondth

423 891 560 943 enim
603 888 855 959 poteratis
887 887 956 960 (1
985 885 1106 941 Cor.
1149 886 1266 957 tu).
1316 886 1384 940 Et
1423 885 1667 954 nunquid
1715 885 1790 938 ita
1847 881 2014 952 inepti

423 981 648 1044 erimus,
681 987 740 1033 nt
771 988 1019 1048 putemus
1053 977 1394 1046 Apostolum,
1425 977 1517 1046 qui
1551 975 1749 1032 missus
1769 984 1853 1030 est
1877 989 2014 1044 pra:-

423 1069 606 1122 dieare
633 1067 854 1123 verbum
887 1069 1002 1132 Dei,
1040 1067 1123 1121 lac
1152 1074 1399 1135 portasse
1451 1080 1636 1120 secum
1661 1105 1676 1130 ,
1721 1064 1866 1132 quod
1907 1063 2012 1118 Co—

425 1159 642 1214 rinthiis
672 1167 854 1226 potum
893 1158 1078 1212 daret?
1111 1157 1218 1211 Sed
1249 1155 1596 1210 manifestum
1619 1165 1720 1220 est,
1753 1156 1856 1210 hoc
1885 1170 2010 1209 eum

425 1252 491 1306 dc
514 1250 780 1320 qualitate
819 1249 969 1303 verbi
1009 1247 1275 1317 proloqui,
1310 1255 1366 1300 et
1389 1255 1678 1316 proyterea
1709 1244 1889 1300 dicere
1916 1260 1930 1296 :
1963 1244 2012 1298 si

421 1344 546 1412 quis
575 1341 845 1396 inlirmior
881 1348 966 1396 est
995 1340 1246 1395 sensibus
1266 1379 1282 1404 ,
1313 1347 1370 1393 et
1397 1354 1504 1392 non
1535 1348 1621 1392 est
1647 1339 1721 1392 ita
1752 1336 2010 1406 perfecta:

425 1435 571 1500 fidei,
613 1444 673 1490 ut
695 1435 762 1489 de
809 1433 1200 1488 secretioribus
1239 1431 1516 1502 mysteriis
1549 1430 1732 1500 capiat
1761 1428 2006 1494 verbum,

424 1542 531 1580 non
572 1526 772 1581 debere
817 1525 867 1579 ei
907 1539 1004 1594 per
1033 1539 1094 1578 ea
1125 1538 1246 1593 qua:
1288 1521 1587 1591 intelligere
1628 1535 1736 1574 non
1783 1527 2004 1588 potest,

421 1617 840 1685 disceptationes
853 1615 1236 1685 cogitationum
1255 1611 1602 1666 commoveri.
1625 1630 1643 1660 ι
1663 1610 1817 1664 Alius
1836 1609 2002 1676 enim,

2120 431 2371 486 videntur
2390 433 2570 486 minus
2585 447 2816 501 capaces
2843 448 2983 498 esse;
3015 435 3216 490 idcirco
3248 435 3413 507 igitur
3440 447 3717 508 mter-pre—

2119 519 2322 574 talione
2389 520 2716 590 Apostolicat
2773 523 3118 579 auctoritatis
3179 523 3377 595 Paulus
3426 525 3718 600 utriusque

2117 612 2288 682 partis
2326 613 2670 668 insolentiam
2724 615 3025 685 reprimens
3051 615 3180 671 dicit
3208 635 3223 670 :
3254 617 3330 671 Tu
3353 619 3473 688 quis
3503 637 3560 674 es
3586 662 3602 684 ,
3625 623 3719 692 qui

2107 702 2322 772 judicas
2353 703 2583 758 alienum
2610 706 2850 760 servum?
2889 723 2986 760 suo
3020 707 3244 762 Domino
3286 719 3389 762 stat
3425 721 3516 763 aut
3547 714 3714 766 cadit.

2115 791 2267 859 Quod
2298 794 2462 860 dicit,
2491 805 2592 848 stat
2616 804 2708 848 aut
2755 796 2936 862 cadit,
2986 799 3283 852 se.undum
3332 815 3556 854 sensum
3598 804 3716 872 ejus

2115 899 2276 954 quem
2317 885 2565 956 increpat
2593 885 2744 940 dicit.
2775 886 2911 941 Nam
2947 898 3000 942 et
3042 889 3348 959 imperitior
3371 930 3388 956 ,
3437 893 3485 945 si
3535 892 3718 946 videat

2113 976 2420 1045 quempiam
2449 975 2774 1046 profundius
2797 978 3025 1049 aliquid,
3053 989 3108 1036 et
3133 989 3190 1033 ut
3221 981 3334 1052 ipse
3367 997 3566 1053 capere
3606 999 3715 1039 non

2111 1066 2676 1134 potest,-senticntem,
2695 1069 2956 1124 cecidisse
2970 1085 3092 1124 eum
3108 1071 3318 1141 judicat
3339 1087 3372 1126 a
3393 1074 3519 1128 lidci
3542 1083 3715 1142 statu,

2112 1163 2168 1207 et
2213 1171 2427 1209 rursum
2477 1159 2570 1227 qui
2624 1157 2883 1212 inflantur
2936 1176 3000 1214 ex
3057 1163 3318 1228 scicntia,
3356 1171 3410 1216 et
3445 1179 3554 1218 non
3587 1182 3716 1220 cum

2111 1243 2399 1312 charitate,
2453 1249 2594 1303 sicut
2622 1247 2824 1304 Paulus
2861 1263 3170 1307 commonet
3192 1293 3206 1318 ,
3237 1263 3426 1324 agunt,
3457 1256 3718 1312 similiter

2112 1334 2179 1390 de
2231 1335 2664 1406 imperitioribus
2694 1340 2999 1411 quibusque
3033 1337 3348 1411 opinantur,
3375 1355 3430 1398 et
3459 1345 3584 1400 ideo
3617 1362 3714 1416 po-

2111 1437 2364 1484 testatem
2388 1429 2541 1484 fratri
2559 1431 2840 1501 judicandi
2867 1433 3054 1488 fratris
3075 1435 3297 1488 excutit.
3345 1434 3494 1491 Bene
3523 1449 3715 1492 autem

2109 1518 2344 1574 alienum
2383 1535 2600 1574 servum
2637 1523 2755 1588 ait,
2787 1524 2914 1594 quia
2965 1524 3225 1580 Dominus
3259 1527 3428 1581 dicit:
3474 1525 3578 1582 Vos
3608 1547 3709 1583 au—

2107 1621 2210 1665 tem
2241 1628 2421 1667 omnes
2464 1613 2656 1683 fratres
2690 1616 2816 1669 estis
2861 1616 3076 1687 (Matth.
3105 1623 3296 1685 xxnl),
3335 1634 3528 1674 omnes
3551 1661 3567 1686 ,
3608 1621 3718 1676 hoc

421 1708 613 1775 inquit,
628 1707 799 1762 credit
813 1707 994 1761 omnia
1009 1705 1336 1760 manducare
1353 1719 1368 1767 ;
1394 1721 1412 1753 ι
1441 1717 1547 1757 non
1571 1717 1669 1771 per
1683 1701 1784 1756 hoc
1799 1701 2000 1756 Paulus

2103 1710 2208 1770 est,
2239 1703 2491 1759 universa
2531 1715 2782 1760 creatura
2811 1745 2827 1772 ,
2876 1715 2934 1760 et
2974 1723 3113 1762 unus
3155 1719 3240 1763 est
3265 1709 3414 1764 solus
3441 1711 3716 1765 Dominus

421 1801 488 1854 ad
513 1799 696 1855 omnia
723 1797 1053 1856 comedenda
1087 1797 1380 1866 discipulos
1423 1797 1692 1860 hortatur,
1738 1810 1841 1850 nec
1867 1793 2006 1864 gula:

418 1899 471 1942 et
497 1889 728 1960 gurgitis
749 1896 834 1944 est
854 1887 1113 1958 magister
1136 1901 1150 1938 :
1181 1886 1276 1940 sed
1298 1885 1364 1940 de
1393 1885 1496 1939 illis
1518 1885 1638 1940 sine
1661 1885 1827 1940 dubio
1851 1885 2004 1949 dicit,

417 1997 648 2052 quorum
702 1981 834 2037 [idos
867 1979 1110 2050 perlecta
1140 1986 1256 2043 est,
1299 1989 1356 2032 et
1389 1977 1574 2034 multis
1615 1979 1670 2032 in
1700 1976 1867 2032 verbo
1908 1977 2006 2031 Dei

419 2072 836 2128 discretionibus
881 2057 1204 2141 impeditur,
1254 2084 1392 2139 quos
1440 2067 1582 2122 idem
1626 2067 1918 2138 Apostolus
1947 2067 2004 2122 in

419 2164 542 2218 aliis
570 2164 838 2233 spiritales
867 2161 1136 2233 appellat,
1164 2176 1286 2216 cum
1312 2161 1446 2216 dicit
1477 2178 1491 2214 :
1526 2159 1797 2231 Spiritalis
1827 2168 2006 2222 autem

415 2257 682 2310 examinat
710 2257 888 2310 omnia
917 2253 968 2326 (Ι
996 2253 1121 2308 Cor.
1155 2260 1238 2324 ιι).
1267 2253 1387 2322 ipse
1412 2259 1496 2308 est
1535 2265 1666 2320 ergo
1689 2249 1756 2304 de
1777 2264 1886 2320 quo
1911 2249 2004 2304 hie

417 2345 550 2399 dicit
584 2361 596 2396 :
627 2343 776 2398 Alius
821 2354 998 2396 autem
1044 2341 1207 2396 credit
1255 2341 1577 2396 manducare
1611 2340 1810 2393 omnia.
1844 2339 2006 2394 Deni-

411 2451 521 2508 que
539 2447 594 2493 ct
608 2436 886 2508 apostolis,
915 2445 1204 2505 antequam
1228 2433 1494 2504 Spiritum
1520 2440 1767 2498 sanctum
1792 2432 2004 2503 accipe-

415 2535 559 2592 rent,
600 2526 880 2581 dicebatur
907 2540 938 2577 a
969 2524 1198 2580 Domino
1231 2541 1244 2578 :
1275 2522 1447 2577 Multa
1475 2522 1648 2577 adhuc
1670 2521 1858 2590 habeo,
1884 2537 2003 2594 qua:

415 2612 604 2688 loquar
623 2617 797 2683 vobis,
828 2617 918 2670 sed
946 2631 1050 2670 non
1077 2617 1289 2685 potestis
1305 2615 1397 2668 illa
1415 2615 1570 2668 modo
1597 2614 1806 2680 audire,
1837 2613 2002 2668 veniet

421 2716 596 2761 autem
620 2703 954 2771 Paracletus,
989 2705 1220 2776 Spiritus
1249 2705 1500 2771 veritatis,
1525 2715 1576 2760 et
1603 2706 1710 2776 ipse
1738 2721 1824 2760 vos
1849 2705 2004 2758 doce-

414 2797 484 2850 bit
537 2796 714 2850 omnia
764 2795 946 2867 (Joan.
981 2794 1114 2867 xvi).
1159 2795 1269 2849 Ista
1321 2811 1452 2866 ergo
1497 2803 1623 2849 sunt
1661 2793 1842 2850 omnia
1881 2809 2002 2864 qua:

415 2885 589 2940 credit
639 2886 966 2942 manducare
995 2885 1040 2939 is
1086 2886 1177 2955 qui
1212 2901 1310 2956 pro
1362 2886 1488 2940 ﬁdei
1537 2885 1870 2956 perfectione
1902 2901 2002 2956 per

411 2977 645 3046 gratiam
673 2974 908 3044 Spiritus
956 2975 1131 3030 sancti
1160 2990 1329 3044 capax
1365 2974 1516 3030 verbi
1543 2974 1855 3031 secretioris
1899 2990 1998 3030 ex-

2107 1791 2267 1848 Jesus
2319 1793 2587 1862 Christus,
2618 1795 2713 1867 qui
2743 1807 2828 1850 est
2881 1795 3138 1852 Dominus
3167 1802 3399 1853 omnium
3426 1841 3442 1864 ,
3483 1802 3631 1856 dives
3658 1803 3716 1856 in

2107 1881 2348 1936 omnibus
2377 1881 2557 1953 (Rom.
2587 1889 2676 1954 x);
2705 1884 2867 1939 simul
2890 1893 2946 1942 et
2969 1886 3270 1943 bonitatem
3311 1891 3404 1944 Dei
3459 1891 3718 1947 iucll'abi—

2106 1973 2210 2028 lem
2237 1977 2572 2044 manifestat,
2587 1993 2712 2032 cum
2725 1978 2859 2033 dicit
2887 1979 2952 2034 de
2977 1995 3041 2034 eo
3063 1981 3154 2050 qui
3178 1983 3440 2039 cecidisse
3462 1979 3714 2055 videtur,

2107 2065 2325 2122 etiamsi
2347 2082 2475 2123 vere
2498 2069 2776 2136 ceciderit,
2819 2071 2947 2141 quia
2983 2084 3162 2138 potens
3190 2085 3264 2129 est
3296 2075 3438 2131 Deus
3474 2090 3714 2136 statuere

2105 2154 2256 2210 illum
2271 2173 2293 2223 ;
2323 2156 2581 2212 Dominus
2607 2161 2752 2214 enim
2780 2162 2933 2232 erigit
2957 2162 3114 2218 elisos
3139 2163 3316 2236 (Psal.
3354 2171 3558 2240 ειυς).

2178 2246 2323 2302 Nam
2347 2248 2484 2304 alius
2523 2251 2734 2321 judicat
2782 2253 2920 2308 diem
2961 2255 3100 2309 inter
3135 2259 3294 2324 diem,
3325 2261 3466 2314 alius
3493 2263 3713 2332 judico:

2105 2359 2309 2397 omnem
2356 2345 2516 2412 diem,
2550 2347 2908 2418 unusquisque
2962 2351 3017 2404 in
3080 2367 3184 2422 quo
3241 2370 3398 2408 sensu
3447 2357 3708 2413 abundet.

2106 2431 2292 2506 (Aug.)
2323 2434 2676 2505 Sequestrata
2700 2435 2815 2506 jam
2847 2439 3075 2496 meliore
3097 2443 3556 2514 consideratione,
3589 2465 3706 2504 non

2105 2526 2172 2580 de
2204 2527 2412 2582 duobus
2439 2529 2751 2584 hominibus
2795 2531 2929 2586 mihi
2960 2533 3176 2588 videtur
3211 2536 3452 2604 dictum,
3502 2543 3602 2594 sed
3639 2543 3710 2598 de

2104 2615 2326 2671 homine
2351 2625 2408 2671 et
2439 2618 2580 2685 Deo;
2611 2620 2704 2690 qui
2721 2621 2866 2676 enim
2896 2621 3133 2678 alternos
3159 2626 3278 2682 dies
3300 2629 3516 2698 judicat,
3540 2633 3708 2689 homo

2101 2717 2217 2764 est:
2235 2710 2567 2777 potestenim
2583 2711 2743 2766 hodie
2765 2711 2932 2782 aliud,
2949 2730 3072 2770 cras
3085 2717 3228 2772 aliud
3235 2719 3510 2789 judicare,
3529 2725 3702 2790 idest,

2101 2807 2162 2854 ut
2173 2815 2550 2871 quemcunque
2570 2803 2733 2858 hodie
2747 2804 2948 2860 malum
2963 2809 3271 2864 convictum
3284 2812 3703 2884 confessumque

2102 2893 2460 2962 damnaverit,
2494 2910 2618 2950 cras
2649 2897 2850 2953 bonum
2880 2897 3120 2955 inveniat
3165 2917 3292 2956 cum
3335 2920 3397 2959 se
3421 2909 3698 2962 correxit:

2100 2983 2188 3038 vel
2214 2992 2404 3039 contra
2425 3000 2549 3040 cum
2577 2985 3031 3056 aliquemjustum
3051 2989 3212 3045 hodie
3238 2991 3564 3062 laudaverit,
3577 3014 3700 3052 cras

410 3065 632 3130 stiterit,
647 3063 810 3119 habet
832 3073 1009 3118 tamen
1034 3065 1350 3119 etinlirmus
1377 3065 1520 3133 quod
1541 3055 1722 3122 sumat
1741 3081 1807 3120 ex
1836 3065 2002 3123 verbo
2031 3077 2075 3139 (ζ
2107 3071 2347 3128 inveniat
2371 3055 2751 3149 depravatum;
2770 3055 2864 3146 qui
2885 3087 3064 3134 autem
3082 3079 3297 3148 judicat
3322 3055 3698 3146 onmem'diem

401 3157 527 3228 Dei.
561 3157 658 3212 Est
683 3158 893 3228 species
915 3158 1161 3227 quasdam
1195 3159 1369 3224 verbi,
1398 3173 1560 3228 quam
1589 3159 1680 3214 hic
1704 3158 1993 3231 Apostolus

409 3246 556 3302 olera
583 3247 900 3317 appellavit,
927 3263 1048 3317 qua:
1082 3249 1354 3304 audientis
1381 3263 1600 3304 sensum
1623 3263 1730 3304 non
1761 3258 1866 3303 tam
1899 3264 1990 3304 ro-

410 3334 628 3388 bustum
661 3335 852 3390 reddat
879 3345 932 3390 et
962 3336 1180 3402 fortem,
1201 3353 1364 3406 quam
1385 3347 1654 3393 sustentet
1686 3349 1742 3393 ct
1769 3339 1994 3395 interire

411 3439 518 3478 non
547 3424 727 3478 faciat.
772 3425 828 3478 ln
857 3425 1042 3480 multis
1067 3427 1267 3482 etenim
1310 3427 1376 3481 de
1419 3427 1768 3484 interioribus
1800 3429 1994 3485 animae

409 3517 658 3571 sensibus
685 3516 865 3572 divina
911 3515 1192 3588 Scriptura
1217 3519 1374 3588 quasi
1401 3520 1466 3574 de
1491 3520 1852 3577 exterioribus
1878 3536 1996 3577 cor-

409 3607 558 3675 poris
585 3605 824 3676 loquitur
853 3606 1112 3664 membris
1139 3647 1156 3674 ,
1203 3617 1260 3664 et
1303 3609 1444 3665 sicut
1481 3625 1623 3681 smpe
1669 3611 1989 3680 docuimus,

413 3698 726 3754 interiorem
768 3699 1065 3765 hominem,
1116 3699 1204 3754 vel
1261 3701 1473 3769 videre,
1533 3705 1620 3758 vel
1659 3705 1869 3771 audire,
1907 3705 1994 3760 vel

410 3790 686 3847 ambulare
713 3791 1005 3857 nominari,
1037 3792 1112 3846 ita
1141 3802 1196 3846 et
1244 3809 1386 3850 nunc
1427 3795 1541 3866 ipse
1574 3796 1800 3851 interior
1831 3797 1992 3853 homo

410 3890 504 3934 aut
543 3896 761 3951 omnem
797 3881 996 3936 dicitur
1031 3882 1208 3937 cibum
1242 3899 1401 3952 posse
1443 3873 1748 3954 percipere,
1789 3886 1836 3940 si
1864 3901 1992 3955 per-

413 3972 588 4028 fectus
609 3982 715 4038 est,
747 3981 841 4028 aut
866 3974 912 4027 si
943 3974 1189 4029 infirmus
1211 3984 1312 4042 est,
1341 3978 1489 4031 olera
1517 3979 1876 4045 manducare;
1899 3979 1992 4036 sed

409 4071 469 4117 ut
497 4063 860 4134 perfectorum
895 4065 946 4119 in
982 4065 1222 4120 Ecclesia
1281 4069 1629 4122 concordiam
1699 4079 1754 4124 et
1787 4070 1993 4142 imper-

409 4154 702 4222 fectorum,
733 4165 991 4228 tanquam
1033 4159 1438 4218 inhonestorum
1471 4163 1526 4218 in
1549 4179 1776 4234 corpore
1819 4183 1994 4222 mem-

407 4247 632 4302 brorum
667 4251 1128 4320 honestorumque
1155 4263 1479 4323 componat,
1511 4271 1614 4312 nec
1646 4259 1912 4315 habeatur
1939 4260 1996 4316 in

408 4338 488 4393 eis
517 4339 623 4392 ulla
649 4341 936 4408 dissensio,
966 4342 1097 4398 dicit
1129 4359 1142 4396 :
1184 4343 1285 4409 Qui
1311 4346 1594 4401 manducet
1623 4365 1726 4404 non
1765 4351 1994 4404 mandu-

2097 3161 2238 3218 Deus
2259 3173 2361 3229 est,
2379 3165 2506 3234 quia
2528 3181 2634 3220 non
2651 3166 2826 3222 solum
2846 3169 3023 3238 qualis
3042 3171 3392 3246 quisque[sit,
3420 3180 3518 3232 sed
3539 3181 3697 3238 etiam

2097 3251 2276 3322 qualis
2300 3253 2450 3308 omni
2481 3254 2568 3310 die
2597 3255 2812 3312 futurus
2841 3259 2933 3323 sit,
2960 3262 3129 3314 novit.
3153 3261 3301 3334 Ergo
3322 3271 3696 3345 unusquisque}

2094 3341 2150 3396 in
2204 3359 2301 3398 suo
2352 3343 2615 3400 intellectu
2665 3347 2928 3416 abundet,
2968 3349 3185 3422 inquit,
3213 3355 3268 3409 id
3298 3364 3408 3422 est,
3437 3341 3698 3430 quantuni

2094 3431 2334 3490 humano
2364 3433 2657 3491 intellectui
2706 3453 2812 3494 non
2864 3439 3067 3510 solum,
3120 3443 3208 3498 vel
3259 3448 3558 3520 unicuique
3593 3453 3698 3507 ho-

2095 3522 2230 3578 mini
2269 3539 2590 3582 conccssum
2645 3536 2764 3594 est,
2801 3538 3011 3585 tantum
3049 3533 3246 3590 audeat
3289 3537 3561 3608 judicare.
3592 3541 3699 3610 Qui

2093 3613 2250 3684 sapit,
2285 3615 2484 3684 inquit,
2532 3617 2692 3686 diem,
2745 3618 2972 3674 Domino
3008 3624 3166 3694 sapit.
3194 3624 3252 3681 ιιι
3274 3638 3381 3695 εει,
3411 3633 3544 3700 quia
3592 3635 3697 3690 hoc

2097 3701 2274 3774 ipsum
2299 3706 2367 3760 ad
2391 3717 2718 3778 praesentem
2741 3709 2885 3764 diem
2913 3711 3050 3768 bene
3086 3714 3324 3784 judicat,
3347 3719 3576 3777 Domino
3603 3741 3698 3780 sev

2099 3796 2174 3866 pit
2197 3811 2218 3861 ;
2249 3796 2354 3851 hoc
2375 3807 2460 3854 est
2481 3799 2626 3854 enim
2657 3801 2796 3856 bene
2827 3801 3075 3870 judicare
3101 3807 3168 3860 ad
3193 3808 3363 3878 diem,
3393 3821 3453 3866 ut
3477 3816 3698 3874 noveris

2095 3902 2205 3942 non
2233 3903 2354 3944 esse
2384 3891 2450 3946 de
2479 3894 2818 3950 correctione
2847 3895 2966 3964 ejus
3007 3898 3406 3969 desperandum
3445 3907 3498 3960 in
3545 3909 3695 3964 tutu-

2097 3993 2240 4044 rum,
2272 3981 2338 4036 de
2377 3981 2532 4052 cujus
2560 3983 2717 4052 culpa
2740 3984 3027 4042 manifesta
3062 3989 3116 4044 in
3146 3996 3438 4060 praesentia
3470 3996 3692 4066 judica-

2098 4069 2266 4124 veris.
2310 4071 2489 4138 Alius,
2531 4073 2729 4143 inquit,
2755 4078 3004 4145 quaedam
3041 4083 3313 4140 nonnullis
3363 4087 3694 4149 intermissis

2097 4159 2348 4232 intelligit
2373 4179 2386 4216 :
2425 4163 2562 4220 alius
2588 4179 2719 4220 vero
2750 4167 2820 4222 ad
2845 4167 3175 4227 intellectum
3196 4177 3378 4231 omnia
3405 4181 3692 4248 possibilia

2097 4251 2171 4305 ita
2227 4260 2286 4304 ut
2317 4260 2446 4307 sunt
2473 4254 2700 4310 videnda
2733 4261 3029 4328 cognoscit.
3069 4261 3268 4337 (θήρ.)
3298 4265 3486 4324 Potest
3505 4279 3690 4330 tamen

2099 4342 2397 4396 secundum
2428 4342 2626 4398 litterae
2654 4343 2986 4416 Apostolica:
3035 4359 3481 4426 consequentiam
3516 4363 3690 4420 videri

409 4440 610 4484 cantem
641 4447 742 4485 ηοη
772 4442 1003 4502 spernat,
1035 4443 1082 4488 ει
1108 4436 1197 4505 qui
1223 4451 1328 4489 non
1355 4437 1641 4491 manduca:
1666 4440 1997 4494 manducan—
2026 4446 2076 4506 D
2102 4431 2205 4487 hoc
2235 4435 2303 4488 de
2346 4433 2594 4491 ciborum
2645 4440 2980 4496 continentia
3009 4443 3092 4500 νει
3133 4445 3384 4506 libertate
3418 4456 3640 4508 tractari
3665 4474 3684 4514 ζ

407 4530 507 4574 tem
537 4533 639 4574 non
652 4521 875 4591 judicet.
905 4524 1017 4580 lloc
1033 4534 1134 4590 est,
1152 4525 1297 4596 quod
1316 4535 1371 4582 et
1397 4529 1528 4584 alibi
1543 4530 1782 4588 dicitur:
1812 4551 1830 4584 ι
1856 4531 1995 4600 Quia

410 4625 516 4664 non
547 4619 724 4680 potest
755 4613 944 4666 oculus
969 4614 1149 4670 dicere
1174 4617 1378 4683 manui,
1416 4617 1532 4674 Non
1551 4635 1610 4675 es
1637 4621 1769 4676 mihi
1801 4638 1995 4680 neces-

410 4703 552 4757 saria
577 4742 592 4768 ,
625 4711 682 4756 et
707 4712 871 4772 caput
897 4705 1124 4773 pedibus
1148 4745 1164 4770 ,
1197 4704 1312 4760 Non
1343 4708 1592 4764 desidero
1632 4725 1850 4780 operam
1899 4727 1992 4768 ve-

410 4802 617 4858 stram;
668 4795 762 4848 sed
813 4793 984 4848 multo
1019 4795 1190 4866 magis
1217 4838 1231 4860 ,
1278 4799 1400 4868 quae
1444 4801 1696 4858 videntur
1749 4809 1993 4864 membra

411 4884 1031 4952 corporisinhonesliora
1055 4903 1195 4954 esse,
1213 4891 1583 4946 necessariora
1608 4905 1753 4950 sunt.
1777 4916 1796 4950 ι
1825 4898 1890 4952 Ει
1910 4900 1994 4956 Ιιίε

410 4990 557 5046 ergo,
585 4991 812 5044 quorum
842 4975 977 5032 lides
1011 4986 1159 5033 tanta
1191 4988 1293 5045 est,
1320 4989 1377 5036 ut
1397 4983 1578 5038 omnia
1606 4989 1815 5055 possint
1841 5005 1996 5045 utan-

411 5066 606 5121 ducare
619 5079 899 5124 ctonmcm
924 5071 1074 5125 verbi
1098 5073 1331 5142 speciem
1354 5090 1570 5144 capere,
1593 5092 1660 5132 ne
1681 5081 1998 5150 superbiant

336 5186 346 5195 -
411 5166 465 5209 et
491 5167 750 5224 spernant
789 5174 883 5214 eos
933 5161 1024 5230 qui
1055 5162 1381 5220 infirmiores
1445 5175 1572 5222 sunt
1620 5170 1886 5240 prtecipit,
1939 5182 1995 5228 et

413 5263 624 5304 rursum
653 5251 737 5306 his
763 5251 856 5320 qui
900 5253 1184 5324 incapaces
1205 5265 1330 5310 sunt
1349 5257 1688 5326 perfectioris
1736 5263 1996 5320 doctrinas

415 5340 652 5406 mandat,
679 5357 748 5395 ne
778 5340 1025 5408 judicent
1077 5359 1170 5399 eos
1225 5361 1452 5416 quarunt
1504 5365 1696 5406 sensus
1741 5355 1995 5424 capacior

412 5433 514 5488 est,
545 5438 596 5482 et
631 5430 936 5488 intellectus
966 5435 1291 5491 eminentior
1321 5455 1333 5490 :
1366 5439 1538 5494 solent
1560 5441 1708 5498 enim
1735 5458 1992 5512 perverso

412 5516 601 5570 ordine
628 5519 863 5592 imperiti
887 5525 1370 5594 peritosjudicare,
1387 5539 1444 5584 at
1465 5532 1677 5588 desides
1691 5535 1984 5592 studiosos.

410 5607 684 5667 interdum
729 5622 909 5672 tamen
968 5629 1023 5673 ει
1061 5621 1116 5676 hi
1165 5621 1256 5688 qui
1313 5624 1553 5680 scientiae
1609 5627 1793 5697 aliqua
1829 5631 1980 5688 initia

2097 4525 2354 4595 quoniam
2379 4528 2597 4597 quidem
2629 4533 2864 4600 vocatio,
2888 4551 3008 4606 qua:
3052 4537 3106 4591 in
3155 4537 3374 4597 Christo
3409 4554 3515 4614 est,
3545 4548 3683 4604 nihil

2097 4631 2382 4674 commune
2418 4629 2513 4674 aut
2551 4621 2890 4699 immundum
2920 4628 3075 4698 ponit
3104 4629 3158 4684 in
3207 4633 3380 4700 cibis,
3411 4636 3508 4690 sed
3551 4654 3683 4694 cott—

2097 4708 2340 4765 tinentiae
2369 4711 2508 4767 ratio
2537 4715 2728 4770 suadet
2759 4717 2922 4772 etiam
2965 4735 2997 4774 a
3025 4719 3186 4778 licitis
3211 4726 3507 4796 abstinere,
3555 4730 3681 4788 Non

2094 4801 2255 4867 enim,
2296 4811 2354 4856 ut
2400 4811 2456 4857 et
2505 4803 2620 4874 ipse
2669 4805 2724 4860 in
2771 4807 2893 4864 alis
2928 4811 3058 4866 dicit
3097 4812 3149 4884 (Ι
3181 4812 3303 4870 Cor.
3333 4833 3411 4886 v1,
3437 4823 3526 4893 ι),
3555 4825 3678 4893 quia

2097 4895 2272 4947 omnia
2296 4895 2470 4962 licent,
2489 4895 2684 4950 idcirco
2709 4899 2866 4952 etiam
2890 4904 3064 4956 omnia
3079 4906 3384 4976 expediunt,
3407 4912 3489 4964 vel
3502 4917 3678 4970 omnia

2097 4986 2404 5055 wdiﬁcant;
2451 4989 2570 5060 ipsa
2598 4999 2778 5046 tamen
2809 4993 3148 5052 abstinentize
3177 5000 3318 5056 ratio
3351 5003 3567 5062 diversa
3593 5019 3677 5064 est

2095 5091 2196 5146 pro
2223 5088 2346 5132 voto
2392 5089 2446 5134 et
2483 5081 2758 5150 proposito
2803 5087 3064 5142 voventis.
3125 5087 3279 5152 Alius
3306 5109 3542 5167 namque
3569 5101 3678 5158 hoc

2087 5169 2318 5239 judicat,
2347 5182 2402 5227 et
2431 5173 2504 5227 ita
2535 5176 2674 5244 apud
2703 5178 2915 5234 animos
2942 5197 3069 5237 suos
3087 5180 3350 5256 decernit,
3375 5201 3435 5245 ut
3457 5208 3674 5251 omnem

2097 5264 2275 5363 diem,
2304 5267 2406 5322 hoc
2439 5277 2555 5334 est,
2595 5271 2910 5328 continuum
2941 5275 3064 5332 vita:
3097 5293 3209 5334 sua:
3239 5289 3453 5354 tempus
3491 5291 3676 5363 exigat

2095 5353 2152 5409 in
2181 5356 2506 5414 abstinentia
2532 5375 2548 5426 ;
2581 5360 2718 5417 alius
2745 5377 2874 5420 vero
2911 5373 3120 5438 tempus
3147 5353 3367 5442 aliquod
3393 5379 3540 5442 velut
3580 5353 3674 5437 ξο-

2097 5449 2205 5502 tiva
2249 5448 2584 5518 professione
2611 5453 2886 5522 decernit,
2935 5459 2990 5513 in
3035 5475 3144 5530 quo
3180 5465 3298 5521 sive
3338 5478 3400 5522 ut
3435 5469 3622 5542 jugem
3651 5517 3668 5540 ,

2091 5538 2206 5593 sive
2223 5547 2280 5592 ut
2313 5549 2507 5612 tempe.
2525 5542 2664 5598 alem
2687 5547 2951 5615 suscipiat
2969 5552 3376 5613 continentiam.
3406 5538 3670 5620 Uniuscn;

2081 5632 2279 5704 jusque
2319 5638 2568 5696 sensibus
2607 5639 2699 5695 dat
2739 5639 2967 5701 liberam
3009 5647 3336 5709 facultatem.
3370 5654 3668 5728 Utrumque
