4026 6180
352 371 485 429 um
889 364 1438 431 sumusnostra
1482 374 1546 430 IN
1586 375 1739 443 app,
1775 364 1978 429 mm
2017 365 2145 427 LIB.
2190 363 2297 428 vn.
2339 402 2411 412 -
2445 367 2514 427 IN
2552 368 2768 427 EPIST.
2806 340 2909 427 ,ω’
2936 367 3103 428 non.
3484 365 3622 427 isse

350 484 646 547 Danielem,
679 483 764 537 ubi
797 483 944 549 dicit,
976 493 1023 537 et
1050 483 1169 537 libri
1196 486 1362 555 aperti
1404 498 1545 551 sunt,
1602 487 1692 556 qui
1723 486 1929 542 scilicet
1960 493 2008 552 Α
2034 482 2274 539 cmlestia
2325 485 2689 550 nominantur,
2738 478 3108 553 corporalibus
3165 482 3359 538 inﬂexa
3397 486 3623 556 genibus

348 587 404 634 et
432 578 486 632 in
509 576 668 631 corde
692 586 876 630 nostro
904 576 1125 630 involuti
1150 585 1277 632 sunt
1304 587 1361 632 et
1383 579 1602 644 obtecti,
1653 579 1934 634 continen-
2035 571 2288 638 adorare.
2334 580 2429 628 aut
2462 573 2626 628 etiam
2664 574 2844 644 lingua
2891 574 3096 629 carnali
3135 584 3192 628 et
3216 574 3309 628 tali
3350 577 3619 635 membro.

346 678 430 725 tes
460 667 675 739 quidem
712 668 912 738 scripta
941 683 1061 737 qua:
1089 669 1325 736 gerimus
1356 678 1410 723 et
1437 670 1579 725 notis
1610 671 1931 741 quibusdam

344 759 689 815 conscientia:
720 758 932 826 sulcati,
970 773 1069 813 nec
1108 766 1285 815 tamen
1320 760 1411 815 ulli
1452 761 1556 816 nisi
1577 762 1687 816 Deo
1715 762 1810 817 soli
1835 777 1931 818 eo-

347 850 500 921 guiti.
540 844 632 904 isti
668 864 799 919 ergo
833 849 953 905 libri
981 849 1174 904 animze
1201 860 1397 911 nostra:
1428 852 1512 906 vel
1553 854 1732 908 cordis
1761 853 1931 907 nostri

346 938 557 1008 pagina:
583 938 896 1007 aperientur
922 937 975 990 in
1002 924 1299 1007 conspectu
1360 939 1537 994 throni
1579 939 1829 1005 flammei,
1876 952 1933 996 et

350 1035 589 1082 rotarum
615 1026 753 1099 ignis
772 1028 1033 1093 ardentis,
1054 1036 1110 1084 et
1128 1028 1363 1085 fluminis
1397 1030 1537 1101 ignei
1565 1032 1933 1102 percurrentis

347 1128 475 1174 ante
503 1129 771 1176 vetustum
795 1122 1023 1177 dierum.
1056 1116 1326 1179 Videbunt
1353 1125 1467 1179 haec
1487 1133 1542 1180 et
1569 1125 1748 1196 legent
1768 1127 1931 1181 etiam

346 1211 545 1280 angeli,
568 1220 622 1266 et
648 1211 739 1265 illa
763 1212 954 1266 millies
976 1212 1140 1268 millia
1166 1213 1498 1283 angelorum,
1528 1223 1584 1269 et
1610 1214 1790 1270 decies
1812 1214 1935 1268 mil-

348 1300 448 1356 lies
465 1303 599 1356 dena
620 1301 788 1356 millia
814 1302 1207 1368 ministrorum,
1228 1313 1284 1358 et
1309 1304 1381 1358 ita
1405 1305 1692 1361 criminum
1719 1314 1935 1360 nostro-

349 1409 496 1457 rum,
533 1393 587 1446 in
618 1392 813 1462 Quibus
849 1408 992 1448 nunc
1024 1410 1191 1448 unum
1227 1394 1417 1449 saltem
1451 1403 1642 1449 testem
1666 1396 1775 1464 pati
1806 1410 1935 1450 eon-

348 1482 643 1549 fundimur,
687 1473 987 1538 caelestium
1019 1493 1144 1539 tunc
1179 1485 1436 1539 virtutum
1476 1493 1640 1539 testes
1687 1494 1936 1542 catervas

349 1572 769 1629 innumerabiles
813 1575 1094 1642 patiemur.
1138 1572 1272 1629 Cum
1322 1583 1504 1629 autem
1562 1574 1758 1629 Paulus
1802 1575 1937 1631 dicit

347 1664 474 1733 quia
500 1663 691 1719 Omnes
712 1664 966 1718 stabimus
992 1674 1111 1718 ante
1137 1663 1369 1717 tribunal
1390 1663 1510 1729 Dei,
1544 1671 1598 1718 et
1621 1678 1680 1718 se
1707 1680 1828 1719 eum
1848 1665 1936 1719 his

346 1754 517 1808 societ
547 1754 636 1823 qui
682 1755 901 1809 stabunt
947 1763 1072 1808 ante
1120 1753 1353 1808 tribunal
1398 1752 1514 1818 Dei,
1559 1754 1809 1825 quisnam
1852 1763 1936 1811 est

2035 660 2180 730 quali
2243 677 2344 717 nos
2398 664 2647 720 homines
2699 663 2992 734 loquimur,
3050 672 3307 733 putentur
3375 666 3621 722 confiteri

2035 752 2226 820 Deum,
2264 753 2334 809 de
2360 755 2553 824 quibus
2590 756 2807 823 dicitur,
2835 757 2962 826 quia
2989 765 3116 812 sunt
3156 756 3380 827 spiritus
3400 765 3459 813 et
3486 758 3624 830 ignis

2035 843 2327 898 secundum
2340 845 2483 911 quod
2507 845 2773 916 Propheta
2799 847 2958 901 dicit:
2988 845 3091 912 Qui
3113 847 3237 916 facit
3268 846 3478 917 angelos
3500 864 3623 902 suos

2030 929 2270 1000 spiritus,
2301 943 2349 986 et
2381 934 2647 988 ministros
2673 951 2796 990 suos
2827 936 2998 1005 ignem
3028 945 3262 990 urentem
3290 933 3618 1006 (Psal.cm).

2036 1022 2105 1078 Et
2135 1038 2255 1093 quae
2280 1039 2455 1096 genua
2498 1025 2555 1080 in
2584 1026 2865 1095 spiritibus
2894 1040 3015 1081 esse
3040 1027 3349 1091 credentur,
3387 1035 3483 1080 aut
3504 1040 3624 1095 quae

2034 1113 2216 1186 lingua
2242 1117 2296 1170 in
2323 1116 2465 1188 ignis
2487 1117 2667 1187 specie
2692 1117 3040 1186 requiretur?
3064 1118 3169 1173 Sed
3204 1133 3341 1188 genu
3385 1118 3620 1180 flectere.

2034 1206 2274 1277 subjecta
2302 1222 2423 1263 esse
2454 1216 2671 1272 cuncta,
2702 1216 2759 1262 et
2789 1207 2955 1262 cultui
2989 1209 3081 1263 Dei
3112 1209 3331 1264 obedire
3360 1209 3624 1265 declarat.

2034 1297 2213 1354 Movet
2235 1314 2322 1355 me
2345 1299 2522 1355 adhuc
2545 1314 2613 1355 ex
2660 1300 2767 1365 his,
2810 1315 2930 1369 quae
2965 1302 3032 1355 de
3059 1301 3313 1370 Epistolis
3342 1303 3409 1356 ad
3435 1302 3625 1357 Corin-

2037 1388 2181 1443 thios
2209 1389 2620 1460 assumpsimus,
2661 1389 2753 1444 ubi
2778 1388 2910 1445 dieit
2940 1408 2953 1442 :
2985 1387 3052 1443 Ut
3092 1391 3310 1460 recipiat
3346 1393 3625 1462 unusquis—

2033 1498 2134 1551 que
2155 1483 2369 1552 propria
2390 1483 2646 1552 corporis,
2668 1491 2823 1552 prout
2843 1482 3021 1553 gessit,
3042 1482 3148 1536 sive
3169 1482 3325 1547 bona,
3340 1484 3445 1537 sive
3460 1487 3623 1545 mata,

2034 1582 2219 1627 utrum
2262 1574 2390 1644 quia
2438 1574 2493 1628 in
2518 1574 2773 1630 omnibus
2806 1573 3119 1629 hominibus
3156 1587 3378 1628 necesse
3401 1582 3487 1628 est
3529 1573 3624 1627 ali-

2035 1664 2165 1734 quid
2180 1665 2305 1720 boni
2329 1679 2471 1728 esse,
2501 1665 2702 1735 aliquid
2724 1674 2778 1721 et
2792 1665 2939 1731 mali,
2967 1681 3068 1721 nec
3091 1664 3257 1720 ullum
3285 1666 3339 1719 in
3365 1667 3520 1721 bouis
3546 1667 3625 1719 in~

2036 1757 2229 1823 veniri,
2266 1758 2357 1828 qui
2381 1772 2486 1813 non
2512 1758 2715 1828 aliquid
2746 1758 2999 1814 habuerit
3026 1767 3084 1813 et
3107 1759 3274 1813 mali;
3316 1759 3403 1813 vel
3430 1759 3623 1814 iterum

347 1845 439 1913 qui
469 1846 815 1915 semetipsum
844 1844 915 1898 ita
952 1844 1184 1913 decipiat
1224 1854 1281 1899 et
1304 1844 1474 1911 fallat,
1504 1854 1565 1899 ut
1588 1845 1655 1899 ad
1671 1844 1935 1914 judicium
1964 1845 2012 1904 B
2040 1847 2274 1917 aliquem
2310 1849 2364 1903 in
2400 1849 2578 1915 malis,
2610 1850 2702 1919 qui
2729 1864 2835 1904 non
2862 1850 3115 1905 habuerit
3160 1848 3363 1919 aliquid
3400 1858 3455 1905 et
3478 1850 3623 1911 boni,

348 1956 407 1997 se
444 1940 669 2008 Christi,
706 1950 761 1995 et
788 1940 855 1995 ad
882 1940 1117 1996 tribunal
1159 1941 1480 2012 cognitionis
1502 1940 1621 2010 ejus
1644 1956 1750 1996 non
1783 1949 1937 2010 putet

347 2046 467 2084 esse
485 2040 789 2093 venturum,
816 2038 909 2085 aut
934 2030 1381 2087 manifestandum
1397 2047 1456 2086 se
1471 2048 1575 2086 non
1593 2041 1748 2102 putet
1767 2033 1820 2087 in
1848 2032 1936 2087 his

346 2139 466 2194 qua:
497 2125 608 2177 sive
648 2134 813 2189 recte,
856 2125 969 2178 sive
990 2125 1152 2178 etiam
1183 2125 1360 2179 minus
1388 2135 1532 2180 recte
1561 2124 1936 2179 commiserit?

347 2212 501 2279 Quod
527 2228 654 2268 vero
680 2213 732 2267 in
763 2214 1012 2282 praisenti
1055 2215 1270 2283 quidem
1299 2214 1416 2271 loco
1454 2233 1472 2265 ‹
1502 2213 1735 2269 tribunal
1765 2214 1883 2279 Dei,
1910 2234 1929 2266 ι

349 2305 416 2357 ad
438 2303 746 2358 Corinthios
760 2318 887 2358 vero
916 2325 933 2354 ι
958 2304 1190 2359 tribunal
1219 2304 1419 2359 Christi
1439 2324 1458 2358 ι
1485 2304 1683 2374 posuit,
1701 2320 1801 2375 ego
1821 2304 1938 2374 qui-

349 2395 468 2450 dem
484 2395 686 2450 nullam
702 2405 831 2466 puto
843 2411 961 2450 esse
979 2396 1475 2466 dilfcrentiam,quo
1487 2396 1664 2451 minus
1677 2412 1841 2451 unum
1861 2405 1937 2450 at-

348 2500 454 2554 que
469 2485 607 2542 idem
628 2505 645 2537 ι
668 2486 894 2541 tribunal
914 2485 1115 2541 Christi
1138 2505 1155 2537 ι
1175 2493 1230 2540 et
1244 2485 1478 2541 tribunal
1491 2484 1585 2540 Dei
1602 2485 1933 2548 nominetur,

349 2579 648 2655 secundum
664 2579 802 2649 quod
826 2579 940 2648 ipse
963 2577 1210 2632 Salvator
1233 2578 1287 2632 in
1308 2577 1598 2649 Evangelio
1619 2576 1779 2632 dicit:
1804 2576 1934 2639 Qm-

352 2670 440 2724 uia
461 2687 576 2742 qua:
601 2669 751 2724 habet
780 2665 940 2722 Pater
963 2684 1077 2722 mea
1100 2678 1219 2722 sunt
1244 2666 1424 2739 (Joan.
1450 2666 1585 2738 va).
1612 2667 1677 2720 Et
1699 2666 1893 2720 iterum
1919 2684 1934 2719 :

349 2763 535 2831 I_’ater,
558 2779 672 2816 mea
699 2770 791 2815 tua
812 2770 955 2825 sunt,
973 2771 1021 2815 et
1042 2770 1133 2814 tua
1156 2776 1271 2814 utea
1297 2758 1505 2830 (Ibid.).
1530 2758 1588 2814 Si
1611 2759 1731 2827 quis
1758 2765 1938 2811 tamen

349 2861 505 2921 putat
536 2852 589 2906 in
616 2852 955 2907 sermonibus
979 2849 1156 2914 Pauli,
1182 2850 1307 2919 quia
1330 2850 1475 2904 nulla
1497 2850 1551 2903 in
1585 2846 1700 2917 ejus
1740 2848 1937 2903 litteris

347 2943 523 2998 otiosa
552 2941 637 2997 vel
675 2940 879 3012 syllaba
906 2948 1012 3005 est,
1044 2954 1236 2995 causas
1286 2939 1565 2995 varietatis
1611 2936 1775 3007 hujus
1816 2953 1938 2993 esse

348 3034 723 3104 requirendas,
742 3032 941 3104 poterit
964 3032 1193 3087 fortasse
1207 3031 1312 3085 tale
1327 3031 1531 3101 aliquid
1551 3031 1733 3086 dicere
1751 3046 1764 3083 :
1781 3029 1937 3085 Chri-

348 3128 419 3183 sti
450 3125 789 3190 vocabulum,
819 3135 1080 3194 quantum
1118 3125 1184 3179 ad
1214 3124 1600 3194 proprietatem
1622 3123 1938 3196 appellatio-

2036 1946 2259 2007 propter
2284 1937 2619 2008 Seripturam
2648 1953 2769 2008 quae
2805 1938 2936 1994 dicit
2965 1956 2977 1991 :
3010 1938 3246 2008 Spiritus
3274 1939 3415 1993 enim
3445 1939 3625 1994 ineor»

2038 2028 2308 2099 ruptibilis
2333 2029 2384 2083 in
2405 2029 2715 2085 hominibus
2732 2038 2844 2097 est;
2863 2038 3147 2099 propterea
3166 2030 3365 2085 dixerit
3383 2039 3443 2084 ut
3460 2046 3628 2084 unus.

2036 2125 2266 2196 quisque
2288 2133 2344 2181 et
2363 2140 2464 2196 pro
2484 2125 2642 2181 bonis
2663 2125 2778 2181 suis
2801 2126 2968 2191 bona,
2991 2133 3046 2179 et
3074 2139 3176 2194 pro
3203 2123 3361 2179 malis
3402 2124 3629 2193 recipiat

2038 2213 2198 2278 mala,
2241 2229 2310 2269 an
2348 2215 2519 2270 bonos
2551 2214 2672 2270 illos
2706 2216 2870 2281 dicat,
2903 2216 3098 2285 quibus
3126 2214 3259 2270 nihil
3289 2214 3417 2268 mali
3452 2215 3628 2270 ascri-

2036 2304 2272 2360 bendum
2296 2305 2384 2370 sit,
2415 2315 2472 2361 et
2499 2305 2618 2362 illos
2649 2306 2819 2361 malos
2843 2306 3038 2376 quibus
3074 2305 3197 2360 boni
3238 2304 3371 2360 nihil
3406 2305 3626 2359 omnim:

2038 2394 2318 2449 debeatur.
2347 2395 2451 2450 Sed
2490 2397 2536 2450 si
2579 2397 2682 2451 hoc
2710 2395 3064 2451 novissimmn
3106 2402 3379 2464 putemus,
3425 2393 3629 2450 videbi—

2038 2498 2162 2537 mur
2181 2492 2369 2539 contra
2396 2484 2698 2541 evidentem
2723 2485 2908 2540 venire
2935 2485 3222 2539 rationem.
3255 2482 3442 2539 Nullus
3460 2484 3629 2548 enim,

2039 2582 2099 2628 ut
2127 2574 2261 2641 dixi,
2314 2576 2389 2631 ita
2418 2577 2592 2632 bonus
2621 2576 2945 2641 invenietur,
2992 2576 3079 2631 cui
3120 2590 3227 2630 non
3270 2573 3474 2643 aliquid
3501 2575 3632 2630 insi-

2039 2672 2154 2720 tum
2177 2666 2249 2721 sit
2292 2667 2442 2733 mali,
2496 2680 2557 2723 ut
2601 2684 2669 2723 ex
2709 2667 3000 2722 multorum
3037 2676 3346 2723 sanctorum
3378 2666 3632 2737 perfacile

2040 2756 2218 2828 colligi
2262 2759 2474 2815 videtur
2500 2761 2790 2831 exemplis;
2822 2771 2877 2815 et
2910 2776 3117 2825 rursus,
3162 2773 3321 2817 nemo
3346 2771 3430 2816 est
3463 2761 3632 2831 pessi-

2041 2866 2279 2915 morum,
2306 2853 2471 2907 etiam
2494 2854 2538 2908 si
2564 2855 2681 2923 ipse
2704 2853 2873 2908 Judas
2902 2862 3150 2923 ponatur,
3185 2855 3275 2923 qui
3319 2869 3480 2923 supra
3507 2868 3629 2907 om-

2041 2956 2168 2996 nem
2198 2941 2531 3011 impietatem
2576 2943 2772 3013 impius
2810 2942 2931 3006 fuit.
2970 2952 3028 2997 ut
3081 2958 3188 2998 non
3231 2942 3432 3012 aliquid
3469 2945 3632 2998 etiam

2044 3029 2160 3099 ipse
2183 3031 2306 3086 boni
2324 3031 2576 3087 habuisse
2593 3032 2856 3087 videatur.
2876 3032 3009 3086 Nam
3032 3039 3090 3086 ut
3111 3016 3199 3085 illa
3222 3033 3495 3095 omittam,
3515 3046 3632 3099 qua:

2044 3137 2169 3177 cum
2195 3122 2452 3192 apostolis
2488 3123 2700 3194 positus
2729 3125 2881 3194 quasi
2933 3138 3072 3177 unus
3112 3139 3178 3178 ex
3222 3122 3354 3193 ipsis
3389 3123 3631 3194 gerebat.

354 3219 440 3273 nis
462 3217 629 3288 ipsius
651 3216 906 3287 pertinet,
932 3214 1092 3270 Verbi
1119 3214 1171 3268 in
1196 3230 1361 3269 carne
1387 3215 1573 3284 positi,
1602 3223 1658 3269 et
1679 3215 1936 3269 mundum
1968 3216 2013 3277 ί]
2044 3212 2294 3281 quamvis
2320 3219 2377 3267 et
2409 3212 2480 3267 ibi
2498 3213 2610 3283 jam
2644 3212 2802 3268 bonis
2837 3213 2955 3283 ejus
2984 3214 3343 3268 miscerentur
3388 3222 3444 3269 et
3469 3212 3631 3273 mala.

351 3309 462 3364 Deo
492 3306 888 3364 reconciliantis
929 3306 1184 3360 iudicium
1228 3315 1329 3370 est,
1362 3305 1442 3361 sic
1467 3314 1523 3360 et
1568 3305 1710 3360 idem
1738 3304 1936 3359 Paulus

350 3399 512 3463 dicit,
545 3399 669 3469 quia
700 3395 843 3451 Deus
869 3407 979 3450 erat
996 3398 1050 3450 in
1078 3394 1286 3450 Christo
1313 3396 1566 3449 mundum
1593 3396 1935 3449 reconcilians

350 3491 449 3545 sibi
490 3488 574 3561 (ΙΙ
616 3487 739 3543 Cor.
767 3488 854 3561 v);
913 3488 1007 3542 sed
1063 3488 1520 3543 reconciliationis
1554 3484 1713 3555 hujus
1763 3487 1937 3558 spatia

349 3579 721 3637 conversionis
768 3586 965 3633 nostra:
1005 3574 1216 3642 dilatio,
1262 3585 1319 3631 et
1346 3576 1742 3631 emendationis
1773 3574 1940 3647 negli-

352 3671 530 3743 gentia
559 3667 836 3733 distendit,
861 3677 916 3724 et
946 3667 1188 3740 longiora
1212 3667 1513 3733 constituit,
1545 3668 1783 3721 etdonec
1814 3681 1939 3722 eva-

352 3772 476 3818 euct
512 3776 702 3817 omnes
732 3760 1062 3831 principatus
1103 3769 1159 3814 et
1206 3766 1517 3829 potestates,
1546 3766 1605 3813 et
1624 3767 1786 3828 ponat
1832 3759 1937 3813 iui-

352 3855 524 3908 niicos
546 3852 647 3947 sub
662 3851 889 3922 pedibus
911 3847 1046 3915 suis,
1078 3864 1140 3904 ac
1169 3848 1521 3904 novissimum
1548 3848 1828 3902 inimiemn
1849 3848 1943 3902 de-

352 3952 529 3999 struat
558 3937 814 4006 ‘mortem,
852 3941 924 3995 ita
950 3954 1073 3994 eum
1105 3952 1331 4009 regnare
1387 3946 1622 4007 oportet,
1669 3946 1729 3990 ut
1753 3937 1942 3991 minis-

357 4033 550 4088 terium
598 4039 860 4102 suscepta:
902 4027 956 4084 in
984 4042 1147 4083 carne
1191 4027 1609 4098 dispensationis
1654 4035 1940 4092 exerceat,

352 4127 589 4181 ctbonos
618 4125 832 4194 quidem
880 4121 1206 4187 manifestet,
1243 4122 1539 4193 culpabiles
1580 4131 1759 4177 autem
1809 4121 1944 4177 reei-

353 4218 508 4287 piant
520 4216 887 4286 unusquisque
908 4214 1204 4269 seeundum
1220 4228 1381 4283 opera
1396 4228 1523 4268 sua:
1551 4210 1652 4267 Ubi
1664 4212 1942 4266 tradiderit

356 4324 571 4379 regnum
592 4306 701 4360 Deo
728 4316 773 4360 et
808 4304 955 4358 Patri
979 4303 1031 4374 (Ι
1057 4303 1181 4358 Cor.
1210 4303 1338 4375 xv);
1370 4301 1422 4357 id
1449 4312 1554 4367 est,
1579 4317 1871 4357 conversos
1889 4310 1945 4356 et

353 4399 665 4455 emendatos
697 4411 887 4451 omnes
922 4394 1177 4449 obtulerit
1204 4393 1334 4459 Deo,
1365 4402 1419 4447 et
1434 4392 1499 4447 ad
1531 4394 1796 4463 integrum
1832 4406 1947 4462 my-

358 4492 583 4546 sterium
618 4487 800 4544 mundi
833 4486 1288 4541 reconciliationis
1313 4487 1630 4557 expleverit,
1675 4497 1824 4548 tunc,
1847 4485 1943 4549 ait,

2036 3308 2156 3355 erat
2183 3301 2330 3357 enim
2365 3304 2608 3372 pecuniae
2629 3305 2884 3374 cupidus;
2916 3313 3094 3358 tamen
3130 3305 3231 3358 hoc
3268 3304 3465 3373 ipsum,
3491 3306 3632 3373 quod

2037 3396 2357 3463 ptenilentia
2406 3398 2599 3453 ductus
2652 3400 2947 3469 reportavit
2994 3400 3212 3470 triginta
3245 3409 3533 3470 argenteos
3560 3402 3627 3455 ad

2039 3488 2371 3554 sacerdotes,
2401 3498 2456 3544 et
2485 3491 2642 3555 dixit,
2684 3488 2925 3558 Peccavi,
2951 3492 3163 3546 tradens
3193 3493 3499 3563 sanguinem
3534 3491 3596 3562 ju
3615 3520 3630 3535 ι

2040 3590 2200 3645 stum,
2252 3580 2353 3636 fuit
2395 3584 2597 3653 aliquid
2626 3585 2771 3638 boni.
2806 3585 2879 3637 Ex
2910 3585 3106 3654 quibus
3145 3585 3395 3639 omnibus
3424 3586 3636 3639 videtur

2042 3673 2198 3736 mihi,
2236 3675 2489 3743 quoniam
2549 3691 2654 3728 non
2686 3683 2864 3743 potest
2918 3691 3057 3730 unus
3105 3685 3269 3743 atque
3315 3675 3454 3729 idem
3493 3675 3631 3728 bona

2044 3762 2205 3816 simul
2231 3762 2489 3833 recipere,
2525 3771 2581 3818 et
2606 3762 2782 3816 mala:
2817 3777 2991 3832 neque
3018 3764 3161 3817 enim
3191 3763 3353 3818 simul
3381 3772 3434 3818 et
3460 3765 3511 3817 in
3537 3779 3634 3832 pa-

2045 3850 2283 3904 radisum
2325 3851 2466 3920 quis,
2508 3852 2681 3905 autin
2718 3866 2879 3922 regna
2928 3852 3210 3916 emlorum,
3246 3860 3299 3907 et
3329 3852 3382 3906 in
3427 3853 3626 3922 geheno

2046 3954 2171 3993 nam
2194 3940 2334 3994 mitti
2363 3950 2557 4011 potest,
2592 3942 2649 3994 in
2676 3942 2783 3996 illis
2808 3943 3178 3998 tantummodo
3210 3943 3470 3997 rationem
3504 3944 3632 3998 boni

2044 4044 2152 4084 non
2195 4030 2416 4095 habere,
2469 4031 2521 4084 in
2565 4033 2762 4100 quibus
2810 4033 2965 4087 valde
3005 4034 3417 4103 praeponderent
3458 4033 3631 4099 mala;

2045 4119 2176 4173 etin
2207 4118 2313 4175 illis
2351 4121 2615 4176 rationem
2659 4122 2780 4176 mali
2811 4137 2919 4176 non
2955 4123 3147 4193 accipi,
3191 4123 3244 4178 in
3278 4124 3475 4194 quibus
3499 4139 3637 4193 prte-

2046 4211 2347 4279 ponderant
2399 4213 2570 4278 bona,
2622 4224 2677 4267 et
2727 4214 2781 4268 in
2829 4215 3027 4283 quibus
3088 4216 3354 4270 malorum
3406 4216 3633 4286 vestigia

2046 4301 2361 4371 pwnitentia
2389 4306 2758 4360 conversionis
2793 4304 3047 4360 abolevit.
3098 4305 3169 4361 Ut
3197 4315 3378 4362 autem
3403 4306 3470 4360 ad
3512 4321 3635 4375 pro‘

2049 4391 2208 4459 positi
2261 4393 2485 4462 capituli
2547 4394 2709 4449 tinem
2760 4394 3270 4465 conclusionemque
3316 4396 3632 4461 redeamus,

2049 4495 2194 4544 cum,
2250 4482 2446 4551 inquit,
2489 4493 2636 4539 tanta
2673 4486 2745 4540 sit
2780 4486 2922 4555 apud
2954 4486 3124 4540 Deum
3170 4496 3227 4541 et
3287 4487 3428 4557 apud
3477 4487 3635 4541 Chri-

359 4591 485 4637 ante
532 4580 765 4637 tribunal
795 4579 889 4634 Dei
933 4589 1115 4633 astare
1158 4579 1377 4642 dicitur,
1426 4587 1485 4631 ut
1533 4578 1819 4647 impleatur
1848 4577 1950 4632 hoc
1978 4558 2026 4616 Ῑ)
2053 4580 2195 4625 stum
2246 4569 2363 4639 ejus
2384 4572 2571 4641 judieii
2604 4574 2832 4637 veritas,
2866 4581 3015 4628 tanta
3057 4572 3250 4629 futurae
3274 4574 3635 4629 examinatio.

356 4674 502 4743 quod
542 4672 806 4743 sequitur,
845 4668 970 4723 Vivo
1010 4686 1125 4740 ego,
1154 4668 1277 4722 dicit
1327 4669 1605 4731 Dominus,
1653 4670 1778 4740 quia
1823 4670 1951 4723 mihi

360 4766 595 4834 [lectetur
623 4780 772 4817 omne
794 4778 950 4832 genu,
975 4771 1021 4815 et
1048 4760 1379 4828 conﬁtebitur
1409 4761 1576 4813 omnis
1609 4760 1789 4830 lingua
1816 4758 1945 4813 Deo.

360 4855 567 4909 Flectet
603 4862 780 4909 autem
814 4868 953 4924 genu
984 4850 1160 4906 omnis
1205 4859 1453 4904 creatura
1493 4849 1603 4903 Deo
1634 4851 1685 4903 in
1733 4852 1949 4905 nomine

360 4944 509 5008 Jesu,
540 4959 639 5013 per
665 4959 825 5014 quem
855 4941 1197 4998 reconciliata
1227 4949 1311 4996 est
1351 4940 1422 5003 ei,
1468 4940 1762 4995 secundum
1806 4941 1950 5009 quod

363 5036 504 5091 idem
525 5033 812 5104 Apostolus
838 5031 988 5096 dicit,
1022 5030 1147 5100 quia
1179 5029 1249 5083 In
1284 5028 1489 5083 nomine
1515 5028 1643 5083 Jesu
1674 5045 1824 5082 autne
1863 5046 1950 5098 ge-

364 5146 434 5183 nu
469 5129 724 5198 flectetur,
768 5123 1071 5188 caelestium,
1129 5123 1473 5185 terrestrium,
1525 5131 1571 5174 et
1624 5120 1950 5188 infernarum

364 5217 530 5291 (Phil.
556 5218 639 5288 ιι).
690 5216 931 5271 Flectere
968 5229 1100 5269 sane
1149 5228 1311 5282 genu,
1362 5220 1418 5266 et
1452 5226 1669 5265 omnem
1715 5210 1949 5279 linguam

361 5309 609 5365 confiteri
654 5309 799 5372 Deo,
833 5308 899 5363 de
932 5304 1085 5362 [sane
1124 5306 1398 5375 propheta:
1433 5303 1771 5359 sermonibus
1813 5301 1949 5373 (Isa.

366 5402 489 5474 xcv)
517 5402 812 5470 assumpsit
854 5398 1164 5468 Apostolus.
1193 5397 1345 5464 Quod
1376 5403 1556 5450 tamen
1585 5409 1691 5448 non
1721 5402 1806 5448 est
1829 5409 1950 5448 car-

366 5497 558 5552 naliter
577 5493 974 5565 accipiendum,
997 5501 1055 5545 ut
1075 5499 1324 5561 putemus
1341 5488 1483 5559 quod
1504 5489 1668 5543 etiam
1685 5487 1950 5553 caelestia,

366 5602 486 5655 qua:
498 5584 631 5639 dicit
649 5599 787 5653 genu
811 5583 1046 5644 flectere,
1065 5579 1369 5634 carnalibus
1382 5576 1638 5632 membris
1660 5576 1836 5633 facere
1850 5577 1954 5632 hoc

368 5677 655 5732 credantur
678 5694 691 5729 :
716 5674 863 5729 verbi
893 5687 1078 5737 causa,
1109 5681 1167 5725 ut
1194 5679 1433 5741 putetur,
1459 5667 1540 5723 vel
1567 5667 1668 5731 sol,
1702 5667 1782 5721 vel
1805 5667 1951 5730 luna,

372 5768 454 5821 vel
492 5766 676 5828 stclim,
708 5764 791 5820 vel
814 5764 976 5818 etiam
1008 5761 1204 5829 angeli,
1249 5770 1303 5815 et
1326 5773 1660 5830 qumcunque
1684 5768 1808 5813 sunt
1836 5773 1955 5827 qua:

2053 4660 2138 4714 nis
2180 4661 2397 4732 indago,
2438 4662 2561 4717 Non
2591 4680 2733 4734 ergo,
2776 4663 2871 4728 ait,
2908 4662 3135 4733 amplius
3170 4664 3388 4718 invicem
3431 4664 3638 4733 judice-

2053 4771 2206 4817 mus;
2238 4756 2327 4809 sed
2355 4757 2452 4810 hoc
2481 4758 2722 4827 judicate
2750 4759 2941 4828 magis,
2962 4775 3026 4812 ne
3063 4760 3270 4828 ponatis
3299 4759 3635 4827 offensionem

2052 4843 2207 4911 fratri
2230 4845 2304 4898 vel
2324 4846 2653 4900 scandalum.
2680 4846 2792 4902 iloc
2803 4845 3066 4913 iudicate,
3094 4848 3146 4900 id
3165 4855 3269 4909 est,
3291 4847 3395 4900 hoc
3416 4847 3637 4900 statuite

2052 4949 2120 4988 ne
2153 4949 2250 5003 per
2281 4934 2681 4990 observantiam
2712 4937 2958 4992 ciborum
2986 4936 3314 4990 olTensiones
3353 4934 3636 4999 fratribus,

2057 5023 2139 5077 vel
2170 5024 2422 5079 scandala
2463 5027 2752 5095 generetis.
2802 5025 2877 5078 De
2920 5024 3215 5079 oﬂ‘eusione
3250 5025 3337 5079 vel
3381 5025 3637 5080 seandalo

2048 5110 2162 5179 jam
2216 5129 2377 5183 supra
2439 5116 2673 5170 diximus
2731 5117 2875 5184 quod
2938 5113 3250 5169 scandalum
3288 5114 3358 5169 sit
3408 5129 3530 5169 cum
3582 5115 3634 5167 in

2051 5205 2158 5267 via,
2210 5221 2316 5275 qua
2351 5207 2641 5269 inceditur,
2683 5207 2898 5275 aliquod
2945 5206 3216 5263 invenitur
3246 5203 3537 5273 obiectum,
3581 5206 3637 5258 in

2051 5296 2195 5365 quod
2218 5295 2495 5352 offendant
2522 5298 2900 5353 scandentium
2933 5296 3017 5350 vel
3052 5296 3414 5351 incedentium
3441 5295 3633 5363 pedes;

2053 5387 2155 5441 hoc
2182 5396 2266 5442 est
2308 5402 2443 5459 ergo
2480 5389 2623 5458 quod
2659 5389 2938 5459 patiuntur
2964 5388 3041 5452 bi,
3071 5387 3164 5456 qui
3194 5388 3336 5443 viam
3386 5386 3508 5441 fidei
3539 5403 3641 5440 nu-

2054 5494 2148 5548 per
2176 5479 2426 5548 ingressi,
2467 5480 2710 5548 priorum
2744 5478 2829 5534 vel
2857 5476 3313 5539 contentionibus,
3345 5477 3432 5532 vel
3472 5478 3639 5548 negli-

2053 5569 2268 5641 gentiis,
2310 5568 2396 5624 vel
2440 5576 2749 5637 contemptu
2790 5576 2847 5623 et
2901 5567 3224 5623 clationilius
3257 5564 3637 5633 offenduntur,

2055 5667 2218 5728 atque
2242 5660 2502 5730 exemplis
2546 5675 2732 5715 eorum
2765 5658 2972 5714 recussi
3008 5667 3325 5712 avertuntur
3345 5673 3374 5711 a
3408 5656 3530 5712 fide.

2129 5752 2255 5808 Scio
2272 5761 2318 5807 et
2350 5752 2557 5820 conﬁdo
2594 5753 2648 5804 in
2681 5751 2904 5805 Domino
2922 5750 3215 5817 Jesu,quia
3252 5749 3379 5802 nihil
3402 5759 3477 5802 est
3500 5761 3640 5801 cont-
