4026 6180
904 364 1447 425 ΕΝΑΜὶΛΤΙΟΝυΜ
1488 370 1557 427 ιΝ
1599 371 1745 426 EPP.
1784 371 1926 428 PAUJ

2029 372 2151 429 LIB.
2192 376 2299 431 vn.
2341 410 2406 418 -.
2442 378 2512 447 lN
2547 363 2764 443 EPts‘r.
2809 385 2900 439 AD
2939 383 3105 441 nou.

3496 394 3637 449 1586

369 477 572 532 bonum
614 484 698 530 est
754 475 921 548 legem
962 480 1276 549 spiritaliter
1324 483 1651 554 intelligere,
1690 493 1745 540 et
1794 484 1955 553 impia
1985 488 2031 546 Α
2060 494 2146 540 cet
2173 503 2276 543 non
2307 505 2553 547 escarum
2602 497 2959 566 corporalium
3013 500 3268 567 rationes,
3317 521 3436 575 qute
3474 509 3634 562 nulla:

369 578 532 638 atque
554 567 737 637 inepta
762 568 1164 637 haereticorum,
1187 572 1267 627 vel
1292 572 1441 629 falsae
1461 574 1812 645 philosophia:
1840 583 1955 629 stu-

369 658 611 712 dentium
627 659 877 728 dogmata
922 669 1176 733 tanquam
1202 664 1507 720 immundos
1528 666 1678 722 cibos
1697 668 1955 739 pollutos-

366 761 473 814 que
500 746 708 803 vitare:
738 748 840 804 hoc
868 750 1014 806 enim
1051 760 1136 807 est
1181 755 1323 823 quod
1358 755 1589 826 spiritali
1619 757 1735 843 lege
1772 761 1950 815 sanci~

368 846 476 890 tur.
502 836 705 893 Tamen
726 839 771 893 si
801 839 923 909 quis
942 857 1010 897 ex
1032 840 1251 909 Iudaeis,
1269 847 1417 900 verbi
1440 863 1621 914 causa,
1639 836 1734 903 aut
1758 864 1821 904 ex
1846 850 1956 918 his,

364 928 457 996 qui
474 927 768 985 Encratita:
787 931 1145 1002 appellantur,
1159 934 1517 994 vclitChristo
1538 939 1775 1005 credere,
1803 950 1955 1011 putet

366 1028 546 1076 himen
596 1037 703 1078 non
739 1040 930 1095 parum
960 1026 1139 1085 inesse
1187 1032 1444 1087 momenti
1499 1034 1553 1088 in
1603 1035 1950 1095 observantia

360 1113 730 1183 continentize,
767 1117 852 1172 vel
880 1132 1067 1177 eorum
1093 1121 1336 1178 ciborum
1366 1126 1459 1195 qui
1485 1126 1602 1197 lege
1649 1128 1946 1196 prohiben-

362 1211 471 1269 tur,
498 1204 747 1275 velquos
790 1209 944 1278 quasi
983 1211 1220 1268 castitati
1261 1214 1611 1272 adversantes
1654 1218 1943 1284 aestimant,

362 1297 603 1352 nonnulli
629 1300 794 1355 etiam
837 1300 1235 1373 Scripturarum
1292 1308 1615 1364 auctoritate
1666 1309 1946 1365 declinan-

354 1384 493 1441 dos:
519 1386 820 1456 huiusmodi
850 1392 1124 1451 hominem
1151 1396 1196 1450 si
1225 1411 1519 1469 perurgcas
1535 1398 1602 1454 ad
1628 1414 1945 1456 communes

356 1478 601 1533 omnium
647 1481 816 1549 cibos,
857 1500 964 1540 nec
1007 1486 1156 1541 dicas
1200 1502 1323 1542 cum
1356 1488 1512 1545 aliter
1552 1505 1709 1560 posse
1749 1492 1943 1547 salvari

355 1566 441 1622 vel
479 1568 546 1623 ad
574 1567 733 1625 ﬁdem
763 1570 963 1627 Christi
997 1582 1053 1629 et
1083 1576 1315 1646 gratiam
1340 1579 1642 1648 pervenire,
1669 1580 1770 1636 nisi
1799 1597 1943 1636 sum-

354 1658 575 1727 ptishis
622 1675 759 1730 quos
790 1662 989 1736 refugit
1023 1665 1182 1730 cibis,
1221 1675 1347 1723 tunc
1392 1684 1519 1726 vere
1546 1671 1746 1727 bonum
1784 1673 1944 1742 spiri-

357 1747 479 1803 talis
522 1752 802 1807 sententite
850 1754 1272 1825 blasphematur,
1304 1768 1527 1828 putante
1560 1775 1626 1815 eo
1651 1776 1810 1830 quem
1841 1778 1939 1833 pe-

2056 583 2214 631 erunt
2239 577 2291 632 iu
2319 578 2514 644 futuro,
2542 584 2635 638 sed
2664 586 2922 641 virtutum
2954 603 3139 645 curam
3164 594 3482 661 gerendam,
3513 614 3634 667 qua:

2054 664 2332 722 nobiscum
2360 670 2411 724 in
2434 676 2683 741 praesenti
2703 677 2829 740 vita,
2845 684 2901 733 et
2929 679 2983 732 in
3004 679 3185 738 futuro
3208 664 3558 752 permaneant
3576 689 3634 747 in

2055 770 2219 826 regno
2242 757 2356 813 Dei.
2393 760 2497 826 Qui
2518 764 2654 819 enim
2679 766 2733 820 in
2759 768 2856 822 hoc
2875 771 3027 825 servit
3048 770 3278 840 Christo,
3304 775 3470 847 placet
3500 778 3630 849 Deo,

2051 854 2101 899 et
2124 849 2375 917 probatus
2397 862 2472 906 est
2494 853 2807 911 hominibus.
2833 858 3065 933 (Ambr.)
3096 861 3362 929 Quoniam
3383 865 3631 925 Christus

2052 950 2151 990 nos
2177 938 2424 1004 redemit,
2452 940 2573 997 ideo
2601 946 2698 1009 ait,
2729 948 2820 1017 qui
2843 949 2899 1003 in
2926 949 3025 1005 hoc
3047 954 3199 1007 servit
3226 952 3455 1021 Christo,
3473 960 3631 1028 quasi

2052 1028 2395 1098 redemptori,
2421 1032 2590 1103 placet
2621 1035 2751 1091 Deo.
2781 1038 2991 1106 Quare?
3010 1041 3143 1109 Quia
3168 1045 3284 1114 ipse
3308 1049 3455 1103 misit
3474 1050 3629 1105 Chri-

2050 1127 2216 1182 stum,
2243 1129 2295 1174 ut
2329 1124 2615 1180 redimeret
2637 1141 2805 1195 genus
2831 1130 3147 1200 humanum,
3195 1136 3337 1192 sicut
3364 1139 3477 1209 ipse
3524 1142 3626 1195 Do-

2048 1209 2226 1264 minus
2253 1211 2330 1266 ait
2358 1230 2371 1265 :
2406 1212 2511 1278 Qui
2539 1231 2643 1269 non
2670 1216 2983 1287 honoriﬁcat
3018 1220 3241 1290 Filium,
3272 1244 3375 1281 non
3402 1231 3622 1284 honori-

2045 1298 2169 1368 [ὅσαι
2197 1297 2427 1368 Patrem,
2452 1306 2543 1374 qui
2567 1307 2708 1361 misit
2730 1307 2879 1362 illum
2916 1309 3102 1382 (Joan.
3125 1319 3206 1386 εν).
3233 1317 3334 1385 Qui
3357 1333 3486 1389 ergo
3506 1321 3623 1390 pla-

2044 1396 2130 1442 cet
2159 1389 2268 1445 Deo
2295 1393 2552 1460 probatus
2591 1405 2676 1451 est
2694 1399 3032 1457 hominibus.
3066 1402 3382 1483 Quomodo?
3407 1389 3627 1479 Accepit

2044 1479 2187 1576 enim
2219 1482 2441 1576 donum,
2467 1500 2564 1576 per
2597 1488 2739 1558 quod
2770 1503 3027 1565 appareat
3065 1479 3256 1569 dignus
3279 1500 3407 1556 Deo.
3428 1501 3623 1576 (0rig.)

2045 1567 2157 1623 lluc
2181 1577 2282 1635 est,
2304 1575 2445 1640 quod
2472 1575 2538 1630 de
2565 1591 2623 1631 se
2652 1578 2767 1647 ipso
2790 1581 2842 1635 in
2873 1582 2994 1638 aliis
3019 1567 3149 1640 dicit
3179 1606 3191 1640 :
3222 1585 3366 1642 Sicut
3411 1567 3458 1645 et
3510 1567 3622 1663 ego,

2044 1657 2236 1729 inquit,
2266 1665 2505 1720 omnibus
2541 1683 2635 1736 per
2663 1671 2838 1725 omnia
2862 1673 3062 1742 placeo,
3094 1693 3199 1733 non
3220 1696 3460 1750 quwrens
3485 1685 3625 1753 quod

2042 1749 2170 1803 mihi
2189 1750 2315 1805 utile
2335 1754 2422 1818 sit,
2447 1755 2537 1808 sed
2556 1758 2696 1826 quod
2724 1760 2904 1816 multis
2928 1763 2977 1836 (I
3003 1764 3126 1820 Cor.
3151 1768 3227 1837 ι).
3253 1768 3378 1825 Ideo
3399 1749 3539 1826 enim
3567 1783 3622 1828 et

353 1852 565 1908 tul-ges,
597 1841 739 1898 hanc
767 1844 910 1913 apud
947 1860 1047 1900 nos
1068 1846 1252 1903 haberi
1284 1848 1464 1910 ﬁdem.
1498 1859 1557 1905 ιιι
1585 1851 1791 1906 salvum
1819 1852 1935 1908 ﬁeri
1967 1843 2012 1902 Β
2040 1856 2161 1895 cum
2178 1852 2321 1898 esset
2342 1847 2617 1914 apostolus
2631 1849 3240 1920 Christi,ﬁebatJudteis
3254 1860 3620 1927 Judaeus,sinc

351 1928 557 1993 nullum
583 1933 889 1999 credamus,
932 1936 1034 1991 nisi
1071 1939 1161 2008 qui
1239 1939 1397 1994 suilla
1451 1951 1702 1999 vescatur
1750 1959 1932 2008 carne,

350 2018 435 2073 vel
460 2020 582 2076 aliis
609 2022 913 2092 hujusmodi
946 2028 1320 2085 communibus
1341 2040 1397 2085 et
1417 2031 1839 2089 indiﬁerentibus
1856 2036 1932 2091 ci—

350 2109 453 2164 bis.
483 2110 535 2164 Ν
540 2128 606 2167 an
636 2122 711 2168 est
730 2116 868 2171 enim
894 2132 1105 2186 regnum
1134 2119 1231 2172 Dei
1252 2137 1368 2175 esca
1399 2132 1447 2175 et
1470 2133 1645 2191 potus,
1665 2124 1755 2178 sed
1773 2125 1933 2193 justi-

347 2199 447 2264 tia,
469 2209 516 2254 et
538 2217 667 2271 pax,
689 2213 738 2258 et
758 2205 1011 2275 gaudium
1031 2208 1085 2263 in
1109 2208 1313 2277 Spiritu
1340 2222 1543 2266 sancto.
1563 2211 1795 2285 (Ambr.)
1824 2215 1934 2269 Ma-

348 2287 603 2345 nifestum
636 2302 719 2349 est
771 2296 896 2364 quia
926 2311 1084 2354 nemo
1116 2313 1215 2368 per
1242 2304 1421 2356 escam
1450 2302 1628 2372 placet
1655 2304 1786 2369 Deo,
1839 2313 1934 2360 aut

346 2378 613 2451 displicet.
663 2385 772 2443 llos
806 2388 860 2441 in
888 2404 1111 2460 regnum
1140 2392 1239 2447 Dei
1269 2394 1397 2449 dicit
1416 2395 1621 2451 intrare
1650 2396 1742 2466 qui
1771 2397 1932 2467 justi-

350 2471 477 2539 tiam
502 2486 824 2545 sequuntur,
874 2480 972 2536 sed
1004 2481 1371 2543 Christianam
1412 2487 1674 2543 habentes
1716 2503 1926 2559 pacem,

344 2579 507 2634 quam
536 2567 795 2627 Dominus
820 2572 987 2640 dedit,
1018 2575 1203 2632 dicens
1234 2593 1247 2631 :
1280 2575 1474 2634 Pacem
1502 2595 1670 2634 meam
1725 2579 1792 2635 do
1838 2598 1927 2635 eo-

344 2653 442 2721 bis,
470 2674 652 2727 pacem
686 2677 857 2717 meam
886 2664 1121 2736 relinquo
1154 2666 1294 2721 vobis
1325 2666 1507 2738 (Joan.
1554 2667 1687 2741 xxv),
1717 2685 1786 2725 ex
1823 2687 1930 2740 qua

342 2748 522 2802 oritur
547 2752 824 2820 gaudium,
844 2754 897 2809 in
929 2756 1132 2827 Spiritu
1161 2768 1369 2817 sancto.
1393 2761 1721 2832 Disceptatio
1747 2774 1926 2821 autem

343 2853 451 2892 non
482 2840 935 2913 habetgaudium,
959 2849 1054 2903 sed
1090 2849 1256 2918 iram;
1282 2850 1412 2910 ideo
1436 2867 1543 2908 non
1578 2853 1687 2910 illic
1710 2857 1929 2925 respicit

341 2928 576 2997 Spiritus
596 2943 834 3001 sanctus,
860 2938 983 3007 quia
998 2941 1193 3011 gaudet
1216 2942 1270 2997 in
1293 2941 1422 2999 solis
1444 2944 1703 3014 paciﬁcis.
1729 2944 1926 3018 (Cass.)

340 3019 525 3090 Itaque
557 3022 602 3077 si
628 3038 848 3096 regnum
881 3029 975 3085 Dei
997 3031 1136 3086 intra
1167 3047 1265 3089 nos
1289 3041 1392 3099 est,
1424 3043 1479 3089 et
1499 3034 1674 3105 ipsum
1705 3053 1927 3108 regnum

342 3110 435 3165 Dei
456 3109 665 3180 justitia
692 3124 745 3170 et
768 3133 872 3187 pax
895 3128 951 3174 et
973 3122 1224 3191 gaudium
1251 3134 1355 3201 est,
1377 3141 1506 3197 ergo
1554 3128 1645 3197 qui
1703 3129 1757 3183 in
1804 3129 1925 3186 istis

2039 1933 2223 1999 dubio,
2248 1944 2307 1989 ut
2329 1937 2547 2005 placens
2562 1940 2763 1997 Judaeis
2783 1944 3019 2002 salvaret
3044 1963 3139 2005 eos
3162 1967 3176 2004 :
3201 1961 3255 2005 et
3282 1954 3368 2009 his
3391 1957 3480 2025 qui
3502 1958 3619 2012 sine

2036 2023 2152 2095 lege
2171 2036 2349 2092 erant,
2376 2026 2538 2084 ﬁebat
2561 2042 2615 2085 ct
2644 2032 2757 2102 ipse
2779 2035 2896 2091 sine
2926 2037 3061 2109 lege,
3078 2048 3137 2094 ut
3172 2042 3392 2111 placens
3408 2023 3490 2101 eis
3511 2049 3613 2101 sal-

2036 2129 2130 2169 vos
2146 2115 2348 2170 faceret
2366 2132 2478 2173 eos.
2505 2117 2727 2177 Placere
2748 2132 2924 2180 autem
2954 2142 3012 2182 se
3032 2129 3338 2186 hominibus
3371 2134 3441 2187 ita
3465 2136 3613 2199 dicit,

2035 2224 2139 2263 non
2167 2209 2484 2267 oblectando
2509 2214 2674 2279 vitiis,
2699 2218 2792 2272 sed
2818 2218 3161 2276 inﬁrmitates
3188 2212 3372 2279 eorum
3403 2241 3500 2298 per
3523 2243 3615 2297 pa-

2035 2299 2274 2354 tientiam
2301 2305 2672 2360 sustentando.
2689 2306 2794 2363 Sed
2816 2325 2884 2363 ne
2907 2310 3031 2363 illud
3054 2313 3269 2380 quidem
3286 2315 3459 2368 otiose
3477 2331 3613 2385 pra:-

2035 2395 2321 2457 Iereamus,
2345 2395 2486 2462 quod
2506 2395 2617 2449 ait:
2646 2396 2787 2450 Nam
2811 2399 2899 2470 qui
2921 2401 2975 2453 in
2999 2402 3113 2463 hoc,
3140 2402 3240 2457 hoc
3289 2412 3375 2457 est
3414 2404 3465 2457 in
3494 2403 3615 2481 Spi-

2034 2478 2139 2533 ritu
2166 2490 2375 2547 sancto,
2408 2483 2617 2539 Christo
2637 2488 2815 2551 servit,
2842 2489 3008 2558 placet
3035 2491 3225 2555 Deo,et
3253 2494 3503 2562 probatus
3537 2478 3613 2549 est

2031 2572 2347 2630 hominibus.
2407 2576 2463 2631 In
2486 2578 2691 2649 Spiritu
2719 2590 2907 2637 sancto
2936 2583 3151 2638 Christo
3181 2588 3386 2641 servire
3413 2603 3611 2642 secun-

2030 2662 2156 2717 dum
2186 2664 2288 2720 hoc
2322 2667 2471 2732 dicit,
2500 2671 2723 2739 quodet
2766 2673 2893 2728 alibi
2924 2676 3044 2737 ait;
3080 2675 3247 2731 Nemo
3278 2678 3402 2731 dicit
3432 2679 3610 2733 Domi-

2030 2770 2154 2808 num
2179 2754 2388 2824 Jesum,
2417 2762 2523 2829 nisi,
2548 2762 2598 2816 in
2628 2762 2829 2834 Spiritu
2855 2777 3036 2831 sancto
3057 2767 3104 2840 (1
3136 2769 3256 2823 Cor.
3284 2773 3403 2841 xu).
3432 2771 3610 2829 Scrvit

2028 2859 2156 2915 ergo
2181 2846 2397 2904 Christo
2422 2851 2474 2904 in
2500 2852 2701 2921 Spiritu
2735 2854 2846 2925 ipse
2867 2855 3085 2922 Paulus,
3114 2861 3202 2929 qui
3234 2872 3452 2933 accepta
3486 2880 3608 2935 gra-

2031 2933 2103 2987 tia
2133 2938 2302 2991 sancti
2329 2938 2561 3008 Spiritus
2586 2944 2753 2998 servit
2780 2945 2943 3000 verbo
2973 2949 3086 3013 Dei,
3117 2951 3283 3004 servit
3309 2933 3606 3024 sapientiae,

2028 3029 2194 3082 servit
2211 3028 2342 3096 justi
2351 3032 2454 3097 tiae,
2477 3042 2530 3089 et
2551 3037 2798 3092 omnibus
2814 3038 2973 3092 simul
2989 3041 3296 3106 virtutibus,
3319 3059 3437 3113 qius
3451 3043 3605 3100 Chri-

2028 3126 2145 3173 stus
2163 3134 2282 3174 esse
2304 3132 2656 3179 memoratur.
2681 3125 2747 3180 Et
2770 3127 2890 3182 ideo
2920 3129 3134 3199 placere
3183 3133 3236 3186 in
3282 3134 3367 3188 his
3409 3135 3607 3191 dicitur

277 3239 294 3253 .
337 3215 706 3262 commoratur
733 3209 851 3265 sine
879 3190 1042 3269 dubio
1073 3213 1126 3269 in
1173 3196 1339 3284 regno
1387 3217 1482 3273 Dei
1524 3208 1625 3281 est,
1667 3228 1924 3276 etecon-

2029 3206 2157 3273 Deo,
2188 3212 2311 3280 quia
2340 3213 2523 3282 implet
2548 3215 2875 3272 voluntatem
2894 3221 2997 3275 'Dei
3029 3222 3324 3277 secundum
3381 3224 3603 3283 verbum

341 3296 509 3350 trario
535 3297 606 3352 illi
633 3301 725 3370 qui
754 3302 807 3356 in
835 3302 1117 3372 injustitia,
1148 3318 1204 3363 et
1250 3309 1541 3375 discordia,
1600 3320 1656 3366 ct
1680 3313 1920 3380 tristitia,

340 3395 513 3443 morte
530 3401 806 3460 operante,
834 3407 1139 3463 versantur,
1174 3399 1228 3453 in
1259 3414 1425 3470 regno
1453 3401 1652 3465 diaboli
1680 3404 1817 3459 etin
1845 3404 1925 3458 in-

342 3477 513 3546 ferno,
550 3496 615 3536 ac
648 3491 822 3541 morte
853 3500 979 3543 sunt
1027 3490 1307 3545 constituti
1338 3509 1351 3545 :
1384 3492 1469 3549 his
1515 3493 1658 3548 enim
1702 3495 1922 3566 judiciis

338 3568 421 3622 vel
445 3569 541 3627 Dei
578 3571 660 3627 vel
688 3574 878 3631 Zabuli
906 3577 1245 3635 discernetur
1271 3596 1516 3651 regnum.
1537 3583 1611 3643 Et
1641 3599 1830 3639 revera
1875 3586 1920 3641 si

339 3659 555 3719 sublimi
605 3666 801 3720 mentis
830 3667 1023 3724 intuitu
1063 3670 1469 3733 consideremus
1520 3683 1721 3732 statum
1760 3677 1919 3733 illum

338 3753 390 3820 in
430 3767 536 3821 quo
565 3754 764 3825 degunt
816 3758 1061 3815 cmlestes
1102 3776 1454 3833 superumque
1500 3764 1748 3832 virtutes,
1803 3782 1921 3837 quae

336 3853 460 3894 vere
485 3842 541 3895 in
573 3857 740 3914 regno
768 3846 1037 3913 Deisunt,
1064 3850 1155 3919 qui
1184 3850 1322 3907 alius
1349 3868 1469 3908 esse
1491 3855 1791 3911 credendus
1810 3865 1917 3923 est,

336 3944 495 4003 quam
521 3942 777 4004 perpetua
795 3935 1048 4008 jugisque
1069 3938 1292 3999 laetitia?
1318 3941 1456 4009 Quid
1478 3944 1621 3998 enim
1658 3954 1765 4000 tam
1793 3962 1920 4015 pro-

335 4019 514 4087 prium
564 4038 703 4079 verte
745 4026 1067 4083 beatitudini
1114 4037 1331 4101 tamque
1379 4034 1706 4090 conveniens
1753 4052 1918 4106 quam

336 4115 699 4183 tranquillitas
721 4117 863 4188 jugis
903 4128 957 4175 et
987 4121 1240 4192 gaudium
1268 4124 1691 4195 sempiternum?
1721 4127 1916 4203 (0rig.)

331 4201 422 4254 Ait
451 4215 580 4274 ergo
609 4222 622 4256 :
655 4204 796 4274 Quid
823 4225 959 4278 opus
983 4218 1069 4264 est
1088 4218 1369 4283 tantopere
1395 4230 1495 4283 pro
1525 4216 1659 4272 cibis
1684 4227 1739 4273 et
1767 4201 1918 4275 esca-

334 4308 451 4346 rum
503 4295 854 4363 qualitatibus
901 4299 1195 4357 fraternam
1244 4320 1433 4374 pacem
1488 4308 1916 4380 charitatcmque

332 4382 570 4449 turbare,
593 4401 716 4442 cum
748 4403 972 4460 regnum
996 4391 1111 4457 Dei,
1140 4404 1373 4464 propter
1418 4398 1562 4466 quod
1607 4398 1915 4455 laboramus

328 4481 381 4526 ct
415 4475 702 4543 currimus,
736 4494 912 4550 neque
930 4498 1027 4552 per
1053 4498 1207 4539 escas
1225 4496 1456 4554 constet,
1492 4504 1667 4560 neque
1705 4506 1803 4562 per
1819 4508 1916 4562 po-

330 4572 466 4627 tum,
497 4565 590 4620 sed
614 4566 788 4621 aliena
816 4569 930 4624 haec
952 4582 1076 4627 sunt
1104 4589 1323 4646 aregno
1349 4576 1464 4644 Dei,
1489 4587 1544 4634 et
1572 4580 1641 4635 ab
1667 4580 1755 4635 illa
1779 4596 1911 4636 con-

331 4654 637 4711 versatione
663 4655 882 4713 futura?
901 4659 975 4715 Ibi
996 4662 1137 4725 enim
1161 4663 1300 4718 sicut
1330 4665 1508 4737 Neque
1538 4668 1727 4724 nubent
1751 4688 1912 4742 neque

328 4745 603 4810 nubentur,
622 4750 712 4802 sed
739 4762 861 4829 sunt
891 4754 1025 4807 sicut
1046 4754 1217 4826 angeli
1240 4756 1338 4810 Dei
1362 4757 1554 4828 (Marc.
1580 4761 1701 4831 xu),
1719 4760 1795 4815 sic
1819 4778 1911 4815 ne-

325 4851 431 4903 que
453 4851 636 4893 escam
655 4828 828 4911 neque
848 4852 1033 4913 potum
1058 4857 1296 4912 sumunt,
1313 4850 1407 4903 sed
1424 4858 1549 4904 sunt
1571 4850 1712 4905 sicut
1732 4852 1907 4923 angeli

330 4929 443 4982 Dei.
462 4929 629 5001 igitur
648 4932 1047 4992 absolutissimo
1068 4936 1319 5008 dogmate
1358 4949 1412 4994 et
1432 4941 1661 4996 evidenti
1679 4941 1748 4995 ab
1767 4944 1908 5012 Apo-

325 5020 466 5075 stolo
486 5025 750 5078 sententia
784 5027 1131 5084 terminatum
1174 5038 1279 5095 est,
1308 5030 1361 5087 in
1390 5046 1556 5100 regno
1594 5033 1709 5096 Dei,
1736 5049 1910 5102 neque

324 5124 480 5166 escas
506 5114 833 5183 corporales,
862 5131 1035 5186 neque
1057 5126 1240 5187 potum
1264 5120 1465 5175 habere
1489 5120 1688 5186 locum,
1714 5122 1805 5176 sed
1821 5121 1910 5189 ju-

325 5200 528 5256 stitiam
551 5212 607 5258 et
622 5221 810 5275 pacem
834 5206 889 5261 in
906 5206 1109 5278 Spiritu
1132 5216 1321 5265 sancto
1337 5226 1349 5262 :
1366 5216 1418 5262 et
1435 5208 1558 5267 ideo
1582 5210 1830 5264 hortatur
1852 5220 1912 5263 ut

327 5289 382 5344 in
410 5290 513 5347 illis
541 5310 640 5349 nos
669 5310 1036 5363 exerceamus,
1068 5307 1123 5367 et
1142 5297 1231 5353 illa
1261 5299 1400 5355 bona
1430 5300 1543 5370 jam
1592 5302 1679 5356 hic
1709 5303 1910 5357 habere

321 5386 651 5443 meditemur
684 5398 847 5461 atque
888 5390 1031 5449 illam
1053 5391 1418 5448 subStantiam
1459 5394 1759 5463 possidere,
1790 5411 1910 5466 quae

326 5474 605 5532 uobiscum
640 5480 871 5539 transire
916 5481 1085 5548 possit
1132 5480 1199 5535 ad
1248 5495 1413 5550 regna
1460 5483 1742 5538 ctelorum.
1795 5485 1908 5540 Pax

321 5580 456 5635 ergo
480 5566 783 5642 et‘justitia,
815 5579 870 5625 et
899 5571 944 5625 si
971 5586 1075 5640 qua
1121 5569 1429 5641 hujusmodi
1471 5582 1614 5639 sunt,
1644 5587 1764 5642 quae
1810 5589 1910 5645 per

326 5650 590 5724 Spiritum
636 5668 885 5715 sanctum
937 5660 1353 5731 conquiruntur,
1384 5660 1500 5733 ipsa
1551 5663 1708 5721 nobis
1748 5673 1908 5720 erunt

327 5747 482 5810 cibus
505 5759 560 5817 et
586 5752 888 5814 substantia
914 5753 971 5813 in
1000 5767 1164 5826 regno
1186 5753 1303 5822 Dei,
1331 5762 1383 5810 et
1406 5755 1525 5812 ideo
1552 5772 1651 5828 per
1673 5755 1785 5813 haec
1810 5757 1903 5813 do-

2023 3300 2166 3368 quod
2197 3301 2311 3370 ipse
2340 3306 2727 3373 pronuntiavit,
2760 3309 2944 3365 dicens
2973 3330 2985 3365 :
3025 3310 3125 3364 Hic
3153 3324 3225 3367 est
3256 3311 3428 3369 Filius
3462 3334 3606 3372 meus

2021 3388 2260 3458 dilectus,
2286 3395 2341 3448 in
2368 3412 2470 3466 quo
2512 3399 2639 3452 mihi
2680 3399 2804 3454 bene
2852 3404 3166 3473 complacui,
3213 3407 3382 3474 ipsum
3426 3409 3606 3463 audite

2023 3477 2234 3550 (Matth.
2264 3482 2358 3555 1v).
2388 3484 2492 3551 Qui
2540 3504 2671 3560 ergo
2699 3490 2849 3547 audit
2880 3491 3070 3556 Deum,
3097 3502 3149 3547 et
3186 3497 3351 3551 ser-vit
3390 3497 3606 3553 Christo

2022 3569 2074 3623 in
2106 3587 2214 3640 quo
2243 3576 2567 3644 complacuit
2594 3579 2759 3647 Deus,
2791 3581 2966 3651 placet
2988 3583 3118 3651 Deo,
3157 3594 3211 3640 et
3239 3588 3497 3655 probatus
3519 3598 3602 3644 est

2021 3662 2348 3720 hominibus.

2092 3756 2275 3827 Itaque
2296 3775 2411 3827 qua:
2432 3761 2575 3828 pacis
2597 3771 2717 3815 sunt
2742 3771 3014 3829 sectemur,
3054 3774 3102 3818 et
3130 3782 3249 3835 qua:
3295 3769 3605 3837 redi/iratio—

2021 3849 2100 3902 uis
2145 3859 2265 3903 sunt
2319 3851 2534 3905 invicem
2585 3854 2954 3908 custodiamus.
3003 3855 3196 3928 (Orig.)
3248 3857 3421 3929 Supra
3467 3861 3603 3915 dixit

2018 3937 2424 4005 hospitalitatem
2453 3951 2726 4007 sectantes,
2760 3953 2815 3997 et
2854 3944 2942 3999 hic
2979 3946 3249 4012 similiter,
3301 3965 3418 4019 quia
3456 3952 3600 4019 pacis

2018 4040 2158 4095 sunt,
2179 4030 2373 4101 inquit,
2388 4040 2662 4099 sectemur,
2677 4044 2731 4090 et
2743 4052 2862 4105 qua:
2874 4037 3246 4094 tediﬁeationis
3260 4040 3312 4093 in
3333 4041 3562 4095 invicem
3581 4060 3595 4109 ;

2018 4128 2072 4173 et
2100 4120 2240 4174 sicut
2267 4122 2338 4175 ibi
2364 4124 2697 4181 ostendimus
2725 4126 2959 4196 qualiter
2990 4129 3246 4183 sectanda
3293 4131 3363 4185 sit
3412 4133 3595 4201 hospi-

2020 4210 2221 4274 talitas,
2254 4211 2328 4265 ita
2369 4222 2425 4267 et
2452 4214 2539 4268 hic
2568 4214 2804 4283 qualiter
2851 4231 2953 4285 pax
2989 4220 3240 4273 sectanda
3287 4221 3359 4275 sit
3397 4221 3598 4276 intelli-

2017 4312 2227 4368 gamus,
2256 4301 2381 4370 quia
2416 4301 2585 4357 David
2607 4303 2857 4361 similiter
2882 4306 3011 4362 dicit
3042 4326 3054 4361 :
3086 4307 3299 4378 Inquire
3320 4327 3498 4381 pacem
3547 4326 3596 4367 et

2016 4402 2216 4445 sectare
2247 4408 2361 4446 eam
2393 4391 2566 4465 (Psal.
2590 4396 2807 4467 χχχιιι).
2834 4395 2985 4452 Licet
3007 4398 3059 4452 in
3084 4398 3291 4454 Latinis
3318 4402 3597 4459 codicibus

2020 4480 2282 4534 habeatur
2301 4498 2512 4553 sequere
2533 4501 2669 4551 eam,
2698 4497 2893 4540 sectare
2924 4493 3103 4542 tamen
3125 4488 3290 4544 etiam
3339 4491 3410 4545 ibi
3455 4493 3593 4546 scri-

2017 4577 2172 4640 ptum
2203 4578 2304 4637 est,
2336 4573 2388 4626 in
2415 4588 2522 4643 quo
2544 4575 2647 4630 hoc
2676 4576 2807 4629 mihi
2829 4576 3038 4632 videtur
3054 4580 3295 4634 ostendi.
3330 4581 3594 4648 Quoniam

2017 4664 2234 4734 quidem
2262 4681 2290 4719 a
2316 4665 2496 4721 multis
2527 4668 2764 4738 inquiete
2784 4678 2837 4724 et
2858 4669 3151 4726 insolenter
3178 4675 3461 4741 agentibus
3484 4683 3596 4728 tur-

2015 4754 2140 4808 bata
2178 4770 2280 4825 pax
2310 4763 2364 4809 et
2386 4754 2619 4828 eﬁ‘ugata
2639 4757 2784 4812 velut
2813 4758 3135 4831 subterlugit
3163 4762 3232 4815 ab
3255 4763 3588 4824 hominibus;

2013 4860 2044 4900 e
2066 4847 2340 4902 contrario
2367 4848 2437 4903 ab
2465 4848 2552 4904 his
2576 4851 2668 4921 qui
2709 4849 2983 4905 Christum
3039 4852 3343 4907 didicerunt
3376 4861 3440 4907 et
3491 4854 3591 4922 ipsi

2013 4938 2276 5003 serviunt,
2303 4938 2465 4992 etiam
2493 4937 2728 5009 fugitans
2763 4941 3120 4995 consectanda
3173 4949 3275 5005 est,
3316 4952 3373 4997 et
3408 4943 3593 4999 modis

2011 5030 2264 5084 omnibus
2290 5033 2610 5085 revocanda.
2662 5031 2916 5087 Sectatur
2935 5041 3113 5086 autem
3158 5048 3368 5103 pacem,
3406 5033 3499 5103 qui
3528 5049 3589 5088 ea

2010 5121 2206 5191 quibus
2245 5136 2346 5191 pax
2375 5133 2627 5178 constare
2656 5131 2851 5193 potest,
2883 5125 3047 5179 etiam
3087 5140 3209 5183 cum
3259 5125 3448 5179 labore
3464 5141 3588 5189 suo,

2010 5226 2134 5265 cum
2158 5211 2377 5275 damno,
2410 5226 2531 5266 cum
2562 5213 2852 5282 opprobrio
2878 5229 3113 5285 quoque,
3156 5223 3232 5280 et,
3278 5216 3325 5269 si
3368 5214 3446 5269 ita
3492 5230 3593 5270 ue-

2010 5316 2163 5357 cesse
2181 5303 2272 5365 sit,
2300 5304 2461 5358 etiam
2489 5318 2610 5358 eum
2636 5305 2877 5375 periculo
2898 5307 3020 5361 vitae
3039 5305 3301 5375 tantaeque
3321 5308 3587 5362 custodit:

2012 5392 2130 5447 hinc
2153 5392 2297 5447 enim
2322 5408 2428 5448 non
2458 5394 2633 5449 solum
2658 5410 2868 5464 pacem,
2892 5410 3081 5449 verum
3098 5405 3157 5450 et
3176 5395 3590 5451 aediﬁcationem

2011 5482 2080 5536 ad
2102 5483 2333 5538 invicem
2362 5493 2597 5539 servant.
2643 5484 2965 5541 [Ediﬁcatur
2993 5487 3138 5540 enim
3169 5488 3215 5541 is
3246 5487 3347 5555 qui
3394 5487 3593 5543 viderit

2010 5580 2062 5627 te
2085 5588 2192 5627 non
2217 5588 2338 5643 qua:
2366 5573 2464 5631 tibi
2493 5576 2616 5641 soli,
2644 5576 2737 5631 sed
2757 5592 2876 5646 qua:
2923 5577 3042 5632 aliis
3086 5577 3378 5646 expediunt
3413 5578 3593 5646 requi-

2006 5674 2238 5730 rentem,
2267 5673 2322 5721 et
2372 5666 2455 5721 sic
2484 5668 2683 5724 crescit
2727 5668 3009 5723 aediﬁcium
3060 5667 3184 5723 ﬁdei
3222 5683 3287 5723 ac
3330 5669 3587 5737 templum

2006 5756 2100 5813 Dei
2123 5772 2188 5813 ex
2211 5758 2479 5830 lapidibus
2505 5759 2643 5816 vivis
2671 5776 2771 5832 per
2813 5761 3268 5817 constructionem
3310 5757 3584 5817 charitatis
