4026 6180
461 409 596 466 158Ἱ

1085 411 1148 465 Β.
1189 411 1440 467 ΒΑΒΑΝΙ
1480 409 1696 466 MAUBI
1736 404 2050 464 ARCHIEP.
2092 403 2401 460 MOGUNT.
2443 404 2729 461 OPERUM
2765 405 2946 462 PARS
2978 405 3067 459 lli.

3597 401 3727 456 ηδε

459 526 725 595 assurgit;
751 534 812 605 et
842 525 962 581 ideo
983 525 1158 584 addit:
1181 525 1307 586 Noli
1331 537 1542 598 propter
1569 541 1740 580 escam
1769 509 2035 580 destruere
2067 525 2110 582 Α
2141 517 2338 572 dicitur
2367 518 2416 572 ei
2441 535 2454 570 :
2486 514 2673 588 Surge,
2703 516 2883 581 Petre,
2909 516 3105 580 occide,
3132 525 3179 568 et
3203 520 3466 568 manduca
3487 512 3726 605 latens);

459 631 588 685 opus
635 615 752 672 Dei.
813 615 988 672 Solvit
1029 618 1173 674 enim
1225 633 1360 688 opus
1399 617 1514 684 Dei,
1543 627 1598 672 ct
1624 617 1912 672 aediﬁcium
1943 617 2039 670 de-

435 707 622 762 'struit
649 708 951 774 charitatis,
981 709 1074 781 qui
1115 719 1337 780 propter
1387 709 1632 766 ciborum
1676 709 2038 777 intemperan-

461 796 591 854 tiam
632 798 883 857 scandala
915 797 1174 856 fratribus
1211 800 1380 870 ponit.
1418 799 1644 871 (Ambr.)
1695 794 1867 852 Homo
1907 812 2042 866 opus

460 886 557 944 Dei
591 897 697 955 est,
731 896 788 946 et
829 890 1025 945 iterum
1065 905 1202 960 opus
1247 890 1342 946 Dei
1388 899 1492 957 est,
1542 890 1668 945 dum
1720 888 2043 946 reformatur

459 991 556 1045 per
583 980 984 1049 generationem
1027 978 1594 1053 [regenerationem];
1635 989 1688 1034 et
1731 995 1854 1035 esca
1905 995 2040 1048 opus

459 1067 556 1123 Dei
580 1078 681 1134 est,
717 1071 812 1129 sed
834 1086 940 1125 non
971 1071 1130 1126 homo
1152 1079 1372 1142 propter
1398 1084 1599 1136 escam,
1626 1071 1718 1126 sed
1741 1087 1866 1126 csct
1913 1088 2040 1142 pro-

459 1167 578 1228 pter
599 1160 870 1218 hominem
890 1176 904 1223 ;
925 1162 1155 1220 multum
1175 1177 1304 1234 ergo
1326 1161 1519 1228 distat,
1547 1162 1667 1217 ideo
1689 1161 1818 1228 noli,
1843 1163 2033 1232 inquit,

457 1265 593 1320 opus
643 1251 737 1308 Dei
781 1252 925 1322 quod
969 1251 1290 1322 praeclarum
1329 1258 1412 1306 est
1457 1251 1768 1315 dissolvere,
1818 1260 2040 1321 propter

458 1343 562 1402 hoc
611 1345 755 1416 quod
776 1344 1134 1400 humillimum
1160 1353 1263 1399 est.
1290 1343 1621 1399 Beneﬁcium
1645 1343 1788 1398 enim
1820 1343 1917 1398 Dei
1967 1343 2038 1396 ir-

460 1435 624 1490 ritum
669 1435 821 1502 facit,
876 1437 969 1506 qui
1014 1435 1236 1493 fratrem
1285 1419 1570 1498 liberatum
1605 1450 1634 1488 a
1663 1446 1889 1505 peccato
1941 1451 2039 1505 per

457 1523 904 1594 disceptationem
931 1539 1122 1579 rursus
1153 1532 1414 1594 provocat
1444 1523 1508 1578 ad
1539 1524 1888 1592 peccandum,
1931 1525 2039 1578 sol-

458 1632 589 1672 vens
618 1617 672 1671 iu
695 1617 814 1686 ipso
833 1632 999 1688 opera
1025 1615 1225 1674 Christi
1253 1631 1374 1693 quae
1395 1616 1580 1688 gessit,
1621 1624 1681 1670 ut
1705 1615 1976 1671 hominem
2005 1631 2036 1669 a

457 1716 678 1777 peccato
705 1708 982 1765 liberaret.

527 1797 720 1852 Omnia
760 1799 972 1868 quidem
999 1799 1198 1854 munda
1227 1811 1370 1862 sunt,
1397 1800 1488 1854 sed
1517 1798 1715 1854 malum
1740 1809 1813 1855 est
1835 1801 2037 1854 homini

2145 621 2376 677 cumque
2401 606 2589 676 legalis
2630 607 2991 662 observantia:
3019 621 3231 662 memor
3267 603 3642 674 respondisset
3665 604 3732 658 ad

2144 701 2451 767 Dominum,
2475 711 2530 757 et
2551 702 2776 758 dixisset
2801 720 2814 756 :
2845 701 3011 766 Absit,
3041 700 3284 762 Domine,
3309 698 3435 770 quia
3463 715 3730 770 nunquam

2142 811 2414 849 commune
2439 805 2531 849 aut
2564 793 2892 848 immundum
2939 792 3172 847 introivit
3203 793 3259 846 in
3291 807 3351 845 os
3393 806 3592 851 meum,
3619 802 3733 844 cte-

2143 884 2264 938 lcsii
2295 885 2564 940 sententia
2609 885 3026 954 pronuntiatur:
3058 881 3214 948 Quod
3250 881 3389 936 Deus
3430 881 3729 943 mandarit,

2142 984 2196 1026 tu
2226 991 2496 1028 commune
2534 991 2597 1028 ne
2634 973 2850 1028 dixeris.
2897 972 2996 1029 Ubi
3029 988 3158 1042 ergo
3197 987 3389 1028 omnes
3418 981 3612 1042 gentes
3637 987 3731 1040 per

2140 1064 2466 1134 agnitionem
2497 1065 2620 1120 fidei
2672 1081 2701 1118 a
2743 1065 3208 1120 contaminatioue
3253 1064 3611 1124 mandantur,
3657 1062 3728 1116 ibi

2141 1162 2197 1208 ct
2225 1154 2403 1210 omnis
2431 1155 2584 1210 cibus
2611 1156 2774 1210 verbo
2803 1155 3019 1210 Domini
3046 1163 3102 1210 et
3135 1155 3384 1210 oratione
3421 1153 3728 1226 purgatur:

2139 1255 2194 1300 et
2214 1246 2282 1300 ob
2312 1247 2414 1302 hoc
2453 1243 2742 1316 Apostolus
2781 1247 2932 1312 dicit,
2954 1249 3081 1318 quia
3125 1248 3299 1301 omnia
3353 1247 3554 1301 munda
3585 1257 3728 1309 sunt,

2143 1345 2348 1390 tantum
2371 1345 2426 1390 ut
2464 1336 2590 1391 illud
2627 1338 2830 1392 vitetur
2879 1339 3022 1407 quod
3075 1339 3130 1392 in
3167 1338 3526 1409 sequentibus
3549 1338 3728 1408 ponit,

2143 1443 2208 1482 ne
2235 1442 2333 1497 per
2357 1426 2708 1483 offensionem
2747 1427 2934 1484 fratris
2967 1429 3311 1484 manducanti
3342 1443 3562 1484 rursum
3595 1429 3732 1484 ﬁant

2141 1517 2414 1573 immunda
2429 1535 2548 1588 quae
2567 1520 2765 1575 munda
2783 1529 2930 1574 sunt.
2944 1518 3153 1576 Bonum
3173 1530 3250 1576 est
3273 1537 3376 1576 non
3397 1522 3730 1577 manducare

2138 1625 2364 1672 carnem,
2395 1619 2446 1663 et
2477 1626 2580 1664 non
2601 1610 2774 1665 bibere
2803 1613 2996 1673 vinum.
3029 1629 3192 1684 neque
3213 1615 3268 1668 in
3285 1630 3388 1684 quo
3417 1615 3589 1684 [mter
3603 1624 3730 1669 tunc

2139 1696 2442 1765 offenditur,
2465 1707 2556 1751 aut
2581 1697 2999 1764 scandalizatur,
3023 1710 3118 1754 aut
3139 1702 3458 1772 infirmatur.
3483 1703 3725 1771 (Arnim)

2136 1786 2270 1841 Cum
2302 1789 2368 1843 de
2391 1788 2502 1843 sola
2529 1805 2692 1844 carne
2721 1798 2928 1862 ageret,
2953 1791 3151 1861 adjecit
3177 1801 3232 1848 et
3258 1804 3467 1864 potum,
3499 1805 3560 1849 ut
3591 1811 3726 1849 con-

453 1889 544 1957 qui
571 1905 664 1958 per
707 1887 1080 1959 aiendiculum
1125 1888 1427 1945 manducet.
1470 1888 1701 1960 (Ambr.)
1739 1889 1934 1944 Verum
1978 1898 2033 1945 et

2139 1875 2313 1933 foveat
2361 1893 2455 1934 eos
2479 1880 2571 1950 qui
2603 1880 2673 1935 ab
2701 1881 2788 1936 his
2813 1880 3108 1948 abstinent,
3141 1898 3238 1952 per
3269 1883 3321 1938 id
3349 1887 3492 1954 quod
3513 1885 3726 1941 licitum

457 1975 799 2040 manifestum
825 1985 910 2038 est
933 1977 1115 2033 omnia
1146 1978 1346 2032 munda
1371 1993 1492 2033 esse
1523 1992 1538 2034 :
1567 1978 1768 2049 quippe
1808 1995 1932 2034 cum
1977 1980 2032 2036 in

455 2066 651 2122 Genesi
687 2067 898 2138 legatur
925 2081 1046 2124 esse
1090 2069 1298 2135 omnia,
1342 2084 1460 2140 qua:
1499 2069 1640 2126 Deus
1686 2071 1837 2138 fecit,
1880 2071 2034 2129 valde

455 2159 617 2213 bona.
648 2158 782 2222 Cum
813 2175 943 2231 ergo
972 2175 1070 2231 per
1098 2169 1347 2218 naturam
1373 2163 1554 2218 omnia
1586 2164 1726 2219 bona
1751 2173 1807 2220 et
1835 2167 2033 2221 munda

455 2251 586 2317 sint,
616 2252 988 2316 dubitantibus
1018 2261 1196 2309 tamen
1225 2253 1362 2310 fiunt
1389 2255 1663 2311 immunda
1693 2275 1706 2310 :
1734 2265 1791 2312 et
1827 2259 1933 2314 erit
1956 2259 2030 2314 illi

454 2338 858 2408 oll'endiculum,
882 2343 972 2412 qui
998 2358 1122 2399 cum
1147 2343 1355 2400 dubitet
1373 2344 1484 2400 edit
1500 2353 1678 2400 tamen
1703 2363 1810 2402 non
1835 2349 2032 2404 munda

456 2429 810 2497 conscientia,
843 2432 966 2501 quia
995 2432 1139 2504 quod
1164 2433 1266 2490 sibi
1296 2434 1484 2490 inutile
1511 2444 1701 2506 putat,
1730 2435 1880 2494 facit.
1909 2439 2033 2496 ideo

455 2519 586 2578 nulli
617 2521 1098 2580 contradiceudum
1135 2531 1240 2590 est,
1273 2524 1363 2593 qui
1400 2525 1504 2580 hac
1544 2513 1696 2597 [quid
1735 2527 1790 2582 in
1821 2527 1947 2602 hac]
1976 2545 2034 2584 re

454 2621 730 2684 sequatur.
784 2615 984 2688 (0rig.)
1039 2616 1348 2674 Notandum
1401 2629 1581 2675 autem
1638 2622 1782 2691 quod
1837 2623 1974 2678 dixit
2016 2643 2028 2679 :

457 2704 649 2758 Omnia
683 2703 889 2776 quidem
915 2707 1111 2762 munda
1155 2719 1298 2774 sunt,
1338 2709 1430 2764 sed
1467 2709 1666 2768 malum
1693 2721 1770 2766 est
1812 2713 2032 2780 homini,

453 2795 543 2865 qui
561 2810 654 2865 per
671 2795 1009 2866 offensionem
1034 2797 1342 2866 manducat,
1365 2799 1540 2856 simile
1561 2810 1644 2856 est
1666 2800 1740 2857 illi
1781 2803 1924 2872 quod
1945 2817 2037 2856 su-

457 2885 635 2956 perius
660 2883 813 2949 dixit,
850 2887 974 2956 quia
1019 2885 1169 2944 Nihil
1195 2905 1467 2948 commune
1505 2906 1598 2960 per
1621 2908 1675 2948 se
1713 2891 1904 2961 ipsum,
1935 2892 2036 2948 nisi

455 2979 502 3032 ei
535 2978 626 3052 qui
650 2977 912 3038 existimat
937 2979 1066 3050 quid
1096 2996 1366 3034 commune
1385 2997 1515 3047 esse,
1537 2981 1616 3035 illi
1641 2999 1912 3038 commune
1935 2994 2032 3038 est.

456 3069 624 3140 igitur
646 3071 944 3127 secundum
971 3079 1220 3126 naturam
1243 3072 1326 3128 sui
1372 3081 1428 3128 et
1453 3073 1718 3130 rationem
1747 3083 2033 3142 creaturae,

454 3177 560 3230 qua
585 3172 783 3223 cuneta
809 3179 931 3233 qua:
955 3173 1082 3220 sunt
1101 3181 1133 3220 a
1162 3165 1273 3220 Deo
1307 3165 1447 3221 facta
1476 3175 1623 3230 sunt,
1652 3167 1833 3223 omnia
1865 3183 1896 3222 a
1923 3169 2035 3224 Deo

456 3253 655 3312 munda
681 3262 830 3320 sunt,
857 3262 910 3310 et
936 3255 1292 3319 immundum,
1315 3255 1398 3310 vel
1416 3257 1560 3326 quod
1585 3272 1876 3314 commune
1903 3259 2033 3314 dici-

461 3355 566 3409 tur,
595 3345 730 3410 nihil
755 3355 855 3405 est.
887 3346 1032 3408 Duas
1060 3355 1240 3404 tamen
1272 3364 1464 3407 causas
1492 3351 1690 3420 posuit,
1721 3351 1916 3420 quibus
1952 3353 2034 3405 vel

455 3435 821 3504 (pitie‘munda
869 3443 1017 3502 sunt,
1058 3436 1333 3491 immunda
1375 3438 1528 3506 ﬁant,
1575 3441 1680 3507 vel,
1732 3455 1852 3512 quae
1891 3441 2034 3496 bona

454 3534 596 3586 sunt,
631 3523 792 3588 mala.
825 3523 916 3587 Ait
948 3523 1092 3584 cnim
1123 3525 1178 3580 in
1206 3527 1458 3598 praesenti
1499 3528 1716 3600 quidem
1740 3529 1859 3586 loco
1887 3547 1900 3583 :
1930 3529 2034 3586 Sed

458 3614 654 3670 malum
696 3626 772 3671 est
827 3617 1027 3672 homini
1073 3619 1164 3688 qui
1203 3635 1296 3690 per
1344 3620 1681 3690 oﬂ'ensionem
1725 3622 2031 3677 manducet.

458 3706 610 3774 Quod
639 3722 769 3779 ergo
803 3707 884 3766 sui
917 3716 1110 3764 natura
1133 3709 1333 3765 bonum
1361 3718 1464 3775 est,
1501 3725 1568 3766 ex
1597 3709 1895 3768 offensione
1915 3709 2032 3767 elli-

459 3797 601 3855 eitur
629 3797 848 3863 malum,
879 3797 931 3854 id
956 3807 1061 3865 est,
1092 3799 1147 3852 in
1181 3814 1248 3854 eo
1273 3799 1414 3869 quod
1439 3799 1731 3856 offenditur
1761 3799 1951 3866 frater,
1982 3809 2035 3857 te

459 3898 645 3946 utente
683 3889 768 3950 his
807 3889 969 3956 cibis,
1018 3891 1070 3944 in
1110 3889 1308 3962 quibus
1337 3890 1427 3951 ille
1462 3891 1772 3947 scandalum
1804 3892 2028 3962 patitur.

459 3985 574 4041 Alia
598 3999 727 4048 vero
741 3999 906 4042 causa
920 3993 1006 4040 est
1021 4001 1127 4056 qua
1155 4001 1442 4044 commune
1454 3987 1538 4043 vel
1559 3987 1892 4043 immundum
1916 3986 2032 4044 etii-

461 4079 606 4132 citnr
643 4077 784 4146 quod
823 4085 1016 4144 natura
1039 4077 1120 4134 sui
1147 4078 1483 4136 immundum
1505 4095 1612 4136 non
1635 4089 1738 4146 est,
1768 4080 1814 4136 si
1841 4081 2032 4138 existi-

466 4175 575 4223 met
599 4166 722 4238 quis
745 4175 800 4222 et
839 4167 981 4238 apud
1005 4182 1065 4230 se
1095 4167 1170 4224 ita
1218 4167 1417 4224 habeat
1442 4169 1587 4240 quod
1613 4184 1900 4226 commune
1925 4171 2029 4238 sit;

463 4260 538 4315 illi
560 4273 692 4332 ergo
711 4259 810 4328 ipsi
833 4259 1205 4317 tantummodo
1233 4260 1325 4330 qui
1353 4260 1456 4317 hoc
1484 4261 1562 4316 ita
1589 4261 1868 4317 existimat
1885 4278 2034 4318 com-

461 4367 622 4408 mune
663 4349 893 4414 eﬁicitur
921 4351 1006 4405 vel
1034 4351 1388 4406 immundum.
1419 4352 1498 4407 Ex
1531 4353 1728 4424 quibus
1753 4353 2033 4410 evidenter

455 4441 742 4513 Apostolus
779 4441 972 4497 edocet
1010 4456 1118 4498 non
1157 4442 1212 4496 in
1257 4443 1441 4508 rebus,
1482 4442 1566 4498 vel
1601 4443 1655 4498 in
1691 4442 2028 4510 substantiis,

456 4535 550 4590 sed
571 4533 627 4588 in
653 4533 864 4595 actibus
887 4541 943 4588 et
979 4533 1032 4588 in
1073 4532 1488 4604 cogitationibus
1517 4533 1698 4590 minus
1745 4534 1908 4590 rectis
1930 4535 2031 4590 im-
2056 4568 2108 4628 Β

460 4626 775 4684 munditiam
796 4625 1255 4697 pollutionemque
1274 4625 1587 4692 consistere,
1602 4624 1850 4696 quamvis
1861 4623 2031 4696 Moysi

459 4720 542 4773 lex
573 4717 818 4789 quaedam
866 4717 1088 4782 munda,
1119 4725 1176 4771 et
1221 4717 1466 4786 quaedam
1520 4717 1799 4780 immunda
1851 4717 2034 4790 signa-

456 4809 625 4875 verit;
650 4807 922 4880 inquibus
939 4805 1314 4868 distinctiones
1331 4806 1590 4875 quasdam
1613 4821 1812 4876 ponere
1839 4806 2030 4874 voluit,

457 4907 514 4954 ut
545 4897 794 4970 populus,
843 4897 937 4968 qui
983 4897 1084 4956 sub
1112 4896 1230 4966 lege
1258 4896 1606 4962 censebatur,
1653 4896 1887 4953 discerni
1934 4913 2034 4976 per

455 4987 760 5057 huiusmodi
781 4985 1159 5044 observantius
1178 5000 1210 5041 a
1225 4986 1435 5042 ueteris
1447 4986 1697 5057 gentibus
1720 4987 1995 5050 videretur
2012 5005 2026 5042 :

453 5095 507 5140 et
535 5081 776 5154 quandiu
820 5080 1038 5152 quidem
1078 5078 1307 5151 populus
1343 5078 1434 5138 ille
1477 5086 1721 5146 sanctus,
1751 5087 1807 5136 et
1841 5095 2026 5158 segre-

453 5185 610 5247 gatus
631 5187 664 5231 α
687 5171 899 5236 caeteris
924 5171 1230 5234 nationibus
1249 5169 1568 5236 habebatur,
1589 5171 1755 5236 etiam
1774 5170 2032 5226 discretio

453 5266 522 5322 de
553 5265 768 5330 mundis
793 5271 852 5322 et
891 5263 1191 5326 immundis
1223 5261 1534 5320 necessaria
1567 5262 1872 5328 videbatur,
1911 5277 2030 5334 quae

455 5361 764 5426 segregaret
788 5361 846 5410 et
888 5361 1199 5414 secerneret
1246 5353 1538 5422 specialem
1580 5351 1835 5423 pOpulum
1870 5351 1964 5409 Dei
1997 5367 2028 5408 a

459 5446 784 5512 nationibus,
811 5459 950 5514 quas
979 5445 1281 5515 ignorantia
1307 5443 1423 5509 Dei,
1467 5452 1525 5500 et
1558 5443 1824 5508 idolorum
1855 5442 2031 5500 cultus

459 5531 690 5591 faciebat
721 5535 1062 5600 immundus;
1109 5535 1201 5590 ubi
1239 5549 1370 5595 vero
1405 5533 1574 5612 ianua
1627 5532 1749 5590 ﬁdei
1781 5533 2032 5605 gentibus

461 5627 720 5693 aperitur,
753 5637 806 5684 at
835 5627 1131 5688 invitantur
1159 5643 1349 5684 omnes
1372 5627 1441 5682 ad
1463 5627 1652 5691 Deum,
1675 5625 2032 5681 ostenduntur

462 5715 841 5774 Petro‘omnia
880 5719 1271 5794 quadrupedia,
1306 5725 1360 5771 et
1399 5717 1664 5794 repentia,
1709 5724 1765 5770 et
1801 5714 2034 5780 volatilia

458 5808 704 5882 tum“
733 5809 785 5868 in
815 5806 1003 5873 linteo,
1031 5809 1172 5885 quod
1195 5808 1409 5870 cecilius
1444 5808 1620 5863 fuerat
1640 5805 1948 5871 deductum,
1979 5813 2036 5860 et

2135 1981 2238 2034 est,
2261 1978 2315 2024 et
2342 1985 2562 2025 carnem
2591 1972 2774 2037 edere,
2805 1981 2862 2028 et
2887 1973 3072 2028 vinum
3101 1974 3305 2030 bibere.
3335 1975 3413 2031 Ne
3433 1978 3723 2033 contrista-

2135 2070 2325 2116 rentur
2351 2063 2421 2118 ab
2449 2065 2558 2130 his,
2586 2065 2678 2136 qui
2711 2065 2796 2122 his
2829 2075 3078 2135 utuntur,
3108 2069 3258 2126 dedit
3293 2071 3376 2127 eis
3415 2074 3724 2144 respirandi

2136 2153 2408 2220 solatium,
2432 2165 2492 2210 ut
2511 2164 2566 2210 et
2585 2156 2638 2210 in
2661 2157 2940 2215 voluntate
2962 2174 3060 2215 sua
3082 2160 3452 2237 quiescerent,
3473 2171 3530 2216 et
3547 2164 3725 2219 disce-

2135 2245 2304 2314 ptatio
2331 2261 2428 2316 per
2445 2263 2606 2318 quam
2630 2249 2899 2305 discordia
2922 2250 2982 2306 ﬁt
3005 2261 3260 2308 cessaret.
3285 2250 3422 2306 Cum
3452 2254 3601 2308 enim
3620 2269 3723 2308 non

2137 2335 2266 2392 latet
2292 2338 2490 2393 bonum
2520 2355 2660 2405 esse,
2694 2350 2748 2394 et
2776 2353 2994 2396 carnem
3015 2343 3196 2408 edere,
3219 2353 3274 2398 et
3293 2345 3483 2399 vinum
3507 2345 3723 2412 bibere,

2135 2435 2190 2482 et
2217 2442 2248 2482 e
2283 2439 2472 2484 contra
2499 2445 2716 2486 carnem
2748 2448 2853 2488 non
2883 2434 3062 2498 edere,
3086 2443 3142 2489 et
3173 2437 3357 2492 vinum
3387 2453 3497 2493 non
3541 2439 3726 2495 bibere

2135 2517 2332 2573 bonum
2356 2536 2477 2576 esse
2501 2521 2804 2588 addiscunt,
2837 2539 2996 2579 nemo
3023 2523 3200 2597 litigat
3232 2545 3245 2580 :
3289 2539 3545 2582 creatura
3581 2531 3722 2584 enim

2136 2607 2260 2662 data
2283 2618 2368 2664 est
2404 2609 2472 2665 ad
2502 2605 2657 2666 usum
2692 2612 3015 2681 volentibus,
3047 2631 3153 2672 non
3201 2625 3386 2671 tamen
3429 2621 3724 2676 necessitas

2135 2705 2219 2752 est
2265 2697 2514 2768 imposita
2559 2709 2650 2756 aut
2687 2703 2908 2769 volenti,
2949 2714 3045 2758 aut
3097 2705 3324 2760 uolenti.
3361 2707 3565 2780 (Θήῃ.)
3595 2708 3724 2765 illud

2135 2801 2264 2842 vero
2294 2791 2436 2858 quod
2465 2791 2542 2846 ait
2577 2811 2590 2846 :
2617 2791 2822 2848 Bonum
2864 2804 2962 2860 est,
2996 2812 3100 2850 non
3136 2797 3465 2853 manducare
3491 2817 3718 2864 carnem.

2135 2888 2184 2932 et
2215 2896 2320 2934 non
2344 2880 2503 2936 libere
2522 2884 2720 2953 vinum,
2747 2887 2850 2942 nisi
2875 2888 3186 2955 addidisset,
3214 2907 3382 2962 neque
3409 2894 3467 2947 in
3494 2911 3598 2965 quo
3619 2895 3722 2963 [ra-

2137 2981 2214 3026 ter
2263 2983 2384 3029 tuus
2429 2975 2740 3045 o/fenditur,
2786 2982 3115 3036 contrarium
3160 2982 3412 3040 fbrtassis
3452 2988 3720 3056 prioribus

2135 3069 2413 3126 videretur
2439 3093 2452 3126 :
2481 3075 2808 3131 manducare
2839 3077 2983 3134 enim
3019 3093 3239 3135 carnem
3265 3089 3322 3137 et
3347 3096 3458 3140 non
3493 3085 3684 3138 mando
3704 3113 3718 3124 -

2138 3177 2286 3228 care,
2309 3165 2395 3219 vel
2420 3165 2605 3222 bibere
2626 3166 2811 3222 vinum
2834 3177 2890 3222 et
2929 3184 3034 3224 non
3056 3170 3263 3235 bibere,
3288 3187 3472 3242 neque
3501 3175 3714 3240 malum,

2138 3268 2312 3325 neque
2336 3255 2559 3322 bonum,
2589 3257 2682 3313 sed
2714 3258 2949 3314 medium
2977 3259 3178 3316 habere
3207 3261 3398 3318 docuit
3427 3273 3484 3318 et
3517 3263 3719 3320 indiﬂe-
3769 3262 3788 3276 '

2138 3361 2284 3405 reus.
2328 3347 2512 3404 Potest
2552 3351 2698 3405 enim
2747 3367 2852 3406 non
2881 3353 3208 3410 manducare
3243 3370 3495 3422 carnem,
3522 3367 3575 3414 et
3615 3373 3721 3414 non

2136 3435 2326 3493 bibere
2348 3438 2532 3493 vinum
2575 3441 2740 3496 etiam
2779 3441 2956 3498 malus
3010 3443 3172 3499 homo
3199 3454 3255 3500 et
3285 3461 3317 3500 a
3353 3448 3460 3503 ﬁde
3491 3449 3720 3514 alienus,

2122 3534 2196 3592 ,ut
2221 3543 2363 3600 saepe
2407 3529 2572 3584 etiam
2599 3531 2884 3588 nonnullos
2914 3533 3177 3589 idolorum
3208 3549 3377 3592 causa
3411 3536 3591 3594 facere
3620 3539 3725 3594 hoc

2135 3626 2344 3674 certum
2375 3627 2476 3674 est.
2509 3619 2783 3675 Interdum
2823 3622 2987 3677 etiam
3020 3623 3283 3680 malarum
3310 3627 3512 3682 artium
3551 3627 3726 3684 fertur

2133 3708 2258 3763 talis
2288 3709 2473 3764 haberi
2504 3711 2830 3767 observatio.
2863 3711 3251 3770 Haercticornm
3285 3725 3437 3772 certe
3460 3733 3567 3773 non
3591 3735 3724 3790 pau-

2133 3797 2213 3853 cis
2243 3797 2534 3854 observare
2571 3801 2673 3856 hoc
2697 3801 2864 3856 moris
2905 3811 3008 3869 est,
3049 3811 3102 3858 et
3133 3819 3240 3859 non
3281 3807 3539 3862 continuo
3580 3808 3721 3864 dici~

2135 3903 2256 3944 mus
2287 3907 2300 3943 :
2334 3890 2540 3946 Bonum
2581 3899 2666 3946 est
2711 3892 2792 3948 eis
2817 3893 2941 3962 quia
2973 3910 3079 3950 non
3110 3898 3442 3953 manducant
3471 3914 3721 3966 carnem,

2134 3993 2306 4050 neque
2326 3978 2514 4036 bibunt
2537 3981 2740 4035 vinum.
2766 3980 2872 4037 Sed
2895 3983 2986 4039 lllo
3005 3985 3162 4055 plane
3185 3988 3364 4052 modo,
3388 4004 3494 4060 quo
3515 3989 3567 4043 in
3587 4006 3722 4044 con-

2133 4073 2480 4142 sequentibus
2501 4075 2702 4142 posuit,
2725 4073 2792 4129 In
2811 4091 2910 4146 quo
2929 4075 3096 4145 frater
3114 4078 3422 4147 o/fenditur.
3440 4095 3547 4134 non
3568 4096 3724 4134 man-

2133 4164 2332 4220 ducare
2345 4181 2586 4234 carnem,
2601 4174 2654 4220 et
2669 4181 2776 4221 non
2793 4167 2980 4226 bibere
3000 4171 3200 4234 vinum,
3221 4187 3326 4226 non
3341 4171 3454 4241 jam
3478 4174 3721 4229 medium

2132 4266 2227 4312 aut
2252 4255 2581 4324 indifferens,
2611 4258 2704 4314 sed
2733 4273 2856 4316 vere
2876 4261 3078 4316 bonum
3099 4271 3182 4322 est
3205 4281 3218 4316 :
3242 4263 3444 4322 bonum
3468 4277 3554 4320 est
3574 4268 3723 4322 enim

2132 4363 2238 4402 non
2264 4362 2463 4423 ponere
2492 4348 2840 4410 offensionem
2880 4350 3055 4417 fratri,
3098 4353 3180 4408 vel
3225 4354 3567 4411 scandalum.
3603 4354 3723 4411 No.

2131 4436 2231 4492 luit
2277 4454 2406 4510 ergo
2443 4448 2504 4495 ut
2553 4455 2650 4510 pro
2690 4441 2776 4494 his
2819 4441 2911 4511 qui
2953 4444 3388 4500 manducandum
3439 4444 3717 4513 iudicant,

2132 4537 2356 4604 cogatur
2381 4529 2469 4589 ille
2495 4531 2562 4585 ad
2591 4530 3020 4588 manducandum
3046 4533 3136 4603 qui
3173 4534 3226 4588 in
3255 4535 3357 4590 hoc
3382 4533 3719 4590 offenditur:

2132 4623 2226 4676 sed
2255 4637 2354 4694 pro
2378 4621 2468 4676 illo
2497 4622 2588 4691 qui
2613 4638 2717 4678 non
2750 4631 2904 4694 putat
2945 4623 3401 4691 manducandum,
3441 4626 3725 4680 abstinere

2133 4713 2375 4789 praecipit
2425 4715 2589 4770 etiam
2643 4713 2730 4769 his
2781 4714 2872 4784 qui
2917 4713 3164 4784 iudicant
3216 4715 3656 4770 manducandum
3702 4731 3721 4770 :

2133 4809 2312 4866 omnia
2354 4807 2516 4879 igitur
2542 4808 2656 4864 ﬁeri
2689 4817 2905 4879 oportet
2957 4823 3025 4864 ne
3053 4809 3367 4865 destruatur
3412 4823 3552 4886 opus
3595 4809 3719 4874 Dei,

2133 4909 2188 4960 et
2231 4901 2352 4957 ideo
2409 4901 2839 4957 manducandum
2875 4909 2977 4967 est,
3032 4903 3076 4957 si
3136 4902 3189 4964 in
3241 4902 3350 4960 hoc
3383 4903 3558 4965 frater
3587 4905 3723 4970 :edi-

2135 4992 2347 5058 ficatur,
2375 5000 2431 5056 et
2469 5009 2576 5058 non
2605 5001 2690 5048 est
2736 4992 3188 5058 manducandum,
3221 4994 3266 5048 si
3319 5010 3416 5071 per
3459 4995 3566 5050 hoc
3605 5010 3722 5050 non

2135 5083 2330 5143 crescit
2357 5097 2494 5162 opus
2537 5079 2662 5147 Dei;
2690 5089 2745 5136 et
2792 5080 3082 5137 bibendum
3112 5090 3218 5147 est,
3257 5082 3303 5138 si
3332 5098 3430 5152 per
3457 5083 3563 5137 hoc
3589 5098 3724 5160 pm-

2136 5171 2248 5236 ﬁcit
2271 5171 2438 5226 frater
2461 5171 2527 5233 ad
2551 5171 2731 5238 ﬁdem,
2760 5181 2815 5226 et
2841 5186 2951 5226 non
2973 5183 3057 5226 est
3078 5171 3384 5232 bibendum,
3423 5172 3468 5226 si
3491 5187 3592 5242 per
3611 5174 3725 5227 hoc

2138 5262 2305 5324 frater
2325 5264 2578 5318 damnum
2617 5261 2763 5328 ﬁdei,
2793 5269 2886 5318 aut
2931 5270 2986 5316 tu
3020 5261 3404 5317 detrimentum
3435 5263 3726 5327 charitatis

2137 5350 2401 5418 incurras.
2457 5349 2536 5406 Tu
2573 5351 2731 5420 ﬁdem
2776 5367 2932 5424 quam
2981 5351 3138 5406 habet
3174 5369 3328 5422 penes
3361 5355 3722 5423 temetipsum,

2137 5443 2267 5503 habe
2297 5460 2474 5512 coram
2515 5442 2639 5496 Deo.
2684 5441 2873 5502 Fidem
2919 5441 3010 5496 hic
3051 5441 3198 5498 illam
3227 5441 3381 5508 dicit,
3408 5457 3516 5512 qua
3542 5444 3725 5497 credit

2139 5531 2266 5610 quis,
2280 5533 2604 5598 manducare
2631 5531 2832 5598 omnia,
2871 5531 3010 5588 sicut
3035 5547 3195 5605 supra
3225 5532 3360 5587 dixit
3391 5551 3404 5586 :
3429 5533 3581 5587 Alius
3603 5549 3728 5587 cre-

2137 5625 2214 5681 dit
2259 5623 2574 5692 manducare
2629 5622 2835 5688 omnia,
2885 5621 2972 5678 ille
3023 5622 3140 5676 sine
3190 5623 3352 5678 dubio
3402 5622 3492 5692 qui
3541 5622 3724 5678 credit

2139 5713 2289 5797 quod.
2315 5711 2448 5781 nihil
2478 5712 2534 5766 in
2564 5710 2830 5767 creaturis
2859 5709 2952 5764 Dei
2983 5701 3286 5775 commune,
3321 5709 3452 5764 nihil
3479 5711 3723 5764 immun-

2141 5804 2266 5860 dum
2297 5803 2401 5870 sit;
2431 5803 2526 5858 sed
2571 5797 2764 5858 sufficit
2793 5800 2910 5866 libi,
2939 5799 3132 5874 inquit,
3157 5801 3358 5864 habere
3388 5815 3573 5857 coram
3602 5800 3726 5861 θαι
