4026 6180
380 264 547 321 ’1589

938 264 1483 321 ENARRATIONUM
1520 263 1583 319 IN
1622 262 1769 318 ΕΡΡ,
1812 262 2014 318 PAULI
2050 262 2175 317 LIB.
2223 261 2350 316 VIII.
2391 292 2459 303 —-
2492 262 2559 318 IN
2599 263 2813 320 EPIST.
2854 263 2945 319 AD
2980 264 3146 322 ROM.

3512 267 3658 324 i590

405 376 709 448 huiusmodi
756 376 913 430 ﬁdem
942 391 956 430 :
984 393 1089 431 non
1125 386 1303 432 tamen
1351 378 1552 433 idcirco
1595 377 1869 448 cogendus
1895 386 1979 432 est
2009 384 2054 438 Α
2083 375 2190 431 Sed
2218 376 2373 448 cuius
2401 379 2580 448 operis
2607 379 2681 433 sit
2721 379 2823 435 ista
2852 380 3130 435 beatitudo
3158 378 3453 437 videamus.
3502 382 3652 439 Multi

404 479 461 525 et
485 470 639 533 alius,
670 478 724 521 ut
755 469 935 523 omnia
958 468 1268 534 manducet,
1299 469 1391 538 qui
1420 470 1657 525 nondum
1688 458 1850 523 habet
1891 476 1975 521 ta-

407 564 512 614 lem
540 560 720 624 ﬁdem,
745 567 806 613 ut
837 558 1024 613 credat
1049 558 1229 613 omnia
1258 573 1381 614 esse
1407 559 1795 615 manducando.
1825 558 1977 625 Quod

404 657 584 703 autem
615 649 774 713 dixit,
801 647 974 703 Ilabes
999 665 1154 718 penes
1181 651 1529 720 temetipsum,
1546 649 1864 718 iactantiam
1895 666 1981 705 re-

406 747 575 804 secat,
608 754 677 792 ne.
703 739 872 808 magis
902 738 953 792 in
1006 740 1364 795 ostentatione
1400 740 1471 795 sit
1507 741 1650 809 quod
1686 741 1977 804 credimus,

405 844 567 896 quam
597 828 651 880 in
690 827 907 882 virtute.
938 826 1159 883 Addidit
1198 838 1379 885 autem
1408 847 1419 882 :
1459 828 1608 903 Habe
1637 845 1815 883 coram
1849 828 1979 893 Deo,

407 927 462 970 ut
512 917 729 971 doceret
777 917 1126 987 satagendum
1169 918 1343 982 nobis,
1393 933 1501 974 non
1538 926 1600 972 ut
1627 917 1768 987 apud
1810 918 1984 973 homi-

405 1024 502 1063 nes
541 1008 672 1062 ﬁdes
710 1017 891 1062 nostra
922 1006 1247 1073 dilfametur,
1277 1010 1373 1064 sed
1401 1019 1461 1064 ut
1499 1009 1639 1079 apud
1666 1009 1841 1064 Deum
1858 1025 1984 1078 pro-

404 1098 592 1161 betur;
640 1096 864 1151 multum
908 1106 992 1151 est
1035 1111 1219 1152 coram
1260 1098 1368 1153 Deo
1409 1099 1612 1153 habere
1648 1098 1984 1167 probabilem

408 1189 569 1243 litem
604 1206 618 1242 :
649 1188 788 1257 apud
837 1188 1002 1244 Deum
1051 1190 1197 1245 enim
1231 1189 1397 1245 etiam
1445 1189 1806 1258 apostolorum
1853 1189 1987 1244 ﬁdes

406 1295 570 1347 parva
594 1278 887 1348 iudicatur.
933 1279 1086 1335 Unde
1113 1280 1315 1335 dicitur
1357 1281 1425 1334 ad
1457 1279 1675 1334 Petrum
1711 1298 1723 1334 :
1761 1279 1985 1334 Modica:

404 1367 549 1435 fidei,
573 1383 734 1437 quare
757 1366 1007 1420 dubitasti
1045 1365 1258 1436 (Matth.
1306 1368 1458 1435 xw)?
1489 1368 1696 1422 Idcirco
1718 1382 1846 1421 vere
1873 1383 1985 1422 ma-

406 1470 545 1524 gnus
576 1465 679 1521 est,
707 1456 798 1526 qui
841 1472 1022 1511 coram
1071 1457 1180 1511 Deo
1209 1458 1373 1512 habet
1421 1457 1755 1525 probabilem
1804 1457 1983 1514 ﬁdem.

407 1543 603 1597 Beatus
630 1546 721 1615 qui
756 1560 858 1599 non
888 1545 1082 1598 iudicat
1103 1547 1433 1614 semetipsum
1456 1562 1512 1599 ιη
1537 1562 1597 1600 eo
1617 1547 1757 1616 quod
1782 1547 1984 1616 probat.

2079 474 2207 520 sunt
2232 466 2324 536 qui
2363 466 2593 536 probant
2623 468 2824 538 aliquid
2865 469 2991 524 boni
3038 471 3237 536 facere,
3269 472 3418 527 verbi
3458 473 3654 542 gratia,

2078 555 2170 626 qui
2204 555 2484 611 audientes
2514 557 2580 613 de
2616 558 2856 627 prmmiis
2881 558 3148 614 castitatis
3190 561 3422 630 probant
3458 571 3513 616 et
3543 571 3653 617 sta-

2081 655 2235 700 tuunt
2260 655 2407 703 caste
2442 649 2642 712 vivere,
2674 649 2767 704 sed
2804 663 3062 719 processu
3102 651 3377 720 temporis,
3416 652 3503 707 vel
3527 654 3658 708 sub-

2082 736 2310 806 ripiente
2336 738 2682 809 negligentia,
2709 738 2795 793 vel
2818 748 3108 809 superante
3138 741 3384 807 libidine,
3411 743 3465 797 id
3514 744 3654 812 quod

2081 828 2476 881 observandum
2519 829 2880 897 probaverant
2918 829 3225 884 maculatur
3268 840 3324 885 et
3360 832 3661 901 corrumpi-

2082 926 2203 972 tur:
2228 925 2284 971 et
2311 923 2394 971 est
2420 916 2603 970 infelix
2627 918 2753 984 iste,
2779 919 2871 987 qui
2905 918 2965 973 in
2987 933 3061 973 eo
3077 919 3218 988 quod
3247 918 3539 974 observare
3564 920 3659 974 de-

2083 1017 2328 1064 creverat
2367 1008 2562 1073 victus,
2594 1009 2938 1077 semetipsum
2972 1008 3194 1078 iudicat
3219 1018 3274 1064 et
3299 1010 3654 1075 condemnat;

2084 1101 2275 1153 beatus
2298 1112 2426 1153 vero
2460 1099 2547 1154 ille
2575 1110 2659 1155 est
2713 1102 2815 1170 qui.
2830 1102 2883 1157 in
2909 1117 2975 1158 eo
2995 1104 3138 1173 quod
3166 1104 3358 1174 probat
3381 1116 3430 1160 el
3465 1105 3655 1160 statuit

2086 1189 2159 1243 ita
2181 1197 2465 1258 permanet
2491 1188 2626 1245 ﬁxus
2650 1199 2705 1245 ct
2724 1192 2948 1258 stabilis,
2972 1195 3107 1248 utin
3134 1195 3281 1250 nullo
3309 1197 3657 1265 semetipsum

2080 1278 2305 1348 iudicet,
2345 1279 2407 1332 in
2429 1279 2574 1335 nullo
2607 1283 2985 1352 reprehendat.

2158 1366 2264 1433 Qui
2311 1377 2486 1422 autem
2531 1369 2801 1437 discernit,
2853 1372 2898 1425 si
2930 1372 3350 1440 manducauerit,
3380 1374 3662 1429 dam'mtus

2087 1468 2185 1523 est,
2205 1459 2329 1529 quia
2353 1475 2454 1512 non
2483 1476 2548 1514 ea:
2574 1459 2697 1529 ﬁde.
2729 1460 2925 1535 (Orig)
2952 1462 3064 1518 Hoc
3090 1472 3271 1518 autem
3301 1472 3356 1518 et
3382 1464 3436 1518 in
3478 1465 3664 1519 obser-

2087 1551 2269 1604 vantia
2308 1550 2574 1617 ciborum,
2605 1552 2895 1607 secundum
2943 1569 3062 1608 eam
3101 1554 3336 1624 regulam
3368 1570 3528 1624 quam
3569 1571 3664 1610 su-

406 1633 592 1705 (Aug.)
624 1634 738 1689 Hoc
771 1637 839 1690 ad
869 1635 921 1689 id
962 1635 1301 1705 potissimum
1326 1635 1666 1690 referendum
1696 1644 1801 1695 est.
1845 1637 1988 1705 quod
2089 1646 2271 1712 peritis
2295 1643 2485 1708 texuit,
2517 1643 2821 1699 habendum
2852 1644 3004 1712 dicit,
3038 1654 3097 1700 ut
3131 1647 3326 1715 siquis
3348 1646 3541 1716 estqui
3570 1663 3666 1716 per

407 1726 657 1794 superius
703 1726 856 1790 dixit,
901 1725 1026 1780 Non
1074 1743 1195 1797 ergo
1245 1726 1627 1796 blasphematur
1675 1727 1864 1793 bonum
1893 1744 1988 1780 nos
2020 1720 2472 1790 “conscientiam
2515 1734 2769 1805 spiritalis
2806 1736 2938 1807 legis
2986 1737 3178 1807 probat
3222 1738 3404 1793 omnia
3434 1740 3661 1793 mandu-

407 1825 605 1878 strum;
636 1816 739 1871 hoc
768 1824 852 1870 est
871 1816 1015 1870 enim
1041 1817 1207 1870 etiam
1230 1816 1373 1886 quod
1405 1831 1547 1871 nunc
1571 1815 1648 1869 ait
1677 1825 1802 1870 ante
1827 1816 1984 1871 istam

409 1905 753 1971 sententiam,
798 1904 877 1959 Tu
916 1905 1072 1974 ﬁdem
1100 1923 1259 1975 quam
1284 1905 1442 1960 habes
1466 1923 1620 1976 penes
1641 1907 1985 1976 temetipsum,

411 1997 539 2049 babe
568 2013 745 2051 eorum
789 1996 939 2063 Deo,‘
963 1996 1051 2050 vel
1090 1998 1345 2066 quoniam
1383 1996 1525 2051 bona
1565 2003 1650 2053 est
1688 1997 1804 2052 liam
1831 1995 1983 2058 ﬁdes,

410 2106 516 2157 qua
560 2088 853 2153 credimus,
885 2086 1063 2141 oninia
1092 2087 1290 2140 munda
1329 2087 1565 2153 mundis,
1591 2094 1649 2141 et
1692 2087 1746 2141 in
1784 2100 1850 2141 ea
1884 2086 1989 2140 lide

412 2196 509 2233 nos
538 2179 847 2250 probamus,
896 2180 1032 2233 bene
1063 2187 1280 2231 utamur
1310 2179 1428 2247 ipso
1474 2178 1617 2233 bono
1663 2185 1871 2242 nostro,
1923 2193 1989 2233 ne

412 2270 550 2325 forte
598 2286 722 2326 cum
755 2269 821 2324 a'd
865 2252 1247 2325 oll'endiculnm
1287 2268 1622 2323 inﬁrmorum
1656 2268 1885 2322 fratrum
1922 2284 1989 2323 eo

412 2363 552 2417 bono
581 2363 736 2417 abusi
773 2362 1057 2429 fuerimus,
1090 2377 1374 2431 peccemus
1416 2362 1469 2415 in
1512 2360 1728 2425 fratres,
1759 2370 1816 2415 et
1844 2360 1897 2414 in
1924 2376 1990 2415 eo

414 2453 529 2520 ipso
559 2452 700 2507 bono
722 2452 1049 2522 iudicemur,
1089 2468 1212 2507 cum
1258 2452 1685 2507 scandalizamus
1723 2452 1987 2515 inﬁrmos,

413 2540 466 2593 in
498 2557 605 2609 quo
645 2542 786 2597 bono
833 2557 930 2597 nos
962 2544 1273 2610 probamus,
1321 2558 1447 2596 cum
1490 2543 1604 2612 ipsa
1660 2541 1791 2621 ﬁdes
1836 2542 1991 2596 nobis

414 2631 606 2698 placet.
631 2632 857 2703 (Ambr.)
883 2632 1330 2702 Unumquemque
1350 2634 1566 2702 proprio
1585 2632 1789 2699 iudicio
1808 2641 1993 2688 censet

415 2722 901 2789 condemnandum,
934 2723 1026 2792 qni
1052 2724 1194 2792 quod
1223 2723 1354 2777 dicit
1376 2739 1480 2777 non
1514 2723 1711 2797 debere
1728 2739 1787 2779 se
1813 2724 1992 2780 facere

416 2811 582 2865 facit:
612 2818 666 2865 et
703 2812 848 2865 hunc
886 2811 1122 2874 beatum,
1173 2810 1264 2881 qui
1301 2827 1406 2865 non
1452 2811 1595 2866 aliud
1632 2811 1781 2876 facit,
1829 2827 1993 2881 quam

416 2901 556 2970 quod
577 2901 679 2957 sibi
700 2902 833 2955 utile
853 2901 1062 2972 probat.
1081 2900 1280 2972 (0rig.)
1299 2901 1494 2955 Beatus
1514 2902 1636 2970 quis
1652 2901 1754 2963 dici
1764 2910 1868 2967 tur,
1887 2918 1993 2959 non

416 2991 589 3046 solum
617 2992 662 3046 si
689 2990 853 3047 faciat
883 3008 946 3047 ea
974 3007 1095 3061 quae
1116 2993 1398 3060 competit,
1430 2992 1523 3046 sed
1546 3000 1600 3047 ct
1621 2982 1807 3047 si'non
1832 2991 1997 3047 faciat

2089 1826 2279 1887 cauda,
2308 1834 2365 1879 et
2400 1826 2583 1879 omnia
2626 1841 2745 1881 esse
2798 1830 3018 1893 munda,
3054 1845 3161 1885 non
3207 1846 3420 1885 rursum
3461 1830 3669 1899 iudicet

2088 1915 2455 1985 semetipsum,
2482 1923 2537 1969 et
2577 1916 2963 1972 dubitationem
3008 1920 3187 1989 capiat
3236 1928 3413 1973 utrum
3445 1936 3659 1976 sumere

2089 2004 2302 2066 debeat,
2346 2020 2445 2059 nec
2473 2020 2560 2067 ne,
2593 2006 2720 2075 quia
2772 2007 2864 2076 qui
2917 2009 3019 2063 hoc
3051 2009 3211 2063 modo
3247 2009 3522 2074 discernit,
3559 2012 3660 2064 hoc

2089 2104 2191 2159 est,
2219 2094 2309 2164 qui
2337 2095 2544 2151 dubitat
2572 2105 2751 2150 utrum
2801 2112 2927 2152 vere
2952 2099 3209 2153 mundum
3237 2100 3307 2154 sit
3335 2114 3401 2153 an
3432 2100 3664 2152 immun-

2089 2186 2216 2240 dum
2263 2184 2408 2255 quod
2441 2186 2626 2251 sumit,
2655 2187 2755 2242 iste
2784 2203 2848 2242 ex
2878 2188 2994 2257 ipsa
3022 2188 3187 2242 animi
3217 2189 3298 2244 sui
3329 2188 3665 2243 dubitatione

2090 2276 2418 2331 conscientia
2448 2286 2705 2348 urguente
2751 2260 3054 2334 damnatur.
3089 2279 3316 2350 (Ambr.)
3354 2280 3549 2336 Verum
3582 2288 3666 2335 est

2088 2367 2214 2436 quia
2239 2367 2330 2437 qui
2346 2365 2553 2435 iudicat
2576 2384 2680 2423 non
2702 2355 2990 2434 edendum,
3014 2379 3068 2425 et
3087 2369 3217 2435 edit,
3233 2370 3517 2424 damnatus
3537 2377 3621 2423 est
3647 2387 3660 2423 :

2091 2457 2204 2526 ipse
2233 2458 2378 2512 enim
2430 2474 2489 2514 se
2535 2460 2775 2526 damnat,
2808 2460 3023 2531 quando
3069 2462 3122 2516 id
3160 2462 3302 2531 quod
3331 2462 3434 2516 sibi
3472 2461 3661 2516 inutile

2091 2546 2286 2601 asserit
2326 2547 2470 2603 facit.
2511 2548 2708 2622 (θήρ.)
2732 2549 2962 2605 Causam
2991 2566 3206 2621 quoque
3235 2551 3394 2621 huius
3440 2550 3666 2604 damna-

2092 2638 2254 2711 tionis
2298 2640 2543 2709 exponit,
2594 2641 2778 2696 dicens
2811 2659 2824 2694 :
2860 2640 2996 2709 Quia
3028 2657 3132 2697 non
3157 2657 3224 2697 ex
3263 2642 3367 2696 ﬁde
3415 2641 3664 2705 sumitur,

2091 2729 2184 2785 sed
2214 2732 2396 2801 utique
2431 2747 2497 2787 ex
2521 2732 2879 2789 dubitatione.

2165 2819 2331 2875 Omne
2359 2833 2531 2875 autem
2573 2822 2713 2890 quod
2744 2838 2846 2877 non
2886 2832 2959 2877 est
2997 2838 3062 2877 ea:
3101 2822 3225 2892 ﬁde,
3270 2830 3536 2891 peccatum
3572 2830 3665 2873 est.

2093 2911 2323 2981 (Ambr.)
2351 2912 2517 2967 Recte
2538 2921 2816 2982 peccatum
2832 2912 3062 2983 appellat
3082 2912 3227 2981 quod
3248 2911 3404 2965 aliter
3429 2911 3489 2964 ﬁt
3509 2923 3668 2978 quam

2094 3001 2379 3069 probatum
2409 3010 2511 3056 est.
2542 3000 2738 3074 (0rig.)
2780 2984 2981 3057 ln'hoc
3027 3017 3278 3057 sermone
3333 3000 3669 3055 credentium

374 3150 377 3153 Α
414 3097 478 3137 ea
509 3097 629 3152 quae
657 3098 765 3138 non
790 3085 1080 3154 competit;
1113 3093 1174 3139 ut
1203 3085 1292 3139 ille
1326 3086 1515 3140 beatus
1545 3086 1741 3140 dicitur
1767 3086 1858 3154 qui
1885 3101 1990 3140 non
2020 3079 2063 3139 C
2095 3107 2432 3161 quorumque
2477 3093 2807 3164 negligentes
2851 3103 2906 3148 et
2950 3093 3164 3149 desides
3218 3092 3426 3147 animas
3454 3088 3669 3146 vinculo

417 3171 552 3227 abiit
578 3173 634 3228 in
662 3174 888 3229 consilio
926 3175 1217 3244 impiorum
1248 3174 1421 3245 (Psal.
1454 3176 1495 3245 ι)
1524 3190 1539 3229 :
1568 3176 1648 3231 sic
1689 3175 1778 3230 ille
1796 3176 1992 3230 nihilo-

418 3262 595 3318 minus
621 3264 829 3331 beatus,
861 3264 954 3334 qui
996 3264 1236 3318 ambulat
1257 3264 1311 3318 in
1338 3263 1455 3334 lege
1477 3264 1709 3330 Domini,
1740 3264 1928 3319 inutile
1962 3276 1989 3305 α

417 3354 604 3409 beatus
627 3362 729 3419 est,
761 3354 852 3424 qui
880 3371 985 3411 non
1008 3364 1115 3410 stat
1136 3356 1190 3410 in
1215 3356 1300 3409 via
1331 3365 1698 3425 peccatorum,
1730 3356 1872 3412 sicut
1902 3355 1990 3410 ille

415 3444 510 3513 qui
555 3444 845 3500 meditatur
877 3447 1116 3515 quotidie
1160 3446 1214 3500 in
1252 3445 1368 3515 lege
1416 3434 1627 3501 Domini
1664 3448 1856 3503 beatus
1884 3455 1987 3501 est.

420 3534 495 3590 lla
521 3546 576 3593 et
602 3538 655 3591 in
694 3539 947 3608 praesenti
994 3538 1111 3594 loco
1153 3538 1445 3607 Apostolus
1484 3556 1497 3591 :
1542 3537 1760 3602 Beatus,
1793 3538 1987 3607 inquit,

416 3630 505 3699 qui
557 3647 660 3685 non
712 3631 914 3699 iudicat
962 3632 1295 3703 semetipsum
1348 3632 1404 3684 in
1459 3647 1520 3685 eo
1579 3630 1718 3701 quod
1782 3631 1989 3700 probat.

490 3753 514 3778 ιι
546 3739 637 3794 Sic
657 3748 775 3794 erat
806 3740 859 3795 in
882 3738 1009 3805 Ms.,
1039 3738 1131 3794 sed
1157 3738 1440 3810 legendum
1469 3740 1667 3809 utique.

2098 3181 2333 3236 arctiore
2361 3184 2700 3255 constringit,
2744 3192 2806 3238 ut
2852 3184 2988 3239 nihil
3035 3185 3153 3240 sine
3181 3184 3286 3240 ﬁde
3326 3191 3510 3255 agant,
3538 3181 3669 3236 nihil

2097 3270 2300 3342 absque
2349 3273 2453 3329 ﬁde
2490 3275 2668 3330 dicant
2699 3290 2875 3345 neque
2917 3276 3176 3345 cogitent,
3215 3275 3341 3344 quia
3387 3274 3500 3329 sive
3543 3272 3673 3343 quid

2094 3361 2332 3431 gesseris
2381 3363 2498 3440 sine
2530 3363 2656 3430 ﬁde,
2705 3364 2821 3420 sive
2877 3364 3089 3420 locutus
3141 3363 3329 3429 fueris,
3364 3362 3478 3419 sive
3504 3362 3670 3415 etiam

2096 3451 2437 3520 cogitaveris,
2480 3468 2693 3523 peccas.
2748 3454 2860 3511 Hoc
2907 3454 3049 3510 idem
3101 3463 3186 3510 est
3238 3454 3381 3524 quod
3445 3454 3500 3507 in
3547 3450 3670 3507 aliis

2095 3541 2227 3596 dicit
2255 3540 2308 3613 (Ι
2354 3541 2476 3596 Cor.
2511 3543 2566 3615 Χ)
2605 3561 2617 3597 :
2654 3545 2774 3600 Sive
2818 3546 3171 3609 manducetis,
3206 3545 3313 3599 sive
3351 3543 3543 3608 bibitis,
3570 3541 3675 3597 sive

2095 3631 2243 3686 aliud
2267 3634 2392 3703 quid
2413 3635 2606 3703 facitis,
2636 3637 2811 3690 omnia
2841 3636 2910 3689 ad
2937 3635 3159 3707 gloriam
3181 3636 3277 3690 Dei
3305 3637 3481 3706 facile.

1437 3959 1853 4074 LIBER
1814 3958 2637 4134 ΜΝΞ.

1018 4180 1244 4238 CAPUT
1279 4179 1375 4234 XV

424 4296 602 4368 Pergit
620 4294 895 4368 adhortari
920 4292 1143 4361 majores
1163 4301 1219 4346 ut
1246 4291 1482 4362 infirmos
1506 4293 1817 4368 sustineam,
1839 4302 1886 4347 et
1909 4311 1996 4348 eos

2104 4197 2218 4235 mus
2239 4189 2380 4244 tuus,
2403 4188 2451 4232 et
2474 4195 2576 4233 non
2599 4189 2745 4232 tuum
2766 4194 2855 4245 os;
2883 4188 3182 4244 extraneas,
3207 4190 3253 4234 et
3283 4196 3385 4236 non
3413 4191 3505 4235 tua
3532 4180 3672 4238 labia

2106 4271 2284 4343 (Prov.
2316 4269 2520 4341 xxv");
2554 4285 2659 4324 non
2693 4284 2823 4340 ergo
2854 4285 2953 4341 pro
2996 4270 3153 4326 laude
3187 4273 3429 4342 propria,
3464 4271 3557 4329 sed
3578 4290 3675 4343 pro

493 4360 551 4423 iii
569 4367 674 4436 ﬁde
700 4360 1054 4436 promoveant,
1075 4360 1388 4436 excusatque
1407 4377 1462 4417 se
1478 4378 1579 4415 cur
1599 4361 1864 4418 Romanos
1888 4381 2000 4418 cor-
2028 4360 2077 4419 D
2105 4378 2287 4418 rerum
2308 4362 2691 4431 consequentia
2716 4362 2928 4417 ﬁrmum
2951 4364 3298 4433 semetipsum
3323 4367 3637 4435 pronuntiat
3661 4386 3672 4421 :

494 4431 744 4509 paraliter
774 4451 879 4489 non
900 4431 1141 4488 visitarit.

494 4550 748 4607 Debemus
768 4557 943 4603 autem
970 4562 1064 4600 nos
1087 4544 1345 4615 ﬁrmiores
1370 4544 1745 4601 imbecillitates
1767 4547 2001 4616 inﬁrmo-

427 4659 542 4699 rum
573 4641 847 4705 sustinere,
875 4654 981 4692 non
1016 4636 1165 4691 nobis
1204 4634 1426 4706 placere.
1477 4635 1678 4708 (Cass.)
1719 4636 2001 4707 Nunquam

426 4735 572 4789 enim
599 4730 846 4787 inﬁrmus
865 4734 1132 4784 sustentat
1159 4725 1453 4792 inﬁrmum,
1476 4742 1577 4782 nec
1602 4726 1834 4787 tolerare
1856 4736 2005 4797 pote-

429 4824 519 4887 rit,
557 4829 651 4875 aut
671 4833 864 4874 curare
886 4817 1231 4888 languentem
1255 4815 1302 4871 is
1342 4816 1436 4886 qui
1469 4816 1717 4871 similiter
1737 4825 1964 4887 :egrolat
1987 4836 2001 4871 :

427 4916 521 4971 sed
545 4914 634 4970 ille
670 4912 931 4969 medelam
966 4910 1169 4965 tribuet
1202 4909 1487 4976 imbecilli,
1516 4909 1609 4980 qui
1650 4910 2005 4965 imbecillitati

428 5008 543 5078 ipse
593 5021 700 5061 non
731 5003 993 5073 subiacet,
1042 5001 1238 5057 merito
1276 5001 1326 5055 ei
1368 5000 1567 5057 dicitur
1595 5016 1609 5056 :
1642 5001 1849 5057 Medice
1873 5018 2004 5057 cura

429 5098 679 5167 teipsum.
710 5096 879 5151 Recte
914 5094 1012 5158 ait,
1042 5092 1305 5158 debemus,
1350 5092 1478 5162 quia
1507 5101 1721 5162 oportet
1756 5094 2007 5150 doctores

429 5186 673 5242 inﬁrmos
701 5185 943 5251 ﬁrmare,
968 5192 1024 5239 et
1053 5183 1336 5252 imperitos
1367 5183 1584 5239 erudire
1609 5200 1733 5239 cum
1758 5200 2007 5241 mansue-
2036 5244 2042 5249 ,

431 5277 633 5342 tudine,
665 5291 735 5330 ne
760 5274 1035 5345 provocati
1072 5273 1199 5329 dum
1232 5274 1560 5329 contendere
1601 5275 1804 5340 volunt,
1828 5285 1883 5331 et
1912 5292 2002 5343 ne,

429 5369 555 5422 dum
597 5365 833 5422 humiles
871 5365 1175 5428 videantur,
1204 5362 1258 5417 in
1280 5361 1433 5433 peius
1470 5364 1776 5433 proﬁciant.
1807 5363 2003 5437 (Θήῃ.)

431 5458 658 5513 Videtur
682 5456 739 5511 in
778 5456 865 5511 his
899 5454 1099 5509 Paulus
1133 5453 1351 5510 ﬁrmum
1383 5456 1729 5525 semetipsum
1762 5471 2021 5526 pronun;

432 5549 586 5603 tiare.
620 5546 728 5604 Sed
759 5562 869 5602 non
897 5560 964 5600 ex
991 5546 1095 5601 hoc
1121 5545 1359 5617 accipias
1381 5560 1504 5601 eum
1542 5549 1695 5617 quasi
1728 5548 2005 5604 immemo-

431 5649 545 5692 rem
579 5637 817 5693 mandati
846 5635 989 5691 illius
1011 5635 1134 5701 loci,
1157 5651 1267 5706 quo
1288 5636 1489 5693 dicitur
1514 5653 1526 5690 :
1556 5636 1749 5693 Laudet
1770 5649 1819 5692 te
1832 5639 2006 5708 proxi-

2105 4453 2150 4507 si
2176 4453 2321 4508 enim
2365 4452 2483 4521 ipse
2511 4451 2836 4508 humilitatis
2862 4454 3043 4524 specie
3074 4455 3216 4509 inter
3246 4455 3430 4513 ﬁrmos
3460 4459 3679 4513 vitasset

2103 4541 2584 4612 euumerari,.quis
2603 4556 2669 4596 ex
2700 4541 2787 4597 his
2808 4542 2900 4611 qui
2926 4542 3151 4598 aliorum
3179 4545 3519 4601 inﬁrmitates
3546 4561 3674 4616 ρον-

2105 4640 2221 4687 tare
2241 4633 2520 4699 deberent,
2536 4633 2760 4688 auderet
2777 4633 2960 4689 subire
2989 4635 3133 4691 istud
3160 4637 3415 4703 olﬁcium,
3438 4646 3498 4692 ut
3525 4640 3680 4708 quasi

2106 4725 2294 4780 ﬁrtuns
2320 4726 2434 4796 ipse
2477 4725 2798 4796 fragilitates
2828 4725 3163 4780 inﬁrmorum
3195 4728 3337 4781 ferre
3367 4726 3633 4783 niteretur
3659 4730 3682 4781 ’ἓ

2106 4819 2212 4874 Sed
2238 4819 2358 4873 ideo
2381 4833 2666 4874 commune
2691 4815 2821 4872 facit
2862 4817 3003 4872 istud
3028 4816 3277 4881 ofﬁcium,
3306 4826 3366 4873 ut
3393 4818 3674 4887 unusquis-

2105 4923 2209 4978 que
2230 4917 2495 4974 nostrum,
2524 4909 2578 4962 in
2601 4922 2707 4976 quo
2725 4917 2922 4977 poteSt,
2947 4907 3111 4961 etiam
3132 4906 3177 4960 si
3198 4921 3305 4961 non
3328 4907 3383 4961 in
3409 4908 3681 4976 omnibus,

2106 5008 2286 5054 tamen
2318 5000 2371 5052 in
2408 5014 2517 5068 quo
2544 4998 2755 5052 videtur
2780 4996 2986 5051 ﬁrmior
3001 4995 3246 5065 proximo
3277 5011 3374 5052 suo
3394 5013 3529 5062 esse,
3556 5014 3681 5069 por-

2108 5082 2184 5144 tet
2205 5089 2573 5143 inﬁrmitatem
2600 5086 2738 5155 eius,
2761 5087 2901 5142 sicut
2928 5095 2984 5140 et
3010 5086 3063 5139 in
3092 5086 3210 5142 aliis
3237 5087 3371 5143 dicit
3395 5086 3537 5158 (Gal.
3558 5089 3636 5158 vr)
3664 5104 3676 5142 :

2106 5177 2336 5232 Invicem
2367 5194 2528 5231 onera
2564 5186 2733 5230 vestra
2759 5186 2980 5246 portate.
3014 5175 3120 5231 Sed
3152 5175 3363 5232 videtur
3396 5192 3560 5232 onera
3589 5179 3679 5234 hic

2105 5285 2203 5340 pro
2228 5269 2502 5338 corporeis
2527 5266 2942 5322 necessitatibus
2966 5267 3297 5335 nominasse,
3333 5269 3455 5325 utsi
3478 5269 3598 5339 quis
3622 5270 3679 5325 in

2107 5358 2450 5414 facultatibus
2473 5357 2775 5428 opulentior
2805 5366 2910 5425 est,
2947 5374 3087 5413 onus
3112 5359 3459 5428 pauperioris
3479 5370 3675 5430 portet,

2106 5462 2160 5507 et
2191 5452 2471 5522 penuriam
2516 5450 2718 5506 soletur
2749 5451 3097 5507 abundantia.
3124 5449 3181 5503 In
3213 5464 3289 5505 eo.
3316 5450 3406 5504 ubi
3431 5451 3581 5516 dicit,
3623 5461 3686 5507 ut

2108 5542 2373 5598 ﬁrmiores
2418 5540 2755 5595 inﬁrmorum
2802 5539 3105 5594 sustineant
3156 5537 3518 5603 inﬁrmitates,
3573 5552 3683 5593 non

2107 5634 2250 5691 aliud
2285 5632 2505 5703 intelligi
2549 5638 2741 5702 potest,
2773 5645 2936 5700 quam
2964 5640 3022 5685 ut
3050 5646 3136 5697 ea,
3168 5630 3223 5685 in
3253 5630 3450 5699 quibus
3477 5627 3564 5683 alii
3582 5640 3695 5696 per
