4026 6180
409 247 430 300 l
440 245 547 305 595

932 247 1479 323 ENQRRA'HONUH
1516 253 1583 311 IN
1620 258 1768 313 EPP.
1813 259 2014 317 PAULI
2052 263 2180 321 LIB.
2221 267 2352 324 Vlll.
2383 295 2458 312 -ί
2486 270 2556 327 ΙΝ
2594 271 2809 330 EPIST.
2848 276 2940 333 AD
2975 278 3141 336 R031.

399 360 825 463 matiam
859 373 910 418 te
930 365 1236 463 ceciderunt
1272 385 1431 463 super
1464 388 1569 438 me,
1591 374 1696 431 hoc
1716 384 1833 432 est:
1863 376 1981 449 Ego
2000 381 2049 439 Α
2078 390 2127 436 et
2162 383 2531 442 consolationis
2568 388 2656 443 det
2691 391 2855 457 vobis,
2903 393 3120 463 inquit,
3157 397 3324 462 ipsum

3516 286 3541 343 1
3552 288 3655 346 594

3371 417 3553 470 sapere
3600 405 3654 459 in

400 470 523 510 cum
543 453 874 510 voluntatem
905 464 1051 512 tuam
1076 455 1336 525 facerem,
1359 461 1612 519 dixerunt
1643 481 1729 521 me
1748 481 1974 537 peccare
2063 470 2382 527 alterutrum
2403 478 2689 537 secundum
2722 453 2908 557 Jesum
2930 453 3216 539 Christum.
3250 485 3306 541 ln
3331 453 3654 549 hoerDaulus

395 548 553 613 inte,
578 547 668 617 qui
699 562 804 602 non
828 561 918 604 me
939 549 1247 619 recipiendo
1269 568 1431 622 quem
1465 555 1659 612 misisti
1681 560 1974 628 exprobra-

390 646 588 695 verunt
616 646 692 703 te,
717 639 843 708 quia
870 637 1059 703 Judaei,
1093 654 1216 697 cum
1248 652 1534 713 peccarent
1561 646 1614 701 in
1637 646 1833 714 Deum,
1863 663 1970 705 non

392 729 718 801 recipientes
747 744 910 799 quem
946 730 1094 786 misit
1128 730 1437 799 Christum,
1484 735 1707 807 insuper
1744 747 1798 794 et
1827 734 1970 795 occi—

386 819 589 874 deruut
614 834 758 884 eum,
789 820 943 890 quasi
983 830 1294 890 peccantem
1330 825 1385 879 in
1415 825 1606 882 Deum.
1627 827 1719 884 Sic
1747 839 1969 898 peccata

388 910 728 981 peccantium
776 910 832 965 in
862 910 1043 967 Deum
1089 913 1400 971 ceciderunt
1450 932 1612 985 super
1656 917 1962 975 Christum:

389 1001 650 1056 innocens
688 1002 833 1057 enim
852 1002 1294 1071 Ia-peceatoribus
1345 1006 1611 1061 occiditur
1658 1009 1813 1079 quasi
1851 1008 1967 1064 hia-

387 1092 671 1161 sphemus,
702 1091 845 1149 sicut
868 1092 1130 1161 scriptum
1155 1101 1240 1148 est
1269 1094 1324 1148 in
1346 1095 1655 1167 Evangelio.

459 1180 793 1254 Quweunaue
815 1186 963 1238 enim
998 1184 1193 1254 scripta
1223 1197 1366 1251 sunt,
1407 1188 1477 1241 ad
1511 1197 1742 1243 nostram
1769 1189 1964 1244 doctri-

384 1362 775 1434 Seripturarum
797 1380 940 1435 spem
965 1366 1270 1423 habeamus.
1292 1367 1499 1441 (θήρ.)
1523 1370 1644 1425 Hoc
1667 1370 1844 1426 simile
1875 1380 1962 1426 est

2068 561 2501 630 patriarcharum
2549 582 2701 623 more
2731 578 2789 624 et
2819 573 3226 640 prophetarum,
3284 590 3512 645 quorum
3559 582 3653 637 be-

2070 650 2333 708 dictiones
2372 655 2590 724 scriptae
2638 657 2967 725 referuntur,
3011 662 3415 722 benedictiones
3465 670 3653 726 tribuit

2058 737 2343 804 Romanis,
2374 756 2605 800 exorans
2651 747 2732 803 eis
2779 748 2899 803 dari
2946 766 2975 803 a
3028 751 3138 807 Deo
3186 763 3243 808 ut
3277 755 3507 826 idipsnm
3558 774 3649 813 sa-

2052 829 2218 900 piant
2257 830 2311 885 in
2341 832 2679 891 alterutrum.
2731 837 2966 894 Grandis
2996 850 3079 897 est
3104 844 3206 898 ista
3236 846 3558 913 benedictio,
3590 859 3649 906 ut

2068 935 2236 976 unum
2279 922 2494 992 sapiant
2520 941 2711 982 omnes
2739 937 2899 998 atque
2941 947 3103 986 unum
3135 936 3390 1002 sentiant,
3422 947 3480 993 et
3508 941 3649 998 sicut

2064 1009 2167 1065 sibi
2214 1013 2584 1082 unusquisque
2626 1017 2772 1080 velit,
2808 1020 2879 1073 ita
2901 1021 3107 1078 velitet
3145 1027 3391 1094 proximo
3411 1044 3529 1085 suo.
3558 1032 3648 1087 Vis

2064 1111 2248 1159 autem
2289 1105 2429 1161 scire
2497 1116 2759 1175 quantum
2822 1111 2965 1166 valet
3010 1116 3383 1173 unanimitatis
3428 1123 3645 1190 gratia?

2049 1193 2313 1250 Salvator
2332 1195 2386 1250 in
2400 1196 2688 1268 Evangelia
2717 1202 3045 1269 pronuntiat,
3071 1208 3195 1274 quia
3216 1207 3277 1263 Si
3311 1210 3417 1264 duo
3441 1213 3517 1265 vel
3537 1223 3641 1269 tres

2048 1392 2093 1429 α
2118 1376 2247 1442 Deo,
2273 1377 2360 1446 ﬁet
2386 1380 2460 1433 eis
2486 1378 2700 1451 (Matth.
2736 1384 2910 1455 xvm).
2940 1385 3008 1439 Et
3034 1388 3228 1443 iterum
3258 1392 3323 1446 de
3350 1396 3641 1463 semetipso
3718 1410 3725 1417 °

382 1451 459 1506 illi
487 1453 630 1522 quod
660 1453 862 1554 inaliis
881 1455 1013 1554 dicit
1032 1453 1086 1525 (1
1112 1453 1236 1510 Cor.
1266 1455 1323 1554 ξ)
1363 1474 1375 1510 :
1403 1456 1615 1554 Sc-ripta
1628 1468 1757 1513 sunt
1783 1466 1957 1554 artant
2047 1465 2264 1533 dicens,
2311 1469 2434 1539 quia
2464 1470 2568 1525 Ubi
2601 1472 2795 1541 fuerint
2828 1451 2944 1530 duo
2980 1478 3068 1533 ,vel
3116 1489 3218 1534 tres
3243 1451 3558 1554 congregati.
3584 1488 3638 1540 in

368 1549 589 1610 propter
609 1543 803 1606 nas,in
812 1542 1096 1613 quos/ina
1122 1544 1434 1601 seculorum
1447 1545 1779 1601 devenerunt.
1803 1544 1933 1612 Qum

2048 1558 2270 1613 nomine
2307 1576 2443 1624 meo,
2468 1562 2583 1618 hoc
2617 1574 2722 1628 est,
2761 1582 2925 1620 unum
2956 1578 3120 1638 atque
3166 1572 3307 1627 idem
3336 1575 3637 1631 sentientes

368 1629 424 1685 si
452 1631 746 1727 requiritur
769 1632 1037 1702 quomodo
1050 1642 1285 1727 propter
1304 1651 1409 1691 nos
1432 1636 1803 1727 scriptasint,
1833 1636 1956 1693 vide
1986 1716 2025 1727 η
2046 1647 2112 1702 in
2140 1650 2360 1705 nomine
2386 1649 2512 1707 alesu
2540 1653 2765 1720 Christi,
2804 1657 2996 1727 inquit,
3018 1629 3115 1715 .ero
3156 1663 3212 1716 in
3249 1664 3420 1718 medio
3456 1629 3637 1721 eorum

368 1722 501 1791 quia
546 1731 767 1793 propter
814 1739 914 1781 nos
957 1725 1219 1794 scriptum
1255 1734 1380 1781 est:
1423 1725 1548 1781 Non
1597 1725 1864 1783 obturalu's
1892 1742 1933 1780 οε

2048 1737 2269 1812 (ΠΜ).
2318 1742 2414 1797 Vis
2451 1751 2505 1798 et
2540 1744 2686 1800 aliud
2706 1716 2954 1816 accipere
2985 1716 3637 1824 exemplumiquomodo

375 1815 492 1869 boui
523 1816 815 1882 triturantt',
838 1832 944 1870 non
980 1816 1117 1872 enim
1139 1816 1206 1871 de
1238 1817 1397 1872 bobus
1427 1834 1556 1872 cura
1595 1827 1671 1872 est
1698 1816 1828 1882 Deo,
1859 1818 1951 1871 sed
2053 1843 2218 1882 unum
2273 1832 2630 1889 sentientibus
2677 1815 2924 1892 Christus
2979 1815 3188 1895 medius
3239 1815 3526 1912 iisti-Vide
3580 1848 3632 1898 in

368 1905 438 1960 de
467 1905 613 2001 nobis
894 1903 1018 2001 Cor.
1049 1904 1159 2001 lx):
1306 1915 1532 2001 propter
1562 1907 1950 2001 nosAscriplltm
2046 1917 2276 1976 Actibus
2315 1923 2676 1991 apostolorum
2725 1927 2864 1997 (Aet.
2894 1928 2955 1999 ι),
2979 1931 3260 1999 quomodo
3288 1909 3410 2001 post
3442 1949 3634 1989 ascen-

362 2004 475 2061 .est,
490 1996 618 2065 quia
636 1996 904 2052 Abraham
926 1996 1061 2051 duos
1079 1996 1221 2066 ﬁlios
1239 1997 1441 2063 habuit,
1461 2014 1626 2052 unum
1646 1998 1711 2052 de
1731 1997 1933 2055 ancilla.

2042 2010 2258 2065 sionem
2302 2012 2543 2079 Domini,
2594 2030 2716 2070 cum
2754 2016 3096 2085 elevassent,
3141 2021 3335 2090 inquit,
3380 2025 3629 2078 undecim

362 2096 415 2143 et
438 2103 599 2144 unum
620 2087 870 2143 delibera
894 2087 1037 2160 (Gal.
1065 2087 1163 2160 tv),
1193 2097 1253 2144 ut
1274 2104 1377 2145 nos
1396 2090 1654 2154 sciamus,
1687 2089 1810 2180 quia
2043 2101 2275 2170 apostoli
2294 2117 2425 2157 .cum
2456 2105 2667 2160 czeteris
2692 2109 2902 2173 vocem,
2926 2087 3329 2169 etunanim-iter
3351 2126 3621 2180 orassent,

368 2186 496 2232 sunt
532 2177 840 2247 allegorica,
869 2188 916 2233 et
937 2180 1050 2234 Iure
1089 2190 1212 2234 sunt
1236 2180 1344 2235 duo
1378 2180 1707 2235 Testamenta
1733 2178 1942 2252 (Ibid).
2037 2199 2228 2245 motus
2255 2199 2340 2245 est,
2368 2192 2535 2257 locus,
2565 2194 2618 2248 in
2647 2211 2755 2265 quo
2776 2198 3013 2262 stabam,
3043 2208 3099 2254 ει
3120 2203 3465 2269 ρηιξςθηιίξιηι
3496 2177 3619 2258 san;

360 2268 595 2340 Propter
639 2286 737 2328 nos
775 2279 840 2325 tet
888 2271 1025 2326 illud
1068 2272 1333 2341 scriptum
1377 2279 1491 2335 est,
1530 2271 1669 2342 quia
1717 2272 1946 2341 populus
2038 2281 2119 2336 cti
2146 2280 2379 2352 Spiritus
2408 2296 2757 2340 meruerunt:
2789 2288 2881 2342 sed
2908 2296 2960 2343 et
2991 2268 3138 2355 illud,
3170 2292 3310 2360 quod
3340 2292 3540 2346 Paulus
3569 2294 3623 2347 in

368 2363 708 2418 manducavit
759 2379 957 2418 manna
1010 2365 1063 2419 in
1088 2365 1336 2430 deserto,
1384 2372 1439 2420 et
1482 2364 1618 2419 bibit
1654 2364 1944 2451 aquamgde
2035 2372 2366 2443 quibusdam
2410 2375 2664 2446 Epistolis
2708 2379 2937 2434 aliorum
2986 2383 3246 2437 vocabula
3278 2399 3461 2439 secum
3493 2383 3625 2454 jun-

358 2463 518 2525 petra
548 2454 745 2525 (Exod;
774 2470 886 2520 xlv,
920 2470 1035 2520 xvi,
1065 2455 1221 2546 svnt,
1271 2465 1331 2508 ut
1373 2471 1474 2510 nos
1521 2455 1944 2526 iutelligeremus
2034 2464 2140 2533 git,
2169 2473 2224 2519 et
2265 2465 2414 2530 dicit,
2458 2465 2658 2523 Paulus
2696 2480 2753 2524 et
2802 2470 3077 2527 Sosthenes
3118 2474 3285 2545 frater
3331 2475 3382 2545 ει
3409 2476 3531 2531 Cor.
3559 2476 3624 2546 ι),

363 2545 491 2615 quia
521 2544 1025 2614 spiritalemescam
1050 2545 1533 2611 matidncaverunt,
1559 2555 1616 2601 et
1642 2546 1933 2618 spiritalem

2040 2564 2097 2610 et
2114 2555 2264 2619 alibi,
2288 2556 2515 2624 Paulus,
2539 2570 2584 2613 et
2608 2559 2877 2627 Silvanus,
2898 2574 2949 2618 et
2964 2563 3265 2621 Timotheus
3283 2566 3332 2639 (I
3343 2544 3528 2623 Thess.

364 2635 1179 2727 potumt'biberuut.bibentesde
1194 2637 1439 2706 sequenti
1458 2645 1767 2710 pett-mque:
1785 2645 1939 2707 ρθιη
2039 2657 2172 2719 puto
2220 2664 2323 2704 non
2373 2651 2606 2706 inaniter
2652 2652 2873 2720 factum,
2920 2658 3014 2711 sed
3057 2635 3626 2727 per-.hocostenditur

350 2732 481 2779 [erat
503 2724 825 2819 Chr-istast!
837 2725 960 2780 Cor.
986 2726 1064 2797 at).
1082 2726 1294 2783 Ethtec
1318 2735 1482 2797 atque
1503 2728 1605 2783 alia
1634 2727 1938 2819 hujusmudi
2034 2740 2184 2811 quod
2213 2741 2423 2797 duobus
2460 2743 2546 2797 vel
2574 2745 2748 2800 tribus
2788 2745 2841 2800 in
2870 2762 2977 2801 uno
3003 2724 3195 2818 ρόεῑιίε
3222 2748 3461 2819 spiritus
3496 2766 3622 2805 san-

348 2822 519 2869 erant
538 2817 954 2887 mysteria,quaz
973 2818 1241 2874 occultata
1272 2818 1756 2891 sunt-temporibus
1782 2814 1933 2875 aeter-

2034 2837 2159 2884 ctus
2186 2847 2350 2885 unum
2379 2833 2444 2887 de
2478 2833 2557 2888 eis
2585 2849 2801 2889 sensum
2833 2836 2896 2891 .in
2918 2853 3038 2892 uno
3063 2838 3308 2894 elicuerit
3345 2855 3616 2906 sermone,

347 2904 832 2968 aiis,.manil'estata
870 2909 1677 2979 autemnunc‘perscripmras
1707 2910 1940 2981 prophe-
2039 2920 2237 2990 utqui
2290 2921 2565 2979 Ecclesias
2615 2925 2811 2982 docere
2861 2929 3154 2998 cupiebant
3202 2946 3380 2984 .unum
3440 2904 3620 2987 dicere

344 2996 513 3063 ticas,
537 3006 594 3053 et
611 2998 911 3055 adventum
934 2999 1150 3055 :Domini
1174 3009 1232 3056 et
1283 3000 1579 3057 Salvatoris
1610 3003 1783 3057 nostri
1807 3001 1932 3058 Iesu
1961 3067 2006 3090 η
2036 3025 2224 3065 omnes
2250 3020 2413 3082 atque
2436 3029 2600 3069 unum
2625 2996 2960 3088 sapere,-ipsi
2987 3020 3138 3090 prius
3162 3036 3325 3075 linum
3350 3037 3411 3077 se
3437 3023 3619 3080 dicere

350 3088 576 3146 Christi.
618 3090 735 3146 Sed
793 3101 850 3147 ut
890 3093 1074 3150 adhuc
1120 3093 1459 3151 manifestius
1510 3095 1613 3150 tiat
1655 3096 1935 3165 quomodo
1961 3067 2007 3131 Ο

354 3201 477 3255 qua:
504 3186 704 3255 scripta
732 3194 858 3241 sunt
881 3196 1103 3257 propter
1124 3202 1239 3243 anes
1255 3189 1469 3257 scripta
1490 3197 1644 3253 sunt,
1674 3189 1741 3244 tle
1765 3189 1933 3260 priori

348 3274 549 3346 pupula
592 3276 724 3331 dicit
764 3278 1028 3346 propheta
1054 3317 1071 3343 ,
1114 3278 1237 3348 quia
1280 3295 1415 3333 aure
1465 3278 1708 3340 audietis,
1749 3288 1798 3332 et
1828 3295 1933 3335 non

352 3365 598 3431 audietis,
660 3375 710 3420 et
760 3367 990 3421 ridentes
1041 3368 1316 3430 uidebitis,
1350 3377 1408 3422 et
1464 3384 1569 3423 non
1630 3367 1931 3438 intelligetis

338 3456 571 3525 :(Eseah.
603 3471 713 3524 xu;
748 3456 864 3513 tier.
894 3459 971 3529 v).
1034 3459 1110 3513 De
1142 3458 1314 3513 nobis
1369 3467 1550 3517 autem
1602 3460 1761 3525 dicit,
1803 3461 1930 3529 quia

350 3548 668 3617 quibusvnon
682 3558 766 3604 est
788 3551 1085 3604 nuntiatum
1115 3549 1179 3604 de
1205 3567 1286 3614 eo,
1324 3551 1602 3616 ridebunt;
1631 3560 1678 3605 et
1708 3553 1799 3621 qui
1827 3567 1929 3605 non

351 3635 650 3696 audierunt.
692 3638 986 3709 ivueﬂigent
1021 3636 1154 3709 (Isa.
1185 3642 1302 3711 LII).
1333 3639 1639 3696 Considera
1687 3656 1816 3710 ergo
1856 3655 1929 3697 ex

342 3724 454 3786 hoc
500 3734 720 3795 propter
744 3742 879 3796 quos
909 3742 1028 3796 quae
1070 3729 1271 3797 scripta
1305 3737 1433 3784 sunt
1482 3731 1686 3801 scripta
1714 3732 1930 3786 videan-

353 3822 626 3885 tur;.qme
665 3817 812 3873 enim
855 3817 1174 3873 scribuntur
1216 3819 1337 3875 sine
1381 3820 1789 3891 dubio‘propter
1820 3835 1927 3877 eos

336 3904 660 3962 scribuntur
698 3907 791 3977 qui
832 3907 1162 3963 intellecturi
1210 3918 1356 3973 sunt,
1401 3923 1507 3963 non
1537 3920 1767 3980 propter
1804 3926 1925 3975 eos,

332 3996 443 4068 .qui
483 4012 662 4069 neque
708 3997 896 4062 visuri,
937 4014 1112 4069 neque
1140 3999 1478 4056 intellecturi
1523 4001 1792 4057 dicuntur.
1816 4002 1923 4075 Qui

344 4095 528 4143 autem
560 4086 880 4157 intelligunt
903 4103 1026 4158 quae
1054 4088 1257 4157 scripta
1287 4097 1434 4155 sunt,
1466 4089 1739 4145 illud.sinc
1763 4092 1923 4149 dubio

334 4177 652 4243 invenient,
706 4178 851 4248 quod
884 4189 1290 4249 consequenter
1333 4177 1644 4251 adjungitu-r
1683 4179 1795 4235 :-Ut
1831 4199 1924 4250 per

334 4269 652 4337 patientiam
689 4269 1171 4327 eteousolatiouem
1217 4268 1614 4342 Scripturarum
1651 4289 1793 4343 spem
1821 4274 1922 4328 ha-

330 4358 865 4417 ibeamusadbeum.
896 4358 1331 4417 Consolationem
1383 4378 1617 4433 namque
1661 4379 1729 4419 ex
1772 4363 1919 4419 Scri-

328 4450 515 4524 pturis
552 4466 661 4506 non
702 4450 813 4517 ille;
862 4453 956 4522 qui
998 4467 1176 4523 neque
1222 4456 1398 4510 credit
1435 4471 1609 4525 neque
1651 4456 1945 4529 intelligit,‘

332 4543 435 4603 sed
469 4542 559 4599 ille
582 4544 675 4613 qui
710 4552 767 4600 et
793 4544 966 4603 Credit
991 4554 1047 4601 et
1091 4545 1359 4616 intelligit,
1398 4547 1559 4616 capit.

405 4634 552 4689 Deus
580 4645 756 4690 autem
793 4637 1057 4707 patientia:
1088 4647 1137 4691 et
1170 4637 1348 4695 solatii
1387 4638 1472 4691 det
1505 4638 1649 4692 vobis
1682 4639 1920 4709 .idipsum

332 4741 521 4794 sapere
554 4727 611 4779 in
640 4724 958 4779 alterutrum
984 4727 1277 4784 secundum
1320 4727 1505 4781 Iesum
1541 4726 1829 4783 Christum.
1860 4729 1920 4785 Si

334 4823 523 4872 autem
547 4815 803 4889 patientia
832 4817 1007 4872 virtus
1024 4826 1131 4881 est,
1148 4818 1328 4893 ornnis
1353 4819 1527 4873 virtus
1547 4833 1576 4872 a
1599 4819 1710 4874 Deo
1734 4828 1840 4885 est,
1864 4829 1922 4877 et

328 4910 592 4985 patientia
618 4927 649 4966 a
671 4913 781 4968 Deo
803 4923 906 4970 est.
931 4915 1220 4988 Cum-ergo
1244 4917 1443 4972 dicitur
1473 4917 1615 4972 Deus
1635 4917 1916 4988 patientite,

328 5000 443 5058 hoc
462 5009 549 5055 est
568 5002 718 5071 quod
748 5003 961 5063 videtur
982 5005 1216 5064 ostendi.
1251 5006 1377 5076 quia
1396 5006 1611 5062 dicitur
1629 5007 1769 5062 Deus
1793 5023 1916 5061 cum

330 5090 422 5145 his
449 5105 589 5157 esse,
615 5093 932 5161 qui'habent
962 5094 1017 5148 in
1046 5109 1108 5150 se
1134 5095 1394 5151 virtutem
1431 5096 1707 5166 patientiae
1735 5114 1749 5149 :
1777 5096 1918 5151 sicut

334 5196 457 5235 cum
479 5180 679 5237 dicitur
700 5182 838 5237 Deus
849 5183 1097 5254 justitite,
1106 5186 1414 5241 ostenditur
1435 5185 1489 5240 in
1512 5187 1601 5242 his
1616 5201 1736 5242 esse
1752 5187 1911 5254 Deus,

326 5276 424 5344 qui
450 5284 675 5331 servant
691 5277 981 5346 justitiam.
1016 5278 1292 5335 Similiter
1321 5289 1375 5334 et
1404 5282 1542 5337 Deus
1566 5280 1829 5344 veritatis,
1856 5289 1914 5336 et

326 5365 474 5422 Deus
500 5369 779 5437 sapientiae
825 5370 1159 5441 intelligitur.
1196 5369 1303 5426 Sed
1348 5379 1404 5426 et
1433 5371 1575 5426 Deus
1595 5370 1910 5425 consolatio-

331 5457 413 5513 uis
459 5472 582 5513 cum
630 5460 851 5523 dicitur,
901 5476 1024 5515 cum
1075 5461 1180 5520 illis
1222 5476 1345 5517 esse
1391 5461 1696 5517 ostenditur
1743 5460 1909 5526 Deus,

326 5549 418 5628 qui
438 5564 504 5604 ex
520 5551 1033 5621 divinis'Scripturis
1059 5568 1157 5624 per
1182 5553 1585 5624 intelligentiam
1611 5551 1906 5622 spiritalem

324 5640 750 5707 cottsolationcm
791 5643 1013 5722 spiritus
1038 5645 1279 5723 capiunt.
1316 5645 1453 5699 Deus
1479 5659 1610 5715 ergo
1642 5645 1907 5721 patientia:

2034 3108 2092 3157 et
2120 3116 2284 3155 unum
2305 3118 2502 3174 sapere
2533 3105 2996 3165 demonstrarent.

2099 3189 2174 3245 EUt
2209 3195 2484 3249 unanimes
2504 3212 2614 3249 uno
2633 3213 2724 3250 ore
2743 3198 3103 3268 bonoriﬁoetis
3122 3201 3297 3261 ‘Deum
3325 3212 3375 3257 et
3392 3202 3614 3258 :Patrem

2028 3280 2243 3337 Domini
2265 3285 2437 3338 nostri
2454 3284 2585 3339 Iesu
2605 3285 2819 3342 Christi.
2840 3288 3263 3359 (Ambr.):Quasi
3291 3294 3612 3351 ad'salutem

2026 3374 2231 3429 missus
2275 3374 2565 3445 Apostolus
2613 3379 2755 3435 bono
2799 3389 2927 3437 voto
2969 3382 3182 3452 plebem
3232 3388 3613 3456 prosequitur,

2024 3475 2223 3535 optans
2250 3474 2312 3520 ut
2338 3467 2600 3524 Deusdet
2628 3471 2714 3525 eis
2734 3487 2912 3527 unum
2949 3489 3166 3530 sensum
3210 3478 3491 3547 sapientia:
3528 3495 3612 3536 se-

2027 3555 2261 3610 cundum
2287 3556 2469 3613 Iesum
2492 3557 2791 3622 Christum,
2819 3570 2880 3615 ut
2900 3563 3055 3632 juxta
3081 3566 3382 3621 doctrinam
3409 3568 3612 3624 Christi

2020 3645 2258 3714 sapiant.
2310 3646 2464 3701 Tunc
2508 3649 2652 3701 enim
2688 3658 2954 3718 poterunt
3000 3652 3341 3710 dilectionem
3390 3673 3612 3712 servare

2020 3733 2270 3803 exemplo
2306 3734 2517 3789 Domini
2557 3736 2826 3793 dicentis:
2857 3738 3114 3809 Maiorem
3141 3744 3240 3797 hac
3279 3744 3609 3802 dilectionem

2018 3839 2175 3877 nemo
2192 3822 2362 3884 habet,
2382 3841 2541 3896 quam
2560 3833 2619 3879 ut
2641 3827 3045 3883 animatus-nam
3066 3841 3225 3900 ponat
3245 3850 3339 3902 pro
3361 3835 3545 3888 amicis
3562 3846 3610 3889 et

2020 3912 2276 3981 fratribus
2294 3913 2406 3967 suis
2431 3913 2614 3983 (Joan.
2634 3914 2756 3985 xv),
2789 3925 2845 3971 et
2880 3917 2954 3971 ita
2978 3933 3086 3973 uno
3112 3936 3226 3985 ore,
3258 3937 3365 3975 una
3394 3922 3608 3979 confes-

2019 4002 2845 4073 shme-laudarczneumspatrem
2879 4007 3260 4076 in:Cbristo,si
3289 4012 3515 4069 invicem
3547 4031 3607 4070 se

2016 4089 2170 4158 juxta
2188 4106 2410 4146 sensum
2422 4091 2629 4148 Christi
2658 4093 2863 4153 fuerint
2888 4097 3180 4164 exhortati,
3206 4108 3266 4155 ut
3287 4101 3404 4156 sine
3428 4118 3609 4158 cessa-

2014 4184 2168 4239 ;tione
2199 4183 2419 4239 laudent
2449 4185 2616 4240 Deum
2636 4227 2651 4251 ,
2674 4187 2773 4255 qui
2808 4187 2991 4242 omnia
3012 4188 3278 4261 fecitper
3302 4191 3606 4258 Christum,

2012 4280 2074 4328 .et
2105 4282 2225 4342 post
2245 4289 2487 4330 errorem
2524 4275 2673 4345 lapsa
2695 4291 2794 4346 per
2818 4278 3066 4333 eumdem
3100 4279 3295 4335 iterum
3323 4282 3532 4353 erigere
3552 4295 3608 4338 et

2017 4364 2316 4419 reformare
2335 4365 2582 4435 dignatus
2602 4374 2703 4430 est,
2723 4367 2917 4438 duplex
2931 4368 3066 4424 dans
3085 4369 3427 4435 beneﬁcium,
3444 4372 3608 4428 mise-

2022 4460 2312 4516 ricordiam
2343 4468 2399 4515 et
2428 4462 2810 4531 cognitionem.
2837 4460 3036 4533 (Orig.)
3073 4462 3250 4518 Unum
3270 4478 3515 4533 namque
3541 4480 3606 4521 os

2010 4549 2241 4615 dicitur,
2285 4550 2387 4606 ubi-
2420 4567 2561 4606 unus
2599 4560 2761 4621 atque
2806 4552 2947 4608 idem
2995 4568 3095 4623 per
3138 4553 3475 4609 diversorum
3509 4569 3605 4609 ora

2020 4657 2215 4698 sensus
2263 4651 2319 4699 et
2370 4646 2569 4699 sermo"
2594 4644 2857 4714 procedit.
2901 4645 3048 4701 Bene
3094 4654 3277 4702 autem
3313 4646 3605 4717 Apostolus

2010 4736 2112 4791 ubi
2141 4737 2233 4800 ait,
2260 4736 2498 4806 Idipsum
2526 4754 2706 4807 sapere
2728 4740 2780 4792 in
2803 4736 3137 4803 alterutrum,
3163 4739 3389 4803 addidit,
3415 4754 3603 4793 secun-

2018 4825 2146 4879 dum
2161 4826 2341 4882 Iesum
2362 4826 2648 4883 Christum.
2679 4827 2870 4885 Posset
2891 4829 3035 4884 enim
3061 4829 3261 4883 [ierint
3281 4838 3335 4884 et
3363 4829 3416 4883 in
3447 4828 3601 4882 mali-

2008 4917 2096 4973 :tia
2122 4918 2286 4988 aliqui
2310 4919 2641 4975 unanimiter
2663 4920 3035 4974 consentirent
3056 4926 3122 4972 et
3151 4933 3314 4972 unum
3346 4927 3603 4989 saperent

2020 5006 2073 5060 in
2095 5007 2247 5076 pejus
2270 5023 2285 5060 τ
2306 5007 2395 5076 qui
2417 5015 2596 5063 autem
2618 5006 3113 5067 secundumJesum
3137 5005 3409 5062 Christum
3436 5007 3602 5076 sapit,

2016 5098 2136 5153 sine
2173 5097 2336 5155 dubio
2371 5114 2532 5154 omne
2568 5099 2712 5167 quod
2757 5099 2959 5153 bonum
3006 5107 3114 5163 est,
3162 5098 3324 5168 sapit.
3372 5096 3605 5168 Propter

2016 5188 2154 5259 quod
2195 5191 2444 5259 suscipite
2475 5190 2714 5253 invicem,
2749 5190 2883 5245 sicut
2915 5199 2961 5243 et
2986 5188 3226 5244 Christus
3264 5190 3485 5258 suscepit
3510 5204 3602 5247 vos

2012 5280 2070 5332 in
2092 5279 2339 5333 honorem
2364 5279 2480 5333 Dei.
2498 5281 2659 5347 Quod
2685 5282 2817 5336 dicit
2840 5281 3343 5350 suscipiteinvicem,
3374 5279 3439 5332 ad
3467 5277 3597 5337 illud

2017 5366 2359 5425 referendum
2394 5377 2500 5433 est,
2525 5370 2668 5438 quod
2695 5371 2872 5441 primo
2916 5367 3409 5441 proposuerat,-ubi
3437 5381 3595 5422 occa-

2014 5458 2168 5512 sione
2213 5459 2569 5525 mundorum,
2612 5459 2698 5514 vel
2738 5461 3149 5516 immundorum
3210 5458 3458 5515 ciborum
3492 5454 3599 5510 adn

2016 5561 2171 5602 versa
2214 5547 2513 5602 sentientes
2550 5549 2620 5604 ab
2667 5550 2897 5605 invicem
2944 5549 3347 5618 discrepabunt,
3394 5555 3446 5603 et
3491 5546 3597 5617 ait,

2017 5639 2275 5717 Suscipite
2311 5639 2526 5697 invicem
2555 5639 2689 5694 sicut
2731 5650 2779 5693 et
2809 5640 3054 5695 Christus
3095 5642 3319 5711 suscepit
3357 5656 3468 5706 vos,
3496 5636 3595 5717 qui
