4026 6180
587 324 725 378 1395

1258 321 1321 376 Β.
1363 319 1613 376 RABANI
1650 316 1869 373 MAURI
1906 312 2224 370 ARCHIBP.
2263 308 2570 367 MOGUNT.
2612 307 2848 366 OPERU.

1650 316 1869 373 MAURI
1906 312 2224 370 ARCHIBP.
2263 308 2570 367 MOGUNT.
2612 307 2897 366 OPERUII
2931 305 3108 363 PARS
3144 295 3225 363 III.

3615 315 3708 371 I536

587 436 784 490 nullius
830 433 1040 488 horruit
1092 434 1490 498 immunditias,
1537 447 1639 488 nec
1679 431 1948 502 reputavit
1997 427 2158 484 alicui

2117 427 2158 483 1i
2188 419 2358 485 A‘cisi
2411 421 2535 475 estis
2565 419 2955 473 circumcisione
2996 434 3100 472 non
3143 415 3417 486 manufaaa
3446 422 3493 473 in
3519 423 3707 485 exspolia-

587 525 779 580 delicta
811 540 926 578 sua.
973 523 1116 579 Nihil
1145 541 1279 594 ergo
1332 525 1400 579 de
1447 525 1804 578 immunditiis
1835 518 2161 578 animalium

583 617 858 686 judieetis,
881 616 1021 671 sicut
1044 631 1144 671 nec
1169 616 1256 672 ille
1283 615 1657 670 immunditias
1701 613 2032 670 credentium
2077 625 2165 666 re—

589 707 815 776 putavit.
859 707 924 760 Et
957 707 1049 778 qui
1081 707 1134 761 in
1161 707 1529 775 superioribus
1566 707 1779 760 dixerat
1807 721 1819 758 :
1851 705 1958 770 Qui
1991 713 2168 756 autem

593 796 894 859 manducat,
920 813 1022 850 non
1045 797 1446 850 manducantem
1487 812 1592 850 non
1608 795 1834 865 judicet,
1862 793 2002 847 Deus
2027 793 2167 846 enim

591 883 740 938 illum
771 887 1075 955 assumpsit,
1100 885 1188 940 hic
1209 885 1364 949 dixit,
1387 885 1512 954 quia
1539 883 1779 938 Christus
1800 885 2024 954 suscepit
2048 899 2168 948 vos;

593 983 652 1028 ut
677 975 990 1028 ostenderet
1022 988 1186 1027 unum
1224 984 1385 1042 atque
1432 972 1572 1026 idem
1602 985 1740 1032 esse,
1774 987 1803 1023 a
1833 971 1944 1026 Deo
1967 970 2166 1038 suscipi

591 1071 646 1117 et
679 1079 707 1116 a
729 1062 965 1117 Christo.
1000 1062 1162 1117 Addit
1185 1073 1362 1117 autem
1393 1071 1450 1116 et
1476 1063 1579 1116 hoc
1607 1062 1749 1130 quod
1777 1062 1954 1115 honor
1977 1060 2070 1114 Dei
2099 1061 2171 1115 sit

592 1151 790 1220 suscipi
845 1166 877 1204 a
925 1150 1184 1206 Christo:
1233 1164 1367 1219 quos
1425 1150 1570 1203 enim
1623 1148 1850 1216 suscipit
1893 1147 2168 1212 Christus,

591 1240 752 1294 docet
780 1241 850 1294 ita
897 1255 1058 1311 agere
1095 1240 1308 1305 debere,
1358 1248 1413 1292 ut
1465 1239 1689 1293 videntes
1737 1238 1966 1291 homines
2013 1253 2170 1307 opera

561 1312 772 1380 ’eorum
822 1329 994 1395 bona,
1036 1327 1325 1398 gloriﬁcent
1376 1324 1591 1380 Patrem
1636 1328 1724 1397 qui
1771 1327 1828 1380 in
1877 1326 2017 1381 oculis
2069 1335 2165 1380 est.

489 1435 496 1442 ι
593 1417 822 1487 (Arnim)
851 1417 943 1471 Sic
970 1416 1231 1486 assumpti
1259 1431 1446 1470 sumus
1465 1431 1494 1468 a
1518 1415 1756 1480 Christo,
1781 1417 1906 1470 dum
1937 1415 2168 1470 infirmi-

597 1515 732 1560 tates
762 1513 974 1561 noslras
1008 1507 1236 1575 accepit,
1268 1515 1324 1561 et
1351 1505 1701 1576 aegritudines
1739 1515 1953 1560 nostras
1983 1512 2169 1576 porta-

593 1596 703 1661 vit;
734 1605 792 1650 ut
821 1597 923 1651 hoc
954 1596 1203 1666 exemplo
1233 1612 1332 1651 nos
1361 1597 1591 1652 invicem
1631 1605 1848 1651 nostras
1889 1595 2171 1649 infirmita-

597 1697 678 1741 tes
705 1702 801 1758 per
824 1688 1136 1758 patientiam
1184 1687 1590 1751 confirmemus,
1616 1694 1676 1740 ut
1707 1701 1900 1740 nomen
1948 1686 2170 1741 honoris

2265 513 2405 566 tione
2444 510 2678 580 corporis
2717 509 2891 562 carnis
2917 548 2931 574 ,
2971 508 3060 562 sed
3091 507 3146 560 in
3183 506 3528 562 circumcisione
3557 509 3709 579 Christi,

2267 601 2551 673 consepulti
2598 604 2646 656 ei
2683 603 2739 656 in
2781 600 3053 670 baptismo.
3096 597 3202 652 Per
3225 591 3492 665 huiusmodi
3521 615 3622 672 ergo
3639 603 3712 658 cit.

2267 693 2652 748 cumcisionem
2689 698 2901 744 certum
2949 697 3034 743 est
3057 687 3270 742 Patrum
3298 689 3712 758 promissionum

2268 783 2583 852 completas.
2625 779 2854 852 (.4mbr.)
2899 777 3246 834 Circumeisio
3288 779 3418 834 enim
3459 783 3599 836 cannis
3625 785 3713 839 data

2267 884 2354 928 est
2385 871 2615 925 Abraha:
2653 870 2706 924 in
2738 869 2966 939 ﬁguram
3007 867 3414 924 circumeisionis
3447 871 3620 924 cordis:
3642 876 3715 928 cir-

2269 963 2528 1019 cumcisio
2563 970 2740 1016 autem
2788 961 2968 1015 cordis
3005 967 3112 1024 est,
3150 959 3347 1014 sublata
3384 962 3712 1030 ermtisnebula,

2271 1067 2565 1124 agnoscere
2603 1061 2909 1107 creatorem
2953 1049 3122 1105 Deum
3150 1048 3352 1104 Patrem
3383 1059 3434 1106 et
3459 1050 3608 1106 Filium
3641 1055 3716 1124 ejus

2271 1143 2570 1206 Christum,
2602 1157 2701 1212 per
2745 1133 2908 1212 quem
2953 1139 3159 1196 creavit
3198 1141 3388 1204 omnia,
3412 1142 3714 1196 utveritssllei

2272 1230 2603 1299 impleretur.
2639 1229 2970 1284 Promiserat
2997 1229 3140 1285 enim
3165 1227 3400 1282 daturum
3425 1244 3475 1284 se
3496 1231 3714 1286 miserim-

2269 1319 2438 1382 diam,
2469 1327 2523 1373 et
2551 1319 2876 1389 promiserat
2899 1319 3144 1388 patribus
3161 1316 3470 1384 Judzeorum;
3496 1337 3594 1375 nam
3619 1323 3717 1376 dixe

2271 1418 2355 1462 rat
2379 1408 2610 1464 Abrahae
2635 1425 2648 1460 :
2673 1407 2741 1462 In
2761 1410 2957 1463 semine
2976 1418 3066 1462 tuo
3087 1407 3427 1462 benedicentur
3448 1426 3588 1465 omnes
3603 1423 3718 1481 gentes

2269 1501 2426 1574 (Gen.
2452 1502 2588 1573 ml)
2612 1518 2626 1568 ;
2669 1510 2726 1556 et
2754 1502 2821 1556 ad
2851 1501 3023 1556 David
3049 1501 3216 1557 dixit:
3246 1499 3320 1573 De
3342 1502 3490 1571 fructu
3513 1505 3653 1557 uentus
3669 1507 3719 1556 tsi

2268 1610 2459 1664 ponam
2487 1609 2644 1663 super
2670 1594 2843 1649 sedem
2896 1603 3066 1660 tuam,
3095 1595 3141 1648 si
3169 1593 3472 1648 custodierint
3489 1593 3568 1663 ﬁlii
3591 1595 3648 1648 tsi
3667 1605 3719 1648 te-

2270 1693 2582 1740 stamentum
2607 1701 2796 1747 meum,
2817 1694 2866 1738 et
2891 1685 3188 1740 testimonia
3207 1701 3336 1750 mea,
3355 1693 3404 1739 et
3421 1686 3582 1755 reliqua
3600 1683 3718 1754 (Pal.

600 1777 692 1831 Dei
718 1786 1050 1847 assumptum
1077 1779 1132 1832 in
1160 1792 1258 1832 nos
1284 1792 1389 1831 non
1418 1783 1708 1832 evacuetur
1738 1792 1750 1828 :
1785 1775 1879 1829 filii
1915 1774 2061 1830 enim
2081 1774 2167 1830 di-
2197 1769 2243 1828 Β
2268 1772 2488 1841 cum);
2524 1781 2610 1827 et:
2645 1771 2860 1828 On‘etur
2883 1774 3038 1828 stella
3099 1789 3166 1828 ea:
3205 1772 3358 1828 Iacob
3404 1773 3558 1845 (Nam.
3601 1776 3719 1844 snt).

597 1867 769 1920 cimur
793 1867 902 1922 Deo
932 1882 1030 1936 per
1055 1868 1284 1937 gratiam
1319 1867 1542 1922 Christi.

669 1955 797 2010 Dico
833 1959 971 2011 enim
1008 1955 1274 2011 Christum
1303 1956 1486 2012 Iesum
1530 1958 1825 2012 ministrum
1867 1958 2029 2027 fuisse
2066 1959 2170 2012 cir-

595 2048 927 2101 cumcisionis
965 2059 1172 2119 propter
1217 2049 1483 2102 veritatem
1525 2048 1621 2104 Dei
1668 2049 1737 2102 ad
1781 2048 2170 2117 conﬁrmandus

595 2139 960 2206 promissiones
988 2150 1219 2209 patrum.
1267 2138 1766 2210 (Orig.)Quomodo
1792 2139 2041 2194 Christus
2066 2138 2170 2192 mi-

599 2228 770 2282 nister
797 2227 961 2284 fuerit
985 2230 1421 2286 circumcisionts
1459 2231 1528 2286 ad
1561 2230 1912 2286 stabiliendas
1941 2231 2174 2300 promis—

599 2320 778 2374 siones
825 2329 1040 2390 patrum
1087 2321 1285 2390 duplici
1335 2323 1494 2376 modo
1527 2322 1761 2392 intelligi
1809 2329 2026 2392 potest:
2058 2322 2173 2377 sive

599 2424 698 2479 pro
721 2424 788 2464 eo
811 2411 954 2478 quod
995 2411 1463 2466 circumcisionem
1501 2411 1556 2465 in
1581 2426 1746 2466 carne
1773 2427 1869 2466 sua
1908 2427 2020 2482 Ipse
2055 2427 2176 2467 sus-

600 2501 762 2568 cepit,
813 2509 872 2554 ut
926 2501 1365 2558 manifestissime
1416 2511 1736 2557 nosceretur
1795 2503 1938 2570 quod
1983 2519 2048 2558 ex
2089 2517 2175 2558 se-

604 2591 750 2646 mine
773 2591 1048 2648 Abraham
1092 2593 1314 2648 veniens
1360 2595 1447 2648 cui
1490 2594 1814 2665 promiserat
1864 2595 2005 2648 Deus
2030 2595 2173 2665 quod

602 2680 658 2735 in
693 2683 899 2738 semine
943 2699 1042 2739 suo
1069 2685 1522 2740 benedicerentur
1567 2700 1755 2740 omnes
1798 2693 1984 2755 gentes
2019 2682 2170 2756 (Gen.

605 2786 746 2836 xxn;
778 2772 953 2842 xxvr),
1002 2773 1295 2844 compleret
1351 2775 1406 2828 in
1455 2775 1743 2843 semetipso
1774 2789 1894 2843 quae
1931 2775 2175 2843 patribus

603 2862 818 2917 fuerant
840 2865 1164 2932 repromissa
1189 2882 1205 2931 ;
1237 2874 1294 2920 et
1322 2874 1381 2919 ut
1408 2881 1503 2936 per
1528 2866 1632 2920 hoc
1658 2866 1950 2920 secundum
1977 2879 2174 2935 propo-

603 2953 765 3007 situm
805 2953 968 3008 totius
990 2954 1241 3024 Epistolas
1267 2955 1535 3020 ordinem,
1571 2969 1678 3024 quo
1705 2969 1846 3008 nunc
1874 2970 1966 3008 eos
1989 2955 2079 3024 qui
2108 2970 2174 3008 ex

2337 1859 2526 1917 Gentes
2549 1872 2722 1916 autem
2746 1879 2906 1933 super
2927 1862 3334 1917 misericordiam
3353 1864 3566 1918 honorare
3587 1864 3718 1918 Deum.

2267 1950 2504 2021 (Ambr.)
2535 1951 2673 2018 Quia
2713 1953 2857 2006 enim
2895 1953 2982 2008 his
3023 1953 3166 2008 nulla
3204 1953 3458 2022 promissio
3487 1961 3598 2015 erat,
3617 1954 3720 2021 quasi

2267 2040 2474 2112 indigni
2507 2058 2606 2112 per
2646 2043 2815 2097 solam
2855 2042 3280 2098 misericordiam
3321 2044 3539 2113 assumpti
3569 2043 3722 2098 suntsi

2269 2130 2519 2194 salutem,
2547 2139 2608 2186 ut
2631 2147 2728 2202 per
2754 2131 3150 2187 confessionem
3187 2132 3430 2187 honorent
3451 2131 3722 2200 Deum,queu

2270 2220 2531 2275 increduli
2561 2221 2912 2276 inhonorant.
3508 2212 3512 2216 ’

2344 2313 2494 2368 Sicut
2527 2315 2780 2384 scriptum
2812 2324 2882 2368 est
2918 2330 2938 2368 :
2965 2312 3194 2384 Propter
3225 2315 3316 2367 hoc
3346 2313 3580 2382 conﬁtebor
3601 2312 3667 2364 tibi
3685 2313 3720 2362 in

2270 2403 2526 2472 gentibus,
2577 2402 2817 2467 Domine,
2865 2413 2914 2458 et
2963 2404 3166 2458 nomini
3206 2413 3292 2457 tuo
3324 2403 3529 2457 cantabo.
3561 2401 3721 2472 (Arnim)

2273 2491 2531 2561 Exemplo
2573 2492 2890 2562 prophetico
2935 2493 3170 2562 probat;
3201 2493 3438 2562 scriptum
3463 2501 3532 2546 est
3551 2491 3656 2545 enim
3685 2491 3720 2542 in

2273 2582 2482 2654 psalmo
2533 2581 2746 2636 decimo
2807 2582 3079 2652 septimo,
3131 2591 3312 2654 gentes
3360 2579 3646 2635 admittendus
3678 2579 3722 2632 ad

2273 2671 2502 2742 gratiam
2541 2671 2634 2725 Dei
2673 2669 2740 2724 ad
2781 2670 3191 2741 percipiendam
3241 2671 3462 2728 salutem.
3509 2670 3596 2724 Vox
3627 2669 3720 2722 enim

2272 2763 2475 2818 Christi
2523 2771 2629 2828 est,
2678 2779 2788 2833 qua
2839 2763 3090 2818 futurum
3143 2763 3275 2818 dixit
3311 2763 3442 2832 quod
3480 2761 3524 2815 in
3557 2759 3722 2831 genibus

2274 2852 2584 2921 praniicatio
2614 2851 2732 2920 eius
2761 2851 2994 2907 fructum
3032 2853 3277 2906 habitura
3313 2861 3442 2907 esset
3475 2847 3721 2905 confessionis

2273 2943 2602 3021 sacramenti
2624 2943 2720 2998 Dei
2738 2959 2755 2998 :
2771 2943 2893 2999 ideo
2919 2943 3127 3014 gratias
3154 2960 3218 2998 ex
3251 2945 3347 2999 hoc
3367 2943 3466 3014 agit
3491 2938 3722 2996 FiliusPatri

603 3043 1014 3100 circumcisione
1060 3045 1426 3110 crediderunt,
1476 3061 1618 3100 nunc
1665 3049 1828 3099 etiam
1864 3061 1958 3101 eos
1984 3045 2076 3116 qui
2106 3061 2171 3101 ex

2130 3062 2171 3099 ,ι
2216 3112 2243 3116 _
2275 3035 2330 3087 in
2343 3034 2704 3090 obedientiam
2723 3035 2992 3104 gentium.
3015 3033 3166 3090 Unde
3185 3035 3238 3088 in
3255 3034 3510 3104 Evangelio
3524 3029 3720 3098 sinusp-

603 3135 854 3203 gentibus
895 3137 1180 3191 adversum
1225 3151 1285 3192 se
1329 3136 1558 3191 invicem
1595 3135 1969 3206 superbientes
1997 3145 2172 3202 erant,

2133 3145 2172 3202 ι,
2201 3112 2247 3173 C
2275 3125 2422 3180 tebor
2437 3126 2551 3190 tibi,
2583 3125 2760 3192 Pater,
2781 3125 3002 3182 Domine
3023 3126 3139 3182 εωιὶ
3155 3137 3202 3181 et
3223 3135 3386 3189 teme,
3403 3127 3479 3194 qui
3506 3121 3720 3176 abscondidi

607 3221 844 3278 refrenat
894 3239 959 3280 ac
991 3225 1256 3296 reprimit,
1287 3226 1507 3282 doceret
1540 3242 1646 3281 non
1687 3243 1807 3282 esse
1842 3227 2058 3297 penitus
2087 3229 2174 3299 ju-

605 3314 868 3370 dicandos
891 3330 1005 3382 eos,
1031 3318 1124 3386 qui
1156 3317 1210 3372 in
1241 3317 1374 3388 legis
1397 3317 1864 3372 observationibus
1893 3317 2178 3372 demoran-

608 3412 715 3470 tur,
743 3405 1176 3475 quandoquidem
1204 3407 1368 3460 etiam
1392 3406 1643 3462 Christus
1675 3407 1730 3461 in
1761 3421 1923 3461 carne
1947 3421 2044 3461 sua
2072 3407 2178 3462 cir-

607 3497 956 3552 cumcisionis
1011 3497 1262 3552 minister
1311 3497 1612 3562 exstiterit,
1661 3505 1716 3552 et
1767 3505 1826 3552 ut
1879 3497 2180 3568 intelligant

607 3594 796 3657 gentes
819 3585 1102 3642 Dominum
1131 3586 1405 3642 Christum
1431 3587 1498 3642 ad
1529 3585 1742 3642 Iudaeos
1769 3601 1892 3642 esse
1929 3587 2175 3652 missum,

608 3683 664 3728 et
694 3690 800 3729 non
828 3674 1160 3744 superbiant.
1191 3675 1367 3746 (Aug;
1400 3673 1600 3730 iudicis
1629 3675 1773 3731 enim
1803 3675 2180 3746 repellentibus

607 3765 752 3834 quod
789 3765 856 3820 ad
892 3765 1039 3834 ipsos
1075 3766 1295 3822 missum
1329 3774 1432 3831 est,
1488 3765 1688 3821 factum
1720 3775 1804 3822 est
1837 3775 1897 3822 ut
1932 3768 2182 3839 gentibus

609 3855 959 3926 Evangelium
1009 3857 1410 3927 praedicaretur.
1445 3857 1588 3927 quod
1624 3868 1680 3913 et
1717 3859 1772 3913 in
1801 3859 2025 3915 Actibus
2053 3876 2183 3930 apo-

609 3945 871 4000 stolorum
923 3946 1206 4004 manifeste
1251 3947 1526 4012 scribitur,
1557 3964 1681 4002 cum
1725 3949 1914 4004 dicunt
1953 3951 2182 4019 apostoli

608 4035 846 4093 Iudaeis:
891 4037 1048 4093 Vobis
1088 4040 1316 4108 primum
1363 4040 1590 4110 oportuit
1634 4041 1916 4110 prtedicari
1948 4043 2181 4109 verbum,

609 4130 701 4185 sed
728 4131 974 4201 quoniam
1007 4129 1246 4201 indignos
1267 4147 1356 4185 vos
1367 4129 1671 4201 judicastis,
1691 4148 1808 4186 ecce
1839 4134 2184 4189 convertimus

613 4237 705 4274 nos
747 4221 816 4274 ad
861 4230 1035 4290 gentes
1074 4220 1213 4292 (Act.
1246 4221 1395 4293 XIII);
1453 4222 1750 4278 secundum
1793 4223 1969 4294 ipsum
2021 4225 2185 4280 etiam

618 4313 824 4367 Domini
874 4313 1266 4378 testimonium,
1316 4329 1440 4368 cum
1469 4313 1636 4368 dicit:
1666 4314 1790 4369 Non
1833 4331 1950 4370 sum
1997 4317 2186 4372 missus

615 4403 716 4456 nisi
745 4404 813 4456 ad
834 4420 951 4456 oves
994 4421 1113 4474 qua:
1129 4405 1394 4479 perierunt
1419 4405 1605 4460 domus
1624 4405 1793 4460 Israel
1816 4405 2029 4477 (Matth.
2057 4407 2181 4479 xv);

615 4501 670 4546 et
697 4493 890 4547 iterum
915 4511 928 4546 :
957 4493 1082 4548 Non
1107 4504 1182 4548 est
1209 4477 1398 4551 bonum
1421 4513 1626 4552 sumere
1647 4513 1834 4568 panem
1861 4497 2111 4567 ﬁliorum,
2137 4511 2186 4554 et

617 4584 818 4638 mittere
839 4585 1054 4640 canibus
1081 4584 1293 4659 (Ibid.).
1342 4587 1495 4654 Quod
1521 4597 1728 4660 gentes,
1774 4588 1818 4644 si
1846 4589 1982 4644 bene
2011 4591 2190 4644 consi-

616 4673 831 4740 derent,
859 4674 1159 4744 intelligent
1195 4677 1296 4732 ista
1330 4678 1458 4743 fide,
1485 4695 1590 4748 qua
1613 4680 1728 4749 jam
1753 4679 1980 4735 credunt
2005 4679 2185 4734 omnia

619 4762 818 4817 munda
847 4763 1083 4830 mundis,
1113 4781 1222 4821 non
1258 4781 1318 4821 sc
1343 4767 1540 4822 debere
1586 4768 1846 4823 insultare
1881 4769 1990 4832 his,
2023 4769 2068 4824 si
2095 4770 2186 4839 qui

618 4849 758 4907 forte
801 4853 1004 4908 infirmi
1044 4869 1111 4910 ex
1149 4857 1565 4912 circumcisione
1608 4855 1810 4912 fuerint
1844 4859 1935 4927 qui
1973 4868 2192 4930 propter

619 4947 1162 5002 communicationem
1205 4947 1467 5003 idolorum
1501 4949 1674 5004 nullas
1704 4950 1925 5005 omnino
1958 4953 2194 5009 audeant

597 5025 811 5096 ,carnes
831 5037 1115 5108 attingere.
1142 5037 1338 5109 (θήρ.)
1363 5037 1490 5093 Sive
1509 5038 1617 5093 alio
1643 5023 1821 5107 modo,
1837 5049 1897 5094 ut
1922 5040 2066 5096 illius
2087 5043 2194 5098 cir-

620 5126 969 5181 cutncisionis
1015 5127 1264 5182 minister
1307 5127 1476 5184 fuisse
1527 5129 1762 5194 dicatur,
1810 5131 1877 5185 de
1907 5145 2013 5201 qua
2046 5132 2189 5186 idem

620 5213 907 5285 Apostolus
931 5217 1062 5273 dicit
1087 5217 1260 5291 (Rom.
1287 5219 1347 5290 ιι)
1373 5237 1386 5272 :
1417 5217 1539 5274 Non
1568 5221 1704 5274 enim
1725 5223 1812 5291 qui
1837 5222 1892 5276 in
1914 5223 2191 5292 manifesto

619 5299 841 5358 Judteus
881 5316 982 5370 est,
1015 5321 1178 5376 neque
1210 5323 1328 5376 qua:
1373 5307 1652 5377 manifesta
1684 5309 1738 5360 in
1768 5325 1925 5363 carne
1980 5321 2054 5364 est
2087 5312 2191 5365 cir-

621 5393 892 5458 cumcisio,
919 5393 1009 5448 sed
1029 5395 1118 5465 qui
1144 5397 1200 5448 in
1219 5395 1420 5450 occulto
1439 5397 1662 5451 Iudaeus
1683 5409 1778 5462 est,
1801 5408 1849 5452 et
1869 5399 2194 5454 circumcisio

623 5483 795 5536 cordis
826 5485 882 5537 in
914 5484 1102 5554 spiritu
1126 5501 1230 5539 non
1261 5484 1458 5550 littera,
1481 5486 1630 5555 cujus
1659 5486 1778 5540 laus
1815 5503 1918 5540 non
1941 5505 2004 5542 eo:
2025 5489 2194 5543 homi-

628 5571 796 5640 nibus,
819 5579 910 5632 sed
943 5595 1007 5633 ea:
1026 5579 1136 5635 Deo
1163 5591 1239 5636 est
1259 5595 1277 5632 :
1303 5589 1360 5635 et
1393 5582 1684 5637 secundum
1713 5582 1856 5650 quod
1886 5583 2024 5638 idem
2055 5583 2197 5654 Apo-

625 5662 795 5720 stolus
821 5667 878 5722 in
902 5670 1023 5727 aliis
1048 5671 1178 5727 dicit
1198 5671 1420 5744 (Coloss.
1455 5674 1516 5746 tt)
1543 5691 1555 5727 :
1581 5673 1646 5728 In
1667 5691 1771 5745 quo
1799 5675 1956 5730 etiam
1977 5675 2198 5732 circum-

2275 3233 2338 3272 ea
2358 3235 2392 3271 a
2409 3217 2731 3287 sapientibus
2755 3227 2803 3272 et
2822 3217 3190 3288 prudentibus,
3202 3227 3249 3272 et
3269 3217 3480 3271 reuelasti
3495 3232 3542 3269 ea
3555 3210 3722 3284 ραηιιδις

2274 3309 2524 3378 quoniam
2545 3308 2731 3362 bonum
2751 3307 3002 3378 placitum
3017 3309 3119 3379 fuit
3141 3319 3258 3362 ante
3286 3318 3332 3361 te
3347 3306 3526 3379 (Ifauh.
3546 3313 3616 3371 si).
3629 3300 3722 3356 Con-

2276 3399 2441 3456 fessio
2467 3416 2596 3472 ergo
2617 3409 2720 3456 ista
2746 3401 2904 3456 unius
2925 3401 3022 3456 Dei
3043 3410 3128 3458 est
3151 3402 3202 3456 in
3224 3401 3476 3462 Trinitate,
3493 3415 3546 3453 es
3562 3412 3634 3466 qua
3648 3409 3726 3448 sur-

2277 3493 2358 3564 git
2383 3492 2592 3557 lwtitia,
2617 3501 2679 3548 ut
2705 3501 2830 3562 post
2857 3493 2969 3548 veri
3001 3492 3384 3549 confessionem
3419 3490 3543 3544 laetus
3561 3487 3729 3541 decantet

2278 3581 2706 3636 misericordiam
2733 3589 2790 3635 et
2813 3580 3015 3637 donum
3042 3581 3161 3638 Dei.
3188 3581 3252 3636 Et
3275 3581 3448 3636 iterum
3463 3573 3727 3632 dumtta-

2278 3671 2410 3724 mini
2454 3681 2630 3740 gentes
2657 3687 2776 3725 cum
2801 3671 2945 3742 plebe
2968 3672 3108 3742 ejus.
3138 3671 3249 3728 Hoc
3276 3671 3328 3727 in
3357 3669 3534 3725 cantico
3551 3667 3730 3721 fictilem-

2279 3764 2468 3820 nomii.
2498 3763 2566 3818 Et
2590 3765 2780 3820 iterum
2801 3779 2820 3817 :
2847 3764 3090 3821 Laudate
3109 3781 3280 3821 omnes
3297 3760 3684 3834 gentesDoatimt.
3697 3763 3728 3807 ει

2279 3851 2614 3922 magnificate
2635 3868 2754 3906 eum
2775 3869 2951 3908 omnes
2969 3853 3172 3924 populi.
3199 3852 3304 3908 Hoc
3321 3853 3371 3907 in
3391 3850 3556 3922 psalmo
3569 3841 3730 3900 centesi-

2285 3957 2374 3996 mo
2385 3951 2538 4000 sexto
2551 3944 2758 4002 decimo
2773 3946 2903 4002 olim
2923 3949 3225 4005 decrevisse
3237 3949 3390 4004 Deum
3407 3944 3606 4006 ostendit,
3618 3941 3731 3994 inter-

2284 4034 2534 4091 veniente
2559 4037 2930 4095 misericordia
2965 4055 3086 4108 sua,
3120 4044 3398 4099 concordes
3419 4039 3562 4095 facere
3583 4033 3732 4090 ludus

2285 4135 2341 4179 et
2383 4135 2592 4196 gentes,
2634 4136 2692 4183 ut
2734 4131 2962 4200 gratiam
3009 4133 3188 4204 adepti
3231 4133 3436 4204 gentiles
3475 4127 3580 4184 socii
3601 4126 3732 4179 ﬂerent

2285 4213 2612 4283 Iudaeorum,
2639 4219 2732 4289 qui
2755 4228 2810 4275 et
2835 4221 2935 4290 ipsi
2955 4221 3088 4277 olim
3109 4225 3248 4279 dono
3271 4222 3357 4277 Dei
3379 4219 3506 4291 plebs
3527 4214 3617 4284 eius
3629 4215 3732 4267 erant

2289 4306 2570 4362 nominati.
2609 4307 2714 4364 Sed
2759 4309 2872 4379 jam
2919 4312 3131 4368 nobiles
3181 4311 3368 4377 Judaei,
3417 4309 3462 4364 hi
3505 4319 3605 4361 vero
3629 4303 3731 4372 isno-

2289 4395 2426 4450 biles
2473 4410 2570 4466 per
2617 4397 3042 4456 misericordiam
3101 4402 3357 4458 nobilitati
3393 4407 3515 4462 sunt,
3553 4404 3600 4450 ut
3626 4385 3731 4447 silli

2289 4501 2476 4542 omnes
2513 4488 2616 4542 heti
2657 4489 2767 4544 sint
2799 4491 3074 4562 agnitione
3119 4493 3382 4558 veritatis,
3411 4498 3462 4546 et
3486 4480 3732 4542 laudantibus

2287 4577 2554 4648 gentibus,
2586 4579 2754 4634 Deum
2779 4582 3126 4652 magnifieent
3144 4598 3325 4640 omnes
3345 4579 3517 4652 populi,
3535 4567 3730 4631 duodecim

2287 4672 2461 4728 tribus
2483 4689 2648 4728 unum
2674 4674 2872 4741 Deum,
2901 4677 2996 4746 qui
3033 4678 3186 4732 auxit
3219 4687 3474 4730 numerum
3495 4667 3626 4740 plebis
3644 4673 3730 4718 me.

2287 4761 2555 4831 adiunctis
2581 4767 2847 4836 gentibus.
2879 4767 3122 4838 Denique
3148 4783 3266 4824 cum
3291 4766 3602 4832 disceptarent
3616 4748 3730 4808 Ιυάεί

2287 4864 2476 4910 contra
2517 4857 2818 4927 apostolum
2872 4859 3091 4914 Petrum
3139 4875 3296 4916 causa
3329 4853 3550 4915 Cornelii,
3589 4842 3732 4902 reddi“

2292 4948 2393 5003 sibi
2425 4950 2633 5004 ratione
2665 4951 3072 5020 acquieverunt,
3104 4950 3476 5023 magnificantes
3509 4938 3730 4997 Doluinuu.

2291 5044 2532 5097 dicentes
2575 5060 2589 5094 :
2647 5041 2900 5098 Forsitan
2941 5045 3086 5100 Deus
3135 5054 3182 5100 et
3225 5040 3438 5114 gentibus
3475 5025 3732 5108 ρωιὶιειείη

2289 5132 2468 5186 tribuit
2503 5133 2572 5188 ad
2613 5136 3023 5205 consequendam
3060 5137 3217 5190 vitam
3238 5135 3364 5204 (Act.
3401 5129 3484 5199 si).
3518 5124 3572 5178 Et
3591 5130 3730 5174 ηιηιεο

2293 5221 2468 5279 Isaias
2508 5226 2584 5279 ait
2619 5244 2638 5283 :
2687 5225 2802 5279 Erit
2843 5227 2998 5282 radix
3021 5227 3166 5281 Jesse
3193 5236 3238 5280 et
3264 5225 3345 5295 qui
3381 5223 3580 5284 exsurget
3617 5216 3734 5303 τηςτι

2292 5325 2486 5382 gentes,
2521 5317 2577 5370 in
2613 5333 2732 5370 eum
2755 5328 2929 5387 gentes
2957 5317 3230 5388 sperabunt
3268 5313 3392 5384 (lsa.
3414 5307 3498 5378 xl).
3521 5303 3578 5358 Ui
3613 5305 3733 5388 ωηο·

2296 5381 2408 5460 rem
2459 5407 2705 5461 ﬁduciam
2745 5381 2994 5478 gentibus
3047 5407 3240 5470 faciat,
3278 5381 3347 5458 iet
3385 5413 3512 5469 spem
3549 5405 3632 5446 που
3665 5381 3732 5478 _‘“’

2295 5495 2460 5560 hiam,
2493 5496 2674 5552 multis
2719 5475 3040 5554 testimoniis
3075 5498 3248 5551 firmat
3291 5494 3526 5548 decretum
3569 5478 3638 5537 Dei
3665 5475 3732 5527 Ιια

2297 5585 2483 5648 fuisse,
2519 5593 2576 5638 ut
2605 5601 2794 5640 onmes
2831 5595 3018 5654 gentes
3051 5585 3461 5640 benedicerentur
3487 5575 3528 5628 in
3551 5565 3728 5625 01πίεωὶ

2299 5691 2366 5732 ne
2413 5676 2694 5732 insolentia
2747 5677 3074 5732 iutidcntium
3129 5675 3408 5732 intimorum
3447 5660 3727 5722 contusum.
