4026 6180
394 332 529 388 1597

922 332 1471 392 ENARRATIONUM
1510 336 1574 390 IN
1609 335 1759 392 EPP.
1796 334 2002 392 PAULI
2038 335 2167 389 LIB.
2215 336 2339 392 Vlll.
2378 371 2446 380 —-
2480 339 2549 395 IN
2568 328 2805 396 SEPIST.
2846 301 2949 396 AD
2975 342 3141 399 ROM.
3518 336 3523 377 λ

3518 346 3538 399 Ι
3551 345 3653 401 398

391 460 447 506 et
493 449 685 505 dubias
747 448 998 504 redderet
1044 451 1378 505 credentium
1452 453 1664 507 animas
1709 453 1968 522 gentium,
2001 454 2183 521 Aspe,
2225 463 2272 505 et
2308 455 2494 507 virtute
2520 453 2746 523 Spiritus
2782 455 2969 509 sancti.
3025 454 3080 507 Si
3127 454 3273 508 enim
3328 454 3419 523 qui
3464 455 3654 522 credit,

391 541 544 611 quasi
589 538 791 595 frustra
835 538 936 594 sibi
985 554 1133 609 spem
1176 541 1535 608 promittant,
1586 542 1730 610 quod
1785 557 1817 595 a
1864 540 1976 596 Deo

392 630 621 686 Abraha:
657 637 879 700 accepto
908 628 1113 683 feratur
1141 629 1274 684 fides
1299 628 1628 691 Judreorum,
1662 639 1721 683 ut
1754 631 1852 699 ipsi
1881 630 1976 684 lae-

390 723 508 777 titia
537 730 595 776 et
621 721 915 776 securitate
947 729 1279 776 crescerent.
1317 720 1499 788 Quare
1526 730 1704 775 tamen
1726 720 1978 778 Christus

389 834 455 871 cx
478 816 660 871 radice
680 813 850 880 Jesse,
865 821 920 868 et
942 828 1048 867 non
1072 828 1139 867 ex
1160 812 1343 867 radice
1360 810 1504 867 Βοοι
1518 810 1618 866 viri
1635 812 1790 882 justi,
1807 820 1978 866 autex

393 905 573 960 radice
598 902 747 960 Obed
767 911 918 957 ortus
943 902 1062 957 est?
1085 903 1247 956 Forte
1270 902 1394 971 quia
1419 901 1585 955 David
1606 900 1746 954 lilius
1766 900 1979 955 dicatur

390 1004 609 1066 propter
633 1008 879 1064 regnum,
908 1003 968 1048 ut
997 993 1138 1048 sicut
1162 1008 1229 1047 ex
1256 993 1367 1047 Deo
1394 1001 1552 1047 natus
1584 992 1636 1045 in
1664 1006 1843 1061 regem
1871 1000 1976 1056 est,

390 1090 467 1141 ita
502 1094 558 1142 et
594 1101 662 1141 ex
689 1085 858 1140 David
899 1099 1024 1155 rege
1065 1092 1247 1139 ortum
1291 1084 1519 1138 haberet
1545 1082 1696 1151 juxta
1731 1095 1973 1136 carnem.

395 1181 519 1236 ideo
546 1178 697 1234 radix
720 1177 875 1234 Jesse
908 1176 1072 1232 arbor
1097 1176 1288 1241 David,
1324 1191 1443 1245 qua:
1468 1174 1697 1229 fructum
1728 1174 1854 1228 fecit
1880 1189 1979 1244 per

395 1289 626 1338 ramum,
657 1272 748 1341 qui
786 1281 873 1326 est
909 1269 1075 1324 Maria
1102 1270 1278 1339 virgo,
1307 1283 1426 1338 quae
1462 1267 1649 1338 genuit
1675 1265 1973 1320 Christum.

393 1364 588 1436 (Orig)
604 1362 711 1419 Sed
727 1364 870 1417 hunc
889 1375 1194 1417 sermonem
1208 1361 1274 1414 de
1294 1358 1474 1412 radice
1485 1355 1635 1412 Iesse
1649 1356 1839 1411 melius
1858 1355 1977 1424 qni-

392 1460 514 1513 detn
544 1458 597 1511 in
618 1442 996 1527 explanatione
1027 1453 1195 1522 ipsius
1219 1452 1495 1520 prophetae
1521 1450 1672 1504 lsaia:
1694 1449 1867 1503 visum
1896 1455 1979 1503 est

392 1546 604 1603 disseri.
630 1547 696 1601 Et
724 1547 776 1600 in
805 1540 1056 1615 priesenti
1087 1552 1264 1597 tamen
1298 1542 1414 1596 loco
1464 1540 1680 1604 dicitur,
1708 1538 1978 1608 quomodo

2080 543 2277 597 virtute
2330 546 2503 599 sancti
2556 545 2794 617 Spiritus
2824 547 3123 611 muniatur,
3152 554 3360 600 certum
3395 555 3480 602 est
3516 549 3659 617 quod

2077 632 2461 704 plenitudinem
2520 636 2700 708 gaudii
2760 652 2973 708 semper
3011 637 3203 700 habet,
3258 646 3314 692 et
3366 636 3658 707 plenitudi-

2078 740 2199 779 nem
2246 725 2415 794 pacis.
2454 723 2637 780 Certus
2689 743 2805 781 sum
2852 739 3062 793 autem,
3094 727 3284 796 fratres
3321 728 3452 790 mei,
3488 736 3535 781 et
3566 745 3659 797 ego

2075 815 2183 884 ipse
2217 814 2281 868 de
2316 815 2479 878 vobis,
2501 815 2748 885 quoniam
2789 825 2837 869 et
2878 817 2978 886 ipsi
3017 816 3157 886 pleni
3196 815 3317 870 estis
3359 815 3657 880 dilectione,

2079 903 2258 973 repleti
2276 906 2417 958 omni
2438 906 2675 969 scientia,
2693 907 2767 959 ita
2790 916 2843 958 ut
2862 908 3070 976 possitis
3094 906 3405 960 alterutrum
3427 923 3657 960 monere.

2079 991 2274 1066 (Oi-ig.)
2330 993 2528 1048 Eadem
2578 994 2785 1048 ratione
2825 1010 2930 1064 qua
2973 1011 3135 1065 supra
3180 995 3419 1050 diximus
3467 995 3660 1065 repleri

2076 1082 2223 1137 omni
2272 1083 2467 1154 gaudio
2513 1090 2567 1137 et
2613 1084 2758 1137 omni
2804 1100 2939 1153 pace
2985 1086 3299 1150 credentes,
3348 1085 3514 1139 etiam
3572 1086 3660 1141 hic

2078 1172 2264 1242 plenos
2310 1188 2428 1227 esse
2480 1173 2755 1237 bonitate,
2832 1184 2889 1228 et
2937 1175 3082 1229 omni
3137 1176 3361 1230 scientia
3434 1190 3529 1230 eos
3592 1177 3660 1230 ad

2077 1280 2213 1335 quos
2241 1265 2301 1319 lit
2325 1281 2503 1319 sermo
2529 1264 2831 1319 confirmat.
2861 1265 3086 1337 (Ambr.)
3115 1267 3241 1321 llaec
3269 1267 3662 1324 exhortationis

2080 1365 2202 1412 sunt
2231 1376 2243 1410 :
2270 1373 2367 1427 per
2413 1357 2627 1411 laudem
2668 1358 2811 1410 enim
2857 1366 3114 1425 provocat
3146 1373 3240 1411 eos
3280 1358 3346 1412 ad
3386 1358 3662 1412 meliorem

2078 1456 2131 1501 et
2169 1447 2501 1501 intellectum
2542 1456 2596 1502 et
2628 1448 2827 1501 vitam:
2854 1448 2946 1516 qui
2985 1448 3126 1500 enim
3155 1447 3301 1502 videt
3329 1463 3387 1502 se
3425 1447 3659 1512 laudari,

2078 1540 2202 1595 data
2244 1556 2405 1611 opera
2455 1541 2700 1596 elaborat
2759 1549 2819 1595 ut
2884 1556 3010 1596 vera
3062 1541 3173 1595 sint
3216 1556 3337 1610 quae
3391 1541 3661 1595 dicuntur.

393 1637 544 1692 Jesse
582 1636 969 1705 interpretatur
1002 1633 1054 1686 in
1083 1641 1264 1686 nostra
1297 1630 1477 1700 lingua
1504 1637 1579 1683 est
1611 1629 1759 1682 milii.
1791 1627 1848 1680 In
1879 1628 1975 1681 ad-
2074 1630 2205 1685 Ideo
2244 1647 2350 1686 non
2378 1630 2539 1694 dixit,
2573 1639 2630 1685 ut
2662 1631 2895 1685 invicem
2940 1647 2999 1686 se
3026 1632 3278 1696 doceant,
3312 1632 3406 1686 sed
3450 1640 3506 1686 et
3552 1647 3665 1686 mo-

395 1737 556 1783 ventu
584 1742 713 1797 ergo
739 1724 937 1781 Christi
963 1724 1141 1777 omnis
1167 1721 1260 1791 qui
1288 1720 1461 1775 credit
1489 1719 1563 1783 ei,
1594 1717 1979 1773 convenienter

2080 1728 2243 1774 neant
2271 1737 2284 1773 :
2311 1721 2413 1775 hoc
2460 1720 2604 1773 enim
2645 1719 2781 1774 solet
2820 1736 3037 1776 movere
3063 1720 3320 1791 [moneri]
3354 1721 3496 1790 quod
3538 1736 3664 1775 cum

395 1819 556 1883 dixit,
580 1818 677 1871 Est
702 1815 858 1870 mihi.
889 1814 982 1869 Ille
1006 1813 1151 1868 enim
1181 1812 1248 1866 de
1270 1824 1377 1879 quo
1405 1809 1613 1879 Moyses
1639 1807 1776 1861 dixit
1818 1824 1831 1836 ·
1876 1807 1979 1872 Qui
2010 1807 2053 1865 Β
2082 1809 2302 1872 sciatur,
2331 1808 2620 1878 aliquando
2642 1808 2968 1878 subterfugit
2998 1810 3200 1863 animo.
3249 1807 3446 1881 (θήῃ.)
3475 1808 3532 1862 ln
3556 1825 3664 1878 quo

395 1921 490 1976 est,
517 1911 655 1964 misit
696 1925 777 1962 me
814 1908 883 1962 ad
916 1923 1001 1961 eos
1025 1904 1224 1977 (Exod.
1258 1902 1366 1973 ιιι),
1406 1903 1523 1973 ipse
1561 1909 1644 1957 est
1688 1901 1844 1965 mihi,
1878 1901 1983 1955 hoc

395 2008 497 2066 est,
534 2000 589 2055 in
633 1998 807 2070 ipsum
834 1997 1019 2061 credo,
1047 1996 1139 2064 qui
1173 2003 1291 2058 est,
1334 2008 1441 2048 non
1473 1991 1567 2063 qui
1597 2007 1665 2047 ex
1694 1990 1864 2046 nihilo
1899 1989 1982 2045 fa-

397 2100 517 2146 ctus
557 2100 678 2156 est,
717 2096 776 2142 ut
822 2087 1003 2157 impiis
1044 2086 1243 2157 placet,
1285 2084 1379 2139 sed
1407 2084 1501 2153 qui
1535 2091 1642 2148 est,
1670 2092 1726 2138 et
1768 2097 1983 2151 semper

396 2190 501 2246 est,
552 2188 609 2236 ct
661 2180 766 2235 hoc
813 2178 863 2233 ei
904 2192 1102 2232 nomen
1157 2182 1274 2239 est,
1306 2181 1364 2228 et
1422 2174 1538 2243 ipse
1582 2180 1667 2227 est
1725 2171 1816 2241 qui
1858 2187 1980 2225 sur-

399 2276 538 2330 rexit
574 2290 641 2331 ex
687 2274 872 2329 radice
899 2270 1071 2339 Jcsse,
1115 2278 1170 2326 et
1208 2270 1261 2325 in
1300 2271 1416 2340 ipso
1441 2275 1629 2339 gentes
1663 2267 1974 2336 sperabunt.

395 2366 500 2422 Pro
520 2381 625 2436 qua
653 2363 1043 2428 misericordia,
1073 2377 1234 2431 quam
1268 2360 1337 2416 ab
1365 2375 1430 2415 eo
1456 2358 1728 2414 consecuti
1756 2365 1903 2420 sunt,
1937 2356 1983 2410 is

397 2456 490 2525 qui
525 2469 740 2525 semper
759 2465 875 2510 erat
900 2453 1145 2509 nascitur
1168 2467 1233 2506 cx
1264 2450 1445 2506 radice
1473 2448 1625 2504 Jesse
1656 2450 1722 2503 ad
1753 2448 1979 2503 salutem

399 2547 651 2616 gentibus
676 2547 932 2610 dandam,
956 2560 1054 2616 pro
1076 2545 1201 2609 bac,
1225 2542 1466 2612 inquam,
1485 2540 1585 2595 sibi
1607 2540 1801 2594 collata
1822 2539 1985 2594 mise-

401 2636 634 2693 ricordia
666 2644 854 2709 gentes
883 2637 1154 2691 honorant
1177 2642 1232 2689 et
1258 2631 1607 2703 magniﬁcam
1636 2631 1825 2685 Deum.

466 2726 610 2781 Deus
639 2735 812 2780 autem
847 2726 956 2796 spei
988 2723 1184 2796 repleat
1229 2740 1317 2777 vos
1345 2722 1488 2776 omni
1516 2720 1708 2792 gaudio
1766 2730 1814 2774 et
1854 2736 1981 2789 pace

398 2820 455 2874 in
493 2818 769 2880 credendo,
807 2826 863 2872 ut
896 2817 1169 2871 abundetis
1208 2816 1262 2870 in
1293 2831 1401 2884 spe,
1441 2823 1487 2868 et
1530 2815 1716 2868 virtute
1752 2811 1982 2882 Spiritus
2034 2846 2035 2849 η

397 2909 588 2963 sancti.
633 2906 827 2980 (Orig.)
868 2906 972 2975 Qui
1019 2907 1268 2977 superius
1297 2906 1529 2970 dixerat,
1578 2904 1705 2974 quia
1750 2904 1803 2957 in
1846 2903 1980 2958 lsaia

399 2999 660 3068 scriptum
704 3007 806 3064 est,
850 2998 920 3052 Et
949 3000 1005 3053 in
1052 3015 1112 3052 eo
1151 3007 1324 3068 gentes
1353 2995 1660 3066 sperabunt,
1706 3002 1983 3066 gratanter

398 3087 617 3157 adiecit,
640 3089 780 3143 Deus
809 3098 981 3143 autem
1009 3088 1139 3158 spei,
1166 3097 1221 3143 et
1249 3096 1475 3142 etetera:
1504 3102 1627 3141 nam
1651 3085 1695 3140 si
1720 3085 1979 3154 scriptum

2082 1898 2317 1953 ostendit
2352 1898 2479 1967 quia
2519 1898 2571 1951 in
2601 1913 2665 1952 eo
2693 1899 2835 1967 quod
2860 1899 3047 1952 didicit
3078 1899 3470 1968 unusquisque,
3504 1899 3666 1954 debet

2083 1988 2244 2043 etiam
2286 1988 2451 2042 alium
2494 2003 2752 2054 monere,
2790 1999 2844 2043 et
2877 1989 3180 2060 huiusmodi
3229 2006 3351 2044 cum
3400 1992 3667 2046 condisci-

2081 2078 2223 2148 pulis
2259 2078 2463 2133 habere
2498 2078 2789 2148 colloquia,
2836 2081 3033 2148 quibus
3061 2095 3120 2134 se
3149 2089 3204 2135 et
3234 2088 3489 2134 moneant
3529 2081 3665 2135 invi-

2083 2184 2223 2232 cem,
2260 2176 2315 2222 et
2354 2166 2623 2223 aediﬁcent
2661 2156 2675 2220 ἐ
2711 2176 2890 2237 potest
2918 2169 3061 2224 enim
3098 2168 3347 2224 conferre
3373 2169 3665 2238 plurimum

2082 2258 2402 2312 eruditionis
2447 2258 2653 2312 alterna
2690 2258 2944 2323 collatio,
3002 2259 3047 2312 si
3097 2275 3217 2313 cum
3259 2259 3525 2313 eharitatc
3572 2260 3663 2313 ha-

2052 2350 2295 2415 tbeatur,
2335 2358 2389 2404 et
2425 2350 2492 2404 de
2524 2349 2965 2419 profundioribus
3006 2350 3309 2419 quibusque
3351 2351 3435 2404 vel
3479 2352 3671 2405 obscu-

2085 2439 2320 2494 rioribus
2347 2447 2624 2510 exspectet
2664 2440 2996 2494 eruditorum
3036 2439 3504 2510 perfectorumque
3547 2455 3672 2495 sen-
3758 2458 3774 2473 ο

2084 2531 2327 2593 tentiam,
2367 2534 2659 2586 secundum
2689 2532 2830 2600 quod
2860 2540 2915 2585 et
2943 2530 3152 2601 Moyses
3185 2530 3318 2586 dicit
3343 2544 3358 2584 :
3389 2528 3666 2599 Interroga

2083 2632 2257 2692 patres
2295 2631 2431 2684 tuos,
2469 2631 2516 2676 et
2555 2621 2940 2675 annuntiabunt
2972 2620 3100 2685 tibi;
3123 2620 3478 2691 presbyteros,
3503 2627 3549 2671 et
3581 2619 3665 2671 di-

2087 2723 2201 2768 cent
2234 2714 2347 2767 tibi.

2156 2802 2421 2855 Audacius
2442 2809 2616 2855 autem
2641 2802 2824 2872 scripsi
2849 2801 3012 2866 vobis,
3035 2800 3247 2869 fratres,
3270 2814 3335 2853 ea:
3359 2809 3525 2868 parte,
3553 2807 3672 2852 tan—

2082 2908 2238 2963 quam
2269 2893 2323 2946 in
2350 2894 2655 2946 memoriam
2679 2909 2766 2946 vos
2796 2892 3046 2946 reducens
3071 2900 3280 2961 propter
3303 2889 3528 2959 gratiam
3554 2904 3672 2957 qua:

2084 2983 2210 3035 data
2248 2980 2373 3034 mihi
2401 2990 2475 3034 est
2504 2997 2536 3032 a
2566 2979 2696 3033 Deo.
2750 2977 2815 3033 Ut
2845 2980 2941 3033 sim
2972 2980 3210 3033 minister
3234 2976 3429 3031 Christi
3458 2976 3585 3030 Jesu
3616 2976 3672 3029 in

2084 3073 2355 3143 gentibus:
2386 3072 2720 3140 sanctiﬁcans
2752 3071 3089 3141 Evangelium
3120 3070 3236 3135 Dei,
3269 3079 3324 3123 ut
3355 3069 3448 3138 fiat
3480 3067 3675 3122 oblatio

401 3182 591 3235 fuisset
633 3181 691 3233 in
733 3180 847 3246 ipso
889 3152 1061 3247 gentes
1106 3152 1345 3241 credent,
1390 3174 1678 3243 adiecisset
1729 3152 1846 3229 sine
1886 3172 1985 3227 du—
2011 3152 2055 3212 (ἶ
2086 3166 2315 3237 gentium
2361 3175 2594 3234 accepta,
2643 3175 2691 3218 et
2737 3163 3067 3232 sanctificata
3114 3162 3169 3216 in
3216 3160 3421 3232 Spiritu
3469 3169 3673 3213 sancto.

401 3273 514 3338 hio,
547 3271 685 3326 Deus
704 3280 878 3325 autem
899 3269 1057 3338 ﬁdei,
1114 3269 1209 3324 sed
1261 3281 1405 3321 nunc
1430 3282 1459 3319 ιι
1487 3265 1758 3336 sperando
1798 3271 1986 3334 gentes

406 3365 576 3420 Deum
605 3362 721 3433 spei
764 3362 981 3417 invocat
1018 3375 1181 3430 super
1217 3374 1312 3414 eos
1340 3358 1432 3429 qui
1474 3365 1697 3427 sperant
1740 3356 1794 3410 in
1839 3370 1985 3419 eum,

405 3469 436 3509 a
461 3470 568 3524 quo
596 3454 678 3508 eis
708 3452 1099 3508 benedictionis
1138 3465 1333 3504 munus
1368 3457 1621 3519 precatur
1651 3448 1836 3518 augeri
1864 3466 1877 3501 :
1902 3455 1987 3501 est

403 3556 582 3601 autem
634 3544 939 3600 benedictio
982 3542 1309 3613 hujusmodi,
1358 3540 1428 3595 Ut
1475 3540 1788 3609 repleantur
1834 3538 1983 3593 omni

404 3632 602 3707 gaudio
630 3642 684 3689 et
713 3633 859 3689 omni
888 3647 1037 3703 pace.
1088 3630 1353 3687 Similiter
1398 3637 1576 3683 autem
1619 3636 1675 3682 et
1712 3627 1983 3696 Propheta

404 3727 457 3782 in
485 3727 719 3797 quodam
759 3723 878 3780 loco
904 3723 1033 3778 dicit
1063 3741 1076 3776 :
1106 3722 1171 3776 Et
1204 3723 1302 3776 erit
1335 3721 1390 3775 in
1424 3717 1604 3773 diebus
1638 3717 1750 3785 ejus
1774 3716 1987 3785 justitia

403 3830 450 3874 et
485 3817 767 3872 multitudo
815 3817 979 3886 pacis,
1023 3830 1289 3885 usquequo
1325 3811 1606 3880 auferatur
1645 3809 1772 3862 luna
1809 3805 1982 3879 (Psal.

405 3909 575 3981 ιςχι).
599 3908 706 3965 Sed
732 3908 857 3978 quia
885 3907 1001 3961 haec
1025 3905 1091 3960 de
1111 3904 1329 3960 Christo
1350 3902 1624 3964 dicuntur,
1647 3899 1700 3952 in
1723 3898 1815 3953 illo
1840 3904 1987 3951 recte

406 4017 694 4072 possumus
744 3997 1143 4054 multitudinem
1209 3994 1360 4065 pacis
1412 3992 1723 4055 advertere,
1773 4003 1872 4058 pro
1919 4001 1985 4042 eo

405 4094 547 4164 quod
577 4090 872 4162 paciﬁcavit
895 4103 988 4159 per
1018 4085 1324 4157 sanguinem
1350 4082 1522 4138 crucis
1550 4096 1659 4135 sua:
1691 4095 1795 4133 non
1817 4076 1987 4132 solum

405 4201 523 4256 qua:
578 4184 634 4237 in
679 4192 819 4236 terra
863 4190 984 4234 sunt
1011 4219 1026 4245 ,
1071 4179 1163 4234 sed
1207 4179 1365 4231 etiam
1409 4191 1525 4246 qua:
1578 4176 1633 4227 in
1681 4171 1821 4226 caelis
1865 4178 1987 4224 sunt

408 4272 633 4345 (Coloss.
659 4271 799 4341 ι).1ιι
815 4269 1066 4324 omnibus
1089 4275 1271 4322 autem
1293 4265 1562 4335 quomodo
1582 4263 1748 4333 possit
1779 4258 1987 4330 impleri

408 4365 511 4420 hoc
549 4363 693 4434 quod
727 4368 981 4431 precatur
1011 4356 1330 4428 Apostolus,
1372 4362 1432 4408 ut
1466 4353 1779 4423 repleantur
1840 4347 1986 4403 omni

409 4456 605 4527 gaudio
638 4462 695 4511 et
729 4452 876 4509 omni
906 4465 1059 4522 trace,
1093 4447 1308 4505 dilliclle
1336 4446 1467 4501 mihi
1512 4445 1726 4500 videtur
1761 4441 1984 4512 exponi,

411 4546 646 4601 maxime
679 4559 802 4599 cum
839 4542 1003 4597 etiam
1046 4541 1160 4610 ipse
1204 4537 1495 4608 Apostolus
1544 4536 1598 4589 in
1628 4535 1713 4589 his
1741 4548 1862 4603 qua:
1892 4546 1990 4601 per

412 4638 642 4708 gratiam
680 4635 913 4706 Spiritus
956 4638 1282 4688 consecutus
1318 4637 1423 4694 est,
1452 4642 1520 4682 ex
1556 4634 1711 4696 parte
1752 4640 1812 4679 se
1846 4624 1992 4677 dicat

412 4729 575 4793 seire,
604 4737 661 4784 ct
683 4742 752 4783 ex
775 4734 927 4796 parte
954 4722 1282 4795 prophetare
1310 4718 1362 4792 (Ι
1382 4718 1508 4775 Cor.
1542 4716 1699 4786 xm);
1743 4716 1839 4771 sed
1890 4729 1991 4784 ego

412 4827 543 4889 puto
587 4818 640 4871 in
688 4831 756 4872 eo
802 4816 1001 4870 habere
1043 4826 1206 4883 posse
1252 4809 1536 4865 credentes
1601 4804 1990 4877 plenitudinem

412 4910 584 4981 pacis,
627 4923 749 4964 cum
786 4906 1206 4962 reconciliantur
1280 4901 1392 4957 Deo
1454 4900 1602 4955 Patri
1666 4914 1764 4969 per
1830 4895 1990 4950 [idem

415 5002 709 5059 secundum
735 5000 960 5055 verbum
987 4996 1140 5052 Pauli
1159 4994 1392 5050 dicentis
1431 4991 1514 5065 (II
1539 4989 1662 5045 Cor.
1690 4987 1744 5058 v)
1772 5008 1786 5041 :
1812 4986 1992 5056 Roga-

414 5109 532 5147 mus
551 5109 646 5163 pro
666 5090 896 5155 Christo,
922 5086 1331 5142 reconciliamini
1347 5084 1473 5149 Deo,
1489 5090 1689 5137 etcum
1719 5079 1772 5133 in
1802 5092 1991 5148 pacem

417 5186 644 5242 redeunt
680 5199 804 5238 cum
829 5181 968 5236 Filio
993 5179 1085 5235 Dei
1118 5193 1219 5249 per
1264 5175 1579 5245 sanguinem
1627 5172 1806 5226 crucis
1854 5169 1990 5239 ejus,

417 5287 622 5332 etcum
662 5283 853 5332 sancto
887 5270 1113 5342 Spiritui
1147 5267 1422 5323 sociantur
1470 5277 1592 5318 cum
1639 5277 1699 5317 se
1735 5260 1993 5315 emunda-

417 5368 598 5425 veriut
624 5368 692 5422 ab
719 5366 865 5422 omni
897 5363 1324 5432 inquinamento,
1350 5364 1405 5410 et
1432 5353 1607 5409 ell‘ecti
1640 5351 1841 5405 fuerint
1865 5363 1990 5403 vasa

419 5469 630 5525 sancta,
672 5467 732 5512 ut
775 5458 848 5511 ita
903 5455 1118 5509 demum
1149 5450 1270 5521 quis
1316 5445 1509 5517 repleri
1553 5442 1801 5497 videatur
1846 5440 1992 5496 omni

419 5567 572 5632 pace,
612 5550 656 5607 si
684 5550 738 5604 in
770 5544 1093 5619 plenitudine
1127 5539 1416 5597 crediderit
1438 5534 1736 5590 Trinitatis.
1768 5533 1994 5601 PrOptcr

421 5624 526 5700 hoc
567 5644 801 5712 denique
849 5637 1123 5711 subjungit
1144 5632 1452 5705 Apostolus,
1501 5639 1557 5685 et
1607 5627 1759 5691 dicit,
1786 5624 1992 5694 Repleat

426 5750 512 5801 ws
535 5737 677 5792 omni
703 5730 917 5809 gaudio,
941 5739 986 5783 et
1011 5742 1134 5801 pace
1166 5726 1219 5783 in
1251 5720 1527 5783 credenda,
1560 5728 1614 5775 ut
1647 5714 1921 5771 abundctis
1942 5714 1995 5764 in

2089 3254 2366 3325 Tanquam
2402 3255 2495 3325 qui
2548 3257 2797 3310 conscius
2830 3254 2901 3307 sit
2936 3253 3038 3307 sibi
3081 3253 3132 3305 in
3172 3251 3321 3306 onmi
3360 3258 3509 3305 textu
3544 3248 3674 3317 Epi-

2090 3350 2273 3415 stolte,
2317 3348 2445 3402 dum
2488 3349 2555 3402 ad
2598 3363 2692 3403 eos
2734 3348 3003 3401 interdum
3031 3345 3122 3415 qui
3163 3360 3231 3399 ex
3262 3341 3677 3399 circumcisione

2089 3453 2212 3500 sunt
2236 3485 2253 3510 ,
2292 3443 2560 3500 interdum
2589 3458 2718 3498 vero
2753 3442 2819 3497 ad
2849 3456 2943 3495 eos
2970 3440 3061 3509 qui
3101 3454 3166 3492 ex
3205 3435 3456 3507 gentibus
3494 3433 3674 3489 credi-

2089 3535 2284 3590 derunt
2316 3532 2517 3589 faceret
2543 3531 2764 3587 verbum
2783 3571 2797 3594 ,
2839 3531 2981 3599 quod
3011 3527 3266 3582 nonnulla
3297 3526 3459 3581 etiam
3490 3524 3555 3578 de
3585 3538 3673 3578 se-

2088 3622 2414 3680 cretioribus
2448 3620 2721 3691 mysteriis
2760 3619 3306 3688 profundioribusque
3344 3613 3674 3684 contigerit,

2087 3720 2143 3767 et
2171 3711 2352 3767 studio
2393 3709 2679 3764 reddenda:
2726 3707 2953 3761 rationis
2996 3706 3149 3775 plura
3178 3720 3299 3774 quze
3336 3705 3674 3759 habebantur

2090 3803 2143 3856 in
2173 3799 2401 3857 occultis
2450 3796 2786 3869 patefecerit,
2822 3796 2949 3850 licet
3001 3795 3054 3848 in
3116 3793 3341 3863 singulis
3394 3792 3675 3862 dispensa-

2089 3891 2287 3947 tionem
2341 3889 2488 3944 verbi
2541 3894 2700 3942 cauta
2735 3885 3104 3940 moderatione
3153 3884 3480 3947 servaverit,
3523 3892 3578 3936 et
3603 3897 3668 3937 ex

2086 3982 2263 4051 aliqua
2300 3987 2455 4051 parte
2482 3975 2746 4039 indicans,
2783 3988 2849 4029 ex
2886 3973 3050 4027 multa
3090 3987 3302 4027 rursum
3343 3979 3497 4040 parte
3541 3985 3669 4025 con-

2090 4071 2315 4135 texerit,
2352 4068 2555 4124 idcirco
2589 4065 2757 4122 dicit:
2797 4063 3064 4118 Audacius
3100 4072 3271 4116 autem
3306 4061 3492 4131 scripsi
3528 4060 3669 4115 vobis

2087 4184 2152 4222 ea:
2176 4175 2344 4238 parte,
2366 4173 2616 4232 tanquam
2641 4173 3053 4215 commemorans
3079 4172 3165 4209 vos
3190 4171 3282 4224 per
3308 4154 3532 4223 gratiam
3557 4169 3674 4224 qua'

2088 4259 2214 4312 data
2244 4267 2317 4311 est
2346 4255 2493 4309 mihi.
2541 4252 2710 4307 Audis
2737 4247 3052 4320 Apostolum
3089 4247 3356 4302 dicentem
3376 4284 3394 4308 ,
3428 4259 3493 4298 ea:
3524 4254 3674 4314 parte

2088 4346 2320 4416 scripsi?
2375 4344 2525 4399 Unde
2572 4357 2748 4413 neque
2796 4340 2953 4395 nobis
2981 4338 3175 4406 aliquis
3226 4341 3573 4398 succenseat,
3629 4334 3674 4387 si

2094 4436 2473 4508 mysteriorum
2498 4432 2799 4486 divinorum
2826 4428 3093 4484 rationem
3120 4424 3410 4493 explanare
3430 4421 3674 4490 aliquan-

2021 4489 2069 4547 D
2096 4536 2207 4582 tum
2238 4540 2343 4580 non
2372 4523 2644 4585 valemus,
2692 4533 2815 4574 cum
2861 4516 3045 4571 audiat
3081 4528 3203 4568 eum
3234 4511 3326 4581 qui
3364 4509 3523 4564 nobis
3561 4509 3676 4562 hate

2095 4618 2212 4686 ipsa
2240 4613 2460 4669 tradidit
2488 4628 2554 4667 ex
2581 4617 2737 4681 parte
2766 4606 3088 4662 tradidisse:
3113 4620 3213 4659 nec
3246 4602 3532 4673 quisquam
3576 4598 3677 4654 sub

2095 4707 2334 4764 scientia:
2374 4702 2531 4758 titulo
2572 4701 2648 4756 ita
2689 4697 2903 4754 inﬂatus
2940 4695 3192 4759 incedat,
3242 4701 3495 4761 tanquam
3552 4689 3673 4742 uni-

2096 4816 2252 4857 versa
2280 4794 2628 4869 cognoverit,
2670 4807 2794 4848 cum
2824 4790 2938 4860 ipse
2968 4786 3195 4848 Paulus,
3236 4798 3266 4836 a
3293 4797 3401 4850 quo
3436 4776 3675 4832 scientiae

2097 4893 2251 4948 nobis
2279 4903 2457 4944 sermo
2488 4883 2789 4941 transiusus
2818 4889 2902 4937 est
2919 4920 2934 4945 ,
2965 4894 3033 4933 ex
3060 4883 3214 4946 parte
3241 4873 3387 4927 dicat
3415 4869 3675 4930 scribere,

2096 4992 2152 5039 et
2181 4999 2248 5039 ex
2283 4989 2435 5051 parte
2476 4987 2822 5050 cognoscere.
2873 4972 2985 5040 Ego
3033 4977 3213 5021 tamen
3254 4962 3488 5051 arbitror
3511 4957 3674 5027 quod,

2097 5048 2344 5144 quamvis
2366 5069 2531 5123 etiam
2554 5048 2671 5135 ipse
2688 5062 2888 5117 Paulus
2909 5073 2975 5113 ex
3000 5063 3153 5127 parte
3175 5069 3236 5109 se
3257 5050 3398 5106 scire
3420 5048 3673 5110 fateatur,

2097 5139 2252 5238 plura
2281 5173 2459 5218 tamen
2493 5169 2550 5215 et
2575 5157 2744 5213 multo
2769 5154 2921 5225 plura
2948 5150 3148 5213 scierit,
3172 5159 3338 5217 quam
3365 5139 3674 5212 scripserit;

2096 5230 2352 5322 tanquam
2378 5248 2518 5320 quod
2548 5248 2661 5317 ipse
2688 5244 2854 5299 multa
2882 5242 3077 5303 sciret,
3119 5252 3221 5292 nec
3248 5245 3425 5289 tamen
3458 5230 3680 5284 auderet

2095 5354 2152 5402 et
2194 5320 2362 5400 multa
2405 5338 2686 5410 proferre,
2730 5333 3010 5389 audaciam
3055 5329 3156 5384 sibi
3201 5326 3369 5380 fuisse
3405 5320 3568 5383 dicit,
3617 5326 3680 5372 ut

2097 5438 2275 5506 aliqua
2303 5434 2491 5489 saltem
2513 5431 2806 5500 Scriptura:
2832 5424 3216 5481 committeret.
3248 5417 3403 5485 Quod
3423 5428 3557 5470 vero
3580 5412 3679 5477 ait,

2099 5505 2520 5583 Commemorans
2547 5539 2632 5576 vos
2657 5535 2748 5589 per
2771 5518 2996 5589 gratiam
3022 5529 3138 5585 qua:
3164 5512 3291 5566 data
3319 5523 3393 5563 est
3423 5506 3575 5570 mihi,
3601 5505 3681 5559 in-

2099 5618 2244 5673 dicat
2261 5612 2547 5685 quemdam
2577 5610 2678 5664 sibi
2704 5607 2816 5676 jam
2848 5605 3012 5659 fuisse
3039 5614 3346 5657 sermonem
3366 5598 3433 5651 dc
3462 5595 3678 5658 talibus,

2102 5718 2155 5766 et
2173 5704 2492 5765 disseruisse
2514 5716 2572 5756 se
2592 5714 2735 5768 saepe
2758 5699 2825 5754 de
2843 5693 3135 5767 mysteriis.
3161 5690 3270 5747 Sed
3291 5688 3545 5759 quoniam
3563 5698 3682 5753 quzc
