4026 6180
534 274 673 331 {$99

533 386 650 443 solo
678 384 1100 439 sermonedicta
1129 390 1254 437 sunt
1274 422 1289 447 ,
1329 381 1487 435 facile
1520 381 1867 451 interciperet
1895 379 2116 442 oblivio,
2151 388 2188 440 Α

533 493 625 544 per
651 476 785 539 hrrc,
829 475 1033 544 inquit,
1076 490 1246 543 pauca
1272 488 1387 542 qua:
1414 472 1598 541 scripsi
1625 487 1717 541 per
1744 471 1969 540 gratiam
2004 483 2121 538 qua:

533 569 661 622 data
693 577 766 620 est
798 567 957 631 mihi,
990 564 1201 621 illorum
1232 564 1383 618 vobis
1411 562 1726 617 memoriam
1758 576 1973 624 revoco,
2003 575 2123 629 qua:

539 674 572 713 a
627 676 714 714 me
762 658 924 713 latius
962 669 1102 726 saepe
1140 656 1369 710 disserta
1412 663 1557 709 sunt.
1612 654 1689 708 De
1727 651 1902 723 gratia
1942 660 2122 704 autem

534 764 697 821 quam
743 749 846 804 sibi
890 750 1073 802 datam
1110 744 1306 800 Paulus
1352 752 1763 809 commemorat,
1797 756 1958 812 supra
2007 741 2122 810 jam

539 842 794 907 diximus.
834 839 1004 906 Quam
1030 838 1258 910 gratiam
1291 836 1359 891 ob
1396 837 1499 890 hoc
1529 834 1629 889 sibi
1648 834 1837 889 datam
1865 832 2017 896 dicit,
2056 830 2124 886 Ut

539 933 662 996 sim,
690 933 883 1001 inquit,
914 930 1216 983 miuistraus
1248 926 1455 981 Christo
1482 923 1610 978 Jesu
1634 925 1687 976 in
1712 922 1970 994 gentibus,
1997 938 2124 975 san-

537 1022 774 1091 ctiﬁcans
810 1018 1150 1090 Evangelium
1200 1017 1313 1071 Dei.
1367 1015 1520 1082 Quod
1559 1029 1658 1067 nos
1686 1013 1972 1077 habemus,
1998 1028 2125 1065 san-

538 1113 775 1180 cti/icans
802 1111 1140 1181 Evangelium
1170 1112 1289 1176 Dei,
1331 1110 1504 1165 (ἶνκοί
1562 1106 1995 1179 magniﬁcentius
2040 1106 2127 1162 di-

537 1214 666 1260 cunt
709 1206 1067 1279 ἱερουργοῦντα
1096 1205 1153 1258 τὸ
1186 1203 1483 1275 Eua-77am»
1519 1207 1611 1257 τοῦ
1653 1205 1797 1259 Θεοῦ,
1831 1200 1973 1268 quod
2003 1197 2130 1253 licet

540 1310 645 1349 non
694 1294 850 1363 plene
903 1309 931 1347 a
982 1292 1155 1356 nobis,
1190 1299 1377 1362 posset
1423 1299 1602 1344 tamen
1666 1288 1771 1344 dici
1822 1287 2129 1356 sacriﬁcans

543 1382 882 1452 Evangelium
939 1381 1089 1436 Dei:
1126 1398 1222 1451 per
1274 1382 1418 1453 quod
1469 1381 1772 1454 ostenditur
1820 1379 2130 1451 pontiﬁcale

540 1472 881 1546 [sacriﬁcale]
924 1491 1061 1544 opus
1111 1489 1232 1529 esse
1279 1475 1599 1529 annuntiare
1627 1474 1995 1545 Evangelium.
2047 1471 2132 1527 Η·-

540 1566 686 1619 circo
715 1565 949 1636 denique
977 1565 1281 1637 subjungit,
1326 1565 1396 1621 Ut
1423 1567 1518 1635 ﬁat
1553 1567 1744 1621 oblatio
1773 1566 2001 1636 gentium
2043 1582 2132 1619 ac—

543 1668 711 1727 cepta,
745 1659 1075 1727 sanctiﬁcata
1110 1659 1165 1713 in
1201 1657 1401 1729 Spiritu
1435 1668 1645 1724 sancto,
1685 1666 1745 1713 ut
1772 1658 1980 1714 scilicet
2004 1656 2132 1712 olfe-

543 1756 733 1805 rantur
757 1758 945 1820 gentes
978 1750 1108 1814 Deo,
1134 1728 1394 1820 tanquam
1423 1751 1750 1821 acceptabile
1775 1750 2124 1815 sacriﬁcium,
2156 1728 2201 1786 Β

540 1860 662 1899 cum
711 1843 766 1898 in
788 1843 1015 1899 Christo
1044 1844 1331 1899 credentes
1378 1858 1475 1912 per
1511 1844 1861 1914 Evangelium
1890 1841 2130 1899 sanctiﬁ-

539 1942 755 1996 cantur,
803 1935 942 1989 sicut
984 1941 1039 1988 et
1084 1936 1337 2004 superius
1371 1936 1538 1991 dicit:
1580 1936 1806 1991 Obsecro
1832 1937 2016 2007 itaque
2034 1952 2128 1989 .vos

539 2043 631 2089 per
660 2026 1072 2083 misericordiam
1112 2026 1237 2091 Dei,
1287 2036 1341 2081 ut
1382 2027 1668 2082 exhibeatis
1703 2044 1925 2097 corpora
1958 2036 2129 2081 vestra

540 2116 765 2170 hostiam
796 2117 986 2181 vivam,
1022 2127 1283 2181 sanctam,
1317 2117 1426 2171 Deo
1462 2118 1770 2189 placentem.
1803 2118 1956 2172 Sicut
2000 2133 2129 2188 ergo

528 2204 845 2276 pontiﬁces,
876 2222 998 2263 cum
1029 2206 1350 2274 oﬁ'erebant,
1364 2209 1673 2265 necessario
1699 2210 1780 2265 eis
1808 2218 1925 2265 erat
1951 2211 2130 2279 provi-

540 2301 775 2356 dendum
798 2316 874 2356 ne
904 2300 1114 2358 macula
1146 2302 1345 2357 inesset
1392 2301 1613 2367 hostiae,
1667 2318 1736 2357 ne
1779 2302 2126 2371 vituperatio,

542 2408 609 2448 ne
635 2392 1124 2462 vitium,utposset
1150 2403 1370 2463 accepta
1393 2407 1511 2447 esse
1534 2392 1642 2449 Deo
1670 2402 1724 2447 et
1752 2401 1906 2463 grata
1936 2410 1948 2446 :
1977 2393 2053 2447 ita
2072 2400 2131 2447 et

541 2482 634 2553 qui
664 2482 1017 2555 Evangelium
1048 2484 1348 2550 sacriﬁcat,
1366 2492 1421 2539 et
1448 2484 1671 2538 verbum
1690 2482 1787 2537 Dei
1821 2484 2126 2548 annuntiat,

542 2590 736 2630 curare
764 2575 1091 2631 omnimodis
1120 2575 1299 2641 debet,
1332 2591 1399 2630 ne
1427 2590 1530 2645 qua
1562 2575 1616 2630 in
1649 2575 1988 2645 [medicande
2016 2590 2131 2630 ma-

541 2667 686 2731 cula,
719 2682 894 2737 neque
921 2669 974 2721 in
1005 2668 1248 2723 docendo
1278 2668 1496 2732 vitium,
1530 2678 1702 2736 neque
1732 2667 1786 2721 in
1819 2666 2131 2736 magistelzio

541 2755 697 2826 culpa
724 2764 1022 2812 nascatur:
1057 2759 1172 2822 sed,
1204 2765 1264 2812 ut
1290 2757 1365 2812 ita
1393 2757 1642 2823 dixerim,
1684 2757 1729 2812 si
1772 2755 1887 2812 ﬁeri
1931 2764 2128 2826 potest,

544 2847 893 2917 semetipsum
925 2848 1102 2917 primo
1132 2847 1373 2903 immolet
1392 2889 1407 2912 ,
1444 2864 1503 2903 se
1534 2848 1766 2917 primum
1794 2848 1943 2901 vitiis
1967 2847 2130 2917 jugu-

545 2942 639 3005 let,
667 2955 761 2997 sua
791 2939 960 3009 ipsius
976 2948 1208 3009 peccata
1237 2938 1384 3009 prior
1406 2938 1716 3002 mortiﬁcet,
1737 2946 1796 2992 ut
1821 2954 1927 2992 non
1958 2937 2130 2993 solum

544 3026 811 3094 doctrina,
848 3028 944 3083 sed
972 3038 1029 3083 et
1058 3028 1183 3083 vitae
1207 3028 1457 3097 exemplo
1485 3026 1871 3097 discipulorum
1900 3025 2128 3081 salutem

546 3116 821 3171 oblatione
850 3133 946 3172 sua
986 3127 1262 3187 acceptam
1291 3116 1455 3173 faciat
1482 3117 1611 3171 Deo.
1650 3114 2015 3185 Sancti/iacta,
2045 3116 2130 3169 in-

543 3209 693 3279 quit,
724 3211 781 3264 in
811 3209 1015 3279 Spiritu
1038 3220 1243 3276 sancto,
1289 3207 1882 3265 sanctiﬁcationis-fons
1896 3205 2132 3276 Spiritus

545 3309 649 3363 est,
674 3308 729 3354 et
756 3299 877 3354 ideo
902 3300 1104 3356 oblatio
1130 3301 1393 3372 gentium,
1421 3315 1541 3368 quae
1567 3298 1734 3353 Paulo
1761 3297 2133 3352 sanctiﬁcante

546 3389 791 3445 oilertur.
826 3404 933 3443 non
964 3403 1061 3458 per
1088 3389 1490 3444 observantiam
1519 3386 1675 3456 legis,
1704 3385 1798 3441 sed
1828 3400 1925 3455 per
1955 3384 2131 3457 Spiri-

549 3491 663 3538 tum
693 3489 939 3536 sanctum
966 3488 1191 3551 accepta
1216 3479 1333 3536 ﬁeri
1361 3479 1559 3534 dicitur
1585 3480 1715 3536 Deo.

616 3571 804 3633 Habeo
849 3573 1010 3642 igitur
1050 3570 1272 3642 gloriam
1318 3572 1375 3625 in
1418 3568 1624 3624 Christo
1657 3569 1790 3632 Jesu
1834 3569 1904 3622 ad
1944 3567 2131 3623 Deum.

555 3662 675 3723 Non
700 3663 839 3723 enim
866 3662 1036 3716 audeo
1066 3661 1265 3732 aliquid
1292 3661 1434 3733 loqui
1460 3677 1641 3715 eorum
1665 3677 1782 3731 quae
1808 3677 1900 3730 per
1914 3677 2002 3715 me
2031 3677 2136 3715 non

547 3752 695 3822 eﬁicit
714 3732 968 3805 Christus
998 3751 1054 3804 in
1084 3732 1430 3805 obedientiam
1454 3751 1683 3821 gentium
1710 3749 1860 3803 verba
1885 3759 1933 3803 et
1958 3749 2132 3818 factis,

453 3881 489 3930 η
544 3841 838 3901 iuoirtutes
864 3841 1131 3911 signorum
1161 3850 1209 3893 et
1236 3840 1597 3910 prodigiorum
1617 3841 1677 3893 in
1701 3840 1887 3893 virtute
1908 3837 2135 3910 Spiritus

548 3933 736 3993 sancti.
772 3932 909 3987 Vera
934 3930 1154 4001 quidem
1182 3930 1432 4001 gloriatio
1456 3930 1524 3985 ad
1552 3929 1720 3984 Deum
1748 3945 1854 3984 non
1884 3939 2000 3994 est,
2031 3930 2135 3984 nisi

550 4024 638 4077 illa
677 4038 798 4093 quae
825 4030 908 4078 est
936 4023 990 4077 in
1018 4022 1237 4077 Christo
1269 4039 1283 4075 :
1320 4021 1435 4079 sine
1461 4020 1678 4077 Christo
1703 4028 1883 4074 autem
1914 4018 2135 4090 gloriari

552 4114 604 4167 in
634 4114 742 4168 Deo
772 4113 879 4169 tale
907 4122 1020 4178 est,
1063 4112 1222 4182 quale
1260 4113 1304 4167 si
1342 4113 1465 4181 quis
1493 4112 1635 4167 dicat
1663 4126 1822 4181 posse
1849 4126 1909 4167 se
1936 4111 2136 4169 habere

548 4202 773 4271 gloriam
802 4203 943 4273 apud
969 4204 1136 4259 Deum
1169 4202 1285 4257 sine
1305 4201 1535 4272 justitia,
1563 4200 1680 4255 sine
1702 4200 1989 4270 sapientia,
2018 4201 2134 4255 sine

555 4294 812 4361 veritate;
846 4295 961 4349 haec
980 4294 1126 4349 enim
1146 4292 1324 4346 omnia
1339 4291 1588 4346 Christus
1612 4299 1717 4354 est,
1731 4301 1785 4343 et
1809 4290 1928 4346 ideo
1947 4291 1997 4344 in
2017 4290 2133 4346 solo

1164 271 1230 326 B.
1269 269 1524 327 RABANI
1560 268 1781 325 MAURI
1818 264 2136 323 ABCIIIEP.
2178 262 2488 321 MOGUNT.
2527 262 2812 319 OPERUM
2849 262 3027 319 PARS
3064 263 3151 319 ill.

3591 276 3687 331 lﬁ'Jll

2222 377 2433 448 loquor,
2482 377 2689 448 i;.quit,
2738 392 2844 431 non
2887 387 3008 432 sunt
3040 379 3201 433 alieni
3239 382 3399 451 operis
3424 384 3589 454 verba,
3623 407 3690 448 nec

2223 467 2531 521 alienorum
2549 476 2825 538 gestorum
2859 467 3104 523 laudator
3149 467 3360 536 cilicior,
3398 474 3477 527 sed
3499 482 3692 544 qttmscio

2222 555 2496 610 Christum
2543 572 2640 625 per
2686 573 2772 612 me
2818 556 3082 621 olfecisse,
3111 558 3225 612 haec
3247 560 3386 615 vobis
3418 548 3576 629 scribo,
3610 583 3693 638 qua

2223 664 2320 719 per
2347 650 2708 707 obedientiam
2738 652 2976 720 gentium
3004 651 3169 706 verbo
3204 652 3255 706 in
3289 668 3370 708 me
3404 665 3453 709 et
3481 672 3604 726 opere
3623 676 3693 716 ex.

2224 740 2419 809 plevit,
2452 741 2616 795 verbo
2653 740 3072 809 prazdicationis,
3101 756 3259 812 opere
3284 744 3521 815 signorum
3540 757 3579 804 et
3602 766 3690 820 pro-

2226 830 2513 900 digiorum.
2552 828 2683 898 Quae
2712 839 2890 887 autem
2933 831 3006 886 sit
3032 829 3336 888 dill'erentia
3365 836 3486 891 inter
3506 840 3626 910 signa
3655 854 3693 897 et

2225 926 2493 997 prodigia,
2507 935 2563 981 et
2585 925 2637 980 in
2660 926 2781 982 aliis
2792 925 2913 995 jam
2933 926 3097 983 latius
3113 926 3356 993 diximus,
3372 940 3420 985 et
3444 932 3488 987 in
3510 938 3694 1002 prmsenli

2225 1017 2345 1074 low
2370 1019 2802 1089 compendiosius
2826 1019 3232 1088 explicabimus.
3250 1020 3407 1093 Signa
3421 1026 3693 1097 appellantur,

2228 1110 2280 1164 in
2310 1107 2508 1180 quibus
2533 1125 2657 1191 cum
2685 1109 2755 1164 sit
2782 1108 2983 1179 aliquid
3015 1110 3274 1175 mirabile,
3297 1111 3529 1168 indicatur
3544 1132 3696 1188 quoque

2228 1197 2433 1268 aliquid
2469 1197 2748 1254 futurum:
2787 1200 3034 1271 prodigia
3066 1216 3213 1267 vero,
3250 1202 3299 1256 in
3332 1204 3500 1273 quibus
3528 1216 3697 1263 tantum-

2228 1292 2388 1346 modo
2415 1292 2661 1346 mirabile
2687 1292 2890 1363 aliqnid
2914 1294 3246 1360 ostenditur;
3274 1296 3409 1367 signa
3433 1313 3537 1353 vero
3555 1311 3597 1355 et
3612 1318 3698 1371 pro-

2229 1380 2370 1451 digia
2394 1381 2549 1451 quasi
2573 1398 2692 1452 quae
2715 1392 3003 1453 utrumque
3022 1385 3327 1440 contineant
3350 1387 3480 1446 dixit.
3495 1389 3697 1461 Scriptum

2233 1482 2412 1528 tatnen
2440 1472 2621 1528 divina
2654 1473 2922 1535 interdum
2959 1483 3108 1531 tenet
3138 1477 3264 1533 istas
3295 1482 3616 1548 proprietates.
3640 1484 3698 1535 in-

2232 1565 2443 1623 terdum
2491 1574 2672 1625 autem
2719 1568 2943 1623 abusive
2990 1577 3047 1623 et
3091 1570 3323 1641 prodigia
3363 1587 3448 1642 pro
3474 1573 3632 1645 signis,
3664 1588 3701 1631 et

2232 1657 2385 1727 signa
2414 1673 2513 1727 pro
2541 1657 2802 1730 prodigiis
2828 1660 3001 1731 ponit.
3028 1660 3370 1723 Observanda
3394 1674 3500 1719 sunt
3524 1666 3612 1721 lucc
3635 1668 3702 1722 Ec-

2228 1746 2515 1803 clesiarum
2556 1750 2893 1817 rectoribus,
2952 1760 3010 1806 et
3057 1753 3290 1823 diligenti
3337 1756 3583 1811 intentione
3619 1774 3700 1813 ser-

2229 1839 2442 1905 vanda,
2493 1846 2553 1893 ut
2601 1856 2778 1910 neque
2822 1840 2973 1913 loqui
3023 1843 3227 1912 aliquid
3289 1845 3533 1899 videantur
3569 1863 3703 1901 eorum

2227 1945 2348 2001 quae
2375 1945 2473 2002 per
2503 1930 2648 2001 ipsos
2684 1946 2793 1985 non
2820 1930 3078 1988 effecerit
3107 1932 3361 1999 Christus,
3391 1950 3536 2006 neque
3558 1936 3704 1992 alienos

2228 2020 2443 2077 labores
2477 2032 2533 2077 ct
2570 2023 2753 2078 studia
2788 2023 3126 2079 decolorent.
3168 2024 3420 2095 Loquitur
3450 2037 3592 2083 autem
3620 2029 3705 2096 quis

2228 2127 2291 2167 ea
2348 2128 2469 2183 qua:
2506 2130 2613 2185 .per
2657 2130 2717 2169 se
2763 2130 2871 2171 non
2925 2114 3099 2171 efﬁcit
3124 2114 3360 2171 Christus
3385 2117 3478 2172 hoc
3507 2118 3640 2183 modo,
3674 2120 3704 2171 si

2228 2203 2482 2273 loquatur
2508 2205 2576 2261 de
2614 2206 2950 2262 continentia
2981 2218 3038 2262 et
3069 2207 3286 2273 doceat,
3324 2224 3434 2263 cum
3466 2209 3557 2278 ipse
3580 2211 3701 2264 conti-

2229 2312 2364 2352 nens
2394 2313 2500 2352 non
2530 2298 2601 2353 sit
2636 2316 2649 2351 :
2688 2299 2774 2355 vel
2816 2299 2861 2354 si
2900 2299 3156 2369 loquatur
3181 2300 3245 2354 de
3270 2300 3548 2367 sobrietate,
3572 2300 3631 2354 vel
3660 2300 3705 2354 de

2222 2388 2464 2458 iustitia,
2498 2390 2582 2446 vel
2623 2390 2690 2446 de
2731 2391 3030 2463 largiendis
3063 2393 3274 2462 opibus,
3314 2401 3365 2447 ct
3397 2392 3705 2447 contemnendis

2227 2479 2574 2537 facultatibus
2597 2497 2696 2553 pro
2721 2498 2889 2555 regno
2908 2482 3035 2545 Dei,
3064 2492 3133 2538 et
3156 2484 3208 2537 in
3236 2483 3343 2553 ipso
3362 2483 3444 2554 qui
3467 2482 3560 2537 haec
3581 2483 3701 2545 docet,

2230 2571 2364 2627 nihil
2386 2572 2590 2627 horum
2617 2572 2858 2629 olfecerit
2884 2572 3160 2631 Christus.
3211 2574 3277 2629 Et
3314 2575 3424 2631 ideo
3451 2573 3627 2628 formam
3647 2572 3703 2626 sui

2229 2664 2520 2734 Apostolus
2549 2666 2734 2736 ponit,
2764 2674 2823 2721 et
2848 2667 2982 2725 dicit
3011 2683 3077 2722 ea
3107 2683 3166 2723 se
3191 2667 3362 2739 loqui,
3402 2673 3451 2721 et
3478 2680 3530 2720 ea
3556 2664 3703 2743 ceteris

2231 2753 2543 2824 przedicare,
2569 2771 2690 2826 quae
2715 2771 2814 2827 per
2841 2757 3017 2828 ipsum
3034 2758 3196 2830 .pnius
3215 2756 3441 2813 Christus
3464 2753 3698 2824 impleverit

2237 2849 2318 2903 Ita
2350 2859 2404 2903 ut
2431 2850 2496 2903 ab
2519 2849 2813 2905 Jerusalem
2838 2868 2931 2921 per
2950 2852 3233 2907 circuitum
3261 2867 3411 2920 usque
3431 2850 3491 2901 ad
3510 2848 3701 2918 Illyricum

2232 2938 2531 3010 repleucrim
2560 2937 2904 3012 Evangelia»:
2939 2940 3159 2999 Christi.
3214 2938 3298 2995 Sic
3327 2951 3480 2994 autem
3505 2936 3702 3009 prditui

2231 3028 2595 3100 Evangelium,
2619 3047 2723 3085 non
2746 3031 2834 3086 ubi
2861 3034 3166 3086 nominatus
3193 3028 3512 3089 est-Christus,
3533 3044 3580 3081 ne
3595 3041 3702 3094 super

2232 3119 2459 3176 alienum
2488 3121 2888 3191 fundamentum
2913 3122 3254 3191 wdiﬁcarem.
3307 3121 3607 3188 Paulusergo
3638 3131 3702 3184 per

2233 3219 2552 3284 potestatem
2581 3213 2859 3284 signorum
2894 3221 2950 3267 et
3008 3213 3402 3284 prodigiorum,
3448 3224 3546 3279 qua:
3582 3218 3702 3263 tam

2235 3304 2389 3376 signa
2419 3314 2474 3360 et
2500 3305 2749 3375 prodigia
2780 3304 2835 3359 in
2865 3306 3070 3361 virtute
3097 3306 3266 3363 sancti
3299 3304 3502 3374 Spiritus
3523 3298 3701 3359 faciebat,

2235 3395 2304 3451 ab
2330 3393 2631 3451 Jerusalem
2667 3411 2840 3466 usque
2873 3396 2943 3450 ad
2994 3396 3265 3468 Illyricum
3304 3393 3503 3466 replevit
3534 3392 3703 3457 Evanie‘

2235 3483 2365 3541 lium
2394 3484 2615 3541 Christi.
2670 3486 2837 3558 Moysi
2869 3496 2923 3542 et
2952 3488 3137 3543 Aaron
3167 3489 3376 3553 dederat
3392 3484 3517 3539 Deus
3540 3491 3703 3551 Ρθῑεδη·

2226 3584 2346 3629 .tem
2376 3576 2657 3647 signorum
2695 3586 2751 3631 et
2777 3578 3173 3648 prodigiorum,
3215 3580 3348 3634 sicut
3383 3577 3592 3645 scriptum
3615 3579 3700 3626 est:

2236 3663 2422 3720 Posuit
2452 3667 2509 3720 in
2535 3667 2608 3722 eis
2634 3667 2788 3722 verba
2815 3669 3110 3738 signorum,
3140 3679 3187 3724 et
3215 3669 3531 3739 prodigiorum
3548 3666 3589 3717 in
3605 3673 3703 3717 tem

2236 3753 2495 3811 Chanaan
2557 3756 2732 3827 (Psal.
2799 3757 2907 3831 CIV)
2933 3798 2949 3823 ,
3007 3768 3073 3814 ut
3136 3759 3271 3814 ﬁlios
3336 3757 3481 3813 lsrael
3517 3754 3702 3821 caliga!!!

2234 3852 2472 3926 ΑΕΒΥΡιο
2504 3855 2816 3921 liberarent,
2854 3856 2949 3912 sed
2978 3856 3059 3912 illi
3090 3857 3179 3911 vix
3208 3864 3471 3922 rarumque
3495 3849 3704 3917 potuenmt

2235 3963 2301 4002 ex
2330 3947 2705 4019 Egyptiorum
2748 3958 2907 4019 gente
2950 3958 3305 4013 convertere;
3354 3942 3522 3999 Paulus
3546 3942 3702 4003 accepti

2225 4045 2501 4108 potestate
2525 4040 2801 4110 signorum
2833 4050 2889 4097 et
2918 4041 3282 4112 prodigiorum
3325 4051 3421 4093 non
3456 4045 3583 4087 unam
3612 4039 3701 4096 gen-

2237 4138 2343 4186 tem
2376 4145 2549 4200 neque
2594 4132 2730 4189 duos
2776 4140 2871 4186 aut
2918 4141 3029 4188 tres
3077 4131 3314 4203 pupulas,
3361 4127 3444 4183 sed
3480 4134 3626 4181 omnes
3657 4115 3703 4169 ab

2233 4220 2531 4278 Jerusalem
2561 4223 2617 4278 in
2645 4224 2874 4279 circuitu
2917 4238 3089 4292 usque
3137 4223 3203 4279 ad
3248 4220 3488 4293 lllyricunt
3522 4209 3703 4301 nationes

2234 4328 2299 4367 ³ο
2346 4314 2569 4384 Populos
2614 4315 2998 4385 praedicatione
3034 4313 3183 4370 verbi
3206 4353 3222 4377 ,
3274 4319 3326 4369 et
3360 4319 3557 4378 operum
3582 4300 3701 4353 virtu-

546 4387 769 4442 Christo
797 4402 924 4441 vera
955 4394 1038 4441 est
1072 4384 1324 4479 gloriatio
1364 4383 1431 4437 ad
1476 4383 1666 4479 Deum.
1704 4380 1891 4479 Simile
1919 4390 2001 4479 est
2028 4383 2131 4479 hoc
2157 4421 2209 4479 Β
2236 4380 2457 4476 lum'qu'e
2501 4380 2737 4477 mw’nua
2790 4408 2859 4462 ad
2900 4407 3103 4465 Ciuis“
3144 4408 3455 4463 sammema
3490 4387 3700 4453 ωηιοειιιίι,

547 4476 623 4533 illi
648 4517 663 4537 .
710 4476 857 4544 quod
888 4476 944 4530 in
974 4476 1097 4531 aliis
1130 4474 1244 4544 ipse
1272 4473 1441 4531 dicit:
1482 4470 1586 4536 Qui
1613 4471 1892 4542 gloriatur,
1928 4471 1994 4524 tiu
2024 4470 2132 4526 Do-

549 4566 692 4623 mino
721 4565 993 4635 glorietur.
1029 4566 1311 4632 Quomodo
1332 4565 1619 4636 oculpahilis
1645 4566 1717 4619 sit
1744 4563 1992 4635 gloriatio
2019 4580 2135 4621 om-

552 4656 667 4720 nis.
697 4670 819 4725 quae
851 4664 1006 4710 extra
1038 4656 1312 4719 Christum
1346 4665 1461 4720 est,
1496 4655 1645 4710 verbi
1680 4670 1873 4720 causa,
1910 4655 1963 4709 in
1992 4654 2131 4709 divi-

551 4749 675 4814 tiis,
707 4749 789 4806 vel
825 4750 1125 4809 honoribus
1156 4750 1373 4815 Stcculi,
1406 4749 1489 4809 vel
1520 4750 1784 4819 sapientia
1818 4749 2035 4815 mundi,
2080 4757 2136 4805 et

544 4844 763 4899 caeteris
787 4843 1016 4906 artibus,
1038 4860 1159 4915 quae
1182 4852 1335 4903 extra
1348 4843 1635 4905 Christum
1661 4851 1807 4908 sunt,
1835 4858 1995 4913 supra
2021 4843 2133 4913 jam

550 4936 711 4991 latius
739 4937 1115 4993 disseruimus.
1172 4935 1463 4995 Sciendum
1510 4951 1641 4991 sane
1686 4945 1808 5002 cst,
1848 4937 1997 5007 quod
2035 4937 2135 4993 :hic

553 5028 728 5087 Latini
776 5029 1001 5100 gloriam
1051 5045 1150 5101 pro
1197 5029 1519 5101 gloriatione
1540 5037 1861 5099 posuerunt.
1902 5026 2132 5099 (Ambr.)

540 5120 790 5183 Gloriam
825 5120 1026 5175 habere
1072 5136 1132 5177 se
1176 5122 1310 5178 dicit
1353 5121 1493 5192 apud
1537 5121 1704 5185 Deum
1736 5136 1835 5191 per
1861 5120 2134 5183 Christum

550 5215 740 5277 ,lesum
783 5232 797 5267 :
839 5214 1068 5268 credens
1104 5214 1249 5268 enim
1288 5221 1344 5269 et
1381 5214 1625 5271 serviens
1662 5212 1878 5268 Christo
1906 5210 2032 5268 Jesu
2082 5214 2135 5267 in

546 5304 881 5361 conscientia
905 5319 1061 5373 pura.
1094 5306 1348 5360 meritum
1377 5305 1477 5360 sibi
1511 5305 1635 5363 fecit
1672 5306 1997 5375 apud-Deum
2027 5306 2132 5361 Pa-

552 5399 715 5457 trem,
742 5394 801 5449 in
834 5403 1041 5453 tantum
1070 5403 1133 5450 ut
1150 5394 1292 5453 nihil
1318 5395 1509 5453 deesse
1538 5396 1704 5461 dicat,
1726 5398 1875 5466 quod
1904 5413 2009 5453 non
2038 5413 2136 5469 per

557 5479 704 5541 illum
737 5493 992 5552 operatus
1031 5485 1103 5539 sit
1124 5484 1378 5543 Christus
1425 5487 1494 5543 ad
1539 5488 1971 5546 exhortationem
2001 5503 2135 5559 gen-

556 5570 716 5634 tium,
746 5571 925 5629 dando
962 5574 1209 5645 prodigia
1252 5584 1307 5630 et
1342 5577 1493 5648 signa
1532 5592 1628 5647 per
1654 5591 1850 5636 manus
1883 5576 2031 5647 ejus,
2077 5585 2138 5632 ut

559 5663 993 5744 praedicationem
1006 5667 1130 5736 eius
1148 5671 1322 5727 virtus
1343 5670 1762 5729 commendaret.
1780 5671 1808 5738 .(
1814 5669 1989 5742 Orig.)
2011 5669 2139 5746 Qua:

2236 4497 2328 4553 Sic
2358 4507 2536 4554 autem
2568 4500 2882 4568 prtedicavit
2903 4499 3007 4556 hoc
3030 4496 3388 4567 Evangelium,
3405 4500 3458 4545 ut
3472 4477 3703 4545 nonalienis

2234 4589 2529 4655 laboribus,
2557 4607 2731 4660 neque
2754 4587 3333 4660 alienmprtedicationi
3371 4580 3702 4638 additamentum

2235 4681 2319 4735 sui
2353 4682 2919 4745 sermonisinsereret,
2936 4697 3006 4737 ne
3031 4682 3104 4737 ab
3128 4680 3232 4737 alio
3259 4677 3370 4733 ﬁdei
3390 4670 3550 4743 positis
3568 4662 3703 4723 illud?

2240 4770 2435 4825 mentis
2458 4770 2575 4840 ipse
2618 4770 2907 4826 aediﬁcium
2952 4770 3181 4841 propria:
3210 4755 3703 4837 pradicationisimpo-

2240 4866 2413 4921 nerei,
2461 4865 2518 4913 et
2550 4858 2715 4915 alieni
2744 4858 2924 4927 operis
2948 4859 3224 4927 subripere
3250 4852 3454 4925 gloriam

2239 4947 2466 5020 (Ambr.)
2499 4947 2617 5003 Non
2649 4951 2767 5007 sine
2798 4964 2963 5009 causa
2986 4948 3097 5007 illic
3124 4963 3182 5004 se
3208 4943 3473 5016 praedicare
3497 4934 3574 4990 ηίιί
3595 4930 3700 5020 dic?“

2239 5039 2331 5094 ubi
2353 5016 2458 5093 non
2482 5040 2794 5097 nominatus
2812 5038 3191 5103 estCltristus;
3213 5035 3379 5095 sciens
3398 5016 3700 5093 enim-pseudo-

2237 5128 2510 5198 apostolos
2549 5130 2705 5187 aliter
2728 5145 2897 5199 quam
2936 5130 3213 5200 oportebat
3238 5124 3483 5193 Οιπίδιυω

2237 5196 2306 5274 ad
2335 5219 2438 5275 hoc
2463 5221 2608 5275 enim
2634 5196 3061 5287 circitibant,—ut
3086 5219 3185 5273 sub
3211 5215 3411 5272 nomine
3433 5202 3594 5264 Christi
3616 5196 3701 5252 aliis

2237 5309 2579 5379 dogmatibus
2602 5311 2856 5379 populum
2878 5312 3269 5379 manciparent,
3296 5303 3423 5373 quod
3451 5304 3600 5369 postea
3621 5299 3698 5342 cor-

2242 5399 2418 5469 rigere
2456 5399 2674 5453 maximi
2720 5408 2841 5454 erat
2885 5399 3114 5464 laboris;
3154 5395 3343 5450 idcirco
3370 5381 3701 5460 pnevenirero

2240 5486 2340 5543 Ιυίι
2362 5529 2378 5552 ,
2429 5497 2489 5544 ut
2519 5488 2794 5544 mundata:
2822 5485 3217 5559 praedicationis
3244 5483 3391 5539 verba
3418 5474 3616 5531 traderet
3634 5477 3699 5563 alt-

2242 5577 2536 5642 dientibus,
2558 5586 2615 5631 et
2644 5577 2852 5648 integra
2887 5577 3030 5633 linea
3078 5571 3371 5644 superﬁcies
3406 5564 3616 5653 ordinata.
3639 5567 3695 5653 ξηξ

2245 5666 2471 5724 columis
2490 5665 2825 5725 fundamenti
2849 5668 3015 5724 robur
3043 5663 3276 5723 haberet.
3299 5660 3357 5715 Et
3380 5656 3489 5731 quia
3510 5649 3696 5713 ωαξίδιθτ
