4026 6180
322 363 449 418 1601

839 360 1386 422 ENARRATIONUM
1421 361 1487 421 IN
1525 360 1673 421 EPP.
1714 356 1916 418 PAULI
1954 355 2081 416 LIB.
2124 360 2252 415 VIII.
2292 391 2362 403 —
2394 356 2459 416 IN
2499 358 2713 417 EPIST.
2754 362 2846 416 Al)
2882 353 3054 418 ROM.

3435 363 3573 419 1602

316 479 481 536 datus
521 487 605 533 est
646 477 913 548 gentibus,
947 479 1233 549 Oportebat
1260 494 1383 535 eum
1414 479 1643 533 sollicite
1674 479 1775 533 hoc
1801 492 1893 533 cu-
1926 485 1968 538 Α
1999 473 2120 528 dius
2147 474 2191 528 si
2226 474 2346 538 iret,
2373 488 2480 527 non
2505 482 2625 528 erat
2652 473 2957 528 molestum.
2990 474 3187 546 (Orig)
3214 473 3365 542 Quod
3393 486 3573 532 autem

320 581 464 631 rare,
499 574 559 621 ut
586 566 695 622 illic
725 567 964 631 doceret,
996 569 1086 623 ubi
1111 569 1361 624 Christus
1397 584 1503 623 non
1543 566 1719 622 fuerat
1754 582 1893 620 nun-

319 660 514 723 tiatus,
558 666 618 713 ut
654 667 709 713 et
742 660 1123 715 auctoritatem
1154 676 1305 716 suam
1337 659 1610 725 ﬁrmaret,
1656 667 1711 713 et
1748 656 1895 712 labo-

318 762 438 804 rum
485 763 706 804 suorum
741 749 954 819 plenum
986 749 1219 805 fructum
1261 750 1488 805 haberet
1528 765 1595 804 ex
1638 749 1722 804 his
1776 764 1895 820 qua:

317 842 674 911 plantaverat.
728 836 867 895 Hinc
912 848 996 894 est
1059 841 1201 895 unde
1242 841 1419 895 omnia
1477 840 1593 893 loca
1644 838 1898 893 Ecclesiae

318 931 624 1000 occupavit.
680 928 926 986 Haereses
973 929 1117 985 enim
1161 939 1345 1000 postea
1399 929 1691 985 subtilitate
1739 922 1895 982 inali-

319 1030 552 1093 guautcs
592 1021 693 1075 sub
735 1019 950 1074 nomine
1000 1018 1203 1075 Christi
1239 1019 1370 1090 legis
1413 1026 1468 1073 et
1511 1019 1634 1072 ﬁdei
1681 1034 1898 1073 sensum

320 1124 671 1179 corrumpere
701 1109 1032 1163 nitebantur.
1064 1107 1217 1176 Quod
1260 1108 1568 1163 testimonio
1612 1108 1745 1179 legis
1782 1123 1899 1162 mo-

320 1201 444 1255 nuit
485 1198 670 1253 dicens
707 1212 722 1251 :
754 1196 859 1252 Sed
904 1197 1037 1251 sicut
1084 1197 1377 1269 scriptum:
1428 1197 1628 1263 Quibus
1678 1214 1781 1250 non
1826 1205 1900 1248 est

321 1289 694 1351 annuntiatum
717 1288 779 1341 de
815 1304 895 1351 eo,
922 1287 1202 1353 videbunt;
1241 1297 1287 1342 et
1321 1288 1410 1357 qui
1445 1304 1548 1341 non
1583 1286 1898 1348 audierunt,

321 1379 627 1449 intelligent.
681 1376 877 1451 (0rig.)
914 1376 1232 1432 Observavit
1271 1392 1399 1446 ergo
1442 1376 1725 1447 diligenter
1762 1375 1903 1443 Apo-

323 1467 535 1534 stolus,
588 1477 648 1522 ut
699 1469 993 1524 secundum
1045 1467 1415 1538 propheticum
1473 1466 1746 1535 eloquium
1800 1464 1904 1520 illis

324 1559 601 1614 nuntiaret
623 1558 918 1624 Christum,
940 1558 1134 1628 quibus
1162 1574 1192 1612 a
1222 1557 1367 1611 nullo
1395 1555 1571 1610 fuerat
1599 1555 1902 1615 nuntiatus.

324 1656 380 1702 et
419 1658 479 1702 ut
526 1648 600 1703 illi
645 1649 713 1703 de
749 1662 815 1702 eo
858 1645 1256 1718 intelligerent,
1308 1646 1450 1716 quod
1501 1661 1532 1699 a
1584 1646 1730 1699 nullo
1783 1655 1907 1700 ante

326 1738 663 1793 didicissent.
702 1739 769 1793 Et
801 1739 925 1804 ista,
960 1746 1019 1792 ut
1051 1737 1263 1807 opinor,
1298 1750 1460 1791 causa
1494 1733 1593 1790 fuit
1626 1751 1746 1805 qum
1779 1750 1904 1789 eum

292 1824 299 1827 ’
329 1827 639 1897 frequenter
664 1837 1046 1897 proponentem
1073 1826 1298 1881 Romam
1321 1840 1541 1896 pergere
1569 1825 1904 1895 prohibebat,

327 1922 472 1976 sicut
499 1912 675 1986 dicit?
710 1919 932 1990 Propter
958 1920 1095 1992 quod
1122 1929 1169 1974 et
1190 1918 1506 1990 impediebar
1519 1917 1800 1987 plurimum
1832 1932 1910 1971 ve-

329 2011 447 2065 nire
473 2011 543 2064 ad
570 2027 690 2076 vos;
713 2026 840 2075 non,
863 2019 922 2065 ut
947 2011 997 2064 in
1014 2009 1133 2063 aliis
1159 2008 1309 2072 dicit,
1337 2006 1624 2077 impeditus
1647 2021 1675 2059 a
1711 2003 1911 2060 Satana

328 2096 380 2165 (l
414 2096 592 2150 Thess.
624 2095 725 2163 ιι),
779 2095 894 2150 sed‘
924 2093 1181 2149 fundandi
1232 2091 1508 2147 Ecclesias
1557 2090 1913 2159 occupatione

328 2189 612 2252 detentus,
655 2197 710 2242 et
740 2187 792 2240 in
819 2187 908 2241 his
933 2186 1069 2241 locis
1099 2184 1393 2246 fundandi,
1433 2183 1523 2237 ubi
1556 2181 1758 2236 nullum
1791 2182 1913 2237 ﬁdei

327 2285 684 2348 praecesserat
708 2276 1133 2331 fundamentum.
1152 2274 1468 2344 Exemplum
1487 2282 1665 2328 autem
1692 2273 1755 2328 de
1778 2272 1911 2327 Isaia

328 2377 606 2441 sumptum
643 2375 749 2434 est,
783 2375 837 2423 et
878 2367 1067 2422 iisdem
1105 2381 1172 2420 ex
1216 2365 1428 2435 integro
1464 2363 1676 2421 verbis.
1719 2363 1913 2432 quibus

329 2464 473 2532 apud
502 2462 816 2533 prophetam
847 2460 1065 2531 legitur,
1092 2457 1346 2528 positum.
1370 2455 1526 2510 Nunc
1557 2462 1672 2510 uero
1700 2454 1914 2508 ulterius

266 2574 271 2577 ·
328 2552 503 2606 locum
556 2569 661 2606 non
712 2551 905 2605 habens
955 2551 1012 2604 in
1062 2549 1147 2604 his
1190 2549 1486 2619 regionibus
1517 2588 1533 2613 ,
1581 2546 1914 2617 cupiditatem

330 2654 507 2697 autem
535 2642 727 2697 habens
754 2641 990 2697 veniendi
1020 2641 1090 2695 ad
1142 2657 1229 2695 vos
1279 2655 1344 2694 ex
1370 2638 1549 2693 multis
1578 2639 1693 2708 jam
1725 2654 1917 2707 pra’ce-

330 2734 575 2789 dentibus
606 2735 779 2799 annis,
820 2750 935 2787 cum
972 2733 1027 2787 in
1060 2730 1372 2803 Hispaniam
1407 2730 1665 2800 proficisci
1694 2746 1911 2799 empero,

333 2842 483 2896 spero
528 2825 667 2895 quod
695 2824 993 2894 prwteriens
1021 2823 1222 2878 videam
1249 2838 1353 2882 vos,
1382 2831 1433 2875 et
1460 2838 1491 2875 a
1520 2820 1660 2875 vobis
1686 2819 1919 2873 deducor

334 2915 486 2979 illuc,
518 2917 561 2969 si
592 2915 736 2969 vobis
757 2915 982 2985 primum
1011 2930 1077 2967 ex
1100 2922 1248 2984 parte
1277 2911 1469 2980 fruitus
1499 2910 1665 2980 fuero.
1701 2910 1920 2965 Videtur

336 3007 440 3061 hoc
470 3007 522 3060 in
555 3005 756 3060 Achaia
785 3005 997 3074 positus
1022 3003 1202 3058 dicere
1233 3002 1372 3072 apud
1403 2999 1745 3064 Corinthum,
1782 3000 1921 3054 sicut

337 3107 393 3153 et
424 3098 476 3152 in
507 3097 700 3168 primis
725 3095 980 3167 Epistolas
1023 3094 1267 3165 partibus
1305 3091 1421 3160 jam
1464 3106 1563 3163 pro
1588 3092 1794 3148 viribus
1824 3091 1919 3147 de-

339 3188 793 3253 monstravimus,
834 3203 953 3257 qutc
981 3187 1166 3256 utique
1194 3183 1396 3239 Achaia
1423 3183 1599 3238 vicina
1618 3223 1632 3246 ,
1662 3191 1714 3236 et
1743 3182 1920 3236 colue-

342 3298 471 3338 rens
502 3290 586 3338 est
622 3261 967 3337 macedonia).
1019 3277 1076 3333 In
1129 3277 1327 3347 quibus
1372 3276 1505 3332 locis
1551 3276 1748 3346 degens
1795 3288 1918 3328 cum
1947 3244 1991 3307 Ο

340 3372 551 3443 singula
586 3385 807 3444 quaeque
842 3378 1182 3441 peragrasset
1213 3367 1560 3438 Evangelium
1623 3365 1921 3435 praedicans

343 3465 396 3520 iu
425 3465 512 3519 his
539 3464 800 3519 duntaxat
828 3461 1051 3523 ﬁnibus,
1084 3460 1139 3513 in
1167 3458 1364 3530 quibus
1391 3457 1638 3512 Christtts
1667 3463 1791 3509 ante
1815 3468 1921 3508 non

342 3556 527 3611 fuerat
567 3554 889 3625 praedicatus
913 3591 927 3616 ,
985 3559 1040 3606 et
1089 3550 1364 3620 agnitione
1393 3547 1487 3602 Dei
1523 3546 1781 3616 replesset
1808 3544 1927 3599 uni-

341 3661 523 3711 versa,
567 3643 705 3700 dicit
733 3643 961 3697 ulterius
1005 3656 1064 3696 se
1110 3641 1286 3695 locum
1337 3653 1445 3692 non
1494 3636 1697 3690 habere
1741 3635 1796 3689 in
1840 3634 1929 3689 his

346 3736 691 3808 regionibus,
739 3736 842 3790 hoc
873 3742 986 3798 est,
1035 3732 1210 3786 locum
1253 3729 1457 3784 nullum
1499 3726 1603 3781 sibi
1646 3738 1930 3795 superesse

344 3827 544 3882 Christi
583 3824 982 3896 prtedicationis
1012 3836 1240 3876 vacuum
1265 3860 1279 3884 ,
1334 3828 1543 3887 tempus
1584 3814 1697 3884 jam
1743 3814 1931 3870 adesse

347 3921 630 3988 designat,
689 3933 796 3987 quo
836 3916 1159 3972 desiderium
1204 3927 1371 3968 suum-
1420 3910 1635 3965 τωρωι
1692 3923 1786 3965 eos
1839 3908 1932 3979 qui

349 4012 537 4067 Roma:
576 4019 732 4075 sunt,
765 4008 956 4063 debeat
987 4005 1310 4076 adimplere:
1344 4004 1486 4075 quod
1517 4006 1833 4072 conceptum
1864 4016 1933 4056 ex

347 4103 534 4160 multis
562 4102 719 4156 annis
746 4101 999 4172 gerebat,
1031 4097 1256 4153 dilatum
1289 4104 1467 4150 autem
1500 4093 1710 4156 fuerat,
1743 4100 1798 4147 et
1826 4091 1935 4147 dis-

347 4193 665 4249 simulatum
690 4231 706 4257 ,
762 4188 933 4245 donec
959 4186 1175 4244 omnem
1207 4188 1381 4241 locum
1406 4228 1420 4251 ,
1469 4185 1522 4239 in
1552 4200 1660 4254 quo
1688 4183 1938 4239 Christus

349 4300 459 4340 non
492 4286 668 4340 fuerat
697 4282 1047 4354 praedicatus,
1081 4281 1357 4352 agnitione
1393 4276 1665 4346 Evangelii
1699 4274 1815 4344 ejus
1849 4289 1935 4329 re-

350 4375 545 4447 pleret.
592 4372 821 4446 (Ambr.)
855 4372 1007 4440 Quod
1048 4371 1103 4425 in
1140 4370 1316 4440 capite
1345 4368 1596 4439 Epistula:
1626 4376 1896 4424 memorat
1920 4406 1936 4432 ,

353 4466 573 4520 dicens:
599 4462 738 4530 Quia
766 4479 922 4532 sa’pe,
953 4461 1146 4531 inquit,
1180 4459 1424 4531 proposui
1455 4458 1624 4511 venire
1650 4456 1723 4509 ad
1750 4472 1861 4521 vos,
1889 4464 1937 4510 et

352 4555 645 4625 prohibitus
663 4569 777 4606 sum
801 4551 1175 4622 usqueadltnc,
1198 4562 1341 4602 nunc
1373 4546 1623 4611 absolvit,
1648 4544 1939 4599 ostendens

356 4662 464 4716 qua
517 4661 680 4701 causa
731 4643 1025 4714 impeditus
1070 4642 1178 4707 sit,
1234 4649 1296 4694 ut
1337 4637 1524 4693 volens
1568 4637 1753 4691 venire
1794 4634 1940 4690 aliud

359 4745 575 4806 ageret,
617 4735 760 4805 quod
792 4734 1143 4795 imminebat,
1185 4741 1243 4786 ut
1270 4729 1581 4785 excluderet
1611 4727 1943 4797 pseudoapo-

360 4827 622 4881 stolorum
675 4840 837 4896 prava
885 4831 1209 4879 commenta.
1268 4821 1334 4875 Et
1380 4819 1613 4888 denique
1659 4825 1942 4887 postquam

360 4917 616 4972 munibus
644 4916 697 4970 in
728 4915 955 4971 circuitu
978 4911 1436 4984 prmdicavitjam
1464 4924 1658 4963 vacare
1688 4907 1788 4962 sibi
1816 4905 1947 4962 dicit

362 5008 551 5063 venire
573 5007 817 5073 Romam,
834 5007 976 5075 quod
995 5004 1124 5061 olim
1144 5009 1446 5074 optaverat.
1467 5001 1741 5056 Romanos
1761 4998 1947 5071 igitur,

363 5101 495 5171 quia
526 5100 579 5155 in
608 5098 780 5169 legem
804 5098 1007 5154 inducti
1036 5096 1270 5162 fuerant,
1285 5095 1503 5150 interim
1532 5110 1629 5165 per
1654 5090 1949 5163 Epistulam

367 5192 595 5260 corrigit
625 5212 637 5247 :
669 5193 787 5247 illos
831 5200 1011 5247 autem
1041 5191 1132 5260 qui
1160 5205 1265 5244 non
1294 5189 1582 5243 audierunt
1609 5187 1786 5241 adhuc
1815 5199 1954 5254 pra:-

370 5284 721 5349 dicationem,
751 5284 936 5339 utilius
981 5297 1101 5337 esse
1145 5278 1432 5352 praesentia
1482 5277 1571 5331 sui
1616 5273 1834 5339 doceri,
1896 5278 1956 5328 ut

371 5374 582 5430 fundati
614 5385 762 5431 recta
812 5374 916 5430 lide
961 5372 1182 5430 difﬁcile
1212 5369 1358 5425 aliud
1392 5367 1595 5438 aliquid
1630 5366 1950 5434 reciperent.

370 5463 673 5521 Venturum
712 5472 891 5520 tamen
936 5479 993 5519 se
1033 5461 1282 5534 promisit
1312 5468 1553 5528 tempore
1593 5471 1699 5525 quo
1743 5453 1811 5508 ad
1857 5452 1954 5506 Ili-

373 5556 591 5626 spanias
639 5565 759 5612 erat
802 5556 975 5610 iturus
1008 5574 1020 5608 :
1074 5554 1201 5624 quia
1251 5550 1358 5607 illic
1398 5548 1652 5604 Christus
1690 5560 1797 5601 non
1838 5553 1957 5601 erat

377 5649 733 5718 priedicatus,
774 5656 833 5703 ut
867 5640 1158 5715 occuparet
1196 5649 1402 5711 mentes
1440 5639 1683 5703 illorum,
1730 5645 1785 5690 et
1828 5636 1956 5706 quia

380 5742 846 5813 psculoapostolfs
874 5742 1092 5795 difﬁcile
1126 5740 1224 5791 fuit
1257 5740 1359 5791 iter
1387 5738 1453 5790 ad
1498 5736 1657 5798 illos,
1696 5731 1814 5786 ideo
1850 5742 1958 5782 tar-

1993 566 2158 629 dixit,
2191 582 2306 619 cum
2328 565 2384 619 in
2406 565 2717 634 Hispaniam
2742 567 3070 637 proﬁciscar,
3096 583 3243 637 spero
3270 580 3572 639 praetergre-

1995 657 2143 711 diens
2171 656 2370 711 videam
2397 673 2503 723 vos,
2528 646 2636 712 non
2663 658 2738 712 ita
2763 658 3131 729 accipiendum
3157 668 3260 726 est,
3283 663 3445 731 quasi
3465 671 3575 717 tam

1997 760 2165 815 parvo
2189 760 2375 799 amore
2397 742 2594 801 Paulus
2619 761 2750 810 erga
2776 746 3049 805 Romanos
3075 759 3369 816 teneretur,
3398 759 3457 805 ut
3482 766 3576 807 eos

2001 836 2056 890 in
2091 835 2319 890 transitu
2360 838 2733 893 tantummodo
2773 849 2830 893 et
2865 841 2943 895 ad-
2968 841 3073 896 alia
3102 857 3318 898 rursum
3346 858 3578 913 pergens

1992 928 2265 999 judicaret
2325 926 2604 983 videndos.
2658 928 2789 983 Vide
2836 932 2980 986 enim
3025 932 3082 988 in
3130 933 3581 1003 subsequentibus

2000 1021 2129 1091 quid
2163 1019 2440 1091 adiungit,
2483 1019 2613 1074 Cum
2650 1022 2837 1091 primo,
2870 1022 3073 1092 inquit,
3113 1041 3178 1078 ea:
3212 1033 3360 1093 parte
3387 1023 3578 1092 fruitus

2001 1112 2152 1181 {uero
2174 1110 2345 1183 vobis;
2382 1110 2435 1164 in
2463 1125 2569 1179 quo
2592 1111 2779 1180 utique
2804 1114 2857 1166 in
2888 1114 3125 1184 ipsorum
3148 1115 3360 1169 videtur
3378 1129 3581 1184 ponere

2001 1208 2288 1271 potestate,
2330 1201 2545 1269 quando
2579 1200 2648 1255 ab
2675 1201 2755 1256 eis
2784 1203 2885 1256 iter
2910 1206 3240 1272 propositum
3268 1207 3459 1261 debeat
3491 1221 3578 1260 re-

2003 1290 2212 1354 laxari,
2264 1298 2320 1345 et
2361 1306 2460 1360 per
2491 1292 2591 1346 hoc
2622 1294 3013 1361 quodammodo
3053 1311 3292 1351 amorem
3342 1297 3578 1366 ipsorum

2006 1397 2130 1451 erga
2158 1396 2218 1437 se
2248 1382 2440 1436 invitat
2466 1392 2523 1437 et
2546 1385 2737 1449 nutrit,
2763 1394 2823 1437 ut
2849 1384 2894 1439 si
2924 1385 3025 1454 ipsi
3054 1386 3429 1443 insatiabiliter
3452 1404 3579 1457 erga

2007 1471 2256 1527 allectum
2289 1481 2572 1526 teneantur
2594 1473 2873 1542 Apostoli,
2923 1474 3097 1527 sciant
3125 1475 3288 1529 etiam
3326 1475 3498 1544 ipsum
3531 1476 3583 1528 id

2007 1562 2211 1617 habere
2241 1564 2500 1632 prepositi
2519 1602 2534 1627 ,
2563 1578 2669 1618 non
2699 1564 2849 1633 prius
2876 1565 2943 1617 ab
2972 1564 3054 1618 eis
3083 1565 3382 1627 discedere,
3413 1578 3588 1632 neque

2009 1653 2076 1708 ad
2104 1653 2241 1708 alios
2265 1652 2535 1722 proﬁcisci
2555 1696 2570 1721 ,
2614 1669 2778 1724 quam
2815 1654 3099 1708 charitatis
3129 1655 3368 1724 ipsorum
3412 1654 3586 1723 gratia

2007 1742 2348 1813 perfruatur;
2385 1759 2546 1814 quam
2597 1750 2774 1798 tamen
2811 1743 3132 1819 charitatem
3184 1752 3389 1798 tantam
3443 1759 3586 1813 prte-

2014 1836 2180 1890 sentit
2210 1834 2484 1900 futuram,
2518 1834 2606 1889 cui
2636 1850 2742 1889 non
2770 1835 2941 1903 possit
2967 1848 3034 1888 ex
3064 1835 3271 1905 integra
3301 1833 3587 1893 satisﬁeri.

2015 1926 2108 1983 sed
2137 1944 2201 1981 ex
2228 1938 2376 1997 parte
2402 1927 2601 1996 inquit.
2643 1925 2949 1989 Prtemonet
2987 1926 3132 1980 enim
3161 1926 3305 1995 quod
3336 1927 3388 1981 in
3419 1928 3592 1981 omni-

2014 2019 2115 2074 bus
2152 2017 2555 2088 evangelizantli
2597 2017 2894 2071 necessitas
2935 2015 3273 2085 prmferenda
3308 2016 3397 2071 sit.
3451 2016 3593 2071 Bene

2017 2121 2197 2166 autem
2226 2111 2314 2165 his
2340 2124 2476 2180 quos
2514 2109 2750 2164 nondum
2782 2108 3079 2163 secundum
3106 2122 3324 2162 carnem
3350 2107 3590 2171 viderat,

2016 2211 2073 2257 et
2114 2202 2181 2257 ad
2223 2217 2357 2271 quos
2384 2202 2620 2256 nondum
2653 2200 2707 2255 in
2736 2214 2964 2269 corpore
2995 2199 3325 2265 advenerat,
3359 2213 3596 2267 praesen-

2019 2292 2149 2347 tiam
2200 2292 2283 2347 sui
2333 2300 2388 2346 et
2443 2290 2864 2346 remorationem
2922 2288 3256 2344 moderatius
3289 2288 3592 2359 pollicetur.

2018 2386 2442 2443 Desiderabilius
2467 2385 2611 2439 enim
2643 2383 2966 2452 suscipimus
2991 2381 3164 2446 bona,
3195 2395 3315 2450 qua:
3342 2380 3451 2435 cito
3480 2395 3595 2435 me-

2022 2479 2224 2535 tuimus
2264 2477 2559 2533 auferenda
2594 2494 2607 2529 :
2642 2475 2886 2531 securius
2913 2487 3044 2528 vero
3077 2472 3431 2543 negligimus,
3478 2484 3598 2539 qua:

2021 2578 2330 2626 retenturos
2357 2584 2460 2624 nos
2496 2566 2697 2623 diutius
2726 2565 3022 2621 credimus.
3072 2563 3131 2618 In
3171 2570 3378 2617 tantum
3420 2570 3600 2615 autem

2019 2675 2148 2732 erga
2171 2658 2611 2715 seBomanorum
2632 2656 2803 2711 nutrit
2824 2653 3097 2720 allectum,
3113 2659 3168 2708 et
3181 2651 3597 2707 remorationem

2023 2767 2177 2807 suam
2210 2752 2263 2805 in
2293 2750 2531 2821 ipsorum
2563 2748 2789 2803 arbitrio
2816 2745 3084 2810 collocat,
3134 2751 3194 2798 ut
3240 2742 3385 2797 dicat
3430 2756 3489 2796 se
3532 2741 3601 2795 ab

2025 2842 2157 2912 ipsis
2184 2839 2552 2896 deducendum
2595 2839 2664 2894 ad
2704 2836 3041 2908 Hispaniam,
3067 2842 3122 2890 et
3169 2844 3296 2888 tunc
3334 2831 3600 2887 deducen-

2023 2931 2173 2996 dum,
2207 2945 2328 2985 cum
2359 2929 2492 2998 ipsis
2520 2928 2672 2998 prius
2698 2926 2752 2981 in
2785 2941 2969 2982 amore
2996 2923 3352 2986 satisfecerit,
3399 2922 3452 2976 in
3495 2938 3603 2992 quo
3683 2959 3692 2967 -

2022 3019 2209 3089 utique
2237 3019 2282 3074 si
2311 3017 2691 3089 propensiores
2714 3016 3039 3080 exstiterint,
3054 3011 3371 3068 demorandi
3398 3011 3602 3068 diutius

2014 3124 2219 3164 musas
2246 3109 2346 3178 ipsi
2374 3106 2633 3178 Apostolo
2661 3106 2885 3160 dabunt.

2098 3199 2255 3255 Nunc
2304 3201 2467 3270 igitur
2511 3200 2819 3271 proficiscar
2862 3199 2918 3253 in
2963 3196 3259 3253 Jerusalem
3306 3198 3608 3253 ministrare

2022 3292 2259 3347 sanctis:
2290 3290 2806 3361 probaverunt'enim
2839 3288 3150 3344 Macedonia
3181 3298 3230 3344 et
3253 3290 3454 3344 A'cltaia
3499 3288 3606 3344 col-

2023 3382 2271 3438 lationem
2340 3382 2571 3454 aliquam
2601 3382 2774 3452 facere
2820 3383 2877 3437 in
2903 3394 3156 3453 pauperes
3188 3391 3488 3437 sanctorum
3518 3384 3609 3453 qui

2023 3482 2146 3528 sunt
2196 3473 2252 3526 in
2295 3471 2633 3527 Jerusalem:
2675 3472 2872 3543 placuit
2920 3474 3058 3527 enim
3103 3474 3197 3540 eis,
3250 3482 3298 3526 et
3347 3472 3603 3527 debitores

2025 3581 2208 3621 eorum
2250 3572 2392 3618 sunt.
2447 3563 2590 3618 Nam
2634 3565 2681 3618 si
2732 3563 3052 3634 spiritalium
3098 3578 3278 3618 eorum
3326 3563 3609 3633 participes

2029 3656 2155 3726 facti
2184 3663 2303 3709 sunt
2331 3653 2565 3725 gentiles,
2596 3653 2779 3707 debent
2815 3663 2865 3707 et
2894 3654 2948 3706 in
2974 3652 3276 3707 carnalibus
3310 3653 3614 3707 ministrare

2029 3746 2123 3800 eis.
2177 3744 2471 3799 Possumus
2515 3744 2632 3799 hmo
2681 3751 2738 3798 et
2784 3744 2850 3799 de
2899 3744 3134 3797 secunda
3186 3742 3253 3796 ad
3302 3742 3613 3799 Corinthios

2030 3836 2267 3907 Epistola
2312 3836 2522 3906 plenius
2561 3835 2743 3890 dicere
2765 3875 2779 3899 ,
2821 3834 2874 3888 in
2909 3848 3014 3903 qua
3055 3834 3156 3889 hoc
3188 3833 3348 3889 modo
3376 3833 3610 3890 scribit:

2035 3927 2232 3981 Notam
2268 3934 2443 3979 autem
2465 3925 2603 3995 facio
2643 3925 2809 3989 vobis,
2852 3923 3062 3993 fratres,
3087 3924 3311 3992 gratiam
3357 3921 3471 3986 Dei,
3498 3933 3621 3991 qua!

2033 4015 2159 4068 'data
2204 4024 2279 4068 est
2317 4014 2373 4068 in
2415 4011 2668 4068 Ecclesiis
2695 4012 3041 4074 Macedonia,
3067 4010 3190 4081 quia
3218 4010 3274 4062 in
3301 4008 3467 4062 multa
3493 4024 3617 4077 pro-

2035 4108 2240 4163 batione
2285 4105 2638 4161 tribulationis
2689 4104 3015 4158 abundantia
3060 4101 3239 4173 gaudii
3285 4116 3465 4154 eorum
3490 4139 3505 4163 ,
3565 4107 3616 4152 et

2034 4198 2300 4270 profunda
2354 4207 2634 4269 paupertas
2690 4212 2871 4250 eorum
2931 4194 3215 4249 abundavit
3275 4190 3348 4245 ad
3407 4191 3622 4245 divitias
3667 4183 3670 4187 ’

2035 4289 2408 4358 simplicitatis,
2430 4287 2676 4359 quoniam
2696 4284 2980 4339 secundum
3004 4284 3245 4337 virtutem
3268 4280 3625 4334 testimonium

2037 4376 2278 4448 perltibeo
2320 4375 2459 4441 illis,
2509 4384 2557 4429 et
2597 4390 2755 4444 supra
2801 4373 3038 4427 virtutem
3083 4385 3179 4424 sua
3223 4378 3402 4439 sponte
3443 4364 3628 4418 multis

2038 4467 2296 4539 precibus,
2326 4465 2652 4520 obsecrantes
2696 4481 2790 4519 uos
2832 4464 3084 4534 gratiam,
3122 4470 3169 4514 et
3209 4457 3626 4513 communionem

1969 4575 2158 4647 una:
2196 4558 2255 4627 [it
2298 4559 2353 4612 in
2395 4568 2638 4620 sanctos,
2685 4564 2742 4611 et
2786 4555 3014 4647 reliqua,
3060 4550 3145 4647 (ll
3183 4548 3307 4647 Cor.
3346 4547 3490 4647 xm.)
3555 4547 3630 4647 lit

2042 4649 2185 4704 sicut
2226 4648 2283 4702 in
2329 4648 2414 4703 his
2455 4645 2820 4701 testimonium
2868 4642 3043 4697 reddit
3088 4637 3501 4701 Macedonibus,
3555 4636 3636 4690 ita

2045 4754 2260 4794 rursum
2308 4738 2625 4792 cohortatur
2665 4743 2719 4789 et
2762 4733 3071 4789 Corinthios
3113 4731 3338 4795 dicens,
3378 4728 3526 4783 Sicut
3572 4728 3635 4779 iis

2045 4828 2282 4883 omm’bus
2325 4827 2607 4882 abundatis
2639 4826 2763 4895 fide,
2805 4834 2852 4878 et
2881 4824 3054 4888 verbo,
3083 4834 3131 4877 et
3159 4822 3402 4884 scientia,
3429 4829 3476 4873 et
3505 4818 3640 4872 citae

2050 4918 2204 4971 ritate
2248 4928 2415 4971 vestra
2459 4916 2511 4969 in
2557 4931 2669 4978 nos,
2697 4915 2770 4967 ita
2811 4924 2858 4968 et
2905 4915 2960 4967 in
2998 4913 3096 4966 hac
3124 4910 3294 4981 gratia
3331 4908 3636 4972 abundetis,

2053 5015 2108 5060 et
2147 5005 2388 5076 reliqua;
2442 5004 2536 5060 sed
2580 5013 2636 5059 et
2679 5005 2731 5057 in
2778 5003 2899 5057 aliis
2939 5000 3258 5056 collaudans
3291 4997 3639 5061 Corinthios,

2053 5097 2181 5167 quia
2227 5111 2353 5165 erga
2396 5093 2828 5149 communionem
2870 5103 3185 5160 pauperum.
3216 5087 3373 5156 quasi
3398 5087 3452 5140 in
3478 5085 3642 5140 .Ieru-r

2056 5186 2221 5239 salem
2263 5185 2496 5253 prorupti
2545 5182 2790 5244 fuerunt,
2833 5180 3001 5243 dicit,
3038 5190 3089 5233 et
3125 5178 3399 5234 consilium
3442 5178 3498 5231 in
3538 5177 3635 5230 ltoc

2058 5278 2145 5341 elo,
2192 5277 2288 5331 hoc
2330 5277 2468 5329 enim
2505 5274 2648 5330 vobis
2685 5275 2914 5343 expedit,
2954 5273 3043 5343 qui
3090 5289 3194 5325 non
3231 5270 3400 5325 solum
3441 5268 3644 5338 facere,

2057 5368 2149 5423 sed
2192 5377 2239 5423 et
2281 5366 2405 5422 velle
2435 5366 2658 5436 cepistis
2705 5364 2769 5418 ab
2811 5378 2949 5416 anno
2990 5363 3183 5431 priore,
3227 5376 3362 5413 nunc
3389 5369 3560 5411 autem
3589 5366 3642 5411 et

2061 5462 2201 5531 facta
2248 5459 2527 5529 perﬁcite,
2568 5457 2664 5513 sed
2712 5466 2768 5510 et
2814 5455 2866 5509 in
2916 5455 3139 5524 reliquis
3184 5453 3253 5508 de
3300 5453 3403 5507 hac
3450 5448 3642 5501 eadem

2062 5558 2372 5606 sanctorum
2417 5547 2796 5604 communione
2842 5544 3219 5616 persequitur,
3266 5552 3323 5596 et
3371 5548 3493 5609 post
3539 5537 3641 5591 ali-

2062 5647 2262 5709 quanta
2306 5636 2483 5699 addit,
2512 5635 2591 5689 De
2631 5635 2918 5688 ministerio
2957 5642 3132 5686 autent
3173 5628 3312 5701 quod
3351 5629 3408 5697 ﬁt.
3439 5629 3493 5680 in
3520 5643 3647 5681 san-

2062 5740 2194 5793 ctos,
2230 5729 2551 5798 superﬂuum
2592 5737 2666 5781 est
2708 5725 2846 5780 vobis
2879 5725 3123 5779 scribere.
3163 5720 3282 5775 Srio
3310 5721 3445 5773 enim
3471 5733 3649 5786 prom~
