4026 6180
443 243 466 300 1
479 241 582 300 605

1086 229 1160 294 B.‘
1186 235 1439 294 RABANI
1478 231 1694 293 MAURI
1735 229 2050 290 ARClllEP.
2092 229 2399 288 SlOGllNT.
2439 231 2722 290 OPERUM
2761 233 2938 290 PARS
2972 229 3058 290 ιιι.

3565 241 3710 297 ιαμ

432 371 575 431 ptam
607 358 920 412 voluntatem
959 365 1200 420 vestram,
1227 371 1321 425 pro
1362 371 1466 425 qua
1503 351 1740 424 gratulor
1769 352 1834 404 de
1874 349 2011 405 vobis
2041 353 2092 410 Α
2115 349 2300 404 mittit.
2335 349 2454 418 Quo
2494 359 2650 419 putas
2698 349 2979 431 signaculo
3024 349 3254 406 fructum
3301 361 3481 408 sancti
3527 357 3713 426 operis

436 445 833 512 Macedonibus,
859 449 984 518 quia
1005 445 1207 500 Achaia
1230 453 1420 516 parata
1441 454 1516 499 est
1561 444 1624 498 ab
1650 461 1788 498 anno
1814 435 2011 515 priore,

433 552 482 596 et
522 549 690 595 vestra
735 537 1000 594 aemulatio
1040 531 1330 607 provocavit
1376 534 1585 588 multos.
1637 533 1788 600 Quod
1833 541 2012 586 autem

433 643 556 705 post
597 631 904 702 hujnsmodi
940 629 1267 685 Macedoniae
1293 636 1347 684 et
1371 627 1590 683 Achaia:
1628 627 2013 693 ministerium,

436 725 579 793 quod
627 723 688 776 fit
725 723 780 776 in
827 729 1046 776 sanctos
1069 721 1158 789 qui
1205 729 1330 775 sunt
1355 717 1676 785 Jerusalem,
1709 718 2012 788 proposuis-

439 825 522 870 set
566 813 855 884 Apostolus
898 814 1060 866 etiam
1107 811 1330 865 Romam
1376 809 1591 873 videre,
1648 809 1916 862 indicatur
1961 806 2015 862 in

435 905 657 960 Actibus
681 902 1045 973 apostolorum
1087 901 1191 954 hoc
1231 898 1428 954 modo:
1457 897 1587 952 Cum
1613 907 1784 951 autem
1813 895 2016 966 expleta

435 1003 602 1049 essent
644 994 776 1056 hrrc,
819 992 991 1060 posuit
1022 989 1224 1044 Paulus
1263 990 1320 1043 in
1359 987 1561 1058 Spiritu
1586 996 1785 1050 sancto,
1817 996 1872 1040 ut
1900 1001 2018 1040 cum

436 1085 844 1156 perambulasset
883 1083 1252 1138 Macedoniam
1293 1092 1341 1137 et
1384 1081 1637 1134 Achaiam
1663 1121 1678 1145 ,
1725 1082 2020 1152 proﬁcisce-

439 1186 580 1230 retur
605 1173 1043 1244 Hierosolymam,
1069 1173 1266 1236 dicens,
1299 1172 1423 1242 quia
1454 1179 1725 1240 postquam
1753 1170 1900 1240 fuero
1925 1167 2018 1236 ibi,

439 1281 643 1318 necesse
687 1275 758 1318 cst
803 1281 882 1317 me
924 1273 972 1317 et
1015 1262 1236 1316 Romam
1280 1262 1450 1316 ridere
1475 1261 1612 1332 (Act.
1644 1262 1779 1330 xux).
1826 1261 1903 1314 Ex
1937 1261 2022 1315 bis

439 1364 621 1408 autem
667 1353 917 1408 omnibus
957 1351 1138 1406 verbis
1187 1350 1476 1421 colligitur,
1523 1351 1646 1420 quia
1695 1366 1800 1404 non
1845 1350 2018 1404 solum

438 1448 613 1516 prima
642 1445 709 1500 ad
749 1443 1062 1498 Corinthios
1085 1484 1098 1508 ,
1135 1443 1231 1498 sed
1282 1452 1338 1498 et
1373 1443 1613 1498 secunda
1652 1453 1776 1496 ante
1819 1441 2021 1512 scripta

439 1545 544 1602 est,
573 1553 734 1607 quam
765 1537 880 1590 lucc
912 1535 977 1589 ad
1021 1534 1296 1590 Romanos
1341 1548 1500 1602 quam
1537 1531 1802 1586 habemus
1827 1531 1880 1584 in
1907 1545 2022 1585 ma-

444 1626 603 1682 nibus
629 1641 643 1679 :
666 1623 932 1694 simulque
962 1624 1089 1678 illud
1119 1623 1418 1678 advertitur
1442 1623 1586 1692 quod
1616 1630 1820 1692 quanto
1841 1629 2024 1692 poste-

2116 440 2400 510 consignat
2446 433 2780 511 Apostolus?
2818 429 2913 494 lllo
2939 449 3091 509 puto,
3122 454 3230 508 quo
3257 441 3441 512 imago
3471 444 3570 500 Dei
3614 460 3713 501 ει-

2115 527 2389 601 primitur,
2419 530 2523 586 hoc
2565 539 2671 595 est,
2702 537 2764 584 "ut
2808 525 2864 584 in
2910 529 3227 599 complenda
3284 519 3452 602 opere
3476 533 3622 588 nulla
3649 537 3720 590 sit

2117 617 2307 675 aliena:
2352 619 2780 675 conversationis
2825 609 3100 684 admistio,
3151 635 3256 674 non
3297 619 3418 676 laus
3449 622 3514 677 ab
3533 624 3717 680 homi-

2119 711 2276 767 nibus
2303 720 2595 781 quaeratur,
2627 711 2722 767 sed
2751 719 2812 764 ut
2845 711 2898 765 in
2927 711 3273 780 simplicitate
3295 711 3478 768 cordis
3499 715 3588 783 qui
3617 715 3716 769 tri-

2119 801 2253 868 buit,
2284 803 2508 867 tribuat,
2535 811 2592 857 et
2612 818 2718 856 non
2749 816 2816 858 ex
2851 803 3069 858 tristitia
3095 802 3274 872 (Rom.
3299 805 3402 878 an)
3431 824 3444 858 :
3473 805 3714 862 Hilarem

2118 895 2254 947 enim
2278 894 2514 948 datorem
2543 894 2716 964 diligit
2741 891 2884 949 Deus
2917 891 2967 954 ll
2975 894 3004 948 I
3035 885 3158 950 Cor.
3180 896 3280 968 Ix).
3313 897 3381 952 Et
3409 907 3610 955 extera
3633 901 3717 956 his

2120 981 2316 1036 similia
2343 983 2434 1052 qui
2462 984 2714 1040 observat
2742 984 2796 1039 in
2825 999 2992 1054 opere
3018 987 3134 1052 Dei,
3177 1003 3317 1059 Opus
3343 1005 3502 1045 suum
3534 991 3716 1062 signa-

2121 1073 2242 1126 culo
2264 1073 2458 1128 divinae
2506 1074 2756 1147 imaginis
2793 1077 2989 1148 signat.
3031 1077 3163 1132 Cum
3195 1096 3339 1150 ergo,
3386 1082 3588 1145 innuit,
3621 1084 3718 1136 hoc

2121 1177 2568 1228 consummavero,
2592 1174 2716 1218 tunc
2730 1182 2822 1234 per
2846 1182 2934 1219 eos
2955 1167 3024 1220 ad
3045 1166 3362 1239 Hispaniam
3384 1171 3716 1241 proﬁciscar.

2122 1251 2398 1306 Promittit
2443 1268 2575 1308 sane
2623 1256 2828 1326 grande
2875 1272 3072 1312 munus
3117 1257 3396 1324 Romanis,
3435 1270 3492 1316 et
3543 1264 3716 1318 dicit:

2126 1341 2248 1396 Scio
2277 1341 2414 1397 enim
2441 1347 2689 1416 quoniam
2720 1349 2925 1402 ueniens
2961 1349 3032 1402 ad
3054 1365 3162 1414 eos,
3191 1352 3250 1404 in
3273 1352 3608 1406 abundantia
3634 1354 3719 1406 be-

2125 1435 2432 1490 nedictionis
2447 1437 2642 1492 Christi
2662 1440 2868 1494 veniam
2885 1457 2904 1494 :
2925 1443 3068 1510 quod
3091 1457 3198 1496 non
3221 1443 3322 1498 nisi
3339 1459 3438 1513 per
3453 1444 3718 1515 Spiritum

2125 1533 2372 1579 sanctum
2399 1535 2454 1580 et
2488 1527 2783 1598 prophetia:
2801 1531 3034 1599 gratiam
3059 1531 3363 1600 pollicetur.
3403 1531 3586 1603 Supra
3623 1535 3720 1588 bo-

2127 1616 2326 1670 m’inem
2353 1631 2586 1688 namque
2622 1627 2706 1674 est
2745 1619 2850 1675 hoc
2895 1620 3038 1675 scire
3066 1621 3132 1676 de
3175 1620 3390 1687 futuris,
3431 1626 3583 1692 quod
3610 1641 3713 1678 non

443 1716 556 1770 rior
582 1713 782 1768 Paulus
815 1714 868 1768 in
907 1727 1230 1782 unaquaque
1272 1712 1544 1766 invenitur
1572 1711 1822 1781 epistola,
1871 1719 2022 1766 tanto
2049 1697 2096 1758 Β
2125 1704 2298 1759 solum
2321 1705 2373 1760 in
2399 1708 2776 1764 benedictione
2797 1704 3026 1774 Christi,
3051 1726 3237 1766 verum
3265 1713 3396 1766 etin
3427 1715 3716 1768 abumlan—
3767 1715 3778 1723 ⁸

452 1815 508 1861 et
535 1805 849 1877 perfectior,
890 1813 948 1859 ut
989 1819 1152 1858 verus
1185 1803 1256 1859 sit
1311 1803 1401 1858 ille
1429 1817 1609 1858 sermo
1663 1818 1825 1873 quem
1867 1802 2022 1868 dixit,

445 1896 571 1965 quia
614 1895 895 1950 Prwterita
940 1894 1244 1948 oblivisccns
1301 1893 1371 1948 ad
1414 1893 1598 1963 futura
1635 1909 1717 1948 me
1757 1893 1980 1947 extendo
2005 1933 2021 1958 ,

445 1988 515 2042 ad
557 1989 841 2057 perfectum
904 2003 1121 2057 sequens
1185 1985 1415 2056 palmam
1459 2001 1698 2057 superna:
1739 1985 2024 2040 vocationis

447 2075 615 2150 (Phil.
645 2079 750 2146 ιιι).
779 2077 932 2144 Quod
957 2086 1138 2132 autem
1171 2077 1333 2140 dicit,
1361 2075 1571 2130 Placuit
1614 2075 1938 2129 Macedonia:
1976 2083 2024 2128 et

447 2167 660 2221 Achaia
699 2166 1026 2222 collationem
1070 2168 1301 2238 aliquam
1341 2165 1514 2236 facere
1551 2166 1604 2220 in
1628 2182 1881 2236 pauperes
1905 2181 2026 2219 san-

447 2268 686 2320 ctorum,
741 2257 1012 2312 subtiliter
1054 2266 1110 2312 et
1163 2257 1465 2312 verecunde
1524 2257 1652 2311 dum
1715 2253 2025 2310 Corinthios

446 2346 664 2413 laudat,
705 2349 957 2403 hortatur
1003 2347 1272 2403 Romanos
1318 2365 1332 2401 :
1377 2345 1591 2402 facilius
1618 2345 1763 2401 enim
1818 2346 2026 2400 devotae

449 2446 660 2494 mentes
711 2439 778 2494 ad
814 2437 1259 2495 benefaciendum
1294 2436 1556 2506 exemplis
1581 2477 1596 2501 ,
1626 2450 1788 2506 quam
1819 2449 2025 2490 sermo-

459 2529 620 2583 nibus
650 2528 968 2583 invitantur.
1001 2528 1105 2583 Sed
1137 2530 1190 2582 in
1229 2542 1294 2582 eo
1318 2527 1460 2596 quod
1492 2527 1662 2591 addit,
1713 2525 1946 2590 Placuit,
1976 2533 2023 2578 et

451 2619 704 2674 debitores
751 2629 873 2674 sunt
918 2636 1120 2685 eorum,
1171 2619 1298 2690 quid
1355 2619 1499 2674 aliud
1543 2621 1745 2675 sentire
1780 2619 1893 2674 vult
1919 2618 2027 2674 Ro-

453 2723 664 2774 manos,
715 2709 819 2764 nisi
871 2717 932 2763 ut
973 2710 1016 2764 si
1062 2709 1280 2764 Achaici
1321 2717 1376 2763 et
1408 2709 1728 2765 Macedones
1755 2709 2027 2764 debitores

453 2806 582 2852 sunt
609 2798 936 2867 pauperibus
961 2805 1270 2852 sanctorum
1299 2799 1391 2869 qui
1412 2807 1538 2854 sunt
1564 2799 1619 2853 in
1665 2798 2022 2862 Hierusalem,

452 2887 641 2941 eadem
667 2887 880 2942 ratione
907 2887 1070 2942 etiam
1111 2889 1338 2944 Romani
1367 2929 1382 2954 ,
1413 2890 1502 2959 qui
1532 2889 1690 2944 fidem
1716 2889 1918 2944 Christi
1949 2899 2028 2944 te-

452 2987 606 3042 nent,
633 2977 916 3032 advertant
943 2986 999 3033 et
1025 2980 1345 3050 semetipsos
1371 2980 1456 3035 his
1484 2981 1687 3036 eisdem
1713 2978 1884 3036 factos
1906 2995 2026 3034 esse

453 3065 765 3120 debitores?
806 3065 993 3136 Neque
1019 3067 1163 3122 enim
1208 3043 1306 3125 soli
1354 3068 1673 3124 Macedones
1711 3077 1767 3124 et
1805 3067 2025 3123 Achaici
2053 3043 2100 3106 ο

454 3155 509 3208 in
535 3155 872 3224 spiritalibus
899 3157 1192 3228 participes
1212 3168 1339 3212 sunt
1365 3158 1494 3214 facti
1540 3159 1742 3214 sanctis
1775 3159 1866 3228 qui
1905 3167 2031 3213 sunt

456 3245 513 3299 in
561 3244 897 3302 Hierusalem
919 3288 934 3313 ,
961 3257 1023 3302 ut
1059 3258 1114 3303 et
1142 3249 1196 3302 in
1228 3249 1535 3304 carnalibus
1562 3250 1641 3305 eis
1667 3250 1899 3304 debeant
1931 3249 2031 3302 mi-

456 3336 712 3401 nistrare,
741 3337 835 3392 sed
862 3345 918 3392 et
945 3336 1197 3404 Romani,
1232 3347 1288 3393 et
1314 3339 1433 3393 ideo
1459 3339 1576 3408 pari
1605 3338 1914 3392 conditione
1937 3339 2029 3393 de-

453 3426 658 3481 bitores
677 3435 832 3492 sunt;
863 3427 960 3482 sed
983 3427 1053 3482 de
1075 3427 1182 3482 illis
1207 3437 1414 3482 tantum
1436 3427 1767 3497 pronuntiat,
1783 3435 1842 3482 ut
1861 3435 1916 3482 ct
1942 3429 2026 3483 isti

455 3531 516 3571 se
537 3517 786 3572 noverint
806 3516 967 3571 simili
995 3517 1276 3572 sententiae
1295 3517 1592 3586 subiacere.
1615 3517 1840 3591 (Ambr.)
1864 3519 2026 3574 Debi-

459 3617 604 3661 tores
627 3607 774 3660 enim
797 3621 892 3661 eos
917 3607 1048 3661 dicit
1075 3605 1382 3662 Iudaeorum
1406 3608 1778 3673 credentium,
1808 3617 1868 3662 ut
1889 3609 2029 3662 sicut

456 3694 511 3749 in
539 3695 872 3764 spiritalibus
900 3695 1193 3766 participes
1231 3713 1416 3753 eorum
1453 3697 1579 3752 facti
1603 3707 1751 3763 sunt,
1783 3697 1854 3752 ita
1889 3708 1944 3752 et
1973 3699 2028 3754 hi

455 3786 861 3842 communicent
903 3787 1285 3857 corporalibus
1327 3788 1742 3844 necessitatibus
1788 3789 2024 3856 illorum,

455 3885 516 3930 ut
542 3877 840 3946 gaudentes
867 3893 934 3932 ex
962 3875 1162 3933 Judaais
1191 3879 1474 3934 credentes
1511 3879 1818 3934 collaudent
1851 3879 2030 3948 provi-

455 3966 692 4020 dentiam
742 3966 838 4020 Dei
884 3967 936 4020 in
988 3966 1165 4021 salute
1225 3967 1469 4036 ipsorum
1517 3983 1617 4037 per
1663 3969 2027 4024 ministerium

455 4072 664 4111 eorum.
703 4056 773 4110 Hi
807 4057 952 4112 enim
977 4067 1119 4112 totos
1146 4073 1204 4113 se
1232 4059 1430 4115 divinis
1449 4061 1724 4129 obsequiis
1747 4060 2026 4127 dedentes,

457 4143 590 4198 nihil
613 4145 941 4200 mundanum
966 4155 1240 4213 curantes,
1267 4149 1572 4220 exemplum
1613 4151 1767 4206 bonae
1803 4167 2031 4207 conver-

457 4236 682 4290 sationis
720 4238 1037 4306 praabebant
1065 4239 1426 4304 credentibus,
1463 4240 1516 4295 in
1549 4249 1758 4296 tantum
1799 4242 2030 4312 denique

459 4343 558 4383 nos
586 4329 850 4384 humanos
875 4337 931 4385 et
973 4331 1354 4388 misericordes
1391 4333 1507 4388 vult
1539 4348 1659 4388 esse
1698 4334 1988 4403 Apostolus
2011 4377 2026 4401 ,

458 4432 517 4478 ut
545 4431 600 4477 et
624 4423 893 4478 debitores
918 4439 1016 4480 nos
1043 4425 1188 4480 dicat
1208 4425 1353 4481 circa
1379 4426 1774 4500 eleemosynam
1801 4429 2032 4500 largien-

460 4511 606 4577 dam,
649 4520 706 4566 et
743 4514 898 4568 bonis
936 4516 1189 4584 operibus
1208 4518 1569 4573 exercendam
1605 4534 1725 4573 cum
1755 4519 2036 4576 alacritate

458 4604 662 4669 cordis,
689 4603 813 4672 quia
843 4603 935 4674 qui
981 4605 1406 4660 miscricordiam
1437 4623 1467 4661 a
1495 4607 1608 4662 Deo
1649 4617 1851 4676 sperat,
1880 4611 2038 4665 debet

460 4709 582 4749 esse
630 4695 940 4749 misericors
962 4734 978 4760 ,
1023 4703 1082 4748 ut
1109 4698 1302 4766 probet
1327 4712 1388 4752 se
1417 4707 1564 4752 recte
1594 4699 1732 4753 banc
1775 4715 1993 4770 sperare
2020 4721 2031 4756 :

463 4783 588 4852 quia
624 4784 670 4838 si
701 4784 862 4838 homo
891 4783 1200 4851 miscretur,
1230 4795 1433 4855 quanto
1463 4788 1634 4857 magis
1658 4789 1832 4843 Deus!
1863 4790 2038 4844 Retri-

465 4875 619 4930 buzio
641 4875 786 4928 enim
817 4873 932 4928 tunc
960 4881 1063 4940 est,
1110 4876 1193 4930 vel
1235 4891 1479 4940 merces,
1521 4887 1582 4931 ut
1627 4878 1718 4947 qui
1769 4881 2058 4950 accipiunt,

467 4967 918 5032 miscricordiam,
949 4968 1377 5022 misericordiam
1409 4967 1628 5024 faciant.
1662 4969 1814 5026 Unde
1855 4971 2037 5026 Domi-

467 5075 569 5116 nus
594 5077 606 5114 :
635 5058 802 5120 Beati,
837 5057 1031 5127 inquit,
1058 5059 1440 5124 misericordes,
1468 5059 1703 5130 ipsorum
1725 5063 1866 5116 cnim
1885 5064 2041 5118 mise-

467 5149 680 5206 rebitur
707 5148 848 5202 Deus
867 5147 1083 5217 (Matth.
1113 5155 1188 5218 v).

540 5241 654 5296 Hoc
691 5240 854 5311 igitur
888 5255 1004 5293 cum
1052 5255 1493 5304 consummavero,
1525 5249 1573 5293 et
1599 5241 1925 5310 assignarero
1969 5243 2042 5296 eis

468 5333 694 5402 fructum
733 5333 892 5398 hunc,
913 5330 1216 5401 proficiscar
1255 5347 1348 5400 per
1371 5345 1458 5384 eos
1480 5331 1534 5384 in
1561 5329 1888 5400 Hispaniam.
1925 5331 2044 5386 Srio

469 5434 638 5476 autem
659 5424 908 5494 quoniam
949 5422 1152 5474 ueniens
1177 5420 1246 5473 ad
1274 5435 1380 5484 vos,
1413 5421 1468 5472 in
1495 5419 1816 5485 abundantia
1841 5421 2046 5475 benedi-

468 5513 653 5565 ctionis
689 5511 885 5567 Christi
911 5512 1132 5566 ueniant.
1160 5509 1353 5582 (0rig.)
1386 5510 1516 5565 Vide
1543 5526 1664 5565 cum
1695 5520 1893 5582 quanta
1921 5528 2046 5568 cau-

475 5602 574 5657 tela
610 5604 1046 5672 consignaturum
1074 5619 1132 5658 se
1183 5601 1418 5658 fructum
1467 5602 1805 5658 offerentium
1861 5619 2043 5674 repro-

2129 1795 2203 1850 tia
2234 1795 2622 1853 benedictionis
2638 1798 2844 1856 Christi
2867 1809 3126 1856 venturus
3152 1803 3222 1856 sit
3261 1803 3329 1857 ad
3370 1818 3485 1858 eos.
3515 1804 3582 1858 In
3613 1820 3719 1873 quo

2127 1895 2183 1943 et
2229 1889 2496 1946 venientis
2523 1892 2718 1962 gratia,
2749 1900 2806 1947 et
2831 1895 3238 1965 suscipientium
3285 1897 3490 1966 pariter
3518 1899 3717 1951 merits

2125 1977 2496 2049 designantur.
2521 1980 2749 2054 (Ambr.)
2778 1981 2975 2038 Certus
3001 1985 3146 2040 enim
3187 1985 3255 2040 de
3279 1987 3645 2056 dispositione
3666 1996 3720 2042 et

2124 2072 2297 2142 gratia
2331 2071 2448 2138 Dei,
2477 2073 2727 2144 promisit
2765 2090 2828 2130 se
2869 2075 2925 2130 in
2953 2075 3279 2131 abundantia
3323 2077 3719 2134 benedictionis

2125 2173 2414 2218 venturum
2442 2159 2579 2232 ejus,
2631 2181 2792 2235 quem
2831 2168 3089 2236 praedicat
3141 2167 3363 2222 Christi.
3405 2169 3720 2224 Benedictio

2125 2261 2306 2308 autem
2329 2253 2446 2308 haec
2466 2255 2742 2325 signorum
2767 2257 2945 2313 virtus
2967 2266 3072 2322 est,
3103 2274 3203 2327 per
3226 2275 3390 2328 quam
3411 2259 3719 2314 conﬁrmati

2125 2350 2268 2396 sunt.
2308 2340 2534 2398 Obsecro
2580 2345 2742 2414 igitur
2787 2363 2895 2410 vos,
2921 2347 3134 2418 fratres,
3164 2365 3258 2419 per
3309 2348 3600 2402 Dominum
3623 2367 3718 2403 no-

2125 2440 2290 2486 strum
2310 2431 2494 2487 Jesum
2515 2427 2801 2500 Christum,
2821 2445 2870 2490 et
2894 2453 2988 2506 per
3011 2437 3322 2492 charitatem
3355 2435 3584 2508 Spiritus
3605 2455 3722 2492 san-

2125 2522 2214 2586 cti,
2239 2532 2293 2575 ut
2331 2521 2736 2579 sollicitudinem
2759 2525 3130 2596 impertiamini
3162 2527 3290 2580 mihi
3311 2527 3368 2580 in
3393 2527 3717 2580 orationibus

2124 2629 2219 2683 pro
2248 2630 2329 2668 mc
2352 2613 2421 2666 ad
2455 2613 2754 2682 Dominum,
2779 2626 2836 2670 ut
2864 2615 3052 2672 liberer
3069 2617 3134 2670 ab
3155 2617 3456 2686 inﬁdelibus
3475 2619 3567 2688 qui
3595 2627 3714 2672 sunt

2126 2703 2180 2756 in
2203 2701 2422 2769 Juda’a,
2445 2714 2493 2758 et
2516 2705 2746 2776 obsequii
2784 2707 2886 2760 mei
2931 2707 3127 2762 oblatio
3155 2718 3369 2778 accepta
3394 2707 3494 2776 ﬁat
3513 2709 3568 2761 in
3600 2707 3718 2761 Hic-

2128 2792 2356 2848 rusalem
2381 2796 2600 2849 sanctis.
2646 2795 2716 2850 Ut
2757 2797 2960 2850 ueniam
2991 2797 3060 2850 ad
3086 2814 3173 2852 vos
3210 2799 3266 2852 in
3293 2798 3491 2869 gaudio
3518 2815 3618 2867 per
3638 2815 3718 2852 ro-

2127 2880 2380 2936 luntatem
2411 2882 2529 2948 Dei,
2558 2893 2606 2938 et
2628 2884 2874 2956 refrigerc
2918 2886 3201 2940 vobiscum.
3256 2885 3459 2958 (Orig.)
3492 2886 3714 2942 Licetin

2129 2971 2496 3040 superioribus
2520 2973 2755 3029 dixerit:
2791 2973 2912 3029 Scio
2956 2976 3094 3030 enim
3129 2978 3381 3047 quoniam
3423 2977 3712 3032 ωεξηεοά

2130 3079 2216 3117 vos
2240 3063 2294 3117 in
2319 3066 2643 3121 abundantia
2665 3067 3036 3123 benedictionis
3075 3067 3273 3124 Christi
3319 3071 3546 3152 ueniant,
3573 3071 3713 3125 uilli-

2129 3151 2362 3209 lominus
2385 3165 2563 3212 tamen
2613 3159 2820 3213 sciebat
2865 3161 3030 3214 etiam
3061 3161 3114 3215 in
3143 3161 3230 3216 his
3266 3151 3712 3232 queimanifeste

2129 3250 2308 3304 futura
2339 3260 2684 3321 cognoverat,
2707 3252 3008 3308 orationem
3032 3270 3152 3310 esse
3180 3257 3567 3320 necessariam,
3599 3273 3713 3326 qua:

2131 3341 2335 3411 utique,
2359 3342 2506 3396 verbi
2531 3358 2716 3408 causa,
2741 3344 2788 3398 si
2820 3359 2925 3398 non
2951 3344 3141 3400 fuisset
3161 3347 3424 3411 adhibita,
3459 3363 3710 3417 sequere-

2132 3441 2218 3486 tur
2246 3432 2364 3487 sine
2385 3432 2546 3488 dubio
2570 3447 2678 3487 non
2701 3433 2909 3504 impleri
2933 3436 3076 3504 quod
3103 3434 3280 3491 fuerat
3318 3439 3708 3508 prophetatum.

2130 3523 2359 3594 (Ambr.)
2398 3526 2636 3595 Denique
2672 3537 2796 3582 orat
2843 3537 2904 3582 ut
2930 3529 3213 3599 adjuvetur
3261 3531 3316 3584 in
3358 3533 3712 3594 orationibus,

2129 3625 2188 3669 ut
2215 3615 2468 3671 evaderet
2497 3633 2688 3672 manus
2710 3616 3018 3674 Judseorum
3066 3620 3362 3676 infidelium
3387 3637 3405 3675 :
3454 3638 3564 3678 non
3593 3625 3712 3693 quia

2131 3704 2244 3774 ipse
2273 3705 2450 3760 minus
2497 3716 2792 3772 mereatur,
2841 3709 2937 3764 sed
2984 3711 3229 3765 ordinem
3274 3713 3542 3780 sequitur,
3573 3722 3628 3768 ut
3647 3713 3715 3766 ab

2130 3793 2374 3848 Ecclesia
2400 3795 2495 3850 ﬁat
2533 3796 2710 3850 oratio
2732 3811 2831 3866 pro
2863 3806 3076 3854 rectore
3101 3815 3200 3854 suo
3224 3817 3238 3852 :
3269 3800 3426 3856 multi
3451 3801 3591 3856 enim
3617 3802 3712 3854 mi-

2129 3882 2260 3937 nimi
2285 3884 2410 3938 dum
2454 3898 2852 3956 congregantur
2888 3889 3188 3954 unanimes,
3241 3890 3376 3944 liunt
3423 3891 3622 3962 magni,
3660 3900 3714 3946 ct

2131 3972 2420 4026 multorum
2454 3990 2646 4044 preces
2670 3977 2999 4046 impossibile
3043 3987 3216 4033 estut
3259 3994 3364 4034 non
3406 3981 3710 4050 impetrent.

2131 4061 2264 4128 Quis
2281 4078 2410 4134 ergo
2434 4073 2536 4128 est,
2563 4067 2664 4120 hoc
2688 4065 2872 4137 legens
2897 4067 3042 4138 quod
3069 4066 3268 4123 Paulus
3287 4068 3609 4138 deprecetur
3623 4083 3712 4122 eos

2130 4153 2222 4223 qui
2254 4151 2439 4208 Romae
2463 4163 2588 4208 sunt
2615 4169 2777 4210 orare
2814 4154 3012 4212 fratres
3050 4171 3150 4226 pro
3176 4171 3255 4222 se,
3283 4168 3598 4212 contemnat
3636 4158 3715 4211 vel

2132 4247 2394 4316 despiciat
2418 4247 2692 4303 orationes
2714 4248 2969 4304 Ecclesia:
2989 4250 3280 4318 postulare,
3309 4251 3473 4304 etiam
3502 4251 3550 4304 si
3581 4251 3713 4304 infc-

2133 4335 2306 4390 riores
2335 4337 2541 4392 meritis
2561 4353 2680 4392 esse
2725 4337 3010 4394 videantur
3055 4341 3110 4401 hi
3139 4357 3170 4396 a
3200 4343 3394 4410 quibus
3427 4344 3602 4397 oratio
3625 4358 3716 4412 po-

2142 4425 2416 4480 stulatur?
2471 4427 2613 4482 Ecce
2665 4431 2809 4483 enim
2862 4429 3061 4486 Paulus
3111 4433 3425 4501 apostolicis
3470 4435 3717 4504 praeditus

2141 4515 2372 4578 meritis,
2400 4531 2506 4570 non
2550 4516 2722 4572 solum
2773 4517 3048 4574 Romanos
3093 4536 3251 4576 orare
3295 4537 3393 4591 pro
3423 4537 3505 4586 se,
3543 4522 3636 4576 sed
3663 4529 3714 4574 ct

2142 4603 2448 4660 Corinthios
2482 4606 2821 4662 adhortatur.
2854 4607 3050 4680 (θήρ.)
3102 4609 3234 4664 Vide
3278 4619 3460 4665 autem
3482 4620 3537 4664 et
3557 4626 3711 4680 quam

2143 4693 2334 4748 validis
2367 4710 2462 4750 eos
2505 4697 2753 4768 astringit
2805 4699 3177 4769 religiosisque
3205 4701 3584 4764 sacramentis,
3617 4697 3715 4750 I’rr

2143 4784 2450 4851 Dominum,
2469 4787 2660 4856 inquit,
2675 4799 2910 4842 nostrum
2924 4789 3106 4844 Iesum
3129 4789 3414 4854 Christum,
3429 4801 3477 4843 et
3496 4790 3712 4859 percha-
3737 4825 3757 4838 .

2143 4875 2351 4928 ritatem
2393 4874 2641 4945 Spiritus,
2671 4879 2922 4948 deprecor
2948 4891 3006 4932 ut
3050 4880 3308 4950 adjuvetis
3343 4898 3424 4935 me
3446 4883 3501 4934 in
3520 4881 3711 4934 oratio-

2145 4965 2296 5020 nibus
2317 4967 2386 5020 ad
2402 4966 2589 5036 Deum.
2609 4968 2759 5034 Quod
2787 4971 2957 5024 nostri
2977 4981 3265 5039 posuerunt
3281 4972 3536 5040 adjuvetis
3560 4987 3638 5023 me
3659 4969 3711 5020 in

2145 5053 2486 5119 orationibus,
2521 5055 2948 5126 magniﬁcentius
2977 5058 3172 5129 legitur
3196 5061 3334 5128 apud
3355 5059 3574 5113 Graecos
3591 5080 3702 5113 aw-

2145 5145 2513 5216 αγωνίσασθνι,
2533 5145 2587 5198 in
2607 5161 2714 5214 quo
2735 5147 3022 5210 indicatur,
3041 5158 3096 5201 ut
3118 5147 3377 5218 adjuuem
3390 5165 3471 5202 me
3490 5149 3542 5200 in
3555 5162 3712 5216 agone

2146 5237 2398 5291 orationis
2425 5237 2493 5290 ad
2525 5237 2710 5304 Deum,
2760 5239 3051 5294 ostendens
3099 5238 3244 5309 quod
3290 5241 3441 5310 quasi
3493 5255 3708 5309 agonem

2147 5327 2344 5382 habeat
2381 5327 2496 5396 ipse
2537 5337 2592 5382 et
2649 5337 2925 5384 certamen
2976 5329 3259 5396 orationis,
3317 5328 3709 5384 adversantibus

2103 5457 2113 5465 .
2145 5417 2247 5471 sibi
2273 5417 2390 5472 sine
2418 5417 2580 5472 dubio
2606 5417 2728 5480 illis,
2775 5419 2841 5474 de
2889 5419 3086 5488 quibus
3108 5419 3323 5474 dicebat
3361 5417 3570 5489 (prcs.
3593 5414 3703 5482 tv):

2149 5507 2273 5562 Non
2316 5512 2456 5564 enim
2507 5511 2653 5566 nobis
2707 5522 2967 5566 certamen
3011 5525 3086 5567 est
3131 5515 3376 5568 adversm
3425 5526 3626 5566 ωηιριιι
3659 5517 3705 5561 οι

2145 5607 2474 5676 sanguinem,
2522 5609 2613 5663 sed
2666 5608 2917 5664 adversus
2973 5611 3296 5680 principatus
3333 5620 3380 5664 et
3424 5617 3700 5679 potestates.
