4026 6180
352 181 512 281 reas

909 222 1457 281 ENAllRATiONUM
1496 226 1562 280 lN
1602 222 1750 281 EPP.
1791 225 1997 282 PAULI
2037 226 2166 305 LIB.
2209 229 2429 284 Vlll.—
2464 230 2532 286 IN
2570 231 2788 290 EPIST.
2833 234 2924 290 AD
2963 233 3129 290 ROM.

3498 241 3641 294 161·ιῖ

348 338 621 391 adversus
651 335 830 389 mundi
880 334 1036 404 hujus
1082 345 1303 390 rectores
1350 337 1684 390 tenebrarum
1746 337 1955 399 harum,
1985 352 2034 408 Α
2065 352 2257 407 magna
2287 355 2410 393 cum
2462 341 2620 397 laude
2661 353 2717 398 et
2762 344 3229 399 commendatione
3275 350 3641 419 prosequitur,

349 430 620 482 adversus
643 425 904 495 spiritalia
944 427 1185 496 nequitia:
1213 428 1269 480 in
1309 426 1597 481 ctelestibus
1617 441 1636 478 :
1664 436 1721 480 et
1744 437 1953 481 certum

350 526 474 581 est,
508 517 653 587 quod
676 517 764 571 isti
787 532 975 572 omnes
1003 519 1142 573 sicut
1190 519 1545 573 adversantur
1570 518 1716 583 ﬁdei,
1741 526 1796 573 et
1821 517 1957 573 resi—

352 618 521 665 stunt
558 609 769 680 pietati,
803 610 941 664 sicut
987 611 1245 665 contrarii
1299 620 1424 667 sunt
1468 612 1692 683 justitize
1727 620 1782 666 et
1810 611 1955 665 veri-

355 699 489 763 tati,
521 706 575 753 et
617 699 869 753 omnibus
903 698 1078 761 bonis.
1109 700 1198 755 isti
1247 702 1363 756 sine
1404 702 1567 757 dubio
1593 703 1871 766 resistunt,
1903 709 1958 757 et

353 789 725 843 adversantur
762 790 1016 844 orationi.
1065 791 1131 845 Et
1175 791 1295 846 ideo
1333 793 1567 847 ostendit
1610 792 1807 847 Paulus
1835 807 1956 848 esse

356 893 479 932 non
529 878 811 933 minimum
850 879 1014 934 etiam
1044 881 1096 934 in
1153 885 1399 936 oratione
1452 891 1747 947 certamen,
1790 884 1957 953 siqui-

356 970 492 1025 dem
534 971 588 1023 in
626 971 732 1025 hoc
775 972 1072 1028 certamine
1117 974 1280 1027 etiam
1327 974 1587 1030 auxilium
1627 990 1812 1030 eorum
1862 976 1951 1045 qui

354 1058 553 1114 Romae
630 1069 757 1115 sunt
822 1062 1114 1117 crediderit
1189 1063 1604 1133 implorandum.
1673 1064 1957 1120 Obsistnnt

355 1151 511 1204 enim
542 1152 812 1207 daemones
849 1162 904 1206 et
935 1154 1224 1209 contraria:
1257 1164 1557 1224 potestates
1587 1157 1641 1210 in
1685 1157 1950 1223 oratione,

355 1242 541 1311 primo
562 1258 659 1312 per
682 1242 810 1298 illud
845 1259 915 1297 ne
938 1244 1063 1298 talis
1085 1245 1393 1298 inveniatur
1415 1245 1460 1299 is
1488 1246 1577 1314 qui
1609 1247 1661 1300 in
1692 1247 1954 1301 orationis

358 1349 539 1404 agone
566 1335 811 1401 desudet,
834 1344 893 1389 ut
928 1335 1069 1391 levet
1105 1353 1266 1406 puras
1298 1353 1485 1390 manus
1518 1337 1627 1390 sine
1664 1338 1767 1390 ira.
1799 1337 1952 1402 Quod

356 1432 415 1477 et
447 1426 493 1479 si
521 1426 622 1480 hoc
647 1426 769 1496 quis
793 1427 1037 1482 obtinere
1083 1428 1320 1496 potuerit
1374 1437 1432 1481 ut
1460 1428 1577 1482 sine
1628 1428 1706 1481 ira
1742 1428 1833 1493 sit,
1862 1429 1951 1482 vix

359 1525 469 1577 est,
494 1526 553 1569 ut
577 1515 794 1587 effugiat
818 1532 938 1573 esse
965 1518 1081 1572 sine
1119 1517 1526 1586 disceptatione,
1554 1517 1657 1572 hoc
1701 1526 1806 1584 est,
1834 1520 1952 1573 sine

358 1606 650 1675 superﬁnis
667 1618 722 1663 et
741 1608 895 1663 vanis
914 1608 1366 1680 cogitationibus:
1395 1610 1487 1664 vix
1515 1610 1656 1664 enim
1685 1610 1948 1675 invenies,

356 1708 419 1753 ut
442 1702 618 1755 oranti
647 1701 839 1771 cuique
885 1716 992 1757 non
1015 1702 1214 1771 aliquid
1244 1702 1420 1756 inanis
1448 1710 1502 1757 et
1522 1702 1709 1757 alienae
1745 1703 1948 1773 cogita-
1976 1741 2021 1799 Β

354 1790 524 1846 tionis
551 1802 817 1858 occurrat,
858 1803 912 1848 et
942 1794 1294 1851 intentionem
1334 1812 1442 1866 qua
1493 1798 1546 1851 in
1595 1797 1763 1853 Deum
1793 1813 1946 1853 mens

352 1878 613 1948 dirigitur
624 1882 854 1938 declinet
867 1898 930 1937 ac
952 1885 1187 1954 frangat,
1200 1895 1361 1956 atque
1375 1902 1493 1941 eam
1509 1902 1606 1957 per
1619 1904 1681 1942 ea
1694 1904 1814 1957 qua:
1834 1903 1945 1943 non

352 1971 617 2039 competit
644 1972 835 2043 rapiat.
866 1974 935 2029 Et
980 1974 1100 2031 ideo
1127 1992 1262 2046 agon
1298 1993 1525 2048 magnus
1551 1988 1635 2035 est
1660 1980 1942 2043 orationis,

354 2068 421 2113 nt
446 2061 834 2119 obsistentibus
883 2064 1138 2130 inimicis,
1166 2075 1221 2121 et
1266 2068 1472 2123 orantis
1516 2084 1733 2136 sensum
1765 2070 1818 2124 in
1857 2071 1941 2125 di-

357 2162 516 2202 versa
547 2150 899 2218 rapientibus,
942 2152 1047 2207 ﬁxa
1098 2169 1313 2226 semper
1337 2157 1403 2211 ad
1455 2157 1623 2213 Deum
1658 2174 1811 2214 mens
1834 2169 1944 2214 sta—

358 2237 453 2292 bili
476 2238 771 2309 intentione
797 2244 1105 2308 contendat,
1133 2254 1194 2300 ut
1218 2247 1412 2302 merito
1437 2249 1610 2317 possit
1631 2249 1793 2304 etiam
1829 2264 1942 2318 Ipse

359 2326 577 2382 dicere:
602 2327 806 2383 Bonum
831 2341 1088 2387 certamen
1113 2335 1325 2400 certavi,
1354 2352 1565 2390 cursum
1591 2338 1942 2392 consummavi

359 2415 448 2486 (11
480 2416 614 2472 Tim.
638 2418 735 2488 tv).
760 2418 912 2475 Nunc
939 2435 1068 2493 ergo
1094 2431 1215 2477 orat
1241 2423 1529 2494 Apostolus
1549 2423 1786 2492 adjuvari
1806 2441 1865 2481 se
1887 2424 1939 2479 in

360 2518 535 2576 agone
580 2506 903 2573 orationum,
956 2516 1017 2563 ut
1064 2509 1322 2565 liberetur
1367 2511 1434 2566 ab
1486 2512 1792 2575 incredulis,
1848 2514 1936 2583 qui

361 2604 489 2650 sunt
527 2595 580 2649 in
630 2594 834 2662 Judtea,
879 2613 948 2652 ne
976 2599 1176 2654 diutius
1219 2602 1511 2658 obstaculis
1545 2618 1730 2657 eorum
1762 2614 1938 2658 reten-

360 2693 471 2752 tus,
508 2686 593 2739 vel
615 2686 791 2742 minus
813 2697 1022 2758 gratum
1046 2691 1296 2745 exhibeat
1326 2693 1524 2749 sanctis
1558 2694 1935 2759 ministerium,

362 2776 449 2830 vel
479 2776 805 2832 desiderium
840 2777 955 2846 ejus
984 2781 1125 2850 quod
1175 2797 1303 2853 erga
1354 2782 1625 2840 Romanos
1667 2784 1828 2839 habet
1856 2787 1938 2840 vi-

361 2867 559 2924 sendos
584 2868 784 2924 diutius
831 2870 1127 2927 diﬁ‘eratur.
1161 2872 1217 2927 Si
1246 2873 1413 2938 enim,
1463 2874 1655 2945 inquit,
1707 2876 1819 2930 hac
1864 2877 1936 2931 ita

358 2961 639 3025 cesserint,
668 2969 726 3013 ut
770 2969 825 3014 et
869 2962 1221 3017 ministerium
1272 2979 1449 3018 meum
1508 2974 1787 3034 acceptum
1843 2965 1936 3020 ﬁat

2055 440 2382 482 enumerans
2406 430 2570 485 etiam
2600 442 2748 501 gesta
2797 434 2965 504 ipsius
3008 435 3287 504 przeclara,
3336 448 3391 494 et
3432 440 3637 509 dicens,

2054 515 2179 583 quia
2207 516 2262 569 in
2290 525 2496 573 tantum]
2526 523 2776 578 omnibus
2801 526 2990 589 astitit,
3014 527 3117 581 hoc
3142 537 3245 592 est,
3271 529 3323 583 in
3348 534 3640 588 necessita-

2056 606 2201 662 tibus
2226 618 2421 676 prazsto
2440 608 2560 675 fuit,
2587 620 2645 666 ut
2675 614 2837 668 etiam
2865 617 2993 670 mihi
3021 616 3119 686 ipsi
3150 618 3201 672 in
3228 623 3640 682 necessitatibus

2055 697 2192 752 meis
2219 699 2630 771 apostolicisqne
2679 703 2952 760 laboribus
2984 715 3094 761 tota
3126 709 3407 765 devotione
3442 717 3638 769 mentis

2056 789 2306 844 astiterit.
2335 789 2522 845 Simile
2544 799 2722 847 autem
2746 809 2878 864 opus
2904 796 3019 865 ejus
3038 796 3266 852 dixerim
3285 801 3635 870 hospitalitati

2053 878 2175 942 Lot,
2201 879 2319 947 qui.
2341 880 2466 934 dum
2518 896 2731 952 semper
2771 885 3006 954 hospites
3029 890 3286 958 suscepit,
3319 896 3511 949 meruit
3539 896 3636 949 ali-

2054 970 2272 1037 quando
2296 979 2351 1024 et
2380 971 2599 1042 angelos
2631 973 2862 1043 hospitio
2889 978 3163 1047 suscipere
3186 978 3340 1049 (Gen.
3366 984 3503 1053 xix).
3552 985 3635 1040 Si-

2053 1058 2251 1114 militer
2274 1068 2328 1114 et
2346 1062 2644 1128 Abraham,
2665 1062 2792 1118 dum
2816 1080 3026 1136 semper
3043 1072 3283 1125 occurrit
3308 1072 3633 1144 hospitibus,

2053 1149 2327 1204 meruitut
2359 1159 2413 1204 et
2434 1152 2693 1209 Dominus
2735 1170 2856 1209 cum
2902 1160 3104 1228 angelis
3144 1164 3435 1221 divertcrct
3461 1169 3526 1221 ad
3554 1178 3633 1222 ta-

2052 1240 2402 1296 bernaculum
2446 1238 2564 1312 ejus
2607 1242 2759 1316 (Gen.
2786 1248 2963 1320 xvm).
3016 1250 3091 1305 Ita
3119 1262 3173 1308 et
3218 1255 3333 1310 haec
3384 1258 3630 1328 religiosa

2052 1329 2270 1394 Phoebe,
2300 1333 2425 1386 dum
2454 1342 2595 1390 astat
2619 1338 2870 1393 omnibus
2898 1350 2948 1394 et
2998 1343 3332 1414 obsequitur,
3376 1350 3631 1404 assistere

2053 1429 2106 1474 et
2125 1420 2348 1490 obsequi
2377 1421 2539 1478 etiam
2567 1424 2824 1496 Apostolo
2852 1432 3063 1486 meruit.
3093 1428 3161 1487 Et
3203 1434 3323 1490 ideo
3368 1436 3517 1492 locus
3547 1440 3631 1493 hic

2052 1511 2158 1565 duo
2187 1513 2391 1580 pariter
2437 1515 2593 1571 docet
2639 1527 2694 1572 et
2754 1518 2965 1583 haberi,
3012 1533 3069 1576 ut.
3098 1523 3349 1590 diximus,
3407 1528 3633 1584 feminas

2051 1602 2329 1659 ministras
2352 1605 2403 1659 in
2436 1605 2698 1675 Ecclesia,
2728 1617 2781 1664 et
2808 1610 2943 1666 tales
2982 1612 3178 1671 debere
3219 1617 3357 1671 sumi
3386 1618 3438 1674 in
3471 1620 3630 1675 mini-

2050 1690 2297 1758 sterium,
2327 1709 2448 1763 qua:
2494 1697 2766 1753 astiterint
2802 1700 3003 1768 multis,
3045 1712 3099 1757 et
3140 1720 3237 1775 per
3277 1707 3416 1762 bona
3457 1707 3629 1765 ofﬁcia

2048 1782 2306 1861 usquead
2341 1785 2688 1851 apostolicam
2727 1787 2937 1843 laudem
2985 1794 3301 1849 meruerint'
3324 1800 3626 1866 pervenire.

2045 1867 2306 1924 Hortatur
2339 1873 2504 1927 etiam
2553 1874 2703 1938 illud,
2753 1885 2813 1929 ut
2860 1877 2915 1931 hi
2965 1881 3054 1948 qui
3106 1882 3264 1938 bonis
3292 1887 3545 1955 operibus
3573 1889 3626 1942 in

2043 1957 2299 2014 Ecclesiis
2337 1962 2467 2016 dant
2495 1978 2734 2033 operam,
2778 1966 2953 2023 vicem
2990 1971 3253 2041 recipiant
3292 1991 3324 2029 a
3369 1976 3627 2034 fratribus

2042 2061 2097 2103 et
2124 2049 2407 2118 honorem,
2439 2061 2498 2108 nt
2524 2054 2579 2110 in
2606 2055 3014 2129 quibuscunqne
3044 2066 3408 2120 necessarium
3436 2068 3623 2135 fuerit,

2041 2137 2155 2192 sive
2182 2139 2534 2208 spiritalibus,
2561 2143 2674 2199 sive
2702 2145 2863 2200 etiam
2885 2150 3192 2207 carnalibus
3214 2152 3425 2219 oﬁiciis,
3451 2158 3623 2214 hono-

2041 2226 2190 2283 riﬁce
2228 2228 2546 2286 habeantur.
2591 2231 2818 2307 (Ambr.)
2869 2237 2938 2293 Ut
2981 2250 3158 2296 autem
3207 2244 3325 2300 sine
3353 2246 3624 2305 intermis-

2040 2315 2190 2371 sione
2213 2319 2581 2389 excipiendam
2610 2322 2754 2379 illam
2779 2335 2835 2381 et
2860 2328 3219 2387 assistentium
3247 2335 3321 2390 illi
3356 2336 3411 2392 in
3435 2354 3623 2396 neces-

2039 2405 2222 2473 sitate,
2255 2409 2299 2463 si
2320 2413 2674 2479 pervenisset,
2721 2417 2991 2486 suaderet,
3017 2422 3182 2477 etiam
3211 2424 3311 2480 sibi
3368 2427 3512 2484 illam
3542 2431 3625 2486 af-

2039 2493 2204 2552 fui'sse
2229 2505 2474 2566 testatur,
2504 2511 2565 2557 ut
2583 2515 2785 2575 quanto
2813 2509 3095 2567 sublimior
3119 2529 3347 2583 persona
3374 2518 3491 2588 ejus
3520 2539 3623 2578 cae-

2041 2585 2171 2642 teris
2192 2587 2283 2654 sit,
2308 2597 2455 2645 tanto
2480 2593 2648 2663 magis
2675 2597 2827 2651 reddi
2870 2598 2994 2655 huic
3029 2602 3270 2660 debitum
3294 2585 3617 2680 obsequium

2039 2692 2135 2746 per
2163 2678 2481 2735 charitatem
2510 2685 2836 2741 ostenderet.

2108 2766 2346 2825 Salutate
2360 2771 2598 2827 Priscum
2612 2784 2660 2841 et
2674 2775 2941 2848 Aquilam,
2959 2781 3225 2851 adjutores
3238 2803 3378 2841 meos
3391 2788 3443 2842 in
3462 2788 3535 2843 Ch
3543 2791 3586 2843 ri
3592 2821 3619 2831 -

2036 2868 2114 2912 sto
2136 2859 2282 2926 Iesu,
2306 2862 2397 2932 qui
2422 2880 2515 2932 pro
2553 2866 2732 2921 anima
2786 2884 2900 2923 mea
2944 2888 3068 2926 suas
3093 2876 3310 2931 cervices
3337 2895 3621 2949 supposue-

2036 2959 2178 3015 runt,
2201 2952 2388 3022 quibus
2417 2969 2519 3008 non
2544 2956 2713 3010 solum
2738 2976 2831 3028 ego
2850 2963 3049 3030 gratias
3079 2981 3196 3034 ago,
3219 2967 3310 3020 sed
3337 2976 3386 3020 et
3415 2980 3617 3027 cuncta:

357 3056 563 3110 sanctis
616 3054 669 3109 in
696 3054 1081 3126 Hierosolyma,
1133 3064 1188 3111 et
1240 3056 1497 3112 liberatus
1537 3058 1606 3112 ab
1644 3057 1933 3113 incredulis
1961 3088 2008 3152 Ο
2036 3039 2567 3152 ῗίξίεδξίξμξζεηιξαηιν
2602 3058 2673 3152 fl.
2701 3049 3042 3152 ξΐοξηεδιίεατξι
3086 3071 3265 3152 eorum
3304 3056 3614 3152 Ecclesium.

355 3144 450 3214 qui
480 3145 676 3199 suntin
705 3142 909 3211 Judaea,
940 3146 1122 3200 venire
1151 3147 1219 3201 ad
1253 3162 1347 3202 vos
1388 3162 1492 3202 non
1519 3148 1803 3218 impediar,
1834 3164 1934 3219 pro

354 3236 495 3291 bene
528 3234 691 3305 gestis
718 3236 877 3290 rebus
910 3237 1148 3307 gaudens
1191 3237 1434 3306 profecto
1476 3239 1541 3293 ad
1582 3254 1676 3294 vos
1717 3239 1931 3294 veniam

352 3340 478 3379 cum
529 3324 801 3379 voluntate
848 3326 964 3391 Dei,
996 3335 1050 3381 et
1094 3328 1425 3397 requiescam
1474 3329 1768 3384 vobiscum.
1816 3328 1933 3386 Non

352 3416 686 3484 corporalem
711 3415 893 3484 utique
922 3416 1159 3486 requiem
1191 3418 1382 3486 quatrit
1404 3418 1619 3485 Paulus,
1645 3421 1737 3474 sed
1765 3420 1931 3486 illam,

350 3522 472 3575 qua:
499 3506 921 3561 consolationem
955 3507 1119 3562 habet
1161 3524 1227 3562 ex
1269 3510 1399 3574 Deo,
1438 3510 1578 3564 sicut
1618 3520 1673 3565 et
1716 3512 1827 3580 ipse
1878 3512 1931 3566 in

349 3596 543 3666 primis
581 3594 738 3665 hujus
785 3596 1036 3666 Epistola:
1077 3598 1324 3667 partibus
1372 3598 1528 3663 dixit,
1557 3597 1831 3654 Consolari
1878 3602 1934 3656 in

350 3686 493 3740 vobis
522 3702 615 3755 per
638 3702 753 3740 eam
797 3702 914 3756 qua:
951 3687 1170 3742 invicem
1216 3698 1294 3742 est
1330 3688 1486 3755 ﬁdem
1529 3698 1750 3743 vestram
1777 3700 1933 3761 atque

352 3792 542 3828 meum.

422 3864 563 3917 Deus
593 3872 770 3917 autem
819 3864 962 3933 pacis
991 3864 1058 3917 sit
1096 3880 1215 3917 cum
1267 3865 1505 3921 omnibus
1547 3865 1707 3920 vobis.
1745 3866 1929 3920 Amen.

348 3953 555 4024 lugenti
582 3955 956 4010 benedictione
1006 3963 1321 4011 muneratur
1351 3956 1644 4023 Romanos,
1690 3967 1749 4012 ut
1791 3957 1933 4012 Deus

350 4043 499 4112 pacis
526 4045 597 4098 sit
623 4059 745 4098 cum
786 4045 886 4110 eis,
932 4045 985 4100 id
1029 4056 1135 4111 est,
1158 4052 1217 4100 ιιι
1248 4063 1267 4096 ι
1300 4062 1404 4117 pax
1432 4046 1544 4111 Dei,
1572 4062 1691 4116 qua:
1717 4054 1934 4116 superat

347 4151 562 4190 omnem
593 4144 852 4201 mentem,
886 4135 1156 4191 custodiat
1180 4137 1342 4191 corda
1371 4152 1559 4192 eorum
1612 4137 1665 4191 in
1718 4136 1934 4191 Christo

347 4223 499 4286 Jesu,
525 4224 616 4296 qui
644 4235 746 4279 'est
772 4240 877 4295 pax
922 4232 1125 4280 nostra.
1156 4245 1175 4278 ι
1212 4224 1443 4296 (Ambr.)
1468 4225 1628 4281 Tales
1652 4240 1780 4296 ergo
1800 4227 1933 4283 istos

349 4315 497 4385 cupit
544 4294 690 4379 ἔθελξε,
735 4294 794 4368 ut
834 4314 905 4369 sit
926 4330 1048 4370 cum
1070 4314 1175 4368 illis
1200 4294 1456 4369 Dominus
1478 4313 1636 4370 Jesus
1661 4294 1929 4382 Christus,

2038 3130 2231 3204 (Orig.)
2260 3131 2519 3190 Videntur
2544 3138 2673 3192 mihi
2699 3141 2795 3208 ipsi
2820 3157 2960 3209 esse,
2984 3144 3050 3198 de
3078 3147 3273 3214 quibus
3305 3146 3359 3201 in
3388 3148 3618 3205 Actibus

2034 3225 2400 3295 apostolorum
2431 3228 2505 3282 ita
2538 3231 2798 3300 scriptum
2834 3243 2915 3288 est
2942 3252 2954 3287 :
3006 3234 3132 3290 Post
3169 3238 3279 3292 hwc
3308 3250 3480 3293 autem
3508 3240 3618 3294 dis—

2033 3315 2219 3367 cedens
2269 3313 2475 3371 Paulus
2519 3319 2582 3371 ab
2625 3319 2839 3375 Athenis
2884 3324 3016 3377 venit
3070 3322 3396 3394 Corinthum,
3453 3339 3501 3383 et
3542 3332 3618 3384 in-

2034 3416 2179 3460 vento
2199 3407 2272 3461 ibi
2288 3410 2514 3479 quodam
2527 3411 2716 3468 Judazo
2732 3414 2936 3469 nomine
2950 3416 3140 3487 Aquila
3150 3460 3164 3485 ,
3178 3416 3395 3474 Pontico
3410 3413 3616 3492 genere,

2032 3496 2122 3565 qui
2149 3515 2312 3568 nuper
2336 3511 2543 3555 venerat
2583 3504 2648 3557 de
2676 3503 2860 3570 Italia,
2904 3517 2951 3560 et
3003 3506 3250 3564 Priscilla
3280 3529 3441 3568 uxore
3476 3515 3612 3584 ejus,

2031 3598 2239 3657 propter
2265 3591 2405 3659 quod
2458 3604 2770 3662 pra’eeperat
2808 3595 3061 3650 Claudius
3111 3599 3374 3655 discedere
3394 3602 3612 3658 Juda’os

2033 3692 2208 3729 omnes
2239 3696 2270 3730 a
2300 3676 2487 3743 Roma,
2531 3684 2745 3735 accessit
2770 3683 2840 3735 ad
2865 3701 2973 3749 eos,
2997 3695 3045 3738 et
3097 3689 3221 3755 quia
3250 3700 3399 3744 erant
3446 3695 3615 3746 consi-

2034 3766 2170 3821 milis
2196 3768 2409 3836 artiﬁcii
2436 3772 2626 3824 mansit
2663 3772 2803 3841 apud
2830 3790 2936 3838 eos,
2963 3785 3011 3827 et
3055 3777 3405 3846 operabantur
3429 3782 3608 3845 simul,

2032 3868 2180 3911 erant
2240 3860 2377 3913 enim
2446 3862 2673 3931 artiﬁces
2734 3863 3187 3919 tabernaculorum
3250 3867 3386 3938 (Act.
3428 3870 3607 3940 xvm),

2032 3949 2134 4004 hoc
2160 3958 2260 4015 est,
2301 3962 2533 4006 sutores.
2578 3951 2806 4025 [Ambn]
2848 3953 2948 4022 Qui
2989 3957 3270 4012 credentes
3317 3957 3445 4013 facti
3484 3970 3609 4015 sunt

2033 4040 2165 4094 socii
2215 4039 2418 4096 laboris
2457 4041 2721 4111 Apostoli,
2748 4044 2840 4113 qui
2869 4046 2941 4099 ita
2970 4055 3114 4101 recte
3139 4048 3500 4113 crediderant,
3548 4060 3607 4105 ut

2031 4129 2195 4182 etiam
2219 4128 2319 4197 ipsi
2342 4131 2759 4185 exhortarentur
2785 4140 3011 4188 caeteros
3057 4134 3123 4188 ad
3177 4135 3334 4190 ﬁdem
3378 4146 3601 4193 rectam.

2031 4216 2269 4286 Denique
2294 4218 2505 4288 Apollo,
2542 4221 2789 4289 quamvis
2826 4220 2986 4276 fuerit
3013 4224 3340 4280 exercitatus
3366 4226 3421 4280 in
3454 4226 3601 4282 Scri-

2030 4307 2224 4376 ptnris,
2250 4309 2317 4363 ab
2348 4309 2432 4363 his
2457 4317 2633 4365 tamen
2658 4312 2799 4365 viam
2832 4312 3038 4366 Domini
3072 4314 3378 4386 diligentius
3400 4317 3606 4373 instru-

350 4404 467 4474 (μή,
484 4412 760 4475 amputata
782 4405 926 4459 omni
947 4404 1210 4460 discordia
1223 4403 1680 4471 ειτοι-ίειιυηιοῃί,
1697 4406 1843 4460 dedit
1866 4421 1930 4461 ac
1956 4431 2006 4489 Β
2032 4405 2274 4489 (:tus_est,
2300 4399 2420 4453 ideo
2446 4400 2621 4455 socios
2648 4400 2849 4455 laboris
2869 4402 2951 4456 sui
2974 4402 3101 4457 dicit
3119 4419 3232 4469 eos,
3255 4406 3351 4461 sed
3372 4406 3424 4460 in
3450 4406 3603 4463 Chri—

348 4498 587 4553 ostendit.
621 4498 750 4567 quid
796 4497 868 4552 sit
913 4512 1125 4563 verum,
1174 4504 1235 4551 ut
1282 4496 1335 4550 in
1379 4497 1493 4566 ipsa
1545 4497 1772 4552 veritate
1809 4512 1924 4552 ma-

351 4598 512 4643 neant
538 4589 769 4660 paciﬁci.

947 4677 1173 4735 CAPUT
1215 4678 1352 4735 XVI.

314 4767 508 4850 'Ponit
546 4771 778 4840 exempla
825 4771 1069 4843 quautam
1120 4770 1371 4851 honorum
1419 4771 1711 4851 hominum,
1762 4781 1810 4826 et
1854 4772 1924 4825 ad

806 4839 1236 4911 perseverandum
1257 4840 1477 4893 inducit.

418 4947 735 5003 Commendo
782 4958 957 5004 autem
997 4948 1136 5003 vobis
1169 4947 1395 5004 Phtcben
1417 4965 1647 5005 sororem
1672 4958 1920 5017 nostram,

345 5056 462 5108 quis
482 5049 558 5093 est
581 5040 636 5092 in
666 5040 955 5094 ministerio
980 5037 1228 5093 Ecclesia:
1250 5055 1368 5111 quae
1397 5050 1472 5095 est
1499 5041 1555 5095 in
1577 5039 1841 5104 Cenchris,
1867 5049 1924 5094 ut

2030 4496 2115 4542 sto
2136 4486 2264 4544 Jesu
2295 4507 2308 4543 :
2342 4490 2638 4560 cooperarii
2666 4490 2809 4544 enim
2850 4491 2970 4561 ejus
2994 4490 3211 4548 fuerunt
3233 4494 3285 4548 in
3314 4494 3604 4566 Evangelia

2028 4576 2145 4633 Dei.
2171 4578 2363 4648 Aquila
2379 4581 2464 4634 vir
2491 4580 2748 4637 Priscilla:
2771 4592 2877 4647 est,
2893 4582 3034 4652 quos
3056 4600 3166 4657 non.
3188 4585 3359 4641 otiose
3374 4586 3600 4641 Romam

2034 4670 2240 4726 venisse
2280 4672 2622 4728 manifestum
2664 4682 2785 4741 est,
2832 4677 3209 4746 propensiores
3255 4679 3398 4734 enim
3447 4690 3603 4733 erant

2028 4758 2082 4813 in
2109 4760 2202 4814 Dei
2228 4762 2543 4818 devotione:
2567 4780 2691 4819 nam
2738 4766 2805 4820 ad
2842 4766 3306 4822 conﬁrmationem
3332 4769 3603 4823 Romano-

2028 4866 2147 4905 rum
2174 4852 2226 4906 bi
2252 4868 2461 4919 omnes,
2489 4870 2625 4925 quos
2655 4856 2872 4921 salutat,
2901 4874 2967 4912 ex
2997 4858 3081 4912 bis
3111 4857 3276 4913 fuisse
3297 4858 3603 4926 intelligun-

2027 4949 2138 4997 tur.
2170 4941 2322 4997 Unde
2347 4944 2477 4999 dicit
2505 4961 2611 5000 non
2640 4947 2813 5002 solum
2839 4963 2918 5012 se,
2949 4949 3042 5002 sed
3065 4956 3119 5003 et
3148 4961 3336 5002 omnes
3361 4946 3598 5017 gentium

2026 5032 2297 5089 Ecclesias
2327 5035 2528 5104 gratias
2556 5037 2640 5091 his
2690 5037 2915 5102 referre,
2967 5046 3193 5108 tangens
3233 5046 3288 5092 et
3328 5035 3601 5090 Romanos

346 5144 461 5181 eam
484 5128 780 5199 suscipiatis
802 5130 857 5183 in
868 5128 1093 5183 Domino
1114 5129 1267 5199 digne
1288 5132 1503 5192 sanctis.
1523 5144 1571 5185 et
1597 5130 1853 5185 assistatis
1878 5131 1926 5185 ei
2023 5134 2082 5180 ut
2107 5126 2191 5181 his
2221 5125 2494 5191 obediant,
2527 5142 2660 5195 quos
2685 5128 2750 5181 ad
2788 5128 3087 5198 profectum
3118 5128 3352 5199 gentium
3377 5125 3601 5179 audiunt

345 5221 399 5275 in
426 5237 732 5291 quocunque
769 5222 971 5291 negotio
1018 5223 1170 5277 vestri
1222 5223 1521 5294 indiguerit.
1555 5221 1761 5278 Etenim
1809 5225 1921 5296 ipsa

344 5326 546 5382 quoque
575 5312 774 5366 assistit
808 5312 986 5368 multis
1008 5322 1056 5368 et
1087 5314 1213 5368 mihi
1244 5314 1362 5383 ipsi.
1411 5312 1606 5385 (Orig.)
1634 5313 1733 5369 Hic
1770 5314 1918 5371 locus

344 5402 637 5471 apostolica
686 5404 1005 5459 auctoritate
1032 5404 1189 5460 docet
1211 5404 1372 5460 etiam
1422 5402 1650 5459 feminas
1678 5405 1918 5459 inmini-

344 5493 512 5547 sterio
561 5492 818 5550 Ecclesiae
868 5494 1142 5549 constitui.
1198 5494 1257 5549 In
1303 5508 1410 5563 quo
1465 5491 1639 5548 ollicio
1687 5494 1917 5563 positam

338 5583 576 5639 Phoeben
607 5584 747 5654 apud
798 5583 1095 5640 Ecclesiam
1122 5599 1240 5654 qua:
1265 5593 1347 5640 est
1395 5583 1675 5647 Cenchris,
1726 5583 1919 5637 Paulus

2024 5215 2268 5269 laborare
2296 5215 2363 5269 ad
2412 5216 2799 5270 exhortandam
2851 5217 3008 5272 ﬁdem
3040 5219 3092 5271 in
3131 5218 3366 5273 Christo.
3398 5214 3598 5286 (Oi-ig.)

2024 5308 2135 5364 Nec
2159 5309 2352 5363 mirum
2383 5308 2426 5363 si
2456 5307 2692 5363 Priscum
2720 5309 2915 5365 Paulus
2936 5311 2987 5363 in
3017 5310 3249 5381 Epistula
3270 5309 3455 5364 scribit
3477 5322 3600 5378 quas

2026 5401 2078 5455 in
2108 5400 2336 5455 Actibus
2364 5401 2728 5470 apostolorum
2754 5400 2998 5469 Priscilla
3041 5403 3237 5471 scripta
3278 5409 3362 5455 est
3385 5399 3596 5455 ueteris

2024 5491 2495 5546 concordantibus.
2526 5491 2707 5546 Potest
2742 5500 2921 5548 autem
2968 5492 3105 5556 ﬁeri,
3147 5499 3203 5545 ut
3229 5492 3318 5561 qui
3347 5491 3435 5546 illo
3464 5498 3593 5544 tem-

2024 5596 2172 5650 pore,
2196 5582 2363 5651 pulsis
2388 5598 2452 5639 ex
2477 5585 2606 5640 urbe
2624 5582 2823 5640 Iudaeis
2844 5585 2912 5640 ob
2935 5595 3258 5655 praeceptum
3282 5579 3599 5656 [prmi-cpta}
