4026 6180
558 315 581 370 l
594 314 693 369 60⁸1

1194 304 1255 364 Β.
1297 305 1547 363 RABANI
1586 304 1801 364 MAURI
1839 303 2156 363 ARCHIEP.
2197 300 2502 363 MOGUNT.
2547 298 2828 362 OPEliUM
2868 300 3042 361 PARS
3080 298 3163 362 Ill.

3604 318 3714 377 1603

555 423 805 487 Ciesaris,
834 421 1150 476 Corinthum
1173 429 1453 485 venerant,
1487 434 1674 474 rursus
1698 419 1858 474 edicti
1888 428 2135 475 cessante
2162 427 2212 483 Α
2237 432 2357 473 esse
2408 420 2679 472 testatur?
2713 419 2811 472 nisi
2856 417 2989 473 forte
3045 418 3372 489 profundiore
3415 427 3635 494 mysterio
3667 433 3715 486 ad

555 513 783 577 smvitia,
815 511 1042 565 Romam
1103 510 1337 580 regressi
1384 509 1685 564 salutentur
1714 523 1745 561 a
1766 506 1969 573 Paulo;
2001 524 2137 579 quos

558 613 739 657 tamen
765 599 1314 671 apparetludzeorum
1351 598 1563 653 insidiis
1602 598 1771 655 Paulo
1800 600 2137 669 periclitante

555 692 877 762 semetipsos
899 691 1183 761 obiecisse,
1236 698 1296 744 ut
1329 689 1419 743 ille
1471 689 1609 743 liber
1655 690 1988 745 abscederet.
2025 690 2137 744 Hoc

557 792 737 839 autem
759 791 809 838 et
840 780 1002 836 Jason
1033 781 1249 850 quidam
1278 780 1471 836 fecisse
1515 781 1566 834 in
1597 781 1820 836 Actibus
1867 781 2136 851 apostolo-

558 890 676 928 rum
704 872 937 927 refertur
958 871 1094 942 (Act.
1120 868 1274 938 xvu),
1307 878 1362 925 et
1394 870 1532 925 hanc
1562 886 1745 925 eorum
1768 869 1978 925 laudem
2007 886 2135 940 apo-

558 963 725 1018 stolus
749 979 853 1018 non
904 962 1046 1026 silet,
1093 962 1187 1016 sed
1210 960 1463 1016 omnibus
1507 975 1625 1015 eam
1666 959 1921 1015 Ecclesiis
1961 959 2134 1014 admi-

558 1053 780 1108 randam
810 1054 992 1116 tradit,
1022 1061 1078 1106 et
1104 1051 1225 1107 ideo
1269 1050 1440 1105 dicit:
1489 1048 1689 1115 Quibus
1743 1065 1845 1103 non
1874 1048 2017 1103 solus
2044 1065 2135 1120 ego

556 1147 753 1216 gratias
783 1156 903 1214 ago“,
943 1142 1031 1197 sed
1057 1151 1105 1197 et
1142 1142 1395 1195 universa:
1424 1139 1673 1194 Ecclesia:
1704 1141 1953 1210 gentium.
1984 1138 2138 1195 Unde

494 1284 499 1288 .
558 1242 780 1304 apparet
810 1249 903 1287 eos
955 1230 1220 1286 ofﬁciosos
1262 1240 1317 1285 et
1362 1227 1659 1298 hospitales
1690 1228 1967 1283 exstitisse
2009 1243 2137 1299 erga

556 1336 747 1376 omnes
774 1321 971 1376 fratres
1002 1320 1209 1385 ﬁdeles,
1242 1333 1348 1373 non
1379 1319 1554 1373 solum
1581 1318 1670 1387 qui
1695 1333 1762 1372 ex
1792 1316 2011 1383 Iudaeis,
2041 1318 2136 1373 sed

555 1412 719 1466 etiam
741 1413 829 1480 qui
857 1426 922 1464 ex
946 1409 1193 1479 gentibus
1216 1408 1569 1463 credidissent
1598 1426 1609 1460 :
1641 1422 1833 1478 magna
1860 1408 2003 1461 enim
2023 1424 2141 1479 gra-

558 1502 629 1556 tia
654 1502 709 1555 in
740 1499 1121 1570 hospitalitatis
1163 1497 1358 1564 ofﬁcio,
1390 1514 1496 1553 non
1553 1497 1725 1554 solum
1756 1499 1896 1568 apud
1944 1498 2137 1565 Deum,

556 1590 648 1646 sed
664 1591 804 1661 apud
824 1591 1068 1645 homines
1089 1588 1381 1643 invenitur.
1420 1588 1550 1656 Quae
1574 1597 1752 1644 tamen
1775 1605 1862 1644 res
1881 1590 2139 1659 quoniam

560 1698 666 1737 non
715 1682 887 1737 solum
930 1681 983 1735 in
1040 1681 1314 1735 voluntate
1349 1689 1405 1734 et
1448 1680 1727 1749 proposito
1773 1680 2136 1745 dominorum,

2238 507 2383 563 illam
2416 509 2769 578 respiciamus
2798 509 3184 577 captivitatem,
3210 524 3360 579 quam
3379 511 3590 571 Christus
3610 522 3716 576 venit

2237 595 2534 662 absolvere,
2578 598 2644 651 de
2670 612 2777 667 qua
2821 598 3076 667 scriptum
3101 607 3182 652 est
3226 598 3348 669 \lsa.
3369 602 3485 672 ut),
3509 608 3660 663 venire
3679 621 3719 665 et

2240 686 2371 742 dare
2393 702 2516 741 eum
2542 687 2770 756 captivis
2795 687 3187 751 remissionem,
3215 688 3360 743 cacis
3384 691 3533 745 visum
3553 710 3567 747 :
3584 695 3625 748 in
3641 713 3716 766 qua

2239 778 2553 848 captivitate
2582 778 2905 833 videbantur
2931 794 3036 832 una
3063 788 3220 849 atque
3250 782 3421 835 eadem
3452 784 3623 840 ratione
3652 789 3716 841 isti

2237 882 2377 933 esse,
2403 869 2453 922 in
2494 885 2600 939 qua
2627 878 2683 924 et
2710 868 2909 924 Paulus
2929 878 3062 923 erat.
3096 870 3251 925 Verbi
3278 872 3408 926 enim
3434 876 3578 944 gratia
3597 876 3631 931 si
3662 879 3719 932 di.

2237 972 2452 1013 camus:
2476 957 2609 1013 Cum
2636 959 2877 1029 captivus
2906 967 3046 1014 esset
3069 960 3288 1030 populus
3313 959 3717 1037 lsraelapudAssy-

2238 1048 2349 1103 rios
2379 1046 2463 1103 vel
2487 1047 2834 1118 Babylonios,
2865 1065 3055 1105 omnes
3097 1050 3302 1121 quidem
3341 1053 3718 1113 videbanturesse

2239 1137 2461 1207 captivi,
2491 1139 2589 1192 sed
2617 1138 2720 1192 alia
2752 1140 2890 1194 ratio
2919 1140 2971 1194 in
3000 1141 3210 1196 caeteris
3234 1143 3544 1212 captivitatis,
3583 1147 3663 1201 alia
3682 1151 3718 1201 in

2239 1227 2459 1283 Daniele
2484 1236 2539 1283 et
2565 1228 2772 1283 Anania
2801 1239 2962 1300 atque
2985 1231 3177 1286 Azaria
3205 1231 3285 1287 vel
3314 1232 3475 1288 Misael
3496 1235 3626 1307 (Dan.
3644 1242 3717 1309 tv):

2240 1316 2315 1370 illi
2351 1318 2494 1371 enim
2520 1319 2715 1388 captivi
2745 1330 2901 1373 erant
2920 1335 3020 1389 pro
3049 1320 3278 1390 peccatis
3295 1322 3416 1384 suis,
3442 1325 3514 1378 isti
3538 1340 3639 1380 vero
3652 1343 3721 1395 pm

2240 1406 2609 1463 consolatione
2633 1409 2969 1477 captivorum
3002 1419 3159 1464 erant
3180 1412 3337 1465 etiam
3363 1412 3449 1482 ipsi
3474 1415 3661 1484 captivi;
3684 1428 3723 1471 et

2240 1495 2362 1552 ideo
2389 1496 2434 1551 si
2461 1496 2667 1553 diceret
2687 1497 2875 1554 Daniel
2905 1499 2971 1553 de
2987 1499 3169 1569 aliquo
3195 1516 3299 1555 uno
3322 1517 3383 1556 ex
3409 1502 3553 1570 plebe,
3575 1520 3720 1559 conca.

2238 1586 2419 1656 ptivus
2441 1603 2613 1653 meus,
2643 1603 2749 1643 non
2779 1590 2852 1643 ita
2884 1592 3271 1645 convenienter
3293 1592 3390 1646 dici
3420 1593 3662 1659 videbatur,
3679 1606 3720 1648 ut

2224 1676 2289 1739 ,εἰ
2314 1677 2517 1732 diceret
2536 1678 2602 1732 de
2626 1677 2832 1733 Anania
2874 1678 2930 1735 et
2955 1680 3152 1735 Azaria
3194 1690 3247 1735 et
3287 1681 3472 1745 Mizael,
3494 1686 3720 1753 τοπαριίτὶ

559 1773 652 1827 sed
687 1781 740 1827 et
764 1781 919 1842 grato
952 1780 1008 1824 et
1033 1770 1175 1825 ﬁdeli
1202 1770 1444 1826 constitit
1469 1770 1769 1825 ministerio
1796 1770 2138 1838 famulorum,
2169 1765 2217 1826 Β
2244 1767 2391 1820 mei:
2425 1766 2478 1821 in
2506 1768 2625 1824 istis
2659 1770 2802 1824 enim
2847 1785 2957 1824 una
3004 1771 3323 1842 captivitatis
3372 1781 3447 1827 est
3474 1775 3602 1837 ratio,
3638 1789 3723 1847 qua

560 1863 764 1918 idcirco
784 1878 970 1917 omnes
994 1864 1083 1932 qui
1116 1863 1475 1917 ministerium
1507 1863 1651 1918 istud
1698 1878 1821 1918 cum
1870 1863 1988 1919 istis
2018 1863 2147 1920 ﬁde-

559 1951 685 2005 liter
708 1950 1092 2019 adimplebant,
1125 1949 1475 2005 domesticam
1502 1951 1801 2006 nominavit
1822 1951 2140 2009 Ecclesiam.

561 2038 800 2094 Salutate
848 2038 1168 2109 Epltenetum
1200 2038 1446 2094 dilectum
1495 2041 1646 2107 mihi,
1693 2042 1783 2112 qui
1816 2051 1892 2097 est
1921 2045 2145 2113 primiti-

560 2148 650 2183 vus
673 2133 810 2183 Asiw
836 2131 889 2183 in
919 2130 1126 2185 Christo
1151 2130 1304 2185 Iesu.
1341 2130 1443 2187 Hic
1467 2132 1777 2202 Ephenetus
1800 2134 2012 2190 videtur
2040 2137 2143 2191 mi-

2244 1854 2402 1926 longe
2431 1872 2462 1911 a
2493 1858 2685 1928 reliqui
2741 1860 2918 1929 populi
2955 1862 3169 1915 ratione
3210 1861 3405 1917 diversa
3431 1873 3517 1916 est.
3552 1863 3611 1916 ita
3631 1878 3722 1930 ergo

2245 1954 2299 2003 et
2327 1948 2526 2005 Paulus
2556 1949 2666 2005 tale
2688 1950 2887 2021 aliquid
2921 1952 2993 2006 de
3018 1967 3100 2018 se,
3138 1961 3193 2007 et
3226 1952 3500 2008 Andronico
3523 1970 3575 2009 ac
3592 1954 3721 2015 lunia,

2244 2040 2539 2095 secundum
2574 2041 2887 2097 occultioris
2930 2044 3257 2099 sacramenti
3284 2043 3475 2100 intuens
3508 2045 3720 2106 rationem,

2243 2132 2570 2200 concaptivos
2596 2144 2693 2186 eos
2720 2132 2822 2188 sibi
2874 2134 2930 2187 in
2984 2134 3092 2189 hoc
3122 2134 3315 2189 mundo
3341 2134 3563 2198 nominat,
3585 2142 3627 2187 et
3653 2150 3720 2185 ηο-

559 2220 610 2275 hi
640 2222 874 2274 omnium
906 2221 1058 2291 prius
1079 2237 1145 2277 ex
1179 2221 1305 2277 Asia
1328 2223 1639 2279 credidisse.
1674 2222 1826 2281 Unde
1852 2234 1907 2281 et
1932 2227 2143 2282 initium
2246 2218 2374 2275 biles
2395 2220 2449 2274 in
2476 2221 2755 2291 apostolis;
2789 2220 3033 2277 Salutate
3064 2222 3389 2293 Ampliatmn,
3417 2223 3720 2277 dilectissimum

555 2326 681 2367 etim
734 2311 987 2368 Ecclesiae
1031 2313 1335 2384 appellavit,
1386 2314 1495 2380 vel,
1544 2324 1602 2369 ut
1648 2316 1701 2369 in
1750 2314 1940 2372 Graeco
1981 2318 2146 2372 habe—
2246 2308 2450 2363 νηὲΙιὶὶη
2479 2310 2727 2365 Domino.
2761 2311 2998 2383 (Αιηιπο)
3050 2312 3202 2368 Hunc
3225 2312 3369 2382 quasi
3391 2313 3587 2366 amicum
3624 2311 3721 2365 salt

560 2412 669 2469 tur,
701 2402 968 2474 primitias
1014 2402 1177 2471 Asim,
1209 2404 1311 2459 nisi
1358 2404 1561 2474 aliquid
1599 2404 1919 2474 profundius
1967 2422 2146 2462 sermo

2134 2423 2146 2462 ι
2247 2407 2344 2463 tat,
2396 2399 2491 2455 sed
2520 2401 2575 2455 in
2608 2401 2835 2456 Domino
2879 2403 3144 2470 amicum,
3175 2417 3275 2457 non
3317 2411 3474 2457 tamen
3499 2402 3571 2471 qui
3609 2401 3724 2456 inter-

561 2493 662 2547 iste
687 2493 977 2565 signiﬁcet,
1008 2504 1068 2549 ut
1099 2493 1457 2567 intelligamus
1486 2495 1706 2566 angelos
1736 2496 1852 2562 Dei,
1892 2497 2149 2553 Ecclesiis
2248 2490 2416 2547 merit
2443 2493 2612 2549 labori
2639 2493 2759 2564 eius
2788 2502 2883 2549 aut
2926 2495 3253 2567 captivitati.
3282 2493 3461 2565 (Origi)
3482 2493 3561 2549 Cui
3590 2507 3726 2561 mnin-

563 2582 654 2649 qui
685 2593 948 2652 prmsunt,
976 2581 1170 2640 offerre
1198 2584 1436 2655 singulos
1467 2601 1708 2655 quosque
1739 2587 2008 2656 primitias
2036 2588 2147 2644 Deo
2249 2584 2329 2639 vis
2359 2586 2492 2640 nihil
2538 2587 2814 2658 egregium
2868 2600 2979 2657 prae
3030 2588 3239 2644 caneris
3281 2588 3332 2642 in
3377 2586 3511 2641 laude
3549 2586 3727 2639 videatur

565 2687 632 2726 ex
661 2672 743 2727 his
788 2672 879 2742 qui
919 2673 1186 2739 credunt;
1242 2674 1493 2744 primitia:
1521 2685 1701 2731 autem
1748 2677 1889 2746 apud
1921 2677 2148 2747 illosiu-
2249 2676 2548 2742 ascribere,
2580 2686 2761 2733 tamen
2816 2678 2920 2733 hoc
2969 2678 3090 2748 ipso
3126 2678 3265 2748 quod
3309 2677 3511 2732 dilectus
3532 2684 3599 2729 est
3630 2674 3723 2726 Pau-

561 2763 810 2819 dicentur
836 2781 943 2819 non
971 2765 1025 2819 in
1055 2765 1139 2820 his
1165 2765 1256 2834 qui
1284 2773 1524 2835 tempore
1552 2766 1713 2837 primi
1756 2775 1905 2833 sunt,
1930 2769 2026 2823 sed
2054 2770 2147 2839 qui
2250 2766 2323 2833 lo,
2351 2767 2638 2824 laudabilis
2679 2776 2734 2824 et
2759 2768 3089 2824 salutatione
3132 2769 3317 2839 dignus
3359 2763 3569 2822 edicitur.
3610 2760 3723 2816 Sabi-

564 2852 852 2907 virtutibus
879 2862 934 2908 et
955 2854 1162 2909 meritis
1189 2854 1542 2924 praecellunt:
1587 2871 1817 2925 quorum
1845 2859 2025 2914 sciens
2051 2874 2150 2930 per
2250 2869 2356 2914 tate
2413 2857 2685 2913 Urbanum
2726 2899 2741 2925 ,
2797 2859 3098 2928 adiutorem
3148 2872 3313 2911 meum
3369 2858 3419 2909 in
3468 2854 3657 2913 Christo.
3691 2860 3723 2901 et

564 2944 825 3017 Spiritum
846 2944 1044 3001 Paulus
1065 2945 1383 3003 electionem
1400 2962 1529 3019 erga
1549 2949 1907 3019 Ephenetum,
1929 2960 1985 3006 et
2005 2952 2149 3021 quod
2254 2949 2489 3021 Stachyn
2542 2950 2788 3004 dilectum
2846 2964 3044 3003 meum.
3096 2946 3164 3003 Et
3221 2947 3346 3002 istos
3395 2945 3443 2998 in
3490 2940 3728 2998 salutatione

561 3038 737 3107 ipsum
767 3052 833 3092 ex
858 3037 1004 3093 omni
1033 3037 1270 3093 ﬁdelium
1310 3054 1535 3095 numero
1577 3040 1669 3109 qui
1721 3043 1969 3098 erantin
2019 3042 2150 3099 Asia
2198 3113 2202 3114 ν
2252 3041 2565 3114 coniungit,
2635 3042 2729 3098 sed
2800 3040 3082 3097 Urbanum
3145 3042 3199 3095 in
3249 3039 3470 3095 laudibus
3523 3033 3725 3106 przewlit.

561 3128 751 3185 electio
773 3128 1039 3184 invenerit
1064 3129 1398 3199 angelorum,
1428 3130 1716 3200 appellavit
1736 3146 1859 3186 eum
1882 3134 2147 3204 primitias
2174 3113 2222 3177 Ο
2252 3133 2400 3189 illum
2452 3113 2596 3189 enim
2648 3130 2952 3201 adiutorem
3015 3133 3071 3187 in
3122 3130 3362 3195 Christo,
3412 3127 3603 3195 Stachyn
3639 3135 3729 3175 vero

563 3217 722 3271 Asiw.
756 3214 863 3272 Sed
885 3218 1019 3271 etin
1047 3216 1402 3288 aliaEpistola
1425 3220 1556 3274 dicit
1588 3218 1655 3276 de
1675 3222 1994 3292 quibusdam
2023 3226 2149 3293 quia
2250 3224 2500 3279 dilectum
2558 3223 2927 3277 tantummodo
2985 3222 3114 3287 sibi,
3176 3221 3313 3275 sicut
3352 3217 3622 3288 Ampliatunt
3665 3226 3727 3264 no-

563 3305 666 3358 sint
696 3306 943 3374 primitia:
963 3304 1470 3379 Achaiaz;eamdem
1491 3310 1817 3365 sacramenti
1840 3312 1959 3366 sine
1986 3313 2149 3368 dubio

568 3394 830 3448 rationem
859 3395 1019 3449 etiazn
1050 3395 1105 3449 in
1160 3395 1265 3451 illis
1289 3397 1577 3467 aspiciens.
1610 3397 1850 3454 Salutate
1896 3400 2146 3468 Mariam,

563 3503 679 3557 qua:
701 3486 920 3540 multum
943 3484 1194 3540 laboravit
1218 3487 1272 3539 in
1301 3486 1461 3541 vobis.
1485 3486 1689 3561 (Amb.)
1712 3488 2030 3546 Commonet
2052 3493 2150 3547 hos

563 3577 780 3632 nomine
821 3575 1021 3643 Mariae,
1051 3592 1213 3647 quam
1245 3577 1594 3649 intelligimus
1620 3580 1688 3635 ad
1715 3583 2149 3638 exhortationem

564 3669 773 3723 illorum
821 3667 1114 3737 impensius
1152 3667 1445 3734 laborasse,
1494 3671 1779 3740 utgratias
1833 3671 1904 3725 illi
1937 3684 2144 3742 agant;

566 3757 764 3829 (θήρ.)
796 3765 851 3812 et
891 3758 1048 3811 (locet
1087 3756 1284 3813 debere
1310 3758 1477 3812 etiam
1519 3756 1751 3815 feminas
1783 3758 2031 3814 laborare
2051 3776 2150 3830 pro

570 3846 823 3903 Erclesiis
851 3844 966 3901 Dei.
1028 3844 1163 3901 Nam
1193 3855 1250 3902 et
1305 3846 1571 3912 laborant,
1598 3863 1719 3903 cum
1753 3850 1949 3903 docent
1973 3850 2151 3905 adole-

567 3938 841 3995 scentulas
862 3936 1071 3992 sobrias
1099 3951 1238 4002 esse,
1276 3935 1501 4006 diligere
1526 3938 1694 4004 viros,
1726 3938 1863 3993 lilios
1885 3940 2149 4005 enutrirc,

568 4031 793 4100 pudicas
822 4044 962 4094 esse,
1010 4038 1211 4093 castas,
1258 4027 1476 4082 domum
1516 4027 1652 4083 bene
1686 4037 1952 4098 regentes,
2002 4029 2152 4085 beni-

563 4136 716 4192 gnas,
749 4119 993 4176 subditas
1016 4118 1149 4173 viris
1192 4118 1326 4184 suis,
1354 4118 1586 4188 hospitio
1633 4118 1892 4188 recipere,
1939 4131 2153 4174 sancto-

567 4226 685 4265 rum
735 4210 895 4280 pedes
938 4209 1142 4273 lavare,
1172 4217 1230 4264 et
1251 4217 1446 4263 cmtera
1490 4208 1671 4264 omnia
1717 4224 1837 4279 quae
1865 4209 1932 4264 de
1957 4206 2152 4266 ciliciis

568 4302 855 4357 mulierum
903 4302 1103 4371 scripta
1136 4298 1467 4364 referuntur,
1500 4300 1553 4354 in
1580 4300 1726 4354 omni
1754 4316 1951 4371 genere
1987 4302 2152 4356 casti-

566 4396 713 4450 tatis.
745 4393 986 4450 Salutate
1005 4392 1363 4447 Andronicum
1382 4400 1428 4446 et
1451 4391 1668 4446 Iuniam
1690 4402 1936 4462 cognatos
1960 4404 2006 4446 et
2032 4409 2154 4446 con-

570 4488 797 4557 captivos
838 4502 1001 4551 meos,
1050 4485 1140 4555 qui
1186 4494 1309 4538 sunt
1362 4483 1557 4537 nobiles
1588 4485 1643 4537 in
1686 4484 1958 4554 apostolis,
1987 4484 2078 4554 qui
2104 4494 2151 4538 et

569 4588 690 4632 ante
720 4577 931 4646 fuerunt
988 4576 1043 4630 in
1090 4573 1315 4629 Christo.
1369 4572 1602 4645 (Arnim)
1652 4572 1762 4630 llos
1810 4584 2070 4645 cognatos
2103 4586 2159 4629 et

561 4664 716 4737 iuxta
763 4681 1002 4730 carnem,
1052 4674 1107 4719 et
1161 4665 1456 4721 secundum
1495 4665 1764 4734 spiritum,
1789 4666 2061 4735 quomodo
2103 4676 2160 4722 et

567 4758 790 4829 angelus
818 4756 953 4812 dixit
991 4757 1059 4811 ad
1084 4755 1343 4809 Mariam:
1378 4754 1446 4808 Et
1480 4772 1595 4809 ecce
1632 4756 1902 4810 Elisabeth
1935 4768 2157 4828 cognata

570 4859 684 4916 tua,
706 4859 761 4905 ct
782 4858 1001 4915 caetera,
1033 4863 1169 4919 quos
1193 4848 1358 4902 etiam
1389 4847 1647 4916 apostolis
1690 4849 1966 4916 prioribus
2007 4851 2161 4906 obse-

571 4951 727 4998 cutes
753 4957 875 4997 cum
908 4940 1215 4995 testimonio
1260 4939 1342 4993 sui
1389 4938 1645 5003 declarat,
1676 4948 1733 4994 et
1773 4955 1960 4994 secum
1992 4942 2162 5010 capti-

575 5037 797 5090 vitatem
825 5050 1014 5106 passus
1042 5032 1165 5088 ﬁdei
1192 5047 1378 5098 causa,
1413 5032 1641 5101 ideoque
1671 5032 1804 5087 istos
1833 5032 2042 5103 plenius
2067 5036 2163 5089 ho-

575 5126 865 5181 norandos.
901 5122 1097 5196 (0rig.)
1142 5122 1217 5177 De
1268 5123 1463 5194 quibus
1512 5122 1768 5193 possibile
1812 5133 1916 5190 est,
1948 5132 2003 5178 et
2031 5124 2159 5180 illud

577 5218 820 5291 intelligi,
846 5219 988 5289 quod
1040 5216 1286 5273 fortassis
1327 5234 1392 5273 ex
1437 5218 1542 5273 illis
1571 5217 1910 5288 septuaginta
1954 5216 2164 5273 duobus

572 5313 750 5382 quiet
790 5311 889 5382 ipsi
920 5311 1148 5381 apostoli
1198 5311 1459 5365 nominati
1502 5317 1627 5365 sunt
1673 5308 1897 5375 fuerint,
1940 5317 1996 5363 et
2038 5308 2159 5365 ideo

576 5405 784 5460 nobiles
810 5419 903 5459 eos
934 5404 987 5458 in
1015 5402 1272 5474 apostolis
1309 5402 1474 5466 dicat,
1495 5413 1550 5457 et
1574 5401 1629 5456 in
1666 5401 1750 5456 bis
1772 5401 2030 5470 apostolis
2068 5400 2161 5471 qui

576 5501 702 5547 ante
738 5510 861 5549 eum
891 5493 1128 5548 fuerunt.
1161 5490 1268 5548 Sed
1294 5500 1350 5546 et
1379 5490 1507 5546 illud
1546 5506 1633 5546 me
1664 5500 1842 5545 movet
1894 5491 2035 5561 quod
2063 5491 2157 5556 ait,

575 5584 900 5651 concaptiros
930 5600 1069 5637 meos
1090 5596 1108 5635 :
1131 5596 1250 5653 qua:
1277 5583 1421 5637 enim
1457 5590 1576 5636 erat
1599 5581 1748 5636 Pauli
1778 5581 2081 5651 captivitas,
2106 5580 2160 5635 in

574 5683 682 5740 qua
711 5669 812 5725 sibi
856 5672 1016 5726 etiam
1050 5672 1414 5727 Andronicum
1461 5681 1516 5727 et
1556 5669 1769 5727 Juniam
1817 5672 2161 5739 concaptivos

2250 3312 2504 3378 minavit;
2530 3309 2744 3379 adiutor
2769 3320 2949 3365 autem
2972 3310 3214 3381 Apostoli
3242 3311 3294 3364 in
3321 3308 3512 3365 Christo
3530 3320 3611 3357 non
3630 3298 3728 3353 aliud

2251 3403 2567 3474 intelligitur
2595 3417 2760 3471 quam
2811 3402 3096 3472 apostolici
3131 3400 3308 3471 operis
3342 3397 3587 3469 particeps.
3619 3388 3729 3444 Sals-

2249 3504 2356 3548 tate
2400 3492 2631 3564 Apellem
2672 3484 2892 3562 probum
2921 3493 2977 3546 in
3004 3490 3233 3547 Christo.
3269 3490 3396 3545 Puto
3421 3487 3540 3542 hunc
3558 3478 3730 3551 Apellen!

2248 3597 2347 3653 per
2378 3583 2576 3637 multas
2602 3581 2973 3637 tribulationes
3002 3581 3264 3638 transisse
3281 3579 3534 3651 patienter,
3559 3581 3600 3628 et
3622 3568 3731 3625 forti-

2250 3680 2334 3728 ter
2374 3671 2713 3736 sustinuisse,
2760 3680 2815 3725 et
2860 3670 2981 3725 ideo
3024 3671 3415 3742 pronuntiatum
3454 3669 3513 3720 ab
3549 3658 3734 3731 Apostolo

2248 3764 2467 3834 probum
2490 3804 2505 3829 ,
2538 3763 2831 3818 secundum
2858 3777 2923 3817 ea
2951 3776 3076 3832 quae
3106 3763 3218 3832 ipse
3248 3763 3298 3816 in
3326 3760 3437 3815 aliis
3466 3755 3577 3813 dixit
3603 3751 3729 3823 (lion.

2249 3858 2306 3924 ν)
2333 3870 2346 3906 :
2377 3854 2502 3924 quia
2526 3850 2795 3906 tribulatio
2818 3852 3124 3922 patientiam
3154 3860 3405 3921 operatur,
3428 3844 3628 3918 patientia
3643 3852 3729 3891 rm

2250 3944 2625 4015 probationem,
2648 3944 2883 4013 probatio
2904 3956 3024 3998 vero
3041 3960 3202 4013 spem.
3251 3938 3514 3997 Videndum
3535 3947 3634 3990 sane
3650 3938 3727 3990 est.

2252 4050 2319 4091 ne
2367 4033 2507 4091 forte
2548 4036 2663 4105 ipse
2704 4035 2776 4091 sit
2814 4035 2904 4090 hic
2950 4035 3045 4105 qui
3090 4036 3143 4089 in
3196 4033 3405 4089 Actibus
3458 4024 3732 4098 apostolorum

2251 4128 2442 4199 Apollo
2469 4129 2798 4193 nominatur,
2823 4126 3242 4192 Alexandrinus,
3264 4126 3314 4180 in
3336 4119 3586 4193 Scripturis
3601 4110 3733 4170 erudi-

2252 4225 2359 4273 tus.
2391 4217 2631 4273 Salutate
2652 4234 2737 4272 eos
2750 4218 2839 4287 qui
2852 4226 2973 4271 sunt
2994 4232 3062 4271 ex
3073 4214 3352 4271 Aristobuli
3368 4214 3519 4267 domo.
3538 4204 3733 4274 Quoniam

2254 4309 2387 4365 nihil
2414 4311 2588 4366 otiose
2620 4310 2674 4364 in
2701 4309 2896 4364 litteris
2923 4308 3192 4380 Apostoli,
3222 4306 3304 4363 vel
3329 4304 3544 4366 additur,
3567 4297 3633 4350 vel
3658 4292 3732 4346 uti.

2258 4404 2443 4458 nuitur
2466 4444 2482 4470 ,
2525 4403 2662 4459 istos
2690 4402 2781 4472 qui
2827 4412 2954 4457 sunt
2980 4402 3066 4457 vel
3106 4402 3174 4457 de
3199 4401 3369 4463 domo,
3394 4396 3467 4450 vel
3499 4393 3553 4448 de
3585 4384 3734 4442 familia

2256 4494 2571 4558 Aristobuli,
2598 4510 2704 4549 non
2733 4493 2934 4549 frustra
2958 4508 3135 4563 neque
3156 4492 3387 4555 dilectos,
3408 4498 3557 4555 neque
3573 4477 3732 4551 probos,

2258 4598 2433 4653 neque
2455 4582 2730 4652 adiutores
2759 4583 2813 4637 in
2857 4582 3077 4638 Christo
3105 4582 3362 4644 nominat,
3389 4577 3473 4633 sed
3499 4574 3612 4627 forte
3643 4565 3732 4635 qui“

2260 4673 2397 4729 nihil
2447 4674 2555 4729 tale
2602 4674 2872 4729 habebant
2901 4674 2954 4728 iu
2988 4674 3217 4739 meritis,
3258 4671 3443 4726 idcirco
3477 4678 3556 4721 eos
3580 4659 3667 4716 solo
3687 4655 3733 4708 li-

2262 4765 2377 4820 tulo
2403 4764 2744 4819 salutationis
2779 4764 3088 4819 honoravit.
3122 4759 3341 4834 (Ambr.)
3364 4752 3642 4813 Aristobulus
3663 4748 3734 4800 iste

2260 4866 2617 4928 congregator
2667 4854 2835 4911 fuisse
2880 4854 3195 4925 intelligitur
3221 4852 3430 4907 fratrum
3465 4848 3511 4901 in
3541 4840 3741 4928 Christe!

2262 4927 2414 5016 cuius
2446 4947 2645 4999 factum
2682 4946 2761 4999 sic
2809 4946 3020 5015 probat,
3075 4953 3131 4998 ut
3155 4958 3245 4998 eos
3281 4953 3405 5011 quos
3430 4927 3732 5025 congrestbflv

2262 5014 2453 5105 dignos
2500 5033 2825 5089 salutatione
2854 5050 2950 5087 sua
2988 5034 3247 5105 designet.
3286 5022 3500 5083 Salutate
3538 5014 3731 5074 Herodia-

2262 5142 2378 5181 nem
2423 5136 2697 5198 cognatum
2748 5140 2939 5179 meum.
2982 5122 3178 5198 (0rig.)
3220 5123 3284 5177 Et
3329 5120 3429 5184 hic,
3471 5111 3669 5198 similiter
3693 5111 3734 5155 ut

2261 5196 2601 5272 Andronicus
2623 5223 2676 5271 et
2693 5213 2871 5281 «lunia,
2889 5196 3147 5285 cognatus
3172 5211 3313 5268 Pauli
3337 5207 3513 5264 dicitur
3536 5218 3547 5254 :
3571 5196 3644 5254 sed

2262 5325 2367 5380 que
2398 5308 2749 5378 concaptivus
2789 5306 2867 5362 uti
2917 5281 3016 5371 illi,
3045 5316 3217 5374 neque
3242 5298 3424 5355 nobilis
3448 5296 3492 5349 in
3521 5281 3731 5380 apostolis

2266 5377 2319 5452 in
2346 5398 2429 5453 bis
2448 5398 2539 5468 qui
2560 5377 2684 5451 ante
2703 5396 2928 5451 Paulum
2957 5394 3167 5450 fuerunt
3187 5393 3239 5446 in
3253 5388 3465 5449 Christo,
3481 5377 3729 5435 nominatur-

2267 5489 2421 5544 Unde
2458 5488 2859 5559 intelligendum
2891 5494 2975 5541 est
3011 5486 3167 5541 etiam
3199 5485 3251 5538 in
3285 5480 3365 5536 his
3390 5490 3509 5548 quos
3542 5470 3732 5559 ωςηιιίβ

2266 5595 2394 5636 suos
2417 5578 2612 5634 Paulus
2642 5558 2916 5648 appellat,
2960 5588 3080 5631 esse
3100 5572 3316 5629 multam
3350 5559 3648 5623 diﬂ‘eﬂntiam
3672 5558 3730 5648 st-

2268 5671 2502 5725 cundum
2540 5647 2799 5734 illam,ut
2836 5682 2937 5736 ego
2965 5666 3217 5728 arbitror,
3241 5659 3502 5718 rationem,
3519 5655 3646 5718 quam
3666 5647 3730 5690 ⁵¹¹⁴
