4026 6180
336 322 360 386 l
373 321 476 388 609

842 318 1390 383 ENARRATlONUH
1431 320 1498 377 ΙΝ
1535 321 1685 378 ΕΡΡ.
1727 316 1929 380 PAUL’l
1968 320 2095 377 [ΑΒ.
2142 311 2269 376 Vill.
2309 354 2378 362 -—
2414 321 2483 378 IN
2521 316 2735 381 EPIST.
2774 317 2866 381 AD
2903 310 3069 379 ROll.

3438 310 3579 380 4le

337 445 519 515 peritis
560 439 769 511 aperire
800 438 1139 492 tentavimns.
1175 435 1414 490 Salutate
1446 451 1532 489 eos
1560 436 1649 505 qui
1693 445 1813 488 sunt
1845 451 1908 488 ea:
1936 445 1982 495 Λ
2010 436 2271 502 nitentitn,
2303 452 2335 491 a
2363 453 2471 508 quo
2500 447 2738 507 tempore
2766 446 3068 507 opportuno
3113 432 3327 494 Christo
3368 443 3584 494 rursum

343 522 582 588 Narcissi
608 529 763 581 domo
806 528 893 597 qui
922 536 1041 578 sum
1069 526 1120 577 in
1150 524 1394 577 Domino.
1427 522 1659 594 (Aulim)
1689 523 1905 577 Narcis-

337 639 429 678 sus
458 623 544 676 hic
576 619 665 675 illo
696 630 933 688 tempore
974 617 1256 685 presbyter
1287 614 1483 669 dicitur
1525 612 1690 667 fuisse
1713 651 1728 675 ,
1770 602 1918 665 sicut

336 701 533 779 legitur
565 712 619 766 in
654 705 772 763 aliis
804 708 1097 769 codicibus,
1133 715 1187 758 et
1211 705 1337 774 quia
1370 719 1608 773 praesens
1637 720 1742 757 non
1766 712 1904 765 erat,

336 801 532 853 videtis
574 813 678 868 qua
709 812 869 851 causa
900 811 994 849 eos
1023 795 1074 848 in
1103 794 1330 847 Domino
1362 793 1558 847 salutet
1584 800 1642 846 ut
1668 800 1906 854 sanctos,

334 894 427 961 qui
458 907 523 945 ex
549 891 664 959 cjus
688 896 844 941 erant
870 888 1048 941 domo.
1067 885 1308 953 lliccrgo
1330 884 1612 937 Narcissus
1628 884 1911 953 presbyter

333 979 603 1049 peregrini
646 975 819 1029 officio
874 974 1229 1043 fungebatur,
1295 972 1760 1026 exhortationibus
1820 971 1909 1024 lir-

335 1087 489 1124 tnaus
515 1073 828 1130 cretlentes,
863 1076 915 1119 et
951 1066 1205 1135 quoniam
1253 1082 1357 1119 non
1393 1067 1597 1120 sciebat
1623 1066 1909 1135 Apostolus

336 1161 529 1214 merita
563 1159 774 1211 illorum
811 1157 901 1226 qui
958 1173 1078 1210 cum
1116 1156 1205 1209 illo
1234 1154 1469 1220 fuerant,
1489 1156 1568 1209 sic
1597 1156 1733 1209 dixit
1763 1173 1775 1208 :
1810 1154 1911 1210 Sa-

331 1250 496 1302 lutate
522 1266 607 1303 cos
636 1248 729 1318 qui
756 1257 873 1300 sunt
897 1263 962 1299 ex
993 1246 1233 1298 Narcissi
1256 1245 1411 1297 domo
1439 1247 1491 1298 iu
1513 1246 1736 1297 Domino
1762 1286 1775 1309 ,
1809 1246 1909 1300 hoc

331 1350 439 1403 est,
475 1354 612 1409 quos
652 1339 803 1392 scitis
823 1352 942 1391 esse
971 1336 1163 1406 dignos
1190 1350 1256 1389 ex
1285 1336 1368 1389 bis
1409 1336 1731 1388 salutatione
1768 1342 1905 1399 mea,

332 1432 424 1499 qui
456 1432 506 1484 in
533 1430 759 1482 Domino
803 1436 1101 1496 posuerunt
1146 1442 1292 1494 spem
1324 1441 1499 1489 suam,
1534 1426 1653 1480 illos
1680 1426 1909 1479 salutate

334 1523 552 1575 nomine
578 1536 716 1575 meo.
738 1519 978 1574 Salutate
999 1517 1340 1586 Trypha'nam
1366 1525 1413 1569 et
1435 1515 1775 1585 Tryphosam,
1792 1533 1909 1585 qua:

332 1610 572 1662 laborant
598 1611 650 1662 in
681 1608 926 1660 Domino.
955 1603 1151 1675 (Orig)
1178 1604 1383 1658 Bonum
1411 1605 1477 1657 de
1516 1605 1601 1659 his
1639 1607 1730 1659 (lat.
1757 1607 1909 1661 testi-

331 1698 570 1750 monium
603 1738 616 1759 ,
669 1710 895 1766 quarum
947 1694 1183 1747 laborem
1240 1709 1343 1747 non
1390 1694 1549 1763 hujus
1585 1696 1767 1749 mundi
1809 1712 1907 1750 ne»

2009 530 2233 583 deberet
2263 527 2463 583 oll‘erri.
2506 528 2823 598 lntelligitnr
2851 535 3031 580 autem
3070 527 3213 595 quod
3247 527 3405 581 simul
3435 528 3586 582 babi—

2010 625 2261 672 taverunt
2298 619 2352 672 bi
2372 660 2385 681 ,
2417 633 2644 687 quorum
2675 617 2930 671 salutatio
2975 617 3181 671 sociata
3213 624 3315 671 est.
3349 614 3588 672 Salutate

2012 705 2342 775 Philologum
2355 707 2639 771 etluliam,
2663 707 2887 761 Nercum
2899 717 2947 759 et
2968 722 3199 767 sororem
3315 705 3430 775 ejus
3526 717 3577 760 et

2012 798 2397 867 Olympiaden,
2437 809 2485 852 et
2537 815 2712 852 omnes
2760 802 2848 869 qui
2898 812 3015 851 cum
3063 799 3138 851 eis
3188 806 3308 852 sunt
3358 804 3583 850 satietas.

2011 891 2030 962 (
2047 891 2267 961 Anthr.)
2316 891 2379 944 Hi
2429 907 2616 945 omnes
2661 892 2943 945 unanimes
2991 890 3357 959 intelliguntur
3391 887 3585 950 fuisse,

2011 995 2147 1049 quos
2167 981 2273 1035 hac
2297 996 2459 1034 causa
2490 981 2646 1034 simul
2676 982 2907 1043 salutat,
2957 990 3185 1048 quorum
3229 978 3480 1033 meritum
3519 993 3585 1030 ex

2013 1074 2096 1128 bis
2143 1073 2232 1141 qui
2277 1073 2435 1127 simul
2472 1088 2593 1126 cum
2633 1074 2712 1126 eis
2757 1080 2913 1126 erant
2961 1071 3326 1141 dignoscitur;
3371 1078 3587 1124 sanatos

2009 1167 2152 1220 enim
2180 1175 2452 1234 nuncupat
2479 1180 2595 1227 eos,
2618 1172 2676 1217 ut
2700 1165 2893 1217 merito
2921 1163 3039 1215 illos
3062 1162 3295 1217 salutare
3324 1162 3583 1215 videatur.

2013 1256 2208 1326 (0rig.)
2255 1255 2436 1310 Potest
2479 1254 2592 1308 limi
2640 1263 2696 1307 ut
2747 1253 3050 1322 Philologus
3079 1261 3135 1306 et
3167 1252 3303 1305 Julia
3332 1251 3589 1319 conjuges

2011 1345 2231 1408 fuerint,
2274 1345 2454 1398 casteri
2500 1343 2780 1397 domestici
2825 1356 3041 1405 eorum,
3086 1341 3151 1395 ad
3193 1356 3327 1410 quos
3363 1341 3586 1409 simplex

2012 1435 2267 1489 salutatio
2299 1435 2568 1504 dirigitur.

2081 1524 2320 1579 Salutate
2355 1526 2567 1578 invicem
2596 1526 2649 1579 in
2679 1524 2856 1578 osculo
2886 1534 3085 1577 sancto.
3123 1522 3357 1594 (Ambr.)
3392 1521 3591 1577 Omnes

2011 1613 2206 1681 quibus
2233 1614 2422 1667 scribit
2445 1624 2499 1667 et
2523 1630 2659 1683 quos
2688 1614 2928 1667 nominat
2952 1612 3105 1680 jubet
3142 1612 3379 1667 salutare
3413 1625 3472 1666 se
3509 1612 3591 1666 in-

2012 1705 2182 1757 vicem
2216 1705 2267 1758 in
2298 1706 2481 1760 osculo
2508 1715 2717 1769 sancto,
2743 1705 2794 1758 id
2820 1713 2935 1769 est,
2963 1705 3015 1758 in
3053 1719 3184 1774 pace
3210 1702 3413 1759 Christi
3434 1744 3447 1765 ,
3483 1718 3589 1757 non

328 1804 436 1855 que
480 1786 781 1842 communis
819 1776 964 1849 vitae,
1006 1784 1102 1838 sed
1146 1784 1200 1837 in
1234 1784 1459 1838 Domino
1486 1798 1604 1839 esse
1635 1793 1903 1850 testatur;

2015 1796 2065 1848 in
2090 1796 2356 1851 desiderio
2384 1798 2581 1861 carnis,
2609 1799 2704 1852 sed
2726 1798 2780 1851 in
2804 1796 3004 1865 Spiritu
3027 1805 3236 1863 sancto,
3262 1806 3321 1852 ut
3343 1798 3589 1866 religiosa

329 1876 485 1933 multi
547 1877 691 1932 enim
743 1875 1032 1940 laborant,
1079 1876 1174 1930 sed
1227 1892 1332 1930 non
1382 1876 1620 1929 omnium
1668 1875 1907 1930 laborem

326 1977 548 2023 constat
594 1984 715 2023 esse
756 1969 807 2022 in
846 1969 1095 2023 Domino.

402 2057 639 2113 Salutate
668 2056 930 2112 Persidem
958 2059 1340 2119 charissimam,
1370 2075 1487 2128 qum
1521 2057 1742 2112 multum
1767 2057 1912 2112 labo-

326 2150 460 2201 ravit
490 2148 541 2203 in
569 2148 807 2201 Domino.
841 2145 1070 2216 (Ambr.)
1107 2148 1210 2200 lsta
1249 2148 1549 2217 anteposita
1588 2147 1798 2201 videtur
1819 2164 1910 2203 sn-

322 2255 424 2310 pra
458 2240 635 2301 dictis,
667 2239 791 2308 quia
822 2238 1045 2292 multum
1077 2238 1339 2293 laboravit
1378 2240 1429 2293 in
1456 2239 1719 2294 Domino:
1761 2239 1912 2301 labor

324 2330 417 2386 hic
449 2330 499 2384 in
529 2328 901 2386 exhortatione
929 2334 1031 2393 cSt,
1064 2339 1118 2383 et
1154 2329 1205 2382 in
1243 2329 1543 2387 ministerio
1573 2343 1906 2399 sanctarum,

323 2432 383 2476 et
415 2422 466 2474 in
493 2433 764 2493 pressura,
798 2427 852 2472 et
877 2418 930 2470 in
960 2428 1196 2491 egestate
1218 2430 1436 2492 propter
1460 2424 1753 2487 Cluistutn,
1782 2425 1909 2494 quia

323 2514 518 2568 domus
553 2529 678 2567 suas
706 2512 1084 2580 relinquebant
1125 2513 1309 2582 fugati,
1343 2522 1397 2567 et
1436 2514 1725 2583 opprobrio
1755 2523 1911 2570 erant

323 2605 524 2660 infidis.
549 2603 785 2659 Salutate
808 2604 1007 2673 Rufum
1034 2603 1251 2659 electura
1274 2607 1329 2658 in
1357 2604 1598 2669 Domino,
1623 2614 1670 2659 et
1691 2614 1908 2660 matrem

321 2696 441 2764 ejus
470 2705 517 2749 et
555 2710 723 2748 meam
750 2709 768 2745 :
810 2694 929 2748 ideo
976 2695 1137 2769 istum
1181 2693 1377 2747 Rufum
1424 2695 1706 2763 proposuit
1748 2697 1908 2750 matri

324 2796 548 2859 propter
580 2787 898 2843 electionem
939 2786 1421 2843 administrationis
1463 2787 1649 2856 gratia:
1683 2786 1813 2852 Dei,
1853 2788 1907 2841 in

322 2895 434 2948 quo
461 2878 654 2932 mulier
680 2876 857 2931 locum
884 2892 987 2931 non
1017 2877 1176 2931 habet
1201 2891 1218 2942 ;
1261 2877 1462 2931 electus
1506 2878 1649 2932 enim
1686 2884 1824 2940 erat,
1853 2876 1909 2931 id

323 2977 433 3033 εει,
463 2978 743 3039 promotus
762 2984 792 3022 a
826 2970 1051 3024 Domino
1079 2970 1145 3022 ad
1176 2983 1265 3024 res
1288 2968 1404 3036 ejus
1432 2970 1686 3039 agendas.
1709 2966 1907 3041 (θήρ.)

329 3049 557 3116 Matrem
608 3070 787 3115 tamen
833 3069 941 3114 tam
978 3071 1218 3115 sanctam
1266 3060 1484 3124 habuit,
1523 3070 1581 3115 ut.
1621 3060 1908 3130 Apostolus

322 3164 477 3205 suam
511 3164 722 3219 quoque
744 3159 968 3204 matrem
990 3151 1131 3204 banc
1154 3160 1388 3205 vocaret.
1418 3150 1534 3204 Non
1559 3161 1689 3220 puto
1711 3151 1763 3205 in
1790 3152 1908 3206 istis

324 3237 742 3293 salutationibus
792 3238 1025 3292 inaniter
1069 3236 1182 3291 fieri
1232 3253 1328 3308 per
1377 3238 1615 3308 singulos
1667 3255 1909 3309 quosque

322 3324 506 3387 iaudis
526 3335 579 3381 et
607 3328 940 3381 salutationis
959 3328 1315 3383 differentiam
1342 3348 1355 3383 :
1382 3330 1471 3398 qui
1499 3331 1641 3385 enim
1665 3331 1767 3385 scit
1785 3332 1910 3399 quia

322 3418 575 3473 Christus
602 3418 834 3488 loquitur
860 3420 911 3473 in
941 3408 1127 3481 Paulo,
1166 3430 1346 3475 certus
1380 3433 1464 3491 est
1498 3423 1639 3491 quod
1667 3438 1765 3492 pro
1794 3440 1907 3479 me-

321 3506 430 3561 rito
460 3507 598 3561 alius
626 3500 840 3576 quidem
867 3510 1066 3578 probus
1098 3509 1294 3563 dicitur
1320 3509 1389 3563 ab
1424 3525 1510 3576 eo,
1540 3512 1679 3566 alius
1706 3513 1911 3567 charis-

320 3599 493 3651 simus
522 3611 670 3662 esse,
702 3597 839 3651 alius
866 3598 1118 3653 laborans
1144 3600 1196 3652 in
1218 3599 1473 3663 Domino,
1509 3600 1648 3654 alius
1684 3601 1909 3654 multum

319 3688 579 3742 laborans
609 3688 663 3742 in
693 3689 943 3753 Domino,
974 3690 1111 3745 alius
1139 3690 1361 3745 electus.
1395 3691 1461 3744 Et
1495 3691 1583 3746 hic
1612 3691 1808 3755 Rufus,
1844 3693 1910 3747 de

319 3793 432 3846 quo
453 3792 554 3833 nec
576 3777 731 3833 nobis
748 3793 927 3833 sermo
942 3788 1047 3845 est,
1069 3781 1272 3836 electus
1291 3782 1347 3834 in
1372 3781 1600 3836 Domino
1622 3781 1907 3846 salutatur,

320 3867 510 3934 credo,
542 3870 683 3939 quod
712 3870 876 3923 sciret
903 3868 1099 3923 Paulus
1128 3886 1249 3925 esse
1286 3886 1408 3925 eum
1446 3872 1513 3927 de
1540 3888 1767 3927 numero
1801 3887 1907 3926 non

321 3961 614 4015 multorum
644 3962 734 4031 qui
772 3961 945 4015 vocati
980 3971 1144 4026 sunt,
1172 3963 1264 4017 sed
1291 3979 1584 4032 paucorum
1630 3965 1721 4033 qui
1750 3965 1907 4019 electi

320 4061 485 4115 Sillll;
531 4044 682 4121 cuius
710 4063 765 4108 et
803 4061 1029 4107 matrem
1070 4054 1200 4108 tanti
1246 4055 1423 4108 meriti
1461 4056 1668 4121 habuit,
1701 4066 1759 4110 ιιι
1787 4072 1907 4111 eam

322 4142 524 4199 l‘aulus
566 4156 716 4198 suam
769 4135 1126 4198 nominaverit
1164 4157 1422 4207 matrem,
1454 4156 1711 4217 cum’quo
1745 4148 1908 4201 etiam

322 4234 441 4304 ipse
486 4235 627 4289 sicut
668 4230 824 4288 Jesus
872 4250 992 4289 cum
1027 4231 1233 4288 Joanne
1265 4252 1429 4289 tinum
1474 4238 1676 4306 patitur
1722 4238 1910 4292 matris

321 4324 594 4380 allectum.
627 4324 866 4380 Salutate
908 4328 1248 4396 Asyncretum
1291 4326 1703 4399 [Asyncritum],
1752 4327 1910 4381 Phle-

320 4425 562 4486 gontam,
594 4414 862 4480 llermcm,
893 4413 1201 4479 Patrobam,
1234 4415 1482 4470 Hermum
1502 4429 1547 4471 et
1577 4418 1667 4489 qui
1691 4434 1805 4471 cum
1832 4418 1907 4472 eis

322 4519 445 4562 sunt
475 4509 681 4577 fratres.
720 4506 950 4578 (Ambr.)
980 4508 1088 4561 llos
1115 4509 1271 4561 simul
1304 4502 1521 4573 salutat,
1549 4510 1674 4578 quia
1706 4510 1911 4564 sciebat

322 4613 421 4653 eos
450 4614 568 4653 esse
592 4599 889 4653 concordes
919 4599 969 4651 in
996 4598 1239 4663 Christo,
1288 4599 1390 4653 hoc
1436 4608 1550 4663 est,
1592 4598 1809 4667 junctos
1854 4600 1907 4653 in

321 4689 618 4744 amicitiam
648 4689 1025 4753 Christianam,
1057 4691 1254 4744 salutat
1283 4690 1438 4743 simul
1470 4699 1524 4744 et
1550 4690 1780 4754 fratres,
1818 4691 1906 4759 qui

324 4791 486 4836 erant
517 4799 637 4836 cum
665 4782 763 4847 eis,
794 4798 1022 4853 quorum
1049 4784 1267 4837 nomina
1296 4782 1661 4851 prmtermisit.
1691 4782 1908 4852 (θήρ.)

324 4880 465 4930 l‘uta
500 4886 675 4929 tamen
709 4880 847 4947 quod
884 4878 1111 4933 llermas
1142 4879 1242 4932 iste
1273 4879 1344 4931 sit
1373 4878 1606 4946 scriptor
1642 4877 1802 4931 libelli
1842 4878 1909 4931 il-

326 4968 432 5019 lius
460 4965 547 5033 qui
578 4958 766 5020 Pastor
799 4966 1127 5035 appellatur,
1153 4982 1272 5043 qutc
1299 4966 1567 5035 scriptura
1596 4967 1752 5021 valde
1777 4968 1906 5020 mihi

324 5056 475 5108 utilis
504 5055 730 5120 videtur,
764 5062 818 5110 et
856 5064 915 5109 ut
958 5065 1089 5123 puto
1139 5056 1396 5110 divinitus
1445 5058 1741 5126 inspirata:
1784 5059 1905 5126 quia

326 5160 455 5199 vero
488 5142 618 5200 nihil
650 5144 698 5200 ei
735 5144 908 5201 laudis
933 5144 1217 5213 ascripsit,
1251 5145 1337 5199 illa
1358 5188 1372 5207 ,
1401 5148 1610 5215 opinor,
1641 5155 1722 5202 est
1748 5163 1909 5202 causa

324 5235 450 5304 quia
476 5237 705 5297 videtur,
739 5236 878 5289 sicut
902 5236 1168 5302 scriptura
1198 5234 1283 5287 illa
1311 5236 1566 5301 declarat,
1598 5246 1719 5305 post
1747 5238 1907 5291 multa

326 5335 547 5397 peccata
597 5327 663 5380 ad
703 5326 1073 5399 pmnitcntiam
1123 5322 1285 5378 fuisse
1320 5342 1647 5391 conversus,
1690 5338 1744 5380 et
1791 5328 1910 5381 ideo

254 5444 259 5448 ι
326 5431 503 5485 anue
562 5417 909 5486 opprobrium
955 5417 1001 5469 ei
1058 5417 1272 5485 aliquod
1330 5418 1581 5485 scripsit;
1647 5419 1909 5473 didicerat

324 5508 472 5561 enim
498 5509 568 5561 ab
601 5508 877 5574 Scriptura
912 5506 1102 5577 (Eccli.
1132 5508 1248 5577 vnt)
1275 5523 1377 5560 non
1405 5509 1773 5578 improperare
1808 5510 1907 5564 bo-

252 5600 253 5603 “
326 5595 459 5650 mini
510 5597 842 5651 convertenti
897 5611 956 5651 se
995 5611 1023 5648 a
1075 5605 1329 5663 peccato;
1372 5613 1545 5667 neque
1588 5598 1759 5653 laudis
1809 5599 1905 5654 ali-

324 5684 459 5754 quid
481 5683 690 5748 tribuit,
722 5685 848 5754 quia
886 5685 1062 5739 adbuc
1087 5686 1257 5751 posita
1296 5697 1411 5741 erat
1445 5690 1543 5744 sub
1579 5689 1767 5759 angelo
1795 5705 1907 5759 poc-

619 5777 893 5836 ΡΑτιιοι..
938 5776 1100 5838 CXI.

1938 3120 1981 3180 C

1940 4468 1986 4527 ι)

2012 1886 2119 1939 sint
2139 1887 2344 1949 oscula,
2377 1902 2482 1940 non
2510 1886 2764 1941 carnalia.
2792 1885 2973 1957 (Orig.
2996 1888 3014 1957 )
3039 1888 3116 1940 Ex
3143 1889 3245 1941 hoc
3273 1901 3521 1941 sermone
3539 1894 3594 1939 et

2010 1974 2130 2028 aliis
2154 1975 2426 2037 nonnullis
2446 1975 2712 2032 similibus
2737 1991 2854 2030 mos
2875 1976 3128 2031 Ecclesiis
3156 1977 3381 2030 traditus
3404 1984 3508 2039 est,
3533 1985 3593 2029 ut

2009 2074 2129 2135 post
2190 2067 2465 2123 orationes
2524 2067 2709 2121 osculo
2766 2080 2825 2122 se
2880 2068 3106 2121 invicem
3153 2067 3451 2135 suscipiant
3484 2066 3594 2119 fra-

2010 2168 2142 2212 tres.
2165 2157 2274 2213 Hoc
2298 2168 2477 2213 autem
2503 2158 2743 2213 osculum
2772 2168 3014 2214 sanctum
3036 2158 3265 2228 appellat
3281 2158 3588 2226 Apostolus,

2011 2263 2117 2322 quo
2145 2249 2362 2307 nomine
2394 2248 2518 2305 illud
2556 2250 2704 2320 dicit,
2733 2250 2938 2324 primo.
2979 2258 3036 2309 ut
3065 2259 3211 2317 casta
3243 2251 3347 2309 sint
3375 2251 3553 2311 oscula
3576 2296 3589 2315 ,

2009 2362 2129 2416 quae
2171 2349 2223 2401 in
2270 2347 2514 2403 ecclesiis
2560 2349 2794 2403 dantur:
2837 2348 3058 2407 deinde,
3093 2355 3154 2401 ut
3191 2347 3441 2402 simulata
3485 2365 3591 2402 non

2010 2439 2140 2505 sint,
2168 2440 2307 2494 sicut
2334 2439 2549 2494 fuerunt
2573 2438 2724 2494 Iudae
2748 2479 2763 2504 ,
2809 2440 2899 2509 qui
2929 2439 3172 2494 osculum
3204 2439 3367 2493 dabat
3398 2439 3555 2494 labiis
3574 2481 3589 2502 ,

2009 2538 2064 2585 et
2089 2530 2447 2599 proditionem
2474 2530 2635 2585 corde
2672 2532 2955 2585 tractabat.
2979 2530 3231 2586 Osculum
3259 2546 3387 2585 vero
3416 2530 3590 2595 fidele,

2008 2620 2219 2689 primo,
2256 2628 2317 2674 ut
2356 2620 2613 2685 diximus,
2650 2629 2858 2676 castum
2888 2622 2979 2686 sit,
3010 2629 3124 2677 tum
3149 2621 3378 2692 denique
3406 2634 3596 2693 pacem

2011 2707 2518 2778 simplicitatemque
2540 2710 2737 2765 habeat
2767 2711 2819 2763 in
2846 2710 3111 2765 cbaritate
3140 2726 3243 2765 non
3270 2710 3411 2766 ficta.
3438 2710 3597 2774 Salu-

2012 2807 2124 2850 tant
2159 2813 2242 2850 vos
2274 2814 2450 2852 omnes
2475 2797 2725 2852 Ecclesia:
2749 2798 2979 2853 Christi:
3002 2802 3243 2870 nunquid
3272 2817 3376 2856 non
3404 2803 3456 2856 in
3487 2817 3593 2856 una

2014 2888 2254 2944 Ecclesia
2286 2890 2494 2959 positus
2523 2891 2719 2946 Paulus
2744 2894 2845 2947 hoc
2868 2894 3097 2949 scribit?
3118 2904 3171 2949 et
3201 2896 3469 2965 quomodo
3500 2899 3593 2949 ve—

2012 2992 2133 3032 rum
2177 2987 2278 3043 est,
2328 2981 2470 3048 quod
2512 2982 2752 3035 omnium
2800 2983 2958 3037 simul
3003 2984 3349 3038 ecclesiarum
3396 2984 3596 3039 salutes

2016 3068 2271 3122 Romanae
2299 3071 2474 3123 mittat
2504 3070 2803 3126 Ecclesim?
2841 3075 2932 3127 sed
2960 3088 3058 3142 pro
3082 3088 3148 3127 eo
3175 3072 3472 3142 intelligere
3502 3073 3595 3126 de.-

2013 3157 2223 3222 bemus,
2257 3158 2337 3213 vel
2370 3160 2513 3228 quod
2540 3176 2677 3215 unus
2717 3162 2936 3230 spiritus
2987 3172 3107 3216 erat
3140 3162 3191 3215 in
3237 3160 3401 3217 Paulo
3436 3168 3598 3231 atqtte

2012 3248 2262 3303 omnibus
2284 3249 2527 3304 ecclesiis
2548 3250 2766 3308 Christi.
2785 3252 2869 3307 vel
2890 3252 3127 3308 salutare
3154 3253 3296 3307 dicat
3320 3268 3416 3321 per
3439 3252 3596 3306 fidem

2011 3347 2068 3392 et
2095 3338 2525 3409 spiritumjungi.
2544 3340 2772 3410 (Ambr.)
2794 3342 2970 3411 Etper
2990 3342 3091 3396 hoe
3114 3341 3431 3409 intelligitur
3462 3341 3590 3403 dici,

2013 3426 2252 3482 Ecclesia
2276 3443 2397 3496 qua:
2423 3442 2528 3482 non
2556 3428 2630 3483 sit
2653 3428 2875 3493 Cbristi,
2924 3430 3065 3483 unde
3095 3438 3149 3482 et
3176 3428 3343 3482 David
3373 3428 3588 3496 eonspi~

2012 3516 2274 3571 rationem
2304 3517 2610 3585 iniquorum
2636 3500 2938 3572 ecclesianl'
2963 3517 3367 3587 malignantium
3397 3526 3550 3570 vocat
3576 3534 3590 3568 :

2011 3608 2251 3662 omnium
2267 3624 2396 3677 ergo
2408 3610 2647 3664 locorum
2663 3608 2874 3662 illorum
2886 3608 3144 3663 ecclesias
3158 3607 3596 3663 diciteossaluta-

2013 3712 2090 3761 re,
2122 3707 2180 3751 ut
2210 3707 2462 3752 crescant
2497 3699 2549 3751 in
2579 3697 2701 3751 lide.
2732 3696 2845 3750 Hoc
2865 3711 2993 3766 ergo
3017 3695 3081 3749 ad
3112 3698 3443 3765 superiorem
3472 3712 3594 3751 sen-

2012 3802 2130 3842 sum
2175 3786 2375 3849 retulit,
2408 3794 2466 3839 ut
2494 3787 2743 3841 ostendat
2780 3786 3054 3841 Clll‘islllﬂl
3084 3800 3205 3840 esse
3235 3787 3287 3839 in
3310 3801 3419 3855 quo
3443 3786 3590 3840 salus

2010 3887 2126 3943 est,
2158 3887 2213 3930 et
2239 3878 2382 3932 lnnic
2405 3891 2525 3931 esse
2551 3875 2705 3943 cujus
2732 3876 2958 3948 populus
2987 3876 3157 3931 fidelis
3184 3885 3268 3930 est
3286 3916 3302 3941 ,
3344 3885 3400 3930 et
3446 3878 3601 3947 cujus

2012 3980 2143 4023 nutu
2166 3967 2293 4021 vivit
2313 3976 2508 4022 cuncta
2532 3975 2804 4031 creatura,
2836 3975 3024 4020 auctor
3048 3966 3189 4019 enim
3225 3967 3349 4020 vita:
3376 3966 3464 4020 hic
3491 3977 3594 4021 est.

2084 4057 2232 4128 Rogo
2256 4067 2431 4111 autem
2460 4074 2569 4122 vos,
2596 4057 2807 4126 fratres,
2840 4066 2894 4111 ut
2932 4057 3211 4111 observetis
3238 4073 3347 4122 eos,
3371 4058 3459 4127 qui
3489 4057 3602 4111 dis-

2011 4151 2275 4201 sensioncs
2304 4158 2351 4200 et
2380 4146 2698 4216 o/I‘eudicula
2733 4157 2922 4216 pra'ter
2962 4146 3284 4209 doctrinam,
3328 4163 3483 4217 quam
3512 4164 3600 4202 res

2010 4235 2268 4289 didicistis
2291 4234 2511 4304 faciunt,
2536 4244 2583 4288 et
2606 4234 2858 4288 declinale
2872 4222 2942 4288 ab
2965 4234 3090 4289 illis.
3122 4234 3441 4305 Hujusmodi
3460 4235 3596 4289 enim

2011 4322 2221 4378 Christo
2250 4323 2474 4377 Domino
2522 4340 2625 4376 non
2656 4324 2902 4388 serviunt,
2934 4323 3025 4376 sed
3068 4340 3164 4376 suo
3207 4322 3400 4387 centri,
3429 4331 3475 4377 et
3507 4339 3597 4393 per

2012 4415 2192 4470 dulces
2218 4431 2480 4469 sermones
2509 4424 2556 4468 ct
2584 4415 2962 4470 benedictioues
2990 4414 3239 4469 seducunt
3269 4414 3427 4468 corda
3451 4414 3594 4468 inno-

2013 4508 2236 4563 centium
2262 4508 2287 4560 ?
2322 4507 2397 4560 De
2427 4507 2512 4561 bis
2543 4506 2859 4577 intelligitur
2887 4507 3065 4561 dicere
3092 4506 3287 4575 quibus
3322 4514 3378 4559 et
3416 4504 3481 4561 ad
3512 4504 3603 4557 Τῆ-

2011 4599 2288 4653 motheum
2318 4597 2534 4666 scripsit
2573 4597 2794 4651 dicens:
2838 4596 2987 4651 Sicut
3031 4596 3205 4666 rogari
3244 4606 3313 4660 te,
3357 4605 3413 4648 ut
3443 4595 3603 4648 susti—

2014 4707 2160 4745 neres
2184 4690 2396 4759 Ephesi,
2427 4707 2544 4743 cum
2568 4691 2696 4743 irem
2726 4691 2781 4743 in
2814 4690 3201 4752 Macedoniam,
3230 4697 3283 4742 ut
3317 4687 3599 4740 denuntim

2014 4797 2094 4835 res
2131 4780 2443 4853 quibusdam
2486 4797 2549 4834 ne
2593 4779 2749 4833 aliter
2791 4773 3030 4833 docerent
3077 4795 3238 4848 neque
3278 4775 3598 4829 intenderent

2014 4872 2206 4943 fabulis
2262 4883 2307 4926 et
2358 4871 2673 4943 genealogiis
2725 4872 3072 4925 interminatis
3121 4884 3238 4938 qua:
3287 4866 3600 4936 quautioms

2015 4975 2264 5036 prwstant
2307 4965 2470 5033 magis
2512 4980 2668 5034 quant
2696 4962 3092 5029 a‘diﬁcaliattcnt
3127 4957 3244 5021 Dei,
3282 4972 3396 5028 qua:
3430 4965 3505 5009 est
3544 4956 3599 5007 in

2015 5060 2135 5128 ﬁde.
2164 5058 2229 5110 Et
2255 5057 2320 5109 ad
2352 5056 2562 5108 Titum:
2590 5054 2722 5109 Sunt
2753 5053 2889 5105 enim
2914 5050 3062 5103 multi
3087 5065 3188 5101 non
3212 5046 3422 5109 subditi,
3452 5044 3599 5098 uani-

2016 5146 2174 5216 loqui,
2200 5156 2245 5198 et
2272 5145 2453 5198 mentis
2484 5144 2797 5204 seductores,
2829 5140 3053 5192 maxime
3090 5137 3179 5206 qui
3219 5151 3283 5189 ex
3321 5133 3599 5193 circumci-

2016 5237 2159 5286 sione
2193 5241 2335 5296 sunt,
2362 5247 2487 5297 quos
2519 5239 2714 5299 oportet
2761 5222 2948 5296 refelli,
2992 5228 3080 5297 qui
3121 5225 3385 5278 universas
3415 5221 3596 5273 domos

2016 5331 2350 5387 subvertant,
2382 5323 2649 5383 docentes,
2690 5336 2806 5390 qua:
2845 5334 2947 5370 non
2992 5326 3220 5385 oportet,
3269 5312 3434 5380 turpis
3462 5306 3598 5364 lucri

2015 5421 2183 5489 gratia
2201 5434 2219 5471 :
2245 5419 2374 5471 dixit
2396 5417 2609 5486 quidam
2631 5431 2694 5469 ea:
2716 5416 2837 5484 ipsis
2864 5416 3105 5483 pmprius
3128 5427 3306 5464 eorum
3326 5408 3596 5478 propheta,

2016 5513 2280 5566 Cretenses
2301 5526 2501 5578 semper
2521 5508 2818 5571 mendaces,
2832 5506 2986 5559 malm
3007 5506 3200 5567 bestiw,
3220 5512 3415 5556 ventres
3437 5499 3595 5569 pigri.

2014 5601 2094 5654 Ad
2142 5600 2243 5653 hoc
2290 5590 2708 5652 enitn'nefertur
2749 5594 2892 5662 quod
2940 5592 3030 5649 bic
3080 5602 3134 5646 et
3179 5592 3297 5646 ait:
3341 5590 3410 5644 Hi
3459 5590 3598 5642 enim

2014 5689 2221 5743 Christo
2244 5688 2465 5742 Domino
2480 5704 2581 5741 non
2597 5687 2846 5747 seruiunt,
2867 5688 2955 5738 sed
2979 5701 3074 5736 suo
3101 5693 3277 5735 rcutrt.
3303 5680 3380 5741 De
3404 5681 3597 5750 quibus

3078 5776 3147 5836 51
