4026 6180
621 314 746 372 lilii

1253 317 1315 372 Β.
1357 315 1610 374 RABANI
1649 315 1864 374 MAUlll
1901 314 2217 372 ARUHIEP.
2259 314 2566 374 MOGUNT.
2608 317 2893 378 OPERUM
2929 320 3104 382 PARS
3134 326 3216 384 Ill.
3296 319 3308 329 ’

3633 344 3736 402 toti

614 432 721 486 alio
763 431 884 487 loco
915 430 1111 486 dicitur
1137 449 1149 484 :
1191 433 1428 496 Quorum
1469 430 1606 486 Deus
1633 443 1807 487 venter
1827 442 1924 488 est.
1955 431 2190 503 (Ambr.)
2219 441 2266 498 Α
2293 433 2626 500 obcdientes,
2650 443 2835 492 certus
2855 439 2993 506 quod
3015 455 3134 493 cum
3155 443 3372 500 docuerit
3389 461 3468 502 eos
3485 465 3573 506 non
3590 457 3736 528 “ligari

615 521 694 578 De
719 520 966 589 personis
991 519 1136 573 enim
1164 519 1296 574 dicit
1322 521 1915 590 pseudoapostolorum,
1963 537 2100 591 quos
2137 523 2190 576 in

613 618 726 666 tota
750 608 974 679 cpistola
1009 609 1220 662 monuit
1259 610 1558 675 cavendas,
1602 611 1745 666 sicut
1787 621 1842 667 et
1887 627 2030 666 nunc
2051 652 2067 677 ,
2097 611 2192 668 sed

609 701 729 760 sine
755 701 1189 758 manifestatione
1232 702 1571 758 traditionem
1609 719 1795 759 eorum
1830 704 2188 773 compressit:

609 791 667 846 hi
691 791 836 846 enim
863 792 1128 861 cogebant
1155 792 1440 847 credentes
1458 793 1758 862 judaizare,
1784 803 1844 848 ut
1872 795 2188 850 beneﬁcium

608 880 753 936 circa
784 895 845 936 se
870 879 965 934 Dei
987 881 1288 946 inanirent,
1318 883 1458 959 sicut
1494 900 1656 954 supra
1687 887 2002 940 memoravi.
2030 886 2192 941 Com-

608 969 800 1041 positis
821 971 966 1026 enim
994 972 1318 1043 genealogiie
1339 974 1520 1029 verbis
1547 983 1808 1030 tractatus
1840 975 1940 1030 sibi
1965 986 2188 1046 coapta-

609 1061 739 1117 bant
768 1061 838 1116 ad
862 1061 1387 1119 commendationem
1427 1063 1736 1120 traditionis
1758 1079 1899 1131 suae,
1927 1079 2028 1136 per
2053 1081 2189 1136 quos

603 1149 930 1222 simplicium
955 1153 1121 1208 corda
1151 1154 1481 1222 deciperent.
1519 1155 1739 1226 (Θήρ.)
1769 1155 1894 1211 Hac
1921 1167 1977 1211 et
2000 1157 2068 1212 ad
2095 1173 2192 1214 eos

604 1248 698 1320 qui
722 1249 970 1305 ecclesiis
990 1258 1250 1319 praesunt,
1273 1258 1329 1304 et
1348 1250 1415 1306 ad
1439 1265 1626 1307 omnes
1651 1252 1934 1306 credentes
1955 1267 2054 1322 per
2075 1251 2187 1323 Spi-

605 1339 770 1392 ritum
793 1349 1039 1394 sanctum
1066 1338 1308 1394 scribere
1335 1340 1638 1395 credendus
1661 1349 1745 1396 est
1777 1339 1994 1406 Paulus,
2024 1351 2085 1395 ut
2110 1341 2192 1396 di-

604 1432 856 1503 ligentius
877 1431 1234 1498 conﬁderent,
1255 1441 1309 1487 ct
1331 1433 1681 1502 perspiciunt,
1709 1434 1800 1503 qui
1824 1434 1932 1488 sint
1961 1433 2054 1502 qui
2082 1433 2192 1489 dis-

603 1522 885 1579 sensiones
906 1531 959 1578 et
978 1521 1300 1580 offendicula
1323 1523 1378 1576 in
1397 1522 1643 1577 ecclesiis
1661 1531 1941 1594 generem,
1957 1531 2011 1577 ct
2031 1523 2190 1578 alieni

603 1615 714 1670 sint
738 1614 806 1670 ab
827 1615 916 1670 illa
943 1615 1302 1681 beatitudine,
1323 1631 1486 1685 quam
1507 1615 1650 1672 Deus
1676 1617 2018 1687 promiserat.
2039 1617 2190 1673 Beati

603 1705 834 1776 paciﬁci,
858 1707 1110 1775 quoniam
1138 1706 1238 1776 ipsi
1263 1706 1357 1763 ﬁlii
1381 1705 1475 1762 Dei
1494 1707 1831 1764 vocabuntur
1859 1708 2074 1778 (Matth.
2099 1709 2186 1782 v);

2293 525 2598 580 obedientia
2641 542 2804 596 quam
2848 530 3056 584 incaute
3082 534 3316 590 omnibus
3351 541 3552 606 praabent
3585 525 3736 604 Illi—de-

2292 612 2422 668 bere
2447 633 2460 668 :
2484 615 2594 708 sed
2613 616 2708 708 illa
2737 617 2852 671 sola
2897 634 2998 708 qua
3033 621 3242 677 obedire
3279 636 3465 694 oportet
3496 630 3586 688 Deo
3619 642 3738 708 magis

2291 715 2452 770 quam
2484 703 2810 770 hominibus,
2841 705 3040 762 relictis
3062 711 3289 779 caeteris,
3323 714 3425 783 ipsa
3449 718 3545 772 sola
3565 703 3736 778 utantur.

2292 791 2426 844 Nam
2454 802 2509 846 et
2539 807 2722 848 revera
2759 810 2866 849 non
2901 807 2984 851 est
3016 813 3192 868 parva:
3229 801 3544 872 discretionis,
3565 810 3731 882 sedpra-

2291 881 2484 938 habilis
2527 892 2583 938 et
2644 889 3080 944 exercitatissimi
3115 888 3323 959 iudicii,
3366 897 3488 953 scire
3523 903 3593 955 cui
3623 881 3738 960 verti»

2291 971 2444 1026 cuive
2471 973 2620 1042 operi
2647 973 3004 1032 obedientium
3024 980 3115 1044 sit,
3133 990 3186 1035 et
3209 983 3290 1038 cui
3317 987 3615 1043 renitendum.
3633 991 3738 1048 [lenio

2289 1076 2398 1131 que
2425 1062 2539 1132 ipse
2573 1063 2834 1122 Dominus
2859 1067 2912 1122 in
2939 1068 3223 1140 Evangelia
3251 1075 3402 1129 dicit:
3423 1077 3630 1136 Attendits
3644 1087 3735 1139 vobis

2291 1151 2356 1205 ab
2380 1152 2482 1218 his,
2502 1154 2595 1222 qui
2615 1155 2826 1210 veniunt
2852 1158 2921 1210 ad
2945 1174 3037 1212 vos
3058 1161 3113 1214 in
3139 1163 3422 1218 sustinentis
3441 1183 3594 1234 omum,
3610 1171 3737 1225 intris-

2290 1257 2438 1296 secus
2472 1253 2645 1298 autem
2674 1257 2794 1300 sunt
2831 1247 2942 1318 lupi
2984 1265 3192 1320 rapaces
3216 1251 3419 1324 (Hau/2.
3443 1256 3560 1328 vii);
3590 1272 3632 1314 et
3657 1262 3736 1316 ideo

2293 1329 2518 1400 vigilans
2544 1347 2756 1400 sensus,
2781 1344 2838 1390 et
2863 1337 3072 1392 intenta
3101 1355 3247 1396 mens
3268 1344 3534 1412 requiritur,
3556 1361 3646 1416 qua:
3657 1364 3735 1417 pro-

2291 1421 2423 1475 bare
2453 1423 2682 1490 noverit,
2712 1425 2796 1480 vel
2823 1427 2944 1482 ovis
2972 1429 3024 1482 in
3048 1432 3314 1501 propatulo
3332 1434 3664 1505 simplicitatem,
3682 1441 3736 1493 vel

2291 1513 2401 1583 lupi
2447 1515 2704 1570 latentem
2746 1517 3122 1586 rapacitatem.
3159 1522 3300 1578 Unde
3325 1525 3430 1579 vide
3453 1527 3552 1594 quia
3574 1529 3734 1596 proximi

2291 1605 2547 1674 periculis
2579 1606 2708 1662 ﬁant
2742 1608 2819 1676 hi,
2851 1613 2944 1680 qui
2978 1615 3217 1668 exerceri
3244 1615 3292 1669 in
3315 1615 3480 1672 divinis
3505 1617 3647 1674 litteris
3667 1637 3734 1674 ne-

2291 1695 2520 1768 gligant,
2566 1714 2634 1754 ex
2681 1700 2880 1770 quibus
2930 1704 3066 1760 solis
3113 1705 3394 1776 huiusmodi
3433 1712 3736 1767 examinationis

605 1796 707 1850 hoc
726 1795 893 1861 enim,
912 1796 1104 1866 inquit,
1123 1805 1182 1850 ut
1200 1795 1412 1866 paciﬁci
1435 1797 1578 1861 sitis,
1595 1813 1626 1852 a
1652 1799 1880 1853 Domino
1900 1813 1998 1868 per
2016 1797 2192 1853 Evan-

2145 1815 2192 1852 ι-
2219 1791 2266 1850 Β
2293 1791 2632 1858 agnoscenda
2661 1791 2916 1848 discretio
2943 1803 3050 1850 est.
3080 1795 3330 1854 Continuo
3349 1801 3514 1872 ergoin
3532 1801 3642 1857 brevi
3656 1817 3735 1872 spe-

601 1885 796 1958 gelium
835 1885 1140 1952 didicistis;
1167 1887 1532 1944 dissensiones
1567 1903 1696 1944 vero
1727 1903 2068 1945 commovere
2107 1888 2192 1945 vel

601 1974 880 2040 scandala,
911 1983 1108 2045 printer
1135 1976 1436 2032 doctrinam
1464 1983 1570 2044 est,
1592 1993 1755 2048 quam
1774 1993 1873 2034 vos
1899 1979 2186 2044 didicistis,

602 2075 658 2124 et
687 2066 806 2122 ideo
835 2067 1041 2122 alienus
1068 2067 1222 2123 vobis
1247 2068 1339 2134 sit,
1365 2083 1464 2124 nec
1482 2069 1703 2125 omnino
1727 2069 2022 2140 recipiatur
2049 2070 2192 2125 inter

602 2171 719 2223 vos,
748 2157 842 2227 qui
879 2157 1174 2214 certamina
1206 2166 1530 2224 commovet,
1559 2159 1653 2228 qui
1691 2159 1826 2214 serit
1855 2159 2068 2230 iurgia,
2095 2159 2188 2229 qui

604 2247 728 2302 lites
753 2247 976 2313 excitat,
999 2256 1054 2303 et
1079 2247 1259 2303 studia
1280 2248 1641 2304 contentionis
1659 2257 1906 2305 exercet:
1930 2249 2024 2320 qui
2044 2250 2188 2306 enim

604 2335 742 2392 tales
763 2345 888 2392 sunt
908 2337 1126 2396 Christo
1149 2337 1374 2394 Domino
1392 2347 1600 2406 nostro,
1626 2340 1718 2410 qui
1745 2348 1829 2396 est
1851 2356 1957 2412 pax
1979 2350 2188 2406 nostra,

601 2442 710 2483 non
739 2427 1002 2496 serviunt,
1032 2429 1125 2485 sed
1161 2444 1260 2485 suo
1291 2430 1488 2484 ventri.
1531 2429 1639 2488 Sed
1671 2437 1727 2488 et
1759 2431 1889 2501 quid
1917 2445 2093 2487 causae
2118 2431 2192 2485 sit

602 2519 730 2590 quia
753 2518 934 2590 iurgia
959 2520 1014 2575 in
1039 2519 1298 2576 Ecclesiis
1336 2521 1666 2578 suscitantur
1706 2529 1762 2578 ct
1803 2522 1962 2590 lites,
2008 2523 2190 2578 divino

603 2611 800 2682 Spiritu
829 2611 1116 2668 instinctus
1141 2612 1334 2682 aperit,
1363 2613 1576 2680 uentris,
1615 2614 1819 2684 inquit,
1849 2616 2055 2686 gratia,
2086 2614 2190 2670 hoc

604 2712 710 2768 est,
749 2711 988 2772 quaestus
1021 2711 1074 2758 et
1113 2703 1444 2772 cupiditatis.
1487 2703 1616 2760 Inde
1641 2714 1725 2761 est
1765 2705 1907 2762 unde
1947 2699 2188 2760 nonnulli

605 2791 946 2848 circumeunt
972 2792 1160 2848 domos
1196 2792 1478 2863 loquentes
1515 2794 1583 2849 ad
1617 2795 1865 2866 gratiam,
1891 2811 2016 2851 cum
2042 2792 2190 2850 omni

604 2881 932 2950 adulatione,
957 2892 1014 2939 et
1035 2883 1369 2955 deceptione,
1399 2900 1508 2942 non
1535 2896 1596 2941 ut
1625 2888 1680 2942 in
1706 2889 1871 2944 verbo
1903 2887 1998 2944 Dei
2023 2887 2188 2944 aedili~

603 2981 730 3030 cent
755 2974 968 3030 animas
991 2975 1060 3030 ad
1089 2975 1342 3033 virtutem
1364 3016 1381 3043 ,
1427 2976 1522 3034 sed
1559 2985 1620 3032 ut
1657 2977 1978 3034 adulatoriis
2015 2977 2188 3034 dulci-

600 3065 814 3138 busque
855 3068 1196 3124 sermonibus
1221 3083 1565 3139 permanere,
1602 3069 1689 3126 vel
1731 3071 1897 3126 etiam
1927 3072 2190 3142 prolicere

2291 1876 2430 1932 ciem
2457 1882 2747 1950 propositae
2769 1884 3136 1942 distinctionis
3169 1891 3398 1954 ostendit,
3429 1900 3475 1944 et
3507 1891 3622 1956 dicit,
3642 1907 3734 1961 quo-

2291 1967 2438 2023 niam
2468 1971 2684 2040 quidem
2712 1972 2888 2030 facilis
2916 1985 2976 2031 et
3001 1977 3280 2034 indiscreta
3305 1989 3378 2034 est
3399 1991 3543 2034 vestra
3557 1982 3735 2036 obedien-

2292 2061 2388 2126 tia,
2429 2063 2660 2132 accipite
2706 2067 2851 2135 quod
2888 2082 3138 2135 servare,
3181 2069 3314 2138 quod
3350 2085 3507 2125 cavere
3539 2070 3730 2126 debeatis:

2289 2151 2437 2218 volo,
2467 2153 2659 2223 inquit,
2687 2171 2782 2210 vos
2805 2158 3084 2228 sapientes
3112 2174 3228 2214 esse
3250 2160 3299 2213 in
3324 2160 3461 2224 bono,
3485 2167 3527 2214 et
3545 2160 3733 2230 simplices

2291 2240 2344 2296 in
2371 2243 2530 2298 malo.
2555 2244 2742 2301 Simile
2762 2255 2846 2302 est
2867 2247 2941 2302 illi
2976 2249 3135 2312 dicto,
3166 2250 3300 2318 quod
3319 2249 3378 2305 ad
3399 2248 3634 2304 Corinthios
3647 2249 3733 2303 scri-

2289 2333 2389 2398 bit,
2417 2335 2640 2392 diceus:
2685 2337 2896 2392 Malitia
2941 2339 3150 2410 parvuli
3184 2349 3365 2405 estote,
3393 2349 3442 2392 ut
3465 2339 3636 2392 struibus
3657 2353 3732 2405 per-

2290 2423 2411 2494 fecti
2439 2426 2553 2480 sitis
2567 2423 2630 2497 ,(1
2660 2423 2784 2480 Cor.
2819 2425 2950 2498 xxv).
3017 2427 3122 2483 Sed
3164 2437 3216 2482 et
3259 2427 3376 2482 illud
3413 2427 3530 2496 quod
3557 2425 3733 2480 Dominus

2289 2514 2385 2580 ait,
2411 2515 2536 2586 quia
2563 2515 2665 2585 ﬁlii
2687 2517 2846 2587 hujus
2868 2517 3058 2572 διεσαιὶ
3077 2518 3412 2589 prudentiores
3431 2527 3528 2571 sunt
3541 2531 3651 2587 quam
3667 2513 3730 2581 lilii

2289 2605 2421 2660 lucis
2458 2607 2512 2662 in
2541 2609 2874 2678 generatione
2909 2626 3015 2664 sua
3059 2608 3208 2680 (Luc.
3253 2609 3375 2681 1m).
3420 2607 3528 2664 Huic
3562 2605 3730 2662 convenit

2290 2697 2465 2762 dicto,
2504 2697 2598 2752 ﬁlii
2641 2698 2784 2753 enim
2832 2699 3020 2754 saeculi
3049 2698 3206 2768 hujus
3236 2699 3555 2769 prudentiores
3583 2703 3670 2750 sunt
3695 2692 3730 2745 in

2291 2788 2517 2856 malitia,
2551 2805 2650 2859 pro
2695 2805 2761 2845 eo
2802 2790 2945 2860 quod
2996 2805 3208 2860 semper
3232 2789 3414 2860 aliquid
3447 2785 3680 2860 profundius
3695 2791 3730 2835 et

2290 2880 2542 2936 subtilius
2569 2880 2848 2936 inveniunt
2887 2881 2942 2936 in
2987 2897 3077 2948 ea,
3113 2881 3248 2936 unde
3273 2881 3382 2950 plus
3401 2886 3599 2943 noceant,
3618 2884 3726 2930 etve

2291 2972 2600 3028 hementius
2630 2971 2863 3026 laedant:
2906 2973 2962 3026 in
2997 2973 3139 3027 bono
3165 2979 3333 3026 autem
3371 2969 3496 3025 stulti
3531 2972 3640 3029 sunt,
3669 2961 3728 3014 vix

2289 3063 2436 3118 enim
2460 3063 2740 3136 ipveniunt
2766 3062 2906 3118 unde
2938 3062 3225 3133 proﬁciant
3249 3063 3298 3116 in
3321 3062 3472 3116 bono:
3499 3073 3524 3112 c
3546 3051 3731 3111 contrario

600 3167 698 3213 eas
726 3157 1011 3214 hortentur
1041 3159 1093 3213 in
1117 3159 1282 3226 vitiis,
1313 3160 1595 3217 laudantes
1613 3171 1669 3218 et
1697 3162 1836 3218 bona
1860 3163 2102 3218 dicentes
2125 3178 2188 3218 ea
2216 3149 2262 3210 C
2292 3169 2422 3210 vero
2447 3152 2644 3210 Paulus
2668 3153 2784 3208 vult
2809 3169 2909 3210 nos
2936 3155 3210 3226 sapientes
3235 3169 3346 3208 esse
3365 3153 3412 3207 in
3435 3152 3552 3214 bona.
3574 3146 3649 3200 ιιοθ
3663 3151 3730 3206 εει»

605 3261 726 3316 quae
756 3249 1094 3318 correptione
1123 3251 1283 3322 digna
1311 3260 1455 3318 sunt,
1474 3263 1720 3322 ponentes
1744 3251 1908 3308 lucem
1931 3255 2188 3321 tenebras,

602 3349 651 3392 et
681 3339 920 3395 tenebras
948 3340 1114 3395 lucem
1132 3383 1146 3404 ,
1194 3342 1346 3398 dulce
1387 3361 1648 3412 amarum,
1689 3353 1738 3400 et
1767 3363 2010 3400 amarum
2038 3346 2190 3402 dulce

603 3428 742 3501 (Isa.
769 3428 847 3501 v),
894 3431 1034 3486 etin
1073 3431 1160 3488 his
1206 3433 1472 3488 seducunt
1493 3434 1657 3490 corda
1687 3434 2094 3503 innocentium;
2135 3446 2191 3493 et

603 3519 726 3575 ideo
752 3519 1038 3590 diligenter
1080 3505 1293 3590 operuit
1319 3521 1628 3589 intendere,
1671 3538 1780 3594 quo
1805 3523 2001 3582 affectu
2033 3525 2190 3600 [pro-

603 3607 812 3681 spectu]
845 3609 1034 3665 doceat
1056 3609 1163 3676 ille,
1184 3611 1276 3679 'qui
1291 3611 1466 3679 docet,
1490 3619 1670 3667 utrum
1693 3616 1923 3684 gratiam
1937 3623 1992 3670 et
2021 3617 2190 3672 hono—

602 3715 717 3755 rem
747 3701 818 3756 ab
843 3699 1182 3756 auditoribus
1207 3716 1479 3771 quaerens,
1505 3718 1572 3757 an
1599 3705 1902 3760 mercedem
1942 3721 1972 3760 a
2006 3707 2190 3762 Domi-

601 3807 674 3847 no
698 3807 798 3862 pro
824 3793 1179 3848 instructions
1205 3803 1261 3848 et
1285 3794 1530 3862 profectu
1581 3794 1907 3852 discentium
1940 3812 2184 3868 sperans.

681 3883 866 3940 Vestra
894 3885 1033 3939 enim
1061 3885 1352 3940 obedientia
1392 3886 1448 3940 in
1489 3902 1694 3941 omnem
1723 3887 1894 3942 locum
1918 3888 2189 3959 divulgata

601 3986 675 4029 est
701 3988 718 4026 :
747 3974 951 4044 gaudeo
975 3975 1136 4046 igitur
1162 3975 1218 4030 in
1239 3975 1378 4030 vobis
1398 4016 1412 4040 ,
1453 3975 1642 4048 etivolo
1671 3993 1758 4032 vos
1783 3978 2041 4048 sapientes
2079 3995 2189 4032 esse

603 4065 659 4120 in
679 4065 811 4120 bona
839 4074 888 4119 et
913 4064 1174 4136 simplices
1201 4065 1255 4119 in
1288 4064 1448 4121 malo.
1487 4047 1705 4138 ('Orig.)
1754 4047 2035 4123 Subtiliter
2059 4083 2188 4122 sane

593 4157 801 4214 Paulus
831 4156 1180 4214 indiscretam
1212 4167 1268 4213 et
1291 4157 1502 4214 facilem
1529 4157 1896 4215 Romanorum
1928 4159 2188 4215 obedien-

605 4249 734 4305 tiam
763 4257 936 4315 notat,
961 4263 1188 4320 eamque
1206 4250 1404 4305 asserit
1429 4251 1628 4320 ubique
1649 4266 1754 4306 non
1783 4251 2075 4318 laudatam,
2093 4251 2187 4306 sed

601 4341 1006 4412 pervulgatam:
1032 4343 1125 4396 sed
1154 4357 1220 4397 ne
1247 4357 1342 4398 eos
1366 4358 1602 4408 rursum,
1629 4343 1674 4398 si
1701 4360 1798 4414 pro
1829 4345 1928 4399 hoc
1948 4345 2188 4414 apertius

603 4437 912 4508 castigaret,
933 4435 1306 4492 inobedientcs
1331 4435 1586 4502 ediceret,
1613 4437 1782 4502 addit,
1811 4439 1860 4491 in
1886 4439 2029 4492 vobis
2060 4453 2181 4508 ergo

604 4527 843 4598 gaudeo;
868 4528 960 4582 sed
1012 4527 1171 4594 dicis,
1205 4527 1486 4594 Quomodo
1514 4529 1786 4598 vulgarem
1821 4531 1872 4584 in
1905 4530 1984 4584 eis
2032 4538 2183 4584 notat

603 4617 988 4683 obedientiam,
1029 4632 1150 4672 cum
1179 4619 1353 4684 dicat,
1401 4634 1460 4674 se
1503 4619 1736 4690 gaudere
1769 4620 1819 4672 in
1853 4620 1978 4676 eis?
2005 4619 2185 4674 Primo

604 4707 818 4778 quidem
844 4707 986 4763 aliud
1017 4717 1100 4762 est
1132 4718 1317 4764 notare
1344 4709 1554 4775 vitium,
1589 4709 1732 4764 aliud
1762 4710 2045 4765 homines:
2084 4725 2184 4780 po-

604 4810 710 4856 test
727 4801 872 4856 enim
898 4800 1036 4867 ﬁeri,
1061 4810 1120 4856 ut
1141 4805 1369 4872 gaudeat
1385 4805 1448 4876 in
1473 4804 1578 4870 bis,
1603 4807 1654 4859 in
1680 4805 1874 4873 quibus
1896 4806 2062 4860 multa
2084 4805 2186 4860 alia

602 4893 742 4948 bona
787 4890 1254 4962 deprehenderat;
1297 4893 1485 4948 vitium
1526 4904 1704 4949 autem
1743 4897 1884 4967 quod
1922 4899 1968 4950 ci
1998 4895 2186 4966 displi-

603 5000 793 5048 cuerat
821 4998 1002 5056 notat,
1034 5006 1104 5046 ne
1131 4997 1314 5044 utetur
1347 4988 1395 5043 ei
1424 4988 1586 5042 etiam
1624 4987 1796 5056 ipsum
1823 5004 1944 5043 cum
1971 4989 2186 5044 cmteris

602 5082 888 5153 placuisse.
935 5081 1118 5137 Potest
1144 5089 1322 5136 autem
1358 5077 1414 5136 ét
1440 5095 1540 5150 pro
1565 5096 1631 5134 eo
1667 5080 1872 5136 dixisse
1899 5079 2184 5150 Apostolus

601 5173 839 5246 gaudere
873 5187 931 5227 se
961 5171 1015 5226 in
1041 5170 1141 5237 eis,
1167 5171 1309 5240 quod
1337 5171 1430 5248 qui
1467 5171 1780 5226 inobediens
1799 5178 1884 5225 est
1910 5185 2084 5240 neque
2119 5171 2184 5224 ad

601 5263 827 5327 malum,
852 5277 1026 5332 neque
1051 5263 1118 5318 ad
1149 5262 1348 5318 bonum
1380 5262 1518 5317 trahi
1542 5270 1714 5331 potest
1744 5279 1756 5315 :
1785 5261 1874 5332 qui
1903 5276 2032 5316 vero
2061 5261 2186 5317 obc-

601 5355 779 5419 diens,
804 5353 848 5408 si
875 5354 1091 5424 quidem
1113 5353 1180 5408 ad
1203 5352 1408 5407 inutilia
1425 5353 1690 5419 trahatur,
1721 5351 2004 5422 imperitia:
2030 5351 2184 5422 culpa

605 5447 710 5512 sit;
750 5447 960 5518 ignorat
984 5444 1126 5500 enim
1157 5444 1366 5499 inutilia
1401 5455 1520 5500 esse
1561 5459 1653 5508 ea,
1700 5443 1896 5514 quibus
1933 5443 2186 5500 obedien-

607 5535 736 5589 tiam
766 5536 846 5590 sui
875 5536 1100 5607 praebet.
1137 5533 1272 5591 Cum
1298 5550 1426 5591 vero
1457 5535 1708 5592 didicerit
1745 5550 1865 5606 quae
1903 5543 2030 5592 sunt
2071 5535 2186 5590 inu-

607 5625 743 5690 tilia,
759 5627 963 5684 habens
975 5643 1040 5698 pa
1049 5636 1222 5683 ratum
1235 5629 1556 5684 obedientia:
1577 5628 1796 5694 bonum,
1812 5629 2069 5685 continuo
2084 5629 2187 5682 iter

596 5727 704 5787 per
724 5729 844 5771 eam
873 5717 1085 5774 virtutis
1114 5718 1373 5775 ascendit.
1403 5717 1612 5774 Gaudet
1651 5733 1778 5790 ergo
1801 5718 1999 5774 Paulus
2023 5732 2185 5788 super

2214 4495 2264 4554 D

2291 3261 2506 3317 semper
2529 3245 2730 3315 aliquid
2755 3245 2876 3315 plus
2906 3245 3174 3312 invenire,
3196 3245 3309 3315 plus
3329 3243 3580 3314 exquirere,
3593 3245 3634 3291 et
3652 3249 3730 3304 pro-

2291 3337 2510 3393 fundius
2535 3337 2775 3408 cogitare
2803 3338 2932 3407 quid
2964 3337 3228 3394 faciamus
3271 3337 3383 3392 boni
3401 3376 3414 3403 ,
3436 3335 3494 3389 ita
3523 3341 3570 3387 ut
3593 3325 3728 3385 etiamsi

2292 3427 2652 3498 impediamur
2685 3425 3044 3499 penalicujus
3087 3428 3334 3483 malitiam
3379 3426 3436 3480 ab
3469 3437 3596 3493 opere
3625 3419 3727 3475 bono,

2291 3533 2389 3574 nos
2437 3519 2482 3572 si
2532 3518 2804 3588 sapientes
2849 3519 3068 3586 simus,
3113 3519 3388 3590 cogitemus
3442 3512 3656 3586 quomodo,
3701 3506 3730 3560 εί

2289 3623 2426 3678 opus
2465 3608 2667 3664 bonum
2715 3622 2824 3662 non
2873 3623 3197 3678 possumus,
3235 3609 3310 3662 vel
3339 3618 3581 3662 sermonem
3601 3601 3730 3654 bonum

2289 3697 2661 3766 proferamus;
2711 3699 2854 3767 quod
2902 3697 2948 3753 si
3002 3715 3101 3754 nec
3138 3701 3234 3754 hoc
3259 3699 3390 3764 licet,
3431 3704 3572 3749 votum
3605 3687 3732 3744 saltem

2290 3785 2490 3841 bonum
2521 3795 2577 3842 et
2597 3789 2836 3842 animum
2860 3787 3303 3844 demonstremus.
3329 3787 3410 3842 Sic
3428 3798 3526 3856 ergo
3542 3779 3734 3849 sapienles

2289 3893 2410 3935 esse
2445 3878 2705 3935 debemus
2733 3879 2788 3934 in
2816 3879 2984 3947 bono,
3021 3882 3283 3953 simplices
3319 3895 3434 3936 vero
3467 3878 3509 3932 in
3538 3871 3665 3930 malo:
3692 3876 3734 3922 ut

2291 3973 2336 4028 si
2381 3971 2661 4042 pulsamur
2691 3971 2917 4039 malitia,
2963 3974 3242 4044 pulsamur
3277 3971 3474 4041 injuria,
3511 3982 3590 4022 non
3620 3963 3734 4018 simus

2291 4063 2494 4131 callidi,
2529 4074 2586 4118 ct
2627 4079 2723 4134 per
2744 4073 2979 4120 versuta:
3003 4066 3138 4120 artis
3181 4071 3460 4135 argumenta
3494 4060 3735 4128 querentes.

2292 4158 2490 4228 quibus
2517 4157 2742 4214 reddere
2787 4159 2990 4214 malum
3027 4176 3126 4230 pro
3160 4159 3324 4224 malo,
3362 4167 3408 4212 ct
3433 4151 3654 4222 nequitiam
3672 4157 3738 4214 pro

2291 4251 2529 4321 nequitia
2559 4251 2870 4307 debeamus.
2903 4250 3013 4307 Sed
3043 4254 3095 4307 in
3125 4253 3212 4308 tali
3241 4252 3347 4305 loco
3371 4243 3616 4302 meminisse
3630 4237 3738 4292 debe-

2292 4358 2411 4396 mus
2435 4341 2580 4397 illius
2614 4344 2897 4398 sententiae
2923 4360 3045 4414 quae
3083 4345 3246 4400 dicit:
3287 4342 3342 4397 Si
3371 4338 3468 4412 quis
3489 4335 3572 4391 usit
3597 4328 3738 4399 sapient

2289 4452 2400 4490 esse
2425 4434 2566 4504 apud
2588 4433 2780 4501 Deum,
2801 4435 2994 4492 stultus
3015 4437 3112 4506 ﬁat
3133 4437 3184 4492 in
3205 4439 3294 4490 hoc
3316 4433 3482 4488 mundo
3495 4427 3536 4500 (1
3555 4419 3737 4487 Camn);

2291 4527 2464 4579 simus
2497 4540 2628 4596 ergo
2655 4525 2803 4580 stulti
2851 4527 3178 4597 accipientes
3222 4524 3445 4596 injuriam
3479 4528 3524 4573 et
3559 4529 3636 4570 non
3656 4508 3736 4564 red-

2291 4614 2505 4680 dentcs,
2539 4625 2596 4669 ut
2635 4615 2910 4685 sapientes
2952 4617 3121 4674 simus
3158 4616 3289 4688 apud
3331 4614 3495 4674 Deum,
3530 4605 3600 4677 qui
3621 4599 3735 4656 dixi“

2295 4705 2428 4759 Mihi
2458 4705 2758 4772 vindictam,
2785 4723 2878 4776 ego
2907 4707 3204 4771 retribuam,
3233 4701 3348 4758 dicit
3375 4699 3587 4756 Dominus
3609 4689 3736 4764 (RM

2293 4811 2366 4850 xu
2389 4835 2404 4862 ,
2441 4793 2599 4850 Hebr.
2627 4796 2877 4860 x,'Deut.
2921 4795 3140 4868 xxx");
3171 4811 3286 4850 nam
3310 4794 3370 4848 de
3396 4788 3548 4860 impiis
3577 4794 3619 4840 et
3641 4778 3740 4835 lere-

2295 4889 2433 4943 mias
2470 4888 2635 4970 dicit:
2690 4884 2964 4961 Sapientes
2998 4901 3117 4944 sunt
3150 4889 3217 4942 ad
3243 4879 3638 4970 malefaciendum,
3659 4872 3739 4970 belli

2291 4995 2464 5040 autem
2489 4963 2660 5055 facere
2687 4985 2916 5040 nesciunt
2947 4985 3078 5056 (Jer.
3109 4982 3202 5054 iv).
3237 4981 3312 5036 Ad
3341 4979 3432 5033 hoc
3461 4969 3635 5042 respicit
3649 4977 3688 5020 et
3703 4963 3740 5017 il-

2293 5083 2383 5138 Ind
2428 5082 2571 5154 quod
2625 5083 2882 5138 Dominus
2912 5083 3038 5138 dicit
3059 5123 3073 5148 ,
3103 5079 3357 5152 simplices
3379 5075 3542 5132 debere
3565 5083 3641 5124 ηοξ
3663 5073 3741 5154 ei"

2295 5150 2758 5238 sicut'colnmbas,
2784 5183 2838 5230 et
2859 5176 3148 5244 prudentes
3171 5150 3302 5230 sicut
3323 5171 3566 5237 serpentes
3582 5150 3738 5228 imm“

2298 5264 2382 5336 χ).
2416 5264 2566 5332 Quod
2610 5264 2652 5318 si
2699 5263 2892 5334 aliquis
2930 5264 3084 5320 nobis
3114 5279 3178 5318 ex
3211 5257 3484 5316 infidelibus
3505 5251 3739 5340 πεπιθρεζ

2296 5365 2482 5411 currat
2505 5365 2559 5409 et
2589 5355 2755 5420 dicat,
2772 5354 3047 5423 Quomodo
3066 5361 3234 5425 potest
3256 5350 3383 5406 idem
3407 5347 3503 5416 ipse
3527 5347 3572 5394 el
3591 5337 3738 5401 saliiens

2293 5463 2414 5504 esse
2454 5458 2508 5503 et
2549 5447 2742 5504 stultus
2761 5441 2794 5502 ’ἴ
2823 5424 3148 5510 dicemusrad
3173 5459 3313 5509 eum,
3340 5435 3536 5508 Respice
3558 5427 3611 5482 ad
3641 5424 3739 5520 alia

2293 5533 2447 5605 istas,
2476 5554 2597 5608 qua:
2624 5540 2678 5592 in
2709 5554 2806 5592 usu
2835 5537 3110 5594 hominum
3143 5533 3390 5591 habentur
3411 5545 3424 5582 z
3449 5519 3737 5608 graminle

2292 5629 2346 5683 in
2389 5601 2510 5683 arte
2545 5627 2723 5682 fabrili
2769 5626 3230 5698 insipientissimus
3263 5617 3532 5678 invenitur;
3564 5601 3626 5660 vel
3652 5608 3736 5698 rut-

2291 5735 2410 5776 sum
2437 5696 3208 5790 sapicniissimusigubernator
3223 5705 3462 5786 quomodo
3491 5703 3535 5758 in
3553 5703 3643 5751 arte
3657 5696 3734 5742 ωθ·
