4026 6180
316 273 457 327 1615

809 263 1363 323 ENARRATIONUM
1401 266 1469 321 IN
1510 266 1653 321 EPP.
1700 266 1896 322 PAULI

1998 266 2074 320 l8.
2120 264 2248 322 Vill.
2291 299 2358 307 —
2394 267 2462 321 ΙΝ
2503 267 2722 324 Ειιιεί.
2754 268 2855 323 ΑΒ
2896 267 3061 325 ΒΟΜ.

3445 271 3584 327 ισιι

311 386 510 442 dicinae
535 382 806 438 invenitur
831 380 1126 450 insipiens;
1166 380 1250 436 sic
1278 395 1411 451 ergo
1439 380 1694 449 possibile
1727 389 1810 435 est
1845 380 1898 434 in
1931 388 1974 444 Λ
2004 379 2231 434 conterit
2262 397 2273 432 :
2316 379 2405 448 qui
2446 380 2911 436 mansuetudinem
2936 389 3135 448 servat,
3167 384 3455 441 iracundia:
3488 387 3587 443 Sa-

312 480 403 533 his
432 490 554 547 quae
576 473 643 529 ad
672 472 843 528 Deum
868 472 1139 541 pertinent
1161 482 1284 526 esse
1311 471 1635 540 sapientem,
1658 479 1714 526 et
1737 471 1792 525 in
1815 469 1901 525 his

308 587 439 641 quae
464 569 530 624 ad
557 565 813 622 smeulum
842 564 1116 635 pertinent
1144 562 1508 632 insipientem.

385 661 525 715 Deus
547 668 725 712 autem
745 657 889 727 pacis
915 664 1140 709 conteret
1173 653 1429 710 Satanam
1460 654 1554 707 sub
1577 652 1792 722 pedibus
1819 669 1900 706 re-

308 752 431 805 stris
458 748 720 803 velociter.
751 743 987 818 (Ambr.)
1019 745 1073 800 id
1097 753 1203 810 est,
1233 744 1413 799 brevi:
1453 745 1555 799 hoc
1579 744 1645 799 de
1669 744 1898 797 adventu

308 858 410 897 suo
430 839 580 902 dicit,
612 836 741 906 quia
781 835 1046 890 adventus
1076 834 1192 903 ejus
1218 836 1489 906 opprimet
1515 834 1787 889 diabolum
1830 835 1901 889 ob

309 933 417 986 hoc
445 927 585 999 quod
612 926 703 981 isti
730 924 1028 995 spiritalem
1062 924 1290 995 gratiam
1314 924 1589 994 accepturi
1617 931 1794 989 erant,
1814 924 1898 978 cui

315 1020 394 1073 rei
431 1017 630 1072 invidet
660 1015 911 1078 Satanas,
943 1010 1069 1085 quia
1095 1014 1207 1069 vult
1236 1015 1483 1071 homines
1502 1030 1819 1086 permanere
1844 1015 1898 1070 in

308 1124 499 1164 errore
522 1148 537 1173 ,
558 1116 619 1175 ut
661 1106 1087 1174 discrepantium
1112 1106 1223 1161 sint
1249 1107 1408 1162 unius
1431 1105 1783 1176 professionis
1808 1106 1896 1178 [ﬁt].

308 1199 512 1272 (Θήῃ.)
547 1198 822 1266 Qumritur
856 1197 910 1252 in
936 1198 1040 1252 hoe
1073 1199 1193 1254 loco
1219 1214 1382 1269 quem
1412 1200 1613 1255 dixerit
1641 1198 1898 1255 Satanam

309 1292 413 1345 sub
438 1291 667 1359 pedibus
693 1303 902 1354 eorum,
933 1289 1127 1357 quibus
1154 1290 1375 1356 scribit,
1413 1307 1443 1345 a
1488 1290 1600 1346 Deo
1639 1291 1901 1347 velociter

307 1379 697 1433 t-unterendum
723 1396 737 1433 :
766 1379 810 1433 si
840 1379 984 1433 enim
1015 1379 1083 1433 ad
1107 1395 1269 1434 unam
1294 1395 1582 1449 personam
1608 1379 1898 1446 referatur,

315 1470 463 1521 illam
488 1466 725 1535 scilicet,
752 1471 819 1524 de
855 1485 961 1539 qua
989 1469 1043 1523 in
1072 1470 1364 1540 Evangelia
1392 1470 1626 1525 dicitur:
1660 1469 1797 1529 Ecce
1826 1471 1900 1525 ui-

316 1562 415 1612 deo
440 1560 697 1614 Satanam
723 1559 859 1614 sicut
899 1559 1081 1630 fulgur
1100 1560 1165 1614 dc
1191 1559 1318 1615 coelo
1347 1560 1617 1615 cadentem
1650 1557 1804 1632 (Luc.
1839 1558 1917 1632 χ),

312 1651 517 1719 quique
551 1648 785 1705 Satanas
810 1651 1047 1705 humano
1076 1650 1263 1719 generi
1301 1649 1571 1706 indicatur
1602 1651 1894 1716 adversus,

2005 477 2185 525 lauant
2224 468 2498 538 patientiae
2535 470 2778 542 vestigiis
2806 471 2997 526 caleat.
3047 471 3157 527 Hoc
3199 475 3582 530 est-nimirum

2004 563 2143 629 quod
2188 562 2447 617 Dominus
2480 563 2533 617 in
2576 562 2868 634 Evangelia
2914 564 3046 618 dicit
3087 564 3244 637 (Luc.
3290 566 3393 638 x):
3428 562 3582 636 Ecce,

2000 654 2122 708 dedi
2148 654 2286 710 vobis
2314 664 2616 724 potestatem
2644 655 2884 709 calcanda
2910 673 3065 726 super
3097 669 3355 727 serpentes
3374 669 3420 713 et
3441 678 3586 715 acor-
3660 654 3715 691 "~‘

2000 745 2201 812 piones,
2230 755 2278 797 et
2306 761 2460 812 super
2483 761 2688 800 omnem
2720 748 2956 801 virtutem
2986 749 3204 803 inimici.

2073 832 2258 888 Gratia
2278 834 2488 889 Domini
2511 836 2678 890 nostri
2690 836 2817 890 Jesu
2833 834 3029 891 Christi
3054 830 3332 893 vobiscum.
3351 838 3411 912 (A
3420 839 3583 910 mbr.)

2001 923 2239 978 Gratiam
2256 940 2418 994 quam
2437 927 2686 995 promisit
2708 927 2810 983 illis
2829 928 2881 983 in
2907 928 3140 984 adventu
3163 945 3281 996 suo,
3298 930 3411 1000 jam
3435 941 3590 1002 optat

2000 1028 2120 1070 esse
2142 1031 2265 1070 cmn
2298 1016 2440 1071 illis:
2481 1017 2559 1072 sic
2582 1018 2723 1072 enim
2753 1028 3030 1074 merentur
3065 1035 3184 1074 eam
3222 1022 3498 1092 accipere,
3537 1021 3585 1079 si

1996 1106 2107 1177 jam
2137 1122 2262 1162 cum
2294 1106 2401 1163 illis
2430 1116 2515 1162 est
2542 1108 2597 1162 in
2631 1124 2746 1179 spe.
2776 1107 2973 1182 (θήρ.)
3005 1108 3295 1165 Sciendum
3323 1124 3453 1167 sane
3502 1120 3587 1168 est

2002 1198 2144 1267 quod
2167 1212 2328 1253 omne
2357 1197 2500 1267 quod
2530 1198 2733 1254 habent
2772 1199 3020 1255 homines
3048 1217 3078 1257 a
3106 1201 3240 1267 Deo,
3269 1202 3442 1273 gratia
3469 1209 3581 1269 est,

2002 1288 2137 1345 nihil
2160 1304 2225 1344 ex
2250 1289 2431 1346 debito
2460 1291 2697 1346 habent:
2739 1290 2867 1357 Quis
2898 1293 3035 1346 enim
3072 1295 3217 1361 prior
3243 1294 3381 1348 dedit
3420 1294 3498 1348 illi
3537 1307 3583 1350 et

2003 1381 2317 1435 retribuetur
2340 1382 2388 1435 ei
2426 1379 2606 1452 (Rom.
2639 1381 2759 1453 x1)?
2785 1380 2974 1438 Gratia
3015 1398 3143 1451 ergo
3170 1391 3284 1448 est,
3322 1384 3582 1454 quidquid

2003 1470 2166 1525 habet
2186 1471 2250 1536 is,
2274 1470 2365 1539 qui
2393 1486 2498 1525 non
2514 1469 2613 1524 fuit
2626 1478 2682 1525 et
2700 1479 2802 1535 est,
2820 1472 3092 1541 accipiens
3110 1472 3175 1526 ab
3189 1488 3253 1527 co
3267 1475 3354 1543 qui
3372 1488 3584 1543 semper
3607 1525 3614 1531 .

2001 1560 2121 1624 fuit,
2152 1569 2321 1628 etest,
2340 1571 2395 1617 et
2414 1562 2517 1617 erit
2540 1563 2596 1617 in
2615 1571 2897 1618 internum.
2928 1563 3137 1620 Salutat
3165 1583 3252 1620 nos
3283 1565 3580 1620 Timotheus

2000 1650 2216 1720 adjutor
2242 1668 2385 1707 meus
2409 1661 2456 1705 et
2483 1651 2675 1706 Lucius
2706 1662 2752 1706 et
2789 1652 2955 1707 Iason
2984 1663 3031 1706 et
3063 1650 3329 1723 Sosipater
3379 1664 3583 1725 cogniti

260 1732 273 1739 ”
314 1743 586 1797 videbitur
607 1742 810 1811 utique,
843 1741 888 1796 si
909 1756 1036 1797 vere
1058 1741 1189 1797 dicit
1210 1741 1408 1796 Paulus
1430 1754 1550 1811 quae
1576 1742 1728 1808 dicit,
1759 1742 1903 1811 quod
1934 1741 1978 1799 Β
2006 1742 2127 1795 mei.
2166 1741 2391 1797 Videtur
2416 1742 2545 1797 mihi
2578 1742 2645 1798 de
2674 1743 2791 1799 istis
2810 1759 2947 1813 quos
2966 1745 3324 1814 sequestravit
3346 1744 3412 1798 ab
3436 1747 3581 1800 omni
3632 1816 3637 1823 .

313 1835 420 1888 sub
446 1833 667 1903 pedibus
705 1844 895 1888 eorum
931 1832 1129 1903 quibus
1159 1840 1290 1888 tunc
1330 1833 1605 1889 serib‘ebat
1645 1834 1905 1888 velociter

311 1932 650 1990 conteratur,
688 1923 830 1979 ultra
846 1922 960 1992 jam
990 1928 1098 1979 non
1124 1939 1263 1980 esse
1290 1923 1553 1990 Satanas,
1578 1924 1670 1995 qui
1701 1939 1901 1995 agones

312 2029 371 2070 et
397 2015 698 2071 certamina
743 2023 800 2069 et
839 2014 1242 2085 persecutiones
1283 2016 1627 2071 credentibus
1668 2016 1899 2082 excitet,

311 2109 457 2177 quod
486 2107 674 2178 utique
708 2123 816 2163 non
863 2108 1093 2162 admittit
1138 2106 1272 2163 fides
1314 2122 1515 2162 rerum.
1550 2106 1659 2163 Sed
1689 2109 1903 2164 videtur

315 2200 448 2254 mihi
481 2200 534 2253 in
565 2199 669 2254 hoc
690 2200 809 2255 loco
838 2199 1095 2254 Satanam
1125 2199 1326 2255 dixisse
1363 2214 1577 2255 omnem
1614 2200 1895 2271 spiritum,

312 2291 408 2358 qui
435 2289 780 2346 credebtibds
799 2286 1149 2346 adversatur:
1174 2288 1408 2346 Satanas
1427 2299 1606 2346 autem
1634 2291 1690 2346 in
1713 2300 1896 2347 nostra

312 2384 494 2455 lingua
525 2384 856 2439 adversarius
894 2384 1300 2453 interpretatur.
1329 2384 1598 2454 Quidquid
1620 2399 1751 2455 ergo
1780 2385 1899 2439 ani-

314 2490 419 2527 mae
450 2474 684 2529 tendenti
709 2473 777 2528 ad
800 2475 968 2529 Deum
989 2474 1209 2539 resistit,
1232 2482 1290 2528 et
1315 2476 1654 2540 adversatur,
1676 2482 1731 2529 et
1748 2474 1900 2545 quid-

310 2565 444 2634 quid
473 2565 594 2634 paci
620 2565 951 2619 contrarium
974 2572 1080 2631 est,
1113 2565 1217 2620 hoc
1241 2578 1368 2619 vere
1394 2563 1626 2619 Satanas
1651 2578 1771 2620 esse
1794 2578 1894 2619 no-

312 2658 572 2712 minatur.
597 2658 720 2713 ldeo
744 2658 975 2727 denique
1003 2658 1292 2728 praemisit,
1332 2658 1534 2723 dicens,
1563 2658 1707 2714 Deus
1727 2660 1896 2730 pacis,

317 2750 421 2805 huc
440 2760 522 2804 est
549 2751 690 2806 Deus
710 2750 795 2805 cui
835 2750 1011 2820 placet
1038 2767 1163 2822 pax,
1196 2759 1438 2805 conteret
1466 2739 1610 2806 cum'
1635 2752 1726 2821 qui
1768 2766 1896 2807 con-

316 2843 515 2898 trarius
538 2850 621 2898 est
646 2840 764 2913 paci
796 2850 852 2898 et
877 2843 1238 2899 dissensiones
1259 2852 1530 2912 operatur.
1559 2842 1650 2898 Sic
1669 2843 1898 2914 denique

315 2943 373 2987 et
414 2932 464 2986 in
509 2932 816 3003 Regnorum
861 2932 1015 2989 libris
1058 2932 1286 3003 legimus
1316 2932 1436 3004 (III
1467 2932 1597 3003 Reg.
1625 2933 1733 3003 xi),
1768 2934 1895 3003 quia

316 3024 584 3078 suscitavit
613 3022 753 3077 Deus
783 3022 1052 3078 Salomoni
1091 3022 1348 3078 Satanam
1387 3023 1791 3096 [adversarium]
1825 3025 1897 3078 ad

313 3121 656 3177 deridendum
677 3138 816 3187 eam,
839 3121 942 3176 hoc
965 3125 1050 3174 est
1075 3116 1368 3181 Salomoni,
1382 3115 1475 3185 qui
1496 3122 1615 3170 erat
1639 3115 1897 3185 pacificus

316 3211 596 3266 suscitavit
613 3209 890 3276 Satanam,
913 3209 1112 3280 quiest
1138 3206 1443 3263 contrarius
1464 3205 1603 3275 paci.
1629 3205 1737 3260 Sed
1757 3207 1898 3261 sicut

314 3302 427 3366 his,
453 3315 586 3369 quos
608 3299 894 3371 Apostolus
922 3300 1097 3363 docet,
1122 3298 1168 3353 si
1197 3303 1444 3368 satagant
1470 3304 1527 3351 et
1553 3294 1688 3351 tales
1713 3311 1773 3351 se
1797 3310 1895 3350 ex-

314 3392 536 3446 hibeant
556 3391 739 3461 quales
760 3390 877 3460 ejus
898 3394 1078 3445 sermo
1098 3384 1381 3457 descripsit
1401 3401 1499 3456 pro
1518 3386 1899 3443 emundatioue

313 3483 438 3537 vltzc
463 3483 730 3552 promittit
761 3480 864 3536 sub
901 3479 1126 3548 pedibus
1151 3490 1337 3532 eorum
1365 3491 1395 3530 a
1425 3476 1536 3532 Deo
1562 3477 1713 3547 pacis
1741 3475 1897 3531 Sata-

315 3589 438 3628 nam
480 3573 736 3628 velociter
777 3569 1201 3625 conterendum:
1248 3567 1322 3621 ita
1369 3565 1719 3621 nihilominus
1754 3564 1898 3620 Deus

312 3663 461 3734 pacis
485 3663 535 3718 ei
561 3661 650 3731 qui
680 3674 869 3732 pacem
895 3656 1012 3726 ejus
1038 3671 1144 3713 non
1175 3657 1226 3711 in
1263 3656 1428 3711 corde
1470 3669 1627 3724 puro,
1672 3662 1726 3709 et
1764 3669 1894 3710 con-

311 3752 536 3809 scientia
564 3752 762 3807 munda
811 3748 1137 3812 servaverit,
1179 3747 1406 3803 suscitat
1450 3746 1746 3809 Satanam,
1791 3744 1897 3798 hoc

312 3853 415 3908 est,
443 3842 833 3906 adversarium,
860 3848 921 3894 ut
948 3840 1038 3909 qui
1070 3840 1266 3893 bonum
1294 3838 1442 3907 pacis
1469 3836 1765 3907 neglexerit
1789 3836 1896 3890 im-

313 3935 696 4006 pngnationum
727 3931 1111 3986 amaritudines
1152 3928 1417 4000 perferat,
1466 3937 1522 3982 et
1566 3928 1642 3981 ita
1679 3927 1894 3981 demum

312 4018 483 4098 pacis,
515 4040 675 4096 quam
704 4023 1007 4089 temeravit,
1035 4021 1371 4077 dulcedinem
1406 4020 1460 4074 in
1497 4018 1896 4090 oppugnatione

310 4118 519 4186 positus
543 4115 876 4170 recordetur.
903 4114 978 4167 Ex
996 4121 1226 4182 utroque
1251 4109 1578 4166 azditicetnur
1601 4109 1896 4177 Scriptura:

312 4207 507 4260 divinae
530 4205 668 4268 luco,
699 4219 806 4274 quo
833 4203 918 4257 vel
942 4202 1206 4257 suscitare
1242 4201 1386 4256 Deus
1413 4199 1669 4254 Satanam
1699 4199 1898 4253 dicitur

313 4297 725 4369 negligentibus,
751 4301 1034 4349 conterere
1054 4308 1117 4349 ac
1145 4291 1375 4348 subdere
1402 4289 1748 4354 studiosis,ut
1778 4288 1898 4345 illos

2006 1831 2252 1902 catalogo
2279 1832 2627 1888 salutantium
2656 1833 2778 1902 plus
2816 1834 3021 1903 aliquid
3058 1836 3309 1890 sensisse.
3339 1834 3582 1905 Denique

2004 1920 2345 1976 Timotheum
2372 1921 2673 1991 adiutorem
2701 1937 2856 1978 suum
2900 1916 3049 1989 dicit,
3098 1933 3155 1979 et
3206 1940 3395 1979 omnes
3421 1925 3581 1980 simul

2003 2019 2262 2081 cognatos
2296 2024 2454 2074 suos;
2500 2020 2556 2066 et
2579 2011 2795 2081 quidem
2826 2011 2893 2066 de
2942 2013 3226 2068 Timotheo
3269 2012 3581 2082 plenissime

2003 2103 2237 2159 refertur
2258 2104 2310 2159 in
2337 2103 2559 2159 Actibus
2573 2104 2934 2174 apostolorum
2957 2104 3099 2175 quod
3122 2102 3285 2159 fuerit
3323 2102 3579 2160 Hebrmus

2002 2196 2155 2261 civis,
2192 2195 2333 2252 illius
2361 2196 2602 2253 mulieris
2628 2196 2825 2253 Judmae
2850 2196 3039 2261 ﬁdelis,
3067 2212 3133 2252 ex
3159 2204 3315 2267 patre
3344 2196 3528 2267 gentili
3558 2215 3570 2249 :

2001 2289 2066 2344 de
2078 2304 2185 2360 quo
2211 2299 2266 2343 et
2291 2289 2407 2359 ipse
2431 2289 2630 2344 Paulus
2642 2289 2774 2345 dicit
2799 2308 2811 2343 :
2844 2289 2969 2359 quia
2989 2297 3274 2360 propterea
3302 2288 3572 2360 rogaverit

2000 2394 2123 2433 eum
2150 2395 2468 2450 permanere
2497 2380 2726 2451 Ephesi,
2755 2392 2812 2436 ut
2841 2380 3113 2435 denuntiet
3138 2379 3483 2451 quibusdam,
3514 2395 3579 2434 ne

1999 2472 2156 2528 aliter
2183 2473 2430 2539 doceant,
2465 2488 2637 2541 neque
2658 2472 2942 2528 attendant
2967 2456 3161 2531 fabulis
3179 2478 3234 2528 et
3254 2471 3581 2543 genealogiis

2000 2562 2242 2618 inﬁnitis.
2269 2562 2376 2619 Sed
2397 2573 2452 2619 et
2477 2562 2697 2619 Lucium
2719 2564 2937 2633 quidam
2961 2564 3134 2635 ipsum
3157 2564 3441 2634 perhibent
3462 2579 3582 2621 esse

2000 2650 2217 2712 Lucam,
2247 2653 2337 2723 qui
2368 2653 2718 2725 Evangelium
2740 2654 2975 2724 scripsit,
3001 2669 3100 2725 pro
3118 2669 3184 2710 eo
3209 2654 3351 2724 quod
3372 2654 3584 2709 soleant

1999 2745 2216 2801 nomina
2251 2745 2520 2802 interdum
2558 2746 2851 2802 secundum
2886 2746 3114 2816 patriam
3139 2745 3579 2811 declinationem,

2001 2837 2269 2893 interdum
2309 2837 2472 2892 etiam
2513 2838 2810 2891 secundum
2847 2836 3128 2903 Graecam,
3173 2836 3580 2906 Romanamque

1999 2928 2251 2999 proferri.
2281 2927 2446 2985 Iason
2473 2941 2603 2984 vero
2625 2928 2714 2983 ille
2739 2937 2841 2994 est,
2869 2928 2937 2983 de
2961 2943 3069 2999 quo
3087 2929 3250 2984 etiam
3276 2928 3330 2983 in
3355 2927 3580 2983 Actibus

2000 3020 2375 3091 apostolorum
2395 3019 2656 3076 scribitur
2685 3019 2826 3089 (Act.
2851 3020 2983 3090 xm)
3010 3020 3154 3090 quod
3181 3021 3324 3090 apud
3350 3018 3582 3076 Thessa-

1924 3084 1968 3147 C
1999 3084 2229 3167 ionicam
2258 3126 2359 3182 pro
2380 3111 2550 3166 Paulo
2568 3119 2626 3167 et
2646 3084 2756 3166 Sila
2777 3084 3097 3167 seditionem
3120 3084 3580 3168 commoventibus

2000 3204 2191 3271 turbis,
2215 3205 2562 3275 semetipsum
2592 3203 2832 3269 dederit,
2876 3212 2937 3258 ut
2978 3202 3235 3274 apostolis
3272 3201 3579 3259 discedendi

1997 3297 2203 3354 faceret
2225 3297 2553 3354 libertatem.
2572 3296 2851 3367 Sosipater
2864 3312 3081 3367 quoque
3099 3296 3189 3366 qui
3213 3295 3299 3351 his
3312 3294 3579 3369 jungitur,

1997 3392 2261 3462 suspicor,
2290 3391 2433 3461 quod
2457 3392 2573 3462 ipse
2610 3392 2684 3445 sit
2724 3391 2815 3462 qui
2864 3391 2918 3446 in
2963 3389 3187 3447 Actibus
3210 3389 3577 3459 apostolorum

1998 3482 2136 3553 (Act.
2168 3481 2263 3553 xx)
2288 3483 2615 3540 describitur
2650 3480 2960 3553 Sosipater,
3007 3480 3199 3552 Pyrrhi
3237 3477 3580 3536 eronensis

1997 3572 2369 3645 [Bermensis].
2399 3571 2595 3643 (Δηώ.)
2621 3572 2937 3629 Timotheus
2958 3585 3182 3626 consors
3202 3566 3443 3625 laborum
3465 3566 3582 3637 ejus

1996 3670 2101 3728 est,
2127 3660 2281 3729 quasi
2314 3660 2685 3728 coepiscopus,
2731 3669 2787 3714 et
2832 3674 3025 3728 magna
3068 3674 3191 3713 cum
3218 3657 3580 3715 sollicitudine

1997 3749 2293 3805 Ecclesium
2321 3746 2655 3819 gubernabat
2687 3747 2891 3817 positus
2918 3747 2971 3800 in
2996 3747 3249 3803 invidiam
3270 3746 3576 3804 Judaeorum

1996 3854 2167 3909 usque
2194 3840 2361 3905 adeo,
2400 3846 2462 3892 ut
2502 3837 2644 3893 inter
2674 3836 2825 3892 initia
2854 3836 3332 3892 circumeiderctur
3359 3845 3578 3907 propter

1995 3931 2309 3988 scandalum
2336 3929 2662 3993 Judteorum,
2687 3936 2748 3983 ut
2771 3928 2892 3998 quia
2921 3937 3095 3983 matre
3122 3926 3305 3984 Judaza
3324 3935 3459 3992 erat,
3482 3928 3578 3982 do-

1996 4035 2115 4083 ctor
2136 4040 2259 4082 esse
2284 4030 2390 4080 non
2418 4030 2600 4094 posset
2625 4022 3065 4088 incircumcisus;
3096 4021 3213 4076 illos
3237 4036 3366 4076 vero
3378 4035 3577 4092 cogna-

2000 4125 2084 4173 tos
2112 4116 2243 4173 dicit
2260 4108 2457 4187 partim
2483 4114 2715 4186 generis,
2745 4113 2939 4183 partim
2969 4113 3090 4168 ﬁdei
3125 4127 3313 4168 causa.

2069 4204 2257 4263 Saluto
2284 4222 2371 4260 vos
2401 4218 2494 4276 ego
2521 4203 2850 4275 Tertius,qui
2877 4204 3063 4274 scripsi
3080 4200 3372 4272 Epistulam
3398 4201 3451 4276 in
3472 4200 3575 4255 Do-

1994 4294 2136 4349 mino
2160 4310 2180 4349 :
2207 4272 2694 4358 Tertius'nomine,
2722 4272 2829 4346 non
2857 4272 3100 4357 numero,
3135 4291 3223 4346 hic
3271 4299 3355 4346 est
3395 4272 3572 4347 scriba

314 4391 380 4445 ad
403 4404 602 4459 agones
628 4388 886 4443 concitet.
909 4386 1027 4441 istis
1050 4385 1114 4439 de
1141 4391 1414 4452 prostrato
1439 4380 1750 4436 adversario
1776 4378 1890 4449 pal-
1920 4419 1972 4480 Β
1998 4384 2251 4456 Ερίειοιω
2278 4384 2365 4440 cui
2402 4383 2672 4439 concessit
2705 4398 2802 4438 suo
2843 4383 3058 4437 nomine
3094 4380 3328 4437 salutare
3364 4380 3577 4451 plebem

315 4497 457 4535 tinam
481 4479 721 4535 victoriae
746 4479 980 4542 tribuat,
1010 4484 1066 4529 et
1100 4475 1312 4529 virtutis
1348 4471 1567 4543 praemia
1610 4470 1889 4541 largiatur.

314 4570 603 4625 Possumus
631 4579 810 4623 autem
844 4575 902 4624 et
923 4582 1021 4636 per
1064 4565 1302 4635 singulos
1328 4578 1571 4633 quosque
1599 4576 1817 4632 agones.
1847 4563 1890 4616 si

313 4660 549 4732 legitime
573 4667 867 4723 certemus,
893 4658 1093 4720 dicere,
1119 4656 1264 4726 quod
1295 4654 1438 4709 Deus
1462 4661 1709 4709 conteret
1739 4651 1892 4706 Sala-

315 4766 439 4804 nam
469 4752 570 4804 sub
598 4749 827 4819 pedibus
871 4748 1070 4801 nostris
1104 4744 1397 4800 velociter:
1440 4743 1589 4799 verbi
1616 4757 1815 4806 causa,
1844 4741 1890 4797 si

315 4840 437 4908 quis
464 4853 689 4910 agonem
715 4837 1016 4906 susceperit
1046 4835 1328 4900 castitatis,
1360 4833 1405 4889 si
1430 4846 1599 4902 usque
1623 4832 1691 4886 ad
1728 4832 1891 4885 linem

316 4931 657 4987 immaculata
684 4928 1011 4985 conscientia
1034 4925 1426 4996 perduraverit,
1448 4923 1553 4979 diei
1599 4923 1666 4979 de
1701 4938 1767 4977 eo
1802 4939 1896 4992 po-
1931 4964 1934 4967 η

318 5034 442 5087 test,
471 5024 598 5093 quia
627 5022 884 5078 contrivit
913 5019 1170 5074 Satanam
1195 5017 1296 5072 sub
1320 5016 1544 5086 pedibus
1564 5014 1712 5083 ejus:
1736 5016 1788 5070 id
1814 5008 1898 5068 est

312 5117 594 5187 spiritum,
623 5118 861 5188 quierat
898 5114 1201 5170 contrarius
1240 5110 1499 5166 castitati.
1541 5107 1805 5165 Similiter
1841 5121 1895 5164 et

312 5206 404 5276 qui
431 5222 657 5277 agonem
684 5207 809 5260 ﬁdei
832 5204 1077 5272 suscipit,
1104 5201 1149 5257 si
1178 5210 1327 5256 stans
1346 5210 1471 5254 ante
1500 5215 1655 5270 reges
1679 5209 1735 5253 et
1758 5214 1894 5269 prm-

313 5300 476 5365 sides,
507 5314 630 5353 eum
656 5298 847 5352 tiducia
875 5296 1195 5352 conﬁteatur
1216 5293 1498 5347 Dominum
1525 5290 1707 5346 Jesum
1735 5292 1884 5346 Chri-

314 5394 473 5455 stum,
508 5398 563 5445 et
593 5394 761 5459 usque
792 5391 861 5444 ad
902 5389 1062 5444 tinem
1095 5388 1148 5440 in
1178 5386 1515 5441 cent‘essione
1539 5395 1885 5455 permaneat,

314 5479 455 5535 Deus
483 5479 736 5536 contrivit
764 5479 1018 5533 Satanam
1045 5477 1146 5531 sub
1173 5476 1397 5546 pedibus
1436 5474 1575 5543 ejus,
1601 5491 1724 5530 cum
1763 5474 1887 5529 inli-

314 5567 549 5648 delitatis
577 5569 827 5639 spiritum
865 5567 1013 5621 vicit.
1045 5566 1149 5621 Sed
1178 5574 1233 5621 et
1266 5566 1356 5634 qui
1386 5564 1729 5620 concordiam
1760 5579 1874 5633 per-

312 5670 625 5717 severanter
655 5661 806 5728 colit,
836 5660 1182 5715 dissensionis
1212 5659 1507 5715 dwmonem
1539 5659 1639 5712 sub
1662 5659 1888 5727 pedibus

1996 4477 2321 4543 Romanam,
2347 4474 2414 4530 ad
2442 4491 2606 4545 quam
2639 4474 2828 4531 scribit
2852 4483 2912 4529 ιιι
2935 4483 3159 4530 caeteros
3182 4473 3415 4530 salutent
3441 4488 3577 4546 quos

1998 4568 2263 4634 nominat,
2294 4567 2472 4623 adhuc
2495 4567 2639 4622 enim
2665 4573 2905 4620 rectores
2932 4564 3186 4621 Ecelesiis
3215 4565 3401 4635 paucis
3420 4572 3579 4619 erant

1999 4662 2052 4716 in
2089 4661 2241 4716 locis.
2285 4658 2495 4714 Salutat
2528 4675 2613 4713 ros
2642 4655 2806 4712 Gaius
2840 4657 3023 4727 hospes
3059 4673 3201 4711 meus
3241 4668 3289 4712 et
3329 4659 3578 4712 universa:

2001 4752 2269 4807 Ecclesiae.
2316 4751 2416 4806 Hic
2452 4749 2638 4814 Gaius,
2682 4758 2742 4804 ut
2780 4748 3035 4813 arbitror,
3075 4748 3142 4803 ad
3185 4764 3343 4818 quem
3389 4749 3577 4803 scribit

1998 4843 2234 4898 Joannes
2263 4840 2552 4912 Apostolus
2581 4839 2856 4894 exsultans
2879 4841 2933 4894 in
2955 4839 3220 4893 charitate
3259 4837 3376 4906 ejus
3414 4855 3574 4909 quam

1997 4935 2252 4988 exhibeat
2283 4930 2626 4993 fraternitati,
2654 4929 2901 4997 pnebens
2925 4937 3167 4996 sumplus
3197 4927 3299 4982 illis
3328 4943 3573 4985 necessa-

1998 5024 2140 5089 rios;
2183 5031 2238 5077 et
2264 5035 2386 5075 cum
2414 5019 2661 5089 superius
2691 5020 2854 5081 dicat,
2886 5017 3121 5073 salutant
3147 5034 3242 5071 vos
3266 5036 3451 5075 omnes
3478 5021 3574 5075 Ec-

1995 5114 2171 5169 clesiae
2202 5110 2435 5175 Christi,
2473 5125 2616 5164 nunc
2645 5110 2803 5162 iterat
2832 5107 3041 5171 dicens,
3077 5107 3307 5163 salutant
3343 5127 3429 5165 vos
3460 5114 3573 5166 uni-

1994 5223 2155 5261 rerstc
2186 5204 2468 5269 Ecclesiaz,
2499 5203 2641 5273 quod
2669 5211 2799 5273 puto
2833 5218 2937 5257 non
2972 5201 3143 5257 otiose
3168 5202 3417 5257 iteratum
3448 5223 3461 5256 :
3495 5207 3573 5258 ni-

1994 5299 2066 5352 hil
2110 5297 2254 5351 enim
2299 5303 2481 5349 tantus
2527 5294 2611 5348 vir
2652 5303 2708 5348 et
2751 5303 2858 5348 tam
2909 5293 3204 5348 tractabilis
3248 5294 3572 5363 superﬂuum

1992 5391 2224 5459 ponebat
2254 5406 2265 5441 :
2298 5386 2388 5441 sed
2420 5385 2546 5455 quia
2587 5385 2822 5440 salutant
2861 5398 2973 5443 vos,
3006 5383 3209 5452 inquit,
3253 5399 3440 5439 omnes
3475 5374 3571 5440 Ec-

1994 5479 2171 5533 clcsite
2198 5477 2434 5541 Christi,
2476 5478 2527 5530 id
2563 5483 2645 5530 est
2673 5490 2859 5529 omnes
2896 5474 3102 5538 sancti,
3142 5473 3282 5528 sicut
3318 5474 3423 5529 alio
3455 5475 3574 5530 loco

1994 5569 2152 5631 dicit,
2184 5560 2288 5626 Qui
2333 5575 2509 5619 autem
2550 5563 2930 5628 suntrtlltristi,
2957 5578 3162 5617 carnem
3201 5580 3353 5617 suam
3394 5566 3570 5619 cruci-

1993 5657 2216 5723 [λι-θνητή
2252 5654 2448 5725 (Colat.
2481 5655 2558 5719 vi,
2589 5670 2727 5707 nunc
2752 5651 2998 5721 subjecit,
3018 5654 3176 5707 ctiam
3201 5655 3297 5707 hos
3313 5654 3570 5725 salutare.
