4026 6180
408 286 553 354 tots

1044 294 1108 350 Β.
1146 290 1402 349 RABANI
1437 289 1659 377 MAURl
1694 284 2012 345 ARClllEP.
2054 282 2367 342 MOGUNT.
2409 281 2696 340 OPERUM
2732 280 2913 338 PARS
2947 281 3033 337 ιιι.

3522 286 3658 340 1616

390 419 482 491 qui
504 407 790 487 sequentes
810 425 956 481 sunt,
982 423 1043 469 ut
1060 413 1400 470 benedictum
1423 407 1677 482 populum
1711 404 1978 478 signiﬁcet
2009 408 2062 464 Α.
2081 400 2635 491 poribusisazculorum
2658 401 2713 453 in
2734 399 2939 455 silentio
2959 399 3142 462 habiti,
3169 413 3273 455 non
3296 400 3425 455 mihi
3451 401 3661 458 videtur

387 506 664 572 Ecclesia,
710 505 838 575 quia
868 507 920 559 in
951 504 1101 557 omni
1146 501 1389 557 Ecclesia
1429 500 1535 555 duo
1595 505 1721 554 sunt
1772 495 1973 567 populi.

398 599 589 657 Potest
609 606 658 652 et
683 598 908 653 duarum
929 594 1329 666 provinciarum
1354 590 1659 646 nominasse
1681 586 1975 651 Ecclesias,

387 698 449 747 ιιι
476 688 712 761 primum
735 687 918 751 unius,
960 685 1149 740 deinde
1186 683 1411 737 alterius
1452 681 1556 737 loci
1585 680 1809 736 dixisset
1858 693 1973 732 om-

391 799 489 840 nes
535 780 836 843 Ecclesias,
882 784 975 832 aut
1023 784 1172 832 certe
1194 774 1506 830 Judazorum
1558 779 1651 825 aut
1677 768 1973 840 gentilium.
2020 816 2041 829 ,μ

467 871 680 929 Salutat
722 885 807 925 ros
853 868 1070 921 Erastus
1109 866 1350 919 arcarius
1379 863 1631 926 civitatis,
1668 869 1715 913 et
1745 858 1977 923 Quartus

391 960 656 1036 [Marcus]
684 960 867 1030 frater.
902 956 1177 1019 Arcarius,
1212 955 1263 1009 id
1297 966 1399 1018 est,
1431 953 1792 1021 dispensator,
1819 946 1975 1017 quasi

389 1059 629 1115 curator,
652 1049 744 1120 qui
787 1048 1022 1102 dictante
1059 1043 1268 1115 iustitia
1308 1041 1639 1112 gubernabat
1683 1037 1975 1104 civitatem,

392 1139 629 1198 maxime
656 1155 711 1195 ιιι
745 1137 933 1208 pretiis
976 1133 1340 1192 moderandis.
1370 1132 1469 1185 hos
1504 1143 1692 1184 omnes
1720 1128 1840 1181 ideo
1874 1141 1975 1180 no-

386 1228 641 1286 minatim
688 1233 971 1284 enumerat
1011 1224 1065 1278 in
1113 1219 1434 1277 salutatione
1478 1217 1874 1277 Romanorum,
1919 1221 1977 1268 ut

393 1319 601 1376 scirent
646 1316 833 1388 quales
879 1324 936 1370 et
974 1311 1170 1383 "quanti
1221 1308 1561 1380 congaudent
1612 1306 1754 1360 bono
1799 1312 1980 1373 empto

390 1412 628 1468 illorum.
655 1406 856 1482 (Θήῃ.)
899 1405 1078 1475 Ipsum
1109 1409 1239 1474 puto
1274 1414 1395 1455 esse
1424 1398 1673 1453 Erastum
1708 1410 1869 1465 quem
1899 1392 1980 1447 di-

391 1501 497 1567 cit,
537 1500 663 1570 quia
702 1495 964 1551 remansit
991 1490 1271 1557 Corinthi,
1305 1489 1503 1559 quique
1528 1486 1743 1541 videtur
1768 1484 1982 1553 dispen-

389 1601 539 1649 sator
564 1591 799 1648 civitatis
842 1588 1073 1646 ostendi.
1120 1585 1228 1642 Sed
1270 1601 1377 1640 non
1417 1594 1549 1654 puto
1588 1581 1730 1652 quod
1769 1595 1836 1634 ex
1878 1581 1981 1634 hoc

388 1681 564 1737 cilicio
604 1695 930 1753 magnopere
971 1678 1171 1733 Paulus
1212 1676 1543 1731 mentionem
1599 1672 1717 1741 ejus
1770 1671 1823 1725 in
1866 1670 1980 1739 epi-

390 1773 530 1829 stola
573 1788 670 1827 sua
710 1770 931 1836 fecerit,
977 1768 1081 1823 nisi
1121 1766 1261 1822 forte
1304 1763 1509 1834 aliquid
1552 1762 1606 1817 in
1645 1776 1710 1815 eo
1749 1759 1979 1829 amplius

389 1862 641 1927 senserit,
662 1870 717 1915 et
732 1859 1000 1915 arcarium
1015 1873 1160 1922 eum,
1181 1857 1233 1911 id
1253 1864 1357 1921 est,
1381 1854 1804 1923 dispensatorem
1832 1850 1979 1905 illius

388 1953 628 2009 civitatis
672 1949 900 2012 dixerit,
934 1946 1086 2015 cujus
1115 1945 1311 2001 artifex
1352 1951 1408 1999 et
1450 1942 1698 1997 conditor
1731 1942 1891 2005 Deus,
1923 1945 1980 1994 et

388 2043 513 2098 ideo
538 2056 637 2097 nec
658 2054 853 2095 nomen
888 2038 1130 2108 posuerit
1163 2037 1316 2107 cuius
1339 2035 1597 2098 civitatis,
1621 2033 1716 2088 sed
1740 2039 1978 2086 tantum-

390 2133 551 2188 modo
586 2148 711 2188 eum
752 2130 1024 2185 arcarium
1070 2126 1452 2183 nominaverit.
1489 2125 1681 2181 Utrum
1712 2138 1844 2194 ergo
1882 2121 1975 2176 tali

388 2225 549 2279 modo
578 2222 782 2293 aliquo,
814 2236 883 2275 an
908 2234 1040 2275 vero
1069 2217 1386 2288 simpliciter
1407 2217 1578 2286 magis
1605 2213 1975 2285 accipiendum

389 2317 482 2381 sit,
508 2315 637 2370 nihil
665 2314 844 2385 potius
870 2313 923 2366 in
943 2310 1095 2365 Pauli
1115 2310 1311 2365 litteris
1339 2307 1745 2378 requirendum,
1773 2314 1827 2360 tu
1852 2320 1978 2360 eon-

387 2406 627 2461 sitlcrato
655 2405 746 2476 qui
775 2403 929 2473 legis.

462 2494 532 2549 El
558 2505 731 2548 autem
756 2495 844 2566 qui
871 2502 1051 2565 potens
1076 2500 1149 2546 est
1173 2507 1258 2545 ros
1281 2489 1594 2557 conﬁrmare
1611 2487 1768 2557 juxta
1795 2486 1974 2539 Evan-

387 2583 578 2655 gelium
606 2599 777 2638 meum
798 2623 812 2644 ,
844 2590 893 2636 et
917 2581 1345 2652 praedicationem
1366 2579 1497 2633 Iesu
1526 2577 1755 2641 Christi,
1787 2593 1974 2655 secun-

389 2652 516 2725 dum
550 2670 911 2725 reuelationem
950 2670 1183 2740 mysterii
1218 2667 1534 2739 temporibus
1568 2667 1776 2722 (sternis
1806 2652 1974 2734 taciti,

387 2759 530 2834 quod
557 2777 696 2815 nunc
715 2760 1035 2832 patefactum
1060 2770 1133 2815 est
1153 2776 1246 2831 per
1267 2758 1568 2829 Scripturas
1601 2759 1975 2829 prophetarum

343 2919 356 2933 .
389 2852 675 2907 secundum
698 2861 1013 2923 praeceptum
1036 2852 1216 2910 a'tcrni
1240 2850 1357 2915 Dei,
1387 2850 1455 2903 ad
1482 2850 1826 2905 obeditionem
1847 2848 1975 2917 ﬁdei

386 2943 443 2999 in
465 2943 665 2998 cunctis
694 2942 933 3016 gentibus
954 2943 1144 3013 cogniti
1166 2941 1265 2996 soli
1301 2941 1525 3011 sapienti
1548 2939 1659 2994 Deo
1679 2955 1771 3010 per
1787 2937 1972 2993 Iesum

388 3033 679 3100 Christum,
705 3034 791 3087 cui
830 3033 997 3088 honor
1032 3042 1080 3088 et
1115 3031 1284 3103 gloria
1322 3033 1379 3086 in
1413 3029 1605 3085 stecula
1633 3029 1968 3085 saeculorum.

2080 489 2225 561 quod
2249 490 2314 545 ad
2343 504 2532 546 omnes
2557 490 2826 560 pertineat
2861 490 2965 544 ista
2991 489 3270 557 utriusque
3293 491 3504 559 generis
3531 508 3661 549 con-

2079 581 2332 646 ﬁrmatio,
2376 580 2471 635 sed
2512 582 2579 634 ad
2621 594 2809 634 omnes
2848 579 3067 648 quidem
3106 579 3340 649 pertinet
3378 583 3671 639 credentes

2078 671 2344 726 duntaxat
2385 669 2732 739 Evangelium
2774 668 2947 733 Pauli,
2994 678 3049 722 et
3088 669 3397 738 praedicatio
3432 670 3664 727 Christi.

2080 759 2357 815 Bevelatio
2388 775 2515 815 vero
2543 760 3233 829 sacramenti'temporibus
3261 762 3580 818 sseculorum
3607 766 3663 819 in

2081 851 2295 906 silentio
2321 852 2488 906 habiti
2522 867 2629 906 non
2655 852 2723 906 ad
2752 854 2954 921 plures,
2992 853 3088 908 sed
3124 855 3192 908 ad
3226 871 3447 924 paucos,
3478 867 3534 912 et
3562 858 3675 914 ele-

2080 950 2216 1006 ctos,
2245 943 2337 1012 qui
2376 956 2603 1010 capaces
2635 957 2755 996 esse
2779 944 2988 1012 possint
3009 945 3290 1014 sapientia:
3332 955 3389 1000 et
3428 948 3674 1004 scientia:

2081 1033 2199 1098 Dei,
2229 1035 2297 1088 de
2339 1032 2535 1103 quibus
2572 1033 2769 1089 dicitur
2801 1052 2816 1087 :
2862 1032 3020 1087 Multi
3052 1036 3251 1101 vocati,
3294 1039 3452 1105 pauci
3494 1051 3671 1094 autem

2079 1124 2229 1181 electi
2255 1124 2471 1195 (Matth.
2500 1125 2613 1198 xx).
2642 1126 2747 1181 Sed
2763 1135 2818 1182 et
2843 1127 2988 1183 deeo
3006 1128 3148 1198 quod
3165 1127 3263 1192 ait,
3279 1134 3592 1185 sacramenti
3613 1134 3675 1186 in

2079 1217 2286 1272 silentio
2312 1218 2509 1285 habiti,
2557 1219 2941 1288 requirendum
2996 1229 3082 1274 est
3121 1229 3303 1273 utrum
3336 1221 3409 1275 ita
3444 1221 3497 1276 id
3527 1223 3672 1278 dicat

2081 1308 2135 1363 in
2162 1308 2374 1363 silentio
2400 1308 2643 1364 habitum
2662 1349 2678 1373 ,
2709 1317 2771 1363 ut
2792 1308 3014 1364 omnino
3052 1308 3230 1364 nullus
3261 1312 3570 1380 agnoverit,
3600 1328 3674 1367 ne

2081 1400 2181 1473 ipsi
2204 1400 2440 1470 quidem,
2475 1401 2567 1470 qui
2605 1400 2998 1455 annuntiabant
3040 1400 3355 1470 Propheta,
3401 1416 3468 1455 an
3507 1401 3671 1456 altior

2081 1494 2261 1562 aliqua
2305 1492 2503 1547 silentii
2548 1491 2891 1562 intelligenda
2927 1499 3010 1546 cst
3054 1492 3194 1546 ratio
3238 1510 3253 1545 :
3298 1492 3668 1563 mihiquidem

2082 1584 2237 1639 valde
2276 1583 2569 1640 absurdum
2610 1583 2845 1648 videtur,
2877 1591 2938 1638 ut
2978 1583 3225 1638 dicamus
3250 1582 3540 1653 Prophetas
3586 1586 3664 1639 ita

2081 1675 2361 1745 scripsisse
2389 1675 2456 1731 de
2494 1674 2862 1729 Sacramentis
2889 1671 3110 1738 diiinis,
3148 1682 3209 1726 ut
3244 1689 3350 1728 non
3381 1674 3657 1729 intellexe-

2010 1743 2055 1803 Β
2083 1743 2208 1820 rint
2220 1781 2284 1820 ea
2310 1766 2424 1834 ipsa
2447 1779 2568 1835 quae
2594 1764 2867 1831 dicebant,
2889 1779 3014 1820 cum
3040 1761 3321 1831 Scriptura
3345 1763 3477 1819 dicat
3508 1782 3522 1816 :
3552 1763 3655 1818 Sa-

2079 1857 2225 1929 piens
2261 1854 2502 1925 intelligit
2530 1855 2647 1926 quie
2675 1855 2741 1909 de
2771 1871 2860 1909 ore
2883 1854 3000 1924 ejus
3024 1853 3331 1923 procedunt,
3360 1863 3407 1907 et
3428 1855 3479 1907 in
3499 1853 3651 1908 labiis

2078 1958 2251 2020 portat
2278 1947 2595 2003 intellectum
2623 1946 2812 2020 (Eccli.
2847 1946 2985 2019 xxr).
3016 1946 3076 2001 Si
3099 1961 3228 2015 ergo
3256 1944 3530 2015 Propheta:
3546 1959 3657 1998 non

2080 2037 2464 2093 intellexerunt
2495 2051 2616 2106 qua:
2654 2036 2722 2090 de
2760 2050 2855 2090 ore
2880 2034 3101 2106 proprio
3136 2033 3511 2103 proferebant,
3551 2049 3660 2087 non

2079 2136 2237 2184 erant
2278 2127 2571 2196 sapientes.
2602 2127 2800 2182 Verum
2842 2126 2974 2196 quia
3005 2123 3227 2178 stultum
3256 2132 3338 2177 est
3375 2124 3663 2191 prophetas

2080 2219 2349 2284 conﬁteri,
2395 2227 2451 2273 ct
2491 2230 2690 2285 negare
2731 2231 2826 2271 eos
2866 2215 3142 2284 sapientes
3178 2213 3366 2279 fuisse,
3411 2220 3571 2268 restat
3597 2221 3658 2266 ut

2079 2310 2354 2381 sapientes
2380 2308 2598 2373 fuerint,
2624 2316 2679 2362 et
2706 2306 3068 2361 intellexerint
3092 2320 3213 2374 quae
3236 2320 3302 2359 ex
3327 2319 3422 2359 ore
3448 2304 3659 2372 proprio

2077 2402 2455 2473 proferebant,
2483 2410 2540 2456 et
2574 2399 2865 2456 habuerint
2893 2398 3228 2452 intellectura
3262 2398 3318 2451 in
3348 2397 3502 2452 labiis
3528 2397 3659 2451 suis.

2078 2494 2211 2561 Quae
2284 2508 2417 2563 ergo
2490 2491 2690 2547 silentii
2763 2483 2944 2547 ratio?
2992 2490 3286 2545 Videamus
3340 2504 3409 2544 ne
3455 2488 3541 2543 illa
3596 2489 3665 2543 sit

2077 2599 2240 2656 quam
2270 2592 2325 2638 et
2352 2583 2468 2652 ipse
2496 2580 2695 2636 Paulus
2731 2579 2834 2635 sibi
2865 2580 3117 2634 traditam
3146 2594 3247 2648 pro
3284 2577 3665 2635 Sacrameato—

2079 2690 2199 2730 rum
2228 2673 2629 2742 dispensatione
2653 2671 2952 2741 perdocuit,
2976 2670 3068 2724 ubi
3096 2670 3245 2734 dicit,
3272 2670 3666 2739 perabductum

2077 2781 2136 2822 se
2159 2781 2279 2821 esse
2310 2764 2362 2820 in
2388 2766 2608 2820 tertium
2639 2763 2835 2819 coelum
2868 2771 2924 2817 et
2956 2763 3082 2817 inde
3115 2762 3455 2828 Paradisum,
3481 2771 3537 2818 et
3565 2778 3667 2816 au-

2077 2858 2222 2914 disse
2248 2871 2355 2911 non
2384 2855 2645 2910 edieenda
2674 2854 2868 2917 verba,
2902 2867 3024 2922 qua:
3060 2868 3166 2907 non
3195 2849 3551 2908 licethomiui
3585 2853 3667 2908 lo-

2076 2947 2192 3018 qui.
2241 2946 2299 3000 ln
2324 2961 2431 3015 quo
2459 2947 2644 3015 utique
2679 2944 2939 3007 ostendit,
2983 2960 3089 2997 non
3118 2945 3262 3014 quod
3308 2945 3423 3014 ipse
3460 2945 3666 3015 ignoret

2080 3034 2222 3107 quod
2245 3034 2496 3100 audierit,
2522 3035 2616 3090 sed
2641 3035 2782 3104 quod
2805 3034 3112 3091 hominibus
3134 3035 3390 3104 pandere,
3414 3051 3536 3105 qua:
3558 3038 3660 3091 sibi

384 3127 573 3181 Amen.
608 3126 843 3201 (Ambr.)
888 3128 999 3182 Deo
1029 3125 1212 3192 Patri,
1240 3140 1309 3183 ex
1337 3139 1444 3194 quo
1484 3131 1611 3179 sunt
1638 3124 1851 3190 omnia,
1880 3123 1973 3178 dat
1998 3109 2043 3172 C
2075 3133 2204 3180 sunt
2247 3124 2479 3179 indicata
2523 3140 2630 3179 non
2660 3124 2839 3180 liceat.
2881 3123 2957 3178 lta
3001 3140 3129 3195 ergo
3154 3132 3337 3194 potest
3378 3137 3433 3182 et
3471 3127 3523 3180 in
3556 3127 3658 3180 hoc

386 3218 634 3291 gloriam,
663 3230 690 3259 α
718 3225 777 3272 ut
805 3224 1040 3288 carptum
1075 3216 1463 3280 Romanorum,
1494 3213 1619 3284 quia
1648 3221 1840 3283 potens
1866 3222 1969 3276 est,

387 3309 643 3380 dignetur
662 3308 885 3377 implere
908 3307 1276 3363 conﬁrmando
1300 3308 1356 3362 in
1394 3306 1500 3362 ﬁde
1538 3306 1752 3361 animos
1784 3319 1977 3359 eorum

294 3408 307 3414 ί
387 3397 458 3454 ad
500 3398 799 3470 profectum
839 3396 1148 3466 Evangelii,
1191 3404 1249 3451 et
1295 3395 1681 3449 revelationem
1729 3399 1975 3463 mystern

389 3494 691 3551 aheconditi
732 3493 1027 3565 mysteriis,
1071 3490 1405 3545 manifestari
1451 3497 1631 3543 autem
1679 3501 1778 3558 per
1818 3486 1977 3542 Chri-

389 3598 533 3646 stum
561 3588 647 3644 vel
680 3589 732 3642 in
761 3586 979 3642 Christo
1005 3603 1019 3638 :
1053 3589 1450 3639 sacramentum
1475 3581 1621 3636 enim
1652 3580 1795 3650 quod
1820 3578 1978 3635 latuit

389 3692 602 3753 semper
640 3679 695 3733 in
720 3677 854 3742 Deo,
898 3674 1230 3745 temporibus
1268 3671 1466 3728 Christi
1505 3670 1834 3727 declaratum
1867 3678 1973 3735 est,

387 3770 514 3841 quia
547 3784 655 3823 non
688 3766 976 3839 singularis
1012 3773 1096 3820 est
1135 3765 1278 3819 Deus
1305 3763 1395 3833 qui
1435 3770 1519 3818 est
1553 3761 1691 3831 apud
1725 3760 1873 3815 illum
1909 3775 1974 3815 ex

388 3857 608 3913 aeternis
636 3865 692 3912 et
730 3870 925 3919 sermo,
953 3849 1008 3910 et
1034 3853 1348 3924 paraclitus,
1383 3853 1435 3907 in
1466 3868 1573 3923 qua
1599 3852 1828 3907 veritate
1853 3865 1973 3905 om-

390 3965 515 4005 nem
541 3957 848 4005 creaturam
874 3947 1109 4002 decrevit
1131 3946 1334 4002 salvam
1357 3945 1472 4001 ﬁeri
1492 3960 1591 4016 per
1610 3943 1973 4015 agnitionem;

390 4040 546 4109 cujus
572 4039 787 4109 quidem
828 4037 1152 4094 sacramenti
1179 4036 1381 4091 veritas
1405 4050 1502 4107 per
1538 4033 1831 4104 prophetas
1860 4032 1977 4088 tue-

389 4139 472 4186 rat
516 4130 793 4200 designata
838 4127 1021 4199 ﬁguris
1065 4125 1420 4196 quibusdam,
1466 4124 1566 4180 soli
1615 4118 1756 4181 Deo“
1774 4123 1976 4193 cogniti

394 4220 645 4290 sapienti,
675 4218 828 4288 cujus
861 4218 1137 4288 sapientia:
1172 4216 1462 4287 participes
1491 4214 1661 4269 voluit
1693 4222 1748 4269 et
1778 4213 1979 4269 Gentes

395 4312 541 4383 quod
571 4310 726 4366 latuit
756 4325 924 4383 genus
955 4308 1251 4364 hominum.
1281 4306 1441 4363 Solus
1466 4321 1595 4377 ergo
1632 4305 1975 4375 sapiens’est,

392 4403 517 4471 quia
542 4404 608 4458 ab
632 4403 747 4472 ipso
769 4411 853 4458 est
872 4401 1048 4456 omnis
1068 4400 1354 4470 sapientia,
1377 4400 1519 4456 sicut
1532 4398 1933 4455 dicitSalomon
1958 4415 1972 4452 :

394 4493 580 4548 Omnis
614 4493 869 4564 sapientia
902 4509 933 4546 a
964 4490 1188 4545 Domino
1220 4489 1327 4545 Deo
1356 4499 1454 4555 est,
1493 4499 1541 4544 et
1572 4505 1693 4544 cum
1729 4490 1841 4559 ipso
1876 4487 1977 4557 fuit

390 4599 594 4654 semper
624 4582 793 4653 (Eccl.
829 4582 886 4654 ι).
925 4581 1199 4652 Sapientia
1225 4583 1327 4636 ista
1355 4569 1605 4636 Christus
1629 4588 1734 4646 est,
1766 4579 1891 4649 quia
1912 4579 1981 4634 de

391 4677 510 4745 ipso
542 4681 627 4729 est
652 4682 706 4728 et
734 4688 856 4728 cum
893 4672 984 4727 illo
1012 4682 1131 4728 erat
1158 4686 1394 4741 semper,
1436 4686 1531 4740 per
1553 4685 1711 4741 quem
1742 4669 1841 4739 ipsi
1868 4668 1982 4740 glo~

391 4768 472 4821 ria
523 4766 576 4820 in
621 4764 818 4821 saecula
865 4764 1202 4819 saeculorum.
1252 4763 1377 4818 ldeo
1419 4762 1554 4817 nihil
1603 4746 1720 4816 sine
1762 4758 1984 4815 Christo

390 4857 629 4927 plenum,
659 4854 784 4925 quia
829 4868 927 4925 per
958 4855 1131 4923 ipsum
1160 4853 1363 4917 omnia,
1395 4852 1485 4923 qui
1519 4865 1640 4906 cum
1671 4849 1983 4920 agnoscitur

392 4948 550 5000 datur
575 4946 686 4999 Deo
714 4943 860 4997 Patri
891 4943 1007 4998 laus
1041 4957 1139 5014 per
1173 4941 1378 5011 ipsum,
1411 4939 1501 5010 qui
1542 4938 1857 5008 intelligitur
1885 4953 1982 5007 per

392 5035 670 5091 Christum
701 5033 852 5103 quasi
894 5047 994 5103 per
1032 5030 1349 5103 sapientiam
1381 5045 1555 5093 suam,
1586 5028 1641 5083 in
1671 5044 1773 5097 qua
1807 5026 1985 5081 salvos

2075 3217 2194 3272 loco
2222 3217 2422 3273 dictum
2458 3216 2629 3270 videri
2677 3214 3083 3271 Sacramentum
3119 3217 3455 3286 temporibus
3488 3231 3656 3271 szecu-

2075 3307 2251 3365 lorum
2279 3309 2334 3362 in
2352 3306 2566 3362 silentio
2591 3300 2858 3371 habitum,
2886 3307 3027 3377 quod
3047 3307 3275 3364 scierint
3297 3309 3517 3378 quidem
3537 3308 3663 3363 Pro-

2075 3400 2251 3469 pheta;
2277 3398 2361 3469 (ex
2389 3396 2685 3468 Scripturis
2714 3396 2860 3452 enim
2883 3396 3218 3468 Propheticis
3237 3398 3657 3469 manifestatur),

2077 3493 2172 3547 sed
2200 3490 2531 3557 hominibus,
2558 3489 2611 3545 id
2641 3499 2725 3545 est
2749 3490 2910 3561 vulgo
2936 3505 3044 3545 non
3073 3489 3544 3546 manifestaveriut
3569 3507 3663 3547 nec

2077 3583 2467 3654 patefecerint,
2514 3584 2610 3639 sed
2655 3583 2868 3638 silentio
2913 3582 3142 3637 texerint
3195 3583 3492 3637 secundum
3533 3600 3667 3654 pra:-

2076 3685 2293 3746 ceptum
2339 3675 2527 3731 aeterni
2570 3674 2663 3730 Dei
2685 3716 2698 3737 ,
2744 3690 3024 3745 usquequo
3074 3685 3286 3745 tempus
3336 3677 3576 3741 adesset,
3610 3686 3668 3730 ut

2077 3766 2315 3823 Verbum
2336 3782 2463 3822 caro
2485 3765 2637 3821 ﬁeret
2660 3775 2717 3821 et
2740 3766 3007 3821 habitaret
3034 3766 3086 3820 in
3117 3766 3280 3821 nobis
3313 3766 3487 3839 (Joan.
3518 3766 3582 3833 ι),
3607 3777 3665 3821 et

2078 3854 2515 3912 manifestaretur
2570 3856 2821 3910 omnibus
2873 3855 3125 3925 gentibus
3182 3856 3254 3911 ad
3302 3855 3650 3911 obedientiam

2077 3949 2224 4004 ﬁdei.
2276 3948 2430 4016 Quod
2456 3961 2593 4002 vero
2638 3947 2735 4013 ait,
2784 3946 2883 4001 sali
2924 3946 3147 4018 sapienti
3190 3946 3318 4013 Deo,
3364 3946 3657 4016 sapientem

2078 4040 2247 4096 Deum
2273 4055 2379 4095 non
2410 4039 2485 4093 ita
2510 4038 2761 4107 accipias,
2798 4037 2955 4108 quasi
2993 4052 3154 4107 quem
3188 4038 3448 4108 sapientia
3472 4035 3665 4091 fecerit

2078 4131 2399 4202 sapientem,
2431 4140 2492 4184 ut
2526 4131 2670 4185 inter
2692 4129 2938 4185 homines
2977 4129 3248 4184 habetur:
3281 4128 3494 4197 sapiens
3520 4128 3669 4183 enim

2078 4225 2222 4280 inter
2249 4224 2496 4278 homines
2528 4222 2725 4277 dicitur
2756 4221 3128 4292 unusquisque
3157 4237 3220 4276 ex
3259 4221 3673 4291 participatione

2079 4316 2392 4387 sapientiae;
2422 4313 2563 4369 Deus
2586 4329 2735 4377 vero,
2766 4329 2871 4367 non
2895 4314 3046 4381 quasi
3074 4312 3165 4383 qui
3195 4328 3261 4368 ex
3289 4313 3552 4380 sapientia
3583 4326 3673 4365 sa-

2081 4409 2234 4480 piens
2255 4407 2430 4461 factus
2444 4406 2533 4469 sit.
2555 4406 2646 4461 sed
2658 4407 2813 4476 quasi
2828 4405 2916 4474 qui
2938 4405 3054 4474 ipse
3073 4412 3260 4461 auctor
3285 4404 3356 4458 sit
3380 4413 3435 4458 et
3459 4402 3678 4473 genitor

2083 4496 2381 4567 sapientiae,
2401 4495 2616 4565 sapiens
2637 4494 2966 4564 appellatur;
2997 4509 3104 4548 non
3132 4493 3299 4556 enim,
3330 4499 3394 4548 ut
3413 4493 3674 4557 diximus,

2085 4605 2151 4644 ex
2197 4587 2459 4658 sapientia
2494 4586 2710 4655 sapiens
2753 4585 2915 4650 Deus,
2946 4583 3042 4638 sed
3074 4598 3139 4637 ex
3166 4584 3411 4651 sapiente
3442 4581 3555 4636 Deo
3580 4596 3673 4635 sa-

2083 4679 2283 4751 pientia
2339 4678 2602 4750 procedit.
2651 4676 2843 4731 Merito
2895 4676 3092 4731 dicitur
3138 4674 3237 4730 soli
3283 4674 3509 4742 sapienti
3542 4674 3674 4738 Deo,

2086 4769 2231 4825 solus
2260 4777 2344 4823 est
2377 4767 2520 4822 enim
2552 4767 2623 4821 ita
2656 4767 2870 4836 sapiens
2897 4765 3057 4829 Deus,
3112 4773 3170 4820 ut
3203 4764 3529 4832 sapientiam
3560 4764 3679 4834 ipso

2089 4860 2260 4930 magis
2284 4859 2550 4930 genuerit,
2574 4873 2735 4928 quam
2759 4873 2825 4911 ex
2855 4856 3118 4925 sapientia
3141 4854 3355 4925 sapiens
3385 4854 3565 4909 factus
3578 4855 3676 4920 sit,

2087 4960 2141 5005 et
2170 4961 2318 5006 recte
2344 4950 2393 5003 ei
2421 4948 2635 5003 claritas
2652 4964 2744 5017 per
2763 4948 2944 5001 Jesum
2976 4946 3241 5000 Christum
3270 4944 3517 5005 refertur,
3545 4945 3679 5013 quia

2091 5042 2165 5096 ita
2194 5040 2490 5109 sapientem
2539 5052 2661 5092 esse
2686 5036 2856 5093 solum
2890 5035 3086 5099 Deum,
3115 5044 3177 5088 ut
3206 5034 3322 5104 ipse
3352 5033 3678 5101 sapientiam

393 5124 520 5180 fecit
548 5123 830 5180 credentes
848 5122 1055 5205 {gloria
1077 5137 1207 5191 ergo
1229 5120 1374 5175 Patri
1400 5134 1496 5190 per
1515 5118 1734 5182 Filium,
1758 5117 1861 5171 hoc
1883 5123 1978 5184 est,

2088 5130 2375 5200 genuerit,
2435 5128 2686 5184 Christus
2727 5125 2925 5190 Iesus,
2977 5127 3067 5196 qui
3116 5134 3199 5181 est
3254 5125 3351 5179 Dei
3394 5125 3569 5178 virtus
3604 5135 3678 5178 tet

393 5214 657 5270 ambobus
683 5212 854 5283 gloria
877 5212 931 5266 in
962 5210 1166 5281 Spiritu
1194 5210 1319 5281 quia
1345 5218 1571 5278 uterque
1596 5208 1650 5261 in
1677 5222 1780 5262 una
1810 5205 1980 5277 gloria

392 5312 496 5359 est.
524 5301 727 5377 (Orig.)
757 5301 864 5358 Sed
895 5301 1090 5357 iterum
1125 5314 1469 5356 recurramus
1494 5307 1550 5352 et
1572 5296 1985 5353 consideremus

395 5395 538 5462 quod
564 5394 769 5450 dictum
806 5401 920 5459 est,
956 5394 1005 5446 ci
1030 5401 1206 5447 autem
1231 5392 1321 5462 qui
1349 5399 1531 5460 potens
1559 5398 1635 5443 est
1674 5404 1761 5443 uos
1791 5387 1983 5456 conﬁr-

384 5497 542 5537 mare
568 5483 853 5537 secundum
884 5480 1228 5552 Euangelium
1266 5495 1439 5535 meum
1476 5488 1524 5533 et
1554 5477 1978 5549 prtedicationem

394 5567 526 5627 Iesu
552 5570 771 5639 Christi,
806 5572 1092 5628 secundum
1122 5569 1485 5672 reuelationem
1514 5566 1828 5625 sacramenti
1854 5576 1980 5620 tem—

478 5694 506 5727 ι
537 5681 713 5740 Locus
736 5684 1039 5741 obscurior.

2087 5222 2183 5276 Dei
2211 5221 2494 5291 sapientia,
2521 5218 2844 5285 declaravit;
2878 5219 2930 5273 in
2960 5217 3154 5274 siccata
3182 5231 3312 5271 vero
3334 5215 3677 5278 swculomn,

2085 5312 2229 5382 quod
2256 5312 2330 5366 sit
2358 5312 2526 5366 moris
2561 5310 2855 5381 Scriptura:
2878 5310 3075 5365 divinae
3114 5307 3537 5362 immensitatem
3573 5322 3682 5376 per

2087 5403 2202 5455 lure
2231 5411 2471 5469 tempora
2500 5400 2814 5470 designare;
2844 5399 3006 5453 Amen
3033 5406 3236 5462 autem,
3266 5396 3419 5466 quasi
3452 5395 3519 5448 ad
3548 5409 3681 5450 eon-

2088 5491 2448 5546 ﬁrmationem
2478 5491 2749 5556 omnium,
2784 5506 2904 5560 qua:
2933 5489 3182 5559 superius
3218 5488 3412 5556 scripta
3451 5493 3579 5541 sunt
3618 5487 3681 5540 in

2089 5581 2194 5634 ﬁne
2218 5582 2419 5651 posuit,
2444 5596 2549 5651 per.
2568 5582 2709 5650 quod
2739 5580 3029 5635 vernaculo
3052 5579 3396 5636 llebrzeorum
3422 5591 3685 5633 sermone
3770 5596 3781 5604 ο

2086 5688 2213 5727 vera
2242 5682 2297 5728 et
2328 5672 2503 5729 ﬁdelia
2531 5689 2652 5730 esse
2673 5689 2793 5743 quae
2816 5681 2941 5729 sunt
2975 5674 3174 5744 scripta
3201 5673 3455 5744 signaret.

1849 5814 2251 5834 Μ
