4158 6430
194 434 451 596 ὢῖ

220 1070 281 1163 ξφ

2138 424 2363 431 -.μ-ν--γω-
2396 422 2464 429 ,ι-
2525 420 2587 428 ιαο
2674 418 2813 426 --σο-ο
2848 417 2955 423 ..η‹-

1489 571 1661 616 ANNO
1698 570 1923 614 DOMINI
1952 568 2192 612 CMXXV.

1152 751 2496 969 NICOLAUS

613 1145 2171 1257 CONSTANTINOPOLITANUS
2236 1075 3000 1234 caruissent

1512 1544 2155 1659 NOTITIA.

308 1797 585 1857 Auctore
622 1796 693 1854 R.
735 1795 794 1852 P.
829 1790 995 1855 God.
1028 1787 1444 1850 Henscltenio
1486 1787 1548 1848 in
1592 1786 1763 1849 Actis
1809 1789 1914 1850 SS.
1950 1784 2238 1847 Bolland.
2277 1781 2423 1845 Mttii
2456 1790 2606 1841 tom.
2641 1778 2743 1855 Ill,
2778 1779 2883 1840 die
2918 1772 3013 1851 15,
3061 1794 3197 1856 pag.
3238 1772 3375 1838 509.

267 2081 473 2136 Leonis
530 2082 811 2151 Sapientis
877 2096 968 2135 seu
1038 2077 1351 2148 PhiIOSOphi
1428 2071 2071 2145 imperatorisAstathii
2136 2070 2330 2125 classis
2388 2068 2681 2138 Drungarii
2738 2078 2790 2122 et
2847 2066 3145 2133 Caramali,
3202 2080 3301 2119 nec
3353 2072 3458 2118 non

199 2173 791 2241 Constantinopolitaui
829 2174 1093 2242 mysticus
1118 2169 1377 2225 fueratS.
1412 2170 1689 2231 Nieolaus,
1727 2166 1780 2220 id

200 2278 301 2325 est,
356 2280 469 2318 non
519 2266 701 2319 solum
754 2263 1072 2319 secretioris
1113 2262 1235 2330 ejus
1278 2260 1491 2315 consilii
1540 2269 1779 2324 senator,

203 2359 295 2411 sed
327 2358 509 2427 ipsius
558 2365 784 2410 senatus
834 2360 1031 2409 oculus
1077 2370 1171 2409 seu
1218 2368 1455 2421 praeses;
1503 2352 1650 2407 etab
1680 2354 1780 2407 hoc

202 2450 492 2505 excellenti
524 2449 846 2515 magistratu
875 2446 1172 2501 translatus
1204 2455 1289 2498 est
1332 2444 1397 2498 ad
1440 2443 1781 2512 patriarcha-

205 2555 317 2597 tum
361 2540 1059 2610 Constantinopolitanum,
1095 2555 1158 2592 ac
1191 2539 1409 2591 tandem
1445 2538 1635 2605 plenus
1664 2535 1779 2589 die-

206 2654 324 2692 rum
357 2652 423 2690 ae
456 2637 778 2691 meritorum
824 2634 1078 2702 migratit
1129 2633 1194 2686 ad
1245 2632 1525 2685 tlhristum
1569 2631 1671 2683 hoc
1714 2630 1780 2683 15

205 2728 373 2781 Maii:
413 2728 481 2781 ad
529 2742 692 2795 quem
740 2728 904 2788 diem,
955 2726 1147 2787 sancti,
1197 2724 1309 2777 sive
1351 2722 1443 2775 τοῦ
1490 2724 1547 2775 ὲν
1578 2720 1778 2788 ἁγίοις,

206 2817 530 2887 patriarcha
611 2815 1190 2883 Constantinopolitani
1253 2814 1463 2867 Nicolai
1526 2813 1781 2882 depositio

208 2912 475 2977 inscripta
505 2919 591 2963 est
636 2917 957 2978 pervetusto
1003 2905 1311 2975 Synaxario
1351 2904 1607 2959 Ecclesia:
1634 2903 1781 2959 Con-

208 3002 736 3070 stantinopolitanae,
770 3000 915 3069 quod
950 3009 1034 3053 est
1085 2997 1310 3069 Collegii
1373 2997 1781 3052 Claromontani

210 3095 491 3149 societatis
514 3093 648 3148 Jesu
672 3091 919 3147 Parisiis.
946 3093 1200 3161 Ejusdem
1237 3092 1555 3161 patriarcha:
1578 3092 1782 3147 Nicolai

208 3202 365 3240 sacra
421 3185 689 3239 memoria
737 3184 803 3237 ad
863 3184 1117 3238 eumdem
1172 3184 1315 3238 diem
1370 3182 1678 3239 celebratur
1728 3184 1783 3237 in

209 3280 433 3333 Menaeis
467 3293 602 3333 mss.
643 3277 1141 3331 Mcdiolanensihus
1180 3276 1524 3330 bibliotheca:
1558 3276 1787 3328 Ambro-

208 3373 396 3434 siame,
458 3370 690 3440 signatis
734 3372 913 3424 littera
959 3369 1003 3423 Ο
1058 3379 1113 3425 et
1158 3386 1213 3423 n.
1266 3370 1403 3430 MS,
1452 3379 1509 3422 et
1558 3369 1610 3423 in
1662 3370 1787 3423 unis

210 3462 429 3516 ﬂentis
464 3462 622 3516 ducis
669 3460 1003 3515 Sabaudiae:
1058 3460 1112 3514 in
1147 3461 1335 3514 alteris
1378 3474 1508 3513 vero
1558 3459 1789 3513 refertur

216 3554 277 3606 ad
315 3554 460 3605 diem
487 3561 806 3620 sequentem
839 3551 904 3605 16
933 3550 1079 3616 Maii,
1116 3552 1191 3604 uti
1226 3552 1387 3605 etiam
1426 3552 1478 3604 in
1510 3549 1788 3605 Parisien-

218 3645 369 3697 sibus
401 3644 702 3697 cardinalis
732 3642 1013 3696 Mazarini.
1060 3645 1128 3696 At
1182 3644 1357 3709 pridie
1400 3644 1513 3695 sive
1542 3644 1607 3694 ad
1644 3644 1785 3695 diem

220 3738 283 3790 14
326 3736 491 3800 Maii,
538 3735 593 3788 in
640 3749 774 3789 mss.
837 3733 1262 3787 Divionensibus
1312 3732 1454 3788 Petri
1508 3732 1786 3787 Francisci

218 3825 497 3890 Chiflletii,
528 3827 732 3881 dicitur
766 3826 822 3880 S.
861 3827 1121 3881 Nicotaus
1158 3826 1470 3894 patriarcha
1511 3825 1784 3879 Constan-

218 3917 615 3985 tinopolitanus
649 3916 703 3968 in
748 3929 877 3983 pace
906 3915 1204 3985 quievisse,
1242 3914 1669 3985 adjungiturque
1692 3914 1791 3967 hoc

217 4008 489 4061 distichon
515 4023 531 4063 :

297 4100 356 4150 Ὀ
377 4098 641 4159 Νικόλαος
670 4097 908 4151 ἐκλιπὼν
939 4098 1096 4153 σκιὰν
1127 4100 1262 4169 βίον,

287 4170 431 4239 Πρὸς
458 4170 647 4222 ἄσκιον
685 4169 919 4238 μετῆλθε
954 4170 1130 4237 φωτὸς
1160 4171 1380 4240 χωρίον.

291 4279 541 4334 Umbram
578 4280 873 4347 relinquens
896 4278 1150 4333 Nicotaus
1187 4280 1389 4345 swculi,

289 4351 601 4404 Translata:
623 4361 701 4403 est
725 4352 779 4403 in
812 4353 1043 4403 nescium
1076 4351 1383 4403 unibrarum
1420 4351 1613 4405 locum.

294 4468 343 4519 1.
386 4464 529 4519 luter
576 4479 780 4518 uxores
851 4480 989 4534 quas
1046 4464 1155 4518 Leo
1200 4465 1432 4532 Sapiens
1487 4466 1794 4519 successive

222 4556 396 4616 duxit,
436 4556 613 4623 prima
638 4553 698 4610 S.
729 4553 1086 4622 Theophane,
1107 4570 1231 4624 qua:
1262 4570 1290 4607 a
1321 4553 1525 4609 Graecis
1561 4555 1793 4609 refertur

221 4650 283 4701 ad
315 4648 460 4701 diem
498 4647 566 4701 16
608 4645 961 4712 Decembris;
1001 4656 1195 4716 quarta
1229 4645 1338 4700 Zoe
1380 4647 1505 4709 fuit,
1540 4664 1705 4716 quam
1739 4648 1792 4701 in

223 4739 310 4793 illa
342 4740 609 4809 dignitate
647 4739 853 4793 risisse
879 4753 1083 4793 annum
1121 4756 1287 4792 unnm
1317 4748 1372 4793 et
1403 4754 1621 4793 menses
1650 4750 1793 4805 ot-to,

220 4832 413 4885 scribit
455 4830 565 4884 Leo
612 4828 1018 4885 Grammaticus
1048 4830 1103 4884 in
1142 4829 1616 4901 Chronographia,
1655 4833 1795 4885 hanc

220 4922 363 4976 Zoen
409 4930 761 4977 materteram
798 4938 954 4978 suam
993 4924 1296 4993 appellans,
1342 4924 1478 4979 adeo
1507 4935 1564 4978 ut
1594 4927 1796 4979 certior

222 5015 405 5068 haberi
444 5026 678 5083 nequeat
711 5024 903 5069 auctor
944 5016 1152 5071 notitia:
1205 5018 1274 5071 de
1322 5016 1380 5070 S.
1430 5016 1653 5073 Nicolao
1694 5033 1793 5087 po-

222 5108 455 5159 stolatae.
498 5105 713 5160 Mortuo
760 5123 887 5175 ergo
936 5108 995 5163 S.
1032 5111 1271 5164 Antonio
1317 5109 1519 5164 Caulea
1561 5111 1792 5179 patriar-

219 5201 343 5262 cha,
377 5198 539 5268 cujus
569 5201 702 5254 Acta
727 5201 1121 5255 illustravimus
1141 5202 1205 5255 ad
1234 5203 1376 5255 diem
1407 5202 1470 5254 12
1494 5202 1792 5267 Februarii,

226 5310 242 5341 ι
290 5293 347 5344 in
397 5292 519 5361 ejus
573 5294 752 5347 locum
805 5292 1063 5348 Nicotaus
1132 5294 1477 5361 imperatoris
1532 5297 1794 5366 mysticus

220 5393 511 5450 provectus
550 5397 633 5439 est
678 5401 823 5442 anno
849 5386 975 5451 895,
1017 5402 1179 5456 quem
1218 5387 1483 5441 creditum
1525 5389 1793 5458 sapientia

220 5478 362 5530 alios
412 5486 469 5530 et
514 5478 806 5543 prudentia
848 5482 1057 5534 anteire
1104 5498 1123 5530 ι
1182 5480 1256 5533 ait
1299 5479 1621 5535 Cedrenus:
1673 5496 1795 5550 quae

221 5581 350 5620 vero
386 5567 581 5622 deinde
629 5570 998 5639 contigerunt,
1032 5572 1104 5626 ita
1138 5584 1325 5627 narrat
1367 5573 1478 5626 Leo
1506 5572 1793 5628 Gramma-

222 5661 385 5720 ticus,
422 5672 547 5729 pag.
580 5660 705 5714 481.
746 5679 765 5709 ι
805 5660 1232 5718 Tauromenium
1279 5664 1478 5718 Siciliae
1508 5667 1698 5720 civitas
1727 5666 1793 5719 ab

226 5751 366 5806 Afris
394 5762 551 5822 capta
582 5762 687 5815 est,
726 5756 976 5809 socordia
1006 5770 1099 5812 aut
1132 5758 1314 5814 verius
1345 5757 1653 5826 proditione
1683 5756 1789 5812 Eu-

541 5849 811 5910 PATROL.
858 5852 1012 5915 CXI.

1886 2164 2166 2221 Michaelis
2196 2165 2476 2227 Charaeti,
2512 2163 2714 2218 ihidem
2761 2172 3125 2231 repertarum,
3170 2158 3462 2229 quamplu-

1888 2258 2044 2311 ritnis
2089 2255 2463 2310 Romanorum
2512 2271 2576 2308 ea
2630 2256 2684 2307 in
2730 2254 2884 2308 clade
2923 2254 3104 2308 caesis.
3142 2250 3370 2305 Reversi
3408 2250 3461 2302 in

1889 2350 2078 2404 urbem
2120 2348 2189 2402 ab
2223 2348 2552 2416 itnperatore
2589 2354 2641 2401 et
2688 2346 3001 2415 patriarcha
3038 2344 3375 2412 reprehensi,
3412 2349 3465 2395 ct

1889 2458 1917 2495 a
1962 2441 2225 2496 Michaele
2266 2440 2541 2494 Characto
2589 2438 2918 2508 proditionis
2967 2435 3226 2499 convicti,
3289 2444 3464 2487 morte

1886 2530 2233 2587 condemnati
2276 2536 2404 2584 sunt
2442 2546 2456 2582 :
2510 2529 2818 2597 patriarcha
2859 2541 2987 2580 vero
3040 2525 3263 2580 Nicolao
3318 2524 3461 2591 apud

1887 2627 2271 2693 imperatorem
2318 2614 2721 2690 interpellante,
2766 2634 2915 2673 mors
2957 2618 3263 2673 condonata
3294 2632 3309 2668 :
3343 2628 3464 2669 ver-

1886 2717 2224 2783 beribusque
2281 2713 2627 2768 solummodo
2657 2711 2910 2782 subjecti,
2951 2709 3109 2764 bonis
3143 2723 3331 2764 eorum
3365 2723 3466 2777 pu-

1888 2807 2121 2871 blicatis,
2147 2806 2292 2860 inter
2320 2805 2622 2861 monachos
2645 2804 2853 2862 detrusi
2879 2813 3029 2860 sunt.
3058 2822 3077 2855 ι
3101 2802 3163 2856 Et
3182 2819 3304 2872 pag.
3322 2803 3460 2858 485:

1897 2918 1915 2951 ι
1959 2898 2000 2952 Ε
2051 2898 2182 2962 Zoe,
2237 2897 2453 2967 inquit.
2503 2907 2700 2965 quarta
2754 2893 2991 2964 conjuge
3042 2892 3460 2947 Constantinum

1893 2990 2063 3045 lilium
2094 2989 2205 3045 Leo
2239 2988 2501 3056 suscepit,
2534 2987 2629 3057 qui
2668 2985 2806 3041 festo
2844 2984 3137 3039 Luminum
3174 2999 3204 3037 a
3240 2983 3464 3037 Nicolao

1890 3081 2203 3154 patriarcha
2235 3082 2291 3135 in
2318 3080 2512 3150 Magna
2560 3078 2825 3142 Ecclesia,
2866 3076 3293 3147 suseipieutibus
3329 3091 3464 3147 pue-

1892 3189 2014 3228 rum
2052 3188 2083 3228 e
2133 3173 2284 3227 fonte
2331 3171 2645 3226 Alexandro
2690 3170 3038 3239 imperatore,
3095 3170 3333 3224 Samona
3367 3185 3465 3239 pa-

1892 3266 2051 3320 tricio
2109 3275 2163 3319 et
2223 3264 2546 3335 proceribus
2602 3265 2852 3327 cunctis.
2906 3264 3218 3333 baptizatus
3286 3274 3460 3319 est....

1890 3358 2152 3412 Eamdem
2187 3371 2317 3411 vero
2356 3355 2501 3411 Zoen
2545 3355 2837 3411 declaravit
2878 3357 3178 3426 Augustam
3228 3356 3465 3425 impera-

1892 3461 2000 3515 tor,
2036 3464 2198 3518 quem
2252 3456 2543 3518 eapropter
2570 3447 2823 3501 Ecclesia:
2846 3447 3125 3501 liminibus
3154 3449 3463 3516 patriarcha

1892 3544 2171 3615 prohibuit
2225 3560 2239 3597 :
2296 3551 2355 3597 ut
2419 3542 2617 3597 exinde
2699 3543 2904 3612 pariter
2949 3544 3171 3597 dextera
3225 3546 3468 3599 ecclesiae

1896 3647 2069 3707 parte,
2116 3638 2202 3691 via
2250 3646 2516 3691 consueta
2575 3637 2792 3704 penitus
2832 3637 3038 3699 relicta,
3080 3638 3147 3689 ad
3200 3637 3467 3693 Mitatori-

1891 3726 2034 3779 cium
2059 3740 2233 3794 usque
2264 3720 2637 3791 pertransiret.
2671 3725 2941 3782 Samonas
2961 3727 3158 3782 deinde
3186 3729 3469 3784 accubitor

1894 3826 2183 3884 provectus
2213 3826 2314 3879 est,
2352 3817 2497 3885 quod
2530 3818 2595 3873 ad
2628 3832 2791 3872 omne
2816 3818 3030 3875 facinus
3055 3829 3108 3874 et
3142 3823 3466 3889 pravitatem

1894 3909 2210 3978 imperatori
2248 3924 2466 3963 manum
2506 3910 2773 3979 praberet
2809 3912 3155 3976 auxiliarem.
3192 3925 3245 3968 et
3275 3916 3469 3971 adver-

1894 4018 1988 4056 sus
2013 4000 2315 4056 Ecclesiam
2348 4011 2637 4070 coeperunt
2671 4002 2947 4057 meditari.
2973 4002 3237 4059 Vocatum
3267 4007 3471 4077 quippe

1895 4092 1962 4146 ad
1993 4106 2050 4146 se
2081 4091 2361 4146 Nicolaum
2402 4093 2767 4160 patriarcham
2810 4095 2897 4151 die
2934 4096 3114 4165 primo
3163 4095 3468 4163 Februarii,

1895 4187 2152 4256 precibus
2185 4188 2485 4255 instabant,
2520 4198 2578 4243 ut
2624 4189 2676 4242 in
2728 4189 3028 4245 Eccleslam
3076 4192 3467 4262 reciperentur.

1897 4277 1967 4333 Ut
1998 4295 2125 4334 vero
2160 4280 2376 4335 ﬂectere
2416 4297 2521 4334 non
2552 4292 2869 4350 potuerunt,
2895 4298 2925 4337 a
2957 4286 3206 4339 convivio
3231 4286 3470 4354 publico,

1895 4374 1960 4427 ad
2002 4372 2147 4443 quod
2186 4385 2411 4428 vocatus
2448 4376 2648 4439 fuerat,
2690 4376 2925 4445 ejectum
2953 4387 3009 4431 et
3038 4394 3133 4447 per
3165 4380 3475 4434 Bucoleon-

1897 4474 2006 4519 tem
2036 4466 2281 4528 ductum,
2320 4467 2580 4534 lintriqne
2604 4469 2944 4537 impositum,
2990 4472 3045 4524 in
3092 4470 3331 4528 llieriam
3359 4484 3471 4528 tra-

1892 4556 2181 4623 jecerunt:
2211 4572 2239 4609 e
2269 4571 2375 4625 qua
2428 4557 2591 4624 pedes
2632 4559 2699 4611 ad
2744 4557 3078 4616 Galaerenos
3130 4578 3307 4631 usque
3348 4565 3471 4618 nire

1900 4648 2068 4701 multa
2101 4647 2377 4701 delibutus
2411 4650 2680 4716 pervenit.
2704 4650 2761 4703 ln
2787 4650 2905 4717 eius
2936 4651 3114 4705 locum
3150 4652 3470 4723 Euthymius

1896 4740 2169 4810 syncellus
2224 4740 2305 4793 vir
2346 4740 2529 4809 gravis
2574 4750 2630 4793 et
2671 4742 3169 4810 temperatissimus
3208 4745 3470 4801 suffectus

1898 4842 2001 4893 est,
2054 4846 2213 4893 quem
2263 4830 2454 4884 dicunt
2506 4830 2691 4886 divina
2745 4834 3079 4890 revelatione
3128 4838 3177 4890 id
3226 4840 3471 4893 muneris

1899 4924 2229 4992 suscepisse.
2282 4921 2514 4977 Volebat
2562 4924 2708 4978 enim
2760 4925 3061 4995 imperator
3118 4930 3369 4984 lncresim
3416 4941 3469 4983 et

1896 5019 2071 5086 legem
2132 5031 2356 5085 ponere,
2416 5032 2524 5085 qua
2570 5018 2688 5071 viro
2745 5028 2854 5073 tres
2905 5028 3209 5087 quatuorve
3266 5035 3468 5074 uxores

1897 5110 2101 5165 ducere
2151 5110 2357 5173 liceret,
2408 5109 2657 5178 pluribus
2712 5109 3050 5165 doctissimis
3103 5112 3235 5165 viris
3292 5112 3359 5165 ad
3417 5114 3466 5165 id

1898 5216 2057 5271 opem
2090 5199 2522 5255 conferentibus.
2562 5217 2580 5251 ι
2621 5200 2746 5255 llaec
2774 5200 2881 5254 Leo
2911 5217 3078 5270 agens
3112 5204 3178 5255 de
3204 5205 3469 5256 uxoribus

1898 5295 2208 5349 successive
2244 5294 2534 5360 ducendis,
2568 5304 2624 5347 et
2661 5296 2934 5349 consentit
2975 5296 3279 5358 Cedrenus.
3312 5304 3467 5365 cujus

1898 5384 2163 5453 interpres
2210 5397 2495 5452 perperam
2563 5383 2889 5452 interposoit
2954 5386 3116 5437 δίηιυί
3175 5396 3282 5439 tres
3332 5403 3469 5453 qua-

1898 5484 2090 5529 tuorve
2122 5486 2322 5525 uxores
2355 5484 2413 5527 ut
2447 5475 2647 5528 ducere
2676 5473 2886 5529 liceret.
2934 5475 3010 5531 De
3054 5477 3142 5531 illa
3177 5478 3307 5531 olim
3344 5494 3472 5547 pro-

1897 5568 2163 5623 hibitione
2187 5566 2294 5620 lata
2320 5568 2546 5621 consule
2576 5566 2814 5620 Matthwi
2854 5570 3111 5623 monachi
3135 5571 3469 5638 quaestiones

1896 5661 2351 5725 matrimoniales,
2382 5661 2520 5715 libro
2554 5677 2650 5715 \‘lll
2706 5664 2835 5716 tomi
2874 5664 3031 5732 primi
3065 5662 3211 5718 luris
3250 5665 3468 5719 Curen-

1899 5756 2151 5823 Romani,
2212 5768 2262 5812 et
2313 5773 2434 5828 qua:
2489 5756 2786 5813 cardiualis
2836 5758 3105 5813 Baronius
3162 5760 3467 5819 Atinatibus

3005 5855 3026 5910 1
