4158 6430
698 383 759 446 ll
2118 381 2540 444 PREFATIU.
3899 393 3965 453 l2.

693 495 926 550 inseruit
979 496 1047 548 ad
1090 510 1298 549 annum
1353 492 1836 565 nongentesimum
1891 493 2149 562 primum,
2184 493 2276 547 ubi
2312 498 2352 553 A
2384 499 2760 564 promittebat.
2797 499 3051 555 Probalis
3079 511 3260 554 autem
3291 502 3342 554 in
3375 499 3666 554 adversum
3701 503 3964 556 IllCBltllllll

696 590 894 658 allegat
933 607 953 640 ‹
998 588 1398 657 promulgatam
1453 586 1521 639 ab
1567 586 1898 653 imperatore
1943 583 2045 640 hoc
2097 585 2278 640 Leone

692 683 1168 744 constitutionem,
1217 697 1324 750 qua
1383 678 1666 748 prohibuit
1711 680 1932 734 tertium
1993 681 2279 734 matrimo-

694 778 870 840 nium,
899 787 954 830 ut
980 775 1108 829 illud
1137 776 1528 830 contrahentes
1560 789 1720 844 paena
1755 789 1853 842 per
1885 787 2076 827 sacros
2111 788 2281 827 cano-

691 884 791 921 nes
841 877 1044 920 statuta
1093 867 1481 936 plecterentur.
1537 863 1761 919 Interim
1817 862 1905 916 ille
1962 862 2127 925 idem,
2182 862 2275 932 qui

692 959 807 1012 lucc
844 958 1051 1019 sanxit,
1090 967 1211 1026 post
1233 957 1453 1010 tertiam
1479 970 1708 1010 uxorem
1732 953 2076 1016 defunctam,
2101 954 2280 1008 adhuc

689 1060 946 1120 quartam
1001 1049 1232 1118 accepit.
1291 1047 1468 1117 Cujus
1526 1049 1603 1103 rei
1652 1061 1823 1100 causa
1867 1043 2132 1099 Nicolaus
2184 1061 2278 1114 pa-

692 1144 931 1197 lriarclta
984 1142 1055 1195 ab
1110 1141 1346 1196 ecclesia
1403 1143 1609 1212 ejectus
1656 1148 1778 1202 est,
1825 1152 2133 1205 omnesque
2176 1138 2281 1192 illa:

693 1239 866 1290 turba:
896 1245 1024 1292 sunt
1056 1238 1366 1292 subsecuta:
1390 1237 1442 1288 in
1471 1233 1591 1303 ejus
1622 1234 1894 1301 ejectione
1917 1243 1970 1288 et
2003 1233 2280 1304 Euthymii

692 1329 1104 1397 subrogatione,
1142 1345 1266 1383 cum
1306 1327 1606 1382 srhismate
1647 1325 1823 1380 divisa
1875 1326 1966 1379 illa
2015 1325 2279 1387 Ecclesia,

691 1418 918 1474 Nicolao
952 1421 1070 1484 alii,
1125 1421 1217 1474 alii
1265 1434 1397 1474 vero
1457 1417 1755 1488 Euthymio
1806 1416 2154 1470 inhaererent.
2215 1417 2284 1469 At

691 1514 974 1582 quomodo
1004 1529 1063 1568 se
1095 1513 1352 1567 habuerit
1379 1511 1764 1582 quadrigamia
1813 1510 1913 1564 ista
1954 1508 2151 1563 Leonis
2177 1509 2282 1560 im-

692 1606 965 1674 peratoris
1000 1605 1052 1657 in
1081 1605 1381 1674 conjugum
1412 1603 1792 1661 successione.
1830 1617 1894 1655 ex
1927 1599 2284 1653 Prarambulis

689 1698 1038 1752 Constantini
1079 1696 1541 1766 Porphyrogeniti
1580 1696 1647 1749 ad
1679 1695 1916 1748 edictmn
1965 1693 2186 1746 unionis
2217 1708 2281 1746 ex

692 1791 832 1843 libro
863 1805 900 1843 I:
958 1788 1308 1842 Novellarum
1359 1785 1511 1840 Juris
1567 1786 1860 1840 Orientalis
1920 1804 1937 1835 ι
1999 1783 2282 1848 describit,

691 1884 1004 1953 ibidemque
1042 1882 1212 1936 videri
1251 1891 1431 1949 potest
1464 1890 1613 1933 tomo
1646 1879 1688 1942 I,
1712 1895 1834 1948 pag.
1875 1878 1995 1932 105.
2042 1877 2147 1932 Sed
2181 1891 2283 1946 po-
2317 1861 2356 1915 Β

691 1978 796 2031 tius
829 1977 894 2030 ad
933 1973 1336 2030 restituendum
1380 1973 1436 2025 in
1479 1972 1664 2026 sedem
1722 1971 1784 2023 S.
1826 1969 2110 2022 Nicolaum
2156 1983 2285 2037 pro-

691 2083 942 2134 peremus
978 2084 991 2118 :
1029 2082 1140 2136 quo
1173 2080 1274 2120 nos
1315 2065 1692 2119 manuducens
1735 2063 1905 2116 trahit
1945 2061 2053 2115 Leo
2086 2061 2250 2116 Gram

691 2165 927 2217 maticus
963 2163 1037 2216 ita
1071 2160 1391 2216 scribendo.

758 2279 810 2331 3.
854 2294 871 2327 ι
921 2276 1058 2330 Cum
1102 2274 1212 2328 Leo
1264 2275 1588 2345 imperator,
1615 2274 1764 2343 gravi
1799 2272 1988 2325 morbo
2022 2271 2282 2337 jar-tatus,

689 2381 1068 2422 successorem
1118 2381 1282 2420 suum
1324 2365 1552 2420 fratrem
1591 2364 1962 2419 Alexandrum
2002 2364 2285 2433 designas-

689 2469 794 2522 set,
852 2471 1112 2528 essetque
1167 2458 1478 2513 obtestatus
1531 2466 1589 2510 ut
1643 2457 2064 2510 Constantinum
2111 2455 2280 2508 lilium

688 2568 850 2607 suum
887 2560 1236 2621 protegeret;
1285 2551 1432 2604 diem
1484 2559 1792 2603 extremum
1825 2549 1959 2602 obiit
1991 2547 2282 2602 undecimo

687 2645 777 2698 die
803 2643 925 2696 lllaii
958 2661 970 2696 :
1017 2661 1035 2694 ι
1073 2657 1236 2712 quem
1278 2642 1442 2695 etiam
1490 2641 1635 2696 diem
1679 2641 1864 2693 obitus
1897 2641 2144 2708 assignat
2177 2637 2281 2693 Ce-

687 2738 912 2792 drenus.
963 2735 1206 2792 Mensem
1263 2733 1467 2790 Maium
1515 2735 1692 2789 solum
1740 2733 1950 2788 indicat
1993 2732 2279 2788 Zonaras:

688 2841 744 2884 at
777 2829 1137 2899 Curopalates
1174 2829 1395 2882 Scilitza
1431 2829 1508 2882 ait
1544 2847 1563 2880 ς
1602 2827 1659 2881 ll
1693 2826 1841 2882 Junii
1871 2828 2075 2882 mensis
2099 2827 2282 2881 deces-

689 2925 827 2978 sisse
853 2938 883 2976 e
918 2922 1046 2975 vita.
1083 2941 1100 2974 i
1142 2921 1400 2976 Annusis
1417 2929 1536 2975 erat
1575 2921 2023 2989 nongentesimus
2057 2919 2284 2974 undeci-

691 3031 832 3068 mus.
872 3034 890 3066 ι
925 3013 1086 3077 Tum,
1136 3014 1319 3081 inquit
1363 3011 1472 3068 Leo
1513 3013 1944 3074 Grammaticus.
1993 3013 2282 3080 imperavit

690 3107 998 3161 Alexander
1030 3121 1137 3160 una
1163 3122 1287 3161 cum
1317 3105 1684 3160 Constantino
1711 3104 1910 3160 Leonis
1942 3105 2051 3158 lilio
2075 3121 2277 3158 annum

690 3213 859 3251 unum
887 3197 1004 3252 dies
1039 3198 1226 3267 viginti
1266 3212 1464 3250 novem
1495 3215 1507 3249 :
1553 3197 1835 3266 missoque
1878 3199 1945 3250 ad
1994 3196 2278 3250 Nicolaum
2307 3227 2350 3288 (Ζ

690 3295 756 3344 ad
806 3292 1140 3346 Galacrenas
1192 3291 1426 3354 nuntio,
1484 3289 1842 3360 Euthymium
1907 3291 2277 3359 patriarcham

690 3382 966 3451 deposuit,
1012 3391 1066 3436 et
1119 3379 1407 3435 Nicolaum
1465 3383 1711 3435 secundo
1767 3381 2029 3436 restituit.
2081 3380 2282 3435 Habuit

691 3483 876 3526 autem
931 3471 1247 3526 Alexander
1295 3471 1362 3523 ad
1415 3470 1770 3537 Magnauram
1833 3471 2153 3533 silentium,
2229 3479 2282 3524 et

691 3565 986 3619 concilium
1024 3563 1344 3626 celebravit,
1376 3572 1542 3630 atque
1573 3561 1924 3632 Euthymium
1966 3567 2034 3616 ab
2070 3564 2283 3631 Agatho

691 3659 1028 3712 advocavit:
1080 3657 1450 3725 eumdemque
1495 3669 1621 3710 cum
1680 3653 1907 3710 Nicolao
1963 3657 2280 3725 patriarcha

691 3753 884 3808 sedere
939 3752 1119 3820 jusso,
1165 3750 1360 3818 judicii
1423 3763 1736 3804 assessores
1786 3748 1908 3817 ejus
1953 3748 2280 3817 depositioni

689 3843 961 3898 vacabant
991 3842 1275 3903 attentius.
1312 3857 1438 3895 cum
1473 3841 1743 3896 dedecore
1774 3840 2075 3895 venerandi
2109 3849 2163 3894 et
2190 3855 2284 3909 per

693 3936 879 3990 omnia
919 3934 1159 3988 mirandi
1211 3934 1309 3987 viri
1351 3933 1640 3988 colendam
1677 3932 1906 3988 barbam
1939 3932 2280 3998 vellicantes,

690 4030 912 4098 aliaque
958 4026 1252 4097 opprobria
1317 4036 1371 4079 ct
1430 4025 1663 4097 injurias
1719 4025 2024 4080 inferentes
2071 4042 2086 4082 :
2145 4041 2282 4095 quas

691 4121 876 4191 quiete
911 4129 966 4174 et
1001 4129 1289 4174 mansuete
1324 4117 1666 4173 honorabilis
1696 4127 1750 4173 et
1785 4133 1943 4173 sacer
1974 4118 2056 4171 vir
2085 4119 2284 4172 tolera-

691 4214 800 4269 bct.
842 4211 917 4266 Ex
967 4213 1168 4282 quibus
1213 4211 1280 4266 ad
1327 4213 1524 4281 Agathi
1573 4212 1720 4267 aedes
1773 4211 1881 4264 vita
1932 4211 2176 4274 functus,
2229 4212 2281 4263 in

693 4307 918 4378 proprio
974 4307 1317 4361 monasterio
1367 4305 1523 4373 juxta
1574 4305 1948 4359 Psamathinm
2001 4304 2282 4373 depositus

691 4409 896 4453 cst.....
945 4399 1255 4452 Alexander
1308 4399 1609 4467 imperator
1658 4398 1794 4450 mori
1839 4413 1898 4451 se
1953 4397 2278 4467 praevidens,

693 4491 920 4544 Nicolao
942 4491 1278 4559 patriarcha,
1297 4500 1348 4542 et
1377 4490 1656 4559 Stephano
1693 4488 1970 4556 Magistro,
1999 4499 2050 4541 et
2073 4485 2282 4541 Joanne

2387 591 2764 653 munimentis,
2815 593 3096 662 urbisque,
3146 609 3207 645 cx
3255 593 3438 661 populi
3485 592 3640 660 Copia
3672 603 3722 646 ct
3758 595 3968 646 machi-

2387 685 2491 748 nis,
2521 687 2819 739 securitate
2861 703 2924 739 ac
2970 686 3228 754 praesidio
3277 701 3594 757 conSpecto,
3652 703 3746 755 spe
3801 689 3967 742 dece-

2385 784 2533 844 ptus,
2577 778 2628 830 in
2675 779 2853 832 locum
2889 779 3228 833 Hebdomum
3261 781 3464 834 dictum
3497 780 3648 849 pacis
3682 782 3968 834 oblaturus

2387 869 2592 924 foedera
2623 888 2875 927 reversus
2901 881 3003 926 est.
3036 872 3496 929 Procuratoribus
3515 889 3700 942 pacem
3725 875 3962 928 oblatam

2386 955 2621 1012 libenter
2662 961 3082 1029 excipientibus,
3130 960 3352 1017 Suneon
3409 963 3757 1017 Theodorum
3799 965 3969 1035 magi-

2386 1061 2559 1104 strum
2596 1053 2664 1106 de
2704 1053 2790 1106 illa
2842 1064 3202 1108 tractaturum
3264 1057 3432 1109 misit.
3481 1055 3736 1109 Nicolaus
3783 1065 3967 1109 autem

2385 1143 2721 1211 patriarcha,
2763 1145 3074 1214 Stephanus
3101 1158 3156 1201 et
3195 1145 3435 1200 Joannes
3470 1149 3750 1216 magister,
3787 1149 3967 1217 impe-

2386 1247 2568 1291 ratore
2613 1254 2800 1292 secum
2853 1241 3036 1303 ducto,
3090 1239 3426 1294 Blachernas
3481 1257 3660 1310 usque
3710 1241 3965 1310 profecti,

2387 1332 2528 1386 ﬁlios
2562 1332 2838 1386 Simeonis
2871 1335 3120 1402 geminos
3163 1335 3497 1388 induxerunt
3536 1335 3588 1388 in
3629 1336 3843 1398 urbem,
3875 1336 3968 1405 qui

2388 1425 2440 1476 in
2491 1425 2706 1493 palatiis
2755 1441 2862 1478 una
2919 1442 3045 1480 cum
3109 1428 3435 1496 imperatore
3492 1429 3762 1483 convivali
3816 1438 3964 1482 sunt.

2387 1514 2609 1570 Nicolao
2647 1533 2778 1570 vero
2829 1519 3151 1586 patriarcha:
3197 1523 3262 1573 ad
3303 1522 3614 1575 Simeonem
3663 1522 3968 1586 accedenti,

2388 1609 2502 1676 ipse
2535 1609 2755 1664 Simeon
2793 1622 2952 1679 caput
2993 1611 3224 1664 inﬂexit.
3267 1612 3586 1667 Patriarcha
3620 1615 3782 1682 igitur
3805 1631 3970 1683 super

2387 1716 2509 1754 eum
2541 1702 2848 1757 orationem
2894 1703 3142 1765 (usurus,
3189 1709 3495 1760 stemmatis
3542 1707 3656 1760 vice
3687 1709 3969 1775 [imprium

2389 1793 2583 1860 capitis
2637 1804 3012 1864 tegumentum
3073 1799 3192 1863 ejus
3248 1797 3511 1866 imposuit
3562 1801 3725 1867 capiti
3803 1799 3972 1852 Donis

2389 1881 2573 1950 itaque
2607 1884 2889 1939 immensis
2920 1895 2974 1938 et
3004 1901 3168 1954 quam
3203 1890 3457 1942 maximis
3501 1892 3708 1957 excepti
3747 1889 3970 1943 Simeun

2389 1979 2442 2022 et
2475 1972 2596 2039 ejus
2640 1973 2735 2026 lilii
2782 1973 2834 2026 in
2887 1978 3118 2042 patriam
3175 1978 3377 2030 reiersi
3417 1990 3566 2042 sunt,
3616 1980 3681 2032 ad
3737 1982 3970 2034 invicem

2389 2063 2670 2118 discordes
2707 2067 2776 2118 ob
2805 2067 3041 2132 praelata:
3077 2070 3223 2135 pacis
3255 2070 3693 2126 conditiones....

2459 2173 2512 2226 5.
2551 2193 2568 2225 ς
2607 2173 3002 2231 Constantinus
3051 2179 3350 2247 imperator
3397 2191 3708 2234 revocatam
3739 2196 3768 2234 a
3801 2194 3973 2235 matre

2387 2275 2442 2318 et
2487 2268 2554 2320 ad
2611 2283 2670 2322 se
2728 2271 3045 2324 translatam
3105 2274 3320 2341 imperii
3374 2285 3697 2344 potestatem
3747 2290 3968 2329 onmem

2387 2358 2707 2420 declaravit,
2750 2371 2804 2413 et
2840 2361 3123 2416 Nicolaum
3172 2364 3566 2431 patriarcham,
3606 2367 3974 2436 Stephanum-

2388 2465 2496 2517 que
2526 2452 2852 2520 magistrum
2902 2455 2955 2506 in
2997 2455 3202 2524 palatio
3231 2456 3337 2510 sibi
3371 2459 3563 2512 adesse
3596 2459 3972 2514 mandavit....

2389 2543 2693 2613 Imperator
2729 2555 2784 2599 et
2831 2548 3140 2616 patriarcha
3186 2549 3450 2605 Joannem
3499 2551 3756 2606 Garidam
3800 2553 3866 2606 ad
3912 2569 3971 2607 se

2393 2645 2646 2688 vocatum
2701 2637 3029 2692 Scholarum
3082 2638 3454 2696 Domesticqu
3505 2657 3629 2696 esse
3663 2644 3966 2712 jusserunt,

2389 2727 2546 2780 veriti
2587 2743 2652 2779 ne
2683 2727 2896 2783 Phocas
2945 2733 2995 2782 in
3031 2731 3388 2787 rebellionem
3426 2732 3779 2787 deﬁceret....
3811 2733 3972 2788 Nice-

2389 2830 2470 2871 tas
2501 2832 2678 2873 autem
2714 2823 3000 2888 patricius.
3035 2822 3266 2876 Romani
3297 2838 3587 2888 consocer,
3624 2826 3676 2878 in
3707 2828 3968 2895 palatium

2387 2911 2686 2978 prolectus.
2740 2911 3024 2968 Nicolaum
3082 2917 3446 2984 patriarcbam
3495 2918 3620 2971 inde
3672 2919 3967 2985 dejccit....

2389 3002 2679 3058 Sacrorum
2732 3018 2913 3060 autem
2959 3008 3296 3076 jejuniorum
3360 3012 3550 3078 quinta
3602 3011 3969 3072 hebdomadt'.

2387 3111 2574 3150 mense
2634 3099 2848 3167 Aprili,
2900 3099 3114 3154 lleleme
3170 3100 3404 3156 Romani
3476 3102 3598 3155 lilia:
3652 3113 3971 3157 contractus

2388 3190 2649 3258 nuptialis
2685 3192 2849 3246 arrba
2885 3208 2914 3246 a
2943 3193 3306 3249 Constantino
3350 3197 3682 3263 imperatore
3713 3197 3968 3260 traditur,

2388 3291 2440 3333 et
2470 3284 2624 3336 tertia
2654 3282 2939 3338 Paschalis
2972 3285 3128 3348 feria,
3151 3286 3369 3342 Galilea:
3400 3289 3566 3350 dicta,
3598 3290 3966 3350 benedicitur,

2384 3380 2590 3425 etcum
2622 3389 2684 3426 ea
2720 3375 3059 3441 nuptialibus
3089 3377 3314 3432 corollis
3362 3379 3653 3432 redimitur
3679 3395 3708 3432 a
3742 3378 3971 3433 Nicolao

2386 3463 2701 3530 patriarcha
2752 3479 2764 3514 :
2815 3475 2869 3517 et
2914 3476 3042 3519 tunc
3083 3465 3362 3520 llomanus
3416 3469 3762 3536 imperatoris
3817 3477 3969 3537 pater

2385 3555 2727 3616 declaratur,
2790 3564 2846 3608 et
2905 3555 3138 3610 Romani
3194 3559 3308 3611 vice
3361 3559 3792 3627 Cbristophorus
3846 3561 3968 3624 ejus

2386 3646 2530 3700 filius
2566 3647 2958 3703 ba-teriarches
2982 3650 3384 3704 instituitur....
3411 3651 3617 3715 Quarto
3651 3667 3775 3704 vero
3802 3668 3966 3720 supra

2385 3738 2710 3792 vicesimum
2754 3740 3098 3809 Septembris
3131 3743 3366 3805 mensis,
3401 3743 3635 3796 Ca'sat‘is
3666 3744 3967 3812 dignitate;

2390 3827 2704 3885 Decembris
2755 3843 2936 3887 autem
2979 3836 3182 3890 mensis
3227 3836 3444 3891 decimo
3497 3838 3728 3906 septimo
3765 3837 3970 3891 Chl'lrll

2390 3921 2604 3977 Domini
2658 3937 3052 3994 proparentum
3106 3927 3269 3992 festo.
3329 3929 3542 3999 imperii
3586 3931 3892 3984 diadetnatc
3943 3949 3970 3984 a

2385 4016 2750 4073 Constantino
2791 4021 3132 4090 imperatore
3165 4034 3218 4078 et
3257 4023 3484 4080 Nicolao
3519 4029 3827 4094 patriarcha
3859 4027 3971 4080 llo-

2386 4125 2581 4164 manus
2611 4124 2882 4168 ornatur:
2921 4126 3245 4170 sanctorum
3297 4117 3491 4172 deinde
3551 4118 3842 4172 Luminum
3885 4123 3974 4174 die

2387 4201 2728 4258 Theodoram
2764 4221 2988 4261 uxorem
3030 4218 3278 4262 coronat.
3326 4209 3445 4263 Mox
3496 4210 3618 4264 Maii
3652 4213 3854 4264 mensis
3887 4213 3974 4264 die

2385 4297 2596 4352 decimo
2613 4287 2848 4368 septimo
2878 4301 3170 4356 iudic’tione
3188 4305 3375 4372 quinta
3405 4305 3505 4374 (a),
3544 4306 3974 4373 ChristOphorus

2387 4388 2615 4445 Romani
2666 4393 2808 4447 [ilius
2859 4394 3162 4464 imperator
3217 4402 3588 4460 renuntiatur,
3642 4409 3692 4451 ct
3725 4398 3971 4466 ejusdem

2388 4486 2593 4539 mensis
2647 4487 2909 4539 vicesimo
2964 4499 3167 4542 sanctae
3219 4491 3570 4545 Pentecostes
3626 4491 3712 4545 die
3771 4493 3908 4545 [οδω
3943 4508 3971 4542 a

691 4581 962 4651 magistro
997 4580 1190 4642 Elada,
1234 4592 1288 4634 et
1340 4578 1554 4634 Joanne
1607 4591 1839 4641 rectore,
1876 4589 1931 4634 et
1969 4578 2280 4649 Euthymio,
2317 4569 2359 4624 D
2390 4579 2750 4632 Constantino
2801 4580 3087 4635 redimitur
3123 4597 3136 4634 :
3174 4583 3374 4652 istique
3421 4586 3528 4637 duo
3574 4585 3672 4637 soli
3723 4585 3970 4652 ejusdem

695 4673 976 4734 Dasilitze,
1010 4681 1066 4726 et
1098 4673 1489 4742 Gabrielopulo
1514 4673 1966 4741 procuratoribus
1993 4673 2280 4735 institutis,

693 4765 1061 4820 Constantino
1099 4763 1296 4820 Leonis
1348 4767 1460 4819 lilio
1514 4767 1737 4835 reliquit
1778 4765 2162 4836 imperium....
2206 4765 2283 4819 Eo

692 4857 876 4927 itaque
910 4857 1098 4928 palatii
1145 4868 1470 4926 potestatem
1506 4861 1724 4928 adepto,
1761 4858 2020 4914 Nicolaus
2049 4860 2282 4928 patriar-

691 4952 794 5005 cha
833 4952 1000 5006 rebus
1043 4953 1436 5006 communibus
1486 4952 1828 5022 providebat,
1862 4967 2159 5022 curamque
2187 4967 2280 5022 ge-

693 5044 848 5098 rebat
877 5043 1326 5113 quotidiauorum
1357 5043 1508 5113 regni
1551 5044 1991 5114 negotiorutn....

771 5135 823 5188 ι.
886 5155 904 5186 ‹
969 5134 1154 5189 Mense
1213 5151 1376 5204 porro
1427 5137 1674 5209 Augusto
1731 5137 1952 5192 Sinieon
2013 5137 2280 5208 Bulgaria:

693 5231 968 5299 princeps.
1021 5230 1287 5284 adversus
1351 5229 1628 5285 Romanos
1681 5242 2000 5298 comparato
2035 5233 2278 5287 exercitu

693 5337 819 5376 cum
863 5320 1214 5377 multitudine
1253 5323 1402 5390 gravi
1448 5323 1984 5392 Constantinopolim
2029 5325 2276 5393 appulit;

694 5425 748 5468 et
779 5414 924 5468 vallo
957 5427 984 5466 a
1020 5415 1340 5470 Blacheruis
1379 5415 1444 5469 ad
1469 5427 1679 5484 portam
1713 5417 1977 5487 Chrysem
2027 5428 2276 5472 vocatam

695 5509 1101 5571 circumducto,
1157 5509 1347 5563 urbem
1383 5510 1594 5563 obsedit
1634 5526 1647 5563 :
1686 5511 1892 5579 alisque
1927 5511 2040 5581 spei
2073 5527 2185 5566 suae
2223 5512 2275 5565 iu

692 5597 928 5653 sublime
965 5600 1169 5664 elatus,
1224 5601 1584 5656 subacturum
1631 5604 1860 5658 omnino
1912 5605 2059 5660 nullo
2094 5604 2279 5660 labore

765 5757 840 5826 (α)
870 5755 986 5810 lino
1016 5773 1173 5814 noua.

765 5830 838 5899 (ὁ)
874 5827 1014 5899 Lege
1039 5831 1264 5886 decium.

2388 4671 2494 4724 diei
2532 4687 2791 4739 processu
2837 4672 3067 4725 solemni
3118 4689 3215 4742 per
3258 4675 3446 4729 urbem
3499 4677 3773 4744 progressi
3822 4689 3972 4731 sunt.

2387 4761 2558 4816 Porro
2577 4763 2720 4817 Julio
2738 4779 2922 4817 mense
2941 4765 3236 4819 indictione
3258 4778 3446 4820 octava
3461 4767 3531 4833 (ὁ)
3558 4767 3644 4819 die
3665 4766 3944 4820 Dominica
3959 4811 3971 4830 ,

2387 4858 2553 4910 totius
2580 4857 2831 4911 Ecclesiae
2862 4873 2888 4910 a
2929 4858 3175 4913 llomano
3218 4860 3348 4914 inita
3381 4871 3458 4914 est
3488 4863 3806 4920 concOrdia,
3837 4876 3978 4913 ciru-

2387 4952 2488 5004 etis
2542 4952 2902 5020 ruetropolitis
2948 4962 3001 5005 et
3053 4953 3291 5016 clericis,
3326 4955 3419 5022 qui
3456 4968 3483 5004 a
3523 4952 3727 5006 Nicolai
3763 4963 3815 5006 et
3862 4954 3978 5006 Ευ-

2389 5047 2580 5116 thymii
2631 5047 2879 5113 partibus
2919 5047 3114 5099 divisis
3162 5054 3429 5100 steterant
3481 5046 3701 5108 animis,
3749 5047 3801 5098 in
3837 5062 3979 5099 con-

2387 5139 2698 5191 sensionem
2741 5139 3190 5192 redeuntibus....

2457 5231 2506 5283 6.
2536 5249 2552 5279 ‹
2582 5227 2885 5298 Septembri
2911 5246 3037 5284 vero
3059 5247 3246 5286 mense
3278 5233 3572 5286 indictione
3621 5235 3856 5288 secunda
3881 5235 3976 5301 (ci,

2390 5322 2610 5375 Suneon
2653 5321 2918 5391 Bulgaria:
2955 5325 3231 5393 princeps,
3256 5327 3431 5393 cupiis
3459 5327 3712 5379 omnibus
3739 5327 3976 5389 eductis,

2386 5417 2651 5468 adversus
2669 5414 3199 5484 Constantinopolim
3219 5418 3616 5486 expeditionem
3632 5429 3808 5488 parat.
3848 5417 3978 5473 Inde

2389 5509 2678 5564 Thraciam
2703 5519 2756 5564 et
2775 5509 3146 5565 Macedoniam
3183 5511 3564 5581 depopulatur,
3588 5514 3831 5568 incendia
3849 5515 3976 5568 ubi-

2387 5620 2494 5673 que
2515 5604 2740 5674 spargit,
2780 5605 2974 5657 evertit
3002 5607 3210 5671 omnia,
3235 5610 3376 5661 clad
3407 5608 3630 5662 arbores
3663 5623 3834 5678 usque
3875 5623 3975 5661 cx-

2459 5761 2529 5837 (c)
2555 5763 2694 5838 Lege
2721 5766 3016 5822 undecima.
