4158 6430
230 396 285 454 13
1640 392 2054 453 l'lUiFA'l‘lO.
3406 394 3469 453 li

222 506 424 561 scindit.
448 505 527 559 Ad
554 503 885 559 Blarhernas
912 517 1171 574 prazterea
1197 506 1478 570 devectus,
1502 504 1781 561 Nicolaum
1812 511 1857 566 Α
1888 507 2101 575 quinto,
2131 504 2425 560 indictione
2456 508 2611 559 tertia
2644 507 2745 575 (ιι),
2785 514 3011 559 mortem
3053 504 3186 559 obiit
3216 504 3470 561 Nicotaus

223 596 575 666 patriarcham
620 606 676 652 et
728 612 1016 667 procerum
1068 600 1357 667 quosdam.
1415 606 1475 651 ut
1529 597 1597 651 de
1653 612 1785 665 pace

221 689 541 752 conferrent,
574 688 639 742 ad
678 704 737 743 se
771 690 913 743 mitti
962 690 1280 759 postulavit.
1331 687 1482 745 Datis
1514 688 1679 759 igitur
1717 704 1781 743 ex

223 788 360 848 parte
388 790 621 848 utraque
654 782 964 844 obsidibus,
992 789 1369 836 convenerunt
1397 782 1547 849 prius
1569 781 1783 850 quidem

222 873 465 929 Nicolaus
495 875 829 941 patriarcha,
861 874 1058 928 deinde
1088 874 1320 929 Michael
1358 872 1629 928 Patricius
1655 872 1785 943 Sty-

222 966 402 1033 piutes,
455 975 510 1020 et
558 964 804 1021 Joannes
854 965 1134 1036 Mysticus,
1180 967 1273 1035 qui
1328 967 1397 1022 ab
1453 966 1785 1036 imperatore

222 1058 475 1113 secundas
529 1060 765 1114 tenebat.
817 1059 880 1111 Et
933 1059 986 1111 hi
1021 1049 1252 1126 ﬁquidem
1284 1074 1405 1113 cum
1436 1058 1691 1112 Simconc
1721 1062 1785 1110 de.

220 1165 338 1218 pace
376 1159 674 1205 tractatum
738 1151 1058 1204 habebant:
1118 1150 1338 1204 Simeon
1394 1160 1576 1203 autem
1638 1159 1786 1203 retro

220 1257 304 1296 eos
347 1243 666 1296 amandavit
715 1260 729 1296 :
769 1242 945 1310 ipsum
997 1259 1126 1297 vero
1172 1244 1558 1311 imperatorem
1605 1242 1787 1296 videre

219 1334 451 1403 expetiit,
483 1349 513 1388 a
555 1335 746 1389 multis
773 1335 840 1387 de
866 1334 987 1404 ejus
1028 1334 1338 1403 prudentia,
1383 1333 1705 1389 fortitudine
1733 1344 1787 1387 et

220 1426 426 1480 solertia
463 1426 666 1481 certior
702 1426 974 1481 factus...
1010 1427 1312 1495 Imperator
1363 1440 1469 1479 una
1516 1441 1640 1479 cum
1688 1441 1787 1494 pa-

220 1517 443 1572 triarcha
463 1515 692 1572 Nicolao
717 1518 784 1572 ad
818 1517 1151 1572 Blachernas
1178 1529 1231 1572 et
1262 1529 1512 1573 sanctum
1547 1517 1784 1572 loculum

220 1623 551 1679 progressus,
609 1608 675 1663 ad
736 1624 925 1679 preces
984 1625 1181 1665 manus
1237 1611 1483 1664 extendit
1525 1626 1540 1662 :
1589 1609 1788 1664 deinde

219 1716 409 1770 pronus
455 1702 510 1754 in
545 1711 745 1755 terram
788 1703 1012 1766 cadens,
1062 1718 1281 1759 sacrum
1332 1704 1590 1775 Iacrymis
1635 1706 1787 1774 pavi-

219 1798 445 1842 mentum
508 1788 786 1859 irrigavit;
854 1790 1141 1860 Deiparam
1211 1808 1239 1845 a
1300 1794 1420 1848 labe
1489 1795 1782 1847 immunem

1894 595 2235 664 patriarcha,
2291 604 2411 664 post
2446 595 3221 650 secundamrenuntiationcm
3274 597 3468 650 tltt'ona'

1894 689 2101 756 potitus
2136 702 2309 743 annos
2345 687 2642 742 tredecim:
2685 690 2915 757 ejusque
2949 701 3155 757 corpus
3207 688 3259 740 in
3307 686 3471 741 Gala-

1892 794 2185 835 creuarum
2242 782 2581 837 monasterio
2642 783 2709 835 ab
2759 796 2825 836 eo
2877 781 3103 837 condito
3158 782 3471 852 depositum

1892 884 1993 929 est.
2037 891 2054 924 ι

1965 969 2017 1021 8.
2062 969 2337 1022 Hactenus
2384 968 2491 1021 Leo
2536 967 2965 1032 Grammaticus,
3016 976 3211 1022 auctor
3258 980 3474 1020 coaevus

1894 1070 1947 1110 et
1979 1063 2231 1112 oculatus
2287 1059 2445 1112 testis
2506 1060 2559 1111 in
2610 1072 2708 1111 sua
2771 1056 3244 1126 Chronographia,
3308 1071 3470 1123 quam

1895 1151 2287 1205 indictionibus
2331 1165 2614 1220 perperam
2655 1148 2899 1204 deﬁnitis
2949 1149 3335 1202 interturlavit
3390 1150 3473 1197 Sn-

1895 1243 2148 1296 curiosus
2215 1242 2419 1312 aliquis
2478 1242 2856 1297 amanuensis.
2917 1239 3053 1295 Nam
3112 1240 3256 1295 sicut
3311 1250 3471 1293 antea

1897 1352 2017 1404 pag.
2053 1336 2179 1399 497,
2226 1336 2324 1390 lin.
2358 1335 2413 1399 7,
2447 1334 2765 1405 legelatur:
2803 1333 3039 1387 Indictio
3077 1334 3281 1387 decium
3335 1344 3475 1387 noun

1896 1444 2019 1481 cum
2061 1428 2177 1483 sola
2230 1443 2373 1480 nona
2418 1438 2566 1482 esset
2606 1426 2949 1490 collocanda,
2987 1428 3061 1480 ita
3100 1427 3152 1480 in
3183 1425 3295 1493 jam
3328 1412 3477 1478 tran-

1896 1521 2115 1590 scriptis
2171 1520 2361 1575 eadem
2431 1536 2568 1573 nona
2621 1520 2842 1573 indictio
2905 1534 3191 1589 perperam
3247 1529 3478 1573 vocatur

1894 1614 2101 1682 quinta,
2149 1625 2297 1666 anno
2343 1611 2553 1667 scilicet
2584 1612 2709 1675 9‘21,
2743 1626 2855 1680 quo
2894 1611 3325 1680 Christophorus
3373 1609 3478 1662 lto-

1897 1704 2041 1757 mani
2080 1702 2352 1774 Lecapeni
2387 1702 2535 1757 ﬁlius
2568 1702 2659 1757 die
2682 1703 2753 1756 20
2797 1702 2921 1757 Maii
2955 1700 3099 1758 festo
3128 1701 3479 1757 Pentecostes

1896 1806 1978 1851 est
2016 1796 2316 1865 inmerator
2362 1803 2679 1850 coronatus.
2744 1794 2821 1849 Eo
2870 1795 3079 1851 scilicet
3130 1810 3277 1848 anno
3327 1795 3481 1863 cyilo

217 1880 531 1941 obtestatus,
578 1889 636 1933 ut
672 1880 930 1934 inﬂexum
969 1891 1024 1935 ct
1057 1883 1289 1953 rigidum
1327 1885 1547 1953 superbi
1580 1884 1789 1938 Simco-
1822 1890 1867 1949 Β
1898 1889 2040 1941 luna:
2078 1890 2170 1951 10,
2197 1888 2330 1943 solis
2369 1888 2425 1949 6.
2456 1886 2641 1941 littera
2673 1886 2997 1941 Dominicali
3025 1884 3092 1952 (ἱ,
3138 1885 3346 1940 Pascha
3384 1904 3477 1937 ce-

218 1970 293 2026 nis
330 1971 607 2027 emolliret
653 1988 770 2037 cor,
820 1982 869 2028 et
916 1990 1037 2044 qum
1088 1985 1219 2030 sunt
1258 1976 1409 2045 pacis
1455 1977 1787 2045 inspiraret:

216 2080 469 2135 sacroque
498 2066 783 2129 scriniolo,
822 2082 932 2135 quo
964 2071 1271 2123 veneranda
1305 2080 1509 2125 sanctae
1550 2070 1791 2139 Deiparre

216 2157 367 2211 vestis
415 2160 659 2227 reposita
702 2171 805 2224 est,
856 2170 1071 2229 aperto,
1132 2161 1279 2215 illam
1324 2162 1449 2215 inde
1497 2163 1791 2225 sublatam,

216 2268 269 2304 rx
301 2251 401 2306 ﬁde
431 2268 542 2322 qua
587 2254 640 2307 in
680 2253 1090 2308 intmaculatam
1135 2253 1229 2309 Dei
1260 2255 1593 2311 Genitricem
1624 2257 1794 2325 polle-

215 2345 318 2407 bat,
360 2346 507 2398 velut
549 2346 761 2415 galeam
796 2347 959 2415 capiti
1008 2346 1437 2415 circumponens
1474 2346 1789 2415 imperator,

216 2436 536 2492 lirmissimis
615 2438 786 2494 armis
856 2439 1132 2503 munitus,
1198 2439 1363 2493 classi
1420 2438 1521 2491 viae
1572 2440 1792 2500 comite,

214 2529 404 2598 clvpeis
446 2539 503 2585 et
528 2534 699 2585 armis
725 2531 1018 2596 adornata,
1049 2535 1115 2585 ad
1146 2532 1428 2601 praslixum
1460 2532 1634 2587 locum
1667 2546 1792 2586 cum

215 2621 459 2677 Simeoue
489 2632 830 2679 tractaturus
859 2624 1191 2680 accessit....
1226 2625 1447 2679 Simeon
1479 2640 1623 2695 equo
1652 2624 1797 2678 dcsi-

216 2716 343 2769 tiens
383 2714 453 2766 ad
508 2716 902 2783 imperatorem
955 2717 1211 2779 accessit,
1268 2717 1504 2787 dataque
1559 2716 1794 2771 invicem

214 2804 399 2870 salute,
444 2807 598 2873 pacis
650 2817 942 2862 tractatum
993 2819 1377 2866 moverunt....
1429 2810 1654 2865 Simcon
1690 2810 1796 2863 im-

216 2900 478 2965 peratoris
505 2901 942 2956 moderationem
976 2912 1030 2957 et
1062 2917 1349 2958 sermones
1377 2919 1501 2957 cum
1536 2918 1799 2957 verecun-

215 2989 294 3042 dia
326 2990 583 3054 miratus,
623 3005 814 3059 pacem
864 2993 1123 3062 componi
1171 2993 1383 3047 annuit.
1447 2992 1583 3047 Cum
1633 2994 1797 3065 igitur

213 3082 305 3135 sibi
354 3082 593 3137 invicem
655 3083 1069 3153 valedixissent,
1129 3102 1159 3141 a
1207 3102 1268 3143 se
1312 3100 1501 3145 mutuo
1533 3089 1796 3159 disjutnti

214 3186 423 3232 suut....

1897 1983 2167 2037 lebratnm
2200 1980 2302 2035 fuit
2326 1980 2460 2050 ipsis
2491 1978 2752 2034 Kalendis
2777 1980 2999 2049 Aprilis,
3026 1989 3081 2032 et
3112 1977 3309 2031 festum
3336 1976 3479 2029 ναι-

1898 2081 2134 2127 tccostes
2182 2071 2331 2125 dicm
2359 2070 2430 2123 20
2460 2068 2610 2123 Maii.
2647 2067 2849 2122 Eodem
2883 2083 3070 2123 errore
3104 2068 3228 2122 dein
3258 2067 3479 2121 indit-tio

1896 2173 2078 2216 octava
2115 2178 2214 2233 pro
2246 2163 2472 2225 decima,
2507 2161 2741 2216 secunda
2778 2178 2876 2233 pro
2899 2162 3201 2225 undecima,
3236 2169 3285 2213 et
3322 2164 3476 2214 tertii:

1898 2270 1995 2323 pro
2038 2254 2245 2309 decima
2300 2255 2459 2307 tertia
2508 2262 2754 2317 notatur,
2802 2264 2967 2324 atque
3012 2254 3084 2306 ita
3118 2254 3256 2323 apud
3292 2252 3479 2306 Conti-

1898 2359 2187 2403 nuatorem
2235 2347 2267 2401 9
2322 2346 2662 2400 iudictioneut
2729 2345 2833 2415 legi
2898 2346 3159 2401 observat
3214 2346 3265 2397 in
3324 2342 3479 2396 Notis

1894 2441 2193 2496 Combeﬁs.
2245 2439 2493 2494 Mortuus
2531 2454 2663 2510 ergo
2703 2447 2789 2494 est
2829 2450 3055 2495 sanctus
3104 2437 3363 2491 Nicolaus
3416 2437 3481 2489 1ῗὸ

1900 2534 2023 2588 Maii
2056 2534 2186 2588 anni
2213 2533 2341 2589 925.
2373 2532 2681 2588 ltestitutus
2707 2542 2888 2587 autem
2915 2534 2968 2585 in
3002 2531 3129 2586 sede
3152 2531 3218 2585 ab
3244 2530 3481 2585 Alexan-

1898 2627 1998 2681 dro
2033 2626 2385 2696 imperatore,
2443 2640 2587 2679 anno
2646 2625 2774 2691 till,
2818 2635 2916 2679 aut
2965 2625 3118 2679 initio
3169 2626 3475 2694 sequentis.

1898 2718 2038 2772 Nam
2088 2716 2134 2772 is
2180 2716 2358 2771 solum
2406 2730 2552 2769 anno
2598 2731 2707 2769 uno
2744 2724 2799 2769 et
2833 2716 3028 2770 diebus
3066 2715 3256 2785 viginti
3285 2729 3477 2769 norem

1900 2808 2200 2879 regnavit:
2254 2815 2419 2878 atque
2469 2810 2540 2862 ita
2595 2808 2696 2862 hac
2742 2807 2982 2863 secunda
3038 2808 3155 2862 vice
3210 2806 3471 2862 Ecclesiw

1900 2900 2117 2970 praefuit
2147 2899 2207 2955 S.
2236 2899 2493 2955 Nicolaus
2534 2901 2693 2955 annis
2728 2901 3010 2955 tredecim.
3060 2901 3374 2969 Appellatus
3400 2906 3482 2950 est

1901 2993 2044 3048 idem
2074 2991 2326 3048 Nicolaus
2359 2992 2603 3057 Priscus,
2644 3007 2739 3048 seu
2780 2994 2901 3061 ejus
2954 2993 3196 3047 numinis
3244 2993 3479 3061 primm.

1903 3098 2152 3156 respectu
2184 3100 2378 3140 eorum
2414 3086 2506 3155 qui
2542 3095 2729 3155 postea
2766 3093 3175 3145 successerunt,
3229 3082 3480 3136 fuerunt-

1902 3193 2010 3246 que
2073 3178 2331 3232 Nicolaus
2377 3176 2788 3248 Chrysoberges
2839 3177 2941 3231 sub
3000 3176 3199 3230 Basilio
3252 3176 3480 3230 Romani

277 3272 325 3324 7.
346 3288 365 3319 ι
391 3270 717 3325 Decembris
746 3283 933 3327 autem
961 3275 1169 3330 mensis
1194 3277 1281 3331 die
1298 3278 1561 3332 vicesimo
1583 3281 1795 3347 quinto,
1824 3239 1869 3301 Ο
1905 3269 2171 3339 Lecapeni
2220 3270 2333 3325 ﬁlio
2380 3278 2507 3339 post
2543 3284 2751 3324 annum
2780 3268 2905 3333 980,
2936 3276 2987 3323 ct
3018 3269 3274 3324 Nicolaus
3296 3267 3488 3323 Grant-

214 3362 339 3417 ﬁlios
365 3378 500 3418 suos
549 3364 899 3433 Stephanum
955 3379 1008 3419 et
1056 3368 1481 3423 Constantinum
1519 3370 1799 3425 lionuanus

215 3453 417 3523 imperii
471 3469 683 3509 corona
744 3456 964 3511 cinxit:
1003 3459 1099 3513 sed
1142 3468 1196 3513 et
1237 3456 1703 3531 Theopbylactnm
1743 3464 1801 3513 ti-

216 3546 333 3598 lium
366 3546 635 3601 clericum
679 3551 913 3604 tot0ndit
941 3551 1270 3620 patriarcha,
1308 3562 1363 3608 et
1397 3554 1796 3608 subdiacomtm

215 3638 504 3702 ordinavit,
564 3641 898 3712 tandemque
948 3642 1265 3713 Syncellum
1310 3647 1605 3715 promovit,
1672 3662 1794 3699 enim

214 3730 350 3797 prius
384 3732 450 3784 ad
504 3742 762 3787 sanctum
812 3737 1120 3804 ingressum
1163 3750 1289 3789 cum
1324 3738 1680 3791 Subdiztcunis
1714 3738 1793 3788 at.

217 3822 377 3877 lectus
413 3827 881 3893 processisset....
916 3828 1115 3883 Mensis
1148 3845 1279 3885 vero
1311 3830 1433 3885 Maii
1467 3830 1555 3884 die
1584 3831 1798 3883 ιΙυι-ἰηιιι

282 3946 356 4010 (dt
386 3943 534 4016 Lege.
566 3946 726 3997 tertia
758 3946 987 3999 decium.

1904 3363 2158 3428 maticus,
2193 3364 2296 3417 sub
2322 3363 2516 3417 Alexio
2544 3364 2851 3418 Commeno
2880 3365 3123 3427 seniore,
3155 3363 3356 3417 saeculo
3389 3374 3483 3415 an.

1907 3456 2093 3510 Exstat
2125 3465 2308 3510 autem
2335 3466 2485 3509 tutuo
2515 3455 2531 3508 l
2574 3452 2721 3509 Jnris
2753 3454 3239 3517 Grmco-ltomani,
3273 3454 3368 3507 lib.
3409 3468 3482 3513 tv,

1905 3550 2046 3605 inter
2093 3551 2409 3605 Seutentias
2457 3550 2750 3621 synodales
2797 3549 3131 3604 Constitutio
3181 3550 3287 3604 sub
3329 3551 3489 3602 titulo

1906 3643 2111 3699 Nicolai
2168 3643 2362 3705 Prisci,
2418 3644 2563 3711 quod
2617 3644 2812 3697 litterae
2872 3644 3270 3711 patriarchales
3320 3645 3490 3713 gruis

1906 3736 2281 3789 concedantur
2313 3736 2623 3806 petentibus
2651 3750 2744 3789 cas
2824 3736 2895 3789 uti
2948 3734 3168 3798 ibidem,
3203 3750 3326 3805 pag.
3385 3737 3492 3787 “litt

1910 3830 2010 3889 logi
2039 3840 2239 3897 potest.

1120 4134 2649 4146 “*m“
2661 4137 3198 4147 -.__—._.___.._.—..—.
3219 4135 3462 4147 *ων-..-

983 4317 1550 4431 ANGELO
1644 4318 1893 4429 MAI
1979 4321 2708 4459 MONrrUM.

1626 4562 1820 4629 .Spicil.
1852 4564 1982 4613 Rem.
2012 4566 2091 4622 Χ.)

289 4874 330 4931 1.
373 4872 648 4929 Nicolaus
677 4883 865 4928 noster
901 4873 1003 4926 sub
1036 4870 1215 4925 Leone
1236 4871 1491 4941 Sapiente
1525 4872 1651 4940 imp.
1687 4873 1750 4926 ad
1776 4876 2188 4941 patriarcbalcin
2219 4875 2399 4928 sedem
2429 4888 2545 4930 ever
2566 4885 2650 4929 tus
2676 4874 2779 4929 fuit
2804 4890 2950 4930 anno
2981 4877 3106 4940 895,
3135 4881 3496 4946 quadriennio

221 4973 335 5032 post
366 4963 560 5017 Photii
603 4962 836 5015 obitum.
866 4960 1011 5014 Idem
1044 4970 1170 5029 post
1200 4960 1534 5015 novennium
1584 4964 1695 5030 (aut
1728 4972 1850 5031 post
1881 4979 2056 5019 annos
2088 4962 2190 5028 XI,
2224 4974 2279 5018 ut
2308 4964 2509 5019 dicitur
2531 4965 2674 5035 apud
2710 4964 3097 5021 Lennclavium
3144 4971 3195 5022 in
3242 4968 3374 5024 Jure
3399 4973 3494 5027 (ἐν.

221 5051 388 5116 "om,
422 5066 480 5121 p.
524 5050 656 5119 501)
697 5064 727 5103 a
762 5047 943 5103 Leone
977 5047 1262 5119 praedicto,
1299 5049 1385 5105 cui
1422 5050 1475 5102 in
1521 5059 1842 5118 quartarum
1896 5050 2210 5118 nuptiarum
2266 5050 2482 5121 negotio
2517 5054 2934 5117 adversabatur,
2976 5054 3107 5108 sede
3148 5058 3344 5123 pulsus
3379 5071 3497 5121 est,

219 5156 374 5210 quam
411 5140 643 5195 nonnisi
674 5152 821 5192 anno
850 5136 949 5191 9H
989 5137 1093 5193 sub
1108 5137 1424 5193 Alexandro
1444 5138 1647 5193 Leonis
1671 5138 1941 5193 demortui
1972 5139 2140 5191 fratre
2174 5138 2538 5205 recuperavit,
2566 5140 2743 5193 donec
2768 5156 2914 5194 anno
2937 5141 3042 5195 924
3067 5142 3221 5206 obiit,
3248 5144 3501 5198 decursis

222 5232 271 5282 iu
299 5230 665 5302 episcopatus
698 5226 973 5296 regimine
1004 5226 1297 5297 (subducta
1330 5228 1511 5281 exsilii
1548 5226 1983 5295 intercapedine)
2015 5227 2176 5279 annis
2212 5227 2389 5281 tribus
2425 5242 2589 5297 supra
2639 5227 2857 5296 viginti.
2884 5230 2968 5281 Ab
2992 5228 3304 5299 Ephrazmio
3335 5232 3499 5285 chro-

230 5319 539 5391 nographo,
572 5334 625 5370 γ.
661 5316 885 5381 10,οὸ0,
934 5330 1117 5385 seqq.,
1143 5316 1345 5371 dicitur
1374 5326 1502 5371 ante
1533 5319 1910 5387 episcOpatum
1940 5314 2243 5368 monachus
2264 5316 2412 5382 pius,
2441 5316 2682 5384 sapiens,
2716 5332 2911 5386 magna
2954 5316 3097 5371 tanta
3137 5320 3418 5387 prmditns,
3450 5329 3504 5375 ct

228 5408 529 5478 Byzantina
574 5408 703 5461 sede
731 5406 954 5477 dignus,
983 5419 1149 5475 quam
1180 5405 1501 5476 priusquam
1546 5415 1857 5475 occuparet,
1887 5403 2126 5460 oﬂicium
2159 5404 2371 5475 mystici
2401 5416 2645 5474 gesserat
2672 5406 2840 5475 (quod
2871 5407 2922 5461 ei
2950 5409 3297 5477 cognominis
3329 5410 3503 5463 instar

225 5499 483 5569 inbresit),
513 5497 571 5552 id
599 5506 705 5563 est,
740 5508 801 5552 ut
823 5496 985 5567 vulgo
1007 5495 1353 5566 intelligitur,
1383 5496 1646 5551 sanctiori
1675 5496 1901 5552 consilio
1920 5495 2147 5551 aulicoa
2175 5495 2399 5550 secretis
2417 5495 2614 5550 fuerat.
2645 5496 2728 5549 Ab
2745 5496 2938 5551 eodem
2968 5496 3274 5566 Ephrtentio
3300 5499 3503 5554 dicitur

229 5596 379 5655 gente
406 5585 608 5647 Italus,
639 5592 692 5639 et
723 5599 753 5638 a
785 5595 980 5638 natura
1010 5593 1369 5653 comparatus
1391 5585 1458 5636 ad
1489 5584 1817 5653 eloquentiat

1914 5585 2091 5654 ὲκφὺς
2126 5584 2370 5648 Ἰταλῶν,
2399 5586 2611 5655 εὐφυὴς
2643 5588 2775 5656 περὶ
2803 5587 3018 5655 λόγους.
3039 5587 3322 5641 Nicolaum
3358 5590 3503 5642 hunc

232 5674 398 5731 sancti
436 5673 610 5729 titulo
643 5674 905 5728 donatum
939 5673 1100 5728 video
1134 5688 1163 5726 a
1196 5671 1435 5726 Baronio
1480 5672 1534 5726 in
1578 5673 1903 5733 Annalibus.
1946 5683 2000 5729 et
2038 5690 2069 5729 a
2116 5673 2513 5739 Bollandianis,
2562 5674 2778 5744 Cupero
2822 5678 3029 5731 scilicet
3074 5678 3127 5730 in
3177 5679 3504 5746 pattiarcltis

229 5760 680 5843 ConstantinOp.,
700 5771 753 5817 et
774 5762 1121 5818 Iienschenio
1149 5761 1201 5816 in
1227 5761 1373 5817 Actis
1399 5760 1725 5817 Sanctorum
1747 5762 1833 5816 die
1860 5780 1927 5817 ιν
1956 5763 2101 5827 Maii,
2125 5764 2217 5833 qui
2243 5773 2553 5833 postrenms
2583 5772 2703 5818 acta
2731 5766 2872 5835 ejus,
2894 5782 2958 5819 ex
2989 5766 3170 5820 Leone
3203 5779 3501 5836 [tl'EBSt‘l'ltm

230 5841 603 5913 Grammatice
634 5855 853 5922 hausta,
890 5862 1145 5910 accurate
1178 5852 1418 5924 scripsit.
1455 5851 1533 5909 Ne
1567 5855 1691 5923 quid
1725 5851 1902 5909 dicam
1936 5853 2001 5909 de
2034 5853 2191 5910 laude
2238 5854 2549 5909 sanctitatis
2584 5854 2636 5908 in
2673 5852 2953 5911 Nicolaum
2988 5871 3014 5910 a
3051 5855 3253 5912 Cia-cis
3303 5860 3428 5914 na‘ss
3458 5857 3503 5907 ιὶι
