  <div class='ocr_page' id='page_1' title='image "/cluster/home/n/w/nwhite01/storage/ocr_20150623/111/nnc1.0046979743/016.png"; bbox 0 0 4158 6430; ppageno 0'>
   <div class='ocr_carea' id='block_1_1' title="bbox 210 363 3487 445">
    <p class='ocr_par' dir='ltr' id='par_1_1' title="bbox 210 363 3487 445">
     <span class='ocr_line' id='line_1_1' title="bbox 210 363 3487 445; baseline 0.003 -11"><span class='ocrx_word' id='word_1_1' title='bbox 210 363 271 428; x_wconf 76' lang='grc' dir='ltr'><strong>Ῑῗ</strong></span> <span class='ocrx_word' id='word_1_2' title='bbox 1645 376 1861 437; x_wconf 60' lang='grc' dir='ltr'>ΡΙωέΕ</span> <span class='ocrx_word' id='word_1_3' title='bbox 1877 380 2068 441; x_wconf 76' lang='lat' dir='ltr'><strong>\TIO.</strong></span> <span class='ocrx_word' id='word_1_4' title='bbox 3422 379 3487 445; x_wconf 83' lang='lat'><strong>18</strong></span> 
     </span>
    </p>
   </div>
   <div class='ocr_carea' id='block_1_2' title="bbox 205 483 3489 563">
    <p class='ocr_par' dir='ltr' id='par_1_2' title="bbox 205 483 3489 563">
     <span class='ocr_line' id='line_1_2' title="bbox 205 483 3489 563; baseline 0.004 -24"><span class='ocrx_word' id='word_1_5' title='bbox 205 493 368 556; x_wconf 87' lang='lat' dir='ltr'><strong>prout</strong></span> <span class='ocrx_word' id='word_1_6' title='bbox 403 500 481 539; x_wconf 69' lang='lat' dir='ltr'><strong>cm</strong></span> <span class='ocrx_word' id='word_1_7' title='bbox 519 483 705 553; x_wconf 96' lang='lat' dir='ltr'><strong>jacent</strong></span> <span class='ocrx_word' id='word_1_8' title='bbox 734 487 788 541; x_wconf 90' lang='lat' dir='ltr'><strong>in</strong></span> <span class='ocrx_word' id='word_1_9' title='bbox 835 486 1047 553; x_wconf 85' lang='lat' dir='ltr'><strong>codice,</strong></span> <span class='ocrx_word' id='word_1_10' title='bbox 1088 487 1159 542; x_wconf 92' lang='lat' dir='ltr'><strong>ita</strong></span> <span class='ocrx_word' id='word_1_11' title='bbox 1198 488 1251 543; x_wconf 89' lang='lat' dir='ltr'><strong>in</strong></span> <span class='ocrx_word' id='word_1_12' title='bbox 1306 496 1494 543; x_wconf 90' lang='lat' dir='ltr'><strong>nostro</strong></span> <span class='ocrx_word' id='word_1_13' title='bbox 1530 486 1805 543; x_wconf 78' lang='lat' dir='ltr'><strong>volumine</strong></span> <span class='ocrx_word' id='word_1_14' title='bbox 1838 489 1957 543; x_wconf 87' lang='lat' dir='ltr'><strong>sine</strong></span> <span class='ocrx_word' id='word_1_15' title='bbox 2006 491 2112 544; x_wconf 89' lang='lat' dir='ltr'><strong>ulla</strong></span> <span class='ocrx_word' id='word_1_16' title='bbox 2146 491 2357 546; x_wconf 82' lang='lat' dir='ltr'><strong>ordinis</strong></span> <span class='ocrx_word' id='word_1_17' title='bbox 2397 494 2743 547; x_wconf 87' lang='lat' dir='ltr'><strong>restitutione</strong></span> <span class='ocrx_word' id='word_1_18' title='bbox 2797 508 3083 563; x_wconf 87' lang='lat' dir='ltr'><strong>apparent,</strong></span> <span class='ocrx_word' id='word_1_19' title='bbox 3135 508 3248 548; x_wconf 88' lang='lat' dir='ltr'><strong>rem</strong></span> <span class='ocrx_word' id='word_1_20' title='bbox 3308 503 3489 551; x_wconf 88' lang='lat' dir='ltr'><strong>tamen</strong></span> 
     </span>
    </p>
   </div>
   <div class='ocr_carea' id='block_1_3' title="bbox 202 573 3487 650">
    <p class='ocr_par' dir='ltr' id='par_1_3' title="bbox 202 573 3487 650">
     <span class='ocr_line' id='line_1_3' title="bbox 202 573 3487 650; baseline 0.002 -20"><span class='ocrx_word' id='word_1_21' title='bbox 202 585 413 630; x_wconf 85' lang='lat' dir='ltr'><strong>attente</strong></span> <span class='ocrx_word' id='word_1_22' title='bbox 442 573 837 639; x_wconf 87' lang='lat' dir='ltr'><strong>consideranti,</strong></span> <span class='ocrx_word' id='word_1_23' title='bbox 872 584 1082 645; x_wconf 85' lang='lat' dir='ltr'><strong>septem</strong></span> <span class='ocrx_word' id='word_1_24' title='bbox 1115 580 1228 631; x_wconf 76' lang='lat' dir='ltr'><strong>fere</strong></span> <span class='ocrx_word' id='word_1_25' title='bbox 1257 577 1462 631; x_wconf 83' lang='lat' dir='ltr'><strong>classes</strong></span> <span class='ocrx_word' id='word_1_26' title='bbox 1491 576 1847 646; x_wconf 80' lang='lat' dir='ltr'><strong>epistularum</strong></span> <span class='ocrx_word' id='word_1_27' title='bbox 1886 577 2079 631; x_wconf 91' lang='lat' dir='ltr'><strong>harum</strong></span> <span class='ocrx_word' id='word_1_28' title='bbox 2117 580 2392 635; x_wconf 87' lang='lat' dir='ltr'><strong>videntur.</strong></span> <span class='ocrx_word' id='word_1_29' title='bbox 2438 582 2487 633; x_wconf 88' lang='lat' dir='ltr'><strong>l.</strong></span> <span class='ocrx_word' id='word_1_30' title='bbox 2519 582 2596 634; x_wconf 80' lang='lat' dir='ltr'><strong>Ad</strong></span> <span class='ocrx_word' id='word_1_31' title='bbox 2639 581 2914 650; x_wconf 88' lang='lat' dir='ltr'><strong>principes</strong></span> <span class='ocrx_word' id='word_1_32' title='bbox 2948 583 3279 639; x_wconf 80' lang='lat' dir='ltr'><strong>Saracenos.</strong></span> <span class='ocrx_word' id='word_1_33' title='bbox 3321 581 3374 636; x_wconf 88' lang='lat'><strong>2.</strong></span> <span class='ocrx_word' id='word_1_34' title='bbox 3407 585 3487 637; x_wconf 82' lang='lat' dir='ltr'><strong>Ad</strong></span> 
     </span>
    </p>
   </div>
   <div class='ocr_carea' id='block_1_4' title="bbox 208 662 3491 739">
    <p class='ocr_par' dir='ltr' id='par_1_4' title="bbox 208 662 3491 739">
     <span class='ocr_line' id='line_1_4' title="bbox 208 662 3491 739; baseline 0.003 -24"><span class='ocrx_word' id='word_1_35' title='bbox 208 662 485 733; x_wconf 69' lang='lat' dir='ltr'><strong>Bulgaria:</strong></span> <span class='ocrx_word' id='word_1_36' title='bbox 517 663 820 733; x_wconf 84' lang='lat' dir='ltr'><strong>principem</strong></span> <span class='ocrx_word' id='word_1_37' title='bbox 856 672 911 718; x_wconf 92' lang='lat' dir='ltr'><strong>et</strong></span> <span class='ocrx_word' id='word_1_38' title='bbox 940 665 1438 734; x_wconf 76' lang='lat' dir='ltr'><strong>archiepismpum.</strong></span> <span class='ocrx_word' id='word_1_39' title='bbox 1470 665 1523 719; x_wconf 82' lang='grc'><strong>5.</strong></span> <span class='ocrx_word' id='word_1_40' title='bbox 1550 665 1628 718; x_wconf 80' lang='lat' dir='ltr'><strong>Ad</strong></span> <span class='ocrx_word' id='word_1_41' title='bbox 1665 664 1827 718; x_wconf 84' lang='lat' dir='ltr'><strong>Rom.</strong></span> <span class='ocrx_word' id='word_1_42' title='bbox 1862 667 2172 733; x_wconf 86' lang='lat' dir='ltr'><strong>pontiliceni</strong></span> <span class='ocrx_word' id='word_1_43' title='bbox 2204 680 2255 723; x_wconf 90' lang='lat' dir='ltr'><strong>et</strong></span> <span class='ocrx_word' id='word_1_44' title='bbox 2288 668 2410 737; x_wconf 92' lang='lat' dir='ltr'><strong>ejus</strong></span> <span class='ocrx_word' id='word_1_45' title='bbox 2440 667 2696 724; x_wconf 71' lang='lat' dir='ltr'><strong>Ecclesize</strong></span> <span class='ocrx_word' id='word_1_46' title='bbox 2730 669 2999 724; x_wconf 83' lang='lat' dir='ltr'><strong>homines.</strong></span> <span class='ocrx_word' id='word_1_47' title='bbox 3026 671 3078 725; x_wconf 70' lang='grc' dir='ltr'><strong>ιι.</strong></span> <span class='ocrx_word' id='word_1_48' title='bbox 3140 670 3220 726; x_wconf 84' lang='lat' dir='ltr'><strong>Ad</strong></span> <span class='ocrx_word' id='word_1_49' title='bbox 3255 672 3491 739; x_wconf 84' lang='lat' dir='ltr'><strong>impera-</strong></span> 
     </span>
    </p>
   </div>
   <div class='ocr_carea' id='block_1_5' title="bbox 202 751 3485 829">
    <p class='ocr_par' dir='ltr' id='par_1_5' title="bbox 202 751 3485 829">
     <span class='ocr_line' id='line_1_5' title="bbox 202 751 3485 829; baseline 0.002 -24"><span class='ocrx_word' id='word_1_50' title='bbox 202 755 387 807; x_wconf 64' lang='lat' dir='ltr'><strong>torem</strong></span> <span class='ocrx_word' id='word_1_51' title='bbox 417 751 805 823; x_wconf 83' lang='lat' dir='ltr'><strong>Byzantiuum,</strong></span> <span class='ocrx_word' id='word_1_52' title='bbox 838 762 891 807; x_wconf 89' lang='lat' dir='ltr'><strong>et</strong></span> <span class='ocrx_word' id='word_1_53' title='bbox 927 754 993 806; x_wconf 87' lang='lat' dir='ltr'><strong>ad</strong></span> <span class='ocrx_word' id='word_1_54' title='bbox 1039 752 1316 823; x_wconf 81' lang='lat' dir='ltr'><strong>principes</strong></span> <span class='ocrx_word' id='word_1_55' title='bbox 1356 753 1652 818; x_wconf 67' lang='lat' dir='ltr'><strong>Armeniae,</strong></span> <span class='ocrx_word' id='word_1_56' title='bbox 1713 753 1987 825; x_wconf 76' lang='lat' dir='ltr'><strong>Ahasgite,</strong></span> <span class='ocrx_word' id='word_1_57' title='bbox 2040 753 2431 826; x_wconf 64' lang='lat' dir='ltr'><strong>Longobarilite</strong></span> <span class='ocrx_word' id='word_1_58' title='bbox 2462 766 2514 811; x_wconf 90' lang='lat' dir='ltr'><strong>et</strong></span> <span class='ocrx_word' id='word_1_59' title='bbox 2550 755 2903 827; x_wconf 77' lang='lat' dir='ltr'><strong>Amalplieos.</strong></span> <span class='ocrx_word' id='word_1_60' title='bbox 2956 757 3012 812; x_wconf 79' lang='grc'><strong>5.</strong></span> <span class='ocrx_word' id='word_1_61' title='bbox 3047 758 3126 812; x_wconf 80' lang='lat' dir='ltr'><strong>Ad</strong></span> <span class='ocrx_word' id='word_1_62' title='bbox 3176 758 3485 829; x_wconf 81' lang='lat' dir='ltr'><strong>episcopos.</strong></span> 
     </span>
    </p>
   </div>
   <div class='ocr_carea' id='block_1_6' title="bbox 201 841 3488 915">
    <p class='ocr_par' dir='ltr' id='par_1_6' title="bbox 201 841 3488 915">
     <span class='ocr_line' id='line_1_6' title="bbox 201 841 3488 915; baseline 0.001 -18"><span class='ocrx_word' id='word_1_63' title='bbox 201 843 253 898; x_wconf 88' lang='grc'>6.</span> <span class='ocrx_word' id='word_1_64' title='bbox 318 841 407 896; x_wconf 80' lang='lat' dir='ltr'><strong>Ad</strong></span> <span class='ocrx_word' id='word_1_65' title='bbox 471 842 828 912; x_wconf 74' lang='lat' dir='ltr'><strong>magistratus</strong></span> <span class='ocrx_word' id='word_1_66' title='bbox 888 842 1101 898; x_wconf 85' lang='lat' dir='ltr'><strong>civiles.</strong></span> <span class='ocrx_word' id='word_1_67' title='bbox 1139 842 1191 897; x_wconf 84' lang='lat'><strong>&#39;7.</strong></span> <span class='ocrx_word' id='word_1_68' title='bbox 1248 842 1327 897; x_wconf 82' lang='lat' dir='ltr'><strong>Ad</strong></span> <span class='ocrx_word' id='word_1_69' title='bbox 1382 860 1543 899; x_wconf 89' lang='lat' dir='ltr'><strong>sacra</strong></span> <span class='ocrx_word' id='word_1_70' title='bbox 1606 843 1786 898; x_wconf 83' lang='lat' dir='ltr'><strong>oﬂicia</strong></span> <span class='ocrx_word' id='word_1_71' title='bbox 1850 844 1933 898; x_wconf 85' lang='lat' dir='ltr'><strong>vel</strong></span> <span class='ocrx_word' id='word_1_72' title='bbox 1996 844 2327 910; x_wconf 77' lang='lat' dir='ltr'><strong>monachos,</strong></span> <span class='ocrx_word' id='word_1_73' title='bbox 2387 858 2442 901; x_wconf 88' lang='lat' dir='ltr'><strong>et</strong></span> <span class='ocrx_word' id='word_1_74' title='bbox 2473 845 2540 899; x_wconf 89' lang='lat' dir='ltr'><strong>ad</strong></span> <span class='ocrx_word' id='word_1_75' title='bbox 2606 846 2851 915; x_wconf 81' lang='lat' dir='ltr'><strong>privatos</strong></span> <span class='ocrx_word' id='word_1_76' title='bbox 2909 848 3164 902; x_wconf 86' lang='lat' dir='ltr'><strong>homines</strong></span> <span class='ocrx_word' id='word_1_77' title='bbox 3217 848 3301 901; x_wconf 89' lang='lat' dir='ltr'><strong>vel</strong></span> <span class='ocrx_word' id='word_1_78' title='bbox 3350 864 3488 902; x_wconf 84' lang='lat' dir='ltr'><strong>auo-</strong></span> 
     </span>
    </p>
   </div>
   <div class='ocr_carea' id='block_1_7' title="bbox 203 947 428 1003">
    <p class='ocr_par' dir='ltr' id='par_1_7' title="bbox 203 947 428 1003">
     <span class='ocr_line' id='line_1_7' title="bbox 203 947 428 1003; baseline 0.009 -19"><span class='ocrx_word' id='word_1_79' title='bbox 203 947 428 1003; x_wconf 78' lang='lat' dir='ltr'><strong>uymos.</strong></span> 
     </span>
    </p>
   </div>
   <div class='ocr_carea' id='block_1_8' title="bbox 1623 1050 2053 1121">
    <p class='ocr_par' dir='ltr' id='par_1_8' title="bbox 1623 1050 2053 1121">
     <span class='ocr_line' id='line_1_8' title="bbox 1623 1050 2053 1121; baseline -0.005 -16"><span class='ocrx_word' id='word_1_80' title='bbox 1623 1050 1824 1105; x_wconf 79' lang='lat' dir='ltr'><strong>Classis</strong></span> <span class='ocrx_word' id='word_1_81' title='bbox 1854 1052 2053 1121; x_wconf 82' lang='lat' dir='ltr'><strong>prium.</strong></span> 
     </span>
    </p>
   </div>
   <div class='ocr_carea' id='block_1_9' title="bbox 277 1150 3488 1231">
    <p class='ocr_par' dir='ltr' id='par_1_9' title="bbox 277 1150 3488 1231">
     <span class='ocr_line' id='line_1_9' title="bbox 277 1150 3488 1231; baseline 0.003 -27"><span class='ocrx_word' id='word_1_82' title='bbox 277 1150 369 1205; x_wconf 83' lang='lat' dir='ltr'><strong>IV.</strong></span> <span class='ocrx_word' id='word_1_83' title='bbox 412 1152 544 1208; x_wconf 68' lang='lat' dir='ltr'><strong>Dum</strong></span> <span class='ocrx_word' id='word_1_84' title='bbox 574 1164 704 1209; x_wconf 91' lang='lat' dir='ltr'><strong>sunt</strong></span> <span class='ocrx_word' id='word_1_85' title='bbox 738 1155 804 1209; x_wconf 91' lang='lat' dir='ltr'><strong>ad</strong></span> <span class='ocrx_word' id='word_1_86' title='bbox 836 1156 1156 1211; x_wconf 77' lang='lat' dir='ltr'><strong>Cretensem</strong></span> <span class='ocrx_word' id='word_1_87' title='bbox 1198 1158 1454 1223; x_wconf 85' lang='lat' dir='ltr'><strong>arniram,</strong></span> <span class='ocrx_word' id='word_1_88' title='bbox 1486 1159 1604 1213; x_wconf 82' lang='lat' dir='ltr'><strong>sive</strong></span> <span class='ocrx_word' id='word_1_89' title='bbox 1655 1160 1980 1231; x_wconf 86' lang='lat' dir='ltr'><strong>principem,</strong></span> <span class='ocrx_word' id='word_1_90' title='bbox 2010 1162 2276 1230; x_wconf 66' lang='lat' dir='ltr'><strong>npistula‘.</strong></span> <span class='ocrx_word' id='word_1_91' title='bbox 2309 1161 2529 1215; x_wconf 84' lang='lat' dir='ltr'><strong>Cretam</strong></span> <span class='ocrx_word' id='word_1_92' title='bbox 2565 1161 2801 1215; x_wconf 82' lang='lat' dir='ltr'><strong>insulam</strong></span> <span class='ocrx_word' id='word_1_93' title='bbox 2847 1159 2960 1229; x_wconf 85' lang='lat' dir='ltr'><strong>jam</strong></span> <span class='ocrx_word' id='word_1_94' title='bbox 2992 1159 3119 1215; x_wconf 88' lang='lat' dir='ltr'><strong>inde</strong></span> <span class='ocrx_word' id='word_1_95' title='bbox 3148 1175 3177 1214; x_wconf 88' lang='lat' dir='ltr'><strong>a</strong></span> <span class='ocrx_word' id='word_1_96' title='bbox 3208 1158 3488 1215; x_wconf 78' lang='lat' dir='ltr'><strong>Michaelis</strong></span> 
     </span>
    </p>
   </div>
   <div class='ocr_carea' id='block_1_10' title="bbox 204 1240 3484 1319">
    <p class='ocr_par' dir='ltr' id='par_1_10' title="bbox 204 1240 3484 1319">
     <span class='ocr_line' id='line_1_10' title="bbox 204 1240 3484 1319; baseline 0.003 -25"><span class='ocrx_word' id='word_1_97' title='bbox 204 1240 360 1295; x_wconf 86' lang='lat' dir='ltr'><strong>Balbi</strong></span> <span class='ocrx_word' id='word_1_98' title='bbox 390 1244 740 1311; x_wconf 86' lang='lat' dir='ltr'><strong>temporibus</strong></span> <span class='ocrx_word' id='word_1_99' title='bbox 784 1260 959 1315; x_wconf 88' lang='lat' dir='ltr'><strong>usque</strong></span> <span class='ocrx_word' id='word_1_100' title='bbox 1016 1246 1083 1299; x_wconf 91' lang='lat' dir='ltr'><strong>ad</strong></span> <span class='ocrx_word' id='word_1_101' title='bbox 1144 1245 1351 1301; x_wconf 71' lang='lat' dir='ltr'><strong>Nieolai</strong></span> <span class='ocrx_word' id='word_1_102' title='bbox 1392 1248 1716 1317; x_wconf 65' lang='lat' dir='ltr'><strong>patriarcha:</strong></span> <span class='ocrx_word' id='word_1_103' title='bbox 1763 1258 1816 1304; x_wconf 93' lang='lat' dir='ltr'><strong>et</strong></span> <span class='ocrx_word' id='word_1_104' title='bbox 1862 1249 2207 1305; x_wconf 91' lang='lat' dir='ltr'><strong>Constantini</strong></span> <span class='ocrx_word' id='word_1_105' title='bbox 2263 1247 2713 1319; x_wconf 87' lang='lat' dir='ltr'><strong>Porphyrogeuiti</strong></span> <span class='ocrx_word' id='word_1_106' title='bbox 2764 1257 3000 1310; x_wconf 78' lang='lat' dir='ltr'><strong>aetatem,</strong></span> <span class='ocrx_word' id='word_1_107' title='bbox 3047 1247 3159 1301; x_wconf 89' lang='lat' dir='ltr'><strong>imo</strong></span> <span class='ocrx_word' id='word_1_108' title='bbox 3217 1249 3484 1317; x_wconf 87' lang='lat' dir='ltr'><strong>usque.ad</strong></span> 
     </span>
    </p>
   </div>
   <div class='ocr_carea' id='block_1_11' title="bbox 200 1329 3485 1407">
    <p class='ocr_par' dir='ltr' id='par_1_11' title="bbox 200 1329 3485 1407">
     <span class='ocr_line' id='line_1_11' title="bbox 200 1329 3485 1407; baseline 0.003 -25"><span class='ocrx_word' id='word_1_109' title='bbox 200 1329 577 1397; x_wconf 72' lang='lat' dir='ltr'><strong>Nicephorum</strong></span> <span class='ocrx_word' id='word_1_110' title='bbox 614 1329 853 1387; x_wconf 85' lang='lat' dir='ltr'><strong>Pliocam</strong></span> <span class='ocrx_word' id='word_1_111' title='bbox 902 1334 1006 1387; x_wconf 86' lang='lat' dir='ltr'><strong>sub</strong></span> <span class='ocrx_word' id='word_1_112' title='bbox 1056 1333 1350 1388; x_wconf 87' lang='lat' dir='ltr'><strong>Saracenis</strong></span> <span class='ocrx_word' id='word_1_113' title='bbox 1401 1336 1593 1390; x_wconf 89' lang='lat' dir='ltr'><strong>amiris</strong></span> <span class='ocrx_word' id='word_1_114' title='bbox 1642 1335 1831 1403; x_wconf 89' lang='lat' dir='ltr'><strong>fuisse,</strong></span> <span class='ocrx_word' id='word_1_115' title='bbox 1886 1347 2160 1392; x_wconf 86' lang='lat' dir='ltr'><strong>testantur</strong></span> <span class='ocrx_word' id='word_1_116' title='bbox 2214 1337 2419 1407; x_wconf 87' lang='lat' dir='ltr'><strong>passim</strong></span> <span class='ocrx_word' id='word_1_117' title='bbox 2478 1336 2725 1391; x_wconf 85' lang='lat' dir='ltr'><strong>histerici</strong></span> <span class='ocrx_word' id='word_1_118' title='bbox 2784 1335 3092 1406; x_wconf 78' lang='lat' dir='ltr'><strong>Byzantini,</strong></span> <span class='ocrx_word' id='word_1_119' title='bbox 3132 1336 3485 1391; x_wconf 88' lang='lat' dir='ltr'><strong>nominatini-</strong></span> 
     </span>
    </p>
   </div>
   <div class='ocr_carea' id='block_1_12' title="bbox 197 1418 3484 1495">
    <p class='ocr_par' dir='ltr' id='par_1_12' title="bbox 197 1418 3484 1495">
     <span class='ocr_line' id='line_1_12' title="bbox 197 1418 3484 1495; baseline 0.002 -25"><span class='ocrx_word' id='word_1_120' title='bbox 197 1432 307 1485; x_wconf 81' lang='lat' dir='ltr'><strong>que</strong></span> <span class='ocrx_word' id='word_1_121' title='bbox 334 1418 740 1475; x_wconf 85' lang='lat' dir='ltr'><strong>Constantinus</strong></span> <span class='ocrx_word' id='word_1_122' title='bbox 772 1420 845 1474; x_wconf 81' lang='lat' dir='ltr'><strong>De</strong></span> <span class='ocrx_word' id='word_1_123' title='bbox 868 1422 1069 1475; x_wconf 82' lang='lat' dir='ltr'><strong>admiu.</strong></span> <span class='ocrx_word' id='word_1_124' title='bbox 1106 1423 1262 1492; x_wconf 82' lang='lat' dir='ltr'><strong>imp.,</strong></span> <span class='ocrx_word' id='word_1_125' title='bbox 1280 1438 1399 1493; x_wconf 90' lang='lat' dir='ltr'><strong>cap.</strong></span> <span class='ocrx_word' id='word_1_126' title='bbox 1431 1424 1533 1490; x_wconf 81' lang='lat'><strong>22;</strong></span> <span class='ocrx_word' id='word_1_127' title='bbox 1562 1434 1616 1480; x_wconf 90' lang='lat' dir='ltr'><strong>et</strong></span> <span class='ocrx_word' id='word_1_128' title='bbox 1640 1426 1934 1495; x_wconf 91' lang='lat' dir='ltr'><strong>scriptores</strong></span> <span class='ocrx_word' id='word_1_129' title='bbox 1961 1435 2084 1495; x_wconf 90' lang='lat' dir='ltr'><strong>post</strong></span> <span class='ocrx_word' id='word_1_130' title='bbox 2102 1424 2492 1494; x_wconf 83' lang='lat' dir='ltr'><strong>Theophanem</strong></span> <span class='ocrx_word' id='word_1_131' title='bbox 2520 1423 2607 1477; x_wconf 88' lang='lat' dir='ltr'><strong>ed.</strong></span> <span class='ocrx_word' id='word_1_132' title='bbox 2636 1422 2814 1478; x_wconf 82' lang='lat' dir='ltr'><strong>Paris.</strong></span> <span class='ocrx_word' id='word_1_133' title='bbox 2841 1440 2893 1494; x_wconf 92' lang='lat' dir='ltr'><strong>p.</strong></span> <span class='ocrx_word' id='word_1_134' title='bbox 2921 1424 3048 1478; x_wconf 84' lang='grc'><strong>185.</strong></span> <span class='ocrx_word' id='word_1_135' title='bbox 3077 1422 3317 1494; x_wconf 84' lang='lat' dir='ltr'><strong>Cyprum</strong></span> <span class='ocrx_word' id='word_1_136' title='bbox 3343 1440 3484 1494; x_wconf 87' lang='lat' dir='ltr'><strong>quo—</strong></span> 
     </span>
    </p>
   </div>
   <div class='ocr_carea' id='block_1_13' title="bbox 198 1506 3488 1582">
    <p class='ocr_par' dir='ltr' id='par_1_13' title="bbox 198 1506 3488 1582">
     <span class='ocr_line' id='line_1_13' title="bbox 198 1506 3488 1582; baseline 0.003 -26"><span class='ocrx_word' id='word_1_137' title='bbox 198 1522 306 1574; x_wconf 82' lang='lat' dir='ltr'><strong>que</strong></span> <span class='ocrx_word' id='word_1_138' title='bbox 367 1506 612 1562; x_wconf 89' lang='lat' dir='ltr'><strong>insulam</strong></span> <span class='ocrx_word' id='word_1_139' title='bbox 669 1510 954 1577; x_wconf 89' lang='lat' dir='ltr'><strong>antiquius</strong></span> <span class='ocrx_word' id='word_1_140' title='bbox 1004 1511 1218 1574; x_wconf 87' lang='lat' dir='ltr'><strong>adhuc,</strong></span> <span class='ocrx_word' id='word_1_141' title='bbox 1284 1512 1333 1565; x_wconf 96' lang='lat' dir='ltr'><strong>id</strong></span> <span class='ocrx_word' id='word_1_142' title='bbox 1383 1521 1465 1567; x_wconf 87' lang='lat' dir='ltr'><strong>est</strong></span> <span class='ocrx_word' id='word_1_143' title='bbox 1505 1514 1769 1568; x_wconf 86' lang='lat' dir='ltr'><strong>trecentis</strong></span> <span class='ocrx_word' id='word_1_144' title='bbox 1809 1513 1922 1567; x_wconf 90' lang='lat' dir='ltr'><strong>fere</strong></span> <span class='ocrx_word' id='word_1_145' title='bbox 1970 1524 2095 1568; x_wconf 88' lang='lat' dir='ltr'><strong>ante</strong></span> <span class='ocrx_word' id='word_1_146' title='bbox 2117 1528 2176 1569; x_wconf 90' lang='lat' dir='ltr'><strong>se</strong></span> <span class='ocrx_word' id='word_1_147' title='bbox 2232 1513 2412 1577; x_wconf 86' lang='lat' dir='ltr'><strong>annis,</strong></span> <span class='ocrx_word' id='word_1_148' title='bbox 2474 1512 2890 1582; x_wconf 80' lang='lat' dir='ltr'><strong>stipendiariam</strong></span> <span class='ocrx_word' id='word_1_149' title='bbox 2943 1513 3143 1566; x_wconf 87' lang='lat' dir='ltr'><strong>factam</strong></span> <span class='ocrx_word' id='word_1_150' title='bbox 3195 1511 3488 1567; x_wconf 86' lang='lat' dir='ltr'><strong>Saracenis</strong></span> 
     </span>
    </p>
   </div>
   <div class='ocr_carea' id='block_1_14' title="bbox 200 1594 3485 1671">
    <p class='ocr_par' dir='ltr' id='par_1_14' title="bbox 200 1594 3485 1671">
     <span class='ocr_line' id='line_1_14' title="bbox 200 1594 3485 1671; baseline 0.002 -24"><span class='ocrx_word' id='word_1_151' title='bbox 200 1596 274 1649; x_wconf 87' lang='lat' dir='ltr'><strong>ait</strong></span> <span class='ocrx_word' id='word_1_152' title='bbox 307 1594 577 1652; x_wconf 79' lang='lat' dir='ltr'><strong>Nicolaus</strong></span> <span class='ocrx_word' id='word_1_153' title='bbox 627 1612 682 1666; x_wconf 89' lang='lat' dir='ltr'><strong>p.</strong></span> <span class='ocrx_word' id='word_1_154' title='bbox 718 1597 845 1652; x_wconf 77' lang='grc'><strong>165.</strong></span> <span class='ocrx_word' id='word_1_155' title='bbox 884 1597 1100 1668; x_wconf 85' lang='lat' dir='ltr'><strong>Reapse</strong></span> <span class='ocrx_word' id='word_1_156' title='bbox 1138 1600 1241 1653; x_wconf 88' lang='lat' dir='ltr'><strong>sub</strong></span> <span class='ocrx_word' id='word_1_157' title='bbox 1293 1598 1547 1656; x_wconf 84' lang='lat' dir='ltr'><strong>lleraelio</strong></span> <span class='ocrx_word' id='word_1_158' title='bbox 1597 1611 1921 1670; x_wconf 86' lang='lat' dir='ltr'><strong>occupatam</strong></span> <span class='ocrx_word' id='word_1_159' title='bbox 1955 1617 1985 1656; x_wconf 92' lang='lat' dir='ltr'><strong>a</strong></span> <span class='ocrx_word' id='word_1_160' title='bbox 2043 1601 2372 1667; x_wconf 82' lang='lat' dir='ltr'><strong>Saracenis,</strong></span> <span class='ocrx_word' id='word_1_161' title='bbox 2426 1602 2625 1656; x_wconf 86' lang='lat' dir='ltr'><strong>deinde</strong></span> <span class='ocrx_word' id='word_1_162' title='bbox 2663 1616 2693 1656; x_wconf 89' lang='lat' dir='ltr'><strong>a</strong></span> <span class='ocrx_word' id='word_1_163' title='bbox 2728 1600 2932 1657; x_wconf 86' lang='lat' dir='ltr'><strong>Basilio</strong></span> <span class='ocrx_word' id='word_1_164' title='bbox 2990 1603 3127 1671; x_wconf 91' lang='lat' dir='ltr'><strong>imp.</strong></span> <span class='ocrx_word' id='word_1_165' title='bbox 3186 1612 3485 1671; x_wconf 85' lang='lat' dir='ltr'><strong>receptam,</strong></span> 
     </span>
    </p>
   </div>
   <div class='ocr_carea' id='block_1_15' title="bbox 199 1686 3483 1756">
    <p class='ocr_par' dir='ltr' id='par_1_15' title="bbox 199 1686 3483 1756">
     <span class='ocr_line' id='line_1_15' title="bbox 199 1686 3483 1756; baseline 0.002 -20"><span class='ocrx_word' id='word_1_166' title='bbox 199 1699 447 1754; x_wconf 75' lang='lat' dir='ltr'><strong>moxque</strong></span> <span class='ocrx_word' id='word_1_167' title='bbox 472 1686 675 1740; x_wconf 88' lang='lat' dir='ltr'><strong>iterum</strong></span> <span class='ocrx_word' id='word_1_168' title='bbox 710 1688 812 1741; x_wconf 88' lang='lat' dir='ltr'><strong>sub</strong></span> <span class='ocrx_word' id='word_1_169' title='bbox 837 1688 1106 1741; x_wconf 89' lang='lat' dir='ltr'><strong>tributum</strong></span> <span class='ocrx_word' id='word_1_170' title='bbox 1164 1688 1569 1744; x_wconf 86' lang='lat' dir='ltr'><strong>Saracenorum</strong></span> <span class='ocrx_word' id='word_1_171' title='bbox 1627 1690 1927 1756; x_wconf 80' lang='lat' dir='ltr'><strong>redactam,</strong></span> <span class='ocrx_word' id='word_1_172' title='bbox 1962 1702 2147 1747; x_wconf 88' lang='lat' dir='ltr'><strong>narrat</strong></span> <span class='ocrx_word' id='word_1_173' title='bbox 2192 1690 2589 1748; x_wconf 79' lang='lat' dir='ltr'><strong>Constantinus</strong></span> <span class='ocrx_word' id='word_1_174' title='bbox 2629 1690 2684 1745; x_wconf 91' lang='lat' dir='ltr'><strong>in</strong></span> <span class='ocrx_word' id='word_1_175' title='bbox 2726 1690 3107 1747; x_wconf 83' lang='lat' dir='ltr'><strong>Thematibus.</strong></span> <span class='ocrx_word' id='word_1_176' title='bbox 3152 1689 3245 1747; x_wconf 89' lang='lat' dir='ltr'><strong>Sic</strong></span> <span class='ocrx_word' id='word_1_177' title='bbox 3300 1700 3483 1747; x_wconf 87' lang='lat' dir='ltr'><strong>tamen</strong></span> 
     </span>
    </p>
   </div>
   <div class='ocr_carea' id='block_1_16' title="bbox 201 1775 3485 1855">
    <p class='ocr_par' dir='ltr' id='par_1_16' title="bbox 201 1775 3485 1855">
     <span class='ocr_line' id='line_1_16' title="bbox 201 1775 3485 1855; baseline 0.002 -30"><span class='ocrx_word' id='word_1_178' title='bbox 201 1783 317 1828; x_wconf 89' lang='lat' dir='ltr'><strong>tum</strong></span> <span class='ocrx_word' id='word_1_179' title='bbox 353 1775 641 1829; x_wconf 83' lang='lat' dir='ltr'><strong>subditam</strong></span> <span class='ocrx_word' id='word_1_180' title='bbox 676 1776 973 1832; x_wconf 83' lang='lat' dir='ltr'><strong>Saracenis</strong></span> <span class='ocrx_word' id='word_1_181' title='bbox 999 1776 1362 1834; x_wconf 87' lang='lat' dir='ltr'><strong>Cretensibus</strong></span> <span class='ocrx_word' id='word_1_182' title='bbox 1394 1779 1468 1833; x_wconf 89' lang='lat' dir='ltr'><strong>ait</strong></span> <span class='ocrx_word' id='word_1_183' title='bbox 1498 1779 1737 1849; x_wconf 77' lang='lat' dir='ltr'><strong>Cyprum</strong></span> <span class='ocrx_word' id='word_1_184' title='bbox 1772 1779 2032 1835; x_wconf 84' lang='lat' dir='ltr'><strong>Nicolaus</strong></span> <span class='ocrx_word' id='word_1_185' title='bbox 2073 1778 2294 1855; x_wconf 34' lang='grc' dir='ltr'><strong>ρ.,166,</strong></span> <span class='ocrx_word' id='word_1_186' title='bbox 2327 1789 2387 1833; x_wconf 93' lang='lat' dir='ltr'><strong>ut</strong></span> <span class='ocrx_word' id='word_1_187' title='bbox 2412 1794 2567 1848; x_wconf 70' lang='lat' dir='ltr'><strong>mque</strong></span> <span class='ocrx_word' id='word_1_188' title='bbox 2598 1779 2994 1849; x_wconf 87' lang='lat' dir='ltr'><strong>propemodum</strong></span> <span class='ocrx_word' id='word_1_189' title='bbox 3017 1778 3210 1834; x_wconf 72' lang='lat' dir='ltr'><strong>Graeco</strong></span> <span class='ocrx_word' id='word_1_190' title='bbox 3249 1777 3485 1849; x_wconf 89' lang='lat' dir='ltr'><strong>imperio</strong></span> 
     </span>
    </p>
   </div>
   <div class='ocr_carea' id='block_1_17' title="bbox 196 1864 3485 1937">
    <p class='ocr_par' dir='ltr' id='par_1_17' title="bbox 196 1864 3485 1937">
     <span class='ocr_line' id='line_1_17' title="bbox 196 1864 3485 1937; baseline 0.003 -22"><span class='ocrx_word' id='word_1_191' title='bbox 196 1872 344 1917; x_wconf 85' lang='lat' dir='ltr'><strong>esset</strong></span> <span class='ocrx_word' id='word_1_192' title='bbox 374 1864 644 1918; x_wconf 78' lang='lat' dir='ltr'><strong>obnoxia.</strong></span> <span class='ocrx_word' id='word_1_193' title='bbox 679 1864 919 1920; x_wconf 85' lang='lat' dir='ltr'><strong>Causam</strong></span> <span class='ocrx_word' id='word_1_194' title='bbox 958 1880 1089 1921; x_wconf 91' lang='lat' dir='ltr'><strong>vero</strong></span> <span class='ocrx_word' id='word_1_195' title='bbox 1116 1867 1337 1937; x_wconf 64' lang='lat' dir='ltr'><strong>Cypria&quot;:</strong></span> <span class='ocrx_word' id='word_1_196' title='bbox 1396 1869 1639 1924; x_wconf 88' lang='lat' dir='ltr'><strong>recentis</strong></span> <span class='ocrx_word' id='word_1_197' title='bbox 1672 1869 2003 1924; x_wconf 85' lang='lat' dir='ltr'><strong>calamitatis</strong></span> <span class='ocrx_word' id='word_1_198' title='bbox 2030 1869 2165 1923; x_wconf 89' lang='lat' dir='ltr'><strong>dicit</strong></span> <span class='ocrx_word' id='word_1_199' title='bbox 2210 1868 2536 1923; x_wconf 85' lang='lat' dir='ltr'><strong>Damianum</strong></span> <span class='ocrx_word' id='word_1_200' title='bbox 2574 1877 2905 1937; x_wconf 87' lang='lat' dir='ltr'><strong>apostatam,</strong></span> <span class='ocrx_word' id='word_1_201' title='bbox 2946 1870 3040 1937; x_wconf 88' lang='lat' dir='ltr'><strong>qui</strong></span> <span class='ocrx_word' id='word_1_202' title='bbox 3072 1885 3259 1924; x_wconf 82' lang='lat' dir='ltr'><strong>revera</strong></span> <span class='ocrx_word' id='word_1_203' title='bbox 3306 1868 3485 1925; x_wconf 85' lang='lat' dir='ltr'><strong>factus</strong></span> 
     </span>
    </p>
   </div>
   <div class='ocr_carea' id='block_1_18' title="bbox 205 1950 3484 2027">
    <p class='ocr_par' dir='ltr' id='par_1_18' title="bbox 205 1950 3484 2027">
     <span class='ocr_line' id='line_1_18' title="bbox 205 1950 3484 2027; baseline 0.003 -24"><span class='ocrx_word' id='word_1_204' title='bbox 205 1950 332 2021; x_wconf 76' lang='lat' dir='ltr'><strong>Tyri</strong></span> <span class='ocrx_word' id='word_1_205' title='bbox 372 1953 578 2013; x_wconf 82' lang='lat' dir='ltr'><strong>amira.</strong></span> <span class='ocrx_word' id='word_1_206' title='bbox 615 1969 681 2008; x_wconf 91' lang='lat' dir='ltr'><strong>eo</strong></span> <span class='ocrx_word' id='word_1_207' title='bbox 724 1962 973 2023; x_wconf 86' lang='lat' dir='ltr'><strong>tempore</strong></span> <span class='ocrx_word' id='word_1_208' title='bbox 1001 1954 1158 2019; x_wconf 88' lang='lat' dir='ltr'><strong>obiit,</strong></span> <span class='ocrx_word' id='word_1_209' title='bbox 1194 1965 1253 2009; x_wconf 94' lang='lat' dir='ltr'><strong>ut</strong></span> <span class='ocrx_word' id='word_1_210' title='bbox 1290 1968 1480 2011; x_wconf 86' lang='lat' dir='ltr'><strong>narrat</strong></span> <span class='ocrx_word' id='word_1_211' title='bbox 1506 1972 1632 2011; x_wconf 89' lang='lat' dir='ltr'><strong>cum</strong></span> <span class='ocrx_word' id='word_1_212' title='bbox 1667 1956 1897 2013; x_wconf 81' lang='lat' dir='ltr'><strong>Nieolao</strong></span> <span class='ocrx_word' id='word_1_213' title='bbox 1928 1958 2092 2012; x_wconf 88' lang='lat' dir='ltr'><strong>etiam</strong></span> <span class='ocrx_word' id='word_1_214' title='bbox 2133 1958 2415 2014; x_wconf 88' lang='lat' dir='ltr'><strong>Cedrenus</strong></span> <span class='ocrx_word' id='word_1_215' title='bbox 2448 1957 2535 2013; x_wconf 91' lang='lat' dir='ltr'><strong>ed.</strong></span> <span class='ocrx_word' id='word_1_216' title='bbox 2587 1957 2762 2012; x_wconf 84' lang='lat' dir='ltr'><strong>Paris.</strong></span> <span class='ocrx_word' id='word_1_217' title='bbox 2808 1968 2849 2014; x_wconf 93' lang='lat' dir='ltr'><strong>t.</strong></span> <span class='ocrx_word' id='word_1_218' title='bbox 2892 1958 2959 2023; x_wconf 91' lang='lat' dir='ltr'><strong>ll,</strong></span> <span class='ocrx_word' id='word_1_219' title='bbox 2994 1974 3047 2027; x_wconf 92' lang='lat' dir='ltr'><strong>p.</strong></span> <span class='ocrx_word' id='word_1_220' title='bbox 3081 1958 3205 2013; x_wconf 76' lang='lat'><strong>6|2.</strong></span> <span class='ocrx_word' id='word_1_221' title='bbox 3231 1959 3351 2012; x_wconf 86' lang='lat' dir='ltr'><strong>Jam</strong></span> <span class='ocrx_word' id='word_1_222' title='bbox 3388 1958 3484 2014; x_wconf 85' lang='lat' dir='ltr'><strong>Hi-</strong></span> 
     </span>
    </p>
   </div>
   <div class='ocr_carea' id='block_1_19' title="bbox 200 2040 3485 2114">
    <p class='ocr_par' dir='ltr' id='par_1_19' title="bbox 200 2040 3485 2114">
     <span class='ocr_line' id='line_1_19' title="bbox 200 2040 3485 2114; baseline 0.003 -22"><span class='ocrx_word' id='word_1_223' title='bbox 200 2040 355 2093; x_wconf 74' lang='lat' dir='ltr'><strong>nierii</strong></span> <span class='ocrx_word' id='word_1_224' title='bbox 388 2041 634 2109; x_wconf 61' lang='lat' dir='ltr'><strong>pratici-ti</strong></span> <span class='ocrx_word' id='word_1_225' title='bbox 672 2042 957 2106; x_wconf 88' lang='lat' dir='ltr'><strong>maritimi,</strong></span> <span class='ocrx_word' id='word_1_226' title='bbox 984 2043 1144 2112; x_wconf 86' lang='lat' dir='ltr'><strong>cujus</strong></span> <span class='ocrx_word' id='word_1_227' title='bbox 1175 2043 1304 2098; x_wconf 91' lang='lat' dir='ltr'><strong>item</strong></span> <span class='ocrx_word' id='word_1_228' title='bbox 1337 2045 1590 2099; x_wconf 88' lang='lat' dir='ltr'><strong>meminit</strong></span> <span class='ocrx_word' id='word_1_229' title='bbox 1622 2044 1903 2114; x_wconf 79' lang='lat' dir='ltr'><strong>Nicolaus,</strong></span> <span class='ocrx_word' id='word_1_230' title='bbox 1938 2047 2220 2103; x_wconf 84' lang='lat' dir='ltr'><strong>victoriam</strong></span> <span class='ocrx_word' id='word_1_231' title='bbox 2251 2046 2497 2102; x_wconf 79' lang='lat' dir='ltr'><strong>navalem</strong></span> <span class='ocrx_word' id='word_1_232' title='bbox 2528 2046 2593 2101; x_wconf 88' lang='lat' dir='ltr'><strong>de</strong></span> <span class='ocrx_word' id='word_1_233' title='bbox 2623 2046 2916 2102; x_wconf 81' lang='lat' dir='ltr'><strong>Saracenis</strong></span> <span class='ocrx_word' id='word_1_234' title='bbox 2942 2055 3213 2102; x_wconf 91' lang='lat' dir='ltr'><strong>memorat</strong></span> <span class='ocrx_word' id='word_1_235' title='bbox 3239 2047 3485 2103; x_wconf 82' lang='lat' dir='ltr'><strong>Zonaras</strong></span> 
     </span>
    </p>
   </div>
   <div class='ocr_carea' id='block_1_20' title="bbox 203 2130 3485 2206">
    <p class='ocr_par' dir='ltr' id='par_1_20' title="bbox 203 2130 3485 2206">
     <span class='ocr_line' id='line_1_20' title="bbox 203 2130 3485 2206; baseline 0.003 -24"><span class='ocrx_word' id='word_1_236' title='bbox 203 2131 298 2185; x_wconf 89' lang='lat' dir='ltr'><strong>lib.</strong></span> <span class='ocrx_word' id='word_1_237' title='bbox 362 2146 479 2196; x_wconf 74' lang='lat' dir='ltr'><strong>xvi,</strong></span> <span class='ocrx_word' id='word_1_238' title='bbox 513 2132 603 2186; x_wconf 69' lang='grc'><strong>14.</strong></span> <span class='ocrx_word' id='word_1_239' title='bbox 636 2130 1009 2200; x_wconf 88' lang='lat' dir='ltr'><strong>Epistolarum</strong></span> <span class='ocrx_word' id='word_1_240' title='bbox 1052 2131 1267 2188; x_wconf 85' lang='lat' dir='ltr'><strong>Nicolai</strong></span> <span class='ocrx_word' id='word_1_241' title='bbox 1309 2148 1512 2203; x_wconf 78' lang='lat' dir='ltr'><strong>scopus</strong></span> <span class='ocrx_word' id='word_1_242' title='bbox 1540 2144 1641 2194; x_wconf 91' lang='lat' dir='ltr'><strong>est.</strong></span> <span class='ocrx_word' id='word_1_243' title='bbox 1676 2145 1735 2189; x_wconf 93' lang='lat' dir='ltr'><strong>ut</strong></span> <span class='ocrx_word' id='word_1_244' title='bbox 1776 2134 2095 2190; x_wconf 85' lang='lat' dir='ltr'><strong>Cretensem</strong></span> <span class='ocrx_word' id='word_1_245' title='bbox 2140 2144 2332 2190; x_wconf 81' lang='lat' dir='ltr'><strong>exoret</strong></span> <span class='ocrx_word' id='word_1_246' title='bbox 2374 2136 2603 2189; x_wconf 89' lang='lat' dir='ltr'><strong>amiram</strong></span> <span class='ocrx_word' id='word_1_247' title='bbox 2654 2151 2721 2190; x_wconf 94' lang='lat' dir='ltr'><strong>nc</strong></span> <span class='ocrx_word' id='word_1_248' title='bbox 2764 2135 2816 2189; x_wconf 90' lang='lat' dir='ltr'><strong>in</strong></span> <span class='ocrx_word' id='word_1_249' title='bbox 2864 2134 3096 2206; x_wconf 78' lang='lat' dir='ltr'><strong>Cyprios</strong></span> <span class='ocrx_word' id='word_1_250' title='bbox 3131 2134 3485 2191; x_wconf 85' lang='lat' dir='ltr'><strong>immerentes</strong></span> 
     </span>
    </p>
   </div>
   <div class='ocr_carea' id='block_1_21' title="bbox 203 2221 3484 2295">
    <p class='ocr_par' dir='ltr' id='par_1_21' title="bbox 203 2221 3484 2295">
     <span class='ocr_line' id='line_1_21' title="bbox 203 2221 3484 2295; baseline 0.001 -23"><span class='ocrx_word' id='word_1_251' title='bbox 203 2222 431 2283; x_wconf 71' lang='lat' dir='ltr'><strong>sreviat;</strong></span> <span class='ocrx_word' id='word_1_252' title='bbox 477 2233 642 2289; x_wconf 90' lang='lat' dir='ltr'><strong>atque</strong></span> <span class='ocrx_word' id='word_1_253' title='bbox 677 2229 736 2273; x_wconf 94' lang='lat' dir='ltr'><strong>ut</strong></span> <span class='ocrx_word' id='word_1_254' title='bbox 772 2222 1118 2289; x_wconf 83' lang='lat' dir='ltr'><strong>captivorum</strong></span> <span class='ocrx_word' id='word_1_255' title='bbox 1172 2221 1505 2287; x_wconf 89' lang='lat' dir='ltr'><strong>libertatem,</strong></span> <span class='ocrx_word' id='word_1_256' title='bbox 1548 2222 1594 2278; x_wconf 90' lang='lat' dir='ltr'><strong>si</strong></span> <span class='ocrx_word' id='word_1_257' title='bbox 1624 2223 1741 2278; x_wconf 91' lang='lat' dir='ltr'><strong>lieri</strong></span> <span class='ocrx_word' id='word_1_258' title='bbox 1769 2224 1964 2295; x_wconf 87' lang='lat' dir='ltr'><strong>possit,</strong></span> <span class='ocrx_word' id='word_1_259' title='bbox 2020 2224 2276 2293; x_wconf 89' lang='lat' dir='ltr'><strong>impetret</strong></span> <span class='ocrx_word' id='word_1_260' title='bbox 2301 2239 2317 2291; x_wconf 87' lang='lat'><strong>;</strong></span> <span class='ocrx_word' id='word_1_261' title='bbox 2342 2237 2483 2293; x_wconf 90' lang='lat' dir='ltr'><strong>quos</strong></span> <span class='ocrx_word' id='word_1_262' title='bbox 2512 2224 2656 2277; x_wconf 89' lang='lat' dir='ltr'><strong>inter</strong></span> <span class='ocrx_word' id='word_1_263' title='bbox 2679 2222 2755 2276; x_wconf 91' lang='lat' dir='ltr'><strong>illi</strong></span> <span class='ocrx_word' id='word_1_264' title='bbox 2794 2224 3085 2291; x_wconf 68' lang='lat' dir='ltr'><strong>praecipue,</strong></span> <span class='ocrx_word' id='word_1_265' title='bbox 3120 2232 3180 2275; x_wconf 91' lang='lat' dir='ltr'><strong>ut</strong></span> <span class='ocrx_word' id='word_1_266' title='bbox 3219 2238 3362 2286; x_wconf 87' lang='lat' dir='ltr'><strong>reor,</strong></span> <span class='ocrx_word' id='word_1_267' title='bbox 3397 2226 3484 2277; x_wconf 89' lang='lat' dir='ltr'><strong>iu-</strong></span> 
     </span>
    </p>
   </div>
   <div class='ocr_carea' id='block_1_22' title="bbox 201 2308 3487 2381">
    <p class='ocr_par' dir='ltr' id='par_1_22' title="bbox 201 2308 3487 2381">
     <span class='ocr_line' id='line_1_22' title="bbox 201 2308 3487 2381; baseline 0.001 -20"><span class='ocrx_word' id='word_1_268' title='bbox 201 2308 552 2375; x_wconf 83' lang='lat' dir='ltr'><strong>telliguntur,</strong></span> <span class='ocrx_word' id='word_1_269' title='bbox 590 2309 683 2376; x_wconf 91' lang='lat' dir='ltr'><strong>qui</strong></span> <span class='ocrx_word' id='word_1_270' title='bbox 718 2310 789 2362; x_wconf 89' lang='lat' dir='ltr'><strong>ob</strong></span> <span class='ocrx_word' id='word_1_271' title='bbox 832 2310 1171 2364; x_wconf 88' lang='lat' dir='ltr'><strong>horrendum</strong></span> <span class='ocrx_word' id='word_1_272' title='bbox 1206 2308 1618 2366; x_wconf 67' lang='lat' dir='ltr'><strong>Thessalonica:</strong></span> <span class='ocrx_word' id='word_1_273' title='bbox 1656 2314 1929 2370; x_wconf 79' lang='lat' dir='ltr'><strong>excidium</strong></span> <span class='ocrx_word' id='word_1_274' title='bbox 1973 2312 2028 2366; x_wconf 91' lang='lat' dir='ltr'><strong>in</strong></span> <span class='ocrx_word' id='word_1_275' title='bbox 2063 2318 2385 2381; x_wconf 90' lang='lat' dir='ltr'><strong>potestatem</strong></span> <span class='ocrx_word' id='word_1_276' title='bbox 2430 2309 2833 2365; x_wconf 87' lang='lat' dir='ltr'><strong>Saracenorum</strong></span> <span class='ocrx_word' id='word_1_277' title='bbox 2869 2324 2963 2380; x_wconf 90' lang='lat' dir='ltr'><strong>per</strong></span> <span class='ocrx_word' id='word_1_278' title='bbox 3001 2311 3051 2363; x_wconf 92' lang='lat' dir='ltr'><strong>id</strong></span> <span class='ocrx_word' id='word_1_279' title='bbox 3079 2320 3292 2380; x_wconf 82' lang='lat' dir='ltr'><strong>tempus</strong></span> <span class='ocrx_word' id='word_1_280' title='bbox 3327 2326 3487 2365; x_wconf 89' lang='lat' dir='ltr'><strong>vene-</strong></span> 
     </span>
    </p>
   </div>
   <div class='ocr_carea' id='block_1_23' title="bbox 200 2397 3488 2467">
    <p class='ocr_par' dir='ltr' id='par_1_23' title="bbox 200 2397 3488 2467">
     <span class='ocr_line' id='line_1_23' title="bbox 200 2397 3488 2467; baseline 0 -18"><span class='ocrx_word' id='word_1_281' title='bbox 200 2408 346 2455; x_wconf 79' lang='lat' dir='ltr'><strong>rant.</strong></span> <span class='ocrx_word' id='word_1_282' title='bbox 406 2397 485 2451; x_wconf 90' lang='lat' dir='ltr'><strong>uti</strong></span> <span class='ocrx_word' id='word_1_283' title='bbox 531 2397 729 2465; x_wconf 74' lang='lat' dir='ltr'><strong>legitur</strong></span> <span class='ocrx_word' id='word_1_284' title='bbox 764 2399 903 2466; x_wconf 90' lang='lat' dir='ltr'><strong>apud</strong></span> <span class='ocrx_word' id='word_1_285' title='bbox 937 2412 1150 2453; x_wconf 65' lang='lat' dir='ltr'><strong>coaevos</strong></span> <span class='ocrx_word' id='word_1_286' title='bbox 1179 2399 1480 2455; x_wconf 89' lang='lat' dir='ltr'><strong>historicos</strong></span> <span class='ocrx_word' id='word_1_287' title='bbox 1523 2399 1787 2456; x_wconf 87' lang='lat' dir='ltr'><strong>Joannem</strong></span> <span class='ocrx_word' id='word_1_288' title='bbox 1816 2400 2126 2464; x_wconf 89' lang='lat' dir='ltr'><strong>Leetorem,</strong></span> <span class='ocrx_word' id='word_1_289' title='bbox 2150 2397 2419 2453; x_wconf 84' lang='lat' dir='ltr'><strong>Joannem</strong></span> <span class='ocrx_word' id='word_1_290' title='bbox 2446 2397 2845 2459; x_wconf 85' lang='lat' dir='ltr'><strong>Canieniatam,</strong></span> <span class='ocrx_word' id='word_1_291' title='bbox 2874 2407 2927 2451; x_wconf 87' lang='lat' dir='ltr'><strong>ct.</strong></span> <span class='ocrx_word' id='word_1_292' title='bbox 2954 2397 3287 2452; x_wconf 90' lang='lat' dir='ltr'><strong>Demetrium</strong></span> <span class='ocrx_word' id='word_1_293' title='bbox 3310 2398 3488 2467; x_wconf 78' lang='lat' dir='ltr'><strong>Cydo-</strong></span> 
     </span>
    </p>
   </div>
   <div class='ocr_carea' id='block_1_24' title="bbox 199 2486 3485 2559">
    <p class='ocr_par' dir='ltr' id='par_1_24' title="bbox 199 2486 3485 2559">
     <span class='ocr_line' id='line_1_24' title="bbox 199 2486 3485 2559; baseline 0.001 -22"><span class='ocrx_word' id='word_1_294' title='bbox 199 2488 374 2541; x_wconf 87' lang='lat' dir='ltr'><strong>nium.</strong></span> <span class='ocrx_word' id='word_1_295' title='bbox 418 2487 761 2541; x_wconf 79' lang='lat' dir='ltr'><strong>Calauiitatis</strong></span> <span class='ocrx_word' id='word_1_296' title='bbox 814 2488 937 2555; x_wconf 87' lang='lat' dir='ltr'><strong>ejus</strong></span> <span class='ocrx_word' id='word_1_297' title='bbox 993 2488 1157 2542; x_wconf 85' lang='lat' dir='ltr'><strong>etiam</strong></span> <span class='ocrx_word' id='word_1_298' title='bbox 1222 2490 1275 2542; x_wconf 88' lang='lat' dir='ltr'><strong>in</strong></span> <span class='ocrx_word' id='word_1_299' title='bbox 1341 2505 1425 2559; x_wconf 85' lang='lat' dir='ltr'><strong>cp.</strong></span> <span class='ocrx_word' id='word_1_300' title='bbox 1487 2490 1555 2543; x_wconf 80' lang='lat'><strong>75</strong></span> <span class='ocrx_word' id='word_1_301' title='bbox 1617 2490 1866 2546; x_wconf 90' lang='lat' dir='ltr'><strong>meminit</strong></span> <span class='ocrx_word' id='word_1_302' title='bbox 1920 2489 2198 2545; x_wconf 87' lang='lat' dir='ltr'><strong>Nicolaus.</strong></span> <span class='ocrx_word' id='word_1_303' title='bbox 2268 2487 2452 2544; x_wconf 89' lang='lat' dir='ltr'><strong>Tertia</strong></span> <span class='ocrx_word' id='word_1_304' title='bbox 2504 2486 2712 2543; x_wconf 82' lang='lat' dir='ltr'><strong>Nicolai</strong></span> <span class='ocrx_word' id='word_1_305' title='bbox 2762 2487 2995 2556; x_wconf 89' lang='lat' dir='ltr'><strong>epistola</strong></span> <span class='ocrx_word' id='word_1_306' title='bbox 3066 2486 3261 2541; x_wconf 86' lang='lat' dir='ltr'><strong>classis</strong></span> <span class='ocrx_word' id='word_1_307' title='bbox 3319 2486 3485 2555; x_wconf 89' lang='lat' dir='ltr'><strong>hujus</strong></span> 
     </span>
    </p>
   </div>
   <div class='ocr_carea' id='block_1_25' title="bbox 203 2575 3477 2647">
    <p class='ocr_par' dir='ltr' id='par_1_25' title="bbox 203 2575 3477 2647">
     <span class='ocr_line' id='line_1_25' title="bbox 203 2575 3477 2647; baseline -0.002 -19"><span class='ocrx_word' id='word_1_308' title='bbox 203 2577 366 2645; x_wconf 83' lang='lat' dir='ltr'><strong>(apud</strong></span> <span class='ocrx_word' id='word_1_309' title='bbox 420 2590 522 2630; x_wconf 90' lang='lat' dir='ltr'><strong>nos</strong></span> <span class='ocrx_word' id='word_1_310' title='bbox 556 2591 647 2645; x_wconf 88' lang='lat' dir='ltr'><strong>ep.</strong></span> <span class='ocrx_word' id='word_1_311' title='bbox 679 2575 805 2645; x_wconf 70' lang='lat'><strong>102)</strong></span> <span class='ocrx_word' id='word_1_312' title='bbox 842 2592 1107 2645; x_wconf 89' lang='lat' dir='ltr'><strong>supremo</strong></span> <span class='ocrx_word' id='word_1_313' title='bbox 1138 2577 1541 2634; x_wconf 87' lang='lat' dir='ltr'><strong>Saracenorum</strong></span> <span class='ocrx_word' id='word_1_314' title='bbox 1576 2579 1741 2635; x_wconf 87' lang='lat' dir='ltr'><strong>califo</strong></span> <span class='ocrx_word' id='word_1_315' title='bbox 1772 2580 2058 2642; x_wconf 91' lang='lat' dir='ltr'><strong>scribitur,</strong></span> <span class='ocrx_word' id='word_1_316' title='bbox 2087 2576 2180 2647; x_wconf 91' lang='lat' dir='ltr'><strong>qui</strong></span> <span class='ocrx_word' id='word_1_317' title='bbox 2223 2575 2363 2631; x_wconf 91' lang='lat' dir='ltr'><strong>falso</strong></span> <span class='ocrx_word' id='word_1_318' title='bbox 2398 2589 2623 2631; x_wconf 90' lang='lat' dir='ltr'><strong>rumore</strong></span> <span class='ocrx_word' id='word_1_319' title='bbox 2665 2575 2876 2639; x_wconf 91' lang='lat' dir='ltr'><strong>audito,</strong></span> <span class='ocrx_word' id='word_1_320' title='bbox 2900 2575 3045 2645; x_wconf 89' lang='lat' dir='ltr'><strong>quod</strong></span> <span class='ocrx_word' id='word_1_321' title='bbox 3073 2575 3477 2629; x_wconf 87' lang='lat' dir='ltr'><strong>Saracenorum</strong></span> 
     </span>
    </p>
   </div>
   <div class='ocr_carea' id='block_1_26' title="bbox 200 2662 3483 2738">
    <p class='ocr_par' dir='ltr' id='par_1_26' title="bbox 200 2662 3483 2738">
     <span class='ocr_line' id='line_1_26' title="bbox 200 2662 3483 2738; baseline 0 -24"><span class='ocrx_word' id='word_1_322' title='bbox 200 2667 513 2717; x_wconf 86' lang='lat' dir='ltr'><strong>oratorium</strong></span> <span class='ocrx_word' id='word_1_323' title='bbox 563 2664 1041 2735; x_wconf 86' lang='lat' dir='ltr'><strong>Constantinopoli</strong></span> <span class='ocrx_word' id='word_1_324' title='bbox 1096 2667 1291 2723; x_wconf 89' lang='lat' dir='ltr'><strong>fuisset</strong></span> <span class='ocrx_word' id='word_1_325' title='bbox 1339 2669 1610 2733; x_wconf 91' lang='lat' dir='ltr'><strong>dirutum,</strong></span> <span class='ocrx_word' id='word_1_326' title='bbox 1670 2668 2033 2738; x_wconf 90' lang='lat' dir='ltr'><strong>nonnullique</strong></span> <span class='ocrx_word' id='word_1_327' title='bbox 2077 2682 2108 2722; x_wconf 87' lang='lat' dir='ltr'><strong>e</strong></span> <span class='ocrx_word' id='word_1_328' title='bbox 2171 2665 2290 2720; x_wconf 90' lang='lat' dir='ltr'><strong>suis</strong></span> <span class='ocrx_word' id='word_1_329' title='bbox 2340 2666 2407 2720; x_wconf 86' lang='lat' dir='ltr'><strong>ad</strong></span> <span class='ocrx_word' id='word_1_330' title='bbox 2459 2664 2829 2719; x_wconf 85' lang='lat' dir='ltr'><strong>lslamismum</strong></span> <span class='ocrx_word' id='word_1_331' title='bbox 2881 2664 3245 2718; x_wconf 82' lang='lat' dir='ltr'><strong>deserendum</strong></span> <span class='ocrx_word' id='word_1_332' title='bbox 3279 2662 3483 2729; x_wconf 80' lang='lat' dir='ltr'><strong>coacti,</strong></span> 
     </span>
    </p>
   </div>
   <div class='ocr_carea' id='block_1_27' title="bbox 201 2751 3477 2827">
    <p class='ocr_par' dir='ltr' id='par_1_27' title="bbox 201 2751 3477 2827">
     <span class='ocr_line' id='line_1_27' title="bbox 201 2751 3477 2827; baseline -0 -23"><span class='ocrx_word' id='word_1_333' title='bbox 201 2752 423 2821; x_wconf 68' lang='lat' dir='ltr'><strong>injuria:</strong></span> <span class='ocrx_word' id='word_1_334' title='bbox 456 2754 791 2808; x_wconf 72' lang='lat' dir='ltr'><strong>ulciscendae</strong></span> <span class='ocrx_word' id='word_1_335' title='bbox 815 2756 1071 2823; x_wconf 90' lang='lat' dir='ltr'><strong>cupidus,</strong></span> <span class='ocrx_word' id='word_1_336' title='bbox 1093 2754 1410 2811; x_wconf 84' lang='lat' dir='ltr'><strong>Christiana</strong></span> <span class='ocrx_word' id='word_1_337' title='bbox 1437 2758 1635 2827; x_wconf 91' lang='lat' dir='ltr'><strong>templa</strong></span> <span class='ocrx_word' id='word_1_338' title='bbox 1662 2757 1716 2810; x_wconf 92' lang='lat' dir='ltr'><strong>in</strong></span> <span class='ocrx_word' id='word_1_339' title='bbox 1744 2757 2074 2813; x_wconf 88' lang='lat' dir='ltr'><strong>Saracenieo</strong></span> <span class='ocrx_word' id='word_1_340' title='bbox 2100 2754 2334 2825; x_wconf 82' lang='lat' dir='ltr'><strong>imperio</strong></span> <span class='ocrx_word' id='word_1_341' title='bbox 2360 2752 2658 2823; x_wconf 87' lang='lat' dir='ltr'><strong>propositis</strong></span> <span class='ocrx_word' id='word_1_342' title='bbox 2679 2752 2893 2816; x_wconf 85' lang='lat' dir='ltr'><strong>edictis,</strong></span> <span class='ocrx_word' id='word_1_343' title='bbox 2921 2753 3195 2820; x_wconf 86' lang='lat' dir='ltr'><strong>prosterni</strong></span> <span class='ocrx_word' id='word_1_344' title='bbox 3217 2751 3477 2821; x_wconf 85' lang='lat' dir='ltr'><strong>jusserat;</strong></span> 
     </span>
    </p>
   </div>
   <div class='ocr_carea' id='block_1_28' title="bbox 198 2837 3482 2913">
    <p class='ocr_par' dir='ltr' id='par_1_28' title="bbox 198 2837 3482 2913">
     <span class='ocr_line' id='line_1_28' title="bbox 198 2837 3482 2913; baseline 0.002 -28"><span class='ocrx_word' id='word_1_345' title='bbox 198 2841 331 2891; x_wconf 78' lang='lat' dir='ltr'><strong>dum</strong></span> <span class='ocrx_word' id='word_1_346' title='bbox 371 2837 675 2893; x_wconf 87' lang='lat' dir='ltr'><strong>crudeliter</strong></span> <span class='ocrx_word' id='word_1_347' title='bbox 710 2840 931 2894; x_wconf 88' lang='lat' dir='ltr'><strong>interim</strong></span> <span class='ocrx_word' id='word_1_348' title='bbox 973 2840 1320 2898; x_wconf 87' lang='lat' dir='ltr'><strong>Christianos</strong></span> <span class='ocrx_word' id='word_1_349' title='bbox 1349 2845 1597 2913; x_wconf 81' lang='lat' dir='ltr'><strong>captivos</strong></span> <span class='ocrx_word' id='word_1_350' title='bbox 1638 2843 1899 2900; x_wconf 89' lang='lat' dir='ltr'><strong>Saraceni</strong></span> <span class='ocrx_word' id='word_1_351' title='bbox 1942 2850 2263 2908; x_wconf 87' lang='lat' dir='ltr'><strong>tractarent,</strong></span> <span class='ocrx_word' id='word_1_352' title='bbox 2302 2843 2376 2896; x_wconf 91' lang='lat' dir='ltr'><strong>ita</strong></span> <span class='ocrx_word' id='word_1_353' title='bbox 2408 2850 2464 2894; x_wconf 93' lang='lat' dir='ltr'><strong>ut</strong></span> <span class='ocrx_word' id='word_1_354' title='bbox 2510 2848 2564 2895; x_wconf 88' lang='lat' dir='ltr'><strong>et</strong></span> <span class='ocrx_word' id='word_1_355' title='bbox 2603 2849 2780 2895; x_wconf 84' lang='lat' dir='ltr'><strong>morte</strong></span> <span class='ocrx_word' id='word_1_356' title='bbox 2811 2840 3121 2901; x_wconf 87' lang='lat' dir='ltr'><strong>damnatos,</strong></span> <span class='ocrx_word' id='word_1_357' title='bbox 3160 2854 3268 2893; x_wconf 93' lang='lat' dir='ltr'><strong>nou</strong></span> <span class='ocrx_word' id='word_1_358' title='bbox 3304 2840 3482 2908; x_wconf 87' lang='lat' dir='ltr'><strong>capite</strong></span> 
     </span>
    </p>
   </div>
   <div class='ocr_carea' id='block_1_29' title="bbox 200 2926 3479 3004">
    <p class='ocr_par' dir='ltr' id='par_1_29' title="bbox 200 2926 3479 3004">
     <span class='ocr_line' id='line_1_29' title="bbox 200 2926 3479 3004; baseline 0.001 -24"><span class='ocrx_word' id='word_1_359' title='bbox 200 2929 526 2996; x_wconf 88' lang='lat' dir='ltr'><strong>plectereut,</strong></span> <span class='ocrx_word' id='word_1_360' title='bbox 557 2929 650 2983; x_wconf 89' lang='lat' dir='ltr'><strong>sed</strong></span> <span class='ocrx_word' id='word_1_361' title='bbox 689 2943 841 2983; x_wconf 89' lang='lat' dir='ltr'><strong>more</strong></span> <span class='ocrx_word' id='word_1_362' title='bbox 868 2930 1142 2999; x_wconf 87' lang='lat' dir='ltr'><strong>pecudum</strong></span> <span class='ocrx_word' id='word_1_363' title='bbox 1166 2932 1486 3003; x_wconf 90' lang='lat' dir='ltr'><strong>jugularent</strong></span> <span class='ocrx_word' id='word_1_364' title='bbox 1510 2932 1566 3004; x_wconf 82' lang='grc' dir='ltr'><strong>(ο</strong></span> <span class='ocrx_word' id='word_1_365' title='bbox 1591 2934 1869 3003; x_wconf 88' lang='lat' dir='ltr'><strong>temporal</strong></span> <span class='ocrx_word' id='word_1_366' title='bbox 1896 2947 2126 2986; x_wconf 89' lang='lat' dir='ltr'><strong>omores</strong></span> <span class='ocrx_word' id='word_1_367' title='bbox 2150 2929 2189 3000; x_wconf 91' lang='lat'><strong>!)</strong></span> <span class='ocrx_word' id='word_1_368' title='bbox 2218 2929 2301 2982; x_wconf 85' lang='lat' dir='ltr'><strong>vel</strong></span> <span class='ocrx_word' id='word_1_369' title='bbox 2326 2930 2471 2999; x_wconf 91' lang='lat' dir='ltr'><strong>ligno</strong></span> <span class='ocrx_word' id='word_1_370' title='bbox 2488 2941 2791 2996; x_wconf 89' lang='lat' dir='ltr'><strong>suspensos</strong></span> <span class='ocrx_word' id='word_1_371' title='bbox 2817 2926 3055 2996; x_wconf 85' lang='lat' dir='ltr'><strong>lapidum</strong></span> <span class='ocrx_word' id='word_1_372' title='bbox 3083 2927 3479 2997; x_wconf 81' lang='lat' dir='ltr'><strong>sagittarumve</strong></span> 
     </span>
    </p>
   </div>
   <div class='ocr_carea' id='block_1_30' title="bbox 196 3014 3479 3093">
    <p class='ocr_par' dir='ltr' id='par_1_30' title="bbox 196 3014 3479 3093">
     <span class='ocr_line' id='line_1_30' title="bbox 196 3014 3479 3093; baseline -0.001 -22"><span class='ocrx_word' id='word_1_373' title='bbox 196 3018 346 3085; x_wconf 88' lang='lat' dir='ltr'><strong>jaetu</strong></span> <span class='ocrx_word' id='word_1_374' title='bbox 371 3032 469 3086; x_wconf 89' lang='lat' dir='ltr'><strong>per</strong></span> <span class='ocrx_word' id='word_1_375' title='bbox 492 3017 794 3071; x_wconf 86' lang='lat' dir='ltr'><strong>ludibrium</strong></span> <span class='ocrx_word' id='word_1_376' title='bbox 816 3020 1166 3088; x_wconf 88' lang='lat' dir='ltr'><strong>perimereut.</strong></span> <span class='ocrx_word' id='word_1_377' title='bbox 1196 3019 1369 3092; x_wconf 83' lang='lat' dir='ltr'><strong>Negat</strong></span> <span class='ocrx_word' id='word_1_378' title='bbox 1396 3022 1563 3093; x_wconf 86' lang='lat' dir='ltr'><strong>igitur</strong></span> <span class='ocrx_word' id='word_1_379' title='bbox 1578 3019 1836 3077; x_wconf 88' lang='lat' dir='ltr'><strong>Nicolaus</strong></span> <span class='ocrx_word' id='word_1_380' title='bbox 1863 3029 1919 3075; x_wconf 89' lang='lat' dir='ltr'><strong>et</strong></span> <span class='ocrx_word' id='word_1_381' title='bbox 1938 3020 2224 3075; x_wconf 87' lang='lat' dir='ltr'><strong>delubrum</strong></span> <span class='ocrx_word' id='word_1_382' title='bbox 2255 3017 2419 3071; x_wconf 90' lang='lat' dir='ltr'><strong>ullum</strong></span> <span class='ocrx_word' id='word_1_383' title='bbox 2440 3015 2865 3070; x_wconf 87' lang='lat' dir='ltr'><strong>Mahumeticum</strong></span> <span class='ocrx_word' id='word_1_384' title='bbox 2897 3015 3040 3084; x_wconf 86' lang='lat' dir='ltr'><strong>apud</strong></span> <span class='ocrx_word' id='word_1_385' title='bbox 3060 3014 3278 3069; x_wconf 72' lang='lat' dir='ltr'><strong>Graecos</strong></span> <span class='ocrx_word' id='word_1_386' title='bbox 3304 3015 3479 3070; x_wconf 89' lang='lat' dir='ltr'><strong>fuisse</strong></span> 
     </span>
    </p>
   </div>
   <div class='ocr_carea' id='block_1_31' title="bbox 198 3102 3478 3177">
    <p class='ocr_par' dir='ltr' id='par_1_31' title="bbox 198 3102 3478 3177">
     <span class='ocr_line' id='line_1_31' title="bbox 198 3102 3478 3177; baseline -0.001 -18"><span class='ocrx_word' id='word_1_387' title='bbox 198 3107 465 3167; x_wconf 83' lang='lat' dir='ltr'><strong>deletum,</strong></span> <span class='ocrx_word' id='word_1_388' title='bbox 516 3116 573 3160; x_wconf 91' lang='lat' dir='ltr'><strong>et</strong></span> <span class='ocrx_word' id='word_1_389' title='bbox 613 3106 782 3160; x_wconf 91' lang='lat' dir='ltr'><strong>ullum</strong></span> <span class='ocrx_word' id='word_1_390' title='bbox 826 3107 1102 3163; x_wconf 86' lang='lat' dir='ltr'><strong>hominem</strong></span> <span class='ocrx_word' id='word_1_391' title='bbox 1134 3110 1185 3163; x_wconf 90' lang='lat' dir='ltr'><strong>vi</strong></span> <span class='ocrx_word' id='word_1_392' title='bbox 1220 3110 1421 3164; x_wconf 92' lang='lat' dir='ltr'><strong>factum</strong></span> <span class='ocrx_word' id='word_1_393' title='bbox 1458 3110 1834 3164; x_wconf 90' lang='lat' dir='ltr'><strong>Christianum</strong></span> <span class='ocrx_word' id='word_1_394' title='bbox 1870 3126 1883 3163; x_wconf 88' lang='lat'><strong>:</strong></span> <span class='ocrx_word' id='word_1_395' title='bbox 1917 3109 2307 3177; x_wconf 84' lang='lat' dir='ltr'><strong>imperatorum</strong></span> <span class='ocrx_word' id='word_1_396' title='bbox 2338 3104 2575 3174; x_wconf 87' lang='lat' dir='ltr'><strong>denique</strong></span> <span class='ocrx_word' id='word_1_397' title='bbox 2612 3103 3054 3158; x_wconf 87' lang='lat' dir='ltr'><strong>Christianorum</strong></span> <span class='ocrx_word' id='word_1_398' title='bbox 3086 3102 3432 3158; x_wconf 90' lang='lat' dir='ltr'><strong>clementiam</strong></span> <span class='ocrx_word' id='word_1_399' title='bbox 3462 3143 3478 3170; x_wconf 91' lang='lat'><strong>,</strong></span> 
     </span>
    </p>
   </div>
   <div class='ocr_carea' id='block_1_32' title="bbox 200 3191 3481 3272">
    <p class='ocr_par' dir='ltr' id='par_1_32' title="bbox 200 3191 3481 3272">
     <span class='ocr_line' id='line_1_32' title="bbox 200 3191 3481 3272; baseline 0.001 -25"><span class='ocrx_word' id='word_1_400' title='bbox 200 3206 252 3247; x_wconf 88' lang='lat' dir='ltr'><strong>et</strong></span> <span class='ocrx_word' id='word_1_401' title='bbox 283 3203 610 3264; x_wconf 85' lang='lat' dir='ltr'><strong>perpetuam</strong></span> <span class='ocrx_word' id='word_1_402' title='bbox 647 3210 776 3263; x_wconf 78' lang='lat' dir='ltr'><strong>erga</strong></span> <span class='ocrx_word' id='word_1_403' title='bbox 814 3197 1124 3252; x_wconf 88' lang='lat' dir='ltr'><strong>Saracenos</strong></span> <span class='ocrx_word' id='word_1_404' title='bbox 1165 3198 1415 3267; x_wconf 87' lang='lat' dir='ltr'><strong>captivos</strong></span> <span class='ocrx_word' id='word_1_405' title='bbox 1456 3199 1934 3255; x_wconf 87' lang='lat' dir='ltr'><strong>mansuetudinem</strong></span> <span class='ocrx_word' id='word_1_406' title='bbox 1968 3195 2249 3272; x_wconf 80' lang='lat' dir='ltr'><strong>praedicat.</strong></span> <span class='ocrx_word' id='word_1_407' title='bbox 2287 3192 2385 3250; x_wconf 83' lang='lat' dir='ltr'><strong>His</strong></span> <span class='ocrx_word' id='word_1_408' title='bbox 2414 3202 2467 3248; x_wconf 88' lang='lat' dir='ltr'><strong>et</strong></span> <span class='ocrx_word' id='word_1_409' title='bbox 2508 3193 2632 3249; x_wconf 85' lang='lat' dir='ltr'><strong>aliis</strong></span> <span class='ocrx_word' id='word_1_410' title='bbox 2657 3192 2778 3263; x_wconf 86' lang='lat' dir='ltr'><strong>ejus</strong></span> <span class='ocrx_word' id='word_1_411' title='bbox 2816 3192 3032 3263; x_wconf 79' lang='lat' dir='ltr'><strong>generis</strong></span> <span class='ocrx_word' id='word_1_412' title='bbox 3061 3191 3222 3248; x_wconf 91' lang='lat' dir='ltr'><strong>dictis</strong></span> <span class='ocrx_word' id='word_1_413' title='bbox 3266 3192 3481 3251; x_wconf 77' lang='lat' dir='ltr'><strong>mollire</strong></span> 
     </span>
    </p>
   </div>
   <div class='ocr_carea' id='block_1_33' title="bbox 199 3282 876 3338">
    <p class='ocr_par' dir='ltr' id='par_1_33' title="bbox 199 3282 876 3338">
     <span class='ocr_line' id='line_1_33' title="bbox 199 3282 876 3338; baseline 0 0"><span class='ocrx_word' id='word_1_414' title='bbox 199 3282 343 3338; x_wconf 63' lang='lat' dir='ltr'><strong>Catili</strong></span> <span class='ocrx_word' id='word_1_415' title='bbox 383 3283 631 3337; x_wconf 82' lang='lat' dir='ltr'><strong>animum</strong></span> <span class='ocrx_word' id='word_1_416' title='bbox 666 3283 876 3338; x_wconf 91' lang='lat' dir='ltr'><strong>nititur.</strong></span> 
     </span>
    </p>
   </div>
   <div class='ocr_carea' id='block_1_34' title="bbox 1588 3403 2084 3458">
    <p class='ocr_par' dir='ltr' id='par_1_34' title="bbox 1588 3403 2084 3458">
     <span class='ocr_line' id='line_1_34' title="bbox 1588 3403 2084 3458; baseline 0 -1"><span class='ocrx_word' id='word_1_417' title='bbox 1588 3403 1794 3458; x_wconf 77' lang='lat' dir='ltr'><strong>Classis</strong></span> <span class='ocrx_word' id='word_1_418' title='bbox 1832 3404 2084 3458; x_wconf 70' lang='lat' dir='ltr'><strong>secunda.</strong></span> 
     </span>
    </p>
   </div>
   <div class='ocr_carea' id='block_1_35' title="bbox 275 3504 3481 3583">
    <p class='ocr_par' dir='ltr' id='par_1_35' title="bbox 275 3504 3481 3583">
     <span class='ocr_line' id='line_1_35' title="bbox 275 3504 3481 3583; baseline -0 -25"><span class='ocrx_word' id='word_1_419' title='bbox 275 3504 340 3560; x_wconf 74' lang='grc' dir='ltr'><strong>ν.</strong></span> <span class='ocrx_word' id='word_1_420' title='bbox 360 3507 685 3579; x_wconf 86' lang='lat' dir='ltr'><strong>Sequuntur</strong></span> <span class='ocrx_word' id='word_1_421' title='bbox 718 3512 942 3583; x_wconf 61' lang='lat' dir='ltr'><strong>prolixae</strong></span> <span class='ocrx_word' id='word_1_422' title='bbox 970 3511 1036 3567; x_wconf 89' lang='lat' dir='ltr'><strong>ad</strong></span> <span class='ocrx_word' id='word_1_423' title='bbox 1067 3512 1376 3568; x_wconf 89' lang='lat' dir='ltr'><strong>Simeonem</strong></span> <span class='ocrx_word' id='word_1_424' title='bbox 1390 3513 1691 3583; x_wconf 89' lang='lat' dir='ltr'><strong>principem</strong></span> <span class='ocrx_word' id='word_1_425' title='bbox 1719 3515 2071 3583; x_wconf 74' lang='lat' dir='ltr'><strong>Bulgarol‘lllll</strong></span> <span class='ocrx_word' id='word_1_426' title='bbox 2102 3511 2345 3582; x_wconf 66' lang='lat' dir='ltr'><strong>epistolae</strong></span> <span class='ocrx_word' id='word_1_427' title='bbox 2369 3510 2556 3578; x_wconf 75' lang='lat' dir='ltr'><strong>viginti</strong></span> <span class='ocrx_word' id='word_1_428' title='bbox 2592 3524 2712 3573; x_wconf 83' lang='lat' dir='ltr'><strong>sex,</strong></span> <span class='ocrx_word' id='word_1_429' title='bbox 2733 3522 2855 3578; x_wconf 70' lang='lat' dir='ltr'><strong>qua:</strong></span> <span class='ocrx_word' id='word_1_430' title='bbox 2876 3516 2958 3562; x_wconf 89' lang='lat' dir='ltr'><strong>est</strong></span> <span class='ocrx_word' id='word_1_431' title='bbox 2989 3520 3117 3576; x_wconf 86' lang='lat' dir='ltr'><strong>pars</strong></span> <span class='ocrx_word' id='word_1_432' title='bbox 3140 3504 3481 3560; x_wconf 85' lang='lat' dir='ltr'><strong>eollectionis</strong></span> 
     </span>
    </p>
   </div>
   <div class='ocr_carea' id='block_1_36' title="bbox 202 3593 3474 3671">
    <p class='ocr_par' dir='ltr' id='par_1_36' title="bbox 202 3593 3474 3671">
     <span class='ocr_line' id='line_1_36' title="bbox 202 3593 3474 3671; baseline 0 -23"><span class='ocrx_word' id='word_1_433' title='bbox 202 3595 368 3665; x_wconf 85' lang='lat' dir='ltr'><strong>hujus</strong></span> <span class='ocrx_word' id='word_1_434' title='bbox 405 3598 666 3662; x_wconf 87' lang='lat' dir='ltr'><strong>nobilior,</strong></span> <span class='ocrx_word' id='word_1_435' title='bbox 708 3600 760 3652; x_wconf 89' lang='lat' dir='ltr'><strong>in</strong></span> <span class='ocrx_word' id='word_1_436' title='bbox 791 3617 899 3668; x_wconf 87' lang='lat' dir='ltr'><strong>qua</strong></span> <span class='ocrx_word' id='word_1_437' title='bbox 938 3618 1131 3656; x_wconf 85' lang='lat' dir='ltr'><strong>omnes</strong></span> <span class='ocrx_word' id='word_1_438' title='bbox 1163 3600 1421 3657; x_wconf 86' lang='lat' dir='ltr'><strong>Nicolaus</strong></span> <span class='ocrx_word' id='word_1_439' title='bbox 1448 3600 1777 3657; x_wconf 68' lang='lat' dir='ltr'><strong>Graecanicae</strong></span> <span class='ocrx_word' id='word_1_440' title='bbox 1793 3602 2144 3671; x_wconf 65' lang='lat' dir='ltr'><strong>eloquentiae,</strong></span> <span class='ocrx_word' id='word_1_441' title='bbox 2165 3616 2312 3655; x_wconf 69' lang='lat' dir='ltr'><strong>curse</strong></span> <span class='ocrx_word' id='word_1_442' title='bbox 2343 3598 2658 3670; x_wconf 88' lang='lat' dir='ltr'><strong>pastoralis,</strong></span> <span class='ocrx_word' id='word_1_443' title='bbox 2684 3596 3070 3652; x_wconf 79' lang='lat' dir='ltr'><strong>ecclesiastica:</strong></span> <span class='ocrx_word' id='word_1_444' title='bbox 3099 3593 3474 3656; x_wconf 86' lang='lat' dir='ltr'><strong>auctoritatis,</strong></span> 
     </span>
    </p>
   </div>
   <div class='ocr_carea' id='block_1_37' title="bbox 202 3680 3474 3757">
    <p class='ocr_par' dir='ltr' id='par_1_37' title="bbox 202 3680 3474 3757">
     <span class='ocr_line' id='line_1_37' title="bbox 202 3680 3474 3757; baseline -0 -23"><span class='ocrx_word' id='word_1_445' title='bbox 202 3683 300 3735; x_wconf 81' lang='lat' dir='ltr'><strong>zeli</strong></span> <span class='ocrx_word' id='word_1_446' title='bbox 324 3685 540 3748; x_wconf 75' lang='lat' dir='ltr'><strong>eximii,</strong></span> <span class='ocrx_word' id='word_1_447' title='bbox 570 3696 625 3739; x_wconf 90' lang='lat' dir='ltr'><strong>et</strong></span> <span class='ocrx_word' id='word_1_448' title='bbox 654 3687 947 3742; x_wconf 87' lang='lat' dir='ltr'><strong>charitatis</strong></span> <span class='ocrx_word' id='word_1_449' title='bbox 973 3689 1300 3742; x_wconf 77' lang='lat' dir='ltr'><strong>Christiana:</strong></span> <span class='ocrx_word' id='word_1_450' title='bbox 1322 3688 1469 3743; x_wconf 89' lang='lat' dir='ltr'><strong>vires</strong></span> <span class='ocrx_word' id='word_1_451' title='bbox 1509 3687 1758 3743; x_wconf 78' lang='lat' dir='ltr'><strong>eﬂ&#39;uudit.</strong></span> <span class='ocrx_word' id='word_1_452' title='bbox 1786 3686 2011 3742; x_wconf 88' lang='lat' dir='ltr'><strong>Simeon</strong></span> <span class='ocrx_word' id='word_1_453' title='bbox 2043 3686 2405 3757; x_wconf 81' lang='lat' dir='ltr'><strong>Bulgarorum</strong></span> <span class='ocrx_word' id='word_1_454' title='bbox 2431 3685 2709 3756; x_wconf 90' lang='lat' dir='ltr'><strong>princeps,</strong></span> <span class='ocrx_word' id='word_1_455' title='bbox 2743 3682 2995 3738; x_wconf 78' lang='lat' dir='ltr'><strong>Michaeli</strong></span> <span class='ocrx_word' id='word_1_456' title='bbox 3022 3682 3163 3754; x_wconf 90' lang='lat' dir='ltr'><strong>patri</strong></span> <span class='ocrx_word' id='word_1_457' title='bbox 3186 3680 3474 3743; x_wconf 81' lang='lat' dir='ltr'><strong>successit,</strong></span> 
     </span>
    </p>
   </div>
   <div class='ocr_carea' id='block_1_38' title="bbox 201 3768 3474 3848">
    <p class='ocr_par' dir='ltr' id='par_1_38' title="bbox 201 3768 3474 3848">
     <span class='ocr_line' id='line_1_38' title="bbox 201 3768 3474 3848; baseline -0.001 -25"><span class='ocrx_word' id='word_1_458' title='bbox 201 3772 290 3840; x_wconf 80' lang='lat' dir='ltr'><strong>qui</strong></span> <span class='ocrx_word' id='word_1_459' title='bbox 318 3782 450 3827; x_wconf 88' lang='lat' dir='ltr'><strong>ante</strong></span> <span class='ocrx_word' id='word_1_460' title='bbox 477 3774 811 3841; x_wconf 90' lang='lat' dir='ltr'><strong>baptismum</strong></span> <span class='ocrx_word' id='word_1_461' title='bbox 850 3776 1031 3830; x_wconf 83' lang='lat' dir='ltr'><strong>fuerat</strong></span> <span class='ocrx_word' id='word_1_462' title='bbox 1063 3775 1312 3847; x_wconf 83' lang='lat' dir='ltr'><strong>Bogsris,</strong></span> <span class='ocrx_word' id='word_1_463' title='bbox 1347 3787 1401 3831; x_wconf 92' lang='lat' dir='ltr'><strong>et</strong></span> <span class='ocrx_word' id='word_1_464' title='bbox 1431 3777 1497 3832; x_wconf 89' lang='lat' dir='ltr'><strong>ad</strong></span> <span class='ocrx_word' id='word_1_465' title='bbox 1530 3793 1693 3848; x_wconf 91' lang='lat' dir='ltr'><strong>quem</strong></span> <span class='ocrx_word' id='word_1_466' title='bbox 1734 3775 1965 3832; x_wconf 85' lang='lat' dir='ltr'><strong>Photius</strong></span> <span class='ocrx_word' id='word_1_467' title='bbox 1998 3776 2316 3846; x_wconf 66' lang='lat' dir='ltr'><strong>praeclaram</strong></span> <span class='ocrx_word' id='word_1_468' title='bbox 2359 3774 2504 3827; x_wconf 88' lang='lat' dir='ltr'><strong>illam</strong></span> <span class='ocrx_word' id='word_1_469' title='bbox 2545 3772 2771 3842; x_wconf 87' lang='lat' dir='ltr'><strong>scripsit</strong></span> <span class='ocrx_word' id='word_1_470' title='bbox 2806 3770 3094 3840; x_wconf 82' lang='lat' dir='ltr'><strong>epistolam</strong></span> <span class='ocrx_word' id='word_1_471' title='bbox 3121 3809 3137 3831; x_wconf 89' lang='lat'><strong>,</strong></span> <span class='ocrx_word' id='word_1_472' title='bbox 3178 3769 3262 3822; x_wconf 91' lang='lat' dir='ltr'><strong>vel</strong></span> <span class='ocrx_word' id='word_1_473' title='bbox 3294 3768 3474 3838; x_wconf 91' lang='lat' dir='ltr'><strong>potius</strong></span> 
     </span>
    </p>
   </div>
   <div class='ocr_carea' id='block_1_39' title="bbox 199 3856 3473 3935">
    <p class='ocr_par' dir='ltr' id='par_1_39' title="bbox 199 3856 3473 3935">
     <span class='ocr_line' id='line_1_39' title="bbox 199 3856 3473 3935; baseline -0.001 -24"><span class='ocrx_word' id='word_1_474' title='bbox 199 3862 405 3929; x_wconf 82' lang='lat' dir='ltr'><strong>regiam</strong></span> <span class='ocrx_word' id='word_1_475' title='bbox 438 3871 493 3915; x_wconf 91' lang='lat' dir='ltr'><strong>et</strong></span> <span class='ocrx_word' id='word_1_476' title='bbox 546 3862 924 3917; x_wconf 73' lang='lat' dir='ltr'><strong>Christianam</strong></span> <span class='ocrx_word' id='word_1_477' title='bbox 960 3865 1361 3921; x_wconf 87' lang='lat' dir='ltr'><strong>institutionem</strong></span> <span class='ocrx_word' id='word_1_478' title='bbox 1391 3904 1405 3927; x_wconf 94' lang='lat'><strong>,</strong></span> <span class='ocrx_word' id='word_1_479' title='bbox 1449 3882 1568 3935; x_wconf 74' lang='lat' dir='ltr'><strong>qum</strong></span> <span class='ocrx_word' id='word_1_480' title='bbox 1616 3866 1668 3919; x_wconf 92' lang='lat' dir='ltr'><strong>iu</strong></span> <span class='ocrx_word' id='word_1_481' title='bbox 1726 3866 1881 3920; x_wconf 89' lang='lat' dir='ltr'><strong>libris</strong></span> <span class='ocrx_word' id='word_1_482' title='bbox 1928 3873 2126 3919; x_wconf 78' lang='lat' dir='ltr'><strong>exstat.</strong></span> <span class='ocrx_word' id='word_1_483' title='bbox 2181 3864 2459 3918; x_wconf 90' lang='lat' dir='ltr'><strong>Simeonis</strong></span> <span class='ocrx_word' id='word_1_484' title='bbox 2507 3871 2715 3931; x_wconf 88' lang='lat' dir='ltr'><strong>patrem</strong></span> <span class='ocrx_word' id='word_1_485' title='bbox 2752 3860 2892 3915; x_wconf 85' lang='lat' dir='ltr'><strong>falso</strong></span> <span class='ocrx_word' id='word_1_486' title='bbox 2941 3858 3077 3913; x_wconf 86' lang='lat' dir='ltr'><strong>dicit</strong></span> <span class='ocrx_word' id='word_1_487' title='bbox 3113 3856 3473 3911; x_wconf 80' lang='lat' dir='ltr'><strong>Vladimirum</strong></span> 
     </span>
    </p>
   </div>
   <div class='ocr_carea' id='block_1_40' title="bbox 203 3947 3462 4024">
    <p class='ocr_par' dir='ltr' id='par_1_40' title="bbox 203 3947 3462 4024">
     <span class='ocr_line' id='line_1_40' title="bbox 203 3947 3462 4024; baseline -0.001 -22"><span class='ocrx_word' id='word_1_488' title='bbox 203 3948 448 4019; x_wconf 83' lang='lat' dir='ltr'><strong>Caugius</strong></span> <span class='ocrx_word' id='word_1_489' title='bbox 489 3951 544 4004; x_wconf 93' lang='lat' dir='ltr'><strong>in</strong></span> <span class='ocrx_word' id='word_1_490' title='bbox 593 3950 797 4008; x_wconf 79' lang='lat' dir='ltr'><strong>Famil.</strong></span> <span class='ocrx_word' id='word_1_491' title='bbox 838 3952 1013 4008; x_wconf 81' lang='lat' dir='ltr'><strong>Sclav.</strong></span> <span class='ocrx_word' id='word_1_492' title='bbox 1070 3954 1227 4007; x_wconf 77' lang='lat' dir='ltr'><strong>Ture.</strong></span> <span class='ocrx_word' id='word_1_493' title='bbox 1274 3955 1361 4009; x_wconf 85' lang='lat' dir='ltr'><strong>ed.</strong></span> <span class='ocrx_word' id='word_1_494' title='bbox 1413 3953 1591 4011; x_wconf 86' lang='lat' dir='ltr'><strong>Paris.</strong></span> <span class='ocrx_word' id='word_1_495' title='bbox 1645 3970 1697 4024; x_wconf 95' lang='lat' dir='ltr'><strong>p.</strong></span> <span class='ocrx_word' id='word_1_496' title='bbox 1757 3955 1883 4019; x_wconf 75' lang='lat' dir='ltr'><strong>3H,</strong></span> <span class='ocrx_word' id='word_1_497' title='bbox 1944 3955 2031 4008; x_wconf 93' lang='lat' dir='ltr'><strong>cui</strong></span> <span class='ocrx_word' id='word_1_498' title='bbox 2071 3953 2302 4007; x_wconf 83' lang='lat' dir='ltr'><strong>Maurini</strong></span> <span class='ocrx_word' id='word_1_499' title='bbox 2349 3947 2470 4022; x_wconf 66' lang='lat' dir='ltr'><strong>(an</strong></span> <span class='ocrx_word' id='word_1_500' title='bbox 2510 3952 2576 4006; x_wconf 83' lang='lat' dir='ltr'><strong>de</strong></span> <span class='ocrx_word' id='word_1_501' title='bbox 2616 3948 2770 4019; x_wconf 74' lang='lat' dir='ltr'><strong>uérif.</strong></span> <span class='ocrx_word' id='word_1_502' title='bbox 2813 3950 2884 4004; x_wconf 81' lang='lat' dir='ltr'><strong>les</strong></span> <span class='ocrx_word' id='word_1_503' title='bbox 2928 3948 3101 4018; x_wconf 77' lang='lat' dir='ltr'><strong>dotes)</strong></span> <span class='ocrx_word' id='word_1_504' title='bbox 3146 3948 3462 4003; x_wconf 88' lang='lat' dir='ltr'><strong>dubitanter</strong></span> 
     </span>
    </p>
   </div>
   <div class='ocr_carea' id='block_1_41' title="bbox 202 4042 3476 4119">
    <p class='ocr_par' dir='ltr' id='par_1_41' title="bbox 202 4042 3476 4119">
     <span class='ocr_line' id='line_1_41' title="bbox 202 4042 3476 4119; baseline -0.001 -20"><span class='ocrx_word' id='word_1_505' title='bbox 202 4046 616 4102; x_wconf 78' lang='lat' dir='ltr'><strong>assentiuntur.</strong></span> <span class='ocrx_word' id='word_1_506' title='bbox 657 4046 815 4103; x_wconf 82' lang='lat' dir='ltr'><strong>Nunc</strong></span> <span class='ocrx_word' id='word_1_507' title='bbox 854 4061 1036 4103; x_wconf 89' lang='lat' dir='ltr'><strong>autem</strong></span> <span class='ocrx_word' id='word_1_508' title='bbox 1099 4050 1375 4105; x_wconf 89' lang='lat' dir='ltr'><strong>Simeonis</strong></span> <span class='ocrx_word' id='word_1_509' title='bbox 1431 4059 1640 4119; x_wconf 86' lang='lat' dir='ltr'><strong>patrem</strong></span> <span class='ocrx_word' id='word_1_510' title='bbox 1691 4048 1865 4104; x_wconf 81' lang='lat' dir='ltr'><strong>fuisse</strong></span> <span class='ocrx_word' id='word_1_511' title='bbox 1915 4047 2193 4118; x_wconf 81' lang='lat' dir='ltr'><strong>Bogarim,</strong></span> <span class='ocrx_word' id='word_1_512' title='bbox 2246 4049 2295 4101; x_wconf 93' lang='lat' dir='ltr'><strong>id</strong></span> <span class='ocrx_word' id='word_1_513' title='bbox 2328 4056 2412 4102; x_wconf 90' lang='lat' dir='ltr'><strong>est</strong></span> <span class='ocrx_word' id='word_1_514' title='bbox 2466 4046 2787 4102; x_wconf 81' lang='lat' dir='ltr'><strong>Michaelem</strong></span> <span class='ocrx_word' id='word_1_515' title='bbox 2834 4045 3097 4116; x_wconf 85' lang='lat' dir='ltr'><strong>primum,</strong></span> <span class='ocrx_word' id='word_1_516' title='bbox 3137 4044 3369 4111; x_wconf 83' lang='lat' dir='ltr'><strong>epistola</strong></span> <span class='ocrx_word' id='word_1_517' title='bbox 3404 4042 3476 4095; x_wconf 77' lang='lat'><strong>25</strong></span> 
     </span>
    </p>
   </div>
   <div class='ocr_carea' id='block_1_42' title="bbox 199 4132 3477 4209">
    <p class='ocr_par' dir='ltr' id='par_1_42' title="bbox 199 4132 3477 4209">
     <span class='ocr_line' id='line_1_42' title="bbox 199 4132 3477 4209; baseline 0 -24"><span class='ocrx_word' id='word_1_518' title='bbox 199 4133 411 4188; x_wconf 82' lang='lat' dir='ltr'><strong>Nicolai</strong></span> <span class='ocrx_word' id='word_1_519' title='bbox 439 4136 695 4191; x_wconf 89' lang='lat' dir='ltr'><strong>dubitare</strong></span> <span class='ocrx_word' id='word_1_520' title='bbox 733 4153 840 4191; x_wconf 88' lang='lat' dir='ltr'><strong>non</strong></span> <span class='ocrx_word' id='word_1_521' title='bbox 873 4139 1029 4203; x_wconf 85' lang='lat' dir='ltr'><strong>sinit,</strong></span> <span class='ocrx_word' id='word_1_522' title='bbox 1087 4138 1139 4192; x_wconf 93' lang='lat' dir='ltr'><strong>in</strong></span> <span class='ocrx_word' id='word_1_523' title='bbox 1194 4156 1300 4209; x_wconf 88' lang='lat' dir='ltr'><strong>qua</strong></span> <span class='ocrx_word' id='word_1_524' title='bbox 1349 4140 1573 4193; x_wconf 83' lang='lat' dir='ltr'><strong>Simeon</strong></span> <span class='ocrx_word' id='word_1_525' title='bbox 1622 4139 1824 4194; x_wconf 90' lang='lat' dir='ltr'><strong>dicitur</strong></span> <span class='ocrx_word' id='word_1_526' title='bbox 1876 4139 2153 4193; x_wconf 89' lang='lat' dir='ltr'><strong>secundus</strong></span> <span class='ocrx_word' id='word_1_527' title='bbox 2195 4137 2554 4209; x_wconf 89' lang='lat' dir='ltr'><strong>Bulgarorum</strong></span> <span class='ocrx_word' id='word_1_528' title='bbox 2591 4136 2939 4191; x_wconf 89' lang='lat' dir='ltr'><strong>Christianus</strong></span> <span class='ocrx_word' id='word_1_529' title='bbox 2992 4135 3266 4205; x_wconf 85' lang='lat' dir='ltr'><strong>princeps,</strong></span> <span class='ocrx_word' id='word_1_530' title='bbox 3309 4132 3477 4202; x_wconf 82' lang='lat' dir='ltr'><strong>titque</strong></span> 
     </span>
    </p>
   </div>
   <div class='ocr_carea' id='block_1_43' title="bbox 202 4222 3477 4298">
    <p class='ocr_par' dir='ltr' id='par_1_43' title="bbox 202 4222 3477 4298">
     <span class='ocr_line' id='line_1_43' title="bbox 202 4222 3477 4298; baseline 0 -24"><span class='ocrx_word' id='word_1_531' title='bbox 202 4223 439 4291; x_wconf 82' lang='lat' dir='ltr'><strong>insignis</strong></span> <span class='ocrx_word' id='word_1_532' title='bbox 464 4226 854 4294; x_wconf 63' lang='lat' dir='ltr'><strong>prosopopoeia</strong></span> <span class='ocrx_word' id='word_1_533' title='bbox 878 4228 1121 4296; x_wconf 88' lang='lat' dir='ltr'><strong>parentis</strong></span> <span class='ocrx_word' id='word_1_534' title='bbox 1146 4228 1266 4296; x_wconf 88' lang='lat' dir='ltr'><strong>ejus</strong></span> <span class='ocrx_word' id='word_1_535' title='bbox 1296 4229 1387 4297; x_wconf 91' lang='lat' dir='ltr'><strong>qui</strong></span> <span class='ocrx_word' id='word_1_536' title='bbox 1420 4228 1756 4282; x_wconf 84' lang='lat' dir='ltr'><strong>Christianae</strong></span> <span class='ocrx_word' id='word_1_537' title='bbox 1788 4228 2066 4295; x_wconf 77' lang='lat' dir='ltr'><strong>religionis</strong></span> <span class='ocrx_word' id='word_1_538' title='bbox 2098 4227 2354 4282; x_wconf 82' lang='lat' dir='ltr'><strong>fundator</strong></span> <span class='ocrx_word' id='word_1_539' title='bbox 2384 4229 2526 4298; x_wconf 89' lang='lat' dir='ltr'><strong>apud</strong></span> <span class='ocrx_word' id='word_1_540' title='bbox 2565 4228 2825 4293; x_wconf 71' lang='lat' dir='ltr'><strong>Bulgaros</strong></span> <span class='ocrx_word' id='word_1_541' title='bbox 2858 4225 3083 4281; x_wconf 89' lang='lat' dir='ltr'><strong>dicitur.</strong></span> <span class='ocrx_word' id='word_1_542' title='bbox 3110 4224 3281 4277; x_wconf 89' lang='lat' dir='ltr'><strong>Porro</strong></span> <span class='ocrx_word' id='word_1_543' title='bbox 3305 4222 3477 4275; x_wconf 86' lang='lat' dir='ltr'><strong>netis-</strong></span> 
     </span>
    </p>
   </div>
   <div class='ocr_carea' id='block_1_44' title="bbox 202 4310 3479 4387">
    <p class='ocr_par' dir='ltr' id='par_1_44' title="bbox 202 4310 3479 4387">
     <span class='ocr_line' id='line_1_44' title="bbox 202 4310 3479 4387; baseline -0.001 -22"><span class='ocrx_word' id='word_1_544' title='bbox 202 4313 404 4365; x_wconf 86' lang='lat' dir='ltr'><strong>simum</strong></span> <span class='ocrx_word' id='word_1_545' title='bbox 438 4322 519 4367; x_wconf 88' lang='lat' dir='ltr'><strong>est</strong></span> <span class='ocrx_word' id='word_1_546' title='bbox 556 4312 811 4382; x_wconf 85' lang='lat' dir='ltr'><strong>Bogarim</strong></span> <span class='ocrx_word' id='word_1_547' title='bbox 845 4331 941 4371; x_wconf 90' lang='lat' dir='ltr'><strong>seu</strong></span> <span class='ocrx_word' id='word_1_548' title='bbox 976 4316 1317 4380; x_wconf 81' lang='lat' dir='ltr'><strong>Michaelem,</strong></span> <span class='ocrx_word' id='word_1_549' title='bbox 1358 4319 1594 4387; x_wconf 89' lang='lat' dir='ltr'><strong>primum</strong></span> <span class='ocrx_word' id='word_1_550' title='bbox 1629 4318 1773 4387; x_wconf 89' lang='lat' dir='ltr'><strong>apud</strong></span> <span class='ocrx_word' id='word_1_551' title='bbox 1822 4318 1945 4372; x_wconf 92' lang='lat' dir='ltr'><strong>illos</strong></span> <span class='ocrx_word' id='word_1_552' title='bbox 1981 4316 2284 4386; x_wconf 90' lang='lat' dir='ltr'><strong>principem</strong></span> <span class='ocrx_word' id='word_1_553' title='bbox 2325 4317 2602 4387; x_wconf 87' lang='lat' dir='ltr'><strong>baptismo</strong></span> <span class='ocrx_word' id='word_1_554' title='bbox 2636 4316 2808 4371; x_wconf 87' lang='lat' dir='ltr'><strong>fuisse</strong></span> <span class='ocrx_word' id='word_1_555' title='bbox 2847 4314 3162 4369; x_wconf 90' lang='lat' dir='ltr'><strong>lustratum.</strong></span> <span class='ocrx_word' id='word_1_556' title='bbox 3194 4310 3297 4376; x_wconf 84' lang='lat' dir='ltr'><strong>Qui</strong></span> <span class='ocrx_word' id='word_1_557' title='bbox 3344 4325 3479 4379; x_wconf 84' lang='lat' dir='ltr'><strong>ergo</strong></span> 
     </span>
    </p>
   </div>
   <div class='ocr_carea' id='block_1_45' title="bbox 200 4400 3477 4477">
    <p class='ocr_par' dir='ltr' id='par_1_45' title="bbox 200 4400 3477 4477">
     <span class='ocr_line' id='line_1_45' title="bbox 200 4400 3477 4477; baseline 0.001 -24"><span class='ocrx_word' id='word_1_558' title='bbox 200 4403 342 4470; x_wconf 88' lang='lat' dir='ltr'><strong>apud</strong></span> <span class='ocrx_word' id='word_1_559' title='bbox 374 4401 648 4472; x_wconf 86' lang='lat' dir='ltr'><strong>Cangium</strong></span> <span class='ocrx_word' id='word_1_560' title='bbox 682 4414 738 4458; x_wconf 89' lang='lat' dir='ltr'><strong>et</strong></span> <span class='ocrx_word' id='word_1_561' title='bbox 764 4404 1041 4461; x_wconf 77' lang='lat' dir='ltr'><strong>Mauriuos</strong></span> <span class='ocrx_word' id='word_1_562' title='bbox 1072 4406 1495 4475; x_wconf 90' lang='lat' dir='ltr'><strong>interponuntur</strong></span> <span class='ocrx_word' id='word_1_563' title='bbox 1527 4408 1669 4462; x_wconf 89' lang='lat' dir='ltr'><strong>inter</strong></span> <span class='ocrx_word' id='word_1_564' title='bbox 1701 4407 1950 4477; x_wconf 80' lang='lat' dir='ltr'><strong>Bogarim</strong></span> <span class='ocrx_word' id='word_1_565' title='bbox 1978 4414 2031 4459; x_wconf 90' lang='lat' dir='ltr'><strong>et</strong></span> <span class='ocrx_word' id='word_1_566' title='bbox 2060 4404 2372 4458; x_wconf 88' lang='lat' dir='ltr'><strong>Simeonem</strong></span> <span class='ocrx_word' id='word_1_567' title='bbox 2411 4405 2716 4474; x_wconf 88' lang='lat' dir='ltr'><strong>principes;</strong></span> <span class='ocrx_word' id='word_1_568' title='bbox 2765 4403 3017 4457; x_wconf 88' lang='lat' dir='ltr'><strong>videlicet</strong></span> <span class='ocrx_word' id='word_1_569' title='bbox 3059 4400 3386 4455; x_wconf 75' lang='lat' dir='ltr'><strong>l’rtesiamus</strong></span> <span class='ocrx_word' id='word_1_570' title='bbox 3424 4410 3477 4455; x_wconf 91' lang='lat' dir='ltr'><strong>et</strong></span> 
     </span>
    </p>
   </div>
   <div class='ocr_carea' id='block_1_46' title="bbox 200 4489 3475 4563">
    <p class='ocr_par' dir='ltr' id='par_1_46' title="bbox 200 4489 3475 4563">
     <span class='ocr_line' id='line_1_46' title="bbox 200 4489 3475 4563; baseline -0 -21"><span class='ocrx_word' id='word_1_571' title='bbox 200 4490 435 4546; x_wconf 73' lang='lat' dir='ltr'><strong>Michael</strong></span> <span class='ocrx_word' id='word_1_572' title='bbox 473 4491 724 4560; x_wconf 78' lang='lat' dir='ltr'><strong>Vorizes,</strong></span> <span class='ocrx_word' id='word_1_573' title='bbox 759 4509 966 4549; x_wconf 81' lang='lat' dir='ltr'><strong>eorum</strong></span> <span class='ocrx_word' id='word_1_574' title='bbox 996 4496 1144 4550; x_wconf 89' lang='lat' dir='ltr'><strong>nulla</strong></span> <span class='ocrx_word' id='word_1_575' title='bbox 1184 4498 1393 4551; x_wconf 88' lang='lat' dir='ltr'><strong>mentio</strong></span> <span class='ocrx_word' id='word_1_576' title='bbox 1446 4496 1503 4549; x_wconf 89' lang='lat' dir='ltr'><strong>fit</strong></span> <span class='ocrx_word' id='word_1_577' title='bbox 1535 4498 1617 4550; x_wconf 87' lang='lat' dir='ltr'><strong>vel</strong></span> <span class='ocrx_word' id='word_1_578' title='bbox 1654 4496 1795 4551; x_wconf 89' lang='lat' dir='ltr'><strong>ratio</strong></span> <span class='ocrx_word' id='word_1_579' title='bbox 1826 4512 1854 4550; x_wconf 90' lang='lat' dir='ltr'><strong>a</strong></span> <span class='ocrx_word' id='word_1_580' title='bbox 1889 4493 2119 4549; x_wconf 73' lang='lat' dir='ltr'><strong>Nicolao</strong></span> <span class='ocrx_word' id='word_1_581' title='bbox 2152 4493 2422 4547; x_wconf 87' lang='lat' dir='ltr'><strong>habetur:</strong></span> <span class='ocrx_word' id='word_1_582' title='bbox 2454 4495 2613 4563; x_wconf 88' lang='lat' dir='ltr'><strong>cujus</strong></span> <span class='ocrx_word' id='word_1_583' title='bbox 2643 4493 2718 4547; x_wconf 92' lang='lat' dir='ltr'><strong>rei</strong></span> <span class='ocrx_word' id='word_1_584' title='bbox 2744 4506 2992 4555; x_wconf 89' lang='lat' dir='ltr'><strong>causam,</strong></span> <span class='ocrx_word' id='word_1_585' title='bbox 3030 4506 3153 4559; x_wconf 66' lang='lat' dir='ltr'><strong>qua:</strong></span> <span class='ocrx_word' id='word_1_586' title='bbox 3195 4489 3475 4559; x_wconf 78' lang='lat' dir='ltr'><strong>multiplex</strong></span> 
     </span>
    </p>
   </div>
   <div class='ocr_carea' id='block_1_47' title="bbox 199 4578 3475 4655">
    <p class='ocr_par' dir='ltr' id='par_1_47' title="bbox 199 4578 3475 4655">
     <span class='ocr_line' id='line_1_47' title="bbox 199 4578 3475 4655; baseline -0.001 -20"><span class='ocrx_word' id='word_1_587' title='bbox 199 4596 319 4635; x_wconf 83' lang='lat' dir='ltr'><strong>esse</strong></span> <span class='ocrx_word' id='word_1_588' title='bbox 362 4591 565 4649; x_wconf 88' lang='lat' dir='ltr'><strong>potest,</strong></span> <span class='ocrx_word' id='word_1_589' title='bbox 599 4599 745 4639; x_wconf 90' lang='lat' dir='ltr'><strong>nunc</strong></span> <span class='ocrx_word' id='word_1_590' title='bbox 775 4585 1054 4654; x_wconf 89' lang='lat' dir='ltr'><strong>inquirere</strong></span> <span class='ocrx_word' id='word_1_591' title='bbox 1092 4586 1241 4649; x_wconf 90' lang='lat' dir='ltr'><strong>nolo,</strong></span> <span class='ocrx_word' id='word_1_592' title='bbox 1296 4601 1365 4639; x_wconf 92' lang='lat' dir='ltr'><strong>ne</strong></span> <span class='ocrx_word' id='word_1_593' title='bbox 1392 4600 1421 4637; x_wconf 89' lang='lat' dir='ltr'><strong>a</strong></span> <span class='ocrx_word' id='word_1_594' title='bbox 1455 4601 1577 4640; x_wconf 91' lang='lat' dir='ltr'><strong>meo</strong></span> <span class='ocrx_word' id='word_1_595' title='bbox 1609 4586 1893 4655; x_wconf 89' lang='lat' dir='ltr'><strong>proposito</strong></span> <span class='ocrx_word' id='word_1_596' title='bbox 1924 4581 2139 4651; x_wconf 89' lang='lat' dir='ltr'><strong>longius</strong></span> <span class='ocrx_word' id='word_1_597' title='bbox 2166 4581 2440 4635; x_wconf 90' lang='lat' dir='ltr'><strong>aberrem.</strong></span> <span class='ocrx_word' id='word_1_598' title='bbox 2485 4579 2687 4635; x_wconf 82' lang='lat' dir='ltr'><strong>Primis</strong></span> <span class='ocrx_word' id='word_1_599' title='bbox 2724 4580 2890 4647; x_wconf 84' lang='lat' dir='ltr'><strong>igitur</strong></span> <span class='ocrx_word' id='word_1_600' title='bbox 2933 4578 3279 4633; x_wconf 88' lang='lat' dir='ltr'><strong>Constantini</strong></span> <span class='ocrx_word' id='word_1_601' title='bbox 3326 4578 3475 4647; x_wconf 88' lang='lat' dir='ltr'><strong>pueri</strong></span> 
     </span>
    </p>
   </div>
   <div class='ocr_carea' id='block_1_48' title="bbox 200 4667 3477 4743">
    <p class='ocr_par' dir='ltr' id='par_1_48' title="bbox 200 4667 3477 4743">
     <span class='ocr_line' id='line_1_48' title="bbox 200 4667 3477 4743; baseline -0.001 -21"><span class='ocrx_word' id='word_1_602' title='bbox 200 4684 321 4722; x_wconf 77' lang='lat' dir='ltr'><strong>eum</strong></span> <span class='ocrx_word' id='word_1_603' title='bbox 362 4668 619 4723; x_wconf 77' lang='lat' dir='ltr'><strong>Romano</strong></span> <span class='ocrx_word' id='word_1_604' title='bbox 666 4670 951 4740; x_wconf 86' lang='lat' dir='ltr'><strong>Lecapeno</strong></span> <span class='ocrx_word' id='word_1_605' title='bbox 1001 4673 1324 4743; x_wconf 89' lang='lat' dir='ltr'><strong>imperantis</strong></span> <span class='ocrx_word' id='word_1_606' title='bbox 1376 4676 1562 4738; x_wconf 91' lang='lat' dir='ltr'><strong>anuis,</strong></span> <span class='ocrx_word' id='word_1_607' title='bbox 1614 4689 1737 4727; x_wconf 90' lang='lat' dir='ltr'><strong>eum</strong></span> <span class='ocrx_word' id='word_1_608' title='bbox 1786 4672 2049 4726; x_wconf 82' lang='lat' dir='ltr'><strong>Nicolaus</strong></span> <span class='ocrx_word' id='word_1_609' title='bbox 2091 4668 2401 4737; x_wconf 65' lang='lat' dir='ltr'><strong>praecipuus</strong></span> <span class='ocrx_word' id='word_1_610' title='bbox 2455 4670 2586 4739; x_wconf 89' lang='lat' dir='ltr'><strong>regii</strong></span> <span class='ocrx_word' id='word_1_611' title='bbox 2622 4670 2772 4738; x_wconf 90' lang='lat' dir='ltr'><strong>pueri</strong></span> <span class='ocrx_word' id='word_1_612' title='bbox 2809 4676 2954 4721; x_wconf 87' lang='lat' dir='ltr'><strong>tutor</strong></span> <span class='ocrx_word' id='word_1_613' title='bbox 2992 4667 3254 4736; x_wconf 90' lang='lat' dir='ltr'><strong>palatium</strong></span> <span class='ocrx_word' id='word_1_614' title='bbox 3302 4674 3355 4719; x_wconf 87' lang='lat' dir='ltr'><strong>et</strong></span> <span class='ocrx_word' id='word_1_615' title='bbox 3390 4680 3477 4720; x_wconf 88' lang='lat' dir='ltr'><strong>res</strong></span> 
     </span>
    </p>
   </div>
   <div class='ocr_carea' id='block_1_49' title="bbox 201 4754 3475 4830">
    <p class='ocr_par' dir='ltr' id='par_1_49' title="bbox 201 4754 3475 4830">
     <span class='ocr_line' id='line_1_49' title="bbox 201 4754 3475 4830; baseline -0.001 -19"><span class='ocrx_word' id='word_1_616' title='bbox 201 4761 455 4827; x_wconf 83' lang='lat' dir='ltr'><strong>publicas</strong></span> <span class='ocrx_word' id='word_1_617' title='bbox 497 4775 751 4829; x_wconf 81' lang='lat' dir='ltr'><strong>magnam</strong></span> <span class='ocrx_word' id='word_1_618' title='bbox 804 4772 1007 4828; x_wconf 88' lang='lat' dir='ltr'><strong>partem</strong></span> <span class='ocrx_word' id='word_1_619' title='bbox 1039 4762 1475 4820; x_wconf 89' lang='lat' dir='ltr'><strong>administraret.</strong></span> <span class='ocrx_word' id='word_1_620' title='bbox 1527 4764 1827 4817; x_wconf 90' lang='lat' dir='ltr'><strong>secundum</strong></span> <span class='ocrx_word' id='word_1_621' title='bbox 1873 4761 1985 4830; x_wconf 89' lang='lat' dir='ltr'><strong>jam</strong></span> <span class='ocrx_word' id='word_1_622' title='bbox 2030 4761 2231 4824; x_wconf 85' lang='lat' dir='ltr'><strong>bellum</strong></span> <span class='ocrx_word' id='word_1_623' title='bbox 2282 4760 2503 4813; x_wconf 87' lang='lat' dir='ltr'><strong>Simeon</strong></span> <span class='ocrx_word' id='word_1_624' title='bbox 2559 4758 2826 4827; x_wconf 82' lang='lat' dir='ltr'><strong>Bulgarus</strong></span> <span class='ocrx_word' id='word_1_625' title='bbox 2866 4756 3128 4809; x_wconf 80' lang='lat' dir='ltr'><strong>adversus</strong></span> <span class='ocrx_word' id='word_1_626' title='bbox 3186 4754 3475 4824; x_wconf 89' lang='lat' dir='ltr'><strong>imperium</strong></span> 
     </span>
    </p>
   </div>
   <div class='ocr_carea' id='block_1_50' title="bbox 199 4842 3477 4922">
    <p class='ocr_par' dir='ltr' id='par_1_50' title="bbox 199 4842 3477 4922">
     <span class='ocr_line' id='line_1_50' title="bbox 199 4842 3477 4922; baseline -0.003 -21"><span class='ocrx_word' id='word_1_627' title='bbox 199 4850 447 4916; x_wconf 78' lang='lat' dir='ltr'><strong>gerebat,</strong></span> <span class='ocrx_word' id='word_1_628' title='bbox 483 4860 675 4904; x_wconf 84' lang='lat' dir='ltr'><strong>contra</strong></span> <span class='ocrx_word' id='word_1_629' title='bbox 709 4850 891 4905; x_wconf 64' lang='lat' dir='ltr'><strong>foedus</strong></span> <span class='ocrx_word' id='word_1_630' title='bbox 923 4853 1211 4921; x_wconf 86' lang='lat' dir='ltr'><strong>paciticuni</strong></span> <span class='ocrx_word' id='word_1_631' title='bbox 1232 4853 1344 4922; x_wconf 87' lang='lat' dir='ltr'><strong>jam</strong></span> <span class='ocrx_word' id='word_1_632' title='bbox 1374 4854 1503 4907; x_wconf 93' lang='lat' dir='ltr'><strong>olim</strong></span> <span class='ocrx_word' id='word_1_633' title='bbox 1523 4870 1646 4907; x_wconf 88' lang='lat' dir='ltr'><strong>cum</strong></span> <span class='ocrx_word' id='word_1_634' title='bbox 1669 4852 1848 4917; x_wconf 74' lang='lat' dir='ltr'><strong>Leone</strong></span> <span class='ocrx_word' id='word_1_635' title='bbox 1869 4853 2089 4916; x_wconf 90' lang='lat' dir='ltr'><strong>initum,</strong></span> <span class='ocrx_word' id='word_1_636' title='bbox 2122 4848 2639 4920; x_wconf 66' lang='lat' dir='ltr'><strong>rapiuis,caedihus,</strong></span> <span class='ocrx_word' id='word_1_637' title='bbox 2672 4844 2997 4911; x_wconf 73' lang='lat' dir='ltr'><strong>sacrilegiis,</strong></span> <span class='ocrx_word' id='word_1_638' title='bbox 3028 4843 3265 4895; x_wconf 72' lang='lat' dir='ltr'><strong>vastitati</strong></span> <span class='ocrx_word' id='word_1_639' title='bbox 3297 4842 3477 4894; x_wconf 76' lang='lat' dir='ltr'><strong>iudttl-</strong></span> 
     </span>
    </p>
   </div>
   <div class='ocr_carea' id='block_1_51' title="bbox 207 4930 3474 5013">
    <p class='ocr_par' dir='ltr' id='par_1_51' title="bbox 207 4930 3474 5013">
     <span class='ocr_line' id='line_1_51' title="bbox 207 4930 3474 5013; baseline -0.002 -23"><span class='ocrx_word' id='word_1_640' title='bbox 207 4953 364 5005; x_wconf 81' lang='lat' dir='ltr'><strong>gens,</strong></span> <span class='ocrx_word' id='word_1_641' title='bbox 396 4952 521 5007; x_wconf 63' lang='lat' dir='ltr'><strong>quae</strong></span> <span class='ocrx_word' id='word_1_642' title='bbox 558 4939 697 4992; x_wconf 91' lang='lat' dir='ltr'><strong>mala</strong></span> <span class='ocrx_word' id='word_1_643' title='bbox 732 4940 840 4994; x_wconf 89' lang='lat' dir='ltr'><strong>late</strong></span> <span class='ocrx_word' id='word_1_644' title='bbox 869 4941 1131 4995; x_wconf 85' lang='lat' dir='ltr'><strong>describit</strong></span> <span class='ocrx_word' id='word_1_645' title='bbox 1178 4942 1439 5013; x_wconf 82' lang='lat' dir='ltr'><strong>lugetque</strong></span> <span class='ocrx_word' id='word_1_646' title='bbox 1486 4956 1838 5011; x_wconf 82' lang='lat' dir='ltr'><strong>summopere</strong></span> <span class='ocrx_word' id='word_1_647' title='bbox 1866 4941 2198 5008; x_wconf 89' lang='lat' dir='ltr'><strong>patriarcha,</strong></span> <span class='ocrx_word' id='word_1_648' title='bbox 2230 4950 2516 5007; x_wconf 84' lang='lat' dir='ltr'><strong>propterea</strong></span> <span class='ocrx_word' id='word_1_649' title='bbox 2544 4936 2684 5005; x_wconf 89' lang='lat' dir='ltr'><strong>quod</strong></span> <span class='ocrx_word' id='word_1_650' title='bbox 2716 4934 2932 5002; x_wconf 71' lang='lat' dir='ltr'><strong>Bttlgat&#39;i</strong></span> <span class='ocrx_word' id='word_1_651' title='bbox 2962 4948 2990 4984; x_wconf 89' lang='lat' dir='ltr'><strong>a</strong></span> <span class='ocrx_word' id='word_1_652' title='bbox 3024 4930 3225 4985; x_wconf 65' lang='lat' dir='ltr'><strong>Graaris</strong></span> <span class='ocrx_word' id='word_1_653' title='bbox 3263 4946 3367 4982; x_wconf 90' lang='lat' dir='ltr'><strong>non</strong></span> <span class='ocrx_word' id='word_1_654' title='bbox 3402 4931 3474 4983; x_wconf 89' lang='lat' dir='ltr'><strong>ita</strong></span> 
     </span>
    </p>
   </div>
   <div class='ocr_carea' id='block_1_52' title="bbox 201 5021 3477 5101">
    <p class='ocr_par' dir='ltr' id='par_1_52' title="bbox 201 5021 3477 5101">
     <span class='ocr_line' id='line_1_52' title="bbox 201 5021 3477 5101; baseline -0.002 -24"><span class='ocrx_word' id='word_1_655' title='bbox 201 5027 417 5094; x_wconf 86' lang='lat' dir='ltr'><strong>pridem</strong></span> <span class='ocrx_word' id='word_1_656' title='bbox 454 5027 733 5097; x_wconf 87' lang='lat' dir='ltr'><strong>baptismo</strong></span> <span class='ocrx_word' id='word_1_657' title='bbox 789 5039 1045 5099; x_wconf 87' lang='lat' dir='ltr'><strong>suscepto</strong></span> <span class='ocrx_word' id='word_1_658' title='bbox 1084 5029 1261 5101; x_wconf 82' lang='lat' dir='ltr'><strong>(epist.</strong></span> <span class='ocrx_word' id='word_1_659' title='bbox 1294 5032 1386 5094; x_wconf 81' lang='lat'><strong>25,</strong></span> <span class='ocrx_word' id='word_1_660' title='bbox 1432 5031 1523 5097; x_wconf 91' lang='lat'><strong>26,</strong></span> <span class='ocrx_word' id='word_1_661' title='bbox 1555 5032 1670 5099; x_wconf 75' lang='lat'><strong>28),</strong></span> <span class='ocrx_word' id='word_1_662' title='bbox 1709 5031 2041 5101; x_wconf 87' lang='lat' dir='ltr'><strong>parricidiali</strong></span> <span class='ocrx_word' id='word_1_663' title='bbox 2094 5031 2253 5083; x_wconf 85' lang='lat' dir='ltr'><strong>veluti</strong></span> <span class='ocrx_word' id='word_1_664' title='bbox 2288 5030 2429 5083; x_wconf 86' lang='lat' dir='ltr'><strong>bello</strong></span> <span class='ocrx_word' id='word_1_665' title='bbox 2483 5034 2733 5095; x_wconf 85' lang='lat' dir='ltr'><strong>parentes</strong></span> <span class='ocrx_word' id='word_1_666' title='bbox 2767 5038 2898 5077; x_wconf 87' lang='lat' dir='ltr'><strong>suos</strong></span> <span class='ocrx_word' id='word_1_667' title='bbox 2945 5021 3182 5090; x_wconf 83' lang='lat' dir='ltr'><strong>lideique</strong></span> <span class='ocrx_word' id='word_1_668' title='bbox 3220 5032 3477 5073; x_wconf 84' lang='lat' dir='ltr'><strong>auctores</strong></span> 
     </span>
    </p>
   </div>
   <div class='ocr_carea' id='block_1_53' title="bbox 202 5107 3477 5191">
    <p class='ocr_par' dir='ltr' id='par_1_53' title="bbox 202 5107 3477 5191">
     <span class='ocr_line' id='line_1_53' title="bbox 202 5107 3477 5191; baseline -0.002 -26"><span class='ocrx_word' id='word_1_669' title='bbox 202 5118 699 5184; x_wconf 87' lang='lat' dir='ltr'><strong>persequebantur,</strong></span> <span class='ocrx_word' id='word_1_670' title='bbox 740 5119 1201 5188; x_wconf 74' lang='lat' dir='ltr'><strong>Christianus-que</strong></span> <span class='ocrx_word' id='word_1_671' title='bbox 1237 5124 1459 5191; x_wconf 80' lang='lat' dir='ltr'><strong>sanguis</strong></span> <span class='ocrx_word' id='word_1_672' title='bbox 1493 5121 1720 5175; x_wconf 79' lang='lat' dir='ltr'><strong>invicem</strong></span> <span class='ocrx_word' id='word_1_673' title='bbox 1769 5122 1925 5174; x_wconf 85' lang='lat' dir='ltr'><strong>fusus</strong></span> <span class='ocrx_word' id='word_1_674' title='bbox 1957 5118 2298 5172; x_wconf 71' lang='lat' dir='ltr'><strong>daemonibus</strong></span> <span class='ocrx_word' id='word_1_675' title='bbox 2350 5116 2549 5169; x_wconf 90' lang='lat' dir='ltr'><strong>invidis</strong></span> <span class='ocrx_word' id='word_1_676' title='bbox 2579 5112 2861 5166; x_wconf 89' lang='lat' dir='ltr'><strong>litabatur.</strong></span> <span class='ocrx_word' id='word_1_677' title='bbox 2913 5108 3113 5163; x_wconf 73' lang='lat' dir='ltr'><strong>Causae</strong></span> <span class='ocrx_word' id='word_1_678' title='bbox 3148 5108 3272 5161; x_wconf 90' lang='lat' dir='ltr'><strong>belli</strong></span> <span class='ocrx_word' id='word_1_679' title='bbox 3313 5107 3477 5160; x_wconf 71' lang='lat' dir='ltr'><strong>varia:</strong></span> 
     </span>
    </p>
   </div>
   <div class='ocr_carea' id='block_1_54' title="bbox 200 5195 3473 5276">
    <p class='ocr_par' dir='ltr' id='par_1_54' title="bbox 200 5195 3473 5276">
     <span class='ocr_line' id='line_1_54' title="bbox 200 5195 3473 5276; baseline -0.008 -3"><span class='ocrx_word' id='word_1_680' title='bbox 200 5203 551 5273; x_wconf 53' lang='lat' dir='ltr'><strong>cmllliepiii-</strong></span> <span class='ocrx_word' id='word_1_681' title='bbox 586 5204 620 5257; x_wconf 83' lang='lat'><strong>9</strong></span> <span class='ocrx_word' id='word_1_682' title='bbox 654 5205 798 5267; x_wconf 70' lang='grc' dir='ltr'><strong>ἱηίιο,</strong></span> <span class='ocrx_word' id='word_1_683' title='bbox 822 5205 912 5267; x_wconf 82' lang='grc'><strong>11,</strong></span> <span class='ocrx_word' id='word_1_684' title='bbox 936 5206 1051 5274; x_wconf 76' lang='lat' dir='ltr'><strong>i2),</strong></span> <span class='ocrx_word' id='word_1_685' title='bbox 1070 5206 1164 5260; x_wconf 85' lang='lat' dir='ltr'><strong>sed</strong></span> <span class='ocrx_word' id='word_1_686' title='bbox 1198 5207 1423 5261; x_wconf 88' lang='lat' dir='ltr'><strong>ambitio</strong></span> <span class='ocrx_word' id='word_1_687' title='bbox 1447 5208 1724 5262; x_wconf 90' lang='lat' dir='ltr'><strong>Simeonis</strong></span> <span class='ocrx_word' id='word_1_688' title='bbox 1754 5209 2042 5276; x_wconf 65' lang='lat' dir='ltr'><strong>praecipua,</strong></span> <span class='ocrx_word' id='word_1_689' title='bbox 2062 5208 2179 5276; x_wconf 89' lang='lat' dir='ltr'><strong>qtti,</strong></span> <span class='ocrx_word' id='word_1_690' title='bbox 2204 5205 2492 5275; x_wconf 88' lang='lat' dir='ltr'><strong>pueritiam</strong></span> <span class='ocrx_word' id='word_1_691' title='bbox 2516 5198 2863 5256; x_wconf 87' lang='lat' dir='ltr'><strong>Constantini</strong></span> <span class='ocrx_word' id='word_1_692' title='bbox 2896 5207 3275 5258; x_wconf 87' lang='lat' dir='ltr'><strong>contemnens,</strong></span> <span class='ocrx_word' id='word_1_693' title='bbox 3300 5195 3473 5263; x_wconf 89' lang='lat' dir='ltr'><strong>impe-</strong></span> 
     </span>
    </p>
   </div>
   <div class='ocr_carea' id='block_1_55' title="bbox 200 5284 3474 5365">
    <p class='ocr_par' dir='ltr' id='par_1_55' title="bbox 200 5284 3474 5365">
     <span class='ocr_line' id='line_1_55' title="bbox 200 5284 3474 5365; baseline -0.002 -22"><span class='ocrx_word' id='word_1_694' title='bbox 200 5292 345 5345; x_wconf 89' lang='lat' dir='ltr'><strong>rium</strong></span> <span class='ocrx_word' id='word_1_695' title='bbox 409 5290 701 5345; x_wconf 74' lang='lat' dir='ltr'><strong>allectabat</strong></span> <span class='ocrx_word' id='word_1_696' title='bbox 765 5294 939 5360; x_wconf 85' lang='lat' dir='ltr'><strong>(epist.</strong></span> <span class='ocrx_word' id='word_1_697' title='bbox 999 5294 1086 5355; x_wconf 88' lang='grc'><strong>18.</strong></span> <span class='ocrx_word' id='word_1_698' title='bbox 1148 5294 1240 5362; x_wconf 89' lang='lat'><strong>20,</strong></span> <span class='ocrx_word' id='word_1_699' title='bbox 1296 5297 1388 5360; x_wconf 79' lang='lat'><strong>2!,</strong></span> <span class='ocrx_word' id='word_1_700' title='bbox 1433 5296 1524 5360; x_wconf 83' lang='lat'><strong>25,</strong></span> <span class='ocrx_word' id='word_1_701' title='bbox 1573 5297 1713 5365; x_wconf 80' lang='lat'><strong>27);</strong></span> <span class='ocrx_word' id='word_1_702' title='bbox 1760 5296 2003 5349; x_wconf 70' lang='lat' dir='ltr'><strong>Itoniauo</strong></span> <span class='ocrx_word' id='word_1_703' title='bbox 2068 5298 2288 5363; x_wconf 88' lang='lat' dir='ltr'><strong>insuper</strong></span> <span class='ocrx_word' id='word_1_704' title='bbox 2353 5291 2640 5361; x_wconf 87' lang='lat' dir='ltr'><strong>Lecapeno</strong></span> <span class='ocrx_word' id='word_1_705' title='bbox 2692 5290 2912 5342; x_wconf 87' lang='lat' dir='ltr'><strong>Simeon</strong></span> <span class='ocrx_word' id='word_1_706' title='bbox 2968 5284 3331 5347; x_wconf 87' lang='lat' dir='ltr'><strong>irascebatur,</strong></span> <span class='ocrx_word' id='word_1_707' title='bbox 3381 5286 3474 5353; x_wconf 91' lang='lat' dir='ltr'><strong>qui</strong></span> 
     </span>
    </p>
   </div>
   <div class='ocr_carea' id='block_1_56' title="bbox 204 5373 3471 5453">
    <p class='ocr_par' dir='ltr' id='par_1_56' title="bbox 204 5373 3471 5453">
     <span class='ocr_line' id='line_1_56' title="bbox 204 5373 3471 5453; baseline -0.005 -18"><span class='ocrx_word' id='word_1_708' title='bbox 204 5380 267 5435; x_wconf 82' lang='lat' dir='ltr'><strong>de</strong></span> <span class='ocrx_word' id='word_1_709' title='bbox 347 5388 531 5435; x_wconf 87' lang='lat' dir='ltr'><strong>tutore</strong></span> <span class='ocrx_word' id='word_1_710' title='bbox 600 5380 981 5447; x_wconf 71' lang='lat' dir='ltr'><strong>imperatorem</strong></span> <span class='ocrx_word' id='word_1_711' title='bbox 1051 5397 1110 5437; x_wconf 89' lang='lat' dir='ltr'><strong>se</strong></span> <span class='ocrx_word' id='word_1_712' title='bbox 1173 5384 1397 5440; x_wconf 80' lang='lat' dir='ltr'><strong>fecerat.</strong></span> <span class='ocrx_word' id='word_1_713' title='bbox 1445 5385 1582 5439; x_wconf 89' lang='lat' dir='ltr'><strong>Cum</strong></span> <span class='ocrx_word' id='word_1_714' title='bbox 1655 5398 1785 5453; x_wconf 78' lang='lat' dir='ltr'><strong>ergo</strong></span> <span class='ocrx_word' id='word_1_715' title='bbox 1846 5383 2049 5438; x_wconf 81' lang='lat' dir='ltr'><strong>mcenia</strong></span> <span class='ocrx_word' id='word_1_716' title='bbox 2121 5382 2233 5452; x_wconf 90' lang='lat' dir='ltr'><strong>ipsa</strong></span> <span class='ocrx_word' id='word_1_717' title='bbox 2288 5376 2840 5446; x_wconf 84' lang='lat' dir='ltr'><strong>Constantinopoleos</strong></span> <span class='ocrx_word' id='word_1_718' title='bbox 2892 5373 3250 5444; x_wconf 87' lang='lat' dir='ltr'><strong>Bulgaroruin</strong></span> <span class='ocrx_word' id='word_1_719' title='bbox 3322 5386 3471 5424; x_wconf 84' lang='lat' dir='ltr'><strong>arma</strong></span> 
     </span>
    </p>
   </div>
   <div class='ocr_carea' id='block_1_57' title="bbox 204 5460 3472 5544">
    <p class='ocr_par' dir='ltr' id='par_1_57' title="bbox 204 5460 3472 5544">
     <span class='ocr_line' id='line_1_57' title="bbox 204 5460 3472 5544; baseline -0.004 -21"><span class='ocrx_word' id='word_1_720' title='bbox 204 5469 515 5538; x_wconf 83' lang='lat' dir='ltr'><strong>pulsarent,</strong></span> <span class='ocrx_word' id='word_1_721' title='bbox 548 5466 825 5538; x_wconf 82' lang='lat' dir='ltr'><strong>Nieolaus,</strong></span> <span class='ocrx_word' id='word_1_722' title='bbox 862 5481 915 5526; x_wconf 90' lang='lat' dir='ltr'><strong>et</strong></span> <span class='ocrx_word' id='word_1_723' title='bbox 940 5472 1089 5542; x_wconf 83' lang='lat' dir='ltr'><strong>regio</strong></span> <span class='ocrx_word' id='word_1_724' title='bbox 1120 5474 1326 5542; x_wconf 89' lang='lat' dir='ltr'><strong>pupillo</strong></span> <span class='ocrx_word' id='word_1_725' title='bbox 1363 5484 1418 5528; x_wconf 90' lang='lat' dir='ltr'><strong>et</strong></span> <span class='ocrx_word' id='word_1_726' title='bbox 1458 5476 1690 5544; x_wconf 89' lang='lat' dir='ltr'><strong>imperio</strong></span> <span class='ocrx_word' id='word_1_727' title='bbox 1720 5483 1883 5542; x_wconf 90' lang='lat' dir='ltr'><strong>atque</strong></span> <span class='ocrx_word' id='word_1_728' title='bbox 1913 5472 2169 5527; x_wconf 72' lang='lat' dir='ltr'><strong>Ecclesia:</strong></span> <span class='ocrx_word' id='word_1_729' title='bbox 2208 5472 2535 5534; x_wconf 86' lang='lat' dir='ltr'><strong>consulens,</strong></span> <span class='ocrx_word' id='word_1_730' title='bbox 2580 5466 2788 5521; x_wconf 90' lang='lat' dir='ltr'><strong>nullum</strong></span> <span class='ocrx_word' id='word_1_731' title='bbox 2849 5479 2958 5518; x_wconf 91' lang='lat' dir='ltr'><strong>non</strong></span> <span class='ocrx_word' id='word_1_732' title='bbox 3011 5462 3245 5532; x_wconf 83' lang='lat' dir='ltr'><strong>lapidem</strong></span> <span class='ocrx_word' id='word_1_733' title='bbox 3279 5460 3472 5516; x_wconf 88' lang='lat' dir='ltr'><strong>movit:</strong></span> 
     </span>
    </p>
   </div>
   <div class='ocr_carea' id='block_1_58' title="bbox 208 5550 3471 5629">
    <p class='ocr_par' dir='ltr' id='par_1_58' title="bbox 208 5550 3471 5629">
     <span class='ocr_line' id='line_1_58' title="bbox 208 5550 3471 5629; baseline -0.001 -22"><span class='ocrx_word' id='word_1_734' title='bbox 208 5553 519 5607; x_wconf 67' lang='lat' dir='ltr'><strong>Stribendis</strong></span> <span class='ocrx_word' id='word_1_735' title='bbox 588 5561 669 5607; x_wconf 89' lang='lat' dir='ltr'><strong>tot</strong></span> <span class='ocrx_word' id='word_1_736' title='bbox 720 5555 1007 5624; x_wconf 87' lang='lat' dir='ltr'><strong>epistolis,</strong></span> <span class='ocrx_word' id='word_1_737' title='bbox 1072 5557 1276 5625; x_wconf 89' lang='lat' dir='ltr'><strong>quibus</strong></span> <span class='ocrx_word' id='word_1_738' title='bbox 1346 5571 1456 5611; x_wconf 88' lang='lat' dir='ltr'><strong>non</strong></span> <span class='ocrx_word' id='word_1_739' title='bbox 1515 5559 1682 5613; x_wconf 89' lang='lat' dir='ltr'><strong>semel</strong></span> <span class='ocrx_word' id='word_1_740' title='bbox 1751 5556 1972 5614; x_wconf 90' lang='lat' dir='ltr'><strong>Simeon</strong></span> <span class='ocrx_word' id='word_1_741' title='bbox 2041 5562 2318 5629; x_wconf 87' lang='lat' dir='ltr'><strong>respondit</strong></span> <span class='ocrx_word' id='word_1_742' title='bbox 2371 5560 2563 5628; x_wconf 82' lang='lat' dir='ltr'><strong>(epist.</strong></span> <span class='ocrx_word' id='word_1_743' title='bbox 2623 5557 2677 5617; x_wconf 84' lang='lat'><strong>9,</strong></span> <span class='ocrx_word' id='word_1_744' title='bbox 2741 5555 2842 5618; x_wconf 88' lang='grc'><strong>10,</strong></span> <span class='ocrx_word' id='word_1_745' title='bbox 2904 5552 2994 5615; x_wconf 88' lang='lat'><strong>2|,</strong></span> <span class='ocrx_word' id='word_1_746' title='bbox 3050 5550 3141 5615; x_wconf 75' lang='lat'><strong>22,</strong></span> <span class='ocrx_word' id='word_1_747' title='bbox 3202 5551 3294 5613; x_wconf 70' lang='lat'><strong>2:3,</strong></span> <span class='ocrx_word' id='word_1_748' title='bbox 3341 5552 3471 5620; x_wconf 79' lang='lat'><strong>27),</strong></span> 
     </span>
    </p>
   </div>
   <div class='ocr_carea' id='block_1_59' title="bbox 208 5641 3471 5719">
    <p class='ocr_par' dir='ltr' id='par_1_59' title="bbox 208 5641 3471 5719">
     <span class='ocr_line' id='line_1_59' title="bbox 208 5641 3471 5719; baseline -0.002 -23"><span class='ocrx_word' id='word_1_749' title='bbox 208 5644 489 5698; x_wconf 56' lang='lat' dir='ltr'><strong>mittendis</strong></span> <span class='ocrx_word' id='word_1_750' title='bbox 542 5658 685 5711; x_wconf 65' lang='lat' dir='ltr'><strong>saepe</strong></span> <span class='ocrx_word' id='word_1_751' title='bbox 744 5645 932 5714; x_wconf 83' lang='lat' dir='ltr'><strong>legatis</strong></span> <span class='ocrx_word' id='word_1_752' title='bbox 959 5686 974 5708; x_wconf 92' lang='lat'><strong>,</strong></span> <span class='ocrx_word' id='word_1_753' title='bbox 1011 5645 1304 5701; x_wconf 80' lang='lat' dir='ltr'><strong>oﬂercudis</strong></span> <span class='ocrx_word' id='word_1_754' title='bbox 1366 5647 1590 5704; x_wconf 90' lang='lat' dir='ltr'><strong>utilibus</strong></span> <span class='ocrx_word' id='word_1_755' title='bbox 1632 5650 2040 5705; x_wconf 78' lang='lat' dir='ltr'><strong>conditionibus</strong></span> <span class='ocrx_word' id='word_1_756' title='bbox 2066 5693 2078 5712; x_wconf 94' lang='lat'><strong>,</strong></span> <span class='ocrx_word' id='word_1_757' title='bbox 2134 5650 2297 5704; x_wconf 89' lang='lat' dir='ltr'><strong>veluti</strong></span> <span class='ocrx_word' id='word_1_758' title='bbox 2325 5649 2526 5719; x_wconf 91' lang='lat' dir='ltr'><strong>nuptiis</strong></span> <span class='ocrx_word' id='word_1_759' title='bbox 2575 5662 2695 5700; x_wconf 91' lang='lat' dir='ltr'><strong>cum</strong></span> <span class='ocrx_word' id='word_1_760' title='bbox 2731 5644 2934 5698; x_wconf 83' lang='lat' dir='ltr'><strong>familia</strong></span> <span class='ocrx_word' id='word_1_761' title='bbox 2965 5641 3176 5696; x_wconf 85' lang='lat' dir='ltr'><strong>domini</strong></span> <span class='ocrx_word' id='word_1_762' title='bbox 3212 5642 3471 5709; x_wconf 78' lang='lat' dir='ltr'><strong>Itomani,</strong></span> 
     </span>
    </p>
   </div>
   <div class='ocr_carea' id='block_1_60' title="bbox 209 5729 3471 5808">
    <p class='ocr_par' dir='ltr' id='par_1_60' title="bbox 209 5729 3471 5808">
     <span class='ocr_line' id='line_1_60' title="bbox 209 5729 3471 5808; baseline -0.002 -23"><span class='ocrx_word' id='word_1_763' title='bbox 209 5732 463 5798; x_wconf 81' lang='lat' dir='ltr'><strong>pecunia,</strong></span> <span class='ocrx_word' id='word_1_764' title='bbox 536 5732 704 5785; x_wconf 91' lang='lat' dir='ltr'><strong>multa</strong></span> <span class='ocrx_word' id='word_1_765' title='bbox 750 5733 979 5787; x_wconf 87' lang='lat' dir='ltr'><strong>vestium</strong></span> <span class='ocrx_word' id='word_1_766' title='bbox 1041 5735 1130 5800; x_wconf 88' lang='lat' dir='ltr'><strong>vi,</strong></span> <span class='ocrx_word' id='word_1_767' title='bbox 1192 5747 1343 5806; x_wconf 86' lang='lat' dir='ltr'><strong>parte</strong></span> <span class='ocrx_word' id='word_1_768' title='bbox 1400 5739 1561 5791; x_wconf 87' lang='lat' dir='ltr'><strong>etiam</strong></span> <span class='ocrx_word' id='word_1_769' title='bbox 1631 5738 1810 5807; x_wconf 88' lang='lat' dir='ltr'><strong>aliqua</strong></span> <span class='ocrx_word' id='word_1_770' title='bbox 1880 5739 2159 5801; x_wconf 71' lang='lat' dir='ltr'><strong>territorii,</strong></span> <span class='ocrx_word' id='word_1_771' title='bbox 2230 5754 2387 5808; x_wconf 64' lang='lat' dir='ltr'><strong>[manu</strong></span> <span class='ocrx_word' id='word_1_772' title='bbox 2450 5734 2859 5795; x_wconf 82' lang='lat' dir='ltr'><strong>ecclesiastica,</strong></span> <span class='ocrx_word' id='word_1_773' title='bbox 2907 5729 3471 5785; x_wconf 75' lang='lat' dir='ltr'><strong>excommunicatione</strong></span> 
     </span>
    </p>
   </div>
   <div class='ocr_carea' id='block_1_61' title="bbox 208 5818 3471 5897">
    <p class='ocr_par' dir='ltr' id='par_1_61' title="bbox 208 5818 3471 5897">
     <span class='ocr_line' id='line_1_61' title="bbox 208 5818 3471 5897; baseline -0.001 -27"><span class='ocrx_word' id='word_1_774' title='bbox 208 5820 479 5881; x_wconf 85' lang='lat' dir='ltr'><strong>videlicet,</strong></span> <span class='ocrx_word' id='word_1_775' title='bbox 528 5835 637 5873; x_wconf 89' lang='lat' dir='ltr'><strong>non</strong></span> <span class='ocrx_word' id='word_1_776' title='bbox 667 5821 835 5875; x_wconf 86' lang='lat' dir='ltr'><strong>semel</strong></span> <span class='ocrx_word' id='word_1_777' title='bbox 866 5822 1064 5876; x_wconf 78' lang='lat' dir='ltr'><strong>indicta</strong></span> <span class='ocrx_word' id='word_1_778' title='bbox 1095 5824 1281 5889; x_wconf 71' lang='lat' dir='ltr'><strong>(epist.</strong></span> <span class='ocrx_word' id='word_1_779' title='bbox 1317 5824 1349 5875; x_wconf 82' lang='lat'><strong>9</strong></span> <span class='ocrx_word' id='word_1_780' title='bbox 1393 5826 1485 5890; x_wconf 70' lang='grc' dir='ltr'><strong>[ἐκ.</strong></span> <span class='ocrx_word' id='word_1_781' title='bbox 1516 5825 1629 5894; x_wconf 72' lang='lat'><strong>22),</strong></span> <span class='ocrx_word' id='word_1_782' title='bbox 1673 5828 1926 5895; x_wconf 81' lang='lat' dir='ltr'><strong>precibus</strong></span> <span class='ocrx_word' id='word_1_783' title='bbox 1979 5830 2235 5897; x_wconf 85' lang='lat' dir='ltr'><strong>denique,</strong></span> <span class='ocrx_word' id='word_1_784' title='bbox 2296 5828 2586 5887; x_wconf 67' lang='lat' dir='ltr'><strong>lacrimis,</strong></span> <span class='ocrx_word' id='word_1_785' title='bbox 2628 5826 2887 5893; x_wconf 82' lang='lat' dir='ltr'><strong>omnique</strong></span> <span class='ocrx_word' id='word_1_786' title='bbox 2940 5835 3133 5889; x_wconf 71' lang='lat' dir='ltr'><strong>genere</strong></span> <span class='ocrx_word' id='word_1_787' title='bbox 3185 5818 3471 5870; x_wconf 85' lang='lat' dir='ltr'><strong>all&#39;ectuum</strong></span> 
     </span>
    </p>
   </div>
   <div class='ocr_carea' id='block_1_62' title="bbox 212 5909 3464 5987">
    <p class='ocr_par' dir='ltr' id='par_1_62' title="bbox 212 5909 3464 5987">
     <span class='ocr_line' id='line_1_62' title="bbox 212 5909 3464 5987; baseline -0.004 -10"><span class='ocrx_word' id='word_1_788' title='bbox 212 5921 259 5963; x_wconf 67' lang='grc' dir='ltr'>ει</span> <span class='ocrx_word' id='word_1_789' title='bbox 317 5920 774 5979; x_wconf 67' lang='grc' dir='ltr'><strong>πευιηειιιονυηι</strong></span> <span class='ocrx_word' id='word_1_790' title='bbox 850 5921 1196 5983; x_wconf 64' lang='grc' dir='ltr'><strong>υννοηιιιιο,</strong></span> <span class='ocrx_word' id='word_1_791' title='bbox 1247 5915 1357 5983; x_wconf 69' lang='lat' dir='ltr'><strong>ipse</strong></span> <span class='ocrx_word' id='word_1_792' title='bbox 1415 5926 1688 5985; x_wconf 76' lang='lat' dir='ltr'><strong>postremo</strong></span> <span class='ocrx_word' id='word_1_793' title='bbox 1766 5919 1972 5987; x_wconf 70' lang='lat' dir='ltr'><strong>legatus</strong></span> <span class='ocrx_word' id='word_1_794' title='bbox 2050 5919 2311 5975; x_wconf 76' lang='lat' dir='ltr'><strong>accedens</strong></span> <span class='ocrx_word' id='word_1_795' title='bbox 2369 5919 2545 5983; x_wconf 73' lang='lat' dir='ltr'><strong>(epist.</strong></span> <span class='ocrx_word' id='word_1_796' title='bbox 2583 5914 2819 5981; x_wconf 75' lang='lat'><strong>27,50),</strong></span> <span class='ocrx_word' id='word_1_797' title='bbox 2889 5921 2946 5965; x_wconf 88' lang='lat' dir='ltr'><strong>ut</strong></span> <span class='ocrx_word' id='word_1_798' title='bbox 3018 5909 3289 5964; x_wconf 81' lang='lat' dir='ltr'><strong>Simeonis</strong></span> <span class='ocrx_word' id='word_1_799' title='bbox 3351 5909 3464 5963; x_wconf 86' lang='lat' dir='ltr'><strong>ani-</strong></span> 
     </span>
    </p>
   </div>
  </div>
