4158 6430
672 427 737 491 19
2095 418 2519 477 ΡΗᾸΞΡΑΤΙΟ.
3863 407 3937 473 20

660 552 833 603 nium,
865 536 1127 605 principis
1185 534 1387 602 alioqui
1449 536 1660 603 magnis
1708 533 1928 587 dotibus
1996 531 2206 600 praediti
2269 531 2344 595 (4,
2401 529 2517 596 51),
2549 537 2884 598 expugnaret
2924 546 2939 595 ;
2985 530 3037 585 id
3090 530 3234 599 quod
3281 528 3518 596 denique
3578 522 3933 592 impetravit:

656 626 858 679 etenim
915 626 1143 684 scimus,
1199 622 1531 687 Siueouem,
1582 624 1789 675 omisso
1845 622 1909 673 ad
1952 630 2254 673 extremum
2307 618 2472 681 bello,
2518 615 2815 670 recessisse
2860 616 2928 671 ab
2972 616 3183 687 imperii
3222 630 3343 684 qua!
3397 610 3664 668 insidebat
3710 608 3941 663 visceri-

663 716 787 775 laus,
815 720 868 766 et
901 711 953 769 in
990 709 1301 777 Buléariam
1367 726 1519 764 suam
1580 725 1877 765 remeasse.
1931 709 2120 777 Magna
2168 717 2314 760 certe
2366 706 2615 758 libertate
2648 702 2888 766 dicendi.
2942 718 3051 758 non
3090 704 3209 757 sine
3258 702 3565 757 humilitate
3616 698 3931 755 Christiana

661 802 831 855 utitur
883 799 936 852 in
988 798 1074 851 bis
1124 797 1369 868 epistolis
1417 796 1675 852 Nicolatts
1717 812 1886 851 :nam
1942 797 2021 851 sic
2075 805 2262 865 aperte
2329 792 2571 847 Simeoni
2634 792 2919 846 denuntiat
2968 811 2979 844 :
3032 790 3198 845 Pater
3260 802 3382 845 tuus
3441 790 3534 859 ego
3591 804 3707 841 sum
3738 828 3752 850 ,
3803 783 3935 838 velis

665 887 822 951 nolis,
860 885 981 938 licet
1017 884 1267 938 minimus
1302 885 1601 954 episcopus,
1634 885 1721 953 qui
1753 896 1891 939 certe
1936 883 2243 953 religionem
2292 880 2386 935 Dei
2428 898 2529 934 non
2576 882 2759 951 negavi
2788 897 2804 935 :
2832 882 2931 936 etsi
2980 883 3115 935 enim
3182 880 3315 949 forte
3357 887 3659 946 peccatores
3708 875 3940 945 episcopi

657 980 784 1039 sittl,
812 990 915 1027 non
942 974 1140 1027 idcirco
1165 990 1252 1026 vos
1277 973 1493 1041 jadices
1520 972 1712 1025 habent
1736 988 1753 1034 ;
1785 972 1875 1025 sed
1901 980 2087 1027 contra
2110 971 2338 1040 episcopi
2368 972 2432 1023 de
2456 971 2597 1023 vobis
2620 970 2965 1038 judicabant.
2991 972 3037 1022 si
3059 979 3200 1022 certe
3226 967 3427 1021 Christi
3456 982 3572 1019 ores
3588 966 3735 1021 estis,
3770 977 3938 1030 neque

659 1066 723 1115 ab
754 1061 867 1129 ejus
908 1077 1062 1131 grege
1099 1060 1431 1113 aberrantes.
1465 1058 1657 1128 Neque
1691 1060 1812 1112 alia:
1844 1060 2044 1112 desunt
2069 1059 2122 1111 in
2160 1058 2244 1110 bis
2278 1058 2528 1126 epistolis
2565 1058 2792 1118 uolitim,
2831 1058 2992 1110 veluti
3023 1058 3089 1109 de
3122 1055 3369 1126 tyrannis
3399 1056 3565 1105 Variis
3600 1049 3940 1121 llyzantinis,

660 1157 726 1206 t‘e
747 1150 1192 1208 CbosroePersa.
1219 1150 1287 1203 de
1306 1150 1447 1217 Boga
1467 1148 1764 1202 Chersonis
1794 1146 2131 1216 prmtore,de
2157 1146 2326 1199 Gaina
2352 1146 2530 1199 Gothu
2557 1154 2611 1199 et
2637 1146 3030 1216 Chrysostomo
3064 1148 3129 1199 de
3160 1146 3363 1198 montis
3392 1142 3608 1213 Olympi
3659 1138 3940 1194 monacho

660 1240 754 1303 qui
790 1255 883 1308 per
914 1240 963 1291 ial
997 1248 1213 1307 tempus
1244 1239 1437 1291 Abaris
1465 1237 1748 1290 Christum
1781 1234 2113 1303 praedicavit.
2146 1233 2214 1287 de
2244 1234 2547 1288 Abarorum
2588 1235 2775 1299 exitio,
2829 1236 2895 1287 de
2958 1234 3285 1295 Pallilt.lCiS,
3327 1233 3394 1285 de
3450 1230 3635 1285 Leone
3675 1227 3944 1296 Tripolita

660 1326 1062 1383 'l‘iessalouica'e
1084 1326 1283 1381 celebri
1317 1339 1567 1381 eversore
1587 1322 1765 1392 (epist.
1788 1322 2017 1391 25ﬁn.),
2038 1333 2091 1376 et
2114 1323 2307 1376 deinde
2345 1323 2485 1393 apud
2506 1322 2770 1377 Lemnum
2793 1323 2957 1378 victo.
2983 1321 3250 1376 Peculiari
3275 1332 3457 1375 autem
3489 1318 3764 1372 mentione
3779 1315 3945 1383 digna

660 1416 877 1470 videtur
899 1416 1132 1486 cpistola
1158 1413 1248 1479 28,
1276 1413 1327 1465 in
1352 1426 1459 1483 qua
1488 1412 1555 1466 de
1569 1410 1836 1467 Romanis
1857 1412 2049 1482 legatis
2071 1426 2249 1465 sermo
2275 1422 2376 1472 est,
2404 1409 2812 1482 Theophylacto
2829 1421 2882 1465 et
2906 1411 3069 1474 Caro,
3094 1425 3219 1464 cum
3245 1408 3435 1481 litteris
3455 1406 3685 1460 Romani
3718 1402 3944 1471 poutili-

659 1504 869 1574 cis(qui
891 1501 1263 1557 eratJoannes
1287 1500 1334 1555 X
1383 1501 1449 1556 ad
1475 1500 1656 1555 aulam
1678 1499 2033 1571 Byzantinam
2060 1509 2224 1569 atque
2270 1500 2337 1554 ad
2375 1499 2684 1554 Simeonem
2711 1500 3217 1570 proficiscentibus;
3241 1499 3441 1563 quibus
3464 1494 3660 1549 litteris
3698 1490 3939 1561 pontifex

662 1591 943 1660 injicielat
980 1590 1210 1659 Bulgaro
1238 1590 1604 1644 auatbematis
1638 1588 1914 1642 vinculum
1949 1588 2052 1645 sibi
2088 1599 2445 1651 reservatum,
2478 1588 2821 1642 comminans
2840 1602 3079 1656 quoque,
3112 1596 3166 1639 ut
3204 1587 3254 1639 in
3283 1583 3565 1639 hodiernis
3591 1580 3771 1634 adhuc.
3799 1591 3940 1631 eou-

660 1678 1039 1736 stitutiOuibus
1060 1679 1140 1744 fit,
1168 1680 1598 1748 indignationem
1624 1676 1995 1746 apostolorum
2011 1676 2152 1730 Petri
2172 1687 2225 1732 et
2242 1676 2417 1739 Pauli,
2436 1677 2536 1731 nisi
2559 1679 2627 1731 ab
2649 1676 2832 1746 impiis
2851 1676 3021 1729 armis
3044 1675 3339 1729 recederet.
3356 1671 3726 1741 Quamobrem
3748 1682 3945 1721 rursus

660 1767 976 1822 Simeonem
997 1765 1249 1821 Nicolaus
1272 1776 1413 1830 orat,
1437 1775 1495 1819 ut
1519 1765 1562 1819 si
1587 1765 1771 1821 minus
1790 1780 1869 1830 se,
1889 1774 2035 1819 certe
2059 1766 2469 1821 sanctissimum
2496 1781 2685 1833 papam
2706 1765 2888 1834 (quem
2911 1765 2991 1818 sic
3019 1780 3113 1832 per
3134 1762 3568 1816 antonomasiam
3591 1757 3827 1827 appellat
3851 1754 3944 1809 hic

660 1865 821 1924 ctep.
856 1854 944 1925 75)
982 1865 1313 1909 revereatur.
1353 1852 1618 1908 Putamus
1680 1864 1861 1907 autem
1941 1854 2145 1907 nullam
2219 1854 2519 1909 desiderari
2581 1853 2787 1910 Nicolai
2845 1853 2911 1907 ad
2968 1852 3263 1921 Belgarum
3317 1846 3603 1918 epistolam
3641 1862 3656 1910 ;
3693 1844 3949 1913 quando.

661 1944 881 2009 quidem
927 1941 1264 1997 tricesimam
1339 1943 1572 2012 primam
1619 1940 1782 2011 (apud
1833 1940 1953 2011 nos)
1999 1940 2202 1995 fatetur
2251 1942 2365 2010 ipse
2412 1959 2438 1997 a
2506 1957 2563 1996 se
2612 1941 2860 1994 ultimam
2911 1940 3078 1994 scribi
3139 1958 3151 1992 :
3206 1948 3563 2006 praeterquam
3614 1931 3757 2001 quod
3819 1939 3947 2000 post

662 2031 808 2094 illam
854 2029 909 2084 in
940 2032 1134 2085 codice
1165 2030 1365 2101 legitur
1398 2030 1532 2095 ﬁnis
1569 2029 1919 2095 epistularum
1953 2030 2021 2081 ad
2075 2029 2387 2099 Bulgarum.
2434 2029 2687 2083 Attamen
2717 2028 2783 2082 de
2807 2042 2865 2081 re
2903 2025 3187 2096 Bulgariea
3222 2041 3330 2078 non
3361 2025 3427 2078 ad
3459 2023 3775 2076 Simeonem
3804 2026 3937 2071 tau-

669 2120 978 2184 tummodo,
1016 2134 1206 2173 verum
1240 2119 1403 2173 etiam
1437 2117 1503 2171 ad
1544 2117 1869 2183 primarium
1896 2119 2018 2188 ejus
2068 2117 2455 2173 administrant
2506 2116 2728 2186 scripsit
2774 2113 3040 2170 Nicolaus
3078 2116 3186 2185 (ep.
3221 2115 3333 2184 i3),
3376 2126 3582 2182 rogans
3616 2118 3676 2163 ut
3714 2107 3944 2165 doluitm

662 2224 763 2263 suo
805 2222 993 2277 pacem
1033 2209 1332 2261 suaderet:
1364 2210 1605 2275 itemque
1630 2206 1770 2261 duas
1805 2210 1920 2276 (ep.
1953 2207 1987 2261 4
2015 2207 2184 2276 eti?)
2209 2208 2275 2261 ad
2310 2205 2575 2275 Bulgaria:
2598 2204 3093 2275 archiepiscopum.
3125 2202 3226 2257 Vix
3254 2214 3437 2256 autem
3468 2199 3660 2254 dubito
3700 2199 3831 2265 quin
3852 2196 3946 2249 hic

661 2297 734 2350 sit
756 2295 978 2351 Simeon
1019 2294 1385 2359 Debeltensis,
1419 2296 1513 2365 qui
1541 2295 1751 2364 synodo
1785 2295 2066 2350 Photiame
2099 2310 2242 2349 anno
2273 2294 2376 2350 879
2404 2292 2746 2347 interfuerat.
2795 2290 3039 2360 (Videsis
3066 2291 3315 2347 Coletum
3348 2288 3508 2358 ltlyr.
3547 2303 3687 2341 sacr.
3720 2296 3758 2340 t.
3794 2282 3935 2345 Vill,

664 2399 717 2451 p.
746 2384 905 2454 207).
935 2381 1140 2437 Harum
1177 2382 1230 2437 in
1278 2383 1454 2452 prima
1496 2382 1564 2437 de
1606 2382 1825 2438 homine
1860 2383 2107 2454 loquitur
2147 2384 2240 2451 qui
2280 2382 2345 2436 ad
2388 2395 2610 2435 sacrum
2643 2380 2789 2451 apud
2825 2378 3048 2436 Graecos
3102 2379 3316 2452 asylum
3366 2377 3690 2446 confugerat
3730 2369 3944 2444 (confer

663 2473 920 2527 l’ltotium
954 2486 1042 2541 ep.
1072 2471 1151 2541 4).
1187 2485 1348 2541 quem
1385 2473 1648 2540 repetenti
1697 2472 1935 2542 Bulgaro
1969 2473 2135 2527 tradit
2172 2471 2454 2534 Nicolaus,
2502 2470 2595 2526 sed
2644 2484 2768 2524 cum
2798 2469 3047 2525 districto
3078 2468 3359 2533 mandato,
3406 2476 3466 2521 ut
3515 2461 3753 2532 impunis
3797 2460 3937 2513 illa:-

663 2574 869 2628 susque
902 2560 992 2613 sit.
1023 2559 1206 2613 Altera
1240 2558 1470 2627 epistola
1506 2560 1754 2613 suasoria
1787 2569 1892 2625 est,
1925 2561 2181 2615 videlicet
2214 2571 2271 2616 ut
2306 2558 2757 2629 archiepiscopus
2785 2558 2937 2615 omni
2964 2573 3066 2629 ope
3104 2555 3399 2613 contendat
3422 2552 3568 2623 apud
3602 2552 3943 2619 Simeonem,

660 2662 770 2715 quo
810 2648 974 2700 linem
1004 2647 1396 2701 molestissimo
1432 2647 1576 2701 bello
1603 2648 1847 2717 imponat
1879 2667 1891 2702 :
1929 2648 2093 2717 digna
2129 2664 2263 2703 sane
2303 2649 2446 2704 lectu
2489 2648 2721 2718 epistola
2768 2656 2993 2718 prapter
3041 2661 3236 2715 graves
3273 2643 3341 2697 de
3359 2640 3735 2698 ecclesiastico
3763 2636 3947 2690 ollirio

662 2738 983 2800 sententias,
1023 2744 1078 2790 et
1108 2738 1173 2789 de
1223 2750 1379 2789 sacra
1439 2732 1779 2791 Eucharistia
1837 2736 2060 2791 eﬂ‘atum
2098 2754 2114 2791 :
2148 2738 2399 2806 deplorat
2440 2738 2585 2791 enim
2632 2736 2895 2793 ecclesias
2945 2735 3084 2789 bello
3131 2734 3397 2803 pollutas,
3441 2732 3494 2784 in
3546 2729 3746 2799 quibus
3787 2724 3945 2777 herili

665 2834 947 2891 praesentia
977 2824 1173 2877 residet
1209 2834 1453 2879 sanctum
1476 2823 1610 2877 illud
1636 2834 1688 2877 et
1723 2826 2132 2881 immaculatum
2156 2841 2347 2894 corpus
2383 2843 2443 2878 ac
2468 2826 2709 2895 sanguis,
2742 2840 2858 2893 quae
2887 2825 2977 2893 qui
3003 2823 3293 2876 manducat
3320 2832 3368 2873 et
3398 2819 3552 2883 bibit,
3587 2827 3783 2871 certam
3815 2828 3946 2883 pra-

660 2915 792 2981 pria:
831 2910 1279 2979 satictiﬁcatienis
1317 2927 1459 2978 spem
1492 2910 1836 2980 adipiscitur.

2093 3066 2297 3119 Classis
2336 3067 2516 3119 tertia.

737 3227 823 3279 Vl.
867 3224 1049 3280 Prima
1091 3229 1323 3281 occurrit
1384 3229 1816 3283 luculentissima
1850 3272 1859 3292 ,
1896 3240 2056 3298 atque
2122 3232 2291 3283 instar
2335 3239 2620 3291 tractatus,
2653 3229 2884 3297 cpistola
2907 3230 3019 3297 (5'2)
3055 3244 3218 3297 quam
3251 3226 3505 3279 Nicoiaus
3541 3224 3605 3277 ad
3640 3223 3768 3277 liont
3784 3239 3944 3278 suam

663 3315 966 3373 licclesiam
1006 3317 1087 3369 vel
1124 3315 1229 3368 sub
1261 3315 1524 3370 Laudone
1554 3315 1830 3385 pontifice,
1871 3325 1929 3369 nt
1959 3328 2116 3386 putat
2153 3318 2449 3379 Baronius,
2495 3318 2577 3371 vel
2612 3318 2711 3372 sub
2748 3318 3043 3371 Anastasio
3076 3318 3259 3378 tertio,
3296 3324 3351 3369 iit
3386 3324 3572 3369 censet
3595 3313 3944 3383 Pagiusrsetl

666 3414 815 3459 certe
855 3412 978 3472 post
1003 3402 1178 3470 Sergii
1211 3404 1353 3457 tertii
1381 3404 1593 3459 ohitmn
1642 3405 1857 3467 scribit,
1896 3408 1988 3474 qui
2032 3414 2290 3474 tanquam
2331 3406 2527 3460 beatus
2564 3415 2674 3459 tum
2710 3405 2762 3459 iu
2795 3404 2899 3458 hac
2939 3413 3051 3457 tum
3088 3404 3142 3456 in
3174 3419 3261 3471 ep.
3291 3404 3360 3457 55
3393 3405 3736 3465 nominatur,
3767 3418 3947 3472 neque

665 3497 734 3543 ue
766 3488 957 3559 Sergio
986 3490 1284 3559 quidquam
1329 3490 1659 3559 injuriosum
1691 3491 2242 3561 scribit,quanquam
2285 3494 2401 3562 ipse
2450 3492 2916 3561 dispensationem
2965 3492 3033 3546 ad
3072 3501 3298 3559 quartas
3340 3491 3560 3561 nuptias
3602 3489 3767 3545 Leoni
3797 3505 3939 3544 con-

664 3586 925 3637 cesserat.
970 3579 1318 3647 Propositqu
1359 3578 1604 3647 epistola:
1635 3587 1719 3632 est
1748 3579 2112 3648 expostulatio
2146 3581 2438 3650 caeteroqui
2477 3596 2582 3635 non
2628 3595 2783 3651 aqua
2818 3580 3086 3636 adversus
3110 3578 3431 3643 Romanam
3470 3579 3792 3641 Ecclesiam,
3819 3593 3944 3647 qua:

668 3665 989 3734 unperatori
1038 3665 1090 3717 in
1131 3680 1296 3718 causa
1332 3666 1648 3733 nuptiarum
1694 3666 1879 3718 missis
1925 3666 2092 3718 etiam
2142 3666 2335 3735 legatis
2363 3668 2571 3723 faverat
2604 3686 2619 3722 :
2650 3683 2716 3723 ex
2742 3684 2853 3738 quo
2886 3678 3167 3730 evenerat,
3208 3677 3267 3721 ut
3302 3668 3417 3736 ipse
3447 3667 3742 3721 contrariae
3770 3667 3945 3721 disci-

668 3760 832 3824 plina)
866 3752 1149 3816 defensor,
1192 3753 1322 3807 sede
1355 3755 1571 3821 pulsus,
1606 3754 1906 3807 substituto
1941 3753 2257 3824 Eutbytnio,
2295 3754 2518 3827 fuisset.
2556 3755 2722 3809 Multa
2756 3771 2855 3825 pro
2893 3772 2990 3810 sua
3029 3756 3299 3811 sententia
3330 3754 3466 3810 dicit
3501 3752 3782 3818 Nicolaus,
3814 3754 3949 3807 niti-

666 3856 868 3911 torque
898 3842 1225 3896 nominatim
1265 3842 1570 3895 eanonilius
1616 3844 1779 3912 Vulgo
1827 3844 2150 3911 apostolicis
2198 3853 2252 3897 et
2306 3843 2610 3900 Clementis
2641 3844 2981 3917 consumtis,
3028 3859 3151 3913 quae
3199 3844 3424 3913 scripta,
3464 3852 3523 3897 ut
3570 3843 3683 3911 jam
3737 3842 3951 3897 notavit

668 3931 964 3994 Baronius,
1004 3929 1314 4000 apocrypha
1366 3946 1488 3983 esse
1533 3931 1740 3985 scimus
1777 3949 1790 3983 :
1829 3931 2005 3984 Graaci
2053 3941 2237 3986 autem
2274 3932 2587 4004 Opinionem
2636 3932 2783 3985 illam
2818 3933 2998 3987 serius
3036 3941 3345 3997 exuerunt;
3377 3946 3503 3986 nam
3535 3940 3590 3985 et
3618 3931 3845 3986 Pliotius
3888 3931 3948 3985 in

663 4023 1143 4094 Amphilochianis
1195 4024 1596 4093 quaestioieibus
1643 4025 1886 4080 nondum
1920 4027 1986 4080 de
2016 4027 2124 4081 illis
2156 4029 2387 4082 dubitat.
2445 4028 2677 4083 Curiosa
2722 4027 2839 4081 ιιωο
2869 4034 2955 4082 est
2984 4026 3321 4096 insignisque
3348 4026 3575 4094 epistola
3612 4036 3725 4078 tum
3759 4024 3831 4079 ob
3865 4028 3947 4079 rei

670 4114 1013 4182 perspicuam
1066 4114 1468 4180 narrationem,
1514 4124 1627 4167 tum
1658 4114 1825 4168 etiam
1857 4115 1927 4168 ob
1958 4115 2352 4171 ecclesiastica:
2391 4119 2698 4188 disciplinae
2729 4118 3003 4173 notitiam.
3035 4115 3281 4184 Namque
3313 4116 3568 4170 universa
3606 4113 3719 4169 fere
3751 4113 3948 4170 Orien-

668 4201 795 4256 talis
830 4200 1079 4255 Ecclesia
1113 4201 1328 4269 quartis
1366 4202 1573 4269 nuptiis
1606 4201 1904 4257 interdicit.
1943 4202 2083 4257 Ecce
2111 4207 2256 4258 enim
2286 4206 2673 4261 Armeniorum
2708 4222 2928 4275 quoque
2952 4205 3266 4275 patriarcha
3299 4204 3456 4267 Sion,
3490 4206 3686 4257 nedum
3717 4212 3947 4272 quartas

665 4290 760 4345 sed
799 4292 992 4346 tertias
1025 4290 1190 4345 etiam
1223 4300 1368 4345 vetat
1393 4291 1616 4360 nuptias
1642 4307 1854 4347 eanone
1882 4309 1998 4356 xui,
2035 4296 2177 4364 apud
2209 4310 2309 4350 nos
2342 4296 2541 4364 Seript.
2578 4306 2680 4351 ret.
2716 4306 2756 4350 t.
2794 4295 2864 4359 Χ,
2900 4305 3043 4364 part.
3080 4310 3138 4359 ιι,
3169 4310 3224 4364 p.
3254 4294 3382 4349 508.
3418 4294 3483 4346 lit
3514 4293 3751 4348 Severus
3774 4292 3950 4363 Syrus

666 4379 981 4446 patriarcha
1021 4379 1401 4433 Antiowcnus
1434 4380 1624 4433 tertias
1656 4381 1878 4448 nuptias
1909 4382 2179 4450 improbat
2213 4383 2265 4436 iu
2297 4400 2551 4439 sermone
2584 4386 2766 4455 priore
2790 4385 2854 4437 de
2883 4394 3074 4437 sancta
3106 4382 3357 4447 Droside,
3395 4384 3523 4437 item
3552 4381 3694 4452 apud
3726 4396 3828 4437 nos
3853 4397 3950 4451 op.

666 4468 759 4521 cit.
792 4475 832 4520 t.
877 4466 945 4529 Χ,
981 4484 1033 4535 p.
1069 4466 1195 4521 753.
1240 4466 1485 4536 Denique
1534 4468 1997 4537 Abulpbaragius,
2033 4468 2353 4525 Jacobiticaa
2383 4471 2641 4526 Ecclesiae
2674 4472 3035 4540 tuaphriauus
3068 4487 3166 4525 seu
3204 4470 3435 4539 primas,
3472 4470 3525 4523 iu
3558 4468 3951 4523 Nonnocanone

665 4574 695 4608 a
730 4556 890 4610 nobis
936 4557 1086 4611 edito
1137 4553 1339 4625 Script.
1370 4565 1470 4609 ret.
1508 4565 1546 4610 ι.
1581 4554 1651 4619 Χ,
1690 4568 1826 4624 part.
1864 4573 1922 4616 Il.
1967 4574 2021 4627 p.
2054 4558 2145 4620 64,
2191 4558 2307 4613 Cra

2308 4576 2510 4614 reorum
2559 4576 2750 4614 severa
2805 4570 3012 4614 statuta
3058 4560 3125 4613 de
3180 4558 3355 4613 tertiis
3388 4558 3710 4627 quartisque
3741 4558 3950 4627 nuptiis

666 4646 890 4700 retinet.
934 4645 1001 4698 Et
1042 4642 1299 4698 Nicolaus
1320 4644 1541 4713 quidem
1584 4645 1759 4711 primo
1793 4647 2181 4711 contendebat,
2230 4664 2298 4703 ne
2354 4666 2447 4717 per
2498 4647 2894 4716 indulgentiam
2930 4648 3152 4717 quidem
3201 4648 3517 4717 imperatori
3565 4647 3949 4702 concedendas

667 4735 838 4788 fuisse
859 4744 1088 4803 quartas
1121 4736 1341 4801 nuptias
1374 4750 1387 4785 :
1427 4733 1621 4787 deinde
1652 4750 1779 4788 vero
1814 4738 1865 4787 iu
1898 4736 2021 4789 aliis
2052 4738 2119 4790 ad
2168 4750 2363 4807 papam
2408 4736 2748 4806 Latinosque
2790 4738 3010 4801 litteris,
3043 4752 3109 4792 eo
3144 4736 3366 4791 demum
3400 4736 3639 4800 devenit,
3680 4744 3739 4789 ut
3771 4734 3944 4789 Leoni

670 4822 978 4892 peculiares
1012 4823 1083 4875 ob
1111 4836 1308 4875 causas
1339 4820 1731 4890 indulgendum
1766 4822 1940 4878 fuisse
1975 4824 2143 4889 dicat,
2179 4826 2391 4879 trieteris
2430 4842 2734 4895 nunquam.
2770 4826 3058 4881 Postremo
3099 4827 3215 4880 hate
3248 4827 3625 4881 controversia
3659 4824 3712 4877 in
3757 4824 3951 4878 Graeca

669 4910 913 4964 Ecclesia
940 4909 1044 4963 sub
1078 4908 1423 4971 Leonisfilio
1454 4908 1818 4964 Constantino
1870 4912 2025 4966 [inita
2075 4923 2159 4965 est
2186 4914 2240 4965 in
2270 4914 2482 4984 synodo
2527 4916 2658 4984 περὶ
2694 4914 2969 4981 ὲνὼσεως,
3007 4916 3070 4969 de
3102 4917 3316 4980 unione,
3351 4931 3476 4984 qua:
3520 4923 3709 4969 coacta
3746 4913 3849 4967 fuit
3878 4914 3950 4967 ob

670 4997 1078 5052 conciliandum
1111 4998 1351 5052 schisma
1394 5000 1537 5052 inter
1571 5000 1715 5068 ipsos
1756 5000 2002 5064 Graecos,
2035 5016 2268 5071 qum-um
2318 5018 2444 5073 pars
2490 5002 2755 5057 Romanae
2793 5006 3100 5067 sententiae,
3156 5019 3285 5071 pars
3316 5002 3519 5058 Graeca:
3551 5003 3786 5056 favebat.
3854 5002 3949 5054 Et—

667 5086 815 5141 enim
848 5086 1150 5141 coustituto
1176 5086 1408 5139 solemni
1435 5096 1544 5140 tam
1568 5087 1949 5142 ecclesiastico
1978 5105 2143 5159 quam
2176 5091 2324 5144 civili
2364 5092 2800 5161 quartaeuuptia:
2841 5093 3021 5144 vetitae
3067 5091 3310 5153 fuerunt,
3356 5091 3433 5144 uti
3476 5090 3660 5143 videre
3688 5097 3771 5143 est
3800 5090 3948 5156 apud

669 5175 1060 5229 Leunclavium
1094 5176 1146 5228 in
1182 5173 1313 5228 Jure
1343 5175 1435 5230 Cr.
1465 5175 1621 5230 Rom.
1652 5186 1691 5230 t.
1716 5175 1755 5237 l.
1786 5194 1839 5248 p.
1881 5178 2005 5233 105.
2044 5178 2230 5232 Nihilo
2282 5190 2464 5234 tamen
2515 5178 2697 5232 minus
2744 5176 2990 5231 Romana
3038 5178 3278 5242 Ecclesia
3319 5177 3474 5233 Pauli
3515 5178 3747 5247 apostoli
3797 5177 3951 5231 dicto

669 5265 989 5319 auscultans
1023 5264 1041 5317 1
1070 5264 1137 5318 ad
1169 5263 1295 5317 Cor.
1329 5280 1423 5328 vit,
1450 5263 1560 5318 59:
1601 5263 1801 5318 Mulier
1830 5266 2057 5336 alligata
2089 5277 2166 5320 est
2217 5269 2320 5339 legi
2357 5278 2556 5337 quanto
2600 5280 2834 5333 tempore
2886 5269 2967 5320 vir
3005 5267 3117 5335 ejus
3160 5268 3329 5333 civit;
3379 5268 3519 5336 quod
3569 5268 3615 5320 si
3665 5266 3951 5332 dormierit

666 5355 745 5405 rir
774 5353 916 5422 ejus,
952 5354 1181 5407 liberata
1223 5363 1325 5415 est,
1366 5354 1454 5405 cui
1500 5353 1609 5407 vult
1666 5355 1876 5429 nubat;
1917 5356 2226 5411 libertatem
2276 5359 2416 5412 hanc
2462 5358 2531 5411 ab
2571 5356 2838 5425 Apostolo
2884 5357 3173 5410 manifeste
3216 5372 3540 5411 concessam
3588 5357 3739 5410 nullo
3773 5356 3950 5409 limite

666 5444 1150 5511 constringendam
1186 5442 1419 5513 putavit.
1451 5442 1623 5499 Porro
1649 5443 1767 5501 haec
1790 5448 2195 5508 controversia,
2230 5456 2287 5500 ut
2310 5446 2549 5515 quisque
2576 5446 2847 5514 agnoscit,
2893 5444 3268 5514 disciplinaris
3296 5454 3410 5500 tota
3438 5456 3547 5508 est,
3580 5462 3688 5498 non
3716 5445 3952 5513 dogma-

668 5531 795 5583 tica.
824 5528 942 5583 Jam
974 5544 1077 5585 nec
1111 5529 1319 5587 Nicolai
1352 5531 1579 5601 querela
1612 5533 1680 5587 dc
1712 5532 2078 5602 appellatione
2104 5534 2305 5589 Leonis
2334 5533 2400 5587 ad
2431 5547 2653 5602 papam,
2680 5542 2736 5587 et
2764 5534 2831 5587 de
2866 5530 3243 5587 Romanorum
3275 5533 3331 5586 in
3363 5533 3468 5587 hoc
3509 5533 3731 5602 negotio
3770 5532 3947 5586 inter-

665 5619 1023 5688 ventu,justa
1058 5628 1184 5685 est;
1217 5621 1665 5691 quandoquidem
1703 5622 1820 5693 ipse
1855 5622 2117 5680 Romana:
2150 5622 2408 5681 Ecclesiae
2440 5623 2763 5693 primatum.
2796 5630 2858 5676 ut
2891 5636 3108 5692 aequum
3149 5631 3257 5686 est,
3306 5621 3600 5677 conﬁtetur
3644 5619 3946 5691 προνόμιον

666 5706 1131 5778 ἐκκλησιαστικῆς
1190 5709 1489 5779 ὑπεροχῆς.
1542 5709 1697 5775 Quod
1754 5702 2022 5781 Vdenique
2096 5720 2308 5782 quartas

2306 5728 2321 5767 ς
2380 5712 2601 5781 nuptias
2679 5708 2939 5765 Nicolaus
3006 5711 3307 5780 πορνείαν,
3360 5710 3812 5778 fornicationem,
3859 5708 3948 5761 vel

667 5795 817 5865 pejus
873 5795 1155 5867 quiddam,
1190 5796 1355 5851 audet
1412 5811 1537 5850 cum
1593 5796 1793 5866 priscis
1846 5799 2058 5868 aliquot
2117 5801 2413 5870 appellare,
2443 5800 2495 5854 id
2543 5814 2652 5853 non
2709 5799 2869 5854 aliter
2918 5800 3163 5869 intelligo
3202 5814 3368 5869 quam
3424 5799 3493 5853 de
3525 5798 3945 5866 impedimento.

668 5891 721 5933 ut
752 5882 927 5949 aiunt,
964 5882 1274 5946 dirimente.
1312 5882 1460 5955 quod
1494 5886 1831 5943 auctoritate
1872 5888 2249 5945 ecclesiastica
2292 5889 2700 5960 interpositum,
2735 5888 2912 5945 nullas
2978 5903 3171 5959 reapse
3194 5887 3374 5945 reddit
3410 5889 3655 5960 nuptias,
3694 5885 3944 5957 quandiu
