4158 6430
187 419 237 484 21
1572 409 1996 475 PBJEFATIO.
3351 409 3420 473 22

188 546 335 598 lcnrl;
373 533 601 599 ideoque
647 534 889 599 ipsarum
942 544 1076 584 usus
1113 544 1138 582 a
1192 527 1451 597 πορνείας
1486 527 1606 582 labe
1651 541 1758 581 non
1800 525 2003 582 differt.
2036 527 2117 582 Ad
2159 526 2451 583 historiam
2512 538 2643 580 vero
2692 521 2993 592 duplicium
3040 522 3407 582 Valentiniani

186 628 292 692 imp.
342 620 676 688 nuptiarum,
728 632 891 687 qua-tt
947 617 1209 673 Nicolans
1284 617 1540 683 attingit.
1600 614 1849 672 Socratis
1892 618 2014 672 sine
2060 616 2233 670 dubio
2282 616 2378 670 lih.
2442 632 2515 674 tv.
2566 629 2686 683 cap.
2743 615 2805 669 5t
2866 616 3182 670 narratione
3227 616 3423 685 fretus,

188 711 417 776 nihilego
444 705 625 761 dicam
663 716 787 775 post
832 705 923 760 illa
961 719 1085 773 quae
1116 704 1541 773 prudentissime
1578 716 1731 757 more
1771 719 1874 759 suo
1916 703 2219 773 disputavit
2266 702 2651 759 Tillemontius
2695 704 2748 757 in
2791 702 2917 757 adn.
2954 702 3025 757 28
3066 703 3133 757 ad
3179 707 3419 771 praedicti

182 794 387 855 Cesaris
423 804 599 864 gesta.
635 794 694 846 In
726 793 943 845 duabus
974 790 1202 861 reliquis
1231 792 1324 863 (55
1346 801 1397 843 et
1426 790 1517 858 56)
1559 792 1623 844 ad
1661 790 1925 846 Joannem
1958 806 2153 862 papam
2186 791 2434 862 epistolis
2467 794 2715 847 eamdem
2758 792 2978 860 quidem
3020 808 3132 846 rem
3163 791 3420 847 Nicolans

187 894 336 956 urget,
363 884 452 937 sed
482 893 669 936 tamen
708 878 1078 933 Ecclesiarutn
1113 879 1469 936 concordiam
1505 888 1694 945 eptare
1725 896 1783 934 se
1815 879 1949 934 dicit
1990 900 2000 933 :
2051 882 2197 950 quod
2252 882 2397 936 idem
2450 882 2526 937 ait
2564 883 2729 937 etiam
2785 885 2839 937 in
2886 897 3011 951 epp.
3059 882 3129 935 54
3156 892 3210 935 et
3241 883 3310 937 55
3355 885 3419 952 ad

188 976 435 1028 Romanos
484 971 739 1024 homines
783 969 1048 1036 scriptis;
1083 978 1134 1023 et
1170 983 1323 1037 papae
1357 984 1553 1022 nomen
1587 970 1640 1022 in
1674 969 1906 1022 dissidio
1956 971 2257 1034 revulsum,
2304 969 2687 1039 reponendum
2739 969 2793 1023 in
2842 969 3120 1039 diptychis
3163 969 3370 1034 judicat
3408 986 3420 1019 :

188 1076 460 1131 rursusque
509 1060 799 1130 praeterito
838 1058 1194 1128 indulgentia:
1245 1058 1525 1119 connivet,
1575 1057 1670 1110 sed
1715 1056 2060 1126 disciplinam
2104 1074 2261 1113 suam
2292 1059 2345 1110 iu
2401 1065 2684 1125 posterum
2732 1057 2889 1112 firme
2924 1064 3131 1110 tuetur.
3178 1054 3420 1122 Epistola

184 1166 376 1223 quoque
420 1150 488 1203 ’Π
532 1150 652 1204 sine
703 1147 869 1202 dubio
909 1147 975 1201 ad
1020 1160 1215 1216 papam
1253 1146 1514 1201 scribitur
1558 1145 1641 1198 vel
1689 1144 2005 1200 Landonem
2043 1146 2125 1199 vel
2167 1148 2351 1215 potius
2386 1144 2657 1201 Joannem
2680 1141 2751 1198 Χ.
2788 1144 2848 1198 In
2893 1160 2955 1198 ea
2988 1145 3171 1215 agitur
3198 1143 3265 1199 de
3293 1159 3423 1213 pace

185 1257 288 1296 cum
314 1239 554 1294 Romana
590 1236 861 1300 Ecclesia,
909 1250 1075 1303 quam
1122 1234 1405 1294 Nicolaus.
1448 1242 1573 1303 post
1621 1249 1779 1289 suum
1826 1234 1895 1287 ab
1940 1235 2141 1289 exsilio
2171 1233 2430 1299 reditum,
2475 1243 2529 1288 et
2577 1232 2661 1289 sui
2698 1232 2832 1287 cleri
2862 1233 3104 1287 schisma
3148 1232 3421 1295 sedatum,

185 1343 385 1400 prorsus
412 1339 749 1393 componere
773 1332 924 1393 optat
960 1334 1055 1376 "rt
1089 1324 1180 1388 sit,
1212 1323 1415 1390 inquit,
1446 1323 1601 1375 sicuti
1632 1340 1663 1375 α
1694 1324 1978 1390 principio,
2019 1323 2095 1375 ita
2141 1332 2189 1376 et
2234 1338 2373 1376 nunc
2409 1325 2558 1391 pacis
2602 1321 2897 1384 vinculum,
2931 1331 2980 1373 et
3011 1322 3137 1375 unio
3172 1320 3421 1376 Romani:

192 1416 414 1470 Ecclesiw
440 1430 561 1467 cum
586 1412 1203 1480 Constantinopolitano.
1240 1410 1371 1463 Illud
1437 1412 1642 1464 utiliter
1682 1425 1902 1477 quoque
1929 1410 1981 1462 in
2020 1410 2194 1478 prima
2225 1410 2291 1463 ad
2339 1408 2502 1464 llom.
2537 1409 2839 1467 Ecclesiam
2892 1408 3150 1479 epistola,
3186 1409 3413 1461 adnota-

184 1508 299 1559 hunt
350 1494 571 1562 eruditi.
607 1502 751 1571 quod
815 1517 1009 1570 nempe
1059 1501 1170 1554 lilia
1234 1499 1433 1553 Leonis
1483 1500 1733 1564 qtuedam
1794 1499 2004 1553 Franco
2058 1500 2291 1567 principi
2335 1501 2610 1568 desponsa
2673 1500 2889 1556 fuisset.
2951 1497 3031 1553 Re
3063 1498 3265 1567 quippe
3294 1512 3419 1551 vera

185 1593 269 1646 fuit
299 1594 407 1645 haec
439 1591 667 1644 nomine
691 1590 869 1652 Anna,
898 1604 1063 1658 quam
1100 1586 1209 1641 Leo
1232 1605 1293 1641 ex
1319 1590 1556 1655 conjuge
1588 1586 1826 1639 sernmla
1852 1596 2191 1656 susceperat.
2216 1602 2495 1656 quamque
2524 1588 2767 1641 adultam
2798 1586 3097 1641 declaravit
3121 1586 3419 1652 Augustam

182 1688 287 1748 post
317 1679 507 1733 matris
540 1678 775 1742 obitum,
823 1687 881 1731 ut
919 1668 1178 1746 palatinis
1221 1678 1493 1728 eumiriis
1540 1685 1816 1743 ιηἐιιυεςρι,
1864 1684 1996 1727 teste
2032 1673 2212 1728 Leone
2244 1674 2617 1730 Grammatice
2651 1676 2703 1728 in
2738 1674 2938 1729 Leonis
2987 1674 3263 1742 Sapientis
3301 1671 3420 1725 Vita

179 1768 251 1820 ed.
280 1764 442 1821 Paris.
483 1780 537 1835 p.
573 1763 696 1818 481.

1574 1872 1767 1926 Classis
1801 1884 2015 1941 quarta.
2248 1912 2251 1916 -
3292 1925 3317 1951 .

251 1991 354 2046 Vl].
385 1989 572 2045 Prima
606 1989 774 2059 hujus
814 1990 1011 2045 classis
1046 1990 1276 2058 epistula
1319 1990 1500 2057 {troius
1538 1990 1626 2045 86)
1664 1988 1919 2043 Ecclesiir
1956 2001 2304 2042 (Bt'OllmIHIfll
2353 1986 2703 2043 commendat
2739 1988 3081 2057 imperatori,
3111 2004 3271 2056 quem
3312 1985 3418 2041 lio:

182 2096 378 2133 martum
408 2078 760 2148 Lecapenum
795 2078 1062 2146 intelligo,
1098 2093 1222 2130 nam
1253 2078 1650 2133 (Ionsrantinns
1688 2093 1821 2144 puer
1847 2087 1984 2131 erat.
2029 2076 2085 2130 lu
2113 2077 2217 2130 alia
2252 2076 2499 2130 Romano
2534 2076 2738 2131 Caesari
2770 2077 2933 2130 missa
2972 2075 3084 2149 (95)
3135 2086 3315 2130 monet
3354 2076 3420 2128 de

180 2166 401 2235 Bulgaris
438 2165 810 2232 Lampsacum
846 2179 1020 2233 usque
1047 2165 1331 2233 profectis.
1370 2165 1508 2217 Tum
1542 2166 1787 2233 quaedam
1821 2165 2062 2234 suggerit
2097 2165 2167 2219 de
2198 2164 2524 2229 sc‘riniariis,
2570 2164 2636 2219 de
2676 2174 2819 2219 recta
2853 2163 3156 2218 ciliciorum
3202 2178 3419 2232 promo-

181 2257 324 2316 tiune,
349 2262 404 2309 et
435 2254 502 2306 de
528 2253 747 2321 justitia
777 2271 789 2305 :
822 2269 931 2321 quo
965 2254 1017 2306 in
1063 2253 1184 2306 loco
1214 2253 1342 2323 quid
1384 2255 1709 2306 vocabulum
1753 2253 1927 2321 ρῶγαι
1970 2253 2245 2320 significet
2281 2239 2390 2306 non
2421 2254 2644 2318 delinio,
2672 2254 2763 2307 sed
2800 2268 2863 2307 ex
2900 2252 3159 2320 Lennepii
3200 2253 3416 2322 Elymu-

178 2341 334 2412 lugico
358 2341 453 2396 Gr.
492 2342 771 2410 conjicere
798 2342 922 2396 licet
953 2340 1229 2409 supplices
1270 2340 1441 2394 fuisse
1474 2341 1685 2395 libellos
1719 2341 1801 2394 vel
1829 2342 2075 2411 ipsorum
2121 2350 2323 2395 taxam.
2369 2339 2549 2395 Tertia
2597 2341 2828 2409 epistola
2861 2341 3009 2409 (156)
3050 2340 3417 2394 ronsolatorin

180 2430 333 2483 estad
368 2430 621 2483 eumdem
660 2430 968 2483 Romanum
1022 2429 1153 2498 imp.
1200 2430 1252 2482 iu
1284 2429 1436 2484 obitu
1484 2429 1676 2482 uxoris
1715 2429 1976 2500 Augustae
2008 2428 2311 2484 Thetidem
2346 2444 2490 2483 anno
2521 2429 2645 2487 922.
2691 2427 2875 2485 Utitur
2903 2428 3171 2497 exemplis
3209 2427 3418 2483 Emilii

179 2516 307 2571 Pauli
337 2526 388 2571 ct
428 2518 773 2584 Anaxagora:
814 2517 906 2584 qui
946 2517 1238 2572 orbitatem
1276 2516 1491 2571 fortiter
1527 2516 1886 2586 pertulerunt.
1926 2518 2173 2572 Pulchra:
2218 2526 2347 2573 sunt
2394 2529 2504 2573 tres
2542 2516 2785 2585 epistolae
2816 2516 2883 2571 ad
2917 2516 3211 2586 Georgium
3239 2516 3417 2570 Abas-

179 2607 364 2675 giorum
395 2606 727 2674 principem,
772 2621 1006 2675 quarum
1039 2608 1089 2658 iu
1123 2608 1296 2675 prima
1322 2607 1575 2663 condolct
1614 2609 1660 2661 ei
1704 2609 1770 2662 de
1797 2606 2040 2676 parentis
2067 2606 2272 2676 egregii
2306 2606 2482 2660 obitu.
2522 2606 2575 2659 ln
2602 2605 2792 2660 eadem
2831 2605 2932 2659 hac
2969 2604 3201 2673 aliisque
3238 2604 3422 2657 laudat

179 2708 483 2765 magnopere
524 2693 745 2762 Georgii
785 2695 1035 2758 virtutes,
1073 2696 1386 2763 gratiasque
1449 2697 1562 2766 agit
1599 2695 1669 2750 ob
1706 2696 2007 2763 impensam
2042 2686 2341 2748 Alanorum
2383 2694 2740 2748 finitimorum
2781 2692 3127 2747 conversioni
3159 2702 3211 2746 et
3250 2693 3422 2762 lapti-

176 2782 312 2835 sutati
345 2795 561 2847 curam,
593 2782 755 2851 eique
786 2781 991 2836 Alani?
1022 2782 1500 2851 archiepiscOpum
1552 2786 1796 2851 impense
1821 2784 2188 2838 commendat.
2236 2781 2458 2848 Georgii
2506 2784 2670 2851 hujus
2707 2782 2959 2852 Abasgiae
2988 2782 3275 2851 principis,
3318 2797 3418 2836 nec

180 2889 268 2927 non
300 2872 416 2941 ejus
456 2873 551 2925 lilii
583 2871 882 2933 Pancratii.
922 2887 1008 2926 res
1039 2882 1220 2944 gestas
1262 2876 1478 2941 attingit
1521 2874 1801 2927 Cedrenus
1828 2874 1916 2928 ed.
1947 2873 2103 2927 Paris
2134 2883 2173 2925 t.
2205 2872 2268 2938 ll,
2313 2889 2365 2943 p.
2409 2871 2534 2935 718,
2581 2870 2704 2925 770.
2736 2872 3097 2941 Abasgiorum
3130 2872 3412 2924 historiam
3445 2879 3452 2888 '

176 2971 219 3011 et
254 2959 667 3015 conversionem
705 2959 770 3012 ad
801 2958 1084 3013 Christum
1135 2961 1339 3014 videsis
1385 2962 1526 3029 apud
1579 2960 1846 3014 Zonaram
1894 2962 1989 3014 lib.
2025 2976 2114 3027 xv,
2160 2963 2177 3015 1
2212 2977 2225 3013 :
2266 2961 2407 3031 apud
2449 2975 2611 3028 quem
2651 2958 2852 3013 deinde
2901 2959 2995 3012 lib.
3031 2974 3139 3018 xw.
3186 2960 3220 3012 9
3273 2973 3366 3027 seq
3401 2998 3412 3019 .

177 3047 369 3117 Georgii
400 3048 590 3101 clades
626 3048 731 3102 snh
776 3046 978 3101 Basilio
1030 3049 1294 3112 secundo,
1340 3059 1394 3101 ct
1454 3048 1724 3103 Puneratii
1779 3048 1873 3103 lilii
1945 3051 2090 3104 vices
2145 3050 2321 3104 variae.
2362 3059 2681 3103 narrantur.
2749 3048 2908 3103 Circa
2954 3049 3239 3118 epistolam
3302 3046 3415 3117 (82)

177 3135 229 3187 ad
277 3135 659 3205 Landulpltunt
717 3136 831 3190 haec
896 3137 1071 3190 habeo
1129 3152 1250 3205 quae
1312 3136 1513 3190 dicant.
1573 3134 1755 3190 Primo
1820 3138 2040 3206 quidem
2119 3137 2517 3193 Constantinus
2579 3138 2631 3189 in
2691 3135 3053 3205 Thematibus
3123 3138 3409 3206 perspicue

174 3225 333 3284 dueet.
379 3224 512 3292 quid
566 3234 683 3277 tum
738 3221 1132 3292 Longobardiae
1174 3224 1396 3277 nomine
1446 3225 1831 3291 designaretur
1872 3266 1886 3289 ,
1946 3239 2142 3295 nempe
2214 3225 2497 3294 provincia
2562 3224 2706 3279 circa
2774 3222 3054 3293 Neapolim
3126 3223 3414 3278 finitimas-

175 3328 266 3379 que
322 3315 528 3374 urbes,
602 3328 769 3380 quam
849 3312 1268 3379 appellationem
1318 3327 1348 3365 a
1407 3312 1779 3381 Loogobardis
1832 3313 2073 3381 dominis
2118 3313 2312 3367 sortita
2355 3321 2493 3367 erat.
2564 3312 2792 3366 Constat
2852 3322 3111 3381 praeterea
3178 3312 3414 3367 Leonem

176 3401 467 3467 Sapientem
502 3401 678 3454 misso
711 3401 957 3455 exercitu
995 3399 1364 3454 Beneventum
1401 3401 1775 3470 occupavisse.
1826 3372 2179 3470 Landulpltuu
2220 3410 2403 3456 autem
2443 3399 2977 3468 Constantinopolim
3022 3416 3049 3451 a
3093 3410 3245 3467 patre
3286 3388 3429 3452 Δια-ι’

177 3489 359 3559 nulpho
388 3490 600 3544 missus
629 3490 762 3542 olim
802 3488 992 3554 fuerat,
1032 3499 1086 3542 et
1118 3489 1313 3544 deinde
1352 3491 1527 3545 evasit
1555 3489 1846 3545 Beneventi
1879 3490 2160 3545 dominus.
2198 3488 2433 3560 Legatur
2480 3487 2765 3544 Viventius
2800 3487 2941 3542 Hist.
2987 3486 3157 3556 Neap.
3190 3487 3275 3541 ed.
3304 3504 3414 3542 sec.

176 3588 208 3629 t.
236 3576 272 3642 Ι,
300 3594 349 3646 p.
379 3577 474 3644 49,
511 3591 620 3631 nec
655 3591 766 3629 non
807 3576 1139 3633 Muratorins
1178 3579 1375 3632 Annal.
1416 3578 1548 3633 Ital.
1597 3580 1662 3633 ad
1708 3595 1800 3633 an.
1833 3578 1932 3632 891
1971 3586 2024 3631 et
2050 3576 2187 3643 909;
2231 3577 2465 3646 denique
2501 3579 2595 3631 Art
2620 3577 2692 3630 de
2722 3576 2877 3645 reri].
2909 3576 2981 3629 [es
3005 3577 3155 3630 dates
3182 3577 3233 3629 in
3265 3576 3414 3643 prin-

175 3665 363 3733 cipibus
394 3663 724 3719 Beneventi.
776 3666 940 3719 Docet
985 3677 1169 3720 autem
1214 3682 1313 3721 nos
1356 3667 1565 3722 Nicolai
1611 3668 1841 3737 epistola
1882 3665 2241 3721 Ursoleonem
2290 3666 2582 3735 patricium
2616 3668 2909 3735 quemdam
2947 3665 3000 3719 in
3038 3653 3475 3734 Longobardia‘.

176 3766 257 3819 pro
284 3753 621 3821 imperatore
662 3753 949 3820 praesidem
980 3770 1008 3806 a
1046 3753 1375 3825 Landulpho
1420 3757 1594 3810 fuisse
1642 3755 2016 3822 interfectum,
2069 3758 2269 3811 castris
2318 3757 2439 3826 ejus
2481 3756 2806 3824 occupatis;
2839 3771 2945 3825 qua
2977 3754 3045 3809 de
3082 3770 3139 3810 re
3181 3754 3420 3823 loquitur

174 3839 315 3892 etiam
363 3840 417 3894 in
451 3841 697 3908 epistola
743 3840 810 3893 ad
842 3843 1159 3910 episcopum
1204 3843 1607 3914 llydruntinum
1636 3862 1650 3908 ;
1692 3845 1804 3898 imo
1830 3846 1959 3900 illnc
1994 3846 2222 3914 re3picit
2254 3846 2418 3899 etiam
2449 3845 2682 3912 epistola
2713 3846 2781 3899 ad
2813 3844 3106 3901 Gaedonem
3139 3854 3420 3914 protospa-

175 3926 406 3982 tliarium.
436 3926 707 3982 Nieolaus
740 3945 887 3995 vero,
917 3932 1020 3985 etsi
1053 3946 1169 3989 rem
1192 3942 1398 4001 gestam
1430 3934 1582 3986 valde
1614 3934 1909 4003 improbat,
1943 3934 2113 3989 νειιὶίιι
2144 3944 2322 3989 tamen
2352 3934 2675 4004 Landulpho
2708 3950 2859 4005 spem
2895 3936 3092 4005 injicit,
3118 3936 3236 3989 timo
3259 3935 3420 3989 etiam

173 4024 426 4079 obtinendi
478 4024 881 4092 Langobardia!
924 4026 1329 4093 praefecturam,
1385 4030 1545 4082 modo
1592 4028 1768 4083 fidelis
1812 4027 2130 4096 imperatori
2173 4028 2264 4083 sit.
2306 4026 2550 4096 Epistula
2596 4044 2821 4098 quoque
2862 4029 2976 4099 (85)
3012 4031 3079 4084 ad
3118 4030 3323 4086 clerum
3370 4042 3427 4087 et
3489 4035 3497 4041 ’

170 4113 437 4178 optimates
466 4111 871 4181 Longobardia:
901 4113 954 4166 in
988 4112 1179 4168 eodem
1208 4114 1429 4183 negetio
1452 4120 1739 4169 versatur:
1784 4114 2009 4169 dederat
2047 4116 2194 4171 enim
2233 4131 2456 4186 operam
2507 4116 2864 4187 Landulphus
2894 4126 2955 4172 ut
2983 4133 3208 4175 causam
3252 4121 3425 4190 ipsius

177 4209 338 4265 ageret
371 4202 559 4256 clerus
597 4203 739 4266 apud
780 4203 959 4254 aulam
1005 4201 1383 4272 Byzantinam,
1421 4214 1474 4256 et
1520 4220 1579 4258 se
1624 4203 1912 4272 praesidem
1952 4205 2193 4275 regionis
2245 4204 2570 4274 postularet.
2628 4204 2873 4275 Denique
2904 4207 2972 4263 ad
3000 4209 3286 4277 epistolam
3324 4210 3427 4263 115

170 4289 291 4353 quod
321 4289 545 4350 attinet,
583 4290 795 4344 srimus
828 4290 1274 4366 Amalphitanam
1322 4294 1601 4347 civitatem
1636 4292 1969 4360 temporibus
2015 4293 2122 4349 illis
2165 4302 2351 4347 extera
2392 4292 2773 4349 dominatione
2826 4296 3079 4360 liberam,
3124 4304 3217 4365 p’er
3257 4298 3425 4352 duces

171 4390 278 4429 suos
304 4378 413 4446 regi
470 4378 725 4441 solitam,
750 4380 811 4430 'et
851 4377 1057 4433 Graecis
1088 4383 1311 4447 qucque
1352 4390 1545 4434 contra
1587 4380 1807 4433 Italicos
1846 4379 2155 4435 Saracenos
2181 4396 2338 4450 opem
2379 4380 2592 4436 tulisse.
2635 4382 2796 4437 Nunc
2825 4381 3084 4440 Nicolaus
3113 4401 3211 4453 pro
3249 4385 3423 4455 capti-
3496 4400 3500 4405 ·

171 4463 237 4515 r35
267 4464 602 4519 Christianis
648 4480 753 4533 ope
799 4466 957 4521 ducis
989 4468 1358 4536 Amalphitani
1403 4485 1463 4521 ex
1523 4467 1886 4521 Barbarorum
1933 4468 2196 4521 servitute
2244 4467 2588 4523 vindicandis
2634 4469 2868 4531 laborat,
2914 4473 2985 4525 ob
3028 4487 3260 4541 eamque
3314 4488 3423 4525 rem

171 4553 433 4616 pecuniam
472 4568 704 4621 quoque
741 4555 1037 4610 submittit.
1070 4557 1515 4626 Amalpltitannm
1551 4558 1745 4611 ducem
1773 4554 2032 4610 NiColaus
2061 4557 2363 4625 spiritalem
2400 4558 2573 4611 filium
2595 4560 2773 4613 'suum
2807 4559 2963 4613 dicit.

231 4638 351 4693 Vill.
384 4640 605 4697 Νἰιυιειὶ
630 4686 635 4689 .
656 4644 722 4697 ad
755 4660 1071 4713 supremum
1111 4647 1495 4699 Armeniorum
1534 4644 2261 4717 priueipern'epistolq(l59)
2299 4646 2559 4714 peculiari
2588 4647 2962 4719 declaratione
2992 4648 3063 4702 ob
3094 4648 3427 4703 ecclesiasti-

169 4743 267 4783 caui
290 4733 408 4799 ejus
438 4734 633 4803 gentis
675 4734 964 4789 historiam
1006 4735 1169 4804 digna
1222 4736 1461 4789 videtur.
1502 4734 1576 4788 Ea
1620 4734 1885 4788 scribitur
1918 4734 1983 4786 ad
2036 4731 2357 4787 Scntlzatum
2396 4726 2569 4787 Astitii
2609 4735 2778 4789 filium
2816 4734 3230 4807 Bagratunium,
3266 4753 3426 4806 quem

170 4832 272 4872 cum
303 4822 461 4875 titulo
504 4824 771 4891 principis
812 4826 1114 4892 principum
1168 4825 1519 4893 imperitasse
1569 4824 1845 4877 Armeniae
1892 4823 2035 4876 inter
2081 4823 2269 4875 saeculi
2319 4825 2447 4877 noni
2502 4824 2664 4877 finem
2702 4840 2765 4877 ac
2802 4824 3001 4879 decimi
3038 4824 3254 4879 initiutn
3301 4826 3430 4879 dicit

171 4906 365 4963 Samuel
408 4910 682 4964 Aniensis
732 4912 785 4964 in
830 4911 1109 4971 Chronico
1144 4930 1254 4966 non
1289 4913 1538 4981 ignobili,
1576 4912 1722 4979 quod
1756 4926 1853 4963 nos
1887 4910 2191 4978 interprete
2229 4925 2278 4973 ν,
2312 4911 2382 4965 cl.
2416 4909 2628 4966 Joanne
2674 4911 2931 4967 Zohrabo
2963 4912 3252 4967 Mediolani
3285 4930 3431 4968 anno

174 4994 289 5051 l8l8
319 5000 720 5054 subtexuimus
747 5002 1028 5055 famosiori
1060 5003 1135 5055 illi
1172 5001 1390 5056 Eusebii
1422 5000 1779 5057 C:esariensis
1822 4998 2118 5060 Chronico,
2162 5000 2306 5067 quod
2355 4999 2554 5054 ibidem
2589 5014 2744 5069 aeque
2778 5002 3048 5057 edidimus
3079 5018 3143 5057 ex
3187 5004 3429 5072 genuino

171 5093 215 5136 et
237 5092 553 5145 authentico
589 5090 848 5145 llaicana:
880 5092 1079 5160 linguae
1110 5092 1323 5156 codice,
1356 5107 1519 5158 quem
1560 5092 1675 5158 ipse
1702 5090 1957 5143 laudatus
1984 5087 2273 5140 Zohrabus
2310 5086 2786 5157 Constantinopoli
2826 5088 3079 5172 Venetias
3107 5090 3431 5159 deportave—

172 5182 256 5237 rat,
287 5179 530 5248 atquein
569 5194 736 5233 suum
769 5181 1054 5249 exemplar
1084 5179 1227 5235 fideli
1264 5195 1492 5252 prorsus
1521 5178 1819 5234 collatione
1853 5174 2250 5229 transfuderat.
2292 5175 2552 5244 Epistula:
2587 5175 2780 5245 triplex
2816 5177 2983 5231 veluti
3035 5177 3257 5245 partitio
3298 5186 3423 5234 est:

172 5266 347 5320 etenim
378 5268 433 5321 in
472 5267 659 5337 prima
692 5269 954 5337 praedicat
993 5267 1252 5325 Nicolaus
1301 5270 1433 5323 recti
1486 5268 1759 5337 dogmatis
1800 5254 2131 5335 (εὐσεϐείας)
2167 5262 2576 5340 necessitatem,
2615 5279 2645 5318 a
2677 5280 2788 5334 quo
2822 5264 3079 5319 nonnulli
3116 5266 3428 5335 (Armenios

175 5348 421 5425 intelligit)
452 5372 590 5412 cum
620 5359 887 5427 majorum
932 5374 1162 5414 suorum
1198 5360 1358 5430 culpa
1394 5358 1781 5418 descivissent,
1820 5353 2096 5408 mordicus
2128 5364 2312 5407 tamen
2350 5354 2510 5408 avitte
2540 5354 2822 5409 traditioni
2852 5355 3425 5426 adhaerebant:quam

176 5456 266 5491 tetu
289 5444 527 5499 alienant
554 5461 688 5501 esse
718 5448 866 5501 omni
895 5434 1075 5503 cilicio
1108 5456 1163 5502 et
1196 5449 1507 5518 prudentia,
1534 5446 1732 5501 merito
1772 5442 1925 5497 dicit.
1955 5441 2013 5496 In
2041 5443 2211 5496 altera
2240 5444 2483 5503 sectione
2514 5442 2760 5510 epistolae
2787 5453 2992 5508 narrat,
3012 5452 3231 5500 mortuo
3254 5460 3427 5515 nuper

176 5533 294 5594 apud
322 5534 630 5589 Armenios
673 5536 1002 5602 patriarcha,
1054 5539 1168 5591 sive
1202 5547 1261 5592 ut
1300 5537 1460 5607 vulgo
1490 5536 1647 5590 aiunt
1684 5520 1958 5588 catholico
2002 5532 2118 5601 (qui
2164 5531 2345 5586 fuerat
2380 5530 2700 5603 MastosiuS)
2751 5533 3051 5603 principem
3106 5533 3425 5588 Armenium

177 5632 253 5678 Per
286 5638 413 5677 suos
444 5623 825 5696 apocrisarios
850 5626 1197 5697 significasse
1233 5626 1436 5681 Caesari
1480 5624 1784 5697 Byzantino
1829 5623 1945 5692 (qui
1980 5631 2097 5676 erat
2138 5619 2247 5675 Leo
2278 5621 2672 5691 Philosophus)
2709 5638 2813 5677 nec
2852 5637 2957 5677 non
3001 5622 3207 5677 Graecae
3245 5624 3430 5678 Eccle-

174 5709 269 5771 siae,
297 5712 543 5782 rogitare
593 5727 656 5768 se
695 5712 764 5767 de
801 5714 1072 5769 mittendo
1123 5715 1686 5783 Constantinopolim
1723 5714 1818 5766 illo
1871 5712 2111 5775 homine,
2159 5726 2324 5779 queat
2375 5724 2573 5765 novum
2615 5712 2992 5780 patriarcham
3038 5712 3427 5781 designaturns

174 5807 287 5864 erat,
320 5809 376 5855 ut
414 5803 491 5857 ibi
520 5805 1007 5859 consecrationem
1054 5804 1349 5874 reciperet,
1393 5814 1449 5857 et
1497 5821 1621 5857 cum
1671 5786 1865 5858 Crch
1908 5802 2055 5857 clero
2097 5800 2346 5873 religiosa
2397 5802 2629 5856 consilia
2674 5802 2949 5857 misceret.
2981 5801 3133 5857 Hanc
3168 5802 3429 5871 principis

178 5888 483 5947 voluntatem
523 5906 865 5962 magnopere
889 5894 1101 5963 probat,
1137 5904 1301 5965 atquc
1351 5900 1405 5947 nt
1451 5894 1570 5948 sine
1616 5908 1765 5948 mora
1811 5893 1867 5948 in
1912 5908 2026 5947 rem
2061 5891 2401 5955 conferatur,
2437 5890 2697 5947 Nicolam
2738 5894 3031 5948 hortatur:
3067 5894 3230 5950 idque
3266 5891 3432 5947 saluti
