4158 6430
719 414 794 474 ‘23
2149 412 2361 473 PllrEF

2349 411 2462 471 "AT
2473 412 2487 470 Ι
2499 411 2567 473 Ο.
3919 418 3991 480 24

723 518 1100 574 necessarium
1129 518 1226 585 ait,
1278 527 1572 589 propterea
1611 522 1758 591 quod
1787 523 2030 580 Armenii
2057 532 2286 578 eatenus
2326 523 2395 577 ab
2428 522 2748 578 orthodoxae
2787 523 3052 578 doctrinae
3097 526 3316 579 tramite
3346 523 3755 580 aberraverant.
3786 527 3906 593 Quo
3939 531 3992 584 iu

716 608 838 661 loco
865 606 1043 662 Photii
1072 621 1294 678 quoque
1323 606 1639 664 decessoris
1667 611 1755 666 sui
1782 612 2109 681 legationem
2141 621 2308 680 atque
2338 613 2626 677 epistolam
2677 612 2744 666 ad
2797 610 3114 666 Zachariam
3187 613 3572 666 Armeniorum
3617 614 3986 684 patriarcham

718 705 988 750 memorat
1037 709 1135 764 pro
1174 694 1469 750 concordia
1514 705 1680 766 atque
1710 699 1776 753 ad
1813 701 2197 756 orthodoxiam
2227 700 2448 754 reditu:
2481 700 2582 754 etsi
2631 700 2682 753 id
2746 710 3024 754 tentamen
3084 700 3155 754 ob
3216 709 3525 770 temporum
3589 701 3993 759 vicissitudines

717 798 939 839 cassum
970 783 1212 838 evasisse
1235 784 1333 838 ait.
1381 782 1438 839 In
1475 795 1754 854 postrema
1783 789 2002 844 demum
2038 798 2193 860 parte
2225 803 2338 843 rem
2369 789 2682 858 praedictam
2711 799 2935 859 perorat
2959 790 3238 854 Nicolaus,
3271 791 3426 845 valde
3459 799 3658 860 optans
3696 801 3752 847 et
3787 807 3995 862 urgens

716 882 776 926 ut
809 872 1089 941 eligendus
1120 873 1320 943 praesul
1345 872 1558 928 sincera
1593 875 1850 932 Ecclesiae
1879 879 2131 933 doctrina
2163 877 2637 945 Constantinopoli
2665 880 2962 944 imbuatur,
3001 897 3110 950 quo
3141 883 3192 936 in
3221 881 3454 950 patriam
3488 897 3744 938 reversus
3795 886 3990 937 Arme-

719 962 937 1014 niacum
961 960 1227 1029 populum
1263 962 1402 1015 haud
1435 963 1701 1033 religione
1736 966 1916 1022 minus
1945 983 2110 1037 quam
2170 968 2315 1022 civili
2370 983 2501 1037 pace
2548 967 2751 1026 Graecis
2817 970 3098 1040 adjungat.
3153 969 3426 1025 Hactenus
3476 970 3682 1028 Nicolal
3735 975 3993 1042 epistola.

717 1047 1111 1104 Verumtamen
1140 1064 1229 1104 res
1255 1050 1428 1104 multo
1457 1052 1621 1108 aliter
1656 1054 1857 1109 accidit
1890 1072 1904 1108 :
1938 1056 2250 1124 patriarcha
2279 1055 2424 1108 enim
2459 1057 2563 1111 hoc
2595 1066 2834 1125 tempore
2896 1060 3125 1119 electus.
3157 1058 3397 1114 Joannes
3424 1069 3612 1114 sextus
3642 1059 3994 1131 fuit,cogno-

714 1147 902 1192 mento
946 1137 1275 1205 Historicus,
1320 1140 1415 1210 qui
1455 1142 1640 1197 sedem
1669 1142 1818 1197 illam
1849 1143 1985 1198 adiit
2014 1160 2160 1199 anno
2179 1143 2303 1198 897.
2333 1144 2381 1197 ls
2412 1153 2592 1199 autem
2624 1145 2759 1199 adeo
2782 1147 2849 1199 ad
2873 1146 3222 1202 concordiam
3256 1146 3572 1216 dogmatum
3599 1163 3707 1202 non
3735 1151 3992 1212 accessit,

713 1235 773 1280 nt
824 1241 883 1280 se
935 1228 1046 1281 imo
1095 1224 1565 1285 Chalcedonensis
1615 1231 1806 1302 synodi
1851 1232 2064 1286 hostem
2097 1233 2149 1286 in
2180 1231 2414 1287 Historia
2443 1248 2540 1287 sua
2574 1233 2749 1303 palam
2789 1234 3148 1303 proﬁteatur:
3199 1244 3253 1288 et
3294 1249 3439 1302 saepe
3485 1235 3706 1303 quidem
3762 1249 3792 1288 a
3845 1235 3994 1290 Con-

712 1314 956 1368 stantino
1004 1314 1164 1385 imp.,
1203 1330 1302 1385 per
1349 1316 1724 1374 Theodosium
1794 1320 2054 1390 legatum,
2103 1321 2638 1389 Constantinopolim
2713 1321 2880 1376 fuisse
2956 1322 3245 1377 invitatum
3309 1325 3426 1387 ait,
3460 1339 3740 1392 nunquam
3811 1335 3992 1378 tamen

713 1401 841 1457 illuc
874 1401 1204 1472 profectum.
1244 1420 1312 1458 ne
1339 1406 1491 1474 pacis
1524 1407 1672 1461 initae
1706 1408 1788 1462 vel
1842 1409 2092 1462 ineunda:
2131 1425 2256 1467 cum
2285 1408 2753 1468 Chalcedonensis
2786 1409 2976 1482 synodi
3027 1413 3254 1466 asseelis
3299 1411 3667 1467 schismaticte
3699 1415 3844 1482 genti
3876 1430 3993 1468 suae

714 1491 1085 1561 suSpicionem
1113 1493 1400 1562 praeberet.

2140 1614 2341 1669 Classis
2376 1615 2582 1684 quinta.

791 1719 879 1776 IX.
925 1721 1319 1794 Episcoporum
1389 1727 1556 1780 totius
1611 1727 1762 1782 orbis
1798 1726 2094 1781 Christiani
2139 1729 2358 1796 plenam
2404 1731 2653 1784 notitiam
2687 1729 3035 1801 quandonam
3067 1731 3351 1786 collectam
3388 1732 3752 1788 habebimus?
3790 1732 3988 1788 Orien-

722 1812 912 1865 talium
958 1814 1176 1880 quidem
1227 1815 1449 1869 nomina
1482 1831 1775 1885 aggressus
1809 1823 1893 1869 est
1925 1830 2250 1870 enumerare
2280 1815 2582 1888 Lequinius
2629 1821 2680 1872 in
2738 1819 2954 1874 Oriente
2996 1817 3339 1884 Christiano;
3383 1829 3777 1884 verumtamen,
3823 1822 3992 1874 unius

723 1899 962 1954 hominis
992 1901 1138 1956 vires
1177 1901 1224 1956 is
1258 1902 1411 1957 labor
1439 1903 1759 1959 excedebat.
1800 1901 2172 1958 Nihilominus
2205 1907 2417 1975 majore
2455 1907 2634 1962 adhuc
2674 1922 2813 1961 ausu
2847 1907 3142 1961 cardinalis
3181 1907 3527 1976 Garampius,
3557 1910 3684 1963 dum
3724 1907 3994 1962 Vaticano

721 1987 996 2048 tabulario
1026 2001 1282 2061 praeerat,
1314 2007 1452 2062 opus
1487 1993 1818 2047 moliebatur
1852 1994 2176 2064 inscriptum
2217 1995 2374 2049 Orbis
2410 1995 2772 2057 Christianus,
2823 2012 2948 2051 cum
3000 1997 3210 2050 inﬁnita
3262 1998 3649 2066 episcoriorum
3688 1999 3944 2067 congerie
3977 2015 3990 2051 :

717 2086 1097 2133 verumtamen
1135 2080 1251 2135 haec
1281 2097 1500 2150 quoque
1536 2081 1842 2135 lucubratio
1875 2083 1928 2134 in
1967 2082 2296 2136 schedarum
2345 2083 2757 2136 innumerarum
2809 2099 3004 2136 acervo
3049 2099 3154 2136 ms.
3200 2084 3364 2152 jacet.
3421 2083 3528 2138 Sed
3591 2084 3736 2136 enim
3771 2085 3990 2138 illarum

721 2167 942 2236 quidem
975 2170 1283 2237 regionum,
1327 2186 1446 2238 quae
1497 2170 1805 2239 peculiares
1851 2170 2266 2240 episcopatuum
2317 2186 2543 2225 suorum
2575 2171 2875 2241 scriptores
2923 2180 3095 2224 nactae
3136 2183 3286 2237 sunt,
3328 2173 3487 2227 facile
3534 2173 3843 2242 episcopos.
3885 2173 3992 2227 etsi

725 2257 967 2310 nondum
1004 2273 1217 2321 omnes,
1254 2258 1651 2312 nanciscimur.
1687 2257 1933 2312 Aliarum
1958 2273 2118 2322 .vero,
2159 2275 2280 2328 quae
2319 2261 2570 2328 plurimas
2617 2271 2768 2320 sunt.
2819 2260 3103 2329 regionqu
3138 2262 3426 2330 episcopos
3465 2277 3734 2331 nusquam
3789 2263 3994 2315 melius

720 2361 881 2414 quam
914 2347 966 2400 in
1001 2345 1199 2401 Labbei
1243 2347 1308 2401 ad
1341 2347 1573 2402 concilia
1607 2357 1866 2416 apparatu
1903 2347 2309 2416 cognosc-imus,
2349 2348 2489 2417 apud
2563 2363 2726 2416 quem
2773 2355 2881 2401 tam
2916 2347 3185 2417 generalis
3223 2363 3387 2417 quam
3435 2351 3830 2418 geographicus
3872 2349 3996 2417 epi-

721 2449 1040 2502 sc0porutn,
1070 2434 1162 2503 qui
1201 2434 1256 2489 in
1304 2435 1550 2490 collectis
1577 2435 1647 2489 ab
1674 2450 1740 2488 eo
1781 2435 2035 2490 conciliis
2065 2439 2437 2499 nominantur,
2471 2435 2755 2505 catalogus
2805 2437 3029 2506 legitur.
3068 2439 3323 2491 Attamen
3354 2437 3442 2491 hic
3475 2453 3693 2506 quoque
3724 2452 3992 2492 numerus

718 2534 1062 2594 quantOpere
1092 2527 1164 2579 sit
1189 2524 1566 2594 imperfectus,
1597 2524 1845 2594 quotidie
1876 2525 2238 2594 dignoscitur,
2272 2526 2446 2595 primo
2476 2527 2603 2595 quia
2635 2525 2849 2580 nonnisi
2876 2525 3124 2580 conciliis
3148 2527 3358 2591 nititur,
3388 2527 3583 2579 iterum
3613 2526 3737 2593 quia
3763 2526 3996 2580 concilia

721 2610 834 2679 ipsa
865 2611 1012 2665 haud
1047 2611 1233 2666 omnia
1269 2627 1447 2682 neque
1476 2621 1606 2666 tunc
1638 2628 1814 2681 neque
1839 2613 2003 2667 modo
2029 2623 2157 2668 sunt
2186 2616 2402 2684 cognita
2435 2632 2447 2667 :
2475 2631 2603 2669 ecce
2635 2617 2780 2668 enim
2811 2631 2911 2670 nos
2940 2615 3040 2684 ipsi
3073 2617 3411 2684 incomperta
3445 2615 3660 2670 Lahbeo
3685 2617 3791 2669 duo
3815 2631 3992 2680 nuper

721 2699 1088 2768 vnlgavimus,
1112 2715 1239 2754 cum
1273 2701 1662 2771 episcoporum
1697 2702 1993 2755 multorum
2027 2703 2552 2771 subscriptionibus.
2589 2703 2865 2769 Quorsum
2923 2704 3036 2757 haec
3081 2703 3361 2757 dicimus?
3411 2703 3615 2772 Nempe
3648 2712 3703 2757 nt
3737 2704 3989 2772 quintam

719 2787 1079 2856 epistolarum
1113 2787 1318 2845 Nicolai
1351 2789 1582 2842 classem
1619 2790 1722 2844 hoc
1755 2790 1946 2844 saltem
1977 2791 2136 2844 titulo
2161 2792 2633 2855 commendemus,
2677 2793 2822 2860 quod
2853 2793 3140 2862 Byzantini
3173 2794 3578 2860 patriarchatns
3609 2793 3993 2861 episcoporum

721 2879 943 2932 nomina
976 2878 1175 2948 partim
1205 2879 1456 2934 inaudita
1489 2878 1729 2934 fortasse
1759 2880 1978 2940 recitat.
2011 2880 2208 2948 partim
2239 2877 2382 2935 novo
2414 2884 2745 2935 documento
2774 2880 3118 2933 conﬁrmata.
3154 2878 3288 2932 Nam
3321 2883 3386 2934 de
3415 2882 3759 2951 singularum
3789 2885 3998 2950 episto-

721 2967 896 3020 larum
941 2967 1277 3038 argumentis
1327 2967 1611 3022 brevitatis
1649 2969 1820 3035 gratia
1877 2968 1960 3022 vix
2011 2968 2158 3037 loqui
2213 2983 2536 3037 possumus.
2594 2967 2730 3021 Cum
2778 2968 2846 3023 de
2900 2968 3164 3034 Bulgaria
3201 2970 3620 3037 archiepiscopo
3668 2971 3780 3040 jam
3828 2980 3982 3023 retro

723 3056 1050 3120 dixerimus,
1097 3055 1339 3126 reliquos
1381 3056 1728 3124 alphabetico
1770 3057 1964 3109 ordine
2013 3071 2431 3124 prosequemur,
2475 3070 2708 3122 quorum
2739 3056 2784 3108 si
2815 3071 2974 3124 quam
3013 3055 3260 3109 notitiam
3299 3071 3363 3109 ex
3398 3055 3616 3110 Labbeo
3649 3058 3730 3112 vel
3772 3058 3999 3111 aliunde

727 3145 1039 3208 hausimus,
1073 3159 1180 3198 non
1216 3144 1589 3198 reticebimus.
1651 3142 1748 3212 Ep.
1787 3144 1875 3203 52.
1911 3143 2032 3207 118,
2084 3143 2200 3203 155,
2242 3143 2365 3202 154,
2395 3143 2498 3196 155
2532 3144 2738 3197 Alanite
2794 3142 3299 3212 archiepiscopatus
3328 3153 3411 3199 est
3443 3145 3495 3196 in
3539 3143 3738 3198 Leonis
3765 3147 4000 3214 Sapien-

727 3239 796 3289 tis
827 3235 1217 3289 schematismo
1248 3234 1391 3302 apud
1427 3232 1820 3286 Leunclavium
1856 3241 1892 3284 t.
1925 3231 1965 3296 l,
2003 3248 2054 3300 p.
2091 3231 2180 3284 88.
2234 3232 2474 3284 Alterius
2528 3231 2853 3284 recentioris
2892 3231 3100 3306 Alanis:
3138 3232 3535 3301 archiepiscopi
3569 3235 3770 3302 scripta
3801 3233 3994 3289 Graeca

727 3324 873 3377 haud
912 3321 1226 3392 pcenitenda
1262 3321 1396 3374 mihi
1442 3320 1661 3392 cognita
1713 3330 1866 3385 sunt,
1905 3335 2026 3387 qua:
2069 3330 2256 3389 postea
2289 3319 2553 3373 litterario
2589 3319 2707 3372 orbi
2756 3319 3101 3386 paterae-iam.
3139 3319 3237 3387 Ep.
3269 3320 3356 3383 65,
3387 3320 3557 3374 Amisi
3593 3319 3853 3376 Joannes.
3892 3323 3994 3391 Ep.

727 3412 855 3476 115,
899 3411 1242 3466 Athenarum
1288 3408 1506 3464 Nicetas
1560 3407 1813 3463 interluit
1859 3408 2095 3461 concilio
2149 3407 2566 3476 Constantinop.
2624 3423 2714 3460 an.
2760 3407 2886 3460 870.
2943 3407 3275 3461 Memoratur
3319 3408 3484 3460 etiam
3535 3409 3656 3476 ejus
3703 3425 4000 3464 successor

725 3500 902 3554 Sabas
936 3499 1028 3568 qui
1067 3497 1318 3553 interluit
1363 3499 1574 3567 pseudo
1609 3497 1820 3568 synodo
1854 3495 2134 3552 Photiana:
2181 3513 2272 3550 an.
2310 3495 2435 3550 879.
2477 3495 2573 3564 Ερ.
2611 3495 2732 3559 115,
2780 3495 3087 3549 Antiochiae
3131 3497 3474 3564 metropolita
3516 3495 3870 3566 Euthymius;
3908 3499 4001 3552 in-

729 3589 910 3658 tellige
945 3588 1158 3642 Pisidiae
1181 3588 1555 3652 Antiochiam,
1589 3601 1710 3656 quae
1746 3601 1937 3640 revera
1973 3594 2091 3640 erat
2141 3586 2479 3653 metropolis,
2519 3584 2691 3638 Labb.
2730 3585 2842 3640 iud.
2871 3600 3059 3653 geogr.
3097 3583 3198 3652 Ep.
3234 3585 3356 3646 111,
3401 3585 3524 3648 128,
3561 3584 3800 3640 Chaldiae
3834 3585 3998 3642 Basi-

726 3676 866 3741 lius;
907 3675 1167 3729 mendum
1208 3676 1427 3729 videtur
1471 3675 1524 3728 in
1573 3673 1809 3728 concilio
1852 3672 2272 3741 Constantinop.
2317 3677 2443 3727 anni
2477 3673 2604 3735 870,
2655 3673 2746 3726 ubi
2797 3674 3029 3728 Basilius
3073 3671 3566 3738 Chalcedonensis,
3615 3673 3847 3730 fortasse
3895 3691 3998 3745 pro

728 3764 1099 3820 Chaldiensis.
1143 3764 1317 3821 P-orro
1366 3763 1595 3817 Chaldia
1640 3762 1744 3816 luit
1786 3777 1954 3816 unum
2007 3776 2072 3815 ex
2122 3761 2340 3830 imperii
2388 3762 2720 3816 thematibus
2763 3762 2815 3816 in
2871 3761 3093 3816 Pontica
3130 3763 3371 3830 regione.
3408 3761 3505 3828 Ep.
3537 3762 3661 3827 106,
3693 3761 3999 3819 Chersonis

730 3853 1188 3922 archiepiscopus
1219 3852 1434 3906 videtur
1463 3851 1554 3905 ille
1589 3851 1790 3905 Paulus
1821 3850 1913 3920 qui
1950 3851 2054 3903 hoc
2087 3849 2245 3902 titulo
2277 3849 2605 3917 subscripsit
2651 3850 3103 3919 pseudo-synodo
3132 3848 3414 3904 Photianze
3451 3867 3542 3904 an.
3571 3851 3695 3906 879.
3728 3851 3826 3920 Ep.
3867 3853 3997 3918 15⁸7,

723 3942 904 4012 Cyzici
943 3941 1268 3996 Demetrius.
1307 3941 1401 4010 Ep.
1440 3940 1530 4004 50,
1563 3939 1688 4002 107,
1722 3939 1844 4002 150,
1875 3938 1995 4004 157,
2030 3938 2154 4000 158,
2202 3938 2364 4008 Cyzic

2355 3939 2384 3992 :i
2435 3938 2780 4007 metropolita
2830 3937 3096 4007 lguatius.
3153 3937 3252 4006 Ep.
3309 3938 3401 4001 93,
3443 3940 3566 4002 115,
3608 3941 3997 4010 Claudi0p0los

730 4034 1102 4088 Theoetistus.
1133 4034 1232 4102 Ep.
1267 4033 1359 4095 59,
1391 4033 1483 4096 ll,
1516 4032 1608 4096 42,
1643 4032 1734 4094 48,
1765 4030 1854 4090 89,
1888 4031 1980 4095 94,
2015 4030 2140 4091 lii,
2180 4030 2304 4092 152,
2334 4029 2372 4082 1.

2356 4029 2458 4092 51,
2497 4031 2619 4093 151,
2655 4031 2782 4092 160,
2823 4031 3020 4099 Ephesi
3061 4030 3409 4099 metropolita
3456 4032 3755 4101 Gregorius
3792 4036 3998 4091 scribi-

730 4135 818 4177 tur
851 4123 901 4176 in
937 4121 1151 4177 Oriente
1183 4121 1518 4185 Christiano,
1549 4131 1588 4175 t.
1625 4121 1664 4184 1,
1697 4137 1750 4190 p.
1785 4119 1909 4184 685,
1943 4129 1996 4173 et
2027 4121 2168 4188 apud
2209 4118 2378 4172 Labb.
2426 4115 2679 4170 Interfuit
2713 4115 3165 4190 pseudo-synodo
3195 4116 3495 4172 Photianae.
3530 4121 3626 4190 Ep.
3662 4123 3786 4186 152,
3822 4123 4000 4178 llera-

728 4213 860 4265 clem
892 4210 1141 4266 Photius.
1173 4209 1270 4278 Ep.
1305 4193 1398 4270 58,
1431 4210 1598 4264 leonii
1633 4223 1962 4279 anonymns.
1999 4206 2280 4261 Palladius
2303 4205 2521 4275 quidem
2564 4205 2735 4259 leonii
2773 4205 3089 4258 nominatur
3117 4207 3169 4259 in
3199 4207 3428 4274 epistola
3456 4207 3660 4265 Leonis
3690 4212 3820 4282 imp.
3849 4215 3997 4282 apud

733 4300 902 4354 Labb.
938 4310 978 4354 t.
1011 4300 1098 4360 ιν.
1136 4315 1187 4368 p.
1233 4299 1392 4354 1856.
1429 4299 1710 4369 Stylianus
1751 4305 1806 4353 et
1854 4296 2300 4368 Theophylactus
2349 4295 2516 4348 lconii
2560 4295 2612 4347 in
2653 4295 2864 4365 synodo
2904 4294 3328 4364 Constantinop.
3363 4313 3454 4350 an.
3491 4297 3614 4351 870.
3655 4298 3999 4368 TheOphilus

731 4388 900 4442 leonii
937 4392 992 4442 in
1029 4389 1477 4458 pseudo-synodo
1511 4387 1798 4440 Photiana.
1838 4385 1934 4452 Ep.
1967 4385 2055 4446 85,
2086 4384 2355 4455 llydrunti
2399 4397 2728 4451 anonymus,
2763 4381 2981 4436 videtur
3015 4381 3232 4437 Marcus
3273 4382 3652 4454 Hydruntinus
3683 4388 3773 4454 qni
3809 4391 3910 4440 fuit
3944 4390 3998 4443 in

732 4477 1186 4546 pseudo-synodo
1220 4474 1508 4529 Photiana.
1543 4474 1641 4545 Ep.
1684 4475 1803 4537 104,
1841 4473 1964 4536 158,
1997 4473 2281 4526 Laodicete
2315 4473 2654 4538 metropolita
2689 4471 3107 4527 Constantinus.
3141 4471 3240 4540 Ep.
3273 4474 3396 4536 116,
3426 4472 3662 4530 Larissae
3689 4475 3995 4544 Philippus.

735 4568 832 4634 Ep.
865 4566 955 4631 49,
987 4566 1344 4633 metropolitis
1375 4577 1528 4619 extra
1566 4565 2014 4618 communionem
2045 4562 2264 4632 positis,
2292 4560 2361 4613 ob
2394 4559 2633 4613 schisma
2676 4558 2926 4613 videlicet
2975 4561 3026 4612 in
3083 4573 3249 4614 causa
3299 4562 3672 4630 tetragamiae;
3715 4578 3744 4616 a
3795 4566 3998 4632 quibus

730 4655 980 4714 queritur
1014 4668 1072 4708 se.
1103 4653 1449 4718 derelictum,
1487 4670 1516 4707 a
1558 4653 1685 4708 ﬁliis
1717 4663 1950 4721 patrem.
1990 4651 2089 4718 Ep.
2137 4651 2226 4713 71,
2266 4651 2369 4703 100

2353 4651 2392 4714 1,
2443 4649 2634 4703 Νίςὶῐέαέ
2669 4647 2977 4702 Alexander
3024 4650 3076 4702 in
3131 4648 3347 4703 Oriente
3392 4649 3593 4704 Christ.
3629 4660 3668 4706 t.
3701 4651 3741 4716 Ι,
3775 4668 3826 4720 p.
3867 4653 3995 4708 648.

736 4742 832 4811 Ep.
859 4744 949 4804 96,
979 4743 1070 4808 97,
1105 4741 1434 4797 Nicomediae
1471 4742 1732 4811 lgnatins.
1773 4741 1872 4810 Ep.
1897 4741 1988 4799 45.
2025 4740 2145 4802 119,
2180 4741 2306 4803 1Ξ5,
2356 4740 2378 4794 Ι

2356 4740 2641 4794 Patrarum
2677 4740 3022 4806 metropolita
3056 4739 3322 4793 Andreas.
3358 4740 3454 4806 Ep.
3498 4741 3622 4804 108,
3668 4740 3791 4802 110,
3822 4741 3998 4795 Pissi-

735 4833 922 4886 nuntis
958 4831 1269 4885 Eustratius
1299 4833 1352 4884 in
1393 4831 1840 4900 pseudo-synodo
1874 4829 2162 4882 Photiana.
2204 4828 2301 4896 Ep.
2339 4829 2461 4890 149..
2495 4827 2750 4882 Sardium
2789 4829 3134 4897 metrppolita
3164 4828 3458 4883 Antonius.
3505 4827 3602 4896 Ep.
3643 4829 3730 4891 57,
3766 4829 4000 4899 Synadis

733 4936 1060 4991 anonymus.
1102 4920 1295 4974 Petrus
1333 4919 1709 4989 Synnadensis
1763 4919 1813 4970 in
1865 4918 2102 4970 concilio
2137 4917 2556 4985 Constantinop.
2595 4917 2721 4969 anni
2770 4916 2896 4970 870.
2946 4916 3204 4970 Nicolaus
3255 4915 3632 4986 Synnadensis
3672 4918 3722 4970 in
3765 4920 4002 4985 pseudo-

734 5008 947 5078 synodo
980 5008 1246 5062 Photiana
1289 5010 1415 5062 anni
1465 5009 1591 5062 870.
1637 5005 1715 5059 Ad
1771 5007 1938 5060 hnnc'
1969 5005 2210 5059 scribere
2253 5004 2544 5060 Nicolaum
2605 5007 2973 5074 patriareham
3020 5004 3353 5060 credendum
3393 5015 3497 5059 est.
3557 5005 3655 5074 Ep.
3703 5007 3825 5070 -117,
3872 5007 4001 5075 129,

736 5097 897 5165 Sylrci
932 5096 1060 5151 Leo.
1103 5097 1202 5164 Ep.
1243 5097 1365 5155 1'22.
1401 5095 1728 5148 Ambrosius
1757 5095 2071 5162 episcopus.
2111 5095 2208 5162 Ep.
2238 5093 2327 5156 98,
2358 5108 2667 5163 anonymus
2692 5093 3009 5161 cpiscopus.

804 5184 861 5237 in
893 5186 1057 5254 hujus
1086 5187 1292 5255 quintae
1330 5185 1522 5240 classis
1551 5183 1799 5253 epistolis
1844 5183 2028 5252 agitur
2075 5184 2144 5236 de
2194 5183 2550 5236 ecclesiarum
2584 5184 2868 5252 regimine.
2908 5183 2974 5235 de
3005 5181 3305 5236 schismate
3328 5182 3665 5252 tetragamia
3695 5197 3880 5244 causa.
3936 5182 4006 5236 de

736 5273 906 5327 variis
937 5272 1083 5326 circa
1115 5289 1233 5326 eam
1263 5283 1478 5327 aetatem
1513 5273 1764 5341 personis
1794 5272 1879 5326 vel
1918 5272 2177 5340 negotiis.
2225 5272 2290 5325 de
2335 5271 2580 5339 ejusdem
2617 5273 2882 5338 temporis
2919 5270 3350 5325 calamitatibus.
3401 5271 3457 5325 In
3500 5287 3586 5340 ep.
3617 5270 3687 5324 94
3713 5271 4007 5334 attingitur

737 5361 1104 5416 inununitatis
1141 5362 1526 5415 ecclesiasticre
1569 5361 1683 5429 jus.
1742 5361 1966 5428 Aliquot
2014 5360 2251 5427 denique
2281 5361 2529 5428 epistola:
2557 5359 2854 5412 familiares
2884 5368 3013 5414 sunt
3039 5370 3093 5414 et
3119 5359 3397 5415 olliciosae.
3431 5360 3842 5430 Anonymarum
3876 5357 4010 5427 qui-

737 5450 857 5503 dem
889 5449 1246 5518 epistularum
1281 5449 1557 5503 “Ollltulliﬂ
1589 5448 1796 5518 absque
1827 5448 1996 5502 dubio
2030 5449 2348 5502 scribuntur
2380 5449 2446 5501 ad
2481 5450 2789 5516 episcopos.

2159 5557 2359 5614 Classis
2396 5570 2564 5613 sexta.

808 5697 878 5751 Χ.
933 5695 1258 5752 Scribuntur
1282 5697 1449 5767 hujus
1482 5697 1676 5754 classis
1711 5698 1964 5768 epistolae
1998 5699 2064 5753 ad
2111 5698 2302 5754 civiles
2353 5696 2729 5766 magistratus.
2782 5696 2989 5750 Horum
3035 5696 3281 5749 notitiam
3333 5697 3420 5750 vix
3470 5697 3634 5750 ullam
3671 5706 3865 5751 autne
3915 5697 4010 5752 vix

735 5787 955 5855 quidem
980 5787 1236 5852 scribam,
1264 5789 1390 5857 quia
1423 5789 1490 5844 de
1523 5789 1777 5859 personis
1824 5789 2024 5860 longus
2068 5803 2249 5844 sermo
2285 5785 2447 5852 foret,
2477 5785 2778 5840 oﬁiciorum
2823 5795 3003 5840 autem
3035 5787 3176 5839 tituli
3213 5786 3324 5839 noti
3363 5796 3491 5840 sunt
3535 5803 3598 5841 ex
3633 5787 3789 5841 libris
3825 5785 3891 5839 de
3917 5787 4006 5840 di-

740 5876 1038 5950 gnitatibus
1068 5875 1203 5932 aula:
1244 5876 1576 5945 Byzantina,
1623 5877 1959 5948 praelecto-ra:
2009 5878 2243 5949 denique
2285 5876 2554 5947 pleraeque
2601 5877 2992 5933 describuntur
3044 5876 3096 5930 in
3149 5876 3496 5932 Constantini
3549 5877 3678 5948 imp.
3733 5877 3871 5930 libro
3931 5874 4011 5930 D-J
