4158 6430
187 391 246 457 25
1609 389 2025 452 ramum.
3365 371 3437 433 26

187 510 492 562 hctnatibns.
531 507 675 577 Ergo
719 509 947 575 Ppislttla
1003 506 1104 561 146
1156 505 1420 561 scribitur
1449 502 1813 556 Constantino
1862 500 2275 566 protasecretis.
2325 497 2423 566 Ep.
2463 498 2553 556 9|,
2604 494 2821 563 Coropo
2871 491 2991 546 viro
3036 487 3436 577 illustrissimo.

188 595 272 664 Ep.
302 597 392 658 69,
428 595 516 659 70,
569 573 763 648 Davidi
796 595 1122 650 Catnnliano
1176 591 1640 664 protospathario.
1694 590 1789 658 Ep.

1841 589 1930 652 84,
1982 587 2205 642 Gaetlotti
2255 584 2694 654 protospatltario
2750 579 3119 650 imperatoris.
3171 576 3268 644 Ep.
3313 573 3437 664 105,

187 683 388 736 Godino
422 685 776 751 imperatoris
812 683 1256 753 protospathario
1285 693 1338 735 et
1369 679 1608 749 prasidi.
1639 677 1736 746 Ep.
1773 677 1897 738 ﬁl,
1939 675 2108 728 Leoni
2141 674 2370 743 patricio
2401 685 2456 728 et
2492 671 2708 739 praetori
2738 669 3174 723 Anatolicorum.
3197 665 3294 732 Ep.
3316 663 3440 753 127,

187 770 343 824 Leoni
379 750 662 839 spathario
700 781 754 824 et
777 750 948 839 judici
981 769 1391 840 Paphlagonire.
1446 767 1545 834 Ep.
1583 765 1674 826 40.
1709 763 1980 820 Malacino
2017 761 2270 832 patricio.
2319 761 2414 830 Ep.
2446 761 2571 825 140,
2603 758 2850 813 Michaeli
2882 754 3116 827 patricio
3143 750 3440 840 etprtetori

189 835 605 916 Thessalonica.
657 835 935 926 Epfttt,
984 835 1218 912 Nicolao
1241 857 1458 927 praetori
1505 854 1830 921 Longobard

1799 854 1923 907 dite.
1975 850 2075 920 Ep.
2126 850 2252 913 150,
2309 847 2595 901 Pliilotheo
2642 845 2908 915 patricio._
2941 843 3042 911 Ep.
3074 841 3166 904 ⁸54,
3202 835 3441 932 llelladis

186 947 420 1015 pnetori.
473 946 567 1015 Ep.
620 924 743 1007 161,
793 945 1155 1015 Peluponnesi
1197 924 1439 1014 prictori.
1473 942 1572 1012 Ep.
1608 941 1697 1006 55,
1747 941 2059 1010 Strymonis
2113 937 2356 1008 praetori.
2417 937 2513 1000 Ep.
2559 935 2680 994 149,
2715 932 3139 986 Thracesiorum
3195 924 3440 1015 p'rzctori.

189 1012 280 1098 Ep.
315 1033 407 1089 44.
461 1012 682 1103 prtetori
740 1012 981 1088 cuidam.
1031 1012 1369 1088 Notahiliora
1422 1032 1476 1085 in
1524 1030 1800 1098 prtedictis
1832 1027 2077 1094 epistolis
2127 1026 2240 1079 Ita-c
2286 1025 2399 1079 fere
2451 1028 2601 1076 sunt.
2657 1020 2712 1074 ltt
2747 1023 2814 1075 54
2843 1035 3021 1074 sermo
3059 1025 3143 1072 est
3186 1015 3253 1067 de
3292 1012 3444 1083 gravi

185 1124 450 1177 discordia
482 1132 538 1176 et
577 1124 872 1177 schismate
919 1121 1164 1176 Thebani
1202 1122 1355 1177 cleri.
1387 1119 1444 1173 ln
1477 1119 1544 1173 84
1580 1123 1918 1174 memoratur
1950 1114 2343 1185 Longobardite
2380 1113 2671 1166 tumultus.
2709 1109 2763 1163 lu
2797 1109 2898 1162 144
2931 1107 3134 1161 dicitur
3165 1105 3323 1174 quies
3358 1115 3444 1155 re-

185 1214 368 1282 stituta
405 1213 803 1282 Longobardiae
852 1228 947 1280 per
987 1212 1268 1266 Nicolaum
1322 1219 1636 1278 praetorem.
1679 1206 1738 1259 ln
1772 1203 1872 1258 140
1902 1206 2183 1258 veritatem
2218 1201 2528 1270 patriarcha
2569 1215 2596 1252 a
2634 1205 2864 1263 plauore
2906 1195 3144 1263 exquirit
3175 1192 3276 1282 sub
3313 1205 3449 1282 aua-

186 1279 440 1354 thematis
476 1279 658 1371 pcenzt.
703 1303 757 1354 In
799 1279 900 1354 146
933 1302 1168 1354 intentat
1202 1299 1418 1367 pratori
1458 1295 1747 1351 anathema
1785 1293 1856 1346 ob
1888 1293 2151 1360 rejectnm
2181 1288 2660 1355 archiepiscopum
2703 1284 3004 1356 Neapoleos
3043 1298 3072 1335 a
3115 1297 3172 1335 se
3201 1280 3444 1333 destina-

187 1400 312 1451 tum,
343 1399 399 1440 et
427 1391 718 1442 obtrusutn
762 1390 950 1442 alium.
981 1388 1035 1440 ln
1069 1385 1174 1440 150
1199 1386 1436 1439 admittit
1477 1381 1791 1453 patriarcha
1842 1381 2118 1450 queri-lam
2163 1379 2294 1431 cleri
2331 1375 2532 1430 Nic-teni
2568 1377 2830 1428 adversus
2864 1375 3148 1442 praetorem
3181 1382 3366 1429 suum,
3417 1382 3444 1416 τι

183 1492 283 1544 quo
317 1477 384 1529 ad
423 1479 676 1530 militiam
708 1477 1049 1546 adigebatur.
1091 1473 1229 1527 Dicit
1271 1474 1494 1541 insuper
1533 1471 1770 1526 Nicmam
1803 1469 2060 1523 donatam
2094 1467 2266 1520 fuisse
2304 1466 2513 1517 honore
2557 1460 2961 1528 tnctrottolitico
3006 1459 3076 1512 ob
3120 1456 3359 1527 synodos
3393 1453 3446 1505 itt

183 1542 236 1616 ea
265 1566 595 1619 celebratas.
644 1566 699 1619 In
747 1542 974 1634 reliquis
1013 1562 1263 1632 epistolis
1299 1561 1623 1618 scribuntur
1672 1558 1938 1627 sapientia
1974 1555 2201 1618 monita,
2247 1549 2775 1611 commendationes,
2808 1556 2861 1601 et
2894 1547 3002 1600 alia
3037 1546 3200 1598 modo
3230 1542 3447 1632 puhlica

184 1656 338 1705 modo
377 1657 612 1722 privata.

1589 1760 1789 1816 Classis
1820 1757 2062 1824 septima.

253 1874 342 1929 ΧΙ.
386 1877 650 1932 Omnium
681 1879 957 1948 copiosior
984 1878 1177 1933 classis
1213 1878 1442 1947 septima
1479 1885 1582 1931 est.
1619 1875 1718 1945 Ep.
1757 1873 1848 1931 47,
1879 1869 2264 1925 Constantino.
2297 1867 2394 1938 Ep.
2439 1866 2562 1931 156,
2587 1864 2898 1948 Stephano,
2936 1855 3188 1948 Micita‘eli
3219 1862 3274 1948 et
3305 1851 3454 1907 Con-

181 1967 430 2018 stantino
485 1943 772 2021 fratribus.
829 1967 924 2034 Ep.
987 1967 1076 2030 56,
1127 1943 1382 2020 CttratOt'i
1438 1943 1919 2033 Strongylizontis.
1975 1957 2129 2011 llunc
2179 1943 2620 2010 ecclesiasticum
2664 1952 2845 2006 locum
2891 1948 3060 2002 fuisse
3111 1946 3163 1998 in
3202 1945 3452 2034 themate

182 2053 518 2122 Strymonis,
549 2033 1070 2122 apparctexiprtec.
1099 2069 1184 2122 ep.
1216 2053 1305 2114 55,
1349 2069 1454 2122 qua
1494 2048 1916 2106 commendatur
1966 2048 2084 2114 ejus
2135 2047 2238 2099 loci
2286 2055 2513 2098 curator
2561 2041 2778 2114 praesidi
2814 2035 3144 2110 Strymonis.
3176 2033 3454 2122 Constan-

182 2119 410 2208 tinopoli
444 2119 667 2211 quidem
711 2119 1057 2210 Ezpéyfuiev
1089 2119 1378 2196 castellum
1417 2151 1557 2206 erat,
1613 2141 1853 2205 itemque
1895 2135 2312 2196 monasterium,
2350 2142 2408 2186 ut
2442 2133 2622 2185 \iderc
2657 2139 2741 2184 est
2777 2128 2917 2196 apud
2953 2123 3286 2179 Bandurium
3315 2119 3453 2189 Imp.

185 2222 392 2278 Orient.
433 2236 477 2278 t.
515 2226 579 2286 ll,
611 2241 666 2295 p.
705 2226 828 2279 759.
864 2225 960 2293 Ep.
998 2225 1088 2286 57,
1124 2226 1374 2294 Styliano
1412 2225 1668 2277 diacono.
1705 2222 1801 2293 Ep.
1836 2225 1926 2289 60,
1961 2237 2252 2278 ωεοηυηιο
2284 2222 2488 2290 Magnae
2526 2219 2779 2274 Ecclesiae
2805 2213 3452 2283 Constantinopolitante.

180 2309 468 2366 Monachis
501 2328 684 2367 autem
715 2313 1031 2366 scribuntur
1070 2313 1172 2366 har.
1229 2313 1326 2380 Ep.
1369 2311 1460 2369 55,
1506 2311 1598 2372 64,
1631 2313 1751 2370 120.
1788 2315 1809 2365 1

1823 2313 1912 2373 51,
1947 2309 2248 2382 Tryphoni.
2289 2309 2383 2378 Ep.
2415 2309 2506 2372 28,
2539 2308 2770 2361 Phileto.
2805 2306 2905 2373 Ep.
2937 2304 3028 2365 45,
3063 2303 3316 2356 Arsenio.
3356 2298 3454 2366 Ep.

179 2400 264 2458 62.
303 2400 496 2455 Petro.
536 2399 632 2469 Ep.
673 2401 759 2466 65,
790 2399 1113 2470 Epiphanio.
1150 2400 1246 2465 Ep.
1282 2401 1550 2464 126,145,
1586 2399 1797 2469 Ignatio
1823 2399 1952 2452 olim
1982 2399 2268 2467 magistro,
2303 2401 2491 2464 pestca
2527 2394 2819 2450 monacho.
2855 2391 2952 2460 Ep.
2989 2391 3110 2454 141,
3148 2391 3456 2462 ltcgumeno

177 2503 460 2556 anonymo
496 2489 562 2541 ad
608 2488 746 2542 Aras
781 2489 935 2543 solis.
974 2489 1070 2557 Ep.
1113 2489 1234 2553 148,
1275 2488 1589 2560 Entltyntio.
1627 2489 1724 2558 Ep.
1767 2489 1886 2552 155,
1923 2487 2232 2543 Theodosio
2281 2487 2482 2556 (Θεοδ.)
2528 2486 2803 2541 monacho
2831 2493 2885 2538 et
2914 2482 3240 2544 cuhuclisio,
3282 2479 3332 2533 id
3375 2488 3458 2532 est

175 2579 549 2631 cuhienlario.
612 2577 708 2647 Ep.
761 2578 881 2640 163,
917 2579 1204 2632 Antiocho.
1257 2581 1354 2646 Ep.
1393 2581 1482 2639 78,
1516 2580 1802 2634 monachis
1835 2580 2220 2632 communiter.
2259 2576 2502 2646 Denique
2534 2575 2824 2646 anonymis
2859 2573 3180 2628 hominibus
3206 2587 3330 2639 cpp.
3360 2570 3452 2631 59,

177 2667 262 2724 61,
297 2665 392 2721 66.
431 2666 524 2728 67,
559 2666 647 2728 68,
684 2665 776 2730 72,
810 2665 898 2728 75,
934 2667 1020 2730 74,
1057 2667 1148 2726 75,
1185 2667 1272 2724 76,
1310 2667 1399 2728 77,
1431 2666 1518 2730 79,
1546 2667 1635 2729 80,
1669 2667 1761 2730 81,
1795 2669 1884 2726 87.
1919 2668 2008 2728 88,
2042 2667 2133 2726 90,
2167 2667 2258 2729 92,
2305 2665 2600 2728 101,’105,
2654 2664 2773 2724 109,
2811 2663 2935 2723 111,
2989 2661 3113 2719 125,
3163 2659 3288 2720 147,
3332 2657 3451 2712 15⁸2.

183 2755 301 2816 155,
345 2755 475 2808 159.
526 2754 758 2825 ’Λδήλῳ,
798 2755 846 2808 id
886 2765 966 2808 est
1011 2758 1232 2810 incerto.
1283 2771 1385 2823 ego
1433 2757 1714 2823 inscripsi,
1763 2771 1892 2808 cum
1951 2755 2157 2806 nullum
2197 2755 2386 2807 aderat
2429 2754 2481 2805 itt
2534 2752 2722 2805 codice
2773 2766 2970 2804 nomen
3001 2766 3014 2802 :
3048 2757 3102 2801 et
3133 2747 3460 2816 quandoque

177 2844 536 2914 quidem'pro
572 2843 752 2912 ἀδήλῳ
781 2843 1065 2898 vidi-batur
1103 2846 1415 2913 ponendum
1447 2845 1525 2914 τῷ
1558 2845 1731 2914 αὐτῷ,
1762 2844 1952 2905 eidem,
1991 2841 2217 2894 relativo
2250 2842 2459 2894 scilicvt
2501 2840 2565 2893 ad
2604 2837 2957 2914 precedentis
2987 2835 3232 2904 epistolae
3264 2832 3459 2885 inscri-

181 2911 480 2998 ptionem;
518 2911 848 3000 quandoque
901 2911 1312 2988 tamenisecns.
1361 2911 1651 2986 Materiam
1681 2911 1783 2984 Vtut
1832 2931 2188 3000 epistol.arutn
2264 2929 2542 2998 sigillatim
2603 2943 2707 2980 non
2752 2911 3076 2995 persequar,
3111 2922 3277 2976 veluti
3309 2922 3457 2989 quod

180 3036 263 3088 cp.
305 3020 378 3074 66
415 3020 788 3088 superstitiosi
828 3021 1037 3088 aliquot
1065 3033 1220 3075 actus
1254 3021 1754 3089 reprehenduntur,
1801 3021 1892 3088 qui
1927 3035 1955 3072 a
1987 3018 2320 3070 Christianis
2357 3017 2558 3069 liebant
2597 3030 2694 3083 per
2736 3015 2988 3067 incensas
3025 3024 3208 3080 pyras,
3257 3016 3311 3061 et
3363 3023 3458 3076 per

181 3109 516 3161 animalium
557 3123 725 3176 prope
749 3107 1030 3161 ethnicam
1067 3107 1540 3172 immolationem;
1594 3109 1686 3176 qui
1737 3110 1877 3161 ritus
1920 3109 1970 3160 in
2015 3106 2292 3160 Armeniis
2322 3121 2542 3175 quoque
2577 3103 2942 3172 reprehensus
2979 3101 3117 3168 fuit;
3151 3098 3223 3155 cf.
3264 3097 3454 3169 Spicil.

183 3207 220 3248 t.
256 3194 372 3258 VII,
407 3212 464 3264 p.
502 3196 624 3248 171.
660 3195 904 3263 Denique
937 3211 1024 3265 cp.
1063 3195 1130 3248 68
1162 3210 1344 3247 rerum
1373 3195 1818 3249 Christianarum
1859 3197 1910 3249 in
1942 3195 2206 3249 Chazaria
2249 3210 2353 3246 non
2396 3193 2792 3248 contemnenda
2828 3189 3019 3244 notitia
3054 3188 3308 3251 traditur,
3347 3196 3454 3239 etc.

251 3282 370 3336 ΧΗ.
399 3283 568 3336 Aliud
605 3283 738 3336 mihi
779 3283 830 3334 in
868 3280 1146 3336 Vaticanis
1179 3283 1474 3336 codicibus
1497 3295 1846 3352 compertum
1885 3292 1969 3337 cst
2000 3281 2206 3336 Nicolai
2241 3282 2450 3354 Mystici
2485 3282 2750 3349 scriptum
2789 3277 3075 3342 inetlitum,
3114 3291 3308 3346 nempe
3341 3276 3461 3344 cjus

184 3373 412 3426 Itomilia
444 3373 512 3424 ad
550 3371 811 3438 populum
847 3370 1234 3440 Byzantinum.
1281 3381 1401 3438 post
1451 3373 1694 3425 auditum
1746 3373 1813 3448 de
1862 3373 2269 3427 Thessalonica:
2324 3372 2539 3426 excidio
2592 3371 2969 3454 tristissimum
3008 3367 3280 3430 nuntium,
3337 3382 3459 3434 qua:

179 3464 296 3514 dira
332 3461 629 3513 calamitas
683 3475 830 3512 anno
887 3460 1092 3512 Christi
1141 3459 1246 3514 904
1299 3461 1528 3531 contigit
1568 3463 1682 3532 (qui
1731 3471 1850 3515 erat
1888 3462 2236 3530 pontiﬁcatus
2271 3459 2481 3514 Nicolai
2534 3474 2712 3512 annus
2761 3455 2960 3527 nonus)
3017 3455 3155 3509 duce
3209 3463 3456 3520 apostata

181 3549 364 3605 Leone
397 3549 670 3614 Tripolita
706 3550 1006 3603 Saraceno.
1046 3548 1310 3614 Superest
1347 3551 1460 3604 haec
1489 3552 1708 3604 homilia
1737 3553 1788 3603 in
1829 3552 1953 3604 cod.
1994 3549 2110 3602 Vat.
2153 3550 2271 3612 172,
2307 3564 2414 3602 una
2447 3564 2570 3603 cum
2607 3545 2835 3601 Joannis
2858 3546 3190 3599 Cantcniatze
3225 3544 3454 3598 historia

181 3641 242 3688 de
277 3638 551 3706 praedicto
586 3637 996 3690 'l‘hcssalonicze
1036 3652 1190 3692 caSu.
1233 3653 1332 3691 nec
1365 3653 1473 3691 non
1508 3641 1736 3693 Joannis
1791 3639 2037 3693 Lectoris
2083 3639 2308 3692 historia
2352 3638 2478 3690 item
2512 3651 2575 3689 ac
2611 3635 2866 3688 monodia
2896 3634 2962 3688 de
2997 3644 3272 3704 postrema
3304 3632 3455 3701 ejus-

181 3726 302 3779 dem
339 3725 501 3777 urbis
554 3739 583 3775 a
637 3721 838 3777 Turcis
885 3734 1132 3791 captura.
1166 3725 1466 3794 Utriusque
1500 3726 1729 3780 Joannis
1782 3729 1984 3796 scripta
2035 3743 2063 3779 a
2114 3726 2294 3779 Leone
2326 3725 2527 3778 Allatio
2568 3724 2617 3776 in
2665 3721 2973 3792 Symmictis
3021 3738 3085 3776 ex
3135 3723 3238 3774 hoc
3270 3722 3460 3774 eodem

178 3814 375 3866 codice
408 3811 588 3866 fuisse
617 3813 788 3876 edita,
818 3813 1163 3886 exploratum
1212 3815 1268 3865 tit
1311 3815 1382 3867 ob
1428 3817 1677 3881 Opusculi
1711 3815 1936 3870 secundi
1985 3816 2213 3870 lacunas
2243 3815 2296 3868 in
2327 3814 2566 3869 editione
2614 3813 2854 3874 reliCIas,
2887 3827 3116 3881 quarum
3158 3826 3324 3865 causa
3361 3810 3463 3862 fuit

178 3903 294 3970 ipse
330 3901 511 3954 codex
545 3901 598 3952 in
634 3899 920 3968 superiore
965 3910 1120 3969 parte
1164 3901 1334 3965 lacer,
1380 3911 1440 3955 ut
1479 3902 1783 3956 conferenti
1833 3905 1967 3958 ntihi
2024 3906 2305 3958 evidenter
2350 3903 2546 3972 patuit.
2584 3901 2720 3966 Quia
2765 3911 2944 3956 tamen
2982 3901 3191 3954 Nicolai
3231 3900 3456 3953 homilia

175 4005 333 4059 paene
373 3997 494 4042 tota
532 3989 586 4040 in
622 4003 688 4041 eo
727 3999 978 4042 versatur
1015 3997 1073 4042 ut
1113 3990 1375 4056 populum
1407 3991 1475 4042 ad
1515 4003 1867 4058 peccatorum
1904 3994 2324 4046 detestationem
2352 4002 2693 4060 permoveat,
2738 3992 2809 4043 oh
2840 4005 2959 4055 quae
2991 3999 3044 4042 et
3075 3989 3467 4043 Thessalonica

174 4080 497 4139 ceciderat,
531 4089 583 4132 et
618 4093 808 4146 parem
844 4093 1058 4146 poenam
1087 4079 1591 4146 Constantinopolis
1628 4081 1742 4150 ipsa
1774 4082 2233 4149 pertimescebat;
2266 4081 2497 4149 ideoque
2523 4095 2717 4148 parum
2752 4079 2880 4146 quid
2915 4079 3078 4131 habet
3112 4077 3466 4140 historicum;

173 4177 224 4218 et
264 4167 405 4235 quia
438 4167 635 4228 codex,
687 4176 745 4218 ut
782 4165 926 4226 dixi,
956 4165 1103 4218 lacer
1144 4165 1414 4219 orationis
1461 4167 1659 4220 seriem
1696 4168 2010 4238 abrumpit;
2050 4181 2272 4224 tenuem
2309 4171 2695 4223 tantummodo
2732 4167 3056 4235 particulam
3101 4167 3191 4220 hic
3222 4166 3470 4220 recitabo

175 4272 298 4322 qua:
334 4255 634 4309 historiam
670 4254 895 4322 propius
922 4254 1163 4323 attingit.
1196 4253 1414 4308 Titulus
1455 4256 1690 4310 homilize
1724 4257 1810 4310 hic

1838 4258 2158 4313 ;Νικολάου
2203 4257 2550 4327 πατριάρχου
2601 4256 2788 4325 ὁμιλία
2838 4258 2918 4314 εἰς
2969 4257 3068 4323 τὴν
3116 4254 3318 4308 ἅλωσιν
3369 4253 3470 4322 τῆς

175 4343 614 4410 Θεσσαλονίκης.
653 4341 876 4410 meatu
914 4345 970 4392 ἐν
992 4342 1203 4407 ἄμϐωνι
1227 4341 1325 4410 τῆς
1361 4341 1622 4410 Μεγάλης
1668 4345 1994 4414 Ἐκκλησίαε
2029 4349 2166 4415 μετὰ
2200 4346 2300 4416 τὴν
2335 4347 2562 4399 εἴσοδον.
2600 4345 2802 4414 Μικρῷ
2837 4344 3109 4413 πρότερον
3143 4343 3273 4411 ὑμῖν
3293 4337 3469 4400 εἶπον,

175 4433 493 4499 ἀγαπητοὶ,
527 4447 582 4482 κ.
611 4447 660 4482 τ.
694 4430 744 4480 λ.
795 4429 1007 4481 Mcolai
1043 4432 1364 4496 patriarcha:
1412 4433 1631 4483 homilia
1677 4433 1740 4485 de
1787 4443 1942 4501 capta
1989 4433 2386 4498 Thessalonica,
2431 4436 2577 4487 dicta
2628 4434 2682 4486 in
2729 4433 2934 4501 pulpito
2973 4432 3183 4501 Magna:
3218 4429 3470 4482 Ecclesia:

177 4532 296 4585 post
351 4519 663 4572 introitum.
707 4516 896 4568 'l’aulo
929 4529 1050 4570 ante
1101 4520 1334 4571 diximus
1376 4518 1540 4579 vobis,
1580 4522 1903 4583 charissimi,
1939 4533 2043 4576 etc.
2078 4523 2236 4577 Circa
2282 4537 2408 4576 vero
2449 4523 2756 4575 orationem
2809 4519 3043 4574 mediam
3088 4519 3188 4572 sic.
3238 4517 3352 4570 Νῦν
3383 4505 3472 4586 ἐφ’

178 4610 330 4676 ἡμᾶς
367 4607 604 4676 ἐξεχύθη
638 4607 876 4674 ἀκραέος
911 4610 943 4674 ἡ
983 4607 1143 4676 ὀργὴ.
1190 4609 1281 4658 καὶ
1332 4609 1360 4657 ὁ
1403 4610 1920 4678 παρρησιαζόμενος
1972 4613 2003 4683 ἢ
2053 4613 2393 4665 ἀναστέλλων
2432 4611 2630 4670 οὐδεὶς.
2663 4610 3048 4679 Ἐκενώϐησαν
3085 4609 3269 4673 πόλεις
3315 4609 3471 4676 οἰκη-

179 4699 386 4767 τίίρων,
424 4696 618 4764 ἄνδρες
654 4697 744 4745 ἶσα
776 4694 1090 4764 βοσκήμασι
1115 4695 1570 4763 κατεσφάγησαν,
1604 4700 1862 4764 γυναῖκες
1911 4701 2294 4768 διασπώμεναι
2320 4702 2430 4754 τῶν
2457 4700 2743 4769 opacewa
2766 4699 2979 4768 βιαίως,
3007 4699 3236 4750 ἐλεεινὸν
3267 4697 3471 4766 Θέαμα,

179 4789 295 4843 τοῖς
323 4782 758 4849 amarentet;
790 4782 1333 4852 ἐνασχημονούμεναι
1379 4784 1717 4852 πρόκεινται.
1773 4787 1866 4848 'l'i;
1906 4789 2068 4840 δώσει
2111 4792 2224 4850 τοῖς
2276 4790 2428 4857 ἐμοῖς
2471 4774 2774 4856 ὀφθάλμοίς
2834 4787 3089 4856 δακρύων
3139 4786 3348 4855 πηγὰς,
3377 4790 3473 4838 καὶ

177 4873 503 4941 κλαύσομαι
548 4871 717 4922 ταῦτα
763 4871 855 4922 καὶ
913 4873 978 4922 τὰ
1025 4871 1229 4922 τούτων
1279 4871 1648 4941 ὲ>.εεινότερα;
1724 4872 2197 4948 Ἐ6ε6η).[ὡοησαν
2250 4875 2535 4945 παριοένοι
2583 4875 2964 4945 ἀφιερωμὲναι
3024 4873 3283 4946 [οὐρανίῳ
3314 4873 3472 4945 νυμο]

179 4963 326 5028 ςῶνι
360 4962 504 5029 πρὸς
536 4961 695 5029 ὓϐριν
725 4961 908 5028 ἀπήχο
940 4959 1153 5031 [sint],
1188 4959 1554 5030 Θυσιαστήρια
1609 4960 1702 5012 τοῦ
1743 4962 1876 5015 Θεοῦ
1909 4967 1973 5034 τῇ
2000 4964 2108 5017 τῶν
2133 4964 2465 5038 ἁκαθᾲρτων
2491 4963 2728 5034 ἐκράνθη
2759 4963 3099 5032 ἀκαθαρσία,
3133 4964 3471 5030 μονάζοντας

179 5053 280 5101 καὶ
333 5053 508 5118 ἱερεῖς
542 5049 693 5116 ξίφος
725 5048 820 5102 καὶ
860 5049 1074 5101 δουλεία
1130 5039 1438 5120 μερίζεταὶ.
1492 5050 1652 5116 Οῑμοι
1695 5051 1805 5103 τῶν
1835 5054 1984 5122 ἐμῶν
2019 5054 2208 5107 κακῶν
2239 5054 2299 5106 τὸ
2335 5053 2675 5124 βαρύτατονῑ
2721 5053 2790 5105 τὰ
2818 5053 3095 5105 πολύαθλα
3135 5050 3245 5103 τῶν
3299 5051 3472 5116 ἁγίων

177 5136 425 5206 λείψανα
482 5135 737 5199 παίζεται
763 5139 873 5198 τοῖς
905 5136 1169 5206 βεόήλοις·
1202 5138 1300 5189 καὶ
1346 5137 1753 5201 καταικίξεται,
1788 5125 1882 5194 καὶ
1920 5144 2057 5212 μετὰ
2088 5144 2319 5196 θάνατον
2367 5142 2656 5210 δευτέρους
2710 5141 2906 5200 ἄθλους
2961 5140 3308 5208 ὑςρίστανται.
3360 5137 3470 5189 Ποῦ

182 5243 305 5292 μοι.
337 5229 626 5293 Δημήτριε
667 5225 901 5292 μάρτυς.
947 5230 992 5295 η’
1027 5227 1295 5296 ἀήττητος
1332 5228 1656 5296 συμμαχία;
1690 5229 1807 5292 πῶς
1848 5231 1946 5299 τὴν
1994 5231 2091 5300 σὴν
2125 5231 2279 5283 πόλιν
2315 5229 2604 5298 ὑπερεῖδες
2644 5229 3068 5307 πορθρυμένηνς
3103 5229 3218 5290 πῶς
3255 5228 3358 5280 {me
3386 5228 3470 5279 σοὶ

181 5313 474 5381 πολιοὺχῳ
509 5313 542 5381 ἡ
575 5313 790 5383 ἐχθροῖς
823 5313 1021 5375 ἄσατος
1058 5314 1152 5382 ἀφ’
1205 5313 1264 5366 οὗ
1326 5315 1519 5383 χρόνου
1579 5317 1782 5387 ταύτην
1811 5320 1964 5389 ἥλιος
2001 5320 2288 5380 ἐθεάσατο,
2322 5319 2592 5372 τοσούτων
2622 5318 2809 5371 κακῶν
2852 5320 2932 5380 εἰς
2977 5318 3175 5388 πείραν
3213 5318 3469 5386 ἐγένετοῖ

182 5404 308 5465 πῶς
351 5403 458 5469 τῆς
509 5401 618 5454 τῶν
664 5401 1076 5455 δυσσεσούντων
1127 5403 1330 5473 ὀφρύος
1386 5405 1622 5475 ⁴ἠνέσχου
1679 5411 2122 5477 κατορχουμένου
2185 5409 2282 5477 τῆς
2350 5409 2500 5476 ἱερᾶς
2567 5407 2942 5474 προστασίας
3005 5407 3122 5469 πῶς
3184 5407 3477 5473 ὑπέμεινες

182 5491 368 5542 ταῦτα
395 5490 493 5542 καὶ
523 5490 1001 5562 διεκαρτέρησαςς
1038 5509 1092 5544 κ.
1125 5508 1176 5544 τ.
1209 5492 1258 5546 λ.
1297 5490 1454 5545 Nunc
1479 5495 1626 5546 nobis
1658 5497 1824 5549 imme:

1835 5514 1915 5550 tsa
1949 5499 2030 5550 ira
2060 5499 2334 5559 incumbit,
2369 5513 2622 5566 nemoque
2653 5498 2835 5566 estqui
2857 5498 3100 5550 resistere
3124 5496 3338 5548 audeat.
3369 5493 3477 5547 Va-

182 5589 367 5632 cuatw
408 5590 534 5631 sunt
578 5579 780 5632 ciribus
818 5580 991 5641 urbes,
1040 5581 1139 5632 uiri
1186 5581 1442 5648 pecudum
1470 5584 1642 5635 instar
1678 5586 1954 5650 trucidati,
2000 5589 2208 5657 feminae
2239 5605 2268 5640 a
2308 5585 2513 5638 maritis
2547 5586 2594 5638 vi
2620 5584 2926 5651 abstractu’,
2969 5585 3266 5638 miserabile
3310 5585 3421 5637 νίκη
3455 5583 3477 5635 .'

185 5671 587 5737 impurissimis
619 5669 855 5722 hostibus
887 5670 1147 5724 violanda:
1179 5680 1447 5739 prostant.
1476 5672 1608 5737 Quis
1633 5676 1758 5726 meis
1785 5678 1952 5729 oculis
1988 5680 2348 5745 lacrymarum
2379 5675 2551 5742 fontes
2573 5674 2953 5742 suppeditabit,
2995 5684 3049 5726 ut
3085 5675 3193 5725 Ιηιέ
3223 5685 3268 5726 et
3291 5675 3475 5740 pejora

185 5761 268 5812 his
315 5759 462 5811 mala
503 5757 768 5825 deplorem
795 5759 819 5808 ἵ)
866 5757 1106 5810 Sacratte
1161 5760 1356 5812 (telein
1407 5759 1613 5826 Sponsa
1658 5764 1883 5832 t'irgines
1927 5765 2284 5818 dehonestum
2322 5774 2442 5815 sunt
2475 5772 2632 5831 atque
2663 5763 2732 5814 ad
2765 5763 3113 5828 ignominiam
3145 5772 3472 5830 pertracta':

187 5865 537 5920 inpurornm
576 5849 844 5915 spurcitiis
876 5849 1070 5900 altaria
1109 5847 1201 5900 [lci
1232 5849 1436 5916 polluta
1472 5850 1688 5916 fuerunt
1714 5869 1729 5904 .'
1765 5856 2006 5908 monachi
2038 5865 2086 5908 ct
2115 5854 2414 5908 sacerdotes
2450 5851 2645 5919 partim
2683 5867 2799 5904 cnsc
2841 5854 3159 5921 consumpti,
3197 5851 3391 5915 partim
3421 5853 3475 5902 in
