4158 6430
712 400 776 458 27
1844 400 2149 463 ΝῙΟΟΙΛΙ
2183 403 2294 462 CP.

2417 401 2842 464 TRIARCIUZ
3911 400 3989 460 28

714 536 1014 587 servitutem
1047 536 1281 587 abdurti.
1334 535 1449 589 llcu
1490 536 1696 588 demum
1741 534 2004 586 malorum
2050 548 2284 586 meorum
2318 536 2690 605 grauissimum
2721 536 2740 587 .'
2790 534 3113 589 Sanctorum
3147 543 3220 587 tot
3257 539 3524 589 cruciatus
3558 539 3684 588 olim
3724 550 3991 602 perpessa:

714 622 973 690 wliquim,
1021 622 1369 690 profanorum
1403 622 1632 674 ludibrio
1679 632 1726 674 et
1762 620 1981 689 injuriis
2010 637 2072 673 en
2099 632 2378 685 uexantur,
2407 633 2458 676 et
2502 623 2765 677 secundas
2808 639 2985 691 pennas
3028 630 3144 690 post
3183 621 3382 675 obitum
3417 622 3698 675 sustinent.
3746 618 3984 675 Ubinam

716 718 888 768 tuum.
929 708 1158 762 Demetri
1189 719 1414 776 martyr,
1449 709 1700 761 invictum
1754 706 2062 762 auxilium?
2105 722 2198 759 cur
2242 706 2478 760 civitatis
2512 716 2616 760 tute
2649 708 2915 760 excidium
2943 706 3272 775 permisisti?
3301 712 3567 774 quomodo
3602 704 3748 767 urbs,
3781 721 3844 758 ex
3874 723 3984 775 quo

714 814 829 849 cum
863 797 941 850 θοι
968 796 1244 863 conspicit,
1276 810 1369 861 per
1402 806 1549 848 tuum
1577 794 1885 859 prwsidium
1909 792 2361 863 inexpugnabilis,
2412 805 2523 849 tam
2564 797 2714 866 gravi
2746 797 2886 849 ntalo
2923 805 3167 863 correpta
3202 798 3318 850 est?
3352 813 3446 849 cur
3478 797 3759 863 impiorum
3793 812 3988 863 super-

717 890 854 939 biam
882 887 1145 955 pertulisti
1172 887 1351 940 tutelae
1378 896 1482 940 tua:
1511 884 1855 939 insultantem
1879 885 1904 938 Ρ
1932 899 2028 937 cur
2051 888 2183 948 haec,
2212 886 2450 955 inquam,
2476 884 2593 953 ﬁeri
2621 900 2810 954 passus
2837 899 2889 937 es
2911 887 2936 939 2
2968 892 3073 940 etc.

717 1101 3951 1133 Μ

1655 1264 3062 1437 ΝΙΚΟΛΑΟΥ

1166 1540 2113 1631 ΑΡΧΙΕΠΙΣΚΟΠΟΥ
2187 1541 3550 1632 ΚΩΝΣΤΑΝΤΙΝΟΥΠΟΛΕΩΣ

1818 2163 2868 2345 NICOLAI

1119 2478 2043 2572 ARCHIEPISCOPI
2124 2479 3578 2578 CONSTANTINOPOLITANI

1950 2695 2741 2812 EPISTOLIE.

727 3092 764 3146 l.
804 3088 888 3142 Ad
919 3084 1345 3141 illustrissimum
1377 3090 1425 3135 et
1449 3079 1808 3134 clarissimum
1848 3088 2005 3149 atque
2044 3078 2297 3133 dilectum

2408 3080 2475 3133 Α.
2538 3080 2620 3145 Τῷ
2680 3081 2974 3157 περιξόξῳ
3028 3082 3126 3135 καί
3176 3086 3577 3157 Γλαμπροτάτῳ
3627 3086 3825 3155 ἁμηέᾷ
3884 3090 4003 3157 τῆς

1287 3166 1521 3206 ameram
1547 3149 1735 3206 Creta.

2800 3152 3040 3219 Κρήτης
3094 3152 3191 3205 καί
3226 3155 3622 3223 ἠγαπημένῳ.

795 3269 988 3325 Omnis
1040 3278 1256 3323 terrena
1311 3272 1558 3335 patestas
1608 3264 1899 3329 omnisque
1943 3262 2303 3332 principatus,

2485 3265 2641 3318 Πᾶσα
2673 3240 2918 3332 ἐπίγειος
2951 3265 3170 3329 ἐξουσία
3203 3267 3298 3320 καὶ
3342 3269 3486 3337 ἁρχὴ
3542 3270 3604 3323 ὲκ
3648 3271 3744 3339 τῆς
3790 3272 4011 3327 ἄνωθεν

723 3361 1004 3426 amice,ex
1060 3372 1300 3428 superno
1349 3355 1656 3425 principatu
1701 3352 1903 3424 pendet
1948 3363 2113 3424 atque
2150 3362 2302 3423 pote-

724 3464 909 3519 state;
970 3467 1069 3507 nec
1108 3452 1219 3506 ulla
1274 3450 1420 3504 inter
1480 3448 1733 3502 homines
1790 3454 2068 3516 potestas,
2129 3462 2307 3515 neque

722 3558 917 3618 potens
966 3546 1260 3616 quisquam
1316 3540 1544 3612 prOprio
1605 3538 1827 3610 ingenio
1887 3538 2190 3607 potentiam
2249 3539 2303 3592 in

727 3639 888 3693 terris
942 3635 1309 3706 adipiscitur,
1365 3632 1498 3703 quin
1548 3628 1885 3685 concesserit
1934 3628 2197 3683 Dominus
2252 3628 2301 3682 in

724 3731 1008 3786 altissimis
1054 3742 1289 3799 regnans
1341 3725 1608 3794 solusque
1640 3732 1855 3799 potens.
1904 3720 2087 3788 Quare
2126 3721 2305 3786 decet,

726 3824 768 3877 si
807 3822 920 3876 ﬁeri
964 3798 1162 3891 potest,
1199 3826 1470 3889 quotquot
1502 3816 1666 3907 ‘inter
1714 3798 1964 3870 homines
2006 3815 2305 3885 potentiam

724 3914 1084 3976 obtinuimus,
1128 3910 1343 3965 etiamsi
1381 3910 1435 3963 in
1479 3908 1633 3963 nullo
1677 3909 1784 3962 alio
1818 3907 1961 3962 inter
2013 3924 2113 3963 nos
2153 3923 2308 3962 com—

727 4003 1013 4057 municare
1050 4003 1296 4064 daretur,
1329 3999 1677 4055 sermonibus
1727 4009 1930 4071 tamen,
1963 4009 2017 4053 et
2049 4000 2175 4068 quia
2211 4016 2307 4070 po-

728 4088 909 4143 tentiae
942 4088 1147 4142 donum
1183 4089 1251 4141 ab
1284 4102 1395 4141 uno
1429 4088 1734 4157 eodemque
1761 4103 1953 4142 sumus
1993 4091 2303 4154 consecuti,

728 4181 932 4235 nullam
965 4183 1386 4250 praetermittere
1418 4180 1561 4235 diem
1590 4181 1888 4250 quominus
1935 4189 1989 4235 et
2025 4183 2225 4237 litteris
2253 4193 2308 4237 et

726 4274 918 4344 legatis
969 4275 1445 4373 commut‘iicemus
1494 4273 1840 4342 negotiorum
1901 4276 2122 4344 peritis;
2185 4277 2307 4331 illos

727 4382 854 4420 vero
880 4366 968 4434 qui
999 4365 1230 4433 majores
1262 4374 1498 4419 tractant
1542 4367 2042 4437 magistratus,quo
2068 4368 2188 4436 plus
2212 4370 2310 4422 lio-

728 4472 860 4511 Imre
922 4456 1232 4511 adiciuntur
1280 4467 1333 4510 et
1394 4466 1654 4527 tanquam
1732 4456 1934 4512 fratres
2006 4460 2149 4512 inter
2216 4475 2310 4513 su-

729 4552 1168 4621 percxtolluntur
1205 4550 1593 4619 maximasque
1631 4558 1818 4604 tenent
1848 4559 2167 4618 potestates.
2199 4549 2309 4606 Sed

729 4644 861 4711 quid
899 4645 1004 4699 sibi
1050 4644 1241 4699 volunt
1275 4644 1458 4698 dicta?
1510 4642 1639 4698 Dus:
1674 4644 1952 4713 siquidem
2007 4652 2311 4712 potestates

729 4752 947 4791 omnem
982 4747 1256 4790 terrenam
1289 4746 1548 4805 superant
1568 4745 1914 4805 potestatem,
1939 4735 2135 4790 fratres
2150 4736 2317 4791 Sara-

728 4847 989 4886 cenorum
1028 4829 1240 4886 scilicet
1287 4845 1353 4884 ac
1382 4828 1776 4895 Romanorum,
1797 4844 1904 4882 non
1934 4845 2093 4884 secus
2128 4844 2193 4884 ac
2225 4830 2313 4883 illa

730 4930 839 4981 duo
888 4926 1099 4995 majora
1145 4926 1199 4979 in
1253 4925 1598 4978 ﬁrmamento
1644 4923 1935 4977 luminaria
1969 4940 1985 4977 :
2017 4933 2071 4977 et
2093 4932 2312 4994 propter

732 5020 783 5071 id
839 5017 1205 5073 communiter
1253 5024 1307 5071 et
1360 5015 1600 5069 fraterne
1647 5030 1707 5068 se
1738 5014 1804 5068 ad
1840 5015 2071 5069 invicem
2110 5017 2312 5072 habere

732 5114 855 5168 illos
888 5119 1140 5182 oportet;
1174 5124 1352 5179 neque
1398 5110 1521 5165 ideo
1578 5108 1726 5179 quod
1776 5110 2050 5174 moribus,
2094 5112 2204 5165 vita
2260 5122 2316 5166 et

731 5207 882 5259 cultu
933 5206 1344 5273 discrepemus,
1367 5202 1576 5255 alienos
1614 5201 1679 5255 ad
1715 5201 2043 5255 alterutrum
2066 5216 2316 5258 essenec

733 5306 965 5355 cunctos
1015 5313 1113 5353 nos
1165 5297 1474 5351 litterarum
1525 5294 1862 5349 commercio
1900 5293 2116 5361 privare
2160 5294 2318 5350 decet

736 5394 781 5448 si
816 5393 1108 5448 convenire
1139 5408 1248 5447 non
1274 5392 1469 5456 datur;
1498 5392 1642 5459 quod
1665 5391 1828 5443 etiam
1857 5398 1986 5443 tunc
2014 5388 2174 5444 nobis
2194 5405 2319 5444 sen-

739 5488 981 5541 ticndum
1043 5494 1193 5541 esset
1262 5500 1325 5539 ac
1391 5484 1705 5552 agendum,
1760 5497 1881 5535 cum
1948 5482 2097 5537 nulla
2145 5482 2212 5537 ad
2267 5483 2317 5538 id

739 5578 1040 5648 impelleret
1072 5576 1417 5647 negotiorum
1459 5575 1781 5630 necessitas.

2411 3356 2670 3427 ἤρτηται,
2706 3350 2750 3409 ὦ
2784 3357 3034 3426 φιλότης,
3090 3358 3267 3428 ἀρχῆς
3299 3358 3396 3413 καὶ
3434 3361 3705 3426 ἔξουσίας,
3765 3366 3859 3418 καὶ
3897 3368 4009 3421 οὐκ

2414 3450 2565 3503 ἔστιν
2608 3449 2824 3514 ὲξουσία
2874 3453 2935 3503 ὲν
2973 3450 3309 3521 ἀνθρώποις,
3346 3452 3473 3505 οὐδὲ
3525 3454 3801 3524 δυνάστης
3833 3457 3893 3520 ἐξ
3918 3461 4010 3511 οῖ-

2415 3539 2571 3602 κείας
2616 3541 2897 3609 περινοίας
2954 3541 3047 3594 ἐπὶ
3092 3542 3190 3609 γῆς
3241 3541 3567 3596 δυναστείαν
3618 3546 4007 3617 κληρονομῶν,

2409 3634 2459 3685 εί
2490 3631 2564 3702 μὴ
2593 3633 2620 3684 ὁ
2659 3634 2715 3685 ἐν
2745 3632 2991 3702 ὑψίστοις
3023 3632 3381 3700 ἐξουσιαστὴς
3414 3637 3506 3686 καὶ
3544 3636 3731 3706 ἄρχων
3769 3640 3866 3691 καὶ
3903 3644 4012 3707 μό-

2409 3742 2500 3787 νος
2531 3724 2801 3794 δυνάστης
2834 3724 3149 3799 κατανεὺσῃ
3166 3727 3265 3795 τὴν
3286 3726 3679 3797 κληρονομίαν.
3715 3730 3812 3781 Διά
3838 3731 4008 3784 τοῦτο

2411 3817 2715 3887 προσῆκεν,
2774 3819 2823 3869 εἰ
2849 3817 3098 3881 δυνατὸν,
3159 3820 3367 3881 πάντας
3420 3820 3547 3878 τοὺς
3596 3821 3655 3869 ἐν
3689 3820 4011 3890 ἀνθρώποις

2414 3909 2740 3963 δυναστείαν
2783 3910 3073 3979 λαχόντας,
3130 3913 3178 3963 εἰ
3237 3914 3332 3963 καὶ
3394 3913 3565 3981 μηδὲν
3622 3915 3812 3984 ἓτερον
3846 3910 3912 3983 ἦν
3947 3922 4013 3966 τ).

2415 4000 2552 4071 πρὸς
2589 3998 2857 4069 ἀλλήλους
2896 4004 3177 4052 κοινωνεῖν
3210 4001 3537 4068 ὲπιτρὲπον,
3588 4002 3685 4053 καὶ
3720 4003 4007 4055 ποιεῖσθαι

2418 4092 2517 4161 τὴν
2543 4092 2630 4147 διὰ
2652 4092 2828 4160 λόγων
2863 4092 3243 4162 προςομιλίαν,
3277 4092 3344 4145 δι’
3381 4095 3518 4145 αὑτό
3553 4111 3613 4159 γε
3665 4094 3847 4156 τοῦτο,
3884 4097 4013 4147 καθ’

2414 4183 2496 4236 δτι
2526 4182 2633 4235 τῶν
2656 4181 2917 4247 ἐξουσιῶν
2968 4183 3067 4252 τὴν
3095 4182 3308 4250 δωρεὰν
3360 4183 3491 4252 παρ’
3546 4185 3665 4247 ἐνὸς
3713 4184 4012 4255 ἐλάχομεν,

2420 4274 2497 4345 μὴ
2538 4275 2926 4342 διαλιμπάνειν
2981 4274 3107 4327 ὅσαι
3139 4274 3352 4344 ἡμέραι
3411 4275 3688 4328 ποιεῖσθαι
3734 4276 3834 4345 τὴν
3869 4281 4014 4346 πρὸς

2418 4367 2683 4435 ἀλλήλους
2705 4366 3014 4431 κοινωνίαν,
3047 4369 3141 4420 καὶ
3164 4367 3253 4419 διὰ
3278 4363 3632 4436 γραμμάτων
3660 4368 3751 4419 καὶ
3771 4367 3841 4420 δι’
3868 4370 4014 4421 ἀπο.

2416 4462 2625 4516 στόλων
2662 4463 2773 4515 τῶν
2821 4462 3308 4532 ὲξυπηρετούντων
3367 4466 3484 4524 τοῖς
3521 4462 3839 4531 πράγμασι.
3901 4463 4013 4515 Τοσ-

2419 4555 2595 4625 σοῠτῳ
2629 4554 2685 4608 δὲ
2712 4554 2875 4608 πλέον
2906 4555 3035 4617 τοὺς
3065 4554 3164 4617 τὰς
3215 4554 3464 4621 μεγάλας
3510 4553 3685 4622 ἀρχάς
3722 4555 3818 4606 καὶ
3852 4554 4014 4619 ἐξου-

2418 4649 2540 4712 σίας
2570 4628 2880 4713 διέπονιτας,
2911 4649 3023 4716 ὅσῳ
3067 4646 3163 4700 καὶ
3208 4646 3410 4716 μᾶλλον
3446 4646 3819 4714 διαφερόντως
3858 4663 4012 4698 τετι-

2424 4757 2649 4811 μηνται,
2714 4738 2810 4791 καὶ
2841 4733 2955 4790 οἷον
2989 4738 3213 4807 ἀδελφοί
3245 4754 3392 4798 τινες
3422 4735 3535 4788 τῶν
3553 4736 3730 4790 ἄλλων
3761 4736 4013 4803 ἀδελφῶν

2423 4834 2790 4904 ὑπερέχοντες
2843 4834 2936 4884 καὶ
2970 4830 3385 4902 προκριθέντες,
3432 4828 3654 4889 καὶτὰς
3691 4827 3803 4880 τῶν
3847 4831 4013 4897 μεγί-

2425 4943 2567 4979 στων
2595 4926 2777 4997 ἀρχῶν
2814 4927 2908 4978 καὶ
2943 4925 3206 4990 ἐξουσιῶν
3238 4924 3542 4993 διοικήσεις
3577 4922 4015 4989 ἐπιτραπέντες,

2423 5022 2488 5075 Τί
2513 5021 2764 5090 βούλεται
2792 5021 2927 5089 ἡμῖν
2954 5020 3014 5069 τὸ
3044 5018 3341 5088 εἰρημένον
3365 5034 3380 5081 ;
3416 5018 3540 5068 Ὀτι
3561 5015 3655 5066 δύο
3689 5014 4017 5084 κυριότητες

2429 5117 2617 5183 πάσης
2655 5114 2755 5183 τῆς
2792 5116 2850 5165 ὲν
2874 5116 2945 5183 γῇ
2986 5117 3337 5181 κυριότητος,
3366 5111 3401 5180 ἦ
3436 5127 3499 5163 τε
3527 5109 3637 5161 τῶν
3672 5106 4020 5175 Σαραχηνῶν

2424 5205 2520 5257 καὶ
2550 5203 2716 5274 ἡτῶν
2752 5203 3043 5273 Ῥωμαίων
3069 5202 3475 5273 ὑπερανέχουσι
3520 5199 3617 5252 καὶ
3668 5196 4024 5264 διαλάμπου-

2425 5314 2530 5359 σιν,
2567 5296 2760 5366 ὥσπερ
2789 5298 2837 5348 οἱ
2868 5295 2962 5349 δύο
2998 5295 3229 5365 μεγάλοι
3257 5296 3316 5347 ὲν
3360 5293 3438 5362 τῷ
3495 5289 3847 5359 στερεώματι
3899 5305 4025 5354 φω-

2422 5388 2647 5458 στῆρες.
2703 5389 2817 5442 Καὶ
2844 5388 2925 5442 δεῖ
2951 5390 3073 5442 κατ’
3104 5387 3242 5441 αὐτό
3272 5403 3336 5454 γε
3373 5382 3536 5438 τοῦτο
3574 5383 3733 5452 μόνον
3758 5396 4020 5432 κοινωνι-

2422 5479 2534 5544 κῶς
2568 5481 2717 5551 ἔχειν
2746 5483 2843 5535 καὶ
2876 5481 3210 5549 ἀδελφικῶς,
3259 5481 3354 5532 καὶ
3409 5477 3531 5548 μηδ’
3578 5476 3660 5528 ὅτι
3698 5474 3817 5531 τοῖς
3872 5468 4018 5537 βίοις

2420 5577 2659 5640 καὶτοῖς
2715 5575 3116 5648 ἐπιτηδεύμασι
3165 5575 3259 5628 καὶ
3308 5571 3387 5643 τῷ
3430 5570 3739 5639 σεδάσματι
3766 5564 4011 5633 κεχωρί-

738 5670 939 5740 σμεθα,
977 5672 1330 5724 παντάπασιν
1363 5668 1660 5740 ἀλλοτρίως
1720 5668 2026 5723 διακεῖσθαι
2096 5669 2190 5723 καὶ
2247 5674 2575 5741 αποστερεῖν
2606 5671 2840 5733 ἑαυτοὺς
2864 5669 2964 5739 τῆς
2994 5669 3082 5722 διά
3141 5668 3252 5722 τῶν
3306 5665 3655 5736 γραμμάτων
3686 5654 4014 5726 συνομιλίας

743 5762 896 5835 παρὰ
930 5763 1097 5834 μέρος
1132 5761 1404 5830 ἐντυχίας.
1432 5762 1524 5814 Δεῖ
1550 5762 1649 5829 μὲν
1675 5754 1769 5813 οὖν
1794 5760 1944 5815 οὕτω
1986 5761 2077 5814 καί
2104 5763 2323 5831 φρονεῖν
2358 5762 2506 5829 ἡμᾶς
2549 5762 2642 5815 καὶ
2722 5762 2917 5825 ποιεῖν,
2970 5760 3075 5813 κᾶν
3119 5756 3359 5828 μηδεμία
3430 5773 3514 5819 τις
3568 5752 3704 5823 ἄλλη
3745 5747 4018 5817 πραγμά-

745 5874 848 5911 των
882 5855 1040 5927 χρεία
1063 5854 1197 5922 πρὸς
1224 5853 1383 5908 τοῦτο
1417 5855 1811 5917 προύτρέπετο.
