4158 6430
703 381 765 441 31
1834 377 2140 435 NICOLAI
2181 376 2289 435 ep.
2333 376 2850 435 PA'I‘RIARCIIE
3906 373 3982 439 32

709 498 1002 552 Saracenis
1032 498 1150 565 lege
1191 497 1526 567 gubernatis,
1566 505 1621 550 et
1655 495 1836 550 insula
1881 511 2024 563 qure,
2074 506 2290 550 trecen-

2408 496 2508 556 mi;
2539 497 2652 556 τοῖς
2683 495 2832 562 νόμῳ
2856 491 3317 562 πολιτευομένοις,
3347 493 3441 546 καὶ
3468 493 3631 562 νῆσος
3656 491 3854 564 μικροῦ
3888 491 3986 562 ἐτη

709 593 777 643 tis
827 592 937 644 fere
983 592 1183 644 abhinc
1237 591 1416 654 annis,
1469 604 1534 643 ex
1599 605 1708 658 quo
1793 587 2082 642 tributaria
2139 591 2289 645 vobis

715 681 906 733 effecta
933 693 1035 741 est,
1064 693 1340 745 nunquam
1373 679 1721 732 subditorum
1747 679 1994 732 ordinem
2021 680 2288 743 decernit,

711 789 889 840 neque
938 772 1233 840 quidquam
1287 772 1410 825 novi
1465 771 1685 825 admisit
1731 771 1876 825 circa
1915 772 2138 837 tributa,
2178 772 2292 827 sive

713 866 1087 933 quodcunque
1113 864 1257 916 aliud
1291 864 1573 916 servitium
1597 861 1890 918 Saracenis
1921 862 2289 930 tribuendum,

713 971 891 1024 neque
915 956 1078 1009 ullam
1133 954 1546 1024 reprehensioni
1588 969 1809 1008 causam
1849 969 1960 1022 pra:
1995 969 2053 1008 se
2084 954 2290 1018 ferens,

713 1047 831 1100 sola
894 1047 1133 1100 amentia
1182 1045 1423 1098 hominis
1488 1046 1580 1114 qui
1639 1045 2082 1100 Christianorum
2135 1045 2293 1098 fidem

715 1139 956 1206 negavit,
993 1136 1200 1190 cultum
1235 1151 1366 1190 vero
1415 1135 1820 1191 Saracenorum
1873 1137 2166 1199 adulterat,
2200 1136 2296 1188 de-

715 1241 862 1285 serta
899 1232 1039 1284 facta
1072 1240 1154 1284 est
1185 1247 1247 1285 ac
1279 1233 1460 1301 periit,
1491 1231 1722 1301 ejusque
1770 1231 1962 1285 incola:
1986 1230 2075 1284 alii
2117 1228 2296 1299 gladio

717 1326 866 1385 cesi,
906 1324 997 1376 alii
1025 1339 1151 1375 vero
1197 1325 1419 1377 sedibus
1455 1322 1572 1376 suis
1607 1323 1845 1390 expulsi,
1899 1322 2042 1375 istud
2086 1330 2296 1376 tantum

724 1416 928 1468 crimen
967 1415 1228 1468 habentes
1255 1414 1394 1482 quod
1434 1423 1584 1467 tanto
1612 1423 1853 1483 tempore
1885 1414 2118 1469 libenter
2141 1415 2298 1469 vobis

722 1507 1031 1568 servierint,
1072 1522 1248 1575 neque
1292 1521 1531 1574 unquam
1560 1507 1760 1560 fuerint
1801 1508 1853 1560 in
1885 1516 2128 1561 vestrum
2175 1523 2301 1576 pec-

720 1607 906 1651 cantes
973 1598 1294 1666 obsequium
1348 1598 1694 1667 deprehensi,
1725 1600 1853 1654 licet
1890 1601 2089 1668 saepius
2121 1602 2300 1671 gravi-

721 1703 800 1743 ter
831 1691 885 1743 in
928 1706 1024 1745 eos
1071 1702 1263 1744 contra
1297 1689 1567 1745 foederum
1623 1691 1748 1759 jura
1800 1701 1854 1746 et
1899 1693 2042 1762 quod
2082 1709 2298 1762 aequum

721 1792 860 1846 erat,
906 1782 1118 1837 fueritis
1150 1783 1345 1836 invecti
1375 1799 1390 1848 ;
1434 1783 1528 1836 sed
1568 1793 1619 1836 et
1652 1783 1695 1837 si
1740 1785 1959 1853 quando
1986 1794 2293 1853 peccantes,

723 1886 783 1929 ut
867 1876 1177 1929 hominibus
1227 1892 1324 1944 par
1377 1883 1481 1940 est,
1548 1852 1771 1945 aliquid,
1811 1852 2001 1931 contra
2058 1888 2299 1932 vestram
2334 1852 2374 1907 Β

729 1968 1066 2021 voluntatem
1106 1967 1244 2022 forte
1280 1969 1602 2033 voluissent,
1637 1984 1743 2022 non
1791 1981 1975 2023 tamen
2017 1970 2301 2038 oportebat

724 2075 821 2113 eos
873 2060 1042 2112 armis
1084 2059 1155 2112 ita
1211 2059 1428 2128 aggredi
1482 2075 1584 2114 nec
1630 2060 1814 2113 statim
1865 2059 1918 2112 in
1963 2069 2200 2128 stragem
2249 2071 2302 2114 et

723 2153 948 2206 vulnera
988 2168 1242 2217 currere;
1286 2153 1432 2221 quod
1483 2168 1590 2205 non
1624 2153 1798 2207 solum
1833 2153 2126 2208 Saracenis
2165 2154 2305 2207 indi-

724 2261 915 2311 gnum,
951 2246 1042 2298 sed
1108 2247 1271 2298 etiam
1315 2246 1561 2314 quolibet
1598 2245 1797 2314 populo
1839 2245 2091 2299 humana:
2136 2245 2306 2299 admi-

724 2337 1069 2390 nistrationis
1129 2345 1180 2390 et
1238 2337 1674 2391 conversationis
1731 2351 1837 2390 non
1893 2337 2065 2391 inscio
2127 2353 2304 2405 neque.

723 2430 1120 2494 immemores;
1180 2431 1272 2482 sed
1317 2429 1465 2496 prius
1524 2429 1920 2499 reprehendere
1989 2439 2302 2498 peccatum,

724 2521 982 2588 injustam
1020 2524 1210 2590 agendi
1249 2523 1514 2574 rationem
1559 2523 1906 2584 convincere,
1955 2536 2162 2589 eosque
2211 2521 2309 2574 ad-

727 2626 949 2664 monere
1012 2620 1070 2663 ut
1125 2611 1511 2678 resipiscerent
1569 2627 1668 2666 nec
1720 2611 1873 2679 justo
1947 2613 2300 2677 exciderent,

729 2717 907 2770 neque
961 2703 1152 2763 semel,
1213 2704 1307 2756 sed
1369 2703 1453 2756 bis
1512 2711 1567 2756 et
1605 2705 1842 2770 saepius;
1903 2704 2005 2757 nisi
2058 2720 2185 2758 vero
2241 2708 2306 2761 ad

723 2793 925 2846 bonum
954 2793 1149 2848 vellent
1191 2794 1388 2858 redire,
1415 2795 1569 2848 mala:
1630 2794 1899 2848 voluntati
1958 2795 2306 2863 inhaarentes,

729 2895 860 2937 tunc
922 2886 1070 2938 omni
1125 2886 1310 2939 divina
1381 2887 1732 2955 humanaque
1793 2888 1997 2941 ultione
2052 2903 2307 2958 arrepta,

729 2977 1069 3031 conaremini
1124 2978 1316 3046 punire
1345 2988 1399 3030 et
1428 2977 1722 3046 reprimere
1757 2979 2052 3030 amentiam
2085 2993 2150 3031 co
2184 2995 2310 3046 pro-

728 3075 960 3122 vectam.
1013 3068 1116 3120 Sed
1156 3068 1284 3120 nihil
1323 3070 1515 3122 horum
1551 3067 1751 3121 factum
1783 3077 1893 3133 est;
1930 3069 2060 3133 imo,
2092 3078 2148 3121 ut
2178 3070 2308 3132 dixi,

2391 585 2686 654 τριακόσια
2716 585 2773 648 ἐξ
2815 577 2875 635 οὗ
2921 583 3195 652 ὑπόφορος
3232 583 3368 635 οὑσα
3417 583 3548 651 ὑμῖν
3589 584 3857 650 ἐγεγόνει,
3891 584 3991 634 καὶ

2398 677 2539 728 κατᾶ
2573 677 2741 746 μηδὲν
2766 675 2996 743 ὀφθεῖσα
3024 677 3123 744 τῆς
3171 675 3416 743 ὑπηκόου
3441 675 3654 740 τάξεως
3711 674 3990 745 μεταϐαλ-

2393 766 2623 834 λομένη,
2675 767 2805 837 μηδέ
2851 766 3300 834 καινοτομήσασά
3334 784 3384 819 τι
3432 767 3565 836 περὶ
3602 767 3732 828 τοὺς
3763 768 3991 836 φόρους,

2396 859 2534 929 μηδὲ
2598 860 2726 929 περὶ
2779 860 2880 928 τὴν
2917 859 3086 928 ἀλλην
3137 858 3408 924 δουλείαν,
3467 861 3601 930 ὅσην
3649 859 3992 928 Σαρακηνοῖς

2395 949 2672 1003 δουλεύειν
2715 950 2908 1020 ἐχρῆν,
2960 950 3085 1021 μηδ’
3131 952 3273 1014 ὅλως
3340 969 3392 1005 τι
3440 950 3550 1004 τῶν
3606 950 3995 1022 ἐγκλησινέπο

2396 1042 2643 1109 αγόντων
2667 1044 2853 1096 αἰτίαν
2877 1043 3142 1112 φέρουσα,
3166 1045 3230 1095 ἐκ
3258 1044 3430 1112 μόνης
3461 1043 3724 1106 ἀπονοίας
3767 1043 3992 1113 ἀνδρὸς,

2398 1136 2494 1187 καὶ
2527 1135 2627 1205 τὴν
2659 1137 2768 1187 τῶν
2803 1136 3152 1206 Χριστιανῶν
3208 1137 3604 1206 άπηρνημένου
3657 1136 3863 1201 πίστιν,
3896 1135 3994 1188 καὶ

2398 1226 2460 1279 τὸ
2491 1228 2829 1298 Σαρακηνῶν
2891 1228 3060 1290 σέϐας
3100 1227 3439 1293 νοθεύοντος,
3477 1228 3839 1298 ἐξηρήμωται
3896 1229 3993 1279 καὶ

2401 1313 2669 1368 ἀπόλωλε.
2705 1317 2818 1368 Καὶ
2847 1317 2896 1368 οἱ
2937 1317 3146 1386 ταύτης
3169 1319 3455 1387 οἰκήτορες
3485 1318 3534 1370 oi
3569 1317 3670 1386 μὲν
3707 1317 3995 1389 μαχαίρας

2401 1404 2588 1474 ἔργον,
2619 1407 2668 1458 οἱ
2698 1406 2757 1460 δὲ
2790 1408 3084 1460 ἀνάστατοι
3134 1409 3419 1476 γεγόνασι,
3453 1409 3614 1462 τούτο
3650 1409 3813 1479 μόνον
3839 1412 3996 1478 ἕχον-

2401 1515 2491 1560 τες
2527 1498 2804 1569 ἔγκλημα,
2853 1500 2934 1552 ὅτι
3001 1501 3093 1553 ἐπὶ
3150 1502 3519 1570 μακροτάτοις
3573 1501 3716 1555 οὑτω
3758 1504 3988 1572 χρόνοις

2405 1589 2703 1645 ὑπέκειντο
2755 1592 3120 1662 εὐγνωμόνως
3181 1595 3331 1664 ὑμῖν,
3371 1595 3468 1647 καὶ
3521 1594 3673 1647 οὑδέν
3730 1593 3997 1662 ὤφθησαν

2400 1684 2508 1737 τῶν
2535 1688 2613 1747 εἰς
2647 1687 2925 1756 ὑμετέραν
2956 1687 3306 1755 ἐλλείψαντες
3357 1687 3685 1757 θεραπείαν,
3728 1688 3997 1750 πολλάκις

2405 1781 2559 1851 ὑμῶν
2587 1781 2799 1851 βαρέως
2837 1783 3240 1852 ἐπενεχθέντων
3269 1785 3454 1847 αὑτοῖς
3481 1785 3574 1836 καὶ
3619 1783 3774 1854 παρὰ
3818 1801 3998 1854 προσ-

2407 1872 2543 1941 ἧκον
2586 1874 2682 1925 καὶ
2719 1874 2788 1926 τά
2853 1873 3009 1927 κοινὰ
3036 1874 3223 1927 δίκαια
3284 1875 3393 1928 τῶν
3434 1873 3767 1944 συμφώνων.
3798 1876 3998 1930 Καίτοι

2405 1981 2469 2032 γε
2500 1965 2658 2033 εἴπερ
2679 1968 2770 2018 καὶ
2797 1963 2884 2019 οἶα
2912 1969 2981 2020 τά
3007 1967 3328 2036 ἀνθρώπινα
3351 1969 3647 2035 σφαλέντες
3667 1969 3993 2038 ἐτύγχανον,

2405 2058 2850 2121 καὶάπεναντίας
2891 2059 3201 2129 ἐφρόνησάν
3256 2078 3309 2112 τι
3335 2060 3431 2113 τοὺ
3484 2061 3754 2132 ὑμετέρου
3790 2065 3998 2132 φρονή-

2409 2167 2600 2218 ματος,
2623 2151 2728 2204 οὐδ’
2754 2150 2930 2213 οὑτως
2959 2154 3132 2222 ἐχρῆν
3155 2153 3345 2214 ὅπλοις
3378 2154 3618 2217 ἐπιέναι,
3652 2155 3764 2206 οὐδ’
3792 2155 4000 2208 αὐτίκα

2407 2243 2542 2311 πρὸς
2566 2243 2770 2311 αἵματα
2798 2247 2997 2313 χωρεῖν
3029 2245 3126 2298 καὶ
3151 2247 3368 2313 σφαγάς
3388 2261 3400 2275 ·
3435 2246 3595 2298 τοῦτο
3649 2247 3761 2315 γάρ
3790 2246 3886 2317 οὑχ
3911 2247 3994 2299 ’ότι

2406 2333 2743 2402 Σαρακηνῶν
2766 2335 2935 2401 ἄξιον,
2965 2335 3081 2388 ἀλλ’
3119 2337 3240 2390 ούδέ
3265 2355 3414 2401 τινος
3442 2338 3630 2409 ἐτέρου
3675 2339 3865 2402 ἔθνους
3900 2340 3999 2392 ἀν-

2408 2423 2698 2495 θρωπίνην
2727 2428 3008 2481 πολιτείαν
3045 2429 3141 2481 καὶ
3173 2429 3289 2498 βίον
3328 2431 3528 2493 εἰδότος
3559 2431 3654 2482 καὶ
3691 2429 3959 2494 σώζοντος
3981 2447 3996 2460 ·

2408 2516 2545 2569 ἀλλὰ
2584 2519 2855 2588 πρότερον
2887 2521 3147 2588 ἐγκαλεῖν
3185 2522 3316 2591 περὶ
3350 2521 3446 2574 τοὺ
3481 2523 3824 2591 σφάλματος,
3881 2524 4004 2588 ἐξεσ-

2410 2609 2632 2678 λέγχειν
2664 2612 2740 2673 ῶς
2772 2613 2834 2664 οὑ
2874 2612 3062 2666 δίκαια
3089 2615 3418 2684 πράττουσι,
3454 2619 3748 2686 παραινεῖν
3785 2615 4000 2667 ἑαυτῶν

2411 2702 2687 2768 γενέσθαι,
2720 2705 2915 2775 καὶμὴ
2942 2705 3276 2773 ἐκφέρεσθαι
3316 2707 3411 2758 τοὺ
3465 2709 3862 2777 προσήκοντος,
3901 2710 4001 2760 καὶ

2411 2795 2572 2848 τοῦτο
2603 2798 2700 2867 οὑχ
2747 2799 2914 2866 ἆπαξ,
2965 2800 3102 2853 ἀλλὰ
3133 2802 3227 2853 καὶ
3259 2802 3342 2864 δὶς
3395 2803 3490 2855 καὶ
3518 2802 3700 2858 πλέον.
3736 2805 3843 2856 Καὶ
3876 2803 3998 2870 εῐγε

2412 2888 2825 2958 ἀνεπιστρόφως
2878 2887 3046 2961 εἶχον,
3102 2893 3198 2945 καὶ
3264 2894 3387 2947 ἀντὶ
3426 2895 3521 2947 τοὺ
3576 2896 3912 2965 μεταμαθεῖν
3936 2897 4002 2948 τὸ

2410 2979 2576 3031 καλὸν
2603 2985 2666 3049 τῇ
2697 2981 2898 3051 χείρονι
2951 2984 3307 3052 προσέκειντο
3364 2985 3586 3056 γνώμη,
3639 2989 3761 3039 τότε
3815 2990 4000 3042 πᾶσαν

2411 3069 2895 3138 άπεκδυσαμένους
2926 3073 3021 3126 καὶ
3057 3074 3208 3127 θείαν
3241 3075 3465 3144 νέμεσιν
3497 3078 3590 3129 καὶ
3614 3079 3998 3148 ἀνθρωπίνην,

731 3160 980 3213 homines
1027 3161 1282 3214 innoxios
1321 3162 1589 3230 culpaque
1673 3176 1892 3226 vacuos,
1938 3163 2137 3229 quique
2179 3163 2306 3214 nihil

2414 3159 2715 3229 ἐπιχειρεῖν
2748 3160 2848 3230 τὴν
2871 3163 3137 3215 ἀπόνοιαν
3169 3163 3279 3216 τῶν
3313 3167 3394 3226 είς
3443 3165 3604 3217 τοῦτο
3638 3167 3998 3218 συνελασθέν-

730 3250 1033 3318 antiquitus
1090 3249 1402 3319 juratorum
1449 3251 1816 3315 violaverunt,
1867 3267 1974 3305 non
2030 3268 2189 3307 seens
2246 3270 2309 3306 ac

731 3343 919 3398 hostes
947 3342 1081 3397 estis
1109 3342 1364 3398 insecuti.

799 3616 934 3681 Quis
967 3615 1094 3669 talia
1129 3614 1378 3677 audiens,
1416 3615 1533 3670 sive
1575 3629 1767 3668 eorum
1805 3614 1898 3684 qui
1951 3629 2096 3669 nunc
2151 3624 2305 3676 sunt,

730 3707 845 3760 sive
865 3706 1194 3770 futurorum,
1219 3715 1492 3775 gestorum
1520 3715 1770 3760 auctores
1797 3721 2007 3774 magna:
2033 3705 2310 3773 iniustitia:

731 3814 838 3850 non
863 3798 1292 3852 condemnabit?
1325 3812 1508 3850 nonne
1530 3798 1695 3850 etiam
1727 3796 1963 3864 majores
1992 3797 2182 3861 vestri,
2215 3797 2308 3865 qui

732 3889 940 3944 foedera
971 3904 1095 3943 cum
1135 3888 1606 3958 Cypriisinierunt
1641 3887 2079 3957 juramentisqne
2111 3888 2310 3941 conﬁr-

736 3989 984 4044 marunt,
1025 3979 1069 4035 si
1102 3981 1227 4049 quis
1257 3977 1528 4033 defunctis
1574 3987 1822 4032 remanet
1866 3993 2062 4032 sensus
2115 3992 2306 4032 eorum

729 4088 852 4141 qua:
880 4073 970 4126 hic
1001 4081 1340 4140 queruntur,
1373 4080 1562 4124 contra
1586 4084 1682 4124 vos
1718 4069 2041 4138 gemebundi
2063 4068 2312 4136 indigna-

731 4168 959 4230 buntur,
985 4179 1193 4234 vosque
1224 4164 1406 4218 omnis
1439 4161 1914 4216 eondemnationis
1945 4176 2069 4214 reos
2094 4160 2308 4229 judica-

733 4261 888 4322 bunt,
946 4267 1206 4325 tauquam
1268 4269 1454 4309 sontes
1495 4270 1606 4308 non
1657 4254 1837 4308 solum
1881 4256 1936 4306 in
1980 4253 2308 4323 Cypriorum

733 4349 993 4412 insulam,
1052 4349 1146 4402 sed
1178 4347 1342 4401 etiam
1377 4347 1430 4398 in
1473 4346 1645 4415 ipsos,
1684 4355 1821 4399 etut
1863 4346 2162 4413 parricidas
2191 4361 2310 4400 om-

733 4443 896 4496 nibus
939 4457 1036 4495 vos
1082 4439 1389 4494 maledictis
1424 4439 1770 4493 onerabuntl
1803 4437 1949 4507 quod
1999 4439 2044 4493 si
2090 4439 2215 4508 quis
2253 4439 2307 4492 in

2414 3249 2524 3299 τῶν
2565 3254 2940 3321 τιμωρεῖσθαι
2973 3255 3067 3307 καὶ
3091 3255 3442 3324 ἀνακρούειν.
3485 3257 3772 3328 Ἐπράχθη
3807 3259 3861 3310 δέ
3889 3277 4005 3312 τοι-

2413 3340 2566 3391 οὑτον
2589 3342 2932 3407 οὑδέν·ἁλλ’,
2967 3345 3104 3412 ὅπερ
3138 3339 3316 3411 εἷπον,
3350 3346 3677 3416 ἀνθρώπους
3714 3349 4000 3413 ἀναιτίους

2416 3432 2581 3500 μηδὲν
2635 3435 2991 3504 ἠδικηκότας,
3045 3437 3216 3507 μηδὲν
3263 3437 3374 3490 τῶν
3401 3440 3460 3503 ἐξ
3501 3441 3675 3510 ἀρχῆς
3731 3440 4003 3505 δοξάντων

2412 3524 2771 3592 ἠθετηκότας,
2801 3527 2888 3580 ίσα
2915 3530 3010 3581 καὶ
3039 3530 3330 3598 πολεμίοις
3360 3532 3784 3602 διεχειρίσασθε.

2479 3617 2797 3685 Τίςίάκούων
2815 3619 3027 3691 ταὺταῆ
3048 3621 3156 3674 τῶν
3172 3621 3290 3686 νῦν,
3311 3623 3343 3694 ἢ
3361 3624 3468 3675 τῶν
3487 3625 3786 3690 μετέπειτα
3801 3626 4003 3696 ἐσομέ-

2410 3725 2516 3760 νων
2538 3710 2658 3778 οὑχὶ
2701 3712 2945 3781 μεγάλην
2990 3713 3204 3766 ἀδικίαν
3233 3713 3340 3767 τῶν
3364 3714 3556 3778 ἷταὺτα
3581 3716 4001 3783 καταγνώσεται

2409 3800 2944 3871 διαπεπραγμένων;
2981 3805 3106 3867 Πῶς
3129 3805 3184 3858 δὲ
3213 3807 3261 3857 οἱ
3291 3807 3636 3878 προπάτορες
3658 3808 3814 3878 ὑμῶν
3853 3810 3900 3860 οἱ
3929 3807 4002 3862 τά

2411 3891 2678 3961 σύμφωνα
2696 3896 2790 3946 καὶ
2817 3895 2944 3959 τοὺς
2974 3898 3170 3965 ὅρκους
3191 3897 3409 3967 θέμενοι
3429 3901 3567 3970 πρὸς
3605 3900 3911 3970 Κυπρίους,
3937 3905 3993 3956 εί

2413 4002 2496 4047 τις
2524 3985 2640 4038 ἐστὶ
2659 3986 2768 4038 τῶν
2788 3989 2847 4040 ἐν
2879 3989 2956 4057 τῷ
2984 3989 3083 4059 βίῳ
3101 3990 3276 4058 τούτῳ
3291 3991 3684 4061 πραττομένων
3717 3994 3829 4055 τοῖς
3850 3995 4000 4046 ἀποι-

2409 4075 2662 4144 χομένοις
2697 4078 3073 4148 συναίσθησις,
3102 4080 3223 4150 οὑχὶ
3250 4081 3501 4149 μεγάλως
3524 4081 3843 4148 στενάξαιτο
3873 4083 3997 4136 καθ’

2411 4165 2587 4233 ὑμῶν,
2637 4165 2732 4217 καὶ
2763 4167 2945 4236 πάσης
3010 4169 3393 4236 κατακρίσεως
3467 4170 3690 4239 ἐνόχους
3751 4172 4000 4242 καταψη-

2411 4257 2680 4325 φιοῦνται,
2713 4259 2773 4310 οὑ
2827 4259 2989 4328 μόνον
3027 4260 3103 4323 ὥς
3153 4261 3582 4332 ἐξαμαρτῶντας
3625 4265 3704 4326 είς
3760 4265 3860 4335 τὴν
3890 4266 4000 4318 τῶν

2410 4349 2682 4419 Κυπρίων
2710 4349 2898 4418 νῆσον,
2927 4351 3065 4404 ἀλλὰ
3095 4352 3191 4406 καὶ
3235 4357 3316 4416 είς
3363 4354 3619 4418 ἐκείνους
3646 4355 3868 4419 αὑτοὺς,
3905 4361 4000 4410 καὶ

2410 4439 2485 4502 ὡς
2525 4441 2859 4508 πατραλοίας
2904 4443 3111 4503 πάσαις
3145 4443 3524 4496 ὑποϐαλοὺσιν
3554 4447 3763 4516 ἀραῖς;
3801 4449 3871 4499 Ἥ
3901 4450 4000 4502 ἐάν

731 4545 940 4604 patrem
975 4533 1153 4587 adhuc
1186 4533 1452 4586 viventem
1484 4546 1551 4586 eo
1575 4545 1686 4600 quo
1719 4531 2096 4595 insurrexerit,
2127 4539 2306 4585 notam

2414 4547 2497 4592 τις
2538 4530 2680 4584 κατά
2738 4530 2833 4584 τοὺ
2892 4532 3024 4584 ἰδίου
3064 4532 3274 4602 πατρὸς
3329 4534 3388 4584 ἐν
3417 4532 3492 4602 τῷ
3522 4535 3754 4603 παρόντι
3786 4535 3887 4606 βίῳ
3915 4539 3997 4597 είς

733 4627 1012 4696 parricidii
1060 4640 1165 4679 non
1199 4625 1484 4691 effugeret,
1519 4638 1703 4678 nonne
1725 4623 1818 4692 qui
1849 4622 2092 4678 defuncti
2136 4623 2308 4693 patris

733 4716 1036 4770 volunlalis
1086 4713 1434 4777 contradicit,
1479 4714 1754 4782 parricida
1802 4714 1908 4768 erit
1955 4712 2311 4782 ejusdemque

734 4823 911 4877 pana:
957 4807 1127 4862 reus?
1160 4805 1382 4875 Ecquod
1439 4805 1584 4859 enim
1639 4806 1780 4859 inter
1827 4805 1942 4860 hac
1998 4804 2311 4859 rebellionis

735 4911 982 4970 respectu
1013 4901 1167 4954 adest
1200 4899 1528 4953 discrimen?
1558 4898 1686 4967 quin
1730 4898 1860 4960 imo,
1895 4898 1939 4952 si
1971 4899 2097 4968 quis
2129 4899 2303 4967 probe

739 4993 1048 5063 intelligere
1098 4992 1249 5054 velit,
1283 4991 1436 5061 pejus
1487 5002 1574 5045 est
1605 4991 1659 5043 in
1691 4990 2004 5044 defunctum
2039 5005 2202 5058 quam
2254 4988 2309 5042 in

736 5087 922 5138 vivum
953 5095 1160 5154 patrem
1197 5086 1503 5153 insurgere,
1537 5100 1648 5153 quo
1677 5084 1851 5152 magis
1883 5098 2074 5138 eorum
2113 5083 2311 5136 interni

737 5179 828 5243 qui
879 5176 944 5230 ad
984 5176 1223 5231 futuram
1258 5177 1424 5230 vitam
1459 5186 1824 5246 pervenerunt
1852 5177 2026 5230 honor
2070 5190 2098 5228 a
2126 5175 2315 5229 liberis

739 5269 982 5332 habitus,
1015 5271 1389 5337 memoriaque
1429 5271 1781 5324 veneratione
1825 5269 1978 5338 plena
2012 5276 2174 5336 atque
2215 5283 2314 5320 vo-

740 5361 964 5417 luntatis
1016 5363 1363 5417 observantia
1404 5381 1418 5417 :
1453 5363 1617 5416 homo
1677 5378 1804 5417 vero
1870 5363 1959 5416 ille
2017 5360 2313 5431 (quomodo

741 5454 1013 5506 nominem
1073 5454 1304 5524 nescio),
1350 5456 1442 5523 qui
1496 5454 1843 5508 Christianos
1897 5469 2004 5507 non
2065 5463 2214 5505 amat
2261 5463 2316 5506 et

741 5547 1144 5601 Saracenorum
1182 5564 1269 5602 res
1318 5548 1445 5603 facit
1479 5549 1918 5616 eontemptihiles
1965 5546 2314 5616 (Damianum

746 5639 906 5709 ifico),
959 5655 1133 5708 neque
1177 5641 1464 5710 prmsentia
1511 5641 1862 5695 considerans
1916 5654 2096 5707 neque
2134 5637 2314 5690 futura

739 5733 1046 5798 attendens,
1078 5734 1192 5789 sola
1226 5751 1324 5788 sua
1369 5734 1606 5788 amentia
1653 5740 1706 5787 et
1736 5731 2094 5786 irrationabili
2132 5730 2316 5784 furore

743 5833 954 5891 (aptus,
1009 5825 1229 5894 impiam
1277 5841 1388 5880 rem
1422 5827 1530 5896 agit
1554 5825 1768 5880 cunctis
1815 5823 2030 5880 smculis
2080 5821 2311 5877 futuram

2413 4620 2788 4674 ἐπανάστασιν
2838 4624 3111 4691 καταστῇ,
3170 4619 3266 4673 τοὺ
3317 4623 3657 4690 πατραλοίας
3709 4618 3852 4676 εἶναι
3901 4627 3999 4696 τὴν

2410 4712 2628 4782 γραφὴν
2649 4713 2750 4765 οὑκ
2790 4713 3143 4782 ἐκφεύξεται,
3194 4713 3298 4781 τῆς
3329 4712 3386 4764 δέ
3422 4713 3712 4786 παρούσης
3743 4717 4002 4769 ἀπελθόν-

2409 4820 2502 4866 τος
2536 4804 2702 4871 ζωῆς,
2734 4805 2831 4858 ἐάν
2878 4805 2948 4857 τὰ
2990 4805 3191 4874 ἐκείνῳ
3239 4805 3529 4874 ἀνατρέψῃ
3585 4805 3840 4870 δόξαντα,
3893 4809 4000 4862 οὑκ

2412 4896 2566 4949 ἐσται
2591 4897 2952 4966 πατραλοίας,
2977 4896 3100 4950 οὑδέ
3129 4899 3230 4966 τῆς
3254 4898 3425 4967 αὑτῆς
3452 4897 3638 4967 ἔνοχος
3660 4899 4002 4968 καταδίκηςς

2413 4988 2480 5041 Τί
2509 4991 2618 5058 γάρ
2659 4990 2816 5043 τοῦτο
2861 4991 3073 5043 ἐκείνου
3136 4990 3273 5058 πρὸς
3300 4991 3674 5044 ἐπανάστασιν
3711 4992 4000 5061 διαφέρεις

2413 5081 2632 5134 Μᾶλλον
2658 5081 2714 5134 δέ
2749 5083 2802 5134 εί
2850 5100 2934 5145 τις
2991 5083 3239 5151 ἀκριϐῶς
3263 5083 3518 5151 βούλεται
3557 5085 3814 5149 συνιδεῖν,
3857 5085 4005 5155 αὕτη

2417 5173 2620 5245 μείζων
2647 5174 2741 5228 τοὺ
2765 5175 2926 5239 ζῶντι
2955 5177 3328 5243 ἐπαναστῆναι
3361 5177 3438 5243 τῷ
3472 5178 3647 5242 πατρὶ
3687 5179 4008 5232 ἐπανάστα-

2421 5283 2540 5328 σις,
2579 5269 2690 5337 ὅσῳ
2721 5268 2815 5320 καὶ
2851 5267 3054 5337 μᾶλλον
3093 5267 3258 5319 πλέον
3281 5267 3556 5335 ὀφείλεται
3579 5271 3691 5330 τοῖς
3721 5269 3860 5337 πρὸς
3899 5273 4008 5338 τὴν

2419 5358 2720 5427 μέλλουσαν
2743 5358 3152 5428 μεταϐεϐηκόσι
3207 5359 3358 5429 ζωὴν
3387 5361 3420 5428 ἡ
3460 5360 3615 5430 παρά
3643 5360 3754 5412 τῶν
3779 5361 4003 5414 τέκνων

2413 5451 2569 5519 τιμὴ,
2634 5450 2728 5502 καὶ
2780 5451 2813 5519 ἡ
2855 5451 2954 5502 σὺν
3028 5450 3286 5519 εὑλαὸείᾳ
3360 5451 3574 5520 μνήμη,
3670 5452 3763 5504 καὶ
3815 5453 3848 5521 ἠ
3888 5451 4008 5503 τῶν

2413 5544 2859 5612 διατεταγμένων
2944 5545 3296 5615 συντήρησις.
3365 5545 3429 5596 Ὢ
3495 5545 3650 5605 ὅπως
3703 5544 3844 5597 ετπω
3908 5544 4009 5596 ἇν-

2416 5632 2636 5703 θρωπος
2664 5635 2870 5695 ἐκεῖνος
2918 5636 2945 5685 ὁ
3003 5634 3140 5703 μήτε
3197 5632 3265 5684 τὰ
3319 5633 3668 5702 Χριστιανῶν
3740 5632 4004 5701 στέρξας,

2417 5727 2511 5778 καὶ
2609 5724 2679 5777 τά
2776 5723 2884 5776 τῶν
2967 5724 3302 5794 Σαρακηνῶν
3379 5725 3534 5794 παρά
3620 5724 3823 5794 φαῦλον
3913 5724 4007 5776 θέ-

2421 5835 2604 5888 μετος,
2641 5819 2916 5884 Δαμιανὺν
2946 5818 3003 5872 δὲ
3030 5819 3195 5891 φησιν
3220 5821 3246 5872 ό
3285 5819 3464 5886 λόγος,
3499 5820 3652 5874 οὑδέν
3683 5817 3864 5872 λαόῶν
3905 5819 4009 5873 ἐπὶ
