  <div class='ocr_page' id='page_1' title='image "/cluster/home/n/w/nwhite01/storage/ocr_20150623/111/nnc1.0046979743/024.png"; bbox 0 0 4158 6430; ppageno 0'>
   <div class='ocr_carea' id='block_1_1' title="bbox 153 391 1744 459">
    <p class='ocr_par' dir='ltr' id='par_1_1' title="bbox 153 392 1744 454">
     <span class='ocr_line' id='line_1_1' title="bbox 153 392 1744 454; baseline -0.003 0"><span class='ocrx_word' id='word_1_1' title='bbox 153 395 219 454; x_wconf 79' lang='lat'><strong>33</strong></span> <span class='ocrx_word' id='word_1_2' title='bbox 1522 444 1525 445; x_wconf 30' lang='grc' dir='ltr'><em>γ</em></span> <span class='ocrx_word' id='word_1_3' title='bbox 1572 392 1744 451; x_wconf 82' lang='lat' dir='ltr'><strong>EPlS</strong></span> 
     </span>
    </p>
   </div>
   <div class='ocr_carea' id='block_1_2' title="bbox 1851 391 3426 459">
    <p class='ocr_par' dir='ltr' id='par_1_2' title="bbox 1852 392 3426 459">
     <span class='ocr_line' id='line_1_2' title="bbox 1852 392 3426 459; baseline 0.005 -8"><span class='ocrx_word' id='word_1_4' title='bbox 1852 392 1983 451; x_wconf 63' lang='grc' dir='ltr'><strong>ΗΕ.</strong></span> <span class='ocrx_word' id='word_1_5' title='bbox 3353 399 3426 459; x_wconf 70' lang='grc'>34</span> 
     </span>
    </p>
   </div>
   <div class='ocr_carea' id='block_1_3' title="bbox 156 507 1744 580">
    <p class='ocr_par' dir='ltr' id='par_1_3' title="bbox 156 509 1744 576">
     <span class='ocr_line' id='line_1_3' title="bbox 156 509 1744 576; baseline -0.003 -9"><span class='ocrx_word' id='word_1_6' title='bbox 156 513 279 567; x_wconf 70' lang='grc' dir='ltr'>νοῦν</span> <span class='ocrx_word' id='word_1_7' title='bbox 308 513 437 567; x_wconf 77' lang='grc' dir='ltr'>οὔτε</span> <span class='ocrx_word' id='word_1_8' title='bbox 470 514 541 566; x_wconf 72' lang='grc' dir='ltr'>τὰ</span> <span class='ocrx_word' id='word_1_9' title='bbox 573 512 846 574; x_wconf 83' lang='grc' dir='ltr'>παρόντα,</span> <span class='ocrx_word' id='word_1_10' title='bbox 894 510 1020 564; x_wconf 75' lang='grc' dir='ltr'>οὔτε</span> <span class='ocrx_word' id='word_1_11' title='bbox 1069 510 1135 563; x_wconf 75' lang='grc' dir='ltr'>τὰ</span> <span class='ocrx_word' id='word_1_12' title='bbox 1166 509 1395 576; x_wconf 71' lang='grc' dir='ltr'>ὕστερον</span> <span class='ocrx_word' id='word_1_13' title='bbox 1443 510 1744 576; x_wconf 70' lang='grc' dir='ltr'>ἐπιλογισά-</span> 
     </span>
    </p>
   </div>
   <div class='ocr_carea' id='block_1_4' title="bbox 1851 507 3433 580">
    <p class='ocr_par' dir='ltr' id='par_1_4' title="bbox 1869 507 3433 580">
     <span class='ocr_line' id='line_1_4' title="bbox 1869 507 3433 580; baseline 0.003 -18"><span class='ocrx_word' id='word_1_14' title='bbox 1869 523 1981 562; x_wconf 68' lang='grc' dir='ltr'>ειιαξ</span> <span class='ocrx_word' id='word_1_15' title='bbox 2012 507 2733 576; x_wconf 68' lang='lat' dir='ltr'><strong>nequitiae&#39;monumentum,</strong></span> <span class='ocrx_word' id='word_1_16' title='bbox 2766 507 3019 571; x_wconf 84' lang='lat' dir='ltr'><strong>insulam,</strong></span> <span class='ocrx_word' id='word_1_17' title='bbox 3053 510 3299 580; x_wconf 87' lang='lat' dir='ltr'><strong>plurimis</strong></span> <span class='ocrx_word' id='word_1_18' title='bbox 3332 514 3433 566; x_wconf 83' lang='lat' dir='ltr'><strong>lio-</strong></span> 
     </span>
    </p>
   </div>
   <div class='ocr_carea' id='block_1_5' title="bbox 156 599 1741 675">
    <p class='ocr_par' dir='ltr' id='par_1_5' title="bbox 156 599 1741 675">
     <span class='ocr_line' id='line_1_5' title="bbox 156 599 1741 675; baseline -0.004 -17"><span class='ocrx_word' id='word_1_19' title='bbox 156 622 340 674; x_wconf 79' lang='grc' dir='ltr'>μενος,</span> <span class='ocrx_word' id='word_1_20' title='bbox 401 606 543 675; x_wconf 80' lang='grc' dir='ltr'>μόνῃ</span> <span class='ocrx_word' id='word_1_21' title='bbox 600 605 655 657; x_wconf 78' lang='grc' dir='ltr'>δὲ</span> <span class='ocrx_word' id='word_1_22' title='bbox 699 607 763 674; x_wconf 78' lang='grc' dir='ltr'>τῇ</span> <span class='ocrx_word' id='word_1_23' title='bbox 826 604 1053 671; x_wconf 75' lang='grc' dir='ltr'><strong>ἀπονοίᾳ</strong></span> <span class='ocrx_word' id='word_1_24' title='bbox 1109 602 1309 668; x_wconf 74' lang='grc' dir='ltr'>καὶτῴ</span> <span class='ocrx_word' id='word_1_25' title='bbox 1364 599 1547 669; x_wconf 83' lang='grc' dir='ltr'>ἀλόγῳ</span> <span class='ocrx_word' id='word_1_26' title='bbox 1580 600 1741 669; x_wconf 81' lang='grc' dir='ltr'>θυμῷ</span> 
     </span>
    </p>
   </div>
   <div class='ocr_carea' id='block_1_6' title="bbox 154 689 1751 765">
    <p class='ocr_par' dir='ltr' id='par_1_6' title="bbox 154 689 1751 765">
     <span class='ocr_line' id='line_1_6' title="bbox 154 689 1751 765; baseline -0.001 -20"><span class='ocrx_word' id='word_1_27' title='bbox 154 695 357 747; x_wconf 66' lang='grc' dir='ltr'>ἑαυτὸν</span> <span class='ocrx_word' id='word_1_28' title='bbox 396 695 735 765; x_wconf 71' lang='grc' dir='ltr'>ἐπιτρέψας,</span> <span class='ocrx_word' id='word_1_29' title='bbox 768 692 1002 760; x_wconf 81' lang='grc' dir='ltr'>ἔπραξεν</span> <span class='ocrx_word' id='word_1_30' title='bbox 1025 693 1185 762; x_wconf 79' lang='grc' dir='ltr'>ἔργον</span> <span class='ocrx_word' id='word_1_31' title='bbox 1214 692 1457 755; x_wconf 85' lang='grc' dir='ltr'>ἀνόσιον,</span> <span class='ocrx_word' id='word_1_32' title='bbox 1481 689 1557 759; x_wconf 81' lang='grc' dir='ltr'>τῷ</span> <span class='ocrx_word' id='word_1_33' title='bbox 1590 692 1751 744; x_wconf 75' lang='grc' dir='ltr'>παντὶ</span> 
     </span>
    </p>
   </div>
   <div class='ocr_carea' id='block_1_7' title="bbox 1860 599 3433 670">
    <p class='ocr_par' dir='ltr' id='par_1_7' title="bbox 1860 599 3433 670">
     <span class='ocr_line' id='line_1_7' title="bbox 1860 599 3433 670; baseline 0.002 -17"><span class='ocrx_word' id='word_1_34' title='bbox 1860 599 2102 653; x_wconf 85' lang='lat' dir='ltr'><strong>minibus</strong></span> <span class='ocrx_word' id='word_1_35' title='bbox 2138 600 2499 669; x_wconf 72' lang='lat' dir='ltr'><strong>frequentem,</strong></span> <span class='ocrx_word' id='word_1_36' title='bbox 2540 600 2769 670; x_wconf 85' lang='lat' dir='ltr'><strong>quodin</strong></span> <span class='ocrx_word' id='word_1_37' title='bbox 2807 616 2865 654; x_wconf 89' lang='lat' dir='ltr'><strong>se</strong></span> <span class='ocrx_word' id='word_1_38' title='bbox 2894 611 3029 665; x_wconf 82' lang='lat' dir='ltr'><strong>erat,</strong></span> <span class='ocrx_word' id='word_1_39' title='bbox 3067 619 3094 654; x_wconf 90' lang='lat' dir='ltr'><strong>a</strong></span> <span class='ocrx_word' id='word_1_40' title='bbox 3128 604 3292 658; x_wconf 90' lang='lat' dir='ltr'><strong>terris</strong></span> <span class='ocrx_word' id='word_1_41' title='bbox 3330 604 3433 659; x_wconf 90' lang='lat' dir='ltr'><strong>tol-</strong></span> 
     </span>
    </p>
   </div>
   <div class='ocr_carea' id='block_1_8' title="bbox 1857 691 3022 762">
    <p class='ocr_par' dir='ltr' id='par_1_8' title="bbox 1857 691 3022 762">
     <span class='ocr_line' id='line_1_8' title="bbox 1857 691 3022 762; baseline 0.001 -18"><span class='ocrx_word' id='word_1_42' title='bbox 1857 691 1997 757; x_wconf 88' lang='lat' dir='ltr'><strong>lens,</strong></span> <span class='ocrx_word' id='word_1_43' title='bbox 2029 692 2389 746; x_wconf 74' lang='lat' dir='ltr'><strong>internecioni</strong></span> <span class='ocrx_word' id='word_1_44' title='bbox 2421 693 2634 747; x_wconf 86' lang='lat' dir='ltr'><strong>traditis</strong></span> <span class='ocrx_word' id='word_1_45' title='bbox 2662 691 2783 762; x_wconf 82' lang='lat' dir='ltr'><strong>ejus</strong></span> <span class='ocrx_word' id='word_1_46' title='bbox 2812 692 3022 747; x_wconf 81' lang='lat' dir='ltr'><strong>incolis.</strong></span> 
     </span>
    </p>
   </div>
   <div class='ocr_carea' id='block_1_9' title="bbox 155 783 3433 862">
    <p class='ocr_par' dir='ltr' id='par_1_9' title="bbox 155 783 3433 862">
     <span class='ocr_line' id='line_1_9' title="bbox 155 783 3433 862; baseline -0.001 -17"><span class='ocrx_word' id='word_1_47' title='bbox 155 792 314 845; x_wconf 77' lang='grc' dir='ltr'>αίῶνι</span> <span class='ocrx_word' id='word_1_48' title='bbox 348 792 555 862; x_wconf 86' lang='grc' dir='ltr'>στήλην</span> <span class='ocrx_word' id='word_1_49' title='bbox 616 794 716 860; x_wconf 83' lang='grc' dir='ltr'><strong>τῆς</strong></span> <span class='ocrx_word' id='word_1_50' title='bbox 751 790 943 842; x_wconf 71' lang='grc' dir='ltr'>ἑαυτοῦ</span> <span class='ocrx_word' id='word_1_51' title='bbox 1016 788 1211 851; x_wconf 80' lang='grc' dir='ltr'>κακίας</span> <span class='ocrx_word' id='word_1_52' title='bbox 1276 789 1557 855; x_wconf 76' lang='grc' dir='ltr'>ἐσόμενον,</span> <span class='ocrx_word' id='word_1_53' title='bbox 1642 786 2209 858; x_wconf 78' lang='grc' dir='ltr'><strong>πολυανθρωποτάτην</strong></span> <span class='ocrx_word' id='word_1_54' title='bbox 2260 790 2447 858; x_wconf 73' lang='grc' dir='ltr'>νῆσον,</span> <span class='ocrx_word' id='word_1_55' title='bbox 2498 788 2618 840; x_wconf 75' lang='grc' dir='ltr'>ὅσον</span> <span class='ocrx_word' id='word_1_56' title='bbox 2664 788 2753 839; x_wconf 78' lang='grc' dir='ltr'>ἐπ’</span> <span class='ocrx_word' id='word_1_57' title='bbox 2812 786 2962 856; x_wconf 71' lang='grc' dir='ltr'>αὐτῷ</span> <span class='ocrx_word' id='word_1_58' title='bbox 3018 783 3175 858; x_wconf 74' lang='grc' dir='ltr'>ἧκεν,</span> <span class='ocrx_word' id='word_1_59' title='bbox 3229 790 3292 842; x_wconf 75' lang='grc' dir='ltr'>ἐκ</span> <span class='ocrx_word' id='word_1_60' title='bbox 3326 788 3433 856; x_wconf 79' lang='grc' dir='ltr'><strong>γῆς</strong></span> 
     </span>
    </p>
   </div>
   <div class='ocr_carea' id='block_1_10' title="bbox 152 882 2160 955">
    <p class='ocr_par' dir='ltr' id='par_1_10' title="bbox 152 882 2160 955">
     <span class='ocr_line' id='line_1_10' title="bbox 152 882 2160 955; baseline -0.002 -14"><span class='ocrx_word' id='word_1_61' title='bbox 152 888 519 955; x_wconf 68' lang='grc' dir='ltr'>ἐξαφανίσας.</span> <span class='ocrx_word' id='word_1_62' title='bbox 552 886 898 955; x_wconf 76' lang='grc' dir='ltr'>πανωλεθρᾳ</span> <span class='ocrx_word' id='word_1_63' title='bbox 955 884 1412 954; x_wconf 76' lang='grc' dir='ltr'>παραδεδομένων</span> <span class='ocrx_word' id='word_1_64' title='bbox 1456 883 1565 936; x_wconf 83' lang='grc' dir='ltr'>τῶν</span> <span class='ocrx_word' id='word_1_65' title='bbox 1598 883 1805 954; x_wconf 82' lang='grc' dir='ltr'>ταύτης</span> <span class='ocrx_word' id='word_1_66' title='bbox 1832 882 2160 953; x_wconf 76' lang='grc' dir='ltr'><strong>οἰκητόρων.</strong></span> 
     </span>
    </p>
   </div>
   <div class='ocr_carea' id='block_1_11' title="bbox 221 974 1751 1051">
    <p class='ocr_par' dir='ltr' id='par_1_11' title="bbox 221 974 1751 1051">
     <span class='ocr_line' id='line_1_11' title="bbox 221 974 1751 1051; baseline -0.001 -18"><span class='ocrx_word' id='word_1_67' title='bbox 221 983 358 1045; x_wconf 78' lang='grc' dir='ltr'>Ναὶ,</span> <span class='ocrx_word' id='word_1_68' title='bbox 382 983 577 1051; x_wconf 72' lang='grc' dir='ltr'>φησὶν,</span> <span class='ocrx_word' id='word_1_69' title='bbox 600 981 715 1035; x_wconf 76' lang='grc' dir='ltr'>ἀλλ’</span> <span class='ocrx_word' id='word_1_70' title='bbox 744 982 859 1049; x_wconf 76' lang='grc' dir='ltr'>ἐρεῖ</span> <span class='ocrx_word' id='word_1_71' title='bbox 891 997 973 1042; x_wconf 84' lang='grc' dir='ltr'><strong>τις</strong></span> <span class='ocrx_word' id='word_1_72' title='bbox 995 996 1008 1010; x_wconf 86' lang='grc'><strong>·</strong></span> <span class='ocrx_word' id='word_1_73' title='bbox 1034 974 1143 1031; x_wconf 84' lang='grc' dir='ltr'>Ἦν</span> <span class='ocrx_word' id='word_1_74' title='bbox 1170 979 1319 1032; x_wconf 84' lang='grc' dir='ltr'>αἰτία</span> <span class='ocrx_word' id='word_1_75' title='bbox 1352 979 1580 1031; x_wconf 73' lang='grc' dir='ltr'>κινοῦσα</span> <span class='ocrx_word' id='word_1_76' title='bbox 1614 980 1751 1049; x_wconf 74' lang='grc' dir='ltr'>πρὸς</span> 
     </span>
    </p>
   </div>
   <div class='ocr_carea' id='block_1_12' title="bbox 153 1070 1747 1140">
    <p class='ocr_par' dir='ltr' id='par_1_12' title="bbox 153 1070 1747 1140">
     <span class='ocr_line' id='line_1_12' title="bbox 153 1070 1747 1140; baseline -0.003 -13"><span class='ocrx_word' id='word_1_77' title='bbox 153 1075 331 1136; x_wconf 79' lang='grc' dir='ltr'>τοῦτο,</span> <span class='ocrx_word' id='word_1_78' title='bbox 366 1078 465 1127; x_wconf 74' lang='grc' dir='ltr'><strong>καὶ</strong></span> <span class='ocrx_word' id='word_1_79' title='bbox 496 1075 587 1126; x_wconf 72' lang='grc' dir='ltr'><strong>διὰ</strong></span> <span class='ocrx_word' id='word_1_80' title='bbox 617 1073 778 1125; x_wconf 80' lang='grc' dir='ltr'>τοῦτο</span> <span class='ocrx_word' id='word_1_81' title='bbox 809 1071 1171 1140; x_wconf 78' lang='grc' dir='ltr'>κεκινημένος</span> <span class='ocrx_word' id='word_1_82' title='bbox 1198 1071 1260 1122; x_wconf 82' lang='grc' dir='ltr'><strong>τὸ</strong></span> <span class='ocrx_word' id='word_1_83' title='bbox 1289 1070 1483 1123; x_wconf 79' lang='grc' dir='ltr'>δοκοῦν</span> <span class='ocrx_word' id='word_1_84' title='bbox 1524 1072 1747 1124; x_wconf 81' lang='grc' dir='ltr'>ἀνόσιον</span> 
     </span>
    </p>
   </div>
   <div class='ocr_carea' id='block_1_13' title="bbox 154 1160 1751 1234">
    <p class='ocr_par' dir='ltr' id='par_1_13' title="bbox 154 1160 1751 1234">
     <span class='ocr_line' id='line_1_13' title="bbox 154 1160 1751 1234; baseline -0.003 -17"><span class='ocrx_word' id='word_1_85' title='bbox 154 1167 521 1234; x_wconf 67' lang='grc' dir='ltr'><strong>διεπράξατο.</strong></span> <span class='ocrx_word' id='word_1_86' title='bbox 585 1165 945 1233; x_wconf 79' lang='grc' dir='ltr'>Σαρακηνοὺς</span> <span class='ocrx_word' id='word_1_87' title='bbox 1004 1164 1113 1233; x_wconf 84' lang='grc' dir='ltr'>γὰρ</span> <span class='ocrx_word' id='word_1_88' title='bbox 1149 1164 1208 1214; x_wconf 76' lang='grc' dir='ltr'>ὲν</span> <span class='ocrx_word' id='word_1_89' title='bbox 1237 1166 1304 1232; x_wconf 78' lang='grc' dir='ltr'>τῇ</span> <span class='ocrx_word' id='word_1_90' title='bbox 1364 1162 1513 1230; x_wconf 85' lang='grc' dir='ltr'>νήσῳ</span> <span class='ocrx_word' id='word_1_91' title='bbox 1570 1160 1751 1213; x_wconf 74' lang='grc' dir='ltr'>λαϐὼν</span> 
     </span>
    </p>
   </div>
   <div class='ocr_carea' id='block_1_14' title="bbox 165 1252 1750 1325">
    <p class='ocr_par' dir='ltr' id='par_1_14' title="bbox 165 1252 1750 1325">
     <span class='ocr_line' id='line_1_14' title="bbox 165 1252 1750 1325; baseline -0.003 -16"><span class='ocrx_word' id='word_1_92' title='bbox 165 1258 431 1325; x_wconf 77' lang='grc' dir='ltr'>ΊΙμέριος</span> <span class='ocrx_word' id='word_1_93' title='bbox 473 1257 833 1325; x_wconf 75' lang='grc' dir='ltr'>διεχρήσατο,</span> <span class='ocrx_word' id='word_1_94' title='bbox 859 1254 977 1308; x_wconf 83' lang='grc' dir='ltr'>δέον</span> <span class='ocrx_word' id='word_1_95' title='bbox 1007 1255 1148 1308; x_wconf 86' lang='grc' dir='ltr'><strong>κατά</strong></span> <span class='ocrx_word' id='word_1_96' title='bbox 1176 1255 1245 1308; x_wconf 78' lang='grc' dir='ltr'>τὰ</span> <span class='ocrx_word' id='word_1_97' title='bbox 1270 1252 1750 1322; x_wconf 76' lang='grc' dir='ltr'>συμπεφωνημένα</span> 
     </span>
    </p>
   </div>
   <div class='ocr_carea' id='block_1_15' title="bbox 152 1341 1750 1415">
    <p class='ocr_par' dir='ltr' id='par_1_15' title="bbox 152 1341 1750 1415">
     <span class='ocr_line' id='line_1_15' title="bbox 152 1341 1750 1415; baseline -0.005 -15"><span class='ocrx_word' id='word_1_98' title='bbox 152 1350 436 1411; x_wconf 72' lang='grc' dir='ltr'>σώζεσθαι</span> <span class='ocrx_word' id='word_1_99' title='bbox 470 1348 674 1415; x_wconf 67' lang='grc' dir='ltr'>μᾶλλον</span> <span class='ocrx_word' id='word_1_100' title='bbox 726 1346 927 1408; x_wconf 69' lang='grc' dir='ltr'>αὑτοὺς</span> <span class='ocrx_word' id='word_1_101' title='bbox 977 1346 1126 1415; x_wconf 82' lang='grc' dir='ltr'><strong>παρὰ</strong></span> <span class='ocrx_word' id='word_1_102' title='bbox 1169 1345 1279 1396; x_wconf 81' lang='grc' dir='ltr'>τῶν</span> <span class='ocrx_word' id='word_1_103' title='bbox 1333 1343 1617 1412; x_wconf 78' lang='grc' dir='ltr'><strong>Κυπρίων,</strong></span> <span class='ocrx_word' id='word_1_104' title='bbox 1654 1341 1750 1394; x_wconf 77' lang='grc' dir='ltr'>καὶ</span> 
     </span>
    </p>
   </div>
   <div class='ocr_carea' id='block_1_16' title="bbox 151 1432 1750 1510">
    <p class='ocr_par' dir='ltr' id='par_1_16' title="bbox 151 1432 1750 1510">
     <span class='ocr_line' id='line_1_16' title="bbox 151 1432 1750 1510; baseline -0.004 -17"><span class='ocrx_word' id='word_1_105' title='bbox 151 1444 288 1510; x_wconf 61' lang='grc' dir='ltr'>πρὶς</span> <span class='ocrx_word' id='word_1_106' title='bbox 320 1443 421 1493; x_wconf 71' lang='grc' dir='ltr'>τὸν</span> <span class='ocrx_word' id='word_1_107' title='bbox 472 1442 609 1493; x_wconf 86' lang='grc' dir='ltr'>ῖδιον</span> <span class='ocrx_word' id='word_1_108' title='bbox 644 1439 811 1491; x_wconf 83' lang='grc' dir='ltr'>τόπον</span> <span class='ocrx_word' id='word_1_109' title='bbox 855 1437 1355 1492; x_wconf 82' lang='grc' dir='ltr'>ἀποκαθίστασθαι.</span> <span class='ocrx_word' id='word_1_110' title='bbox 1415 1432 1546 1489; x_wconf 81' lang='grc' dir='ltr'>Εἶτα</span> <span class='ocrx_word' id='word_1_111' title='bbox 1573 1438 1635 1488; x_wconf 83' lang='grc' dir='ltr'><strong>οὑ</strong></span> <span class='ocrx_word' id='word_1_112' title='bbox 1660 1436 1750 1487; x_wconf 83' lang='grc' dir='ltr'>λό-</span> 
     </span>
    </p>
   </div>
   <div class='ocr_carea' id='block_1_17' title="bbox 148 1526 1747 1605">
    <p class='ocr_par' dir='ltr' id='par_1_17' title="bbox 148 1526 1747 1605">
     <span class='ocr_line' id='line_1_17' title="bbox 148 1526 1747 1605; baseline -0.004 -21"><span class='ocrx_word' id='word_1_113' title='bbox 148 1537 302 1605; x_wconf 67' lang='grc' dir='ltr'>γιςῃ,</span> <span class='ocrx_word' id='word_1_114' title='bbox 335 1528 384 1587; x_wconf 80' lang='grc' dir='ltr'><strong>ὧ</strong></span> <span class='ocrx_word' id='word_1_115' title='bbox 426 1534 708 1600; x_wconf 82' lang='grc' dir='ltr'>ἄνθρωπε,</span> <span class='ocrx_word' id='word_1_116' title='bbox 742 1531 878 1600; x_wconf 79' lang='grc' dir='ltr'>μετὰ</span> <span class='ocrx_word' id='word_1_117' title='bbox 911 1532 1010 1599; x_wconf 78' lang='grc' dir='ltr'><strong>τῆς</strong></span> <span class='ocrx_word' id='word_1_118' title='bbox 1043 1532 1143 1601; x_wconf 79' lang='grc' dir='ltr'>σῆς</span> <span class='ocrx_word' id='word_1_119' title='bbox 1166 1530 1501 1598; x_wconf 82' lang='grc' dir='ltr'>ὲγκλήσεως,</span> <span class='ocrx_word' id='word_1_120' title='bbox 1528 1529 1622 1580; x_wconf 77' lang='grc' dir='ltr'><strong>καὶ</strong></span> <span class='ocrx_word' id='word_1_121' title='bbox 1654 1526 1747 1579; x_wconf 81' lang='grc' dir='ltr'>τοῦ</span> 
     </span>
    </p>
   </div>
   <div class='ocr_carea' id='block_1_18' title="bbox 148 1623 1749 1694">
    <p class='ocr_par' dir='ltr' id='par_1_18' title="bbox 148 1623 1749 1694">
     <span class='ocr_line' id='line_1_18' title="bbox 148 1623 1749 1694; baseline -0.003 -15"><span class='ocrx_word' id='word_1_122' title='bbox 148 1628 368 1680; x_wconf 84' lang='grc' dir='ltr'>δικαίου</span> <span class='ocrx_word' id='word_1_123' title='bbox 425 1626 590 1694; x_wconf 81' lang='grc' dir='ltr'>λόγου</span> <span class='ocrx_word' id='word_1_124' title='bbox 628 1627 687 1678; x_wconf 74' lang='grc' dir='ltr'><strong>τὸ</strong></span> <span class='ocrx_word' id='word_1_125' title='bbox 719 1624 1007 1693; x_wconf 79' lang='grc' dir='ltr'>βούλημα;</span> <span class='ocrx_word' id='word_1_126' title='bbox 1063 1624 1174 1675; x_wconf 73' lang='grc' dir='ltr'>οὐδ’</span> <span class='ocrx_word' id='word_1_127' title='bbox 1239 1625 1441 1682; x_wconf 76' lang='grc' dir='ltr'>ἐννοεῖς</span> <span class='ocrx_word' id='word_1_128' title='bbox 1496 1623 1579 1683; x_wconf 90' lang='grc' dir='ltr'><strong>τίς</strong></span> <span class='ocrx_word' id='word_1_129' title='bbox 1635 1623 1749 1674; x_wconf 76' lang='grc' dir='ltr'>ἐστι</span> 
     </span>
    </p>
   </div>
   <div class='ocr_carea' id='block_1_19' title="bbox 148 1716 1751 1791">
    <p class='ocr_par' dir='ltr' id='par_1_19' title="bbox 148 1716 1751 1791">
     <span class='ocr_line' id='line_1_19' title="bbox 148 1716 1751 1791; baseline -0.005 -19"><span class='ocrx_word' id='word_1_130' title='bbox 148 1720 361 1780; x_wconf 77' lang='grc' dir='ltr'>δίκαιος</span> <span class='ocrx_word' id='word_1_131' title='bbox 416 1722 519 1791; x_wconf 81' lang='grc' dir='ltr'>τὴν</span> <span class='ocrx_word' id='word_1_132' title='bbox 550 1720 735 1773; x_wconf 81' lang='grc' dir='ltr'>αἰτίαν</span> <span class='ocrx_word' id='word_1_133' title='bbox 766 1719 835 1788; x_wconf 81' lang='grc' dir='ltr'>ἣν</span> <span class='ocrx_word' id='word_1_134' title='bbox 872 1719 1172 1788; x_wconf 77' lang='grc' dir='ltr'>προφέρεις</span> <span class='ocrx_word' id='word_1_135' title='bbox 1228 1716 1620 1784; x_wconf 77' lang='grc' dir='ltr'>ἀναδέχεσθαι;</span> <span class='ocrx_word' id='word_1_136' title='bbox 1656 1716 1751 1766; x_wconf 76' lang='grc' dir='ltr'><strong>καὶ</strong></span> 
     </span>
    </p>
   </div>
   <div class='ocr_carea' id='block_1_20' title="bbox 148 1803 1749 1877">
    <p class='ocr_par' dir='ltr' id='par_1_20' title="bbox 148 1803 1749 1877">
     <span class='ocr_line' id='line_1_20' title="bbox 148 1803 1749 1877; baseline -0.004 -15"><span class='ocrx_word' id='word_1_137' title='bbox 148 1811 226 1873; x_wconf 87' lang='grc' dir='ltr'><strong>τίς</strong></span> <span class='ocrx_word' id='word_1_138' title='bbox 260 1809 600 1877; x_wconf 74' lang='grc' dir='ltr'>ὀργίζεσθαι</span> <span class='ocrx_word' id='word_1_139' title='bbox 632 1808 817 1873; x_wconf 77' lang='grc' dir='ltr'>ἇξιονς</span> <span class='ocrx_word' id='word_1_140' title='bbox 851 1808 1033 1860; x_wconf 88' lang='grc' dir='ltr'>Ἔστω</span> <span class='ocrx_word' id='word_1_141' title='bbox 1065 1807 1273 1858; x_wconf 82' lang='grc' dir='ltr'>δίκαιον</span> <span class='ocrx_word' id='word_1_142' title='bbox 1326 1806 1387 1857; x_wconf 78' lang='grc' dir='ltr'><strong>τὸ</strong></span> <span class='ocrx_word' id='word_1_143' title='bbox 1438 1805 1691 1873; x_wconf 73' lang='grc' dir='ltr'>ἔγκλημα</span> <span class='ocrx_word' id='word_1_144' title='bbox 1721 1803 1749 1856; x_wconf 82' lang='grc' dir='ltr'>ὃ</span> 
     </span>
    </p>
   </div>
   <div class='ocr_carea' id='block_1_21' title="bbox 150 1898 1745 1973">
    <p class='ocr_par' dir='ltr' id='par_1_21' title="bbox 150 1898 1745 1973">
     <span class='ocr_line' id='line_1_21' title="bbox 150 1898 1745 1973; baseline -0.003 -18"><span class='ocrx_word' id='word_1_145' title='bbox 150 1903 435 1973; x_wconf 70' lang='grc' dir='ltr'>προϐάλῃ,</span> <span class='ocrx_word' id='word_1_146' title='bbox 469 1902 567 1955; x_wconf 78' lang='grc' dir='ltr'>καὶ</span> <span class='ocrx_word' id='word_1_147' title='bbox 602 1903 743 1969; x_wconf 79' lang='grc' dir='ltr'>ὑπὲρ</span> <span class='ocrx_word' id='word_1_148' title='bbox 778 1901 889 1952; x_wconf 77' lang='grc' dir='ltr'><strong>τῶν</strong></span> <span class='ocrx_word' id='word_1_149' title='bbox 920 1901 984 1953; x_wconf 81' lang='grc' dir='ltr'><strong>τὰ</strong></span> <span class='ocrx_word' id='word_1_150' title='bbox 1016 1898 1229 1970; x_wconf 75' lang='grc' dir='ltr'>χαλεπὰ</span> <span class='ocrx_word' id='word_1_151' title='bbox 1267 1898 1616 1951; x_wconf 75' lang='grc' dir='ltr'>πεπονθότων</span> <span class='ocrx_word' id='word_1_152' title='bbox 1641 1899 1745 1950; x_wconf 85' lang='grc' dir='ltr'>Σα-</span> 
     </span>
    </p>
   </div>
   <div class='ocr_carea' id='block_1_22' title="bbox 152 1991 1747 2066">
    <p class='ocr_par' dir='ltr' id='par_1_22' title="bbox 152 1991 1747 2066">
     <span class='ocr_line' id='line_1_22' title="bbox 152 1991 1747 2066; baseline -0.004 -18"><span class='ocrx_word' id='word_1_153' title='bbox 152 1998 416 2064; x_wconf 80' lang='grc' dir='ltr'>ρακηνών</span> <span class='ocrx_word' id='word_1_154' title='bbox 476 1996 715 2066; x_wconf 77' lang='grc' dir='ltr'>Κύπριοι</span> <span class='ocrx_word' id='word_1_155' title='bbox 753 1994 986 2048; x_wconf 83' lang='grc' dir='ltr'>δώσουσι</span> <span class='ocrx_word' id='word_1_156' title='bbox 1045 1995 1224 2063; x_wconf 88' lang='grc' dir='ltr'>δίκην,</span> <span class='ocrx_word' id='word_1_157' title='bbox 1263 1993 1358 2045; x_wconf 75' lang='grc' dir='ltr'><strong>καὶ</strong></span> <span class='ocrx_word' id='word_1_158' title='bbox 1407 1991 1561 2044; x_wconf 77' lang='grc' dir='ltr'>οὔπω</span> <span class='ocrx_word' id='word_1_159' title='bbox 1603 1991 1747 2061; x_wconf 72' lang='grc' dir='ltr'>φημὶ</span> 
     </span>
    </p>
   </div>
   <div class='ocr_carea' id='block_1_23' title="bbox 150 2082 1747 2156">
    <p class='ocr_par' dir='ltr' id='par_1_23' title="bbox 150 2082 1747 2156">
     <span class='ocr_line' id='line_1_23' title="bbox 150 2082 1747 2156; baseline -0.003 -17"><span class='ocrx_word' id='word_1_160' title='bbox 150 2090 228 2139; x_wconf 74' lang='grc' dir='ltr'><strong>ὅτι</strong></span> <span class='ocrx_word' id='word_1_161' title='bbox 274 2088 424 2155; x_wconf 81' lang='grc' dir='ltr'>μηδὲ</span> <span class='ocrx_word' id='word_1_162' title='bbox 462 2088 588 2139; x_wconf 86' lang='grc' dir='ltr'>τότε</span> <span class='ocrx_word' id='word_1_163' title='bbox 616 2088 766 2144; x_wconf 83' lang='grc' dir='ltr'>ἄΞιον</span> <span class='ocrx_word' id='word_1_164' title='bbox 796 2087 887 2139; x_wconf 75' lang='grc' dir='ltr'>διὰ</span> <span class='ocrx_word' id='word_1_165' title='bbox 936 2087 1036 2156; x_wconf 81' lang='grc' dir='ltr'><strong>τὴν</strong></span> <span class='ocrx_word' id='word_1_166' title='bbox 1078 2084 1342 2153; x_wconf 82' lang='grc' dir='ltr'>Ἦμερίου</span> <span class='ocrx_word' id='word_1_167' title='bbox 1375 2086 1470 2137; x_wconf 73' lang='grc' dir='ltr'><strong>καὶ</strong></span> <span class='ocrx_word' id='word_1_168' title='bbox 1510 2082 1617 2136; x_wconf 82' lang='grc' dir='ltr'><strong>τῶν</strong></span> <span class='ocrx_word' id='word_1_169' title='bbox 1650 2084 1747 2135; x_wconf 74' lang='grc' dir='ltr'><strong>σὺν</strong></span> 
     </span>
    </p>
   </div>
   <div class='ocr_carea' id='block_1_24' title="bbox 153 2174 1747 2246">
    <p class='ocr_par' dir='ltr' id='par_1_24' title="bbox 153 2174 1747 2246">
     <span class='ocr_line' id='line_1_24' title="bbox 153 2174 1747 2246; baseline 0.002 -22"><span class='ocrx_word' id='word_1_170' title='bbox 153 2176 305 2243; x_wconf 67' lang='grc' dir='ltr'>αὐτῷ</span> <span class='ocrx_word' id='word_1_171' title='bbox 336 2177 628 2246; x_wconf 73' lang='grc' dir='ltr'>ἁμαρτίαν</span> <span class='ocrx_word' id='word_1_172' title='bbox 682 2176 896 2239; x_wconf 77' lang='grc' dir='ltr'>πάντας</span> <span class='ocrx_word' id='word_1_173' title='bbox 952 2175 1307 2239; x_wconf 75' lang='grc' dir='ltr'>κολάζεσθαι,</span> <span class='ocrx_word' id='word_1_174' title='bbox 1343 2174 1453 2227; x_wconf 71' lang='grc' dir='ltr'>οὐδ’</span> <span class='ocrx_word' id='word_1_175' title='bbox 1488 2174 1618 2244; x_wconf 69' lang='grc' dir='ltr'>ὃλην</span> <span class='ocrx_word' id='word_1_176' title='bbox 1651 2176 1747 2242; x_wconf 79' lang='grc' dir='ltr'><strong>τὴν</strong></span> 
     </span>
    </p>
   </div>
   <div class='ocr_carea' id='block_1_25' title="bbox 151 2266 1747 2340">
    <p class='ocr_par' dir='ltr' id='par_1_25' title="bbox 151 2266 1747 2340">
     <span class='ocr_line' id='line_1_25' title="bbox 151 2266 1747 2340; baseline -0.003 -20"><span class='ocrx_word' id='word_1_177' title='bbox 151 2269 201 2332; x_wconf 76' lang='grc' dir='ltr'>ἐξ</span> <span class='ocrx_word' id='word_1_178' title='bbox 233 2270 403 2337; x_wconf 74' lang='grc' dir='ltr'>ὑμῶν</span> <span class='ocrx_word' id='word_1_179' title='bbox 432 2270 613 2340; x_wconf 75' lang='grc' dir='ltr'>ὀργὴν</span> <span class='ocrx_word' id='word_1_180' title='bbox 648 2270 745 2322; x_wconf 78' lang='grc' dir='ltr'>καὶ</span> <span class='ocrx_word' id='word_1_181' title='bbox 775 2270 877 2338; x_wconf 84' lang='grc' dir='ltr'>τὴν</span> <span class='ocrx_word' id='word_1_182' title='bbox 903 2268 1129 2338; x_wconf 83' lang='grc' dir='ltr'>πικρίαν</span> <span class='ocrx_word' id='word_1_183' title='bbox 1159 2266 1513 2335; x_wconf 79' lang='grc' dir='ltr'>ὑφίστασθαι.</span> <span class='ocrx_word' id='word_1_184' title='bbox 1554 2267 1747 2333; x_wconf 80' lang='grc' dir='ltr'>Ὅμως</span> 
     </span>
    </p>
   </div>
   <div class='ocr_carea' id='block_1_26' title="bbox 149 2356 1749 2428">
    <p class='ocr_par' dir='ltr' id='par_1_26' title="bbox 149 2356 1749 2428">
     <span class='ocr_line' id='line_1_26' title="bbox 149 2356 1749 2428; baseline -0.003 -18"><span class='ocrx_word' id='word_1_185' title='bbox 149 2361 284 2428; x_wconf 71' lang='grc' dir='ltr'>ὅπερ</span> <span class='ocrx_word' id='word_1_186' title='bbox 309 2358 474 2412; x_wconf 73' lang='grc' dir='ltr'>εἷπον</span> <span class='ocrx_word' id='word_1_187' title='bbox 501 2362 667 2422; x_wconf 78' lang='grc' dir='ltr'>ἔστω,</span> <span class='ocrx_word' id='word_1_188' title='bbox 706 2363 803 2415; x_wconf 66' lang='grc' dir='ltr'>καὶ</span> <span class='ocrx_word' id='word_1_189' title='bbox 834 2359 1262 2422; x_wconf 77' lang='grc' dir='ltr'>κολαζέσθωσαν</span> <span class='ocrx_word' id='word_1_190' title='bbox 1319 2357 1580 2427; x_wconf 81' lang='grc' dir='ltr'>Κύπριοι,</span> <span class='ocrx_word' id='word_1_191' title='bbox 1611 2356 1749 2407; x_wconf 88' lang='grc' dir='ltr'>διότι</span> 
     </span>
    </p>
   </div>
   <div class='ocr_carea' id='block_1_27' title="bbox 150 2448 1747 2525">
    <p class='ocr_par' dir='ltr' id='par_1_27' title="bbox 150 2448 1747 2525">
     <span class='ocr_line' id='line_1_27' title="bbox 150 2448 1747 2525; baseline 0 -24"><span class='ocrx_word' id='word_1_192' title='bbox 150 2456 243 2503; x_wconf 75' lang='grc' dir='ltr'><strong>καὶ</strong></span> <span class='ocrx_word' id='word_1_193' title='bbox 271 2453 549 2524; x_wconf 78' lang='grc' dir='ltr'>Ἠμὲριος</span> <span class='ocrx_word' id='word_1_194' title='bbox 574 2455 847 2525; x_wconf 80' lang='grc' dir='ltr'>Κυπρίοις</span> <span class='ocrx_word' id='word_1_195' title='bbox 873 2452 1136 2504; x_wconf 82' lang='grc' dir='ltr'>συνοικῶν</span> <span class='ocrx_word' id='word_1_196' title='bbox 1161 2452 1219 2503; x_wconf 81' lang='grc' dir='ltr'><strong>ἐν</strong></span> <span class='ocrx_word' id='word_1_197' title='bbox 1244 2453 1308 2520; x_wconf 81' lang='grc' dir='ltr'>τῇ</span> <span class='ocrx_word' id='word_1_198' title='bbox 1338 2451 1485 2519; x_wconf 74' lang='grc' dir='ltr'>νήσῳ</span> <span class='ocrx_word' id='word_1_199' title='bbox 1513 2448 1747 2519; x_wconf 78' lang='grc' dir='ltr'>χαλεπὸς</span> 
     </span>
    </p>
   </div>
   <div class='ocr_carea' id='block_1_28' title="bbox 151 2542 1745 2613">
    <p class='ocr_par' dir='ltr' id='par_1_28' title="bbox 151 2542 1745 2613">
     <span class='ocr_line' id='line_1_28' title="bbox 151 2542 1745 2613; baseline -0.003 -18"><span class='ocrx_word' id='word_1_200' title='bbox 151 2542 312 2613; x_wconf 66' lang='grc' dir='ltr'>ὦφθη</span> <span class='ocrx_word' id='word_1_201' title='bbox 350 2546 726 2613; x_wconf 75' lang='grc' dir='ltr'>Σαρακηνοῖς.</span> <span class='ocrx_word' id='word_1_202' title='bbox 768 2546 829 2597; x_wconf 84' lang='grc' dir='ltr'><strong>ΕΞ</strong></span> <span class='ocrx_word' id='word_1_203' title='bbox 868 2544 923 2596; x_wconf 81' lang='grc' dir='ltr'><strong>δὲ</strong></span> <span class='ocrx_word' id='word_1_204' title='bbox 958 2544 1079 2596; x_wconf 77' lang='grc' dir='ltr'>κατ’</span> <span class='ocrx_word' id='word_1_205' title='bbox 1114 2543 1304 2595; x_wconf 63' lang='grc' dir='ltr'>οὐδένα</span> <span class='ocrx_word' id='word_1_206' title='bbox 1332 2542 1531 2610; x_wconf 66' lang='grc' dir='ltr'>τρόπον</span> <span class='ocrx_word' id='word_1_207' title='bbox 1578 2542 1745 2609; x_wconf 81' lang='grc' dir='ltr'>Ἡμέ-</span> 
     </span>
    </p>
   </div>
   <div class='ocr_carea' id='block_1_29' title="bbox 153 2631 1744 2707">
    <p class='ocr_par' dir='ltr' id='par_1_29' title="bbox 153 2631 1744 2707">
     <span class='ocr_line' id='line_1_29' title="bbox 153 2631 1744 2707; baseline -0.004 -19"><span class='ocrx_word' id='word_1_208' title='bbox 153 2654 260 2704; x_wconf 73' lang='grc' dir='ltr'>ριος</span> <span class='ocrx_word' id='word_1_209' title='bbox 291 2641 411 2700; x_wconf 76' lang='grc' dir='ltr'>τοῖς</span> <span class='ocrx_word' id='word_1_210' title='bbox 452 2638 721 2707; x_wconf 81' lang='grc' dir='ltr'>Κυπρίοις</span> <span class='ocrx_word' id='word_1_211' title='bbox 754 2637 1138 2697; x_wconf 77' lang='grc' dir='ltr'>συντάσσεται,</span> <span class='ocrx_word' id='word_1_212' title='bbox 1165 2636 1217 2685; x_wconf 84' lang='grc' dir='ltr'><strong>τί</strong></span> <span class='ocrx_word' id='word_1_213' title='bbox 1268 2631 1338 2684; x_wconf 86' lang='grc' dir='ltr'>δι’</span> <span class='ocrx_word' id='word_1_214' title='bbox 1376 2633 1586 2683; x_wconf 82' lang='grc' dir='ltr'>ἐκεῖνον</span> <span class='ocrx_word' id='word_1_215' title='bbox 1627 2648 1744 2682; x_wconf 87' lang='grc' dir='ltr'>κιν-</span> 
     </span>
    </p>
   </div>
   <div class='ocr_carea' id='block_1_30' title="bbox 151 2723 1750 2801">
    <p class='ocr_par' dir='ltr' id='par_1_30' title="bbox 151 2723 1750 2801">
     <span class='ocr_line' id='line_1_30' title="bbox 151 2723 1750 2801; baseline -0.005 -20"><span class='ocrx_word' id='word_1_216' title='bbox 151 2731 478 2784; x_wconf 68' lang='grc' dir='ltr'>δυνεύουσιν</span> <span class='ocrx_word' id='word_1_217' title='bbox 507 2733 561 2783; x_wconf 79' lang='lat' dir='ltr'><strong>oi</strong></span> <span class='ocrx_word' id='word_1_218' title='bbox 596 2732 670 2801; x_wconf 84' lang='grc' dir='ltr'><strong>μὴ</strong></span> <span class='ocrx_word' id='word_1_219' title='bbox 693 2731 892 2783; x_wconf 71' lang='grc' dir='ltr'>δίκαιοι</span> <span class='ocrx_word' id='word_1_220' title='bbox 922 2729 1074 2788; x_wconf 70' lang='grc' dir='ltr'>ὄντες</span> <span class='ocrx_word' id='word_1_221' title='bbox 1115 2728 1146 2797; x_wconf 85' lang='grc' dir='ltr'><strong>ἢ</strong></span> <span class='ocrx_word' id='word_1_222' title='bbox 1172 2728 1270 2795; x_wconf 76' lang='grc' dir='ltr'><strong>τῆς</strong></span> <span class='ocrx_word' id='word_1_223' title='bbox 1304 2724 1518 2777; x_wconf 78' lang='grc' dir='ltr'>ἐκείνου</span> <span class='ocrx_word' id='word_1_224' title='bbox 1552 2723 1750 2791; x_wconf 84' lang='grc' dir='ltr'>κληρο-</span> 
     </span>
    </p>
   </div>
   <div class='ocr_carea' id='block_1_31' title="bbox 152 2815 1747 2891">
    <p class='ocr_par' dir='ltr' id='par_1_31' title="bbox 152 2815 1747 2891">
     <span class='ocr_line' id='line_1_31' title="bbox 152 2815 1747 2891; baseline -0.006 -18"><span class='ocrx_word' id='word_1_225' title='bbox 152 2824 341 2884; x_wconf 78' lang='grc' dir='ltr'>νομεῖν</span> <span class='ocrx_word' id='word_1_226' title='bbox 393 2823 764 2891; x_wconf 75' lang='grc' dir='ltr'>κατηγορίας,</span> <span class='ocrx_word' id='word_1_227' title='bbox 816 2822 847 2890; x_wconf 85' lang='grc' dir='ltr'>ἢ</span> <span class='ocrx_word' id='word_1_228' title='bbox 902 2820 993 2872; x_wconf 57' lang='grc' dir='ltr'><strong>δα</strong></span> <span class='ocrx_word' id='word_1_229' title='bbox 1044 2820 1109 2870; x_wconf 72' lang='grc' dir='ltr'><strong>τα</strong></span> <span class='ocrx_word' id='word_1_230' title='bbox 1163 2816 1538 2886; x_wconf 83' lang='grc' dir='ltr'>πεπραγμένα</span> <span class='ocrx_word' id='word_1_231' title='bbox 1568 2815 1747 2883; x_wconf 86' lang='grc' dir='ltr'>τούτῳ</span> 
     </span>
    </p>
   </div>
   <div class='ocr_carea' id='block_1_32' title="bbox 151 2905 1745 2985">
    <p class='ocr_par' dir='ltr' id='par_1_32' title="bbox 151 2905 1745 2983">
     <span class='ocr_line' id='line_1_32' title="bbox 151 2905 1745 2983; baseline -0.003 -20"><span class='ocrx_word' id='word_1_232' title='bbox 151 2916 431 2983; x_wconf 72' lang='grc' dir='ltr'>τιμωρίαν</span> <span class='ocrx_word' id='word_1_233' title='bbox 492 2915 745 2981; x_wconf 81' lang='grc' dir='ltr'>ὑπέχειν;</span> <span class='ocrx_word' id='word_1_234' title='bbox 806 2915 866 2964; x_wconf 85' lang='lat'><strong>&#39;0</strong></span> <span class='ocrx_word' id='word_1_235' title='bbox 925 2913 1024 2982; x_wconf 78' lang='grc' dir='ltr'>μὲν</span> <span class='ocrx_word' id='word_1_236' title='bbox 1092 2912 1200 2979; x_wconf 70' lang='grc' dir='ltr'><strong>γὰρ</strong></span> <span class='ocrx_word' id='word_1_237' title='bbox 1264 2908 1359 2961; x_wconf 84' lang='grc' dir='ltr'>τοῦ</span> <span class='ocrx_word' id='word_1_238' title='bbox 1429 2905 1745 2975; x_wconf 77' lang='grc' dir='ltr'>Ῥωμαῖκοῦ</span> 
     </span>
    </p>
   </div>
   <div class='ocr_carea' id='block_1_33' title="bbox 153 2999 1747 3077">
    <p class='ocr_par' dir='ltr' id='par_1_33' title="bbox 153 2999 1747 3077">
     <span class='ocr_line' id='line_1_33' title="bbox 153 2999 1747 3077; baseline -0.005 -18"><span class='ocrx_word' id='word_1_239' title='bbox 153 3007 390 3077; x_wconf 72' lang='grc' dir='ltr'>στρατοῦ</span> <span class='ocrx_word' id='word_1_240' title='bbox 425 3008 654 3076; x_wconf 75' lang='grc' dir='ltr'>ἡγεμὼν</span> <span class='ocrx_word' id='word_1_241' title='bbox 682 3008 949 3076; x_wconf 79' lang='grc' dir='ltr'>ὑπάρξας,</span> <span class='ocrx_word' id='word_1_242' title='bbox 980 3007 1104 3057; x_wconf 78' lang='grc' dir='ltr'>ὅποι</span> <span class='ocrx_word' id='word_1_243' title='bbox 1140 3004 1203 3073; x_wconf 72' lang='grc' dir='ltr'>δὴ</span> <span class='ocrx_word' id='word_1_244' title='bbox 1223 3005 1324 3071; x_wconf 76' lang='grc' dir='ltr'>γῆς</span> <span class='ocrx_word' id='word_1_245' title='bbox 1367 2999 1598 3069; x_wconf 74' lang='grc' dir='ltr'>ἠδύνατο</span> <span class='ocrx_word' id='word_1_246' title='bbox 1621 3000 1747 3061; x_wconf 79' lang='grc' dir='ltr'>τοὺς</span> 
     </span>
    </p>
   </div>
   <div class='ocr_carea' id='block_1_34' title="bbox 153 3088 1748 3165">
    <p class='ocr_par' dir='ltr' id='par_1_34' title="bbox 153 3088 1748 3165">
     <span class='ocr_line' id='line_1_34' title="bbox 153 3088 1748 3165; baseline -0.001 -22"><span class='ocrx_word' id='word_1_247' title='bbox 153 3095 457 3163; x_wconf 76' lang='grc' dir='ltr'>πολεμίους</span> <span class='ocrx_word' id='word_1_248' title='bbox 496 3096 878 3165; x_wconf 70' lang='grc' dir='ltr'>χειρούμενος,</span> <span class='ocrx_word' id='word_1_249' title='bbox 937 3095 1031 3146; x_wconf 85' lang='grc' dir='ltr'><strong>τὸν</strong></span> <span class='ocrx_word' id='word_1_250' title='bbox 1080 3092 1346 3145; x_wconf 80' lang='grc' dir='ltr'>δοκοῦντα</span> <span class='ocrx_word' id='word_1_251' title='bbox 1397 3089 1585 3161; x_wconf 77' lang='grc' dir='ltr'>μετῄει</span> <span class='ocrx_word' id='word_1_252' title='bbox 1627 3088 1748 3159; x_wconf 82' lang='grc' dir='ltr'>τρό-</span> 
     </span>
    </p>
   </div>
   <div class='ocr_carea' id='block_1_35' title="bbox 154 3183 1743 3257">
    <p class='ocr_par' dir='ltr' id='par_1_35' title="bbox 154 3183 1743 3257">
     <span class='ocr_line' id='line_1_35' title="bbox 154 3183 1743 3257; baseline -0.002 -20"><span class='ocrx_word' id='word_1_253' title='bbox 154 3204 269 3240; x_wconf 82' lang='grc' dir='ltr'>πον.</span> <span class='ocrx_word' id='word_1_254' title='bbox 342 3188 588 3257; x_wconf 78' lang='grc' dir='ltr'>Κύπριοι</span> <span class='ocrx_word' id='word_1_255' title='bbox 632 3189 689 3240; x_wconf 79' lang='grc' dir='ltr'><strong>δὲ</strong></span> <span class='ocrx_word' id='word_1_256' title='bbox 743 3188 868 3240; x_wconf 76' lang='grc' dir='ltr'>οὔτε</span> <span class='ocrx_word' id='word_1_257' title='bbox 935 3187 1230 3256; x_wconf 78' lang='grc' dir='ltr'>πολεμίους</span> <span class='ocrx_word' id='word_1_258' title='bbox 1276 3184 1540 3253; x_wconf 77' lang='grc' dir='ltr'>ἡγοῦνται</span> <span class='ocrx_word' id='word_1_259' title='bbox 1575 3183 1743 3252; x_wconf 83' lang='grc' dir='ltr'>ὑμᾶς,</span> 
     </span>
    </p>
   </div>
   <div class='ocr_carea' id='block_1_36' title="bbox 1929 975 3433 1045">
    <p class='ocr_par' dir='ltr' id='par_1_36' title="bbox 1929 975 3433 1045">
     <span class='ocr_line' id='line_1_36' title="bbox 1929 975 3433 1045; baseline -0.003 -16"><span class='ocrx_word' id='word_1_260' title='bbox 1929 975 2030 1043; x_wconf 84' lang='lat' dir='ltr'><strong>Ita,</strong></span> <span class='ocrx_word' id='word_1_261' title='bbox 2084 976 2297 1045; x_wconf 88' lang='lat' dir='ltr'><strong>inquies</strong></span> <span class='ocrx_word' id='word_1_262' title='bbox 2329 995 2342 1031; x_wconf 88' lang='lat'><strong>:</strong></span> <span class='ocrx_word' id='word_1_263' title='bbox 2371 977 2467 1031; x_wconf 87' lang='lat' dir='ltr'><strong>sed</strong></span> <span class='ocrx_word' id='word_1_264' title='bbox 2516 975 2715 1045; x_wconf 86' lang='lat' dir='ltr'><strong>aliquis</strong></span> <span class='ocrx_word' id='word_1_265' title='bbox 2743 976 2834 1030; x_wconf 91' lang='lat' dir='ltr'><strong>tibi</strong></span> <span class='ocrx_word' id='word_1_266' title='bbox 2872 975 3012 1030; x_wconf 87' lang='lat' dir='ltr'><strong>dicet</strong></span> <span class='ocrx_word' id='word_1_267' title='bbox 3047 994 3061 1031; x_wconf 88' lang='lat'><strong>:</strong></span> <span class='ocrx_word' id='word_1_268' title='bbox 3091 975 3268 1029; x_wconf 83' lang='lat' dir='ltr'><strong>Causa</strong></span> <span class='ocrx_word' id='word_1_269' title='bbox 3314 981 3433 1030; x_wconf 64' lang='lat' dir='ltr'><strong>erat</strong></span> 
     </span>
    </p>
   </div>
   <div class='ocr_carea' id='block_1_37' title="bbox 1856 1068 3430 1139">
    <p class='ocr_par' dir='ltr' id='par_1_37' title="bbox 1856 1068 3430 1139">
     <span class='ocr_line' id='line_1_37' title="bbox 1856 1068 3430 1139; baseline 0.001 -18"><span class='ocrx_word' id='word_1_270' title='bbox 1856 1068 1923 1121; x_wconf 87' lang='lat' dir='ltr'><strong>ad</strong></span> <span class='ocrx_word' id='word_1_271' title='bbox 1954 1069 2003 1122; x_wconf 88' lang='lat' dir='ltr'><strong>id</strong></span> <span class='ocrx_word' id='word_1_272' title='bbox 2037 1071 2377 1137; x_wconf 85' lang='lat' dir='ltr'><strong>protrahens,</strong></span> <span class='ocrx_word' id='word_1_273' title='bbox 2412 1085 2588 1139; x_wconf 84' lang='lat' dir='ltr'><strong>eaque</strong></span> <span class='ocrx_word' id='word_1_274' title='bbox 2616 1084 2782 1122; x_wconf 88' lang='lat' dir='ltr'><strong>causa</strong></span> <span class='ocrx_word' id='word_1_275' title='bbox 2815 1078 2996 1125; x_wconf 89' lang='lat' dir='ltr'><strong>motus</strong></span> <span class='ocrx_word' id='word_1_276' title='bbox 3041 1069 3096 1123; x_wconf 91' lang='lat' dir='ltr'><strong>id</strong></span> <span class='ocrx_word' id='word_1_277' title='bbox 3143 1071 3251 1138; x_wconf 89' lang='lat' dir='ltr'><strong>agit</strong></span> <span class='ocrx_word' id='word_1_278' title='bbox 3286 1072 3430 1138; x_wconf 78' lang='lat' dir='ltr'><strong>quod</strong></span> 
     </span>
    </p>
   </div>
   <div class='ocr_carea' id='block_1_38' title="bbox 1857 1159 3436 1229">
    <p class='ocr_par' dir='ltr' id='par_1_38' title="bbox 1857 1159 3436 1229">
     <span class='ocr_line' id='line_1_38' title="bbox 1857 1159 3436 1229; baseline -0.001 -15"><span class='ocrx_word' id='word_1_279' title='bbox 1857 1160 2087 1229; x_wconf 92' lang='lat' dir='ltr'><strong>impium</strong></span> <span class='ocrx_word' id='word_1_280' title='bbox 2122 1161 2335 1215; x_wconf 84' lang='lat' dir='ltr'><strong>videtur</strong></span> <span class='ocrx_word' id='word_1_281' title='bbox 2367 1178 2379 1213; x_wconf 92' lang='lat'><strong>:</strong></span> <span class='ocrx_word' id='word_1_282' title='bbox 2412 1178 2537 1215; x_wconf 89' lang='lat' dir='ltr'><strong>nam</strong></span> <span class='ocrx_word' id='word_1_283' title='bbox 2594 1159 2872 1215; x_wconf 84' lang='lat' dir='ltr'><strong>Himerius</strong></span> <span class='ocrx_word' id='word_1_284' title='bbox 2899 1161 3160 1229; x_wconf 81' lang='lat' dir='ltr'><strong>quosdam</strong></span> <span class='ocrx_word' id='word_1_285' title='bbox 3207 1159 3436 1214; x_wconf 74' lang='lat' dir='ltr'><strong>Sarace-</strong></span> 
     </span>
    </p>
   </div>
   <div class='ocr_carea' id='block_1_39' title="bbox 1858 1252 3430 1321">
    <p class='ocr_par' dir='ltr' id='par_1_39' title="bbox 1858 1252 3430 1321">
     <span class='ocr_line' id='line_1_39' title="bbox 1858 1252 3430 1321; baseline -0.001 -16"><span class='ocrx_word' id='word_1_286' title='bbox 1858 1267 1959 1305; x_wconf 90' lang='lat' dir='ltr'><strong>nos</strong></span> <span class='ocrx_word' id='word_1_287' title='bbox 1998 1252 2051 1304; x_wconf 92' lang='lat' dir='ltr'><strong>in</strong></span> <span class='ocrx_word' id='word_1_288' title='bbox 2102 1252 2279 1307; x_wconf 81' lang='lat' dir='ltr'><strong>insula</strong></span> <span class='ocrx_word' id='word_1_289' title='bbox 2311 1254 2452 1321; x_wconf 87' lang='lat' dir='ltr'><strong>cepit</strong></span> <span class='ocrx_word' id='word_1_290' title='bbox 2481 1262 2535 1306; x_wconf 87' lang='lat' dir='ltr'><strong>et</strong></span> <span class='ocrx_word' id='word_1_291' title='bbox 2588 1252 2896 1317; x_wconf 80' lang='lat' dir='ltr'><strong>interfecit;</strong></span> <span class='ocrx_word' id='word_1_292' title='bbox 2932 1253 3218 1321; x_wconf 76' lang='lat' dir='ltr'><strong>oportebat</strong></span> <span class='ocrx_word' id='word_1_293' title='bbox 3252 1263 3430 1305; x_wconf 86' lang='lat' dir='ltr'><strong>autem</strong></span> 
     </span>
    </p>
   </div>
   <div class='ocr_carea' id='block_1_40' title="bbox 1856 1345 3432 1415">
    <p class='ocr_par' dir='ltr' id='par_1_40' title="bbox 1856 1345 3432 1415">
     <span class='ocr_line' id='line_1_40' title="bbox 1856 1345 3432 1415; baseline -0.001 -16"><span class='ocrx_word' id='word_1_294' title='bbox 1856 1361 1923 1399; x_wconf 69' lang='lat' dir='ltr'><strong>ex</strong></span> <span class='ocrx_word' id='word_1_295' title='bbox 1959 1346 2256 1400; x_wconf 62' lang='lat' dir='ltr'><strong>foederibus</strong></span> <span class='ocrx_word' id='word_1_296' title='bbox 2293 1361 2385 1399; x_wconf 79' lang='lat' dir='ltr'><strong>eos</strong></span> <span class='ocrx_word' id='word_1_297' title='bbox 2420 1363 2448 1397; x_wconf 87' lang='lat' dir='ltr'><strong>a</strong></span> <span class='ocrx_word' id='word_1_298' title='bbox 2480 1346 2694 1415; x_wconf 84' lang='lat' dir='ltr'><strong>Cypriis</strong></span> <span class='ocrx_word' id='word_1_299' title='bbox 2720 1346 2900 1414; x_wconf 88' lang='lat' dir='ltr'><strong>potius</strong></span> <span class='ocrx_word' id='word_1_300' title='bbox 2926 1345 3124 1398; x_wconf 87' lang='lat' dir='ltr'><strong>salvari</strong></span> <span class='ocrx_word' id='word_1_301' title='bbox 3153 1354 3207 1398; x_wconf 89' lang='lat' dir='ltr'><strong>et</strong></span> <span class='ocrx_word' id='word_1_302' title='bbox 3240 1345 3293 1398; x_wconf 91' lang='lat' dir='ltr'><strong>iu</strong></span> <span class='ocrx_word' id='word_1_303' title='bbox 3331 1359 3432 1399; x_wconf 89' lang='lat' dir='ltr'><strong>suo</strong></span> 
     </span>
    </p>
   </div>
   <div class='ocr_carea' id='block_1_41' title="bbox 1858 1436 3431 1507">
    <p class='ocr_par' dir='ltr' id='par_1_41' title="bbox 1858 1436 3431 1507">
     <span class='ocr_line' id='line_1_41' title="bbox 1858 1436 3431 1507; baseline -0.001 -18"><span class='ocrx_word' id='word_1_304' title='bbox 1858 1437 1979 1491; x_wconf 93' lang='lat' dir='ltr'><strong>loco</strong></span> <span class='ocrx_word' id='word_1_305' title='bbox 2012 1438 2223 1507; x_wconf 89' lang='lat' dir='ltr'><strong>reponi.</strong></span> <span class='ocrx_word' id='word_1_306' title='bbox 2252 1438 2380 1502; x_wconf 89' lang='lat' dir='ltr'><strong>Sed,</strong></span> <span class='ocrx_word' id='word_1_307' title='bbox 2424 1452 2535 1491; x_wconf 91' lang='lat' dir='ltr'><strong>non</strong></span> <span class='ocrx_word' id='word_1_308' title='bbox 2569 1438 2801 1506; x_wconf 77' lang='lat' dir='ltr'><strong>cogitas,</strong></span> <span class='ocrx_word' id='word_1_309' title='bbox 2834 1452 2866 1491; x_wconf 93' lang='grc' dir='ltr'><strong>ο</strong></span> <span class='ocrx_word' id='word_1_310' title='bbox 2896 1437 3083 1501; x_wconf 82' lang='grc' dir='ltr'>Ιιοιιιο,</span> <span class='ocrx_word' id='word_1_311' title='bbox 3112 1436 3207 1506; x_wconf 92' lang='lat' dir='ltr'><strong>qui</strong></span> <span class='ocrx_word' id='word_1_312' title='bbox 3245 1451 3431 1504; x_wconf 85' lang='lat' dir='ltr'><strong>repre-</strong></span> 
     </span>
    </p>
   </div>
   <div class='ocr_carea' id='block_1_42' title="bbox 1856 1528 3435 1598">
    <p class='ocr_par' dir='ltr' id='par_1_42' title="bbox 1856 1528 3435 1598">
     <span class='ocr_line' id='line_1_42' title="bbox 1856 1528 3435 1598; baseline 0 -17"><span class='ocrx_word' id='word_1_313' title='bbox 1856 1528 2067 1592; x_wconf 84' lang='lat' dir='ltr'><strong>hendis,</strong></span> <span class='ocrx_word' id='word_1_314' title='bbox 2101 1530 2329 1597; x_wconf 65' lang='lat' dir='ltr'><strong>justitiae</strong></span> <span class='ocrx_word' id='word_1_315' title='bbox 2367 1528 2557 1598; x_wconf 84' lang='lat' dir='ltr'><strong>leges?</strong></span> <span class='ocrx_word' id='word_1_316' title='bbox 2636 1544 2809 1597; x_wconf 88' lang='lat' dir='ltr'><strong>neque</strong></span> <span class='ocrx_word' id='word_1_317' title='bbox 2858 1538 3075 1598; x_wconf 86' lang='lat' dir='ltr'><strong>reputas</strong></span> <span class='ocrx_word' id='word_1_318' title='bbox 3123 1528 3245 1597; x_wconf 91' lang='lat' dir='ltr'><strong>quis</strong></span> <span class='ocrx_word' id='word_1_319' title='bbox 3290 1528 3343 1581; x_wconf 84' lang='lat' dir='ltr'><strong>in</strong></span> <span class='ocrx_word' id='word_1_320' title='bbox 3376 1542 3435 1581; x_wconf 58' lang='lat' dir='ltr'><strong>se</strong></span> 
     </span>
    </p>
   </div>
   <div class='ocr_carea' id='block_1_43' title="bbox 1848 1619 3435 1689">
    <p class='ocr_par' dir='ltr' id='par_1_43' title="bbox 1848 1619 3435 1689">
     <span class='ocr_line' id='line_1_43' title="bbox 1848 1619 3435 1689; baseline -0.001 -14"><span class='ocrx_word' id='word_1_321' title='bbox 1848 1621 2040 1675; x_wconf 82' lang='lat' dir='ltr'><strong>debeat</strong></span> <span class='ocrx_word' id='word_1_322' title='bbox 2090 1637 2209 1674; x_wconf 86' lang='lat' dir='ltr'><strong>eam</strong></span> <span class='ocrx_word' id='word_1_323' title='bbox 2262 1636 2488 1675; x_wconf 86' lang='lat' dir='ltr'><strong>causam</strong></span> <span class='ocrx_word' id='word_1_324' title='bbox 2547 1621 2786 1688; x_wconf 79' lang='lat' dir='ltr'><strong>recipere</strong></span> <span class='ocrx_word' id='word_1_325' title='bbox 2835 1636 2998 1689; x_wconf 87' lang='lat' dir='ltr'><strong>quam</strong></span> <span class='ocrx_word' id='word_1_326' title='bbox 3051 1619 3285 1689; x_wconf 63' lang='lat' dir='ltr'><strong>profers,</strong></span> <span class='ocrx_word' id='word_1_327' title='bbox 3336 1629 3435 1673; x_wconf 89' lang='lat' dir='ltr'><strong>aut</strong></span> 
     </span>
    </p>
   </div>
   <div class='ocr_carea' id='block_1_44' title="bbox 1849 1712 3431 1781">
    <p class='ocr_par' dir='ltr' id='par_1_44' title="bbox 1849 1712 3431 1781">
     <span class='ocr_line' id='line_1_44' title="bbox 1849 1712 3431 1781; baseline 0 -16"><span class='ocrx_word' id='word_1_328' title='bbox 1849 1714 1973 1781; x_wconf 87' lang='lat' dir='ltr'><strong>quis</strong></span> <span class='ocrx_word' id='word_1_329' title='bbox 2016 1713 2162 1781; x_wconf 90' lang='lat' dir='ltr'><strong>juste</strong></span> <span class='ocrx_word' id='word_1_330' title='bbox 2211 1713 2582 1767; x_wconf 80' lang='lat' dir='ltr'><strong>irasceretur?</strong></span> <span class='ocrx_word' id='word_1_331' title='bbox 2630 1713 2837 1781; x_wconf 89' lang='lat' dir='ltr'><strong>justum</strong></span> <span class='ocrx_word' id='word_1_332' title='bbox 2893 1712 2961 1764; x_wconf 88' lang='lat' dir='ltr'><strong>sit</strong></span> <span class='ocrx_word' id='word_1_333' title='bbox 2995 1715 3139 1781; x_wconf 88' lang='lat' dir='ltr'><strong>quod</strong></span> <span class='ocrx_word' id='word_1_334' title='bbox 3189 1713 3431 1765; x_wconf 86' lang='lat' dir='ltr'><strong>intentas</strong></span> 
     </span>
    </p>
   </div>
   <div class='ocr_carea' id='block_1_45' title="bbox 1849 1806 3430 1877">
    <p class='ocr_par' dir='ltr' id='par_1_45' title="bbox 1849 1806 3430 1877">
     <span class='ocr_line' id='line_1_45' title="bbox 1849 1806 3430 1877; baseline -0.003 -18"><span class='ocrx_word' id='word_1_335' title='bbox 1849 1806 2078 1869; x_wconf 78' lang='lat' dir='ltr'><strong>crimen,</strong></span> <span class='ocrx_word' id='word_1_336' title='bbox 2142 1815 2199 1861; x_wconf 89' lang='lat' dir='ltr'><strong>et</strong></span> <span class='ocrx_word' id='word_1_337' title='bbox 2271 1806 2482 1877; x_wconf 88' lang='lat' dir='ltr'><strong>Cypriis</strong></span> <span class='ocrx_word' id='word_1_338' title='bbox 2544 1822 2737 1875; x_wconf 62' lang='lat' dir='ltr'><strong>pennas</strong></span> <span class='ocrx_word' id='word_1_339' title='bbox 2797 1806 2999 1859; x_wconf 86' lang='lat' dir='ltr'><strong>dabunt</strong></span> <span class='ocrx_word' id='word_1_340' title='bbox 3077 1814 3294 1875; x_wconf 82' lang='lat' dir='ltr'><strong>propter</strong></span> <span class='ocrx_word' id='word_1_341' title='bbox 3334 1817 3430 1857; x_wconf 88' lang='lat' dir='ltr'><strong>eos</strong></span> 
     </span>
    </p>
   </div>
   <div class='ocr_carea' id='block_1_46' title="bbox 1852 1898 3429 1968">
    <p class='ocr_par' dir='ltr' id='par_1_46' title="bbox 1852 1898 3429 1968">
     <span class='ocr_line' id='line_1_46' title="bbox 1852 1898 3429 1968; baseline 0.002 -19"><span class='ocrx_word' id='word_1_342' title='bbox 1852 1898 1944 1966; x_wconf 91' lang='lat' dir='ltr'><strong>qui</strong></span> <span class='ocrx_word' id='word_1_343' title='bbox 1982 1899 2122 1952; x_wconf 85' lang='lat' dir='ltr'><strong>male</strong></span> <span class='ocrx_word' id='word_1_344' title='bbox 2175 1901 2319 1967; x_wconf 85' lang='lat' dir='ltr'><strong>passi</strong></span> <span class='ocrx_word' id='word_1_345' title='bbox 2360 1908 2490 1952; x_wconf 88' lang='lat' dir='ltr'><strong>sunt</strong></span> <span class='ocrx_word' id='word_1_346' title='bbox 2541 1900 2877 1965; x_wconf 82' lang='lat' dir='ltr'><strong>Saracenos,</strong></span> <span class='ocrx_word' id='word_1_347' title='bbox 2933 1915 3109 1968; x_wconf 84' lang='lat' dir='ltr'><strong>neque</strong></span> <span class='ocrx_word' id='word_1_348' title='bbox 3135 1898 3247 1966; x_wconf 90' lang='lat' dir='ltr'><strong>jam</strong></span> <span class='ocrx_word' id='word_1_349' title='bbox 3307 1898 3429 1952; x_wconf 89' lang='lat' dir='ltr'><strong>dico</strong></span> 
     </span>
    </p>
   </div>
   <div class='ocr_carea' id='block_1_47' title="bbox 1854 1991 3424 2061">
    <p class='ocr_par' dir='ltr' id='par_1_47' title="bbox 1854 1991 3424 2061">
     <span class='ocr_line' id='line_1_47' title="bbox 1854 1991 3424 2061; baseline 0.002 -17"><span class='ocrx_word' id='word_1_350' title='bbox 1854 2007 1958 2044; x_wconf 90' lang='lat' dir='ltr'><strong>non</strong></span> <span class='ocrx_word' id='word_1_351' title='bbox 1990 2002 2117 2045; x_wconf 92' lang='lat' dir='ltr'><strong>tunc</strong></span> <span class='ocrx_word' id='word_1_352' title='bbox 2150 1993 2314 2045; x_wconf 79' lang='lat' dir='ltr'><strong>etiam</strong></span> <span class='ocrx_word' id='word_1_353' title='bbox 2347 2007 2470 2047; x_wconf 84' lang='lat' dir='ltr'><strong>esse</strong></span> <span class='ocrx_word' id='word_1_354' title='bbox 2501 1991 2711 2060; x_wconf 86' lang='lat' dir='ltr'><strong>justum</strong></span> <span class='ocrx_word' id='word_1_355' title='bbox 2749 2007 2941 2047; x_wconf 89' lang='lat' dir='ltr'><strong>omnes</strong></span> <span class='ocrx_word' id='word_1_356' title='bbox 2975 2000 3193 2061; x_wconf 81' lang='lat' dir='ltr'><strong>pr0p£er</strong></span> <span class='ocrx_word' id='word_1_357' title='bbox 3236 1991 3424 2047; x_wconf 85' lang='lat' dir='ltr'><strong>Hime—</strong></span> 
     </span>
    </p>
   </div>
   <div class='ocr_carea' id='block_1_48' title="bbox 1852 2084 3428 2156">
    <p class='ocr_par' dir='ltr' id='par_1_48' title="bbox 1852 2084 3428 2156">
     <span class='ocr_line' id='line_1_48' title="bbox 1852 2084 3428 2156; baseline 0.003 -20"><span class='ocrx_word' id='word_1_358' title='bbox 1852 2085 1991 2137; x_wconf 91' lang='lat' dir='ltr'><strong>rium</strong></span> <span class='ocrx_word' id='word_1_359' title='bbox 2041 2084 2269 2155; x_wconf 86' lang='lat' dir='ltr'><strong>ejusque</strong></span> <span class='ocrx_word' id='word_1_360' title='bbox 2319 2087 2498 2141; x_wconf 89' lang='lat' dir='ltr'><strong>socios</strong></span> <span class='ocrx_word' id='word_1_361' title='bbox 2533 2101 2692 2156; x_wconf 69' lang='lat' dir='ltr'><strong>poma</strong></span> <span class='ocrx_word' id='word_1_362' title='bbox 2733 2086 2871 2140; x_wconf 82' lang='lat' dir='ltr'><strong>allici</strong></span> <span class='ocrx_word' id='word_1_363' title='bbox 2926 2096 3021 2140; x_wconf 89' lang='lat' dir='ltr'><strong>aut</strong></span> <span class='ocrx_word' id='word_1_364' title='bbox 3072 2101 3289 2140; x_wconf 90' lang='lat' dir='ltr'><strong>omnem</strong></span> <span class='ocrx_word' id='word_1_365' title='bbox 3336 2102 3428 2141; x_wconf 85' lang='lat' dir='ltr'><strong>ve-</strong></span> 
     </span>
    </p>
   </div>
   <div class='ocr_carea' id='block_1_49' title="bbox 1851 2179 3428 2249">
    <p class='ocr_par' dir='ltr' id='par_1_49' title="bbox 1851 2179 3428 2249">
     <span class='ocr_line' id='line_1_49' title="bbox 1851 2179 3428 2249; baseline 0.002 -19"><span class='ocrx_word' id='word_1_366' title='bbox 1851 2188 2026 2230; x_wconf 88' lang='lat' dir='ltr'><strong>strum</strong></span> <span class='ocrx_word' id='word_1_367' title='bbox 2061 2179 2196 2232; x_wconf 90' lang='lat' dir='ltr'><strong>iram</strong></span> <span class='ocrx_word' id='word_1_368' title='bbox 2225 2188 2279 2233; x_wconf 90' lang='lat' dir='ltr'><strong>et</strong></span> <span class='ocrx_word' id='word_1_369' title='bbox 2311 2180 2664 2234; x_wconf 84' lang='lat' dir='ltr'><strong>acerbitatem</strong></span> <span class='ocrx_word' id='word_1_370' title='bbox 2696 2180 2937 2249; x_wconf 86' lang='lat' dir='ltr'><strong>perpeti;</strong></span> <span class='ocrx_word' id='word_1_371' title='bbox 2971 2181 3041 2233; x_wconf 93' lang='lat' dir='ltr'><strong>sit</strong></span> <span class='ocrx_word' id='word_1_372' title='bbox 3078 2189 3256 2233; x_wconf 90' lang='lat' dir='ltr'><strong>tamen</strong></span> <span class='ocrx_word' id='word_1_373' title='bbox 3282 2181 3428 2247; x_wconf 89' lang='lat' dir='ltr'><strong>quod</strong></span> 
     </span>
    </p>
   </div>
   <div class='ocr_carea' id='block_1_50' title="bbox 1850 2268 3430 2339">
    <p class='ocr_par' dir='ltr' id='par_1_50' title="bbox 1850 2268 3430 2339">
     <span class='ocr_line' id='line_1_50' title="bbox 1850 2268 3430 2339; baseline 0.001 -19"><span class='ocrx_word' id='word_1_374' title='bbox 1850 2268 1984 2333; x_wconf 78' lang='lat' dir='ltr'><strong>dixi,</strong></span> <span class='ocrx_word' id='word_1_375' title='bbox 2016 2280 2069 2322; x_wconf 84' lang='lat' dir='ltr'><strong>et</strong></span> <span class='ocrx_word' id='word_1_376' title='bbox 2104 2270 2439 2338; x_wconf 80' lang='lat' dir='ltr'><strong>castigentur</strong></span> <span class='ocrx_word' id='word_1_377' title='bbox 2472 2270 2656 2339; x_wconf 79' lang='lat' dir='ltr'><strong>Cyprii</strong></span> <span class='ocrx_word' id='word_1_378' title='bbox 2701 2285 2766 2323; x_wconf 90' lang='lat' dir='ltr'><strong>eo</strong></span> <span class='ocrx_word' id='word_1_379' title='bbox 2800 2270 2944 2339; x_wconf 88' lang='lat' dir='ltr'><strong>quod</strong></span> <span class='ocrx_word' id='word_1_380' title='bbox 2978 2268 3256 2323; x_wconf 88' lang='lat' dir='ltr'><strong>llimerius</strong></span> <span class='ocrx_word' id='word_1_381' title='bbox 3290 2271 3430 2323; x_wconf 87' lang='lat' dir='ltr'><strong>inter</strong></span> 
     </span>
    </p>
   </div>
   <div class='ocr_carea' id='block_1_51' title="bbox 1851 2359 3433 2430">
    <p class='ocr_par' dir='ltr' id='par_1_51' title="bbox 1851 2359 3433 2430">
     <span class='ocr_line' id='line_1_51' title="bbox 1851 2359 3433 2430; baseline 0.002 -19"><span class='ocrx_word' id='word_1_382' title='bbox 1851 2359 1999 2428; x_wconf 78' lang='lat' dir='ltr'><strong>ipsos</strong></span> <span class='ocrx_word' id='word_1_383' title='bbox 2027 2361 2251 2429; x_wconf 72' lang='lat' dir='ltr'><strong>degens,</strong></span> <span class='ocrx_word' id='word_1_384' title='bbox 2290 2360 2343 2413; x_wconf 89' lang='lat' dir='ltr'><strong>in</strong></span> <span class='ocrx_word' id='word_1_385' title='bbox 2374 2360 2551 2415; x_wconf 91' lang='lat' dir='ltr'><strong>insula</strong></span> <span class='ocrx_word' id='word_1_386' title='bbox 2586 2362 2827 2430; x_wconf 91' lang='lat' dir='ltr'><strong>ipsorum</strong></span> <span class='ocrx_word' id='word_1_387' title='bbox 2855 2377 3072 2429; x_wconf 83' lang='lat' dir='ltr'><strong>gravem</strong></span> <span class='ocrx_word' id='word_1_388' title='bbox 3108 2377 3165 2415; x_wconf 86' lang='lat' dir='ltr'><strong>se</strong></span> <span class='ocrx_word' id='word_1_389' title='bbox 3200 2362 3433 2415; x_wconf 79' lang='lat' dir='ltr'><strong>Sarace-</strong></span> 
     </span>
    </p>
   </div>
   <div class='ocr_carea' id='block_1_52' title="bbox 1851 2451 3431 2523">
    <p class='ocr_par' dir='ltr' id='par_1_52' title="bbox 1851 2451 3431 2523">
     <span class='ocr_line' id='line_1_52' title="bbox 1851 2451 3431 2523; baseline 0.002 -18"><span class='ocrx_word' id='word_1_390' title='bbox 1851 2451 1937 2508; x_wconf 92' lang='lat' dir='ltr'><strong>nis</strong></span> <span class='ocrx_word' id='word_1_391' title='bbox 1973 2454 2239 2522; x_wconf 68' lang='lat' dir='ltr'><strong>przebuit;</strong></span> <span class='ocrx_word' id='word_1_392' title='bbox 2292 2454 2436 2523; x_wconf 90' lang='lat' dir='ltr'><strong>quod</strong></span> <span class='ocrx_word' id='word_1_393' title='bbox 2483 2455 2527 2508; x_wconf 85' lang='lat' dir='ltr'><strong>si</strong></span> <span class='ocrx_word' id='word_1_394' title='bbox 2601 2468 2729 2507; x_wconf 87' lang='lat' dir='ltr'><strong>vero</strong></span> <span class='ocrx_word' id='word_1_395' title='bbox 2767 2454 2917 2507; x_wconf 91' lang='lat' dir='ltr'><strong>nullo</strong></span> <span class='ocrx_word' id='word_1_396' title='bbox 2955 2454 3113 2507; x_wconf 89' lang='lat' dir='ltr'><strong>modo</strong></span> <span class='ocrx_word' id='word_1_397' title='bbox 3155 2452 3431 2508; x_wconf 75' lang='lat' dir='ltr'><strong>Iliun-rius</strong></span> 
     </span>
    </p>
   </div>
   <div class='ocr_carea' id='block_1_53' title="bbox 1850 2545 3429 2616">
    <p class='ocr_par' dir='ltr' id='par_1_53' title="bbox 1850 2545 3429 2616">
     <span class='ocr_line' id='line_1_53' title="bbox 1850 2545 3429 2616; baseline 0.001 -18"><span class='ocrx_word' id='word_1_398' title='bbox 1850 2561 1973 2598; x_wconf 88' lang='lat' dir='ltr'><strong>cum</strong></span> <span class='ocrx_word' id='word_1_399' title='bbox 2026 2545 2246 2616; x_wconf 85' lang='lat' dir='ltr'><strong>Cypriis</strong></span> <span class='ocrx_word' id='word_1_400' title='bbox 2297 2545 2560 2601; x_wconf 75' lang='lat' dir='ltr'><strong>contundi</strong></span> <span class='ocrx_word' id='word_1_401' title='bbox 2594 2546 2808 2611; x_wconf 83' lang='lat' dir='ltr'><strong>debeat,</strong></span> <span class='ocrx_word' id='word_1_402' title='bbox 2870 2561 2967 2599; x_wconf 90' lang='lat' dir='ltr'><strong>cur</strong></span> <span class='ocrx_word' id='word_1_403' title='bbox 3017 2554 3234 2615; x_wconf 87' lang='lat' dir='ltr'><strong>propter</strong></span> <span class='ocrx_word' id='word_1_404' title='bbox 3278 2547 3429 2600; x_wconf 90' lang='lat' dir='ltr'><strong>illum</strong></span> 
     </span>
    </p>
   </div>
   <div class='ocr_carea' id='block_1_54' title="bbox 1852 2638 3431 2707">
    <p class='ocr_par' dir='ltr' id='par_1_54' title="bbox 1852 2638 3431 2707">
     <span class='ocr_line' id='line_1_54' title="bbox 1852 2638 3431 2707; baseline 0 -16"><span class='ocrx_word' id='word_1_405' title='bbox 1852 2639 2309 2707; x_wconf 84' lang='lat' dir='ltr'><strong>pcriclitabuntur</strong></span> <span class='ocrx_word' id='word_1_406' title='bbox 2340 2640 2429 2707; x_wconf 91' lang='lat' dir='ltr'><strong>qui</strong></span> <span class='ocrx_word' id='word_1_407' title='bbox 2467 2654 2643 2707; x_wconf 88' lang='lat' dir='ltr'><strong>neque</strong></span> <span class='ocrx_word' id='word_1_408' title='bbox 2675 2639 2823 2707; x_wconf 89' lang='lat' dir='ltr'><strong>digni</strong></span> <span class='ocrx_word' id='word_1_409' title='bbox 2879 2639 3126 2706; x_wconf 86' lang='lat' dir='ltr'><strong>suntqui</strong></span> <span class='ocrx_word' id='word_1_410' title='bbox 3160 2638 3281 2706; x_wconf 82' lang='lat' dir='ltr'><strong>ejus</strong></span> <span class='ocrx_word' id='word_1_411' title='bbox 3323 2640 3431 2691; x_wconf 79' lang='lat' dir='ltr'><strong>cri-</strong></span> 
     </span>
    </p>
   </div>
   <div class='ocr_carea' id='block_1_55' title="bbox 1851 2730 3430 2800">
    <p class='ocr_par' dir='ltr' id='par_1_55' title="bbox 1851 2730 3430 2800">
     <span class='ocr_line' id='line_1_55' title="bbox 1851 2730 3430 2800; baseline 0 -17"><span class='ocrx_word' id='word_1_412' title='bbox 1851 2730 1997 2784; x_wconf 90' lang='lat' dir='ltr'><strong>mina</strong></span> <span class='ocrx_word' id='word_1_413' title='bbox 2046 2732 2393 2800; x_wconf 81' lang='lat' dir='ltr'><strong>participem,</strong></span> <span class='ocrx_word' id='word_1_414' title='bbox 2426 2746 2603 2800; x_wconf 86' lang='lat' dir='ltr'><strong>neque</strong></span> <span class='ocrx_word' id='word_1_415' title='bbox 2650 2730 2748 2799; x_wconf 88' lang='lat' dir='ltr'><strong>qui</strong></span> <span class='ocrx_word' id='word_1_416' title='bbox 2782 2745 2969 2797; x_wconf 67' lang='lat' dir='ltr'><strong>pinnas</strong></span> <span class='ocrx_word' id='word_1_417' title='bbox 3008 2731 3163 2783; x_wconf 84' lang='lat' dir='ltr'><strong>luant</strong></span> <span class='ocrx_word' id='word_1_418' title='bbox 3208 2730 3278 2783; x_wconf 93' lang='lat' dir='ltr'><strong>ob</strong></span> <span class='ocrx_word' id='word_1_419' title='bbox 3310 2730 3430 2796; x_wconf 82' lang='lat' dir='ltr'><strong>ejus</strong></span> 
     </span>
    </p>
   </div>
   <div class='ocr_carea' id='block_1_56' title="bbox 1851 2815 3427 2892">
    <p class='ocr_par' dir='ltr' id='par_1_56' title="bbox 1851 2815 3427 2892">
     <span class='ocr_line' id='line_1_56' title="bbox 1851 2815 3427 2892; baseline -0.001 -16"><span class='ocrx_word' id='word_1_420' title='bbox 1851 2824 1992 2876; x_wconf 81' lang='lat' dir='ltr'><strong>male</strong></span> <span class='ocrx_word' id='word_1_421' title='bbox 2048 2815 2370 2892; x_wconf 49' lang='lat' dir='ltr'><strong>gesta?&#39;l|le</strong></span> <span class='ocrx_word' id='word_1_422' title='bbox 2425 2824 2625 2877; x_wconf 86' lang='lat' dir='ltr'><strong>etenim</strong></span> <span class='ocrx_word' id='word_1_423' title='bbox 2688 2822 2919 2875; x_wconf 79' lang='lat' dir='ltr'><strong>ltmnani</strong></span> <span class='ocrx_word' id='word_1_424' title='bbox 2975 2827 3253 2875; x_wconf 75' lang='lat' dir='ltr'><strong>exercitus</strong></span> <span class='ocrx_word' id='word_1_425' title='bbox 3303 2836 3427 2875; x_wconf 90' lang='lat' dir='ltr'><strong>cum</strong></span> 
     </span>
    </p>
   </div>
   <div class='ocr_carea' id='block_1_57' title="bbox 1850 2917 3431 2984">
    <p class='ocr_par' dir='ltr' id='par_1_57' title="bbox 1850 2917 3431 2984">
     <span class='ocr_line' id='line_1_57' title="bbox 1850 2917 3431 2984; baseline -0.001 -14"><span class='ocrx_word' id='word_1_426' title='bbox 1850 2927 1996 2970; x_wconf 84' lang='lat' dir='ltr'><strong>esset</strong></span> <span class='ocrx_word' id='word_1_427' title='bbox 2063 2917 2208 2977; x_wconf 79' lang='lat' dir='ltr'><strong>dux.</strong></span> <span class='ocrx_word' id='word_1_428' title='bbox 2271 2918 2458 2971; x_wconf 87' lang='lat' dir='ltr'><strong>hostes</strong></span> <span class='ocrx_word' id='word_1_429' title='bbox 2544 2918 2863 2984; x_wconf 51' lang='lat' dir='ltr'><strong>nliiCunque</strong></span> <span class='ocrx_word' id='word_1_430' title='bbox 2920 2926 3188 2969; x_wconf 85' lang='lat' dir='ltr'><strong>terrarum</strong></span> <span class='ocrx_word' id='word_1_431' title='bbox 3246 2924 3431 2984; x_wconf 83' lang='lat' dir='ltr'><strong>posset</strong></span> 
     </span>
    </p>
   </div>
   <div class='ocr_carea' id='block_1_58' title="bbox 1852 3008 3431 3079">
    <p class='ocr_par' dir='ltr' id='par_1_58' title="bbox 1852 3008 3431 3079">
     <span class='ocr_line' id='line_1_58' title="bbox 1852 3008 3431 3079; baseline -0.001 -18"><span class='ocrx_word' id='word_1_432' title='bbox 1852 3009 2141 3077; x_wconf 79' lang='lat' dir='ltr'><strong>subigens,</strong></span> <span class='ocrx_word' id='word_1_433' title='bbox 2199 3010 2484 3079; x_wconf 82' lang='lat' dir='ltr'><strong>probatum</strong></span> <span class='ocrx_word' id='word_1_434' title='bbox 2520 3023 2729 3062; x_wconf 83' lang='lat' dir='ltr'><strong>morem</strong></span> <span class='ocrx_word' id='word_1_435' title='bbox 2763 3008 3046 3073; x_wconf 78' lang='lat' dir='ltr'><strong>servabat;</strong></span> <span class='ocrx_word' id='word_1_436' title='bbox 3084 3008 3268 3076; x_wconf 75' lang='lat' dir='ltr'><strong>Cyprii</strong></span> <span class='ocrx_word' id='word_1_437' title='bbox 3306 3021 3431 3059; x_wconf 83' lang='lat' dir='ltr'><strong>vero</strong></span> 
     </span>
    </p>
   </div>
   <div class='ocr_carea' id='block_1_59' title="bbox 1849 3098 3429 3168">
    <p class='ocr_par' dir='ltr' id='par_1_59' title="bbox 1849 3098 3429 3168">
     <span class='ocr_line' id='line_1_59' title="bbox 1849 3098 3429 3168; baseline -0.003 -14"><span class='ocrx_word' id='word_1_438' title='bbox 1849 3115 1947 3155; x_wconf 85' lang='lat' dir='ltr'><strong>vos</strong></span> <span class='ocrx_word' id='word_1_439' title='bbox 1980 3102 2164 3157; x_wconf 90' lang='lat' dir='ltr'><strong>bostes</strong></span> <span class='ocrx_word' id='word_1_440' title='bbox 2198 3118 2306 3157; x_wconf 88' lang='lat' dir='ltr'><strong>non</strong></span> <span class='ocrx_word' id='word_1_441' title='bbox 2356 3102 2692 3163; x_wconf 79' lang='lat' dir='ltr'><strong>existimant,</strong></span> <span class='ocrx_word' id='word_1_442' title='bbox 2743 3112 2922 3168; x_wconf 89' lang='lat' dir='ltr'><strong>neque</strong></span> <span class='ocrx_word' id='word_1_443' title='bbox 2948 3098 3245 3166; x_wconf 84' lang='lat' dir='ltr'><strong>quidquam</strong></span> <span class='ocrx_word' id='word_1_444' title='bbox 3298 3099 3429 3151; x_wconf 90' lang='lat' dir='ltr'><strong>mali</strong></span> 
     </span>
    </p>
   </div>
   <div class='ocr_carea' id='block_1_60' title="bbox 1849 3187 3430 3261">
    <p class='ocr_par' dir='ltr' id='par_1_60' title="bbox 1849 3187 3430 3261">
     <span class='ocr_line' id='line_1_60' title="bbox 1849 3187 3430 3261; baseline -0.003 -15"><span class='ocrx_word' id='word_1_445' title='bbox 1849 3194 2006 3247; x_wconf 83' lang='lat' dir='ltr'><strong>vobis</strong></span> <span class='ocrx_word' id='word_1_446' title='bbox 2062 3193 2390 3255; x_wconf 83' lang='lat' dir='ltr'><strong>intulerunt,</strong></span> <span class='ocrx_word' id='word_1_447' title='bbox 2429 3208 2605 3261; x_wconf 89' lang='lat' dir='ltr'><strong>neque</strong></span> <span class='ocrx_word' id='word_1_448' title='bbox 2656 3193 2881 3260; x_wconf 89' lang='lat' dir='ltr'><strong>insuper</strong></span> <span class='ocrx_word' id='word_1_449' title='bbox 2917 3199 3148 3259; x_wconf 80' lang='lat' dir='ltr'><strong>possunt</strong></span> <span class='ocrx_word' id='word_1_450' title='bbox 3185 3187 3430 3243; x_wconf 88' lang='lat' dir='ltr'><strong>llimerio</strong></span> 
     </span>
    </p>
   </div>
   <div class='ocr_carea' id='block_1_61' title="bbox 153 3273 1744 3351">
    <p class='ocr_par' dir='ltr' id='par_1_61' title="bbox 153 3273 1744 3349">
     <span class='ocr_line' id='line_1_61' title="bbox 153 3273 1744 3349; baseline -0.006 -16"><span class='ocrx_word' id='word_1_451' title='bbox 153 3282 269 3333; x_wconf 72' lang='grc' dir='ltr'>οὗτε</span> <span class='ocrx_word' id='word_1_452' title='bbox 303 3299 361 3333; x_wconf 86' lang='grc' dir='ltr'><strong>τι</strong></span> <span class='ocrx_word' id='word_1_453' title='bbox 393 3281 572 3333; x_wconf 75' lang='grc' dir='ltr'>δεινὸν</span> <span class='ocrx_word' id='word_1_454' title='bbox 603 3284 1063 3349; x_wconf 64' lang='grc' dir='ltr'>κατειργάσαντο,</span> <span class='ocrx_word' id='word_1_455' title='bbox 1096 3277 1223 3332; x_wconf 78' lang='grc' dir='ltr'>οὔτε</span> <span class='ocrx_word' id='word_1_456' title='bbox 1252 3278 1306 3330; x_wconf 84' lang='grc' dir='ltr'>δὲ</span> <span class='ocrx_word' id='word_1_457' title='bbox 1347 3277 1511 3329; x_wconf 80' lang='grc' dir='ltr'>πάλιν</span> <span class='ocrx_word' id='word_1_458' title='bbox 1571 3273 1744 3327; x_wconf 73' lang='grc' dir='ltr'>ἱκανοὶ</span> 
     </span>
    </p>
   </div>
   <div class='ocr_carea' id='block_1_62' title="bbox 1851 3273 3433 3351">
    <p class='ocr_par' dir='ltr' id='par_1_62' title="bbox 1853 3280 3433 3351">
     <span class='ocr_line' id='line_1_62' title="bbox 1853 3280 3433 3351; baseline -0.003 -16"><span class='ocrx_word' id='word_1_459' title='bbox 1853 3298 1911 3336; x_wconf 90' lang='lat' dir='ltr'><strong>se</strong></span> <span class='ocrx_word' id='word_1_460' title='bbox 1947 3297 2223 3351; x_wconf 87' lang='lat' dir='ltr'><strong>opponere</strong></span> <span class='ocrx_word' id='word_1_461' title='bbox 2256 3298 2354 3336; x_wconf 83' lang='lat' dir='ltr'><strong>nec</strong></span> <span class='ocrx_word' id='word_1_462' title='bbox 2388 3282 2689 3336; x_wconf 85' lang='lat' dir='ltr'><strong>Saracenos</strong></span> <span class='ocrx_word' id='word_1_463' title='bbox 2740 3295 2770 3335; x_wconf 88' lang='lat' dir='ltr'><strong>e</strong></span> <span class='ocrx_word' id='word_1_464' title='bbox 2810 3281 3061 3333; x_wconf 89' lang='lat' dir='ltr'><strong>manibus</strong></span> <span class='ocrx_word' id='word_1_465' title='bbox 3099 3280 3218 3347; x_wconf 89' lang='lat' dir='ltr'><strong>ejus</strong></span> <span class='ocrx_word' id='word_1_466' title='bbox 3249 3289 3433 3331; x_wconf 76' lang='lat' dir='ltr'><strong>extra-</strong></span> 
     </span>
    </p>
   </div>
   <div class='ocr_carea' id='block_1_63' title="bbox 152 3368 1744 3443">
    <p class='ocr_par' dir='ltr' id='par_1_63' title="bbox 152 3368 1744 3443">
     <span class='ocr_line' id='line_1_63' title="bbox 152 3368 1744 3443; baseline -0.005 -18"><span class='ocrx_word' id='word_1_467' title='bbox 152 3375 479 3426; x_wconf 81' lang='grc' dir='ltr'>ἁντεπιέναι</span> <span class='ocrx_word' id='word_1_468' title='bbox 541 3374 680 3443; x_wconf 79' lang='grc' dir='ltr'>πρὸς</span> <span class='ocrx_word' id='word_1_469' title='bbox 731 3374 822 3424; x_wconf 68' lang='grc' dir='ltr'><strong>τοι</strong></span> <span class='ocrx_word' id='word_1_470' title='bbox 888 3373 1172 3441; x_wconf 84' lang='grc' dir='ltr'>Ὴμέριον,</span> <span class='ocrx_word' id='word_1_471' title='bbox 1224 3369 1320 3421; x_wconf 78' lang='grc' dir='ltr'><strong>καὶ</strong></span> <span class='ocrx_word' id='word_1_472' title='bbox 1387 3368 1744 3435; x_wconf 70' lang='grc' dir='ltr'>Σαρακηνοὺς</span> 
     </span>
    </p>
   </div>
   <div class='ocr_carea' id='block_1_64' title="bbox 152 3458 1748 3537">
    <p class='ocr_par' dir='ltr' id='par_1_64' title="bbox 152 3458 1748 3537">
     <span class='ocr_line' id='line_1_64' title="bbox 152 3458 1748 3537; baseline -0.008 -18"><span class='ocrx_word' id='word_1_473' title='bbox 152 3468 493 3537; x_wconf 60' lang='grc' dir='ltr'>ἐξαρπάζειν</span> <span class='ocrx_word' id='word_1_474' title='bbox 538 3468 641 3535; x_wconf 75' lang='grc' dir='ltr'>τῆς</span> <span class='ocrx_word' id='word_1_475' title='bbox 673 3468 885 3518; x_wconf 73' lang='grc' dir='ltr'>ἐκείνου</span> <span class='ocrx_word' id='word_1_476' title='bbox 936 3465 1142 3534; x_wconf 74' lang='grc' dir='ltr'>χειρός.</span> <span class='ocrx_word' id='word_1_477' title='bbox 1181 3462 1318 3514; x_wconf 72' lang='grc' dir='ltr'>Οὐδὲ</span> <span class='ocrx_word' id='word_1_478' title='bbox 1350 3462 1461 3529; x_wconf 75' lang='grc' dir='ltr'><strong>γὰρ</strong></span> <span class='ocrx_word' id='word_1_479' title='bbox 1492 3458 1637 3527; x_wconf 76' lang='grc' dir='ltr'>ἔχεις</span> <span class='ocrx_word' id='word_1_480' title='bbox 1667 3458 1748 3508; x_wconf 80' lang='grc' dir='ltr'><strong>εἰ·</strong></span> 
     </span>
    </p>
   </div>
   <div class='ocr_carea' id='block_1_65' title="bbox 157 3552 1746 3626">
    <p class='ocr_par' dir='ltr' id='par_1_65' title="bbox 157 3552 1746 3626">
     <span class='ocr_line' id='line_1_65' title="bbox 157 3552 1746 3626; baseline -0.007 -13"><span class='ocrx_word' id='word_1_481' title='bbox 157 3566 296 3625; x_wconf 73' lang='grc' dir='ltr'>πεῖν,</span> <span class='ocrx_word' id='word_1_482' title='bbox 350 3562 429 3624; x_wconf 84' lang='grc' dir='ltr'><strong>ὡς</strong></span> <span class='ocrx_word' id='word_1_483' title='bbox 480 3563 601 3626; x_wconf 64' lang='grc' dir='ltr'>ἐξὸν</span> <span class='ocrx_word' id='word_1_484' title='bbox 661 3560 820 3611; x_wconf 78' lang='grc' dir='ltr'>τοῦτο</span> <span class='ocrx_word' id='word_1_485' title='bbox 879 3563 1076 3621; x_wconf 68' lang='grc' dir='ltr'>ποιεῖν,</span> <span class='ocrx_word' id='word_1_486' title='bbox 1124 3560 1225 3609; x_wconf 74' lang='grc' dir='ltr'><strong>οὑκ</strong></span> <span class='ocrx_word' id='word_1_487' title='bbox 1275 3552 1746 3623; x_wconf 75' lang='grc' dir='ltr'>ἐποίησαν-ἣὸτι</span> 
     </span>
    </p>
   </div>
   <div class='ocr_carea' id='block_1_66' title="bbox 157 3646 1747 3725">
    <p class='ocr_par' dir='ltr' id='par_1_66' title="bbox 157 3646 1747 3725">
     <span class='ocr_line' id='line_1_66' title="bbox 157 3646 1747 3725; baseline -0.007 -18"><span class='ocrx_word' id='word_1_488' title='bbox 157 3658 467 3725; x_wconf 53' lang='grc' dir='ltr'>σννέδραντο</span> <span class='ocrx_word' id='word_1_489' title='bbox 497 3654 647 3722; x_wconf 70' lang='grc' dir='ltr'>αὐτῷ</span> <span class='ocrx_word' id='word_1_490' title='bbox 685 3665 780 3705; x_wconf 82' lang='grc' dir='ltr'><strong>και</strong></span> <span class='ocrx_word' id='word_1_491' title='bbox 821 3652 1261 3721; x_wconf 72' lang='grc' dir='ltr'>συνηγωνίσαντο</span> <span class='ocrx_word' id='word_1_492' title='bbox 1314 3650 1394 3708; x_wconf 77' lang='grc' dir='ltr'>εἰς</span> <span class='ocrx_word' id='word_1_493' title='bbox 1452 3652 1550 3715; x_wconf 76' lang='grc' dir='ltr'>τὴν</span> <span class='ocrx_word' id='word_1_494' title='bbox 1607 3646 1747 3696; x_wconf 75' lang='grc' dir='ltr'>κατᾶ</span> 
     </span>
    </p>
   </div>
   <div class='ocr_carea' id='block_1_67' title="bbox 154 3747 932 3817">
    <p class='ocr_par' dir='ltr' id='par_1_67' title="bbox 154 3747 932 3817">
     <span class='ocr_line' id='line_1_67' title="bbox 154 3747 932 3817; baseline -0.001 -19"><span class='ocrx_word' id='word_1_495' title='bbox 154 3750 252 3799; x_wconf 73' lang='grc' dir='ltr'>τῶν</span> <span class='ocrx_word' id='word_1_496' title='bbox 282 3747 631 3817; x_wconf 81' lang='grc' dir='ltr'>Σαρακηνῶν</span> <span class='ocrx_word' id='word_1_497' title='bbox 668 3748 932 3798; x_wconf 73' lang='grc' dir='ltr'>κάκωσιν.</span> 
     </span>
    </p>
   </div>
   <div class='ocr_carea' id='block_1_68' title="bbox 219 3826 1744 3903">
    <p class='ocr_par' dir='ltr' id='par_1_68' title="bbox 219 3826 1744 3903">
     <span class='ocr_line' id='line_1_68' title="bbox 219 3826 1744 3903; baseline -0.009 -12"><span class='ocrx_word' id='word_1_498' title='bbox 219 3840 285 3891; x_wconf 81' lang='grc' dir='ltr'><strong>ΤΞ</strong></span> <span class='ocrx_word' id='word_1_499' title='bbox 346 3838 447 3890; x_wconf 75' lang='grc' dir='ltr'><strong>οὖν</strong></span> <span class='ocrx_word' id='word_1_500' title='bbox 502 3838 589 3889; x_wconf 75' lang='grc' dir='ltr'>διὰ</span> <span class='ocrx_word' id='word_1_501' title='bbox 642 3836 804 3887; x_wconf 76' lang='grc' dir='ltr'>τοῦτο</span> <span class='ocrx_word' id='word_1_502' title='bbox 842 3836 1100 3903; x_wconf 79' lang='grc' dir='ltr'>πολεμεῖς</span> <span class='ocrx_word' id='word_1_503' title='bbox 1156 3832 1449 3902; x_wconf 80' lang='grc' dir='ltr'>Κυπρίοις,</span> <span class='ocrx_word' id='word_1_504' title='bbox 1503 3830 1596 3881; x_wconf 66' lang='grc' dir='ltr'><strong>καὶ</strong></span> <span class='ocrx_word' id='word_1_505' title='bbox 1628 3826 1744 3879; x_wconf 84' lang='grc' dir='ltr'>κατ’</span> 
     </span>
    </p>
   </div>
   <div class='ocr_carea' id='block_1_69' title="bbox 157 3919 1748 3999">
    <p class='ocr_par' dir='ltr' id='par_1_69' title="bbox 157 3919 1748 3999">
     <span class='ocr_line' id='line_1_69' title="bbox 157 3919 1748 3999; baseline -0.01 -16"><span class='ocrx_word' id='word_1_506' title='bbox 157 3932 329 3983; x_wconf 73' lang='grc' dir='ltr'>αὑτῶν</span> <span class='ocrx_word' id='word_1_507' title='bbox 363 3933 549 3988; x_wconf 84' lang='grc' dir='ltr'>κενοῖς</span> <span class='ocrx_word' id='word_1_508' title='bbox 586 3930 683 3998; x_wconf 74' lang='grc' dir='ltr'><strong>τὴν</strong></span> <span class='ocrx_word' id='word_1_509' title='bbox 728 3929 943 3999; x_wconf 58' lang='lat' dir='ltr'><strong>(ip-(qv;</strong></span> <span class='ocrx_word' id='word_1_510' title='bbox 989 3927 1054 3978; x_wconf 82' lang='lat' dir='ltr'><strong>Ti</strong></span> <span class='ocrx_word' id='word_1_511' title='bbox 1081 3926 1138 3977; x_wconf 74' lang='grc' dir='ltr'>δὲ</span> <span class='ocrx_word' id='word_1_512' title='bbox 1169 3925 1293 3978; x_wconf 76' lang='grc' dir='ltr'>ἀντὶ</span> <span class='ocrx_word' id='word_1_513' title='bbox 1327 3923 1421 3974; x_wconf 75' lang='grc' dir='ltr'>τοῦ</span> <span class='ocrx_word' id='word_1_514' title='bbox 1445 3920 1523 3989; x_wconf 78' lang='grc' dir='ltr'><strong>τῷ</strong></span> <span class='ocrx_word' id='word_1_515' title='bbox 1558 3937 1615 3971; x_wconf 87' lang='grc' dir='ltr'><strong>σε</strong></span> <span class='ocrx_word' id='word_1_516' title='bbox 1656 3919 1748 3968; x_wconf 77' lang='grc' dir='ltr'>λυ-</span> 
     </span>
    </p>
   </div>
   <div class='ocr_carea' id='block_1_70' title="bbox 158 4012 1745 4094">
    <p class='ocr_par' dir='ltr' id='par_1_70' title="bbox 158 4012 1745 4094">
     <span class='ocr_line' id='line_1_70' title="bbox 158 4012 1745 4094; baseline -0.011 -18"><span class='ocrx_word' id='word_1_517' title='bbox 158 4027 395 4094; x_wconf 67' lang='grc' dir='ltr'>πήσαντι</span> <span class='ocrx_word' id='word_1_518' title='bbox 450 4022 782 4082; x_wconf 68' lang='grc' dir='ltr'>σπουδάζειν</span> <span class='ocrx_word' id='word_1_519' title='bbox 813 4024 848 4073; x_wconf 78' lang='grc' dir='ltr'>ὰ</span> <span class='ocrx_word' id='word_1_520' title='bbox 886 4020 1113 4090; x_wconf 77' lang='grc' dir='ltr'>ἔδρασεν</span> <span class='ocrx_word' id='word_1_521' title='bbox 1167 4012 1588 4073; x_wconf 79' lang='grc' dir='ltr'>ἀνταποδοῦναι,</span> <span class='ocrx_word' id='word_1_522' title='bbox 1634 4014 1745 4070; x_wconf 76' lang='grc' dir='ltr'>τοῖς</span> 
     </span>
    </p>
   </div>
   <div class='ocr_carea' id='block_1_71' title="bbox 155 4104 1741 4183">
    <p class='ocr_par' dir='ltr' id='par_1_71' title="bbox 155 4104 1741 4183">
     <span class='ocr_line' id='line_1_71' title="bbox 155 4104 1741 4183; baseline -0.011 -14"><span class='ocrx_word' id='word_1_523' title='bbox 155 4119 299 4169; x_wconf 60' lang='grc' dir='ltr'>οέδὲν</span> <span class='ocrx_word' id='word_1_524' title='bbox 320 4116 578 4183; x_wconf 82' lang='grc' dir='ltr'>λυπηρὸν</span> <span class='ocrx_word' id='word_1_525' title='bbox 602 4113 1002 4183; x_wconf 78' lang='grc' dir='ltr'>ἐργασαμένοις</span> <span class='ocrx_word' id='word_1_526' title='bbox 1030 4112 1096 4163; x_wconf 76' lang='grc' dir='ltr'><strong>τὰ</strong></span> <span class='ocrx_word' id='word_1_527' title='bbox 1117 4111 1214 4179; x_wconf 81' lang='grc' dir='ltr'><strong>τῆς</strong></span> <span class='ocrx_word' id='word_1_528' title='bbox 1249 4107 1349 4175; x_wconf 76' lang='grc' dir='ltr'>σῆς</span> <span class='ocrx_word' id='word_1_529' title='bbox 1369 4106 1546 4173; x_wconf 67' lang='grc' dir='ltr'>λύπης</span> <span class='ocrx_word' id='word_1_530' title='bbox 1576 4104 1741 4155; x_wconf 84' lang='grc' dir='ltr'>ἀντα-</span> 
     </span>
    </p>
   </div>
   <div class='ocr_carea' id='block_1_72' title="bbox 154 4196 1743 4278">
    <p class='ocr_par' dir='ltr' id='par_1_72' title="bbox 154 4196 1743 4278">
     <span class='ocr_line' id='line_1_72' title="bbox 154 4196 1743 4278; baseline -0.008 -17"><span class='ocrx_word' id='word_1_531' title='bbox 154 4212 387 4273; x_wconf 74' lang='grc' dir='ltr'>ποδίδως</span> <span class='ocrx_word' id='word_1_532' title='bbox 412 4228 424 4274; x_wconf 86' lang='lat'><strong>;</strong></span> <span class='ocrx_word' id='word_1_533' title='bbox 460 4211 531 4262; x_wconf 84' lang='grc' dir='ltr'><strong>Ἲι</strong></span> <span class='ocrx_word' id='word_1_534' title='bbox 556 4210 653 4261; x_wconf 76' lang='grc' dir='ltr'><strong>καὶ</strong></span> <span class='ocrx_word' id='word_1_535' title='bbox 676 4210 755 4261; x_wconf 84' lang='grc' dir='ltr'><strong>διό</strong></span> <span class='ocrx_word' id='word_1_536' title='bbox 786 4225 842 4259; x_wconf 89' lang='grc' dir='ltr'><strong>τι</strong></span> <span class='ocrx_word' id='word_1_537' title='bbox 875 4207 1011 4278; x_wconf 75' lang='grc' dir='ltr'>πρὸς</span> <span class='ocrx_word' id='word_1_538' title='bbox 1038 4206 1136 4276; x_wconf 81' lang='grc' dir='ltr'><strong>τὴν</strong></span> <span class='ocrx_word' id='word_1_539' title='bbox 1159 4204 1257 4275; x_wconf 81' lang='grc' dir='ltr'>σὴν</span> <span class='ocrx_word' id='word_1_540' title='bbox 1275 4200 1526 4270; x_wconf 80' lang='grc' dir='ltr'>εἰσήλασε</span> <span class='ocrx_word' id='word_1_541' title='bbox 1559 4196 1743 4265; x_wconf 75' lang='grc' dir='ltr'>χώραν</span> 
     </span>
    </p>
   </div>
   <div class='ocr_carea' id='block_1_73' title="bbox 164 4286 1745 4375">
    <p class='ocr_par' dir='ltr' id='par_1_73' title="bbox 164 4286 1745 4375">
     <span class='ocr_line' id='line_1_73' title="bbox 164 4286 1745 4375; baseline -0.027 1"><span class='ocrx_word' id='word_1_542' title='bbox 164 4305 451 4375; x_wconf 65' lang='grc' dir='ltr'>Ἡμέριοςς</span> <span class='ocrx_word' id='word_1_543' title='bbox 490 4303 585 4355; x_wconf 69' lang='grc' dir='ltr'><strong>καὶ</strong></span> <span class='ocrx_word' id='word_1_544' title='bbox 613 4303 714 4371; x_wconf 77' lang='grc' dir='ltr'>τῆς</span> <span class='ocrx_word' id='word_1_545' title='bbox 756 4302 957 4369; x_wconf 78' lang='grc' dir='ltr'>Συρίας</span> <span class='ocrx_word' id='word_1_546' title='bbox 999 4295 1309 4365; x_wconf 85' lang='grc' dir='ltr'>πολίσματά</span> <span class='ocrx_word' id='word_1_547' title='bbox 1353 4308 1479 4344; x_wconf 90' lang='grc' dir='ltr'>τινα</span> <span class='ocrx_word' id='word_1_548' title='bbox 1516 4286 1745 4341; x_wconf 74' lang='grc' dir='ltr'>ἐκπολε-</span> 
     </span>
    </p>
   </div>
   <div class='ocr_carea' id='block_1_74' title="bbox 157 4382 1743 4468">
    <p class='ocr_par' dir='ltr' id='par_1_74' title="bbox 157 4382 1743 4468">
     <span class='ocr_line' id='line_1_74' title="bbox 157 4382 1743 4468; baseline -0.025 -2"><span class='ocrx_word' id='word_1_549' title='bbox 157 4401 335 4467; x_wconf 63' lang='grc' dir='ltr'><strong>μήτις</strong></span> <span class='ocrx_word' id='word_1_550' title='bbox 376 4396 731 4468; x_wconf 73' lang='grc' dir='ltr'>κεχείρωται,</span> <span class='ocrx_word' id='word_1_551' title='bbox 763 4394 852 4447; x_wconf 75' lang='grc' dir='ltr'><strong>διὰ</strong></span> <span class='ocrx_word' id='word_1_552' title='bbox 880 4394 1053 4447; x_wconf 79' lang='grc' dir='ltr'>ταῦτα</span> <span class='ocrx_word' id='word_1_553' title='bbox 1082 4389 1468 4444; x_wconf 82' lang='grc' dir='ltr'>ὑποκείσονται</span> <span class='ocrx_word' id='word_1_554' title='bbox 1504 4382 1743 4448; x_wconf 80' lang='grc' dir='ltr'>Κύπριοι</span> 
     </span>
    </p>
   </div>
   <div class='ocr_carea' id='block_1_75' title="bbox 155 4476 1741 4560">
    <p class='ocr_par' dir='ltr' id='par_1_75' title="bbox 155 4476 1741 4560">
     <span class='ocr_line' id='line_1_75' title="bbox 155 4476 1741 4560; baseline -0.011 -19"><span class='ocrx_word' id='word_1_555' title='bbox 155 4491 477 4560; x_wconf 75' lang='grc' dir='ltr'>τιμωρίαις,</span> <span class='ocrx_word' id='word_1_556' title='bbox 511 4490 607 4541; x_wconf 74' lang='grc' dir='ltr'><strong>καὶ</strong></span> <span class='ocrx_word' id='word_1_557' title='bbox 632 4490 759 4541; x_wconf 85' lang='grc' dir='ltr'>κατ’</span> <span class='ocrx_word' id='word_1_558' title='bbox 809 4485 990 4539; x_wconf 67' lang='grc' dir='ltr'>αὐτῶν</span> <span class='ocrx_word' id='word_1_559' title='bbox 1020 4483 1350 4552; x_wconf 77' lang='grc' dir='ltr'>ἀγανακτεῖν</span> <span class='ocrx_word' id='word_1_560' title='bbox 1382 4476 1621 4541; x_wconf 81' lang='grc' dir='ltr'>εὐλόγως</span> <span class='ocrx_word' id='word_1_561' title='bbox 1649 4485 1741 4520; x_wconf 78' lang='grc' dir='ltr'>νο-</span> 
     </span>
    </p>
   </div>
   <div class='ocr_carea' id='block_1_76' title="bbox 1852 3370 3429 3442">
    <p class='ocr_par' dir='ltr' id='par_1_76' title="bbox 1852 3370 3429 3442">
     <span class='ocr_line' id='line_1_76' title="bbox 1852 3370 3429 3442; baseline -0.003 -15"><span class='ocrx_word' id='word_1_562' title='bbox 1852 3374 1980 3427; x_wconf 80' lang='lat' dir='ltr'><strong>liere</strong></span> <span class='ocrx_word' id='word_1_563' title='bbox 2015 3392 2029 3426; x_wconf 85' lang='lat'><strong>:</strong></span> <span class='ocrx_word' id='word_1_564' title='bbox 2065 3389 2169 3425; x_wconf 87' lang='lat' dir='ltr'><strong>non</strong></span> <span class='ocrx_word' id='word_1_565' title='bbox 2207 3386 2367 3442; x_wconf 83' lang='lat' dir='ltr'><strong>potes</strong></span> <span class='ocrx_word' id='word_1_566' title='bbox 2398 3373 2561 3442; x_wconf 83' lang='lat' dir='ltr'><strong>igitur</strong></span> <span class='ocrx_word' id='word_1_567' title='bbox 2589 3373 2771 3425; x_wconf 87' lang='lat' dir='ltr'><strong>dicere</strong></span> <span class='ocrx_word' id='word_1_568' title='bbox 2801 3385 2914 3433; x_wconf 90' lang='lat' dir='ltr'><strong>eos,</strong></span> <span class='ocrx_word' id='word_1_569' title='bbox 2946 3385 3069 3423; x_wconf 92' lang='lat' dir='ltr'><strong>cum</strong></span> <span class='ocrx_word' id='word_1_570' title='bbox 3101 3370 3429 3437; x_wconf 87' lang='lat' dir='ltr'><strong>potuissent,</strong></span> 
     </span>
    </p>
   </div>
   <div class='ocr_carea' id='block_1_77' title="bbox 1851 3460 3424 3533">
    <p class='ocr_par' dir='ltr' id='par_1_77' title="bbox 1851 3460 3424 3533">
     <span class='ocr_line' id='line_1_77' title="bbox 1851 3460 3424 3533; baseline -0.001 -16"><span class='ocrx_word' id='word_1_571' title='bbox 1851 3481 1957 3518; x_wconf 90' lang='lat' dir='ltr'><strong>non</strong></span> <span class='ocrx_word' id='word_1_572' title='bbox 1995 3464 2207 3528; x_wconf 78' lang='lat' dir='ltr'><strong>fecisse,</strong></span> <span class='ocrx_word' id='word_1_573' title='bbox 2248 3479 2426 3533; x_wconf 88' lang='lat' dir='ltr'><strong>neque</strong></span> <span class='ocrx_word' id='word_1_574' title='bbox 2461 3480 2519 3518; x_wconf 87' lang='lat' dir='ltr'><strong>se</strong></span> <span class='ocrx_word' id='word_1_575' title='bbox 2557 3464 2633 3516; x_wconf 89' lang='lat' dir='ltr'><strong>illi</strong></span> <span class='ocrx_word' id='word_1_576' title='bbox 2684 3462 3009 3530; x_wconf 85' lang='lat' dir='ltr'><strong>adjunxisse</strong></span> <span class='ocrx_word' id='word_1_577' title='bbox 3043 3472 3097 3515; x_wconf 90' lang='lat' dir='ltr'><strong>et</strong></span> <span class='ocrx_word' id='word_1_578' title='bbox 3124 3460 3424 3515; x_wconf 78' lang='lat' dir='ltr'><strong>auxiliatos</strong></span> 
     </span>
    </p>
   </div>
   <div class='ocr_carea' id='block_1_78' title="bbox 1849 3556 2915 3613">
    <p class='ocr_par' dir='ltr' id='par_1_78' title="bbox 1849 3556 2915 3613">
     <span class='ocr_line' id='line_1_78' title="bbox 1849 3556 2915 3613; baseline -0.002 -1"><span class='ocrx_word' id='word_1_579' title='bbox 1849 3574 1971 3613; x_wconf 88' lang='lat' dir='ltr'><strong>esse</strong></span> <span class='ocrx_word' id='word_1_580' title='bbox 2001 3559 2066 3613; x_wconf 86' lang='lat' dir='ltr'><strong>ad</strong></span> <span class='ocrx_word' id='word_1_581' title='bbox 2104 3557 2387 3613; x_wconf 81' lang='lat' dir='ltr'><strong>inferenda</strong></span> <span class='ocrx_word' id='word_1_582' title='bbox 2424 3556 2713 3611; x_wconf 73' lang='lat' dir='ltr'><strong>Saracenis</strong></span> <span class='ocrx_word' id='word_1_583' title='bbox 2752 3556 2915 3610; x_wconf 83' lang='lat' dir='ltr'><strong>mala.</strong></span> 
     </span>
    </p>
   </div>
   <div class='ocr_carea' id='block_1_79' title="bbox 1921 3856 3416 3929">
    <p class='ocr_par' dir='ltr' id='par_1_79' title="bbox 1921 3856 3416 3929">
     <span class='ocr_line' id='line_1_79' title="bbox 1921 3856 3416 3929; baseline 0 -16"><span class='ocrx_word' id='word_1_584' title='bbox 1921 3861 2099 3926; x_wconf 81' lang='lat' dir='ltr'><strong>Quare</strong></span> <span class='ocrx_word' id='word_1_585' title='bbox 2124 3875 2252 3929; x_wconf 75' lang='lat' dir='ltr'><strong>ergo</strong></span> <span class='ocrx_word' id='word_1_586' title='bbox 2288 3869 2509 3929; x_wconf 87' lang='lat' dir='ltr'><strong>pr0pter</strong></span> <span class='ocrx_word' id='word_1_587' title='bbox 2541 3858 2643 3911; x_wconf 84' lang='lat' dir='ltr'><strong>hoc</strong></span> <span class='ocrx_word' id='word_1_588' title='bbox 2670 3857 2885 3927; x_wconf 87' lang='lat' dir='ltr'><strong>Cypriis</strong></span> <span class='ocrx_word' id='word_1_589' title='bbox 2914 3857 3118 3911; x_wconf 86' lang='lat' dir='ltr'><strong>bellum</strong></span> <span class='ocrx_word' id='word_1_590' title='bbox 3152 3856 3322 3913; x_wconf 84' lang='lat' dir='ltr'><strong>infers</strong></span> <span class='ocrx_word' id='word_1_591' title='bbox 3362 3869 3416 3913; x_wconf 88' lang='lat' dir='ltr'><strong>et</strong></span> 
     </span>
    </p>
   </div>
   <div class='ocr_carea' id='block_1_80' title="bbox 1852 3949 3427 4019">
    <p class='ocr_par' dir='ltr' id='par_1_80' title="bbox 1852 3949 3427 4019">
     <span class='ocr_line' id='line_1_80' title="bbox 1852 3949 3427 4019; baseline -0.003 -11"><span class='ocrx_word' id='word_1_592' title='bbox 1852 3956 1901 4008; x_wconf 93' lang='lat' dir='ltr'><strong>iu</strong></span> <span class='ocrx_word' id='word_1_593' title='bbox 1935 3969 2028 4008; x_wconf 84' lang='lat' dir='ltr'><strong>eos</strong></span> <span class='ocrx_word' id='word_1_594' title='bbox 2081 3954 2217 4006; x_wconf 84' lang='lat' dir='ltr'><strong>iram</strong></span> <span class='ocrx_word' id='word_1_595' title='bbox 2268 3963 2414 4005; x_wconf 87' lang='lat' dir='ltr'><strong>tuam</strong></span> <span class='ocrx_word' id='word_1_596' title='bbox 2449 3950 2727 4004; x_wconf 75' lang='lat' dir='ltr'><strong>elfundis?</strong></span> <span class='ocrx_word' id='word_1_597' title='bbox 2760 3964 2929 4019; x_wconf 81' lang='lat' dir='ltr'><strong>quare</strong></span> <span class='ocrx_word' id='word_1_598' title='bbox 2987 3959 3163 4002; x_wconf 90' lang='lat' dir='ltr'><strong>autem</strong></span> <span class='ocrx_word' id='word_1_599' title='bbox 3200 3964 3306 4003; x_wconf 91' lang='lat' dir='ltr'><strong>non</strong></span> <span class='ocrx_word' id='word_1_600' title='bbox 3351 3949 3427 4005; x_wconf 90' lang='lat' dir='ltr'><strong>illi</strong></span> 
     </span>
    </p>
   </div>
   <div class='ocr_carea' id='block_1_81' title="bbox 1848 4040 3427 4111">
    <p class='ocr_par' dir='ltr' id='par_1_81' title="bbox 1848 4040 3427 4111">
     <span class='ocr_line' id='line_1_81' title="bbox 1848 4040 3427 4111; baseline -0.004 -16"><span class='ocrx_word' id='word_1_601' title='bbox 1848 4045 1939 4111; x_wconf 91' lang='lat' dir='ltr'><strong>qui</strong></span> <span class='ocrx_word' id='word_1_602' title='bbox 1974 4054 2022 4096; x_wconf 87' lang='lat' dir='ltr'><strong>te</strong></span> <span class='ocrx_word' id='word_1_603' title='bbox 2084 4044 2240 4096; x_wconf 74' lang='grc' dir='ltr'>ιιιιιιὶσ</span> <span class='ocrx_word' id='word_1_604' title='bbox 2270 4041 2447 4095; x_wconf 83' lang='lat' dir='ltr'><strong>all&#39;ecit</strong></span> <span class='ocrx_word' id='word_1_605' title='bbox 2482 4052 2658 4095; x_wconf 81' lang='lat' dir='ltr'><strong>lentas</strong></span> <span class='ocrx_word' id='word_1_606' title='bbox 2692 4040 2991 4094; x_wconf 88' lang='lat' dir='ltr'><strong>retribuere</strong></span> <span class='ocrx_word' id='word_1_607' title='bbox 3020 4055 3244 4094; x_wconf 88' lang='lat' dir='ltr'><strong>suorum</strong></span> <span class='ocrx_word' id='word_1_608' title='bbox 3279 4056 3427 4095; x_wconf 85' lang='lat' dir='ltr'><strong>mer.</strong></span> 
     </span>
    </p>
   </div>
   <div class='ocr_carea' id='block_1_82' title="bbox 1848 4132 3427 4201">
    <p class='ocr_par' dir='ltr' id='par_1_82' title="bbox 1848 4132 3427 4201">
     <span class='ocr_line' id='line_1_82' title="bbox 1848 4132 3427 4201; baseline -0.001 -14"><span class='ocrx_word' id='word_1_609' title='bbox 1848 4134 2056 4196; x_wconf 87' lang='lat' dir='ltr'><strong>cedem,</strong></span> <span class='ocrx_word' id='word_1_610' title='bbox 2107 4134 2198 4186; x_wconf 85' lang='lat' dir='ltr'><strong>sed</strong></span> <span class='ocrx_word' id='word_1_611' title='bbox 2236 4149 2355 4201; x_wconf 79' lang='lat' dir='ltr'><strong>qua:</strong></span> <span class='ocrx_word' id='word_1_612' title='bbox 2390 4147 2586 4199; x_wconf 85' lang='lat' dir='ltr'><strong>passus</strong></span> <span class='ocrx_word' id='word_1_613' title='bbox 2634 4147 2692 4185; x_wconf 92' lang='lat' dir='ltr'><strong>es</strong></span> <span class='ocrx_word' id='word_1_614' title='bbox 2741 4146 2848 4184; x_wconf 91' lang='lat' dir='ltr'><strong>non</strong></span> <span class='ocrx_word' id='word_1_615' title='bbox 2882 4132 3086 4192; x_wconf 80' lang='lat' dir='ltr'><strong>noxiis.</strong></span> <span class='ocrx_word' id='word_1_616' title='bbox 3126 4132 3427 4186; x_wconf 90' lang='lat' dir='ltr'><strong>retribuere</strong></span> 
     </span>
    </p>
   </div>
   <div class='ocr_carea' id='block_1_83' title="bbox 1848 4221 3428 4292">
    <p class='ocr_par' dir='ltr' id='par_1_83' title="bbox 1848 4221 3428 4292">
     <span class='ocr_line' id='line_1_83' title="bbox 1848 4221 3428 4292; baseline -0.001 -13"><span class='ocrx_word' id='word_1_617' title='bbox 1848 4225 1970 4279; x_wconf 79' lang='lat' dir='ltr'><strong>vis?</strong></span> <span class='ocrx_word' id='word_1_618' title='bbox 2006 4235 2098 4278; x_wconf 85' lang='lat' dir='ltr'><strong>aut</strong></span> <span class='ocrx_word' id='word_1_619' title='bbox 2132 4226 2256 4292; x_wconf 85' lang='lat' dir='ltr'><strong>quia</strong></span> <span class='ocrx_word' id='word_1_620' title='bbox 2310 4225 2362 4276; x_wconf 93' lang='lat' dir='ltr'><strong>in</strong></span> <span class='ocrx_word' id='word_1_621' title='bbox 2402 4234 2548 4276; x_wconf 88' lang='lat' dir='ltr'><strong>tuam</strong></span> <span class='ocrx_word' id='word_1_622' title='bbox 2592 4222 2870 4290; x_wconf 74' lang='lat' dir='ltr'><strong>regionem</strong></span> <span class='ocrx_word' id='word_1_623' title='bbox 2918 4221 3201 4276; x_wconf 87' lang='lat' dir='ltr'><strong>devenerit</strong></span> <span class='ocrx_word' id='word_1_624' title='bbox 3233 4221 3428 4277; x_wconf 84' lang='lat' dir='ltr'><strong>Hime-</strong></span> 
     </span>
    </p>
   </div>
   <div class='ocr_carea' id='block_1_84' title="bbox 1849 4313 3418 4385">
    <p class='ocr_par' dir='ltr' id='par_1_84' title="bbox 1849 4313 3418 4385">
     <span class='ocr_line' id='line_1_84' title="bbox 1849 4313 3418 4385; baseline -0.001 -17"><span class='ocrx_word' id='word_1_625' title='bbox 1849 4318 1963 4369; x_wconf 91' lang='lat' dir='ltr'><strong>rius</strong></span> <span class='ocrx_word' id='word_1_626' title='bbox 1994 4328 2046 4369; x_wconf 90' lang='lat' dir='ltr'><strong>et</strong></span> <span class='ocrx_word' id='word_1_627' title='bbox 2100 4315 2271 4385; x_wconf 81' lang='lat' dir='ltr'><strong>Syria:</strong></span> <span class='ocrx_word' id='word_1_628' title='bbox 2316 4313 2513 4383; x_wconf 85' lang='lat' dir='ltr'><strong>oppida</strong></span> <span class='ocrx_word' id='word_1_629' title='bbox 2576 4314 2756 4382; x_wconf 86' lang='lat' dir='ltr'><strong>aliqua</strong></span> <span class='ocrx_word' id='word_1_630' title='bbox 2816 4315 3226 4382; x_wconf 80' lang='lat' dir='ltr'><strong>expugnaverit,</strong></span> <span class='ocrx_word' id='word_1_631' title='bbox 3287 4330 3418 4384; x_wconf 84' lang='lat' dir='ltr'><strong>pro-</strong></span> 
     </span>
    </p>
   </div>
   <div class='ocr_carea' id='block_1_85' title="bbox 1847 4406 3424 4479">
    <p class='ocr_par' dir='ltr' id='par_1_85' title="bbox 1847 4406 3424 4479">
     <span class='ocr_line' id='line_1_85' title="bbox 1847 4406 3424 4479; baseline -0.001 -19"><span class='ocrx_word' id='word_1_632' title='bbox 1847 4419 2029 4479; x_wconf 89' lang='lat' dir='ltr'><strong>pterea</strong></span> <span class='ocrx_word' id='word_1_633' title='bbox 2092 4407 2275 4478; x_wconf 87' lang='lat' dir='ltr'><strong>Cyprii</strong></span> <span class='ocrx_word' id='word_1_634' title='bbox 2346 4408 2526 4476; x_wconf 66' lang='lat' dir='ltr'><strong>pwnis</strong></span> <span class='ocrx_word' id='word_1_635' title='bbox 2586 4407 2950 4471; x_wconf 85' lang='lat' dir='ltr'><strong>subiacebunt</strong></span> <span class='ocrx_word' id='word_1_636' title='bbox 3014 4416 3067 4461; x_wconf 87' lang='lat' dir='ltr'><strong>et</strong></span> <span class='ocrx_word' id='word_1_637' title='bbox 3122 4406 3202 4461; x_wconf 85' lang='lat' dir='ltr'><strong>eis</strong></span> <span class='ocrx_word' id='word_1_638' title='bbox 3263 4407 3424 4461; x_wconf 88' lang='lat' dir='ltr'><strong>irasci</strong></span> 
     </span>
    </p>
   </div>
   <div class='ocr_carea' id='block_1_86' title="bbox 1845 4500 3425 4572">
    <p class='ocr_par' dir='ltr' id='par_1_86' title="bbox 1845 4500 3425 4572">
     <span class='ocr_line' id='line_1_86' title="bbox 1845 4500 3425 4572; baseline -0.001 -20"><span class='ocrx_word' id='word_1_639' title='bbox 1845 4504 2049 4572; x_wconf 88' lang='lat' dir='ltr'><strong>justum</strong></span> <span class='ocrx_word' id='word_1_640' title='bbox 2086 4500 2383 4567; x_wconf 86' lang='lat' dir='ltr'><strong>reputabis.</strong></span> <span class='ocrx_word' id='word_1_641' title='bbox 2412 4514 2563 4552; x_wconf 85' lang='lat' dir='ltr'><strong>arma</strong></span> <span class='ocrx_word' id='word_1_642' title='bbox 2602 4513 2822 4568; x_wconf 85' lang='lat' dir='ltr'><strong>quoque.</strong></span> <span class='ocrx_word' id='word_1_643' title='bbox 2856 4500 3101 4552; x_wconf 80' lang='lat' dir='ltr'><strong>movebis</strong></span> <span class='ocrx_word' id='word_1_644' title='bbox 3145 4509 3201 4551; x_wconf 90' lang='lat' dir='ltr'><strong>et</strong></span> <span class='ocrx_word' id='word_1_645' title='bbox 3231 4500 3425 4552; x_wconf 86' lang='lat' dir='ltr'><strong>adver-</strong></span> 
     </span>
    </p>
   </div>
   <div class='ocr_carea' id='block_1_87' title="bbox 158 4560 1744 4682">
    <p class='ocr_par' dir='ltr' id='par_1_87' title="bbox 158 4560 1742 4682">
     <span class='ocr_line' id='line_1_87' title="bbox 158 4560 1736 4650; baseline -0.01 -16"><span class='ocrx_word' id='word_1_646' title='bbox 158 4585 359 4650; x_wconf 80' lang='grc' dir='ltr'>μίσεις,</span> <span class='ocrx_word' id='word_1_647' title='bbox 396 4583 496 4633; x_wconf 83' lang='grc' dir='ltr'><strong>καὶ</strong></span> <span class='ocrx_word' id='word_1_648' title='bbox 525 4580 665 4633; x_wconf 87' lang='grc' dir='ltr'>ὅπλα</span> <span class='ocrx_word' id='word_1_649' title='bbox 725 4581 994 4649; x_wconf 85' lang='grc' dir='ltr'>κινήσεις,</span> <span class='ocrx_word' id='word_1_650' title='bbox 1032 4577 1127 4630; x_wconf 83' lang='grc' dir='ltr'>καὶ</span> <span class='ocrx_word' id='word_1_651' title='bbox 1172 4576 1295 4628; x_wconf 72' lang='grc' dir='ltr'>ἀντὶ</span> <span class='ocrx_word' id='word_1_652' title='bbox 1324 4572 1419 4623; x_wconf 83' lang='grc' dir='ltr'><strong>τοῦ</strong></span> <span class='ocrx_word' id='word_1_653' title='bbox 1458 4560 1736 4636; x_wconf 76' lang='grc' dir='ltr'>μάχεσθαι</span> 
     </span>
     <span class='ocr_line' id='line_1_88' title="bbox 227 4662 1742 4682; baseline 0 0"><span class='ocrx_word' id='word_1_654' title='bbox 227 4678 238 4682; x_wconf 87' lang='grc'><strong>-</strong></span> <span class='ocrx_word' id='word_1_655' title='bbox 326 4675 394 4682; x_wconf 86' lang='grc'><strong>---</strong></span> <span class='ocrx_word' id='word_1_656' title='bbox 462 4674 473 4682; x_wconf 95' lang='grc'><strong>.</strong></span> <span class='ocrx_word' id='word_1_657' title='bbox 758 4669 816 4682; x_wconf 92' lang='grc'><strong>..</strong></span> <span class='ocrx_word' id='word_1_658' title='bbox 906 4672 915 4682; x_wconf 94' lang='grc'><strong><em>,</em></strong></span> <span class='ocrx_word' id='word_1_659' title='bbox 1201 4668 1211 4682; x_wconf 89' lang='grc'><strong>.</strong></span> <span class='ocrx_word' id='word_1_660' title='bbox 1397 4666 1411 4682; x_wconf 55' lang='grc' dir='ltr'><strong>ε</strong></span> <span class='ocrx_word' id='word_1_661' title='bbox 1486 4662 1742 4682; x_wconf 71' lang='grc' dir='ltr'>-ι-.-..,...</span> 
     </span>
    </p>
   </div>
   <div class='ocr_carea' id='block_1_88' title="bbox 1851 4560 3425 4682">
    <p class='ocr_par' dir='ltr' id='par_1_88' title="bbox 1857 4588 3425 4659">
     <span class='ocr_line' id='line_1_89' title="bbox 1857 4588 3425 4659; baseline -0.003 -12"><span class='ocrx_word' id='word_1_662' title='bbox 1857 4610 1952 4647; x_wconf 89' lang='lat' dir='ltr'><strong>sus</strong></span> <span class='ocrx_word' id='word_1_663' title='bbox 1984 4608 2079 4647; x_wconf 91' lang='lat' dir='ltr'><strong>eos</strong></span> <span class='ocrx_word' id='word_1_664' title='bbox 2112 4592 2310 4646; x_wconf 84' lang='lat' dir='ltr'><strong>bellum</strong></span> <span class='ocrx_word' id='word_1_665' title='bbox 2342 4590 2444 4645; x_wconf 61' lang='lat' dir='ltr'><strong>iliis</strong></span> <span class='ocrx_word' id='word_1_666' title='bbox 2499 4591 2773 4659; x_wconf 63' lang='lat' dir='ltr'><strong>praeterito</strong></span> <span class='ocrx_word' id='word_1_667' title='bbox 2802 4588 3083 4644; x_wconf 84' lang='lat' dir='ltr'><strong>Himerio?</strong></span> <span class='ocrx_word' id='word_1_668' title='bbox 3123 4591 3215 4644; x_wconf 91' lang='lat' dir='ltr'><strong>sed</strong></span> <span class='ocrx_word' id='word_1_669' title='bbox 3251 4606 3425 4659; x_wconf 88' lang='lat' dir='ltr'><strong>neque</strong></span> 
     </span>
    </p>
   </div>
   <div class='ocr_carea' id='block_1_89' title="bbox 157 4662 1746 4745">
    <p class='ocr_par' dir='ltr' id='par_1_89' title="bbox 157 4662 1746 4745">
     <span class='ocr_line' id='line_1_90' title="bbox 157 4662 1746 4745; baseline -0.011 -21"><span class='ocrx_word' id='word_1_670' title='bbox 157 4678 281 4745; x_wconf 73' lang='grc' dir='ltr'>πρὸς</span> <span class='ocrx_word' id='word_1_671' title='bbox 326 4674 620 4743; x_wconf 81' lang='grc' dir='ltr'>Ἡμέριον,</span> <span class='ocrx_word' id='word_1_672' title='bbox 648 4669 772 4725; x_wconf 84' lang='grc' dir='ltr'>κατ’</span> <span class='ocrx_word' id='word_1_673' title='bbox 803 4672 1028 4722; x_wconf 81' lang='grc' dir='ltr'>ἐκείνων</span> <span class='ocrx_word' id='word_1_674' title='bbox 1054 4668 1342 4736; x_wconf 76' lang='grc' dir='ltr'>συστήσεις</span> <span class='ocrx_word' id='word_1_675' title='bbox 1360 4666 1452 4716; x_wconf 84' lang='grc' dir='ltr'><strong>τὸν</strong></span> <span class='ocrx_word' id='word_1_676' title='bbox 1483 4662 1746 4727; x_wconf 78' lang='grc' dir='ltr'>πόλεμον;</span> 
     </span>
    </p>
   </div>
   <div class='ocr_carea' id='block_1_90' title="bbox 168 4754 1739 4826">
    <p class='ocr_par' dir='ltr' id='par_1_90' title="bbox 168 4754 1739 4826">
     <span class='ocr_line' id='line_1_91' title="bbox 168 4754 1739 4826; baseline -0.01 -10"><span class='ocrx_word' id='word_1_677' title='bbox 168 4766 303 4817; x_wconf 71' lang='grc' dir='ltr'>Ἀλλ’</span> <span class='ocrx_word' id='word_1_678' title='bbox 339 4766 449 4815; x_wconf 83' lang='grc' dir='ltr'><strong>οὐκ</strong></span> <span class='ocrx_word' id='word_1_679' title='bbox 484 4762 664 4826; x_wconf 77' lang='grc' dir='ltr'>ἔδοξεν</span> <span class='ocrx_word' id='word_1_680' title='bbox 714 4761 910 4824; x_wconf 71' lang='grc' dir='ltr'>οὕτως,</span> <span class='ocrx_word' id='word_1_681' title='bbox 958 4758 1080 4811; x_wconf 73' lang='grc' dir='ltr'>οὗτε</span> <span class='ocrx_word' id='word_1_682' title='bbox 1138 4761 1251 4819; x_wconf 84' lang='grc' dir='ltr'>τοῖς</span> <span class='ocrx_word' id='word_1_683' title='bbox 1287 4757 1399 4817; x_wconf 90' lang='grc' dir='ltr'>σοῖς</span> <span class='ocrx_word' id='word_1_684' title='bbox 1445 4754 1739 4821; x_wconf 81' lang='grc' dir='ltr'>πατράσιν,</span> 
     </span>
    </p>
   </div>
   <div class='ocr_carea' id='block_1_91' title="bbox 155 4845 1740 4925">
    <p class='ocr_par' dir='ltr' id='par_1_91' title="bbox 155 4845 1740 4925">
     <span class='ocr_line' id='line_1_92' title="bbox 155 4845 1740 4925; baseline -0.008 -16"><span class='ocrx_word' id='word_1_685' title='bbox 155 4858 270 4909; x_wconf 62' lang='grc' dir='ltr'>οὗτε</span> <span class='ocrx_word' id='word_1_686' title='bbox 306 4860 430 4918; x_wconf 87' lang='grc' dir='ltr'>τοῖς</span> <span class='ocrx_word' id='word_1_687' title='bbox 470 4858 701 4907; x_wconf 74' lang='grc' dir='ltr'>ἐκείνων</span> <span class='ocrx_word' id='word_1_688' title='bbox 734 4851 1013 4925; x_wconf 79' lang='grc' dir='ltr'>μέχρισοῦ</span> <span class='ocrx_word' id='word_1_689' title='bbox 1041 4851 1329 4920; x_wconf 86' lang='grc' dir='ltr'>διαδόχοις.</span> <span class='ocrx_word' id='word_1_690' title='bbox 1367 4845 1467 4900; x_wconf 75' lang='grc' dir='ltr'><strong>Διὰ</strong></span> <span class='ocrx_word' id='word_1_691' title='bbox 1493 4846 1583 4909; x_wconf 88' lang='grc' dir='ltr'>τί;</span> <span class='ocrx_word' id='word_1_692' title='bbox 1614 4845 1740 4896; x_wconf 76' lang='grc' dir='ltr'>Ὀτι</span> 
     </span>
    </p>
   </div>
   <div class='ocr_carea' id='block_1_92' title="bbox 157 4939 1742 5023">
    <p class='ocr_par' dir='ltr' id='par_1_92' title="bbox 157 4939 1742 5023">
     <span class='ocr_line' id='line_1_93' title="bbox 157 4939 1742 5023; baseline -0.009 -19"><span class='ocrx_word' id='word_1_693' title='bbox 157 4954 401 5023; x_wconf 73' lang='grc' dir='ltr'>Κύπριοι</span> <span class='ocrx_word' id='word_1_694' title='bbox 439 4948 690 5019; x_wconf 84' lang='grc' dir='ltr'>μεθόριοι</span> <span class='ocrx_word' id='word_1_695' title='bbox 714 4948 814 5017; x_wconf 82' lang='grc' dir='ltr'>τῆς</span> <span class='ocrx_word' id='word_1_696' title='bbox 835 4963 894 4999; x_wconf 90' lang='grc' dir='ltr'><strong>τε</strong></span> <span class='ocrx_word' id='word_1_697' title='bbox 926 4947 1241 5015; x_wconf 77' lang='grc' dir='ltr'>Ῥωμαῖκῆς</span> <span class='ocrx_word' id='word_1_698' title='bbox 1262 4944 1471 5013; x_wconf 72' lang='grc' dir='ltr'>καὶτῆς</span> <span class='ocrx_word' id='word_1_699' title='bbox 1494 4941 1604 4993; x_wconf 84' lang='grc' dir='ltr'>τῶν</span> <span class='ocrx_word' id='word_1_700' title='bbox 1639 4939 1742 4991; x_wconf 70' lang='grc' dir='ltr'>Σαο</span> 
     </span>
    </p>
   </div>
   <div class='ocr_carea' id='block_1_93' title="bbox 159 5039 1738 5115">
    <p class='ocr_par' dir='ltr' id='par_1_93' title="bbox 159 5039 1738 5115">
     <span class='ocr_line' id='line_1_94' title="bbox 159 5039 1738 5115; baseline -0.008 -17"><span class='ocrx_word' id='word_1_701' title='bbox 159 5045 417 5115; x_wconf 63' lang='grc' dir='ltr'>ρακηνῶν</span> <span class='ocrx_word' id='word_1_702' title='bbox 436 5042 713 5107; x_wconf 74' lang='grc' dir='ltr'>ἐξουσίας,</span> <span class='ocrx_word' id='word_1_703' title='bbox 755 5043 852 5094; x_wconf 77' lang='grc' dir='ltr'>καὶ</span> <span class='ocrx_word' id='word_1_704' title='bbox 867 5039 992 5093; x_wconf 81' lang='grc' dir='ltr'>οὑτε</span> <span class='ocrx_word' id='word_1_705' title='bbox 1026 5041 1159 5110; x_wconf 84' lang='grc' dir='ltr'>ὑμῖν</span> <span class='ocrx_word' id='word_1_706' title='bbox 1181 5039 1500 5106; x_wconf 76' lang='grc' dir='ltr'>ἀνταίρουσι</span> <span class='ocrx_word' id='word_1_707' title='bbox 1525 5040 1738 5106; x_wconf 85' lang='grc' dir='ltr'>χεῖρας,</span> 
     </span>
    </p>
   </div>
   <div class='ocr_carea' id='block_1_94' title="bbox 156 5129 1738 5205">
    <p class='ocr_par' dir='ltr' id='par_1_94' title="bbox 156 5129 1738 5205">
     <span class='ocr_line' id='line_1_95' title="bbox 156 5129 1738 5205; baseline -0.008 -14"><span class='ocrx_word' id='word_1_708' title='bbox 156 5140 273 5191; x_wconf 68' lang='grc' dir='ltr'>οὔτε</span> <span class='ocrx_word' id='word_1_709' title='bbox 296 5137 626 5205; x_wconf 79' lang='grc' dir='ltr'>Ῥωμαίοις,</span> <span class='ocrx_word' id='word_1_710' title='bbox 642 5134 758 5185; x_wconf 85' lang='grc' dir='ltr'>ἀλλ’</span> <span class='ocrx_word' id='word_1_711' title='bbox 780 5135 870 5185; x_wconf 80' lang='grc' dir='ltr'><strong>ἐπ’</strong></span> <span class='ocrx_word' id='word_1_712' title='bbox 911 5134 1032 5202; x_wconf 83' lang='grc' dir='ltr'>ῐσης</span> <span class='ocrx_word' id='word_1_713' title='bbox 1075 5130 1451 5184; x_wconf 80' lang='grc' dir='ltr'>ἁνατέθεινται</span> <span class='ocrx_word' id='word_1_714' title='bbox 1471 5132 1603 5199; x_wconf 65' lang='grc' dir='ltr'>πρὸς</span> <span class='ocrx_word' id='word_1_715' title='bbox 1620 5129 1738 5180; x_wconf 87' lang='grc' dir='ltr'>δου-</span> 
     </span>
    </p>
   </div>
   <div class='ocr_carea' id='block_1_95' title="bbox 156 5222 1740 5302">
    <p class='ocr_par' dir='ltr' id='par_1_95' title="bbox 156 5222 1740 5302">
     <span class='ocr_line' id='line_1_96' title="bbox 156 5222 1740 5302; baseline -0.006 -18"><span class='ocrx_word' id='word_1_716' title='bbox 156 5234 297 5285; x_wconf 74' lang='grc' dir='ltr'>λείαν</span> <span class='ocrx_word' id='word_1_717' title='bbox 315 5232 423 5302; x_wconf 86' lang='grc' dir='ltr'>τήν</span> <span class='ocrx_word' id='word_1_718' title='bbox 444 5247 507 5283; x_wconf 85' lang='grc' dir='ltr'><strong>τε</strong></span> <span class='ocrx_word' id='word_1_719' title='bbox 522 5230 792 5301; x_wconf 77' lang='grc' dir='ltr'>ὑμετέραν</span> <span class='ocrx_word' id='word_1_720' title='bbox 815 5230 907 5280; x_wconf 74' lang='grc' dir='ltr'><strong>καὶ</strong></span> <span class='ocrx_word' id='word_1_721' title='bbox 928 5227 1026 5297; x_wconf 82' lang='grc' dir='ltr'><strong>τὴν</strong></span> <span class='ocrx_word' id='word_1_722' title='bbox 1042 5226 1337 5295; x_wconf 75' lang='grc' dir='ltr'>ἡμετέραν,</span> <span class='ocrx_word' id='word_1_723' title='bbox 1372 5225 1570 5293; x_wconf 80' lang='grc' dir='ltr'>μᾶλλον</span> <span class='ocrx_word' id='word_1_724' title='bbox 1599 5224 1656 5275; x_wconf 82' lang='grc' dir='ltr'><strong>δὲ</strong></span> <span class='ocrx_word' id='word_1_725' title='bbox 1681 5222 1740 5274; x_wconf 83' lang='grc' dir='ltr'><strong>τὸ</strong></span> 
     </span>
    </p>
   </div>
   <div class='ocr_carea' id='block_1_96' title="bbox 158 5313 1739 5391">
    <p class='ocr_par' dir='ltr' id='par_1_96' title="bbox 158 5313 1739 5391">
     <span class='ocr_line' id='line_1_97' title="bbox 158 5313 1739 5391; baseline -0.005 -17"><span class='ocrx_word' id='word_1_726' title='bbox 158 5325 312 5376; x_wconf 61' lang='grc' dir='ltr'>πλέον</span> <span class='ocrx_word' id='word_1_727' title='bbox 325 5327 398 5391; x_wconf 78' lang='grc' dir='ltr'>τῇ</span> <span class='ocrx_word' id='word_1_728' title='bbox 416 5324 661 5391; x_wconf 76' lang='grc' dir='ltr'>ὑμετέρᾳ</span> <span class='ocrx_word' id='word_1_729' title='bbox 674 5318 1032 5380; x_wconf 77' lang='grc' dir='ltr'>δουλεύοντες.</span> <span class='ocrx_word' id='word_1_730' title='bbox 1052 5318 1134 5380; x_wconf 87' lang='grc' dir='ltr'>Ὠς</span> <span class='ocrx_word' id='word_1_731' title='bbox 1150 5313 1242 5369; x_wconf 80' lang='grc' dir='ltr'><strong>οὖν</strong></span> <span class='ocrx_word' id='word_1_732' title='bbox 1260 5318 1441 5370; x_wconf 79' lang='grc' dir='ltr'>ἄδικον</span> <span class='ocrx_word' id='word_1_733' title='bbox 1459 5316 1550 5367; x_wconf 81' lang='grc' dir='ltr'>καὶ</span> <span class='ocrx_word' id='word_1_734' title='bbox 1566 5316 1739 5368; x_wconf 72' lang='grc' dir='ltr'>ἁπάνσ</span> 
     </span>
    </p>
   </div>
   <div class='ocr_carea' id='block_1_97' title="bbox 158 5410 1737 5484">
    <p class='ocr_par' dir='ltr' id='par_1_97' title="bbox 158 5410 1737 5484">
     <span class='ocr_line' id='line_1_98' title="bbox 158 5410 1737 5484; baseline -0.004 -16"><span class='ocrx_word' id='word_1_735' title='bbox 158 5418 373 5484; x_wconf 80' lang='grc' dir='ltr'>θρωπον</span> <span class='ocrx_word' id='word_1_736' title='bbox 414 5415 676 5480; x_wconf 78' lang='grc' dir='ltr'>πολεμεῖν</span> <span class='ocrx_word' id='word_1_737' title='bbox 702 5411 992 5478; x_wconf 76' lang='grc' dir='ltr'>Κυπρίοις,</span> <span class='ocrx_word' id='word_1_738' title='bbox 1028 5411 1161 5462; x_wconf 87' lang='grc' dir='ltr'>διότι</span> <span class='ocrx_word' id='word_1_739' title='bbox 1181 5410 1323 5462; x_wconf 78' lang='grc' dir='ltr'><strong>κατὰ</strong></span> <span class='ocrx_word' id='word_1_740' title='bbox 1347 5410 1444 5477; x_wconf 85' lang='grc' dir='ltr'><strong>τῆς</strong></span> <span class='ocrx_word' id='word_1_741' title='bbox 1464 5410 1737 5477; x_wconf 78' lang='grc' dir='ltr'>ὑμετέρας</span> 
     </span>
    </p>
   </div>
   <div class='ocr_carea' id='block_1_98' title="bbox 155 5504 1739 5579">
    <p class='ocr_par' dir='ltr' id='par_1_98' title="bbox 155 5504 1739 5579">
     <span class='ocr_line' id='line_1_99' title="bbox 155 5504 1739 5579; baseline -0.003 -18"><span class='ocrx_word' id='word_1_742' title='bbox 155 5510 550 5579; x_wconf 65' lang='grc' dir='ltr'>ἐξεστράτευσε</span> <span class='ocrx_word' id='word_1_743' title='bbox 602 5506 783 5575; x_wconf 82' lang='grc' dir='ltr'>χώρας</span> <span class='ocrx_word' id='word_1_744' title='bbox 807 5506 1083 5574; x_wconf 83' lang='grc' dir='ltr'>Ἦμέριος,</span> <span class='ocrx_word' id='word_1_745' title='bbox 1102 5504 1247 5557; x_wconf 81' lang='grc' dir='ltr'>οὕτω</span> <span class='ocrx_word' id='word_1_746' title='bbox 1273 5506 1593 5575; x_wconf 75' lang='grc' dir='ltr'>παράνομον</span> <span class='ocrx_word' id='word_1_747' title='bbox 1642 5507 1739 5558; x_wconf 76' lang='grc' dir='ltr'><strong>καὶ</strong></span> 
     </span>
    </p>
   </div>
   <div class='ocr_carea' id='block_1_99' title="bbox 155 5598 1731 5672">
    <p class='ocr_par' dir='ltr' id='par_1_99' title="bbox 155 5598 1731 5672">
     <span class='ocr_line' id='line_1_100' title="bbox 155 5598 1731 5672; baseline -0.002 -18"><span class='ocrx_word' id='word_1_748' title='bbox 155 5608 335 5672; x_wconf 68' lang='grc' dir='ltr'>πάσης</span> <span class='ocrx_word' id='word_1_749' title='bbox 396 5598 553 5663; x_wconf 78' lang='grc' dir='ltr'>ἄξιον</span> <span class='ocrx_word' id='word_1_750' title='bbox 596 5599 933 5668; x_wconf 80' lang='grc' dir='ltr'>κατηγορίας</span> <span class='ocrx_word' id='word_1_751' title='bbox 966 5599 1227 5668; x_wconf 86' lang='grc' dir='ltr'>πολεμεῖν</span> <span class='ocrx_word' id='word_1_752' title='bbox 1273 5598 1564 5667; x_wconf 82' lang='grc' dir='ltr'>Κυπρίοις,</span> <span class='ocrx_word' id='word_1_753' title='bbox 1596 5600 1731 5651; x_wconf 85' lang='grc' dir='ltr'>διότι</span> 
     </span>
    </p>
   </div>
   <div class='ocr_carea' id='block_1_100' title="bbox 156 5692 1734 5766">
    <p class='ocr_par' dir='ltr' id='par_1_100' title="bbox 156 5692 1734 5766">
     <span class='ocr_line' id='line_1_101' title="bbox 156 5692 1734 5766; baseline -0.003 -18"><span class='ocrx_word' id='word_1_754' title='bbox 156 5699 297 5749; x_wconf 68' lang='grc' dir='ltr'>κατὰ</span> <span class='ocrx_word' id='word_1_755' title='bbox 332 5699 442 5765; x_wconf 79' lang='grc' dir='ltr'>τὴν</span> <span class='ocrx_word' id='word_1_756' title='bbox 482 5694 646 5766; x_wconf 85' lang='grc' dir='ltr'>νῆσόν</span> <span class='ocrx_word' id='word_1_757' title='bbox 683 5712 838 5757; x_wconf 88' lang='grc' dir='ltr'>τινας</span> <span class='ocrx_word' id='word_1_758' title='bbox 864 5696 971 5747; x_wconf 85' lang='grc' dir='ltr'>τῶν</span> <span class='ocrx_word' id='word_1_759' title='bbox 1004 5692 1340 5763; x_wconf 83' lang='grc' dir='ltr'>Σαρακηνῶν</span> <span class='ocrx_word' id='word_1_760' title='bbox 1381 5692 1581 5761; x_wconf 77' lang='grc' dir='ltr'>συνέϐη</span> <span class='ocrx_word' id='word_1_761' title='bbox 1616 5696 1734 5756; x_wconf 84' lang='grc' dir='ltr'>ταῖς</span> 
     </span>
    </p>
   </div>
   <div class='ocr_carea' id='block_1_101' title="bbox 168 5785 1732 5862">
    <p class='ocr_par' dir='ltr' id='par_1_101' title="bbox 168 5785 1732 5862">
     <span class='ocr_line' id='line_1_102' title="bbox 168 5785 1732 5862; baseline -0.003 -18"><span class='ocrx_word' id='word_1_762' title='bbox 168 5792 436 5862; x_wconf 80' lang='grc' dir='ltr'>Ἠμερίου</span> <span class='ocrx_word' id='word_1_763' title='bbox 468 5788 633 5859; x_wconf 78' lang='grc' dir='ltr'>χερσὶ</span> <span class='ocrx_word' id='word_1_764' title='bbox 664 5788 1174 5859; x_wconf 83' lang='grc' dir='ltr'>περιπεπτωκέναι.</span> <span class='ocrx_word' id='word_1_765' title='bbox 1209 5787 1279 5839; x_wconf 74' lang='grc' dir='ltr'><strong>Σὺ</strong></span> <span class='ocrx_word' id='word_1_766' title='bbox 1310 5785 1368 5839; x_wconf 86' lang='grc' dir='ltr'><em>δέ</em></span> <span class='ocrx_word' id='word_1_767' title='bbox 1408 5804 1497 5855; x_wconf 84' lang='grc' dir='ltr'><strong>μοι</strong></span> <span class='ocrx_word' id='word_1_768' title='bbox 1525 5788 1732 5852; x_wconf 86' lang='grc' dir='ltr'>δοκεῖς,</span> 
     </span>
    </p>
   </div>
   <div class='ocr_carea' id='block_1_102' title="bbox 157 5884 1731 5957">
    <p class='ocr_par' dir='ltr' id='par_1_102' title="bbox 157 5884 1731 5957">
     <span class='ocr_line' id='line_1_103' title="bbox 157 5884 1731 5957; baseline -0.001 -18"><span class='ocrx_word' id='word_1_769' title='bbox 157 5886 252 5957; x_wconf 73' lang='grc' dir='ltr'><strong>ὁδῷ</strong></span> <span class='ocrx_word' id='word_1_770' title='bbox 274 5884 372 5939; x_wconf 73' lang='grc' dir='ltr'>τοῦ</span> <span class='ocrx_word' id='word_1_771' title='bbox 415 5886 745 5955; x_wconf 70' lang='grc' dir='ltr'>πράγματος</span> <span class='ocrx_word' id='word_1_772' title='bbox 778 5884 1084 5954; x_wconf 82' lang='grc' dir='ltr'>προϊόντος,</span> <span class='ocrx_word' id='word_1_773' title='bbox 1117 5884 1213 5937; x_wconf 73' lang='grc' dir='ltr'><strong>καὶ</strong></span> <span class='ocrx_word' id='word_1_774' title='bbox 1250 5884 1394 5939; x_wconf 81' lang='grc' dir='ltr'>κατὰ</span> <span class='ocrx_word' id='word_1_775' title='bbox 1436 5884 1545 5938; x_wconf 78' lang='grc' dir='ltr'>τῶν</span> <span class='ocrx_word' id='word_1_776' title='bbox 1583 5888 1639 5938; x_wconf 87' lang='grc' dir='ltr'>ἐν</span> <span class='ocrx_word' id='word_1_777' title='bbox 1667 5888 1731 5952; x_wconf 77' lang='grc' dir='ltr'>τῇ</span> 
     </span>
    </p>
   </div>
   <div class='ocr_carea' id='block_1_103' title="bbox 1857 4681 3428 4755">
    <p class='ocr_par' dir='ltr' id='par_1_103' title="bbox 1857 4681 3428 4755">
     <span class='ocr_line' id='line_1_104' title="bbox 1857 4681 3428 4755; baseline -0.003 -16"><span class='ocrx_word' id='word_1_778' title='bbox 1857 4686 2156 4755; x_wconf 87' lang='lat' dir='ltr'><strong>majoribus</strong></span> <span class='ocrx_word' id='word_1_779' title='bbox 2204 4699 2381 4753; x_wconf 88' lang='lat' dir='ltr'><strong>neque</strong></span> <span class='ocrx_word' id='word_1_780' title='bbox 2430 4698 2619 4736; x_wconf 85' lang='lat' dir='ltr'><strong>eorum</strong></span> <span class='ocrx_word' id='word_1_781' title='bbox 2660 4681 2727 4735; x_wconf 91' lang='lat' dir='ltr'><strong>ad</strong></span> <span class='ocrx_word' id='word_1_782' title='bbox 2779 4692 2830 4736; x_wconf 88' lang='lat' dir='ltr'><strong>te</strong></span> <span class='ocrx_word' id='word_1_783' title='bbox 2888 4682 3301 4736; x_wconf 87' lang='lat' dir='ltr'><strong>successoribus</strong></span> <span class='ocrx_word' id='word_1_784' title='bbox 3351 4681 3428 4735; x_wconf 68' lang='lat' dir='ltr'><strong>i&#39;a</strong></span> 
     </span>
    </p>
   </div>
   <div class='ocr_carea' id='block_1_104' title="bbox 1854 4776 3426 4848">
    <p class='ocr_par' dir='ltr' id='par_1_104' title="bbox 1854 4776 3426 4848">
     <span class='ocr_line' id='line_1_105' title="bbox 1854 4776 3426 4848; baseline -0.003 -15"><span class='ocrx_word' id='word_1_785' title='bbox 1854 4783 2031 4834; x_wconf 78' lang='lat' dir='ltr'><strong>visum</strong></span> <span class='ocrx_word' id='word_1_786' title='bbox 2066 4793 2086 4833; x_wconf 88' lang='lat'><strong>:</strong></span> <span class='ocrx_word' id='word_1_787' title='bbox 2115 4795 2212 4832; x_wconf 92' lang='lat' dir='ltr'><strong>cur</strong></span> <span class='ocrx_word' id='word_1_788' title='bbox 2244 4778 2467 4831; x_wconf 86' lang='lat' dir='ltr'><strong>autem?</strong></span> <span class='ocrx_word' id='word_1_789' title='bbox 2504 4776 2631 4846; x_wconf 83' lang='lat' dir='ltr'><strong>quia</strong></span> <span class='ocrx_word' id='word_1_790' title='bbox 2666 4777 2843 4848; x_wconf 85' lang='lat' dir='ltr'><strong>Cyprii</strong></span> <span class='ocrx_word' id='word_1_791' title='bbox 2880 4778 3140 4830; x_wconf 79' lang='lat' dir='ltr'><strong>Itomanis</strong></span> <span class='ocrx_word' id='word_1_792' title='bbox 3172 4785 3226 4831; x_wconf 92' lang='lat' dir='ltr'><strong>et</strong></span> <span class='ocrx_word' id='word_1_793' title='bbox 3262 4776 3426 4829; x_wconf 87' lang='lat' dir='ltr'><strong>Sara-</strong></span> 
     </span>
    </p>
   </div>
   <div class='ocr_carea' id='block_1_105' title="bbox 1850 4870 3427 4939">
    <p class='ocr_par' dir='ltr' id='par_1_105' title="bbox 1850 4870 3427 4939">
     <span class='ocr_line' id='line_1_106' title="bbox 1850 4870 3427 4939; baseline -0.005 -11"><span class='ocrx_word' id='word_1_794' title='bbox 1850 4888 2109 4928; x_wconf 90' lang='lat' dir='ltr'><strong>cenorum</strong></span> <span class='ocrx_word' id='word_1_795' title='bbox 2166 4871 2395 4939; x_wconf 89' lang='lat' dir='ltr'><strong>imperio</strong></span> <span class='ocrx_word' id='word_1_796' title='bbox 2446 4870 2661 4923; x_wconf 87' lang='lat' dir='ltr'><strong>liuitimi</strong></span> <span class='ocrx_word' id='word_1_797' title='bbox 2718 4885 2894 4938; x_wconf 89' lang='lat' dir='ltr'><strong>neque</strong></span> <span class='ocrx_word' id='word_1_798' title='bbox 2952 4871 3238 4924; x_wconf 82' lang='lat' dir='ltr'><strong>adversum</strong></span> <span class='ocrx_word' id='word_1_799' title='bbox 3305 4882 3427 4934; x_wconf 82' lang='lat' dir='ltr'><strong>vos,</strong></span> 
     </span>
    </p>
   </div>
   <div class='ocr_carea' id='block_1_106' title="bbox 1855 4961 3424 5035">
    <p class='ocr_par' dir='ltr' id='par_1_106' title="bbox 1855 4961 3424 5035">
     <span class='ocr_line' id='line_1_107' title="bbox 1855 4961 3424 5035; baseline -0.005 -14"><span class='ocrx_word' id='word_1_800' title='bbox 1855 4983 2029 5035; x_wconf 84' lang='lat' dir='ltr'><strong>neque</strong></span> <span class='ocrx_word' id='word_1_801' title='bbox 2078 4966 2368 5018; x_wconf 89' lang='lat' dir='ltr'><strong>adversum</strong></span> <span class='ocrx_word' id='word_1_802' title='bbox 2425 4961 2705 5016; x_wconf 79' lang='lat' dir='ltr'><strong>Romanos</strong></span> <span class='ocrx_word' id='word_1_803' title='bbox 2751 4976 2948 5016; x_wconf 88' lang='lat' dir='ltr'><strong>manus</strong></span> <span class='ocrx_word' id='word_1_804' title='bbox 2990 4964 3267 5027; x_wconf 91' lang='lat' dir='ltr'><strong>attollunt,</strong></span> <span class='ocrx_word' id='word_1_805' title='bbox 3332 4964 3424 5017; x_wconf 89' lang='lat' dir='ltr'><strong>sed</strong></span> 
     </span>
    </p>
   </div>
   <div class='ocr_carea' id='block_1_107' title="bbox 1856 5052 3425 5129">
    <p class='ocr_par' dir='ltr' id='par_1_107' title="bbox 1856 5052 3425 5129">
     <span class='ocr_line' id='line_1_108' title="bbox 1856 5052 3425 5129; baseline -0.006 -17"><span class='ocrx_word' id='word_1_806' title='bbox 1856 5061 2059 5129; x_wconf 83' lang='lat' dir='ltr'><strong>pariter</strong></span> <span class='ocrx_word' id='word_1_807' title='bbox 2116 5055 2267 5109; x_wconf 89' lang='lat' dir='ltr'><strong>vobis</strong></span> <span class='ocrx_word' id='word_1_808' title='bbox 2324 5063 2377 5108; x_wconf 88' lang='lat' dir='ltr'><strong>et</strong></span> <span class='ocrx_word' id='word_1_809' title='bbox 2430 5054 2586 5107; x_wconf 90' lang='lat' dir='ltr'><strong>nobis</strong></span> <span class='ocrx_word' id='word_1_810' title='bbox 2639 5052 2967 5115; x_wconf 77' lang='lat' dir='ltr'><strong>servierunt,</strong></span> <span class='ocrx_word' id='word_1_811' title='bbox 3016 5053 3188 5120; x_wconf 89' lang='lat' dir='ltr'><strong>magis</strong></span> <span class='ocrx_word' id='word_1_812' title='bbox 3243 5062 3425 5105; x_wconf 87' lang='lat' dir='ltr'><strong>autem</strong></span> 
     </span>
    </p>
   </div>
   <div class='ocr_carea' id='block_1_108' title="bbox 1851 5139 3427 5214">
    <p class='ocr_par' dir='ltr' id='par_1_108' title="bbox 1851 5139 3427 5214">
     <span class='ocr_line' id='line_1_109' title="bbox 1851 5139 3427 5214; baseline -0.006 -11"><span class='ocrx_word' id='word_1_813' title='bbox 1851 5150 2028 5203; x_wconf 65' lang='lat' dir='ltr'><strong>vobis.</strong></span> <span class='ocrx_word' id='word_1_814' title='bbox 2080 5146 2233 5201; x_wconf 84' lang='lat' dir='ltr'><strong>Sicut</strong></span> <span class='ocrx_word' id='word_1_815' title='bbox 2272 5146 2435 5214; x_wconf 84' lang='lat' dir='ltr'><strong>igitur</strong></span> <span class='ocrx_word' id='word_1_816' title='bbox 2473 5144 2735 5213; x_wconf 87' lang='lat' dir='ltr'><strong>injustum</strong></span> <span class='ocrx_word' id='word_1_817' title='bbox 2763 5153 2816 5196; x_wconf 92' lang='lat' dir='ltr'><strong>ct</strong></span> <span class='ocrx_word' id='word_1_818' title='bbox 2853 5140 3075 5195; x_wconf 86' lang='lat' dir='ltr'><strong>crudele</strong></span> <span class='ocrx_word' id='word_1_819' title='bbox 3104 5150 3186 5194; x_wconf 89' lang='lat' dir='ltr'><strong>est</strong></span> <span class='ocrx_word' id='word_1_820' title='bbox 3213 5139 3427 5208; x_wconf 74' lang='lat' dir='ltr'><strong>Cypriis</strong></span> 
     </span>
    </p>
   </div>
   <div class='ocr_carea' id='block_1_109' title="bbox 1848 5235 3423 5306">
    <p class='ocr_par' dir='ltr' id='par_1_109' title="bbox 1848 5235 3423 5306">
     <span class='ocr_line' id='line_1_110' title="bbox 1848 5235 3423 5306; baseline -0.007 -10"><span class='ocrx_word' id='word_1_821' title='bbox 1848 5243 2047 5296; x_wconf 90' lang='lat' dir='ltr'><strong>bellum</strong></span> <span class='ocrx_word' id='word_1_822' title='bbox 2084 5241 2260 5294; x_wconf 76' lang='lat' dir='ltr'><strong>facere</strong></span> <span class='ocrx_word' id='word_1_823' title='bbox 2298 5254 2363 5292; x_wconf 90' lang='lat' dir='ltr'><strong>eo</strong></span> <span class='ocrx_word' id='word_1_824' title='bbox 2394 5238 2535 5306; x_wconf 89' lang='lat' dir='ltr'><strong>quod</strong></span> <span class='ocrx_word' id='word_1_825' title='bbox 2584 5238 2639 5289; x_wconf 91' lang='lat' dir='ltr'><strong>in</strong></span> <span class='ocrx_word' id='word_1_826' title='bbox 2675 5248 2911 5290; x_wconf 88' lang='lat' dir='ltr'><strong>vestram</strong></span> <span class='ocrx_word' id='word_1_827' title='bbox 2963 5235 3237 5303; x_wconf 85' lang='lat' dir='ltr'><strong>regionem</strong></span> <span class='ocrx_word' id='word_1_828' title='bbox 3274 5248 3423 5286; x_wconf 79' lang='lat' dir='ltr'><strong>arma</strong></span> 
     </span>
    </p>
   </div>
   <div class='ocr_carea' id='block_1_110' title="bbox 1844 5325 3417 5396">
    <p class='ocr_par' dir='ltr' id='par_1_110' title="bbox 1844 5325 3417 5396">
     <span class='ocr_line' id='line_1_111' title="bbox 1844 5325 3417 5396; baseline -0.011 -6"><span class='ocrx_word' id='word_1_829' title='bbox 1844 5336 2029 5391; x_wconf 83' lang='lat' dir='ltr'><strong>intulit</strong></span> <span class='ocrx_word' id='word_1_830' title='bbox 2050 5333 2346 5396; x_wconf 88' lang='lat' dir='ltr'><strong>llimerius,</strong></span> <span class='ocrx_word' id='word_1_831' title='bbox 2378 5332 2448 5385; x_wconf 84' lang='lat' dir='ltr'><strong>ita</strong></span> <span class='ocrx_word' id='word_1_832' title='bbox 2480 5329 2731 5384; x_wconf 91' lang='lat' dir='ltr'><strong>illicitum</strong></span> <span class='ocrx_word' id='word_1_833' title='bbox 2764 5339 2819 5383; x_wconf 89' lang='lat' dir='ltr'><strong>et</strong></span> <span class='ocrx_word' id='word_1_834' title='bbox 2841 5328 3067 5381; x_wconf 90' lang='lat' dir='ltr'><strong>omnino</strong></span> <span class='ocrx_word' id='word_1_835' title='bbox 3094 5325 3417 5393; x_wconf 84' lang='lat' dir='ltr'><strong>ﬂagitiosum</strong></span> 
     </span>
    </p>
   </div>
   <div class='ocr_carea' id='block_1_111' title="bbox 1846 5419 3423 5493">
    <p class='ocr_par' dir='ltr' id='par_1_111' title="bbox 1846 5419 3423 5493">
     <span class='ocr_line' id='line_1_112' title="bbox 1846 5419 3423 5493; baseline -0.01 -8"><span class='ocrx_word' id='word_1_836' title='bbox 1846 5438 1930 5485; x_wconf 91' lang='lat' dir='ltr'><strong>est</strong></span> <span class='ocrx_word' id='word_1_837' title='bbox 1966 5429 2167 5483; x_wconf 87' lang='lat' dir='ltr'><strong>belltun</strong></span> <span class='ocrx_word' id='word_1_838' title='bbox 2216 5435 2409 5478; x_wconf 69' lang='lat' dir='ltr'><strong>contra</strong></span> <span class='ocrx_word' id='word_1_839' title='bbox 2454 5423 2687 5493; x_wconf 80' lang='lat' dir='ltr'><strong>Cyprios</strong></span> <span class='ocrx_word' id='word_1_840' title='bbox 2732 5436 2971 5484; x_wconf 80' lang='lat' dir='ltr'><strong>movere,</strong></span> <span class='ocrx_word' id='word_1_841' title='bbox 2996 5419 3122 5488; x_wconf 88' lang='lat' dir='ltr'><strong>quia</strong></span> <span class='ocrx_word' id='word_1_842' title='bbox 3156 5419 3423 5487; x_wconf 90' lang='lat' dir='ltr'><strong>quosdam</strong></span> 
     </span>
    </p>
   </div>
   <div class='ocr_carea' id='block_1_112' title="bbox 1852 5509 3427 5573">
    <p class='ocr_par' dir='ltr' id='par_1_112' title="bbox 1852 5509 3427 5573">
     <span class='ocr_line' id='line_1_113' title="bbox 1852 5509 3427 5573; baseline -0.008 1"><span class='ocrx_word' id='word_1_843' title='bbox 1852 5522 2251 5573; x_wconf 86' lang='lat' dir='ltr'><strong>Saracenorum</strong></span> <span class='ocrx_word' id='word_1_844' title='bbox 2296 5515 2349 5568; x_wconf 90' lang='lat' dir='ltr'><strong>in</strong></span> <span class='ocrx_word' id='word_1_845' title='bbox 2401 5529 2591 5568; x_wconf 87' lang='lat' dir='ltr'><strong>eorum</strong></span> <span class='ocrx_word' id='word_1_846' title='bbox 2644 5514 2822 5567; x_wconf 91' lang='lat' dir='ltr'><strong>insula</strong></span> <span class='ocrx_word' id='word_1_847' title='bbox 2875 5510 3076 5565; x_wconf 87' lang='lat' dir='ltr'><strong>accidit</strong></span> <span class='ocrx_word' id='word_1_848' title='bbox 3122 5509 3174 5562; x_wconf 95' lang='lat' dir='ltr'><strong>in</strong></span> <span class='ocrx_word' id='word_1_849' title='bbox 3232 5523 3427 5562; x_wconf 88' lang='lat' dir='ltr'><strong>manus</strong></span> 
     </span>
    </p>
   </div>
   <div class='ocr_carea' id='block_1_113' title="bbox 1850 5601 3425 5673">
    <p class='ocr_par' dir='ltr' id='par_1_113' title="bbox 1850 5601 3425 5673">
     <span class='ocr_line' id='line_1_114' title="bbox 1850 5601 3425 5673; baseline -0.01 -5"><span class='ocrx_word' id='word_1_850' title='bbox 1850 5613 2076 5668; x_wconf 84' lang='lat' dir='ltr'><strong>llimerii</strong></span> <span class='ocrx_word' id='word_1_851' title='bbox 2129 5609 2403 5673; x_wconf 83' lang='lat' dir='ltr'><strong>incidere;</strong></span> <span class='ocrx_word' id='word_1_852' title='bbox 2462 5618 2514 5661; x_wconf 93' lang='lat' dir='ltr'><strong>tu</strong></span> <span class='ocrx_word' id='word_1_853' title='bbox 2568 5618 2749 5661; x_wconf 88' lang='lat' dir='ltr'><strong>autem</strong></span> <span class='ocrx_word' id='word_1_854' title='bbox 2790 5604 2922 5658; x_wconf 89' lang='lat' dir='ltr'><strong>mibi</strong></span> <span class='ocrx_word' id='word_1_855' title='bbox 2966 5602 3167 5657; x_wconf 85' lang='lat' dir='ltr'><strong>videris</strong></span> <span class='ocrx_word' id='word_1_856' title='bbox 3227 5601 3272 5653; x_wconf 91' lang='lat' dir='ltr'><strong>is</strong></span> <span class='ocrx_word' id='word_1_857' title='bbox 3304 5614 3425 5653; x_wconf 87' lang='lat' dir='ltr'><strong>esse</strong></span> 
     </span>
    </p>
   </div>
   <div class='ocr_carea' id='block_1_114' title="bbox 1852 5695 3423 5776">
    <p class='ocr_par' dir='ltr' id='par_1_114' title="bbox 1852 5695 3423 5776">
     <span class='ocr_line' id='line_1_115' title="bbox 1852 5695 3423 5776; baseline -0.009 -16"><span class='ocrx_word' id='word_1_858' title='bbox 1852 5706 1966 5776; x_wconf 87' lang='lat' dir='ltr'><strong>qui.</strong></span> <span class='ocrx_word' id='word_1_859' title='bbox 1997 5720 2051 5759; x_wconf 93' lang='lat' dir='ltr'><strong>re</strong></span> <span class='ocrx_word' id='word_1_860' title='bbox 2084 5703 2299 5770; x_wconf 85' lang='lat' dir='ltr'><strong>longius</strong></span> <span class='ocrx_word' id='word_1_861' title='bbox 2329 5700 2733 5769; x_wconf 83' lang='lat' dir='ltr'><strong>progrediente,</strong></span> <span class='ocrx_word' id='word_1_862' title='bbox 2779 5698 3077 5751; x_wconf 82' lang='lat' dir='ltr'><strong>bellaturus</strong></span> <span class='ocrx_word' id='word_1_863' title='bbox 3125 5695 3202 5748; x_wconf 91' lang='lat' dir='ltr'><strong>sis</strong></span> <span class='ocrx_word' id='word_1_864' title='bbox 3232 5703 3423 5747; x_wconf 71' lang='lat' dir='ltr'><strong>contua</strong></span> 
     </span>
    </p>
   </div>
   <div class='ocr_carea' id='block_1_115' title="bbox 1850 5784 3423 5862">
    <p class='ocr_par' dir='ltr' id='par_1_115' title="bbox 1850 5784 3423 5862">
     <span class='ocr_line' id='line_1_116' title="bbox 1850 5784 3423 5862; baseline -0.011 -10"><span class='ocrx_word' id='word_1_865' title='bbox 1850 5797 2195 5853; x_wconf 84' lang='lat' dir='ltr'><strong>Christianos</strong></span> <span class='ocrx_word' id='word_1_866' title='bbox 2252 5794 2304 5846; x_wconf 91' lang='lat' dir='ltr'><strong>iu</strong></span> <span class='ocrx_word' id='word_1_867' title='bbox 2350 5790 2505 5862; x_wconf 82' lang='lat' dir='ltr'><strong>Syria</strong></span> <span class='ocrx_word' id='word_1_868' title='bbox 2538 5792 2903 5860; x_wconf 79' lang='lat' dir='ltr'><strong>degentes,eo</strong></span> <span class='ocrx_word' id='word_1_869' title='bbox 2934 5787 3075 5857; x_wconf 87' lang='lat' dir='ltr'><strong>quod</strong></span> <span class='ocrx_word' id='word_1_870' title='bbox 3100 5834 3105 5841; x_wconf 89' lang='lat'>.</span> <span class='ocrx_word' id='word_1_871' title='bbox 3130 5784 3423 5840; x_wconf 79' lang='lat' dir='ltr'><strong>Christiani</strong></span> 
     </span>
    </p>
   </div>
   <div class='ocr_carea' id='block_1_116' title="bbox 1848 5878 3419 5952">
    <p class='ocr_par' dir='ltr' id='par_1_116' title="bbox 1848 5878 3419 5952">
     <span class='ocr_line' id='line_1_117' title="bbox 1848 5878 3419 5952; baseline -0.007 -11"><span class='ocrx_word' id='word_1_872' title='bbox 1848 5896 2039 5941; x_wconf 79' lang='lat' dir='ltr'><strong>contra</strong></span> <span class='ocrx_word' id='word_1_873' title='bbox 2091 5898 2185 5939; x_wconf 82' lang='lat' dir='ltr'><strong>vos</strong></span> <span class='ocrx_word' id='word_1_874' title='bbox 2220 5892 2483 5952; x_wconf 80' lang='lat' dir='ltr'><strong>pugnum.</strong></span> <span class='ocrx_word' id='word_1_875' title='bbox 2533 5880 2588 5934; x_wconf 83' lang='lat' dir='ltr'><strong>Si</strong></span> <span class='ocrx_word' id='word_1_876' title='bbox 2639 5892 2818 5934; x_wconf 80' lang='lat' dir='ltr'><strong>autem</strong></span> <span class='ocrx_word' id='word_1_877' title='bbox 2874 5878 2949 5935; x_wconf 79' lang='lat' dir='ltr'><strong>ita</strong></span> <span class='ocrx_word' id='word_1_878' title='bbox 2998 5893 3156 5947; x_wconf 75' lang='lat' dir='ltr'><strong>agerc</strong></span> <span class='ocrx_word' id='word_1_879' title='bbox 3206 5889 3419 5931; x_wconf 81' lang='lat' dir='ltr'><strong>omnem</strong></span> 
     </span>
    </p>
   </div>
  </div>
