4158 6430
712 368 782 428 35
1846 358 2154 418 meumr
2196 356 2307 420 cr.
2352 356 2867 416 PATRIARCILE
3928 358 4001 425 εδ

718 477 1056 535 homicidam
1114 473 1476 533 transcendit,
1537 484 1709 538 neque
1755 468 1900 537 quod
1958 467 2024 522 ad
2070 467 2301 538 Cyprios

2414 465 2577 537 Συρία
2616 468 2963 536 Χριστιανῶν
2995 467 3229 535 πόὶεμον
3289 468 3633 535 ἐπενεγκεῖν,
3670 469 3805 523 διότι
3861 473 4000 545 Χρι-

715 573 911 626 attinet
947 568 1101 639 paris
1151 564 1433 619 homicidii
1466 571 1551 617 est
1581 562 1905 626 innoxium;
1947 561 2039 617 sed
2073 560 2291 628 linqua-

714 679 840 719 mus
898 678 1018 731 qua:
1080 661 1145 714 ad
1218 658 1653 714 convincendum
1712 655 1926 724 injuria:
1981 655 2033 709 id
2086 654 2289 709 bellum

716 754 971 810 dicimus.

783 1031 1087 1089 Considera
1119 1037 1302 1083 autem
1336 1028 1575 1081 divinam
1612 1025 1900 1088 ultionem,
1930 1023 2024 1091 qui
2054 1022 2293 1091 ιηίιιίιιηο

719 1128 967 1183 tissimus
1000 1140 1059 1178 cs
1106 1134 1161 1177 et
1210 1119 1548 1191 intelligendi
1595 1118 1802 1188 judisia
1841 1115 2025 1170 divina
2077 1114 2291 1178 solers;

718 1214 851 1274 mihi
891 1227 1086 1287 reputa
1137 1216 1414 1271 cmlestem
1458 1214 1597 1267 iram
1633 1208 2001 1280 injustissimo
2031 1207 2296 1261 Damiano

715 1314 790 1381 ob
817 1321 937 1366 acta
971 1309 1400 1373 incumbentem,
1433 1304 1594 1373 cujus
1623 1312 2008 1373 argumentum
2038 1300 2297 1355 interitus

715 1407 917 1475 ipsius,
940 1399 1331 1458 et‘inlirmitas
1373 1413 1495 1469 quae
1524 1410 1648 1450 emn
1687 1395 1861 1451 tenuit
1899 1408 1966 1448 ex
2005 1408 2115 1463 quo
2150 1401 2287 1445 teme

713 1510 850 1565 pore
884 1493 1210 1565 Cypriorum
1256 1501 1466 1547 terram
1519 1488 1739 1558 injustis
1782 1485 2026 1541 caedibus
2078 1483 2297 1545 imbuit.

714 1603 953 1658 eumque
987 1585 1247 1657 paulatim
1273 1582 1798 1651 consumpsitjustaa
1830 1594 1861 1633 a
1892 1578 2001 1632 Deo
2057 1577 2129 1631 ob
2181 1575 2300 1643 ejus

716 1680 1017 1750 injustitias
1064 1677 1239 1731 allatae
1288 1689 1464 1744 pmna:
1526 1672 1922 1726 testimonium.
1996 1667 2051 1721 Si
2116 1675 2299 1721 autem

714 1772 895 1842 placet
916 1769 1202 1825 considera
1233 1782 1356 1837 qum
1388 1769 1439 1818 in
1476 1765 1610 1819 mari
1649 1762 1812 1817 classi
1851 1768 2046 1815 vestra:
2086 1761 2301 1814 accide-

2398 558 2607 611 στιανοὶ
2666 559 2789 610 καθ’
2862 558 3018 628 ὑμῶν
3069 558 3566 628 ὲκστρατεύονται⁶
3625 561 3672 611 εἰ
3722 561 3779 614 δὲ
3835 564 4002 617 τοῦτο

2396 650 2677 719 πράττειν,
2710 652 2891 720 πὲῖσης
2919 650 3176 703 ἐπέκεινα
3210 652 3528 719 μιαιςςςνίας
3560 652 3737 716 ἐστὶν,
3785 655 3904 707 οὐδὲ
3930 659 4005 708 τά

2396 742 2508 793 τῶν
2571 743 2841 812 Κυπρίων
2883 743 3238 812 ἀπήλλακται
3297 744 3396 812 τῆς
3465 743 3586 812 ἴσης
3627 748 3946 815 μιαιφονίας
3984 768 3997 778 ·

2397 832 2514 883 ἀλλ’
2546 833 2729 886 ὲάσθω
2760 836 2826 886 τὰ
2861 835 2993 904 παρ’
3038 834 3197 903 ἡμῶν
3232 835 3312 895 εἰς
3361 833 3585 905 ἔλεγχον
3627 837 3719 889 τοῦ
3758 843 4004 908 παρανό-

2401 942 2432 993 μ
2443 941 2505 977 ου
2535 926 2778 995 πολέμου
2811 927 3011 997 λεγόμε
3023 946 3084 978 να
3099 971 3110 981 .

2470 1016 2679 1084 Σκέψαι
2714 1017 2768 1069 δὲ
2807 1019 2900 1069 καὶ
2929 1018 2997 1070 τΞι
3025 1022 3086 1071 ἐκ
3125 1021 3220 1088 τῆς
3251 1019 3401 1083 θείας
3427 1020 3605 1090 δίκης,
3641 1022 3734 1074 καὶ
3761 1020 3838 1075 ὣν
3869 1039 4007 1075 συν-

2413 1109 2706 1175 ετώτατος,
2767 1116 2860 1162 καὶ
2906 1112 3139 1163 συνιδεῖν
3185 1113 3371 1175 ἱκανὸς
3404 1112 3525 1166 θεῖα
3553 1114 3802 1183 κρίματα
3846 1127 3860 1143 ⁶
3896 1133 4002 1167 κα-

2399 1202 2577 1255 τανόει
2609 1220 2699 1271 μοι
2745 1202 2839 1254 καὶ
2864 1204 2965 1273 τὴν
2992 1204 3051 1269 ἐξ
3077 1203 3310 1272 οὐρανοῦ
3342 1206 3432 1257 ἐπὶ
3461 1208 3577 1267 τοῖς
3600 1208 4004 1276 γεγενημένοις

2399 1292 2477 1362 τῷ
2514 1293 2969 1364 παρανομωτάτῳ
2992 1294 3252 1364 Δαμιανῷ
3286 1295 3685 1366 ἀγανάκτησιν.
3719 1297 3787 1348 ’Ὀ
3812 1312 3869 1348 τε
3889 1298 4004 1365 γὲρ

2402 1385 2460 1452 ἐξ
2493 1383 2805 1456 ἀνθρώπων
2838 1388 3148 1457 ἀφανισμδς
3184 1388 3353 1441 αὐτοῦ
3384 1388 3546 1443 τοῦτο
3570 1389 3834 1443 διδάσκει.
3862 1390 4005 1442 ἀλλὰ

2405 1477 2501 1529 καὶ
2537 1478 2569 1547 ἡ
2604 1476 2662 1542 ἐξ
2693 1472 2754 1529 οῦ
2786 1479 2983 1548 χρόνου
3018 1482 3261 1547 σφαγαῖς
3305 1481 3518 1543 ἀδίκοις
3550 1481 3650 1552 τὴν
3674 1485 3778 1551 γῆν
3806 1484 4003 1553 ἓχς.ανε

2403 1570 2513 1622 τῶν
2534 1571 2827 1641 Κυπρίων.
2856 1569 3138 1642 ’συσχοῦσα
3169 1573 3364 1627 τοῦτον
3392 1575 3698 1645 ἀρρωστία,
3730 1577 3831 1627 καὶ
3860 1577 4005 1627 κατα

2414 1665 2612 1734 μικρδν
2666 1665 3007 1730 δαπανῶσα,
3086 1666 3388 1737 μαρτύριόν
3443 1670 3561 1721 ἐστι
3614 1669 3715 1737 τῆς
3777 1669 4002 1729 δικαίας

2405 1757 2559 1826 παρὰ
2624 1757 2760 1809 Θεοῦ
2820 1760 3119 1829 τιμωρίας,
3185 1759 3303 1812 ἀνθ’
3352 1753 3428 1813 ὧν
3474 1761 3894 1831 παρηνόμησεν.
3935 1763 4001 1812 lii

717 1874 846 1916 iunt
877 1870 925 1915 et
956 1861 1169 1913 ruinam
1207 1860 1425 1913 navium
1471 1864 1783 1909 vestrorum
1820 1853 1941 1922 ipso
1976 1853 2028 1905 in
2064 1866 2300 1919 conspe-

2414 1848 2587 1919 βούλει
2612 1849 2667 1901 δὲ
2707 1849 2801 1901 καὶ
2838 1850 2872 1903 δι
2901 1850 2988 1903 διὰ
3023 1851 3295 1922 Θαλάττης
3317 1853 3600 1923 ἀπήντησε
3627 1853 3704 1922 τῷ
3746 1855 4004 1924 ὑμετέρῳ

718 1963 808 2009 ctu
840 1953 1242 2021 insulm‘quam
1284 1949 1511 2021 perdere
1561 1947 1827 2002 scelestus
1878 1945 1967 1998 ille
2008 1942 2306 1998 constitue-

718 2053 829 2099 rat.
892 2042 1075 2098 Probe
1125 2040 1377 2109 equidem
1429 2038 1544 2091 scio
1581 2044 1635 2089 te
1669 2037 1788 2089 sine
1835 2034 2041 2089 nostris
2092 2046 2303 2087 sermo-

718 2132 883 2192 nib'us
955 2136 1045 2189 illa
1105 2133 1412 2202 intelligere
1469 2139 1524 2186 et
1576 2128 1979 2198 comprobare;
2041 2126 2300 2195 quoniam

722 2242 904 2286 tamen
960 2228 1097 2284 nihil
1135 2225 1457 2298 prohibebat
1507 2239 1575 2279 ne
1608 2223 1705 2278 illa
1753 2238 1782 2276 a
1826 2222 1989 2277 nobis
2028 2234 2301 2275 memora-

720 2334 934 2387 rentur,
966 2323 1098 2376 talia
1122 2320 1364 2375 diximus
1397 2337 1409 2373 :
1439 2325 1611 2372 restat
1644 2330 1792 2372 nunc
1820 2324 1881 2369 ut
1907 2314 2090 2369 divina
2125 2322 2301 2367 vestra

719 2416 965 2487 potentia
997 2429 1107 2468 non
1159 2421 1366 2467 tantum
1422 2409 1711 2479 intelligat,
1746 2411 1839 2463 sed
1875 2408 2041 2462 etiam
2099 2407 2302 2460 malum

718 2511 833 2578 jam
876 2519 1060 2561 actum
1103 2505 1369 2574 corrigat,
1404 2516 1459 2557 et
1502 2502 1722 2555 miseris
1770 2498 1987 2572 Cypriis
2021 2508 2230 2551 veteres
2273 2512 2303 2551 a

720 2598 973 2669 patrihus
1003 2597 1200 2652 vestris
1245 2606 1509 2648 concessa
1536 2592 1663 2661 jura
1704 2592 1980 2653 restituat,
2033 2589 2305 2645 securita-

726 2703 947 2759 temque
977 2698 1033 2742 et
1067 2685 1547 2756 tranquillitatem,
1583 2694 1748 2754 atque
1780 2696 1877 2737 eos
1914 2680 2224 2752 relinquere
2251 2680 2303 2735 in

724 2784 951 2851 antiqua
984 2779 1134 2849 pacis
1167 2777 1340 2834 forma
1396 2777 1694 2832 constituta
1736 2775 2034 2839 solventes,
2079 2772 2305 2839 tributa,

724 2871 1019 2926 Saracenis
1077 2880 1136 2925 ut
1182 2868 1309 2924 olim
1360 2876 1415 2923 et
1464 2884 1639 2938 usque
1685 2867 1817 2921 dum
1865 2866 2183 2931 servientes,
2239 2864 2308 2919 ab

722 2964 874 3018 omni
906 2963 1263 3034 oppressione
1288 2972 1342 3017 et
1375 2963 1425 3015 vi
1466 2961 1669 3017 liberos
1703 2975 1822 3030 qua:
1851 2959 1969 3014 heri
1998 2967 2053 3015 et
2097 2957 2296 3013 nudius

723 3057 918 3112 tertius
949 3071 1128 3111 saevus
1154 3064 1208 3111 et
1240 3054 1499 3120 crudelis,
1528 3053 1827 3107 Damianus
1856 3052 1937 3107 eis
1967 3050 2205 3117 inﬂixit;
2239 3063 2306 3102 ne

727 3147 995 3217 majorum
1042 3156 1351 3202 vestrorum
1390 3145 1649 3215 praeclara
1695 3143 1931 3199 consilia
1981 3157 2047 3197 ac
2098 3140 2305 3196 foedera

725 3239 941 3292 violetis
970 3253 1150 3307 neque
1184 3238 1392 3291 honore
1425 3245 1479 3289 et
1505 3235 1674 3307 gloria
1713 3234 1867 3289 vobis
1890 3232 2099 3303 justitia
2130 3232 2304 3304 partis

724 3330 1007 3385 decidatis.

2409 1940 2603 2010 στόλῳ,
2660 1942 2752 1993 καὶ
2784 1942 2815 2009 ἡ
2842 1942 2967 1995 κατ’
3028 1943 3203 2015 αὐτὴν
3240 1943 3338 2014 τὴν
3388 1945 3552 2013 νῆσον
3609 1948 3861 1999 ἀπώλεια
3893 1948 4005 2000 τῶν

2405 2033 2608 2087 πλοίων
2662 2034 2839 2101 ὑμῶν,
2877 2036 2944 2106 ἣν
2970 2037 3238 2090 ἀπολέσαι
3270 2042 3295 2090 ὁ
3329 2038 3591 2110 βδελυρὸς
3640 2042 3850 2102 ἐκεῖνος
3881 2042 3967 2093 δια
3992 2073 4005 2081 -

2404 2126 2678 2195 νενόηται.
2699 2124 2935 2201 Οἶδαὸτι
2952 2132 3123 2201 χωρὶς
3147 2131 3257 2185 τῶν
3291 2133 3578 2201 ἡμετέρων
3606 2134 3800 2202 λόγων,
3825 2134 4005 2189 ταῦτα

2407 2219 2595 2287 συνίης
2628 2220 2723 2272 καὶ
2781 2222 3221 2289 συγγινώσκειςο
3277 2225 3428 2293 ὅμως
3481 2226 3536 2277 δὲ
3574 2227 3803 2295 ἐπείπερ
3846 2229 4006 2280 οὐδέν

2404 2304 2472 2379 ἦν
2510 2309 2743 2373 κωλῦον,
2785 2311 2882 2363 καὶ
2934 2312 3067 2383 παρ’
3111 2314 3271 2382 ἡμῶν
3321 2317 3771 2387 ἐπισημανθῆ-αι
3825 2320 4006 2370 ταῦτα

2406 2399 2812 2470 προσείρηταιο
2848 2402 2909 2453 τὸ
2952 2401 3143 2455 λοιπὸν
3174 2404 3296 2456 ἐστι
3342 2405 3440 2475 τῆς
3480 2405 3772 2477 δεδομένης
3816 2407 4003 2459 0:40;»-

2406 2493 2537 2562 ὑμῖν
2560 2493 2829 2558 ἐξουσίας,
2861 2494 2934 2565 μὴ
2974 2497 3137 2565 μόνον
3187 2499 3440 2563 συνιδεῖν,
3471 2500 3606 2553 ἀλλὰ
3641 2502 3736 2553 καὶ
3768 2503 4006 2568 ἐπανορ·

2413 2584 2695 2638 θώσασθαι
2725 2586 2787 2640 τὸ
2825 2587 3052 2655 γεγονὸς
3105 2592 3381 2660 πταῖσμα,
3419 2592 3515 2645 καὶ
3548 2594 3660 2655 τοῖς
3714 2597 4006 2655 ταπεινοῖς

2407 2678 2681 2748 Κυπρίοις
2733 2678 3198 2749 ἀποκαταστῆσαι
3227 2683 3296 2736 τὰ
3347 2685 3406 2751 ἐξ
3460 2685 3638 2755 ἀρχῆς
3689 2687 3839 2756 παρά
3887 2687 4007 2737 τῶν

2408 2769 2663 2840 πατέρων
2697 2769 2853 2840 ὑμῶν
2896 2772 3085 2836 αὐτοῖς
3127 2779 3530 2846 παρεσχημένα
3581 2777 3790 2838 δίκαια,
3815 2781 3907 2830 καὶ
3942 2779 4004 2829 τὸ

2408 2861 2648 2926 ἀϐλαϐὲς
2680 2863 2775 2917 καὶ
2818 2864 3263 2935 ἀνεπηρέαστον,
3296 2867 3622 2922 καταλιπεῖν
3659 2870 3861 2931 αὐτοὺς
3904 2872 4003 2921 ἐπὶ

2407 2954 2503 3007 τοῦ
2553 2955 2789 3026 ἀρχαίου
2852 2958 3137 3027 σχήματος
3199 2960 3298 3026 τῆς
3346 2961 3596 3030 εἰρήνης,
3652 2962 4005 3032 παρέχοντας

2408 3047 2509 3099 ὅσα
2554 3048 2870 3118 νενόμισται
2920 3049 3229 3115 ὑποτελεῖν,
3280 3053 3375 3105 καὶ
3428 3055 3845 3123 ὑπουργοῦντας
3901 3056 4009 3122 τὴν

2410 3140 2621 3193 ἀνωθεν
2675 3142 2771 3196 καὶ
2820 3142 2987 3213 μέχρι
3018 3142 3114 3197 τοῦ
3148 3144 3241 3198 νῦν
3272 3143 3583 3217 ὑπουργίαν
3638 3148 4005 3217 Σαρακηνιῖς,

2411 3233 2595 3305 πάσης
2654 3237 2751 3290 καὶ
2807 3236 3115 3307 βαρύτητος
3170 3241 3263 3292 καὶ
3307 3240 3429 3309 βίας
3474 3242 3797 3309 ἐλευθέρους
3822 3241 4014 3293 διατε-

2412 3328 2663 3392 λοῦντας,
2710 3330 2809 3400 τῆς
2845 3331 2974 3400 χθὲς
3014 3332 3110 3385 καὶ
3172 3332 3366 3402 πρώην
3422 3334 3845 3403 ἐπιτεθειμένης
3896 3336 4008 3386 aii-

722 3426 837 3486 τοῖς
862 3424 982 3476 ὑπὸ·
1023 3426 1122 3495 τῆς
1146 3424 1241 3475 τοῦ
1299 3421 1575 3495 Δαμιανοῦ
1634 3420 1958 3491 σκαιότητος
1984 3421 2078 3474 καὶ
2145 3420 2585 3492 ἀπανθρωπίαςο
2655 3424 2743 3477 ἵνα
2811 3426 2950 3496 μήτε
2998 3426 3107 3478 τῶν
3163 3429 3420 3498 πατέρων
3479 3429 3633 3498 ὑμῶν
3685 3429 4009 3488 ἀθετοῦντες

727 3515 984 3586 όφθείητε
1036 3515 1106 3567 τὰ
1162 3513 1347 3577 καλῶς
1410 3512 1639 3577 δόξαντα
1699 3511 2051 3583 βουλεύματά
2107 3528 2165 3564 τε
2219 3512 2315 3564 καὶ
2383 3512 2673 3584 σύμφωνα,
2738 3517 2876 3587 μήτε
2920 3517 3045 3571 ἀντὶ⁵
3094 3519 3193 3588 τῆς
3242 3520 3566 3591 πρεπούσης
3648 3523 3890 3591 ὑμῖνέπὶ
3935 3527 3999 3589 τῇ

726 3610 1048 3681 δικαιοσύνῃ
1073 3608 1241 3680 τιμῆς
1264 3626 1322 3661 τε
1351 3610 1445 3661 καὶ
1467 3609 1625 3679 δόξης
1656 3608 1790 3679 πρὸς
1822 3606 2138 3661 τούναντίον
2160 3608 2310 3675 είητε
2348 3611 2806 3679 μεταπίπτοντες.

1280 3701 1346 3757 ll.
1387 3703 1466 3756 Ad
1506 3705 1767 3757 eumdem.

797 3795 1057 3873 Omnium
1098 3800 1369 3850 honorum
1408 3810 1530 3864 quae
1565 3795 1884 3851 hominibus
1925 3795 2082 3850 aﬂert
2122 3796 2228 3850 vita
2262 3803 2316 3850 et

732 3890 936 3963 quibus
1008 3891 1133 3943 vitae
1202 3888 1429 3943 delicias
1494 3888 1744 3943 obtinent
1814 3889 2105 3955 homines,
2178 3887 2316 3942 nihil

736 3984 816 4038 ita
886 3983 1133 4043 bonum.
1202 3981 1336 4035 nihil
1383 3979 1686 4047 jucundius
1729 3981 2090 4051 prudentibus
2148 3996 2312 4050 quant

735 4076 991 4132 amicitiae
1021 4075 1316 4145 acquisitio
1349 4085 1403 4129 et
1431 4074 1551 4143 ejus
1576 4073 1857 4142 studium;
1916 4091 1980 4129 ex
2015 4074 2140 4128 inde
2168 4075 2313 4128 enim

735 4166 813 4220 illi
846 4166 1066 4236 quidem
1100 4164 1394 4218 statuimus
1431 4165 1616 4219 studio
1653 4164 1951 4218 amicitiam
2001 4164 2147 4217 velut
2187 4163 2313 4217 fun-

735 4263 867 4317 dare
899 4271 954 4315 et
998 4261 1245 4331 plantare
1289 4273 1411 4315 cum
1463 4259 1555 4325 iis,
1587 4259 1788 4329 quibus
1821 4258 2171 4312 familiariter
2205 4273 2314 4311 non

736 4355 1055 4415 utebantur,
1111 4353 1158 4407 si
1191 4362 1375 4407 autem
1412 4354 1713 4408 amicitiam
1742 4354 1953 4423 jamdiu
2006 4365 2188 4407 natam
2220 4352 2315 4407 sed

738 4459 926 4520 postea
990 4447 1257 4517 temporis
1313 4446 1671 4500 diuturnitate
1727 4445 2037 4515 languidam
2097 4446 2319 4499 student

2994 3711 3069 3765 B'.
3113 3709 3201 3776 Τῷ
3242 3711 3434 3777 αὐτῷ.

2499 3797 2793 3854 ’.ἁπάντων
2820 3800 2920 3853 ὅσα
2942 3805 3057 3865 τοῖς
3086 3803 3400 3874 ἀνθρώποις
3435 3806 3463 3857 ό
3495 3804 3610 3872 βίος
3646 3806 3803 3876 φέρει
3835 3808 4004 3869 καλὰ,

2417 3890 2513 3942 καὶ
2540 3889 2610 3942 δι’
2636 3884 2712 3943 ὧν
2745 3891 3066 3960 ἀνθρωπίνη
3125 3892 3239 3964 ζωὴ
3286 3895 3556 3965 κέκτηται
3602 3898 3665 3949 τὸ
3697 3898 3818 3967 ἡδὺ,
3852 3899 4015 3950 οἰδὲν

2420 3981 2565 4035 οὕτω
2602 3984 2790 4050 καλὸν,
2818 3984 2938 4037 οὐδὲ
2975 3986 3240 4057 ἡδύτερον
3273 3990 3385 4051 τοῖς
3435 3992 3702 4059 φρονήσει
3735 4008 4023 4063 κεκοσμης

2428 4076 2635 4145 μένοις,
2669 4075 2745 4138 ὡς
2774 4078 2970 4144 κτῆσις
3016 4079 3218 4148 φιλίας,
3252 4080 3347 4132 καὶ
3379 4083 3413 4150 ἡ
3448 4082 3578 4150 περὶ
3609 4081 3814 4151 ταύτην
3839 4100 4014 4135 σπου-

2431 4166 2518 4234 δή.
2547 4166 2829 4219 Ἐντεῦθεν
2863 4168 3015 4220 ἄλλοι
3053 4157 3152 4239 μὲν
3218 4171 3351 4239 πρὸς
3384 4170 3477 4233 οὓς
3518 4173 3616 4225 οὐκ
3650 4172 3807 4242 ἔσχον
3842 4182 4011 4245 συνῄ-

2425 4259 2581 4313 θειαν
2609 4261 2696 4313 διὰ
2729 4262 3008 4331 φροντίδος
3054 4260 3265 4327 ἔθεντο,
3307 4260 3420 4318 οἷον
3461 4267 3638 4335 ἀρχήν
3672 4283 3796 4320 τινα
3840 4286 4022 4320 κατα-

2425 4351 2712 4412 ϐαλέσθαι,
2772 4353 2867 4404 καὶ
2918 4352 3189 4419 φυτεῦσαι
3247 4355 3451 4423 φιλίαν·
3502 4357 3683 4427 ἕτεροι
3735 4357 3793 4409 δὲ
3840 4358 4021 4410 πάλαι

2428 4443 2523 4497 καὶ
2551 4443 2758 4499 ἄνωθεν
2790 4431 3313 4516 ἀναϐλαστησάσης,
3379 4443 3507 4502 εἶτα
3547 4448 3740 4518 ὥσπερ
3786 4450 4019 4517 ἀπομα-

738 4534 1161 4590 reviresceutem
1205 4533 1413 4589 moveri
1444 4549 1570 4587 raro
1611 4543 1663 4588 et
1696 4549 1793 4603 per
1833 4536 2042 4605 scipsos
2076 4535 2141 4588 ad
2183 4533 2308 4587 anti-

2433 4538 2726 4608 ρανθείσης
2765 4538 2843 4607 τῷ
2870 4540 3067 4610 χρόνῳ,
3111 4541 3283 4605 δεῖξαι
3312 4542 3726 4596 ἀναϐάλλουσαν
3758 4539 4024 4598 διεσπού-

738 4644 902 4698 quam
932 4626 1165 4681 formam
1201 4637 1483 4687 revocant,
1513 4626 1669 4693 probi
1721 4628 2087 4696 intelligemus
2114 4639 2167 4681 et
2198 4642 2319 4695 per-

742 4720 879 4771 I’ecta
915 4718 1201 4786 prudentia
1238 4717 1384 4770 illius
1414 4726 1667 4770 naturam
1702 4716 2125 4786 perspicientes,
2158 4717 2210 4770 id
2237 4726 2321 4771 est

742 4811 997 4864 tlllllliblls
1038 4811 1163 4864 vitze
1213 4810 1374 4864 bonis
1422 4810 1799 4878 pretiosiorem
1851 4822 1905 4863 et
1941 4810 2319 4880 jucundiorem

742 4919 865 4958 esse
899 4902 1157 4957 amicitia:
1187 4904 1545 4971 voluptatem.
1581 4902 1714 4968 Qua:
1746 4919 1869 4959 sum
1895 4904 2177 4973 pra:l'atus,
2212 4920 2321 4970 non

746 4998 892 5065 quod
945 4998 1277 5069 ignoraret-it
1326 5009 1504 5053 vestra
1563 5001 1841 5062 nobilitas,
1899 5001 1991 5055 sed
2042 5003 2198 5070 quasi
2256 5001 2321 5055 ad

743 5088 1005 5142 scientem
1051 5089 1167 5158 ipse
1196 5089 1399 5155 sciens,
1454 5099 1507 5144 et
1540 5101 1799 5160 tanquam
1837 5103 2090 5147 mutumn
2151 5094 2323 5148 collo-

742 5180 957 5248 quium,
1012 5181 1080 5234 de
1130 5172 1460 5237 resumendo
1497 5184 1636 5237 inter
1692 5200 1791 5238 nos
1834 5186 2090 5241 amicitia:
2139 5202 2323 5255 opere,

745 5270 890 5337 quod
918 5284 1027 5322 non
1059 5271 1223 5323 modo
1256 5270 1571 5342 incipimus,
1609 5273 1704 5328 sed
1734 5275 1913 5342 potius
1948 5284 2007 5329 ut
2041 5285 2323 5344 paternam

749 5364 1118 5424 [nereditatem
1175 5364 1501 5434 inquirimus
1549 5376 1621 5429 et,
1664 5378 1722 5422 ut
1757 5380 1916 5421 antea
1948 5369 2082 5429 dixi.
2139 5372 2325 5422 stude-

747 5471 870 5509 mus
908 5456 1241 5511 revirescere
1278 5455 1479 5519 facere,
1511 5473 1637 5512 cum
1675 5463 1936 5528 temporis
1963 5462 2325 5515 diuturnitate

750 5548 998 5611 dissolvi,
1028 5564 1140 5618 quo
1177 5550 1362 5605 nescio
1398 5554 1562 5605 modo
1595 5554 1890 5620 perit-than
1912 5565 2019 5608 tur.

817 5731 931 5785 Non
964 5734 1165 5788 etcnint
1198 5747 1434 5790 vestram
1470 5736 1821 5806 prmlcntiam
1859 5739 1988 5793 latet
2022 5741 2323 5795 maximum

744 5824 888 5880 inter
945 5824 1034 5880 Dei
1088 5840 1334 5884 summos
1386 5829 1721 5898 sacerdotes,
1784 5832 2147 5889 venerabilem
2181 5835 2326 5890 Pho-

2424 4631 2614 4696 δασαν,
2655 4634 2748 4685 καὶ
2784 4632 2851 4685 δι’
2893 4633 3101 4688 ἑαυτῶν
3138 4636 3219 4696 είς
3259 4635 3320 4687 τὸ
3366 4637 3597 4706 ἀρχαῖον
3630 4640 4019 4705 ἐπανήγαγον.

2424 4721 2603 4793 ὀρθῶς
2650 4724 2875 4791 εἰδότες,
2921 4729 3016 4779 καὶ
3068 4730 3288 4782 συνέσει
3325 4730 3648 4801 τελειοτάτῃ
3698 4734 3798 4803 τὴν
3848 4736 4021 4801 φύσιν

2424 4816 2520 4869 τοῦ
2560 4820 2886 4888 πράγματος
2929 4825 3392 4892 κατανοήσαντες,
3427 4827 3508 4878 ὅτι
3542 4826 3651 4877 τῶν
3688 4828 3741 4877 ἐν
3784 4827 3863 4896 τῷ
3910 4830 4022 4898 βίῳ

2428 4908 2648 4961 πάντων
2688 4912 2784 4964 καὶ
2812 4912 3143 4983 τιμιώτερον
3172 4917 3268 4968 καὶ
3294 4918 3661 4988 χαριέστερον
3688 4917 3749 4970 τὺ
3776 4920 3876 4986 τῇς
3915 4936 4020 4987 8".-

2427 5002 2547 5064 λίας
2570 5003 2837 5072 τερπνόν.
2866 5003 3052 5057 Ταῦτα
3086 5007 3524 5078 προοιμιάζομαι
3553 5010 3652 5080 οὐχ
3686 5009 3760 5072 ὡς
3788 5012 3992 5079 ἀγνοοῦ
4011 5043 4025 5051 -

2430 5112 2527 5166 σης
2558 5095 2657 5164 τῆς
2693 5096 2850 5165 ὑμῶν
2880 5098 3187 5164 εὐγενείας,
3228 5100 3344 5152 ἀλλ’
3388 5105 3465 5165 ὡς
3520 5105 3657 5171 πρὸς
3698 5104 3879 5158 εἰδότα
3920 5110 4027 5159 καὶ

2429 5188 2593 5250 αὐτὸς
2630 5189 2789 5251 εἰδὼς
2838 5192 2933 5242 καὶ
2972 5184 3087 5242 οἷον
3143 5193 3331 5261 κοινὴν
3368 5195 3693 5265 συνομιλίαν
3728 5200 3859 5267 περί
3914 5201 4021 5252 τοῦ

2428 5282 2781 5351 ἀμφοτέρους
2836 5283 3207 5337 ἀνσλλῢέσθαι
3259 5288 3319 5337 τὸ
3362 5290 3597 5357 πρᾶγμα
3646 5289 3746 5357 τῆς
3803 5290 4023 5359 φιλίας,

2429 5369 2600 5445 οὗπερ
2629 5377 2689 5426 οῦ
2714 5375 2809 5427 νῦν
2849 5376 3160 5447 ἀρχόμεθα,
3203 5378 3340 5431 ἀλλά
3389 5382 3597 5448 μᾶλλον
3625 5383 3827 5451 κλῆρον
3879 5383 4019 5437 ὂντα

2431 5469 2697 5540 πατρικὸν
2746 5468 3137 5540 ἐπιζητοῦμεν,
3206 5473 3356 5527 καὶό
3406 5476 3730 5543 προέφημεν
3770 5475 4022 5529 ἀναθάλ-

2430 5560 2541 5612 λειν
2576 5564 2999 5629 παρασκευάσαι
3036 5564 3441 5635 σπουδάζομεν,
3474 5568 3576 5619 οὐκ
3615 5565 3730 5618 οἶδα
3764 5568 3914 5628 ὅπως
3943 5570 4024 5639 τί»

2431 5653 2614 5723 χρόνῳ
2648 5653 3085 5708 κιηιδυνεῦσασαν
3115 5658 3475 5729 διαρρυῆναι.

2502 5746 2577 5799 Οὐ
2612 5746 2868 5801 λανθάνει
2904 5751 3013 5819 γὰρ
3042 5750 3145 5819 τὴν
3171 5752 3451 5820 ὑμετέραν
3486 5751 3724 5817 σύνεσιν,
3752 5753 3834 5803 ὅτι
3859 5769 3969 5822 περ
3994 5755 4021 5805 ὁ

2434 5843 2491 5897 ἐν
2517 5842 2833 5914 ἀρχιερεῦσι
2863 5842 2999 5897 Θεοῦ
3038 5845 3297 5915 μέγιστος
3326 5846 3420 5900 καὶ
3464 5846 3713 5915 ἀοίδιμος
3752 5847 3962 5910 Φώτιος
3995 5850 4026 5899 ὁ
