4158 6430
743 405 814 467 39
1887 406 2197 467 NlCOLAl
2239 406 2348 468 (ΖΡ.
2392 409 2669 469 PATRIA
2684 411 2902 471 liCII/E
3941 420 4008 483 40

744 526 870 567 vero
921 510 1061 565 ntala
1114 510 1468 579 inferentem;
1524 515 1673 570 nulla
1728 515 1875 570 enim
1932 517 1986 570 in
2055 517 2314 586 injustitia

2431 522 2655 575 καὶτῶν
2685 523 2971 595 ἡμετέρων
3000 524 3374 594 προϐαλέσθαι
3404 545 3417 559 ’
3454 529 3655 598 μᾶλλον
3683 528 3783 601 μὲν
3810 529 3905 586 οὖν
3932 534 4010 596 ὡς

743 603 974 667 utilitas,
1008 620 1183 675 neque
1213 604 1475 674 prodesse
1505 618 1685 676 potest
1714 608 1965 673 avaritia,
2006 610 2100 663 sed
2139 619 2321 663 extre-

742 712 892 750 mum
933 697 1193 750 damnum
1237 704 1404 767 atque
1436 698 1826 752 detrimentum
1873 700 1940 755 iis
1973 701 2165 755 saltem
2199 701 2318 770 qui,

741 788 883 842 sicut
917 800 970 841 tu
1004 790 1138 857 ipse,
1172 791 1521 859 agnoscendo
1547 791 1692 859 quod
1744 793 1903 847 decet
1938 802 2070 847 sunt
2116 792 2320 847 idonei.

740 879 865 935 lla‘c
906 890 989 933 est
1038 883 1276 935 maxima
1322 883 1551 947 utilitas,
1603 886 1708 939 hoc
1750 885 2178 954 incomparabile
2235 887 2320 939 lu-

737 988 917 1037 crum,
972 975 1076 1029 sub
1125 984 1302 1029 vestra
1357 976 1569 1031 ditione
1618 987 1673 1032 et
1724 980 2223 1041 administratione,
2266 979 2320 1033 in

736 1069 1019 1135 propriant
1057 1070 1291 1137 patriam
1322 1070 1539 1123 restitui
1574 1072 1887 1140 populares,
1932 1087 1960 1125 a
1998 1074 2321 1142 parentibus

740 1161 903 1230 recipi
937 1163 1162 1227 liberos,
1199 1171 1356 1219 natos
1400 1165 1649 1233 patribus
1698 1165 1880 1219 denuo
1924 1167 2202 1237 conjungi,
2236 1170 2319 1222 vi-

738 1268 829 1305 tos
866 1253 1132 1307 uxoribus
1184 1255 1359 1319 reddi,
1409 1257 1618 1309 amicos
1646 1255 2009 1312 familiaribus
2038 1258 2166 1324 frui,
2214 1276 2322 1314 uno

734 1348 924 1407 verbo,
953 1362 1047 1401 eos
1070 1348 1161 1416 qui
1194 1348 1301 1401 huc
1327 1363 1500 1417 usque
1530 1366 1559 1402 a
1597 1352 1770 1419 patria
1795 1352 2118 1406 exsulabant
2144 1354 2323 1407 omni-

732 1437 838 1491 bus
887 1440 1125 1508 gaudere
1171 1440 1327 1495 bonis
1370 1457 1492 1510 quze
1530 1444 1724 1497 tribuit
1772 1445 1985 1513 patria;
2030 1444 2118 1498 illa
2172 1455 2320 1506 sunt,

734 1531 1040 1585 amicorum
1091 1546 1344 1585 meorum
1378 1537 1606 1602 optime,
1649 1551 1771 1602 quae
1813 1538 2071 1591 amicitiae
2122 1546 2321 1590 nostra:

736 1622 1068 1690 principium
1122 1638 1246 1677 esse
1275 1626 1418 1689 volo,
1474 1626 1593 1691 illa,
1631 1642 1754 1695 quae
1795 1630 1861 1683 ad
1909 1640 1959 1683 te
2013 1630 2214 1695 scribo,
2252 1630 2317 1682 ad

734 1727 859 1782 quae
906 1723 959 1768 te
996 1714 1211 1780 hostes,
1249 1718 1696 1787 quandoquidem
1746 1735 1806 1774 ea
1848 1721 2026 1775 facere
2076 1731 2127 1775 te
2161 1724 2320 1776 decet

733 1815 788 1857 et
819 1821 920 1861 nos
950 1808 1015 1859 ad
1065 1808 1327 1862 dilectum
1356 1812 1638 1876 scribere;
1682 1820 1938 1866 caeterum
1973 1824 2025 1867 te
2052 1814 2190 1868 bene
2224 1830 2319 1867 va-

2423 615 2775 686 δικαιοσύνην
2807 616 3008 686 τιμῶν,
3038 619 3173 689 πρὸς
3201 619 3260 671 τὸ
3286 620 3497 674 δίκαιον
3531 624 3771 693 ἀφορῶν,
3808 627 3901 677 καὶ
3931 628 4008 695 μὴ

2424 706 2785 776 ἀντεχόμενος
2812 706 3040 777 κέρδους
3098 711 3324 775 οἰκείου,
3363 714 3722 782 καινοτομίαν
3770 715 3827 769 δὲ
3872 716 4011 784 Χρι-

2425 800 2665 860 στιανοῖς
2707 797 3035 851 ἐπιϐάλλων·
3058 800 3158 853 οὑκ
3188 802 3304 855 ἐστι
3338 804 3531 872 κέρδος
3555 804 3613 856 τὸ
3653 806 3856 871 ἄδικον,
3881 808 4007 861 οὑδὲ

2423 887 2656 956 ὠφελεῖν
2688 884 2797 943 οἶδε
2827 890 2888 942 τὸ
2914 891 3327 958 πλεονεκτικὸν,
3386 892 3505 946 ἀλλ’
3562 896 3767 966 ἐσχάτη
3827 897 4007 968 βλάεη

2426 982 2519 1033 καὶ
2546 983 2871 1052 καινοτομία
2892 985 3004 1046 τοῖς
3026 981 3219 1052 ὥσπερ
3253 986 3318 1037 σὺ
3353 982 3504 1039 οὖσιν
3539 986 3745 1050 ἱκανοῖς
3772 989 3840 1042 τὰ
3876 994 4008 1061 πρέ-

2428 1092 2600 1127 ποντα
2626 1076 3029 1141 ὲκ).ογίζεσθαι.
3066 1077 3237 1130 Τοῦτο
3263 1080 3501 1149 μεγίστη
3540 1079 3799 1147 ὠφέλεια,
3843 1082 4008 1135 τοῦτο

2424 1166 2767 1238 ἀσύγκριτον
2795 1168 2985 1237 κέρδος
3016 1169 3078 1221 τὸ
3107 1170 3201 1222 ἐπὶ
3226 1169 3328 1238 τῆς
3359 1170 3518 1239 ὑμῶν
3539 1172 3717 1242 ἀρχῆς
3743 1173 3839 1224 καὶ
3864 1174 4007 1226 διοι-

2428 1264 2644 1331 κήσεως
2704 1262 2849 1330 πρὸς
2887 1261 2987 1331 τὴν
3027 1264 3235 1316 οἰκείαν
3288 1264 3523 1333 πατρίδα
3564 1268 3692 1329 τοὺς
3723 1266 4009 1335 ὁμοεθνεῖς

2428 1354 2911 1423 ἀποκαταστῆναι,
2942 1355 3003 1406 τὺ
3037 1358 3219 1422 γονεῖς
3250 1355 3551 1409 ἀπολαϐεῖν
3579 1358 3645 1409 τά
3682 1357 3786 1411 [δια
3816 1359 4006 1421 τέκνα,

2425 1446 2487 1498 τὸ
2513 1445 2682 1498 τέκνα
2717 1449 2831 1508 τοῖς
2864 1448 3105 1516 πατράσι
3137 1448 3503 1518 συναφθῆναι,
3526 1448 3588 1500 τὸ
3619 1450 3843 1517 γυναιξὶ
3877 1452 4009 1513 τοὺς

2423 1538 2733 1608 ὁμοζύγους
2766 1540 3124 1610 ἀποδοθῆναι,
3162 1541 3223 1594 τὺ
3263 1542 3443 1609 φίλοις
3470 1542 3835 1613 συγγενέσθαι
3872 1544 4011 1603 τοὺς

2426 1626 2636 1696 φίλους,
2678 1629 2774 1679 καὶ
2819 1627 3010 1690 ἁπλῶς
3062 1630 3164 1681 ὅσα
3204 1630 3346 1682 καλά
3375 1631 3591 1684 δίδωσιν
3623 1634 3656 1700 ἡ
3688 1633 3890 1700 πατρὶς
3946 1631 4011 1681 τὸ

2423 1721 2633 1774 τούτων
2689 1722 2944 1791 μετέχειν
2995 1722 3124 1784 τοὺς
3167 1722 3297 1792 ἄχρι
3334 1724 3429 1775 καὶ
3464 1724 3561 1776 νῦν
3609 1724 3709 1792 τῆς
3741 1722 4011 1793 πατρίδος

2424 1812 2899 1882 ἁποξενωμένους.
2930 1812 3139 1875 Ταῦτα,
3169 1813 3341 1881 φίλων
3374 1816 3496 1883 ἐμοὶ
3527 1814 3741 1884 ἄριστε,
3774 1815 3865 1867 καὶ
3905 1815 4012 1881 ἀρ·

735 1901 849 1954 lere
873 1912 1130 1971 Optamus
1168 1913 1223 1957 et
1258 1919 1519 1959 securum
1555 1920 1841 1961 remanere
1869 1908 1939 1961 ab
1968 1909 2117 1962 omni
2154 1910 2314 1964 vicis-

2424 1907 2525 1975 χὴν
2561 1904 2824 1974 ποιοῦμαι
2871 1904 2973 1973 τῆς
3006 1906 3145 1976 πρὸς
3175 1908 3232 1957 σε
3267 1905 3473 1973 φιλίας,
3513 1883 3608 1958 καὶ
3658 1906 3855 1975 γράφω
3907 1908 4009 1957 καὶ

732 1994 971 2049 situdine
1030 2006 1084 2049 et
1154 1998 1484 2051 necessitate
1536 2014 1657 2066 qua:
1730 1998 1946 2052 mortali
2000 2000 2128 2053 huic
2182 2000 2304 2054 vita:

732 2087 1007 2157 susdeque
1039 2088 1306 2143 voluntati
1357 2090 1536 2143 inesse
1569 2090 1726 2144 solet.

2421 1997 2703 2068 παραινῶ,
2740 1999 2862 2050 ἐπεὶ
2906 1998 3003 2050 καὶ
3036 2000 3121 2051 σοὶ
3157 1999 3371 2068 πρέπον
3397 1997 3628 2051 τοιαῦτα
3668 2002 3866 2063 ποιεῖν,
3905 2001 4011 2049 καὶ

2425 2092 2559 2161 ἡμῖν
2594 2087 2822 2143 τοιαῦτα
2852 2090 2991 2162 πρὸς
3034 2090 3125 2142 τὸν
3159 2088 3486 2159 φιλούμενον
3535 2092 3792 2159 γράφειν·
3838 2090 3907 2143 τὰ
3962 2088 4011 2141 δ’

733 2182 868 2236 ἄλλα
924 2186 1201 2254 ἐρρῶσθαί
1240 2203 1298 2237 σε
1327 2186 1678 2256 ἑπευχὸμεθα
1728 2188 2061 2260 ὑψηλότερον
2100 2189 2543 2260 συντηρούμενον
2568 2189 2745 2256 πάσης
2788 2188 3051 2258 βιωτικῆς
3089 2188 3408 2259 ἀνωμαλίας
3446 2190 3539 2241 καὶ
3600 2190 4005 2259 περιστάσεως,

733 2284 833 2352 ὅση
866 2283 941 2352 τῷ
968 2282 1151 2352 θνητῷ
1174 2282 1352 2353 τούτῳ
1384 2284 1483 2353 βίῳ
1508 2286 1620 2338 ἄνω
1650 2286 1746 2337 καὶ
1790 2286 1940 2339 κάτω
1971 2286 2327 2357 στρεφομένῳ
2355 2282 2499 2339 οἶδεν
2540 2284 3030 2355 ἐμπολιτεύεσθαι.

809 2420 898 2474 lll.
945 2422 1023 2493 Ad
1056 2421 1416 2493 excellentem,
1459 2424 1842 2488 clarissimum,
1898 2424 2235 2493 spiritualem

944 2492 1133 2560 (dium,
1167 2492 1459 2545 Simeonem
1486 2493 1762 2563 Bulgaria:
1791 2492 2098 2564 principem.

806 2626 1021 2694 Aliquid
1076 2626 1261 2679 forsan
1317 2627 1707 2696 supervacanei
1759 2628 1938 2682 facere
1984 2627 2311 2691 videbimur.

732 2718 806 2771 fili
842 2719 943 2783 mi,
986 2733 1109 2773 cum
1169 2729 1220 2772 te
1256 2719 1351 2771 illo
1394 2717 1585 2773 aﬂeetu
1638 2720 1889 2775 volumus
1934 2720 2151 2775 afﬁcere
2197 2722 2313 2791 qui,

733 2821 930 2879 pra-ter
988 2820 1206 2865 nostros
1261 2826 1569 2874 sermones,
1610 2813 1663 2865 in
1729 2821 1819 2867 tua
1850 2813 2091 2882 piissima
2141 2825 2320 2867 mente

734 2902 967 2967 insidet;
1045 2919 1430 2972 quemcunque
1482 2905 1684 2958 etenim
1759 2906 2037 2959 hominem
2108 2914 2324 2971 Oportet

733 2995 1085 3066 eotttpatiettti
1122 3011 1245 3051 esse
1276 2998 1463 3049 animo
1504 3012 1630 3065 erga
1684 3013 1836 3051 reum
1891 3012 2180 3067 quemque,
2227 2996 2321 3051 sed

733 3106 859 3143 eum
920 3090 1156 3143 maxime
1200 3091 1293 3159 qui
1338 3090 1404 3142 ad
1452 3104 1724 3144 summam
1767 3100 1851 3144 est
1879 3100 2099 3146 evectus
2130 3100 2323 3160 poten-

734 3183 886 3248 tiam,
944 3182 1215 3251 siquidem
1268 3199 1296 3235 a
1352 3182 1462 3235 Deo
1508 3183 1754 3236 omnium
1813 3184 2048 3236 Domino
2108 3183 2317 3251 princi-

2493 2420 2567 2475 Γ.
2609 2422 2694 2485 Τῷ
2749 2422 3226 2489 ὑπερφυεστάτω
3280 2422 3673 2489 μεγαλοδόξῳ
3731 2441 4005 2491 πνευμα-

2530 2491 2671 2556 τικῴ
2703 2493 2892 2558 τέκνῳ
2934 2491 3183 2562 Συμεὼν
3216 2492 3464 2559 ἄρχοντι
3492 2495 3891 2560 Βουλγαρίας.

2496 2628 2655 2691 Ἴσως
2685 2626 2947 2697 περιττόν
2973 2644 3024 2679 τι
3056 2629 3235 2680 ποιεῖν
3256 2626 3553 2698 δοκοῦμεν,
3597 2628 3787 2681 τέκνον
3818 2630 4004 2699 ἡμῶν,

2424 2720 2698 2773 δυσωπεῖν
2730 2736 2790 2771 σε
2824 2719 3145 2787 βουλόμενοι
3177 2719 3439 2790 τοιαύτην
3492 2721 3831 2791 δυσώπησιν,
3878 2722 4009 2789 ἥτις

2423 2813 2518 2867 καὶ
2551 2813 2722 2883 χωρὶς
2754 2811 2865 2863 τῶν
2893 2813 3180 2882 ἡμετέρων
3215 2812 3393 2880 λόγων
3441 2815 3498 2867 ἐν
3539 2816 3605 2883 τῇ
3642 2817 3709 2885 σῇ
3762 2813 4009 2880 θεοφιλεί

2421 2907 2569 2975 ψυχῇ
2618 2904 3007 2957 ὲναπόκειται·
3060 2905 3225 2956 παντὶ
3286 2906 3395 2973 γὰρ
3448 2905 3723 2975 ἀνθρώπῳ
3774 2905 4009 2973 γνώμην

2422 2996 2688 3068 συμπαθῆ
2714 2998 2904 3067 φέρειν
2937 2996 3294 3066 ὀφειλομένου
3325 2997 3720 3065 τυγχάνοντος,
3759 2997 4005 3067 μάλιστα

2420 3090 2582 3159 χρέος
2650 3089 2800 3139 ἐστὶν
2862 3088 3247 3157 ἀπαραίτητον
3294 3091 3410 3151 τοῖς
3470 3088 3877 3157 ἀναϐεϐηκόσιν
3921 3090 4007 3149 είς

2419 3182 2595 3252 ἀρχῆς
2625 3180 2781 3250 ὕψος,
2809 3180 2970 3233 τοῦτο
3022 3180 3337 3243 διασώζειν,
3403 3182 3527 3233 ἐπεὶ
3582 3183 3677 3233 καὶ
3717 3180 3871 3251 παρὰ
3904 3179 4006 3231 τοῦ

734 3284 921 3341 patum
957 3274 1103 3325 nulla
1152 3274 1255 3325 ulla
1286 3274 1351 3326 de
1386 3290 1550 3328 causa
1584 3276 1916 3343 acceperint,
1953 3275 2056 3329 nisi
2089 3285 2146 3330 ut
2188 3292 2313 3329 eum

2423 3278 2645 3327 πάντων
2676 3276 2939 3343 ἄρχοντος
2971 3274 3107 3326 Θεοῦ
3138 3274 3453 3344 παρεσχέθη
3502 3278 3613 3334 τοῖς
3660 3275 3926 3344 ἄρχουσιν
3970 3275 4006 3341 ἡ

736 3367 1081 3420 imitarentur
1139 3368 1233 3434 qui
1281 3382 1375 3421 eos
1429 3370 1633 3421 honore
1680 3370 1941 3436 prtevenit
1987 3376 2040 3421 et
2092 3368 2159 3421 ad
2212 3368 2317 3420 int-

734 3461 870 3528 perii
909 3476 1179 3514 summam
1207 3462 1472 3529 provexit.
1496 3461 1743 3515 Prudens
1798 3463 1960 3529 igitur
2005 3476 2129 3515 cum
2157 3462 2234 3515 sis
2263 3470 2317 3515 et

735 3552 973 3604 maxime
1021 3553 1277 3619 sapiens,
1332 3550 1425 3605 Dei
1497 3552 1894 3604 humanitatem
1952 3560 2005 3605 et
2067 3553 2315 3619 benigni-

734 3650 897 3695 tatem
930 3652 983 3696 et
1026 3644 1459 3697 misericordiam
1501 3659 1606 3696 non
1640 3645 1848 3708 neseis;
1896 3644 2013 3713 qui,
2050 3655 2315 3712 quantum

736 3736 905 3788 distat
946 3746 1099 3789 ortus
1131 3738 1199 3788 ab
1252 3736 1557 3802 occidente,
1610 3737 1766 3806 longe
1795 3738 1925 3789 facit
1960 3752 1990 3789 a
2024 3737 2177 3791 nobis
2210 3737 2316 3789 ini-

734 3828 972 3895 quitates
1041 3839 1291 3893 uestras;
1352 3830 1493 3882 istud
1551 3844 1772 3898 quoque
1822 3829 1931 3883 seis
1994 3829 2161 3897 probe
2219 3843 2314 3882 eos

731 3920 825 3989 qui
875 3921 1106 3989 imperio
1157 3935 1187 3973 a
1242 3920 1351 3973 Deo
1403 3921 1531 3974 dato
1588 3936 1713 3975 vere
1770 3930 1899 3974 sunt
1961 3921 2132 3991 digni,
2185 3934 2310 3974 cunt

731 4015 841 4066 sint
896 4014 1062 4065 multa
1123 4016 1175 4065 itt
1230 4015 1429 4082 qnihns
1489 4015 1597 4068 Deo
1648 4015 1854 4070 servire
1896 4014 2149 4076 debeant,
2203 4030 2309 4068 non

732 4105 1182 4170 priesttantiurent
1217 4106 1265 4158 ei
1302 4106 1527 4159 reddere
1560 4108 1761 4159 cultum
1788 4120 1951 4175 quatit
1987 4122 2081 4175 per
2123 4112 2314 4158 huma—

736 4195 982 4258 nitatem,
1032 4205 1090 4248 ut
1136 4198 1269 4260 dixi,
1320 4207 1373 4249 et
1428 4199 1927 4262 mansuetudinem,
1965 4198 2310 4252 clementiam

731 4300 952 4354 quoque
998 4301 1063 4340 ac
1115 4288 1546 4342 misericordiam
1578 4290 1630 4341 in
1664 4289 1948 4355 subditos;
2004 4304 2113 4341 non
2164 4289 2309 4341 enini

733 4377 855 4431 ideo
903 4381 1118 4432 caneris
1150 4390 1279 4433 sunt
1313 4380 1549 4448 praefecti
1581 4392 1639 4434 tit
1664 4390 1930 4450 potestate
1958 4396 2057 4435 sua
2100 4382 2167 4434 ad
2200 4396 2311 4433 tra-

738 4469 996 4520 cundiam
1038 4479 1091 4522 et
1139 4470 1421 4523 hominum
1486 4474 1824 4526 vexationem
1889 4481 2144 4535 utantur,
2219 4470 2311 4525 sed

736 4569 794 4611 nt
840 4561 1085 4628 paternis
1140 4562 1439 4616 visceribus
1492 4565 1726 4628 delicta,
1777 4567 1876 4618 etsi
1941 4566 2139 4634 stcpius
2189 4566 2313 4633 quis

731 4652 1053 4722 delinquat,
1104 4656 1417 4725 corrigam;
1455 4657 1587 4711 satis
1637 4666 1817 4710 autem
1857 4666 1941 4711 est
1991 4658 2079 4709 illa
2143 4657 2313 4710 fuisse

733 4758 819 4796 me
892 4745 1210 4813 praefatum,
1281 4762 1429 4802 nune
1486 4748 1812 4817 exponenda
1888 4764 2056 4802 causa
2108 4764 2207 4801 cur
2258 4760 2308 4802 te

731 4852 1043 4892 exoramus.

2420 3366 2586 3435 ἀρχὴ.
2620 3366 2836 3427 οὐδενὸς
2867 3365 3033 3418 ἄλλου
3064 3367 3249 3435 χάριν,
3276 3366 3308 3435 ἢ
3342 3366 3428 3416 ἵνα
3465 3366 3602 3432 πρὸς
3641 3367 3877 3435 μίμησιν
3902 3362 4005 3415 τοῦ

2420 3461 2780 3529 τιμήσαντος,
2812 3460 2908 3509 καὶ
2945 3460 3025 3521 εἰς
3062 3459 3123 3510 τὸ
3157 3459 3350 3529 ἄρχειν
3390 3457 3830 3520 άναὸιϐάσαντος
3861 3461 4006 3510 ἀνα-

2421 3552 2722 3620 φαίνωνται
2745 3551 3105 3613 διαϐιοῦντες.
3130 3552 3353 3613 Πάντως
3383 3551 3439 3603 δὲ
3471 3554 3729 3620 νουνεχὴς
3776 3549 3853 3604 ὢν
3901 3556 4005 3605 καὶ

2425 3645 2647 3706 συνετὸς
2684 3646 2980 3697 ἐπίστασαι
3007 3644 3106 3714 τὴν
3135 3644 3231 3696 τοῦ
3264 3644 3400 3696 Θεοῦ
3437 3644 3851 3713 φιλανθρωπίαν
3906 3652 4006 3698 καὶ

2419 3735 2517 3801 τὴν
2557 3737 2930 3805 χρηστότητα,
2989 3736 3083 3787 καὶ
3136 3735 3197 3787 τὸ
3256 3734 3569 3804 συμπαθές*
3618 3734 3675 3795 ὃς
3709 3734 3832 3786 καθ’
3873 3734 4006 3785 ὅσον

2418 3826 2722 3893 ἀπέχουσιν
2748 3826 3011 3878 ἀνατολαὶ
3040 3826 3149 3879 ἀπὸ
3165 3824 3682 3895 δυσμῶν,τοσοῦτυν
3708 3824 3869 3894 ἡμῶν
3896 3842 3973 3893 μα
3992 3855 4005 3864 -

2420 3917 2611 3987 κρύνει
2639 3918 2736 3977 τάς
2767 3916 3046 3987 ἁμαρτίας
3077 3918 3171 3985 ἀφ’
3209 3916 3387 3986 ἡμῶν.
3440 3917 3555 3969 Καὶ
3594 3915 3756 3967 τοῦτο
3782 3916 3837 3966 δὲ
3875 3914 4005 3966 λίαν

2418 4011 2739 4077 ἐπίστασαι,
2771 4012 2854 4063 ὃτι
2888 4012 2941 4063 οἴ
2982 4028 3045 4077 γε
3090 4011 3165 4073 ὡς
3216 4009 3431 4079 ἀληθῶς
3492 4010 3633 4072 ἄξιοι
3686 4010 3784 4076 τῆς
3845 4010 4006 4077 παρὰ

2418 4104 2557 4156 Θεοῦ
2583 4105 2875 4173 δεδομένης
2919 4104 3103 4167 αύτοῖς
3139 4105 3336 4173 ἀρχῆς,
3392 4101 3667 4153 πλείστων
3726 4101 4005 4169 ὑπαρχόν-

2416 4212 2529 4247 των
2572 4194 2641 4246 δι“
2672 4189 2747 4247 ὧν
2790 4196 2942 4246 ἐστιν
2978 4196 3164 4256 αὑτοῖς
3194 4193 3525 4262 θεραπεύειν
3578 4192 3735 4256 Θεὸν,
3790 4193 4006 4259 ταύτην

2421 4287 2663 4356 μάλιστα
2702 4287 2803 4355 τὴν
2830 4285 3115 4358 ἐξαίρετον
3162 4286 3459 4355 θεραπείαν
3493 4285 3891 4354 προσφέρουσι,
3940 4285 4006 4335 τὸ

2420 4379 2808 4449 φιλάνθρωπον
2855 4379 2930 4442 ὡς
2954 4374 3111 4431 εἷπον
3155 4380 3341 4431 καὶτὸ
3380 4378 3730 4443 ἀνεξίκακον,
3779 4378 3874 4429 καὶ
3937 4377 4000 4427 τὸ

2418 4474 2555 4544 πρὸς
2584 4474 2712 4534 τοὺς
2748 4474 3099 4543 ὑποχειρίους
3127 4473 3401 4542 ἀόργητόν
3444 4489 3504 4523 τε
3547 4472 3643 4524 καὶ
3682 4469 4001 4540 συμπαθές.

2418 4567 2493 4619 Uti
2530 4568 2640 4634 γὰρ
2666 4567 2755 4618 διά
2775 4564 2938 4617 τοῦτο
2963 4566 3072 4619 τῶν
3099 4565 3307 4617 λοιπῶν
3339 4564 3779 4634 προεκρίθησαν,
3812 4564 3901 4614 ἵνα
3923 4565 3994 4631 τῇ

2421 4659 2643 4727 ἐξουσία
2674 4655 2814 4725 πρὸς
2854 4656 3030 4725 θυμὸν
3081 4655 3436 4725 ἀποχρῶνται
3479 4658 3574 4707 καὶ
3603 4656 3849 4708 κάκωσιν
3888 4654 4005 4707 τῶν

2422 4750 2755 4820 ἀνθρώπων,
2816 4748 2930 4801 ἀλλ’
2981 4749 3070 4801 ἴνα
3135 4750 3470 4817 σπλάγχνοις
3534 4750 3847 4818 πατρικοῖς,
3896 4746 4005 4798 κᾶν

2429 4841 2694 4903 πολλάκις
2747 4841 2868 4891 τινὰ
2910 4841 3094 4909 συμσῇ
3134 4841 3549 4911 ὲξαμαρτῆσαι,
3576 4841 3637 4892 τὸ
3689 4841 4005 4909 ἁμάρτημα.

735 4932 1124 5002 μεθοδεύωσιν.
1176 4934 1365 5003 Ἀρκεῖ
1394 4936 1488 4987 ἐπί
1524 4939 1781 4987 τοσοῦτον
1850 4933 2333 5004 προοιμιάζεσθαι,
2384 4934 2561 5006 αὑτήν
2606 4951 2689 4986 σοι
2730 4934 2913 4986 λοιπὸν
2976 4934 3309 5003 ὲκτιθέμιθα
3360 4936 3460 5002 την
3517 4933 3797 4999 ὑπόθεσιν,
3861 4945 4003 5001 περὶ

727 5039 795 5090 ης
826 5021 1207 5092 δυσωποῦμεν.

802 5122 976 5176 ΙΙοιιιυ
1006 5120 1252 5189 quidam,
1284 5121 1469 5175 nescio
1500 5131 1682 5176 utrum
1714 5122 1913 5193 dignus
1948 5122 2133 5189 fuerit,
2190 5140 2303 5193 poe-

734 5229 832 5266 nas
882 5214 1035 5274 dare.
1092 5227 1161 5264 an
1218 5211 1459 5265 humano
1508 5228 1657 5267 more
1693 5215 1744 5267 itt
1793 5215 2158 5269 calamitatem
2186 5232 2308 5283 pro-

732 5304 952 5373 lapsus,
1017 5304 1273 5371 quoniam
1322 5313 1557 5357 vestram
1617 5306 2009 5361 reformidabat
2069 5319 2308 5376 potesta-

731 5407 875 5460 tent,
927 5396 992 5449 ad
1063 5396 1154 5449 Dei
1237 5400 1499 5467 templum
1567 5400 1696 5452 illud
1766 5402 1910 5469 quod
1958 5402 2307 5455 Christianus

730 5488 965 5557 quisque
1001 5488 1243 5542 universi
1294 5496 1441 5545 orbis
1472 5493 1692 5545 oculqu
1736 5509 1859 5547 esse
1905 5496 2218 5559 confitetur,
2254 5496 2306 5548 in

732 5594 843 5648 quo
889 5594 1009 5643 nos,
1052 5581 1155 5635 etsi
1191 5584 1433 5647 inutiles,
1482 5584 1567 5637 die
1598 5599 1659 5638 ac
1715 5596 1871 5639 nocte
1906 5586 2305 5655 ministramus,

728 5673 1010 5744 confugit;
1079 5676 1209 5745 qui,
1308 5677 1440 5730 dum
1520 5678 1927 5733 inexorabiliter
1996 5696 2027 5736 e
2106 5685 2308 5753 templo

731 5778 1039 5837 raperetur,
1069 5781 1318 5823 sanctum
1347 5771 1789 5840 pmpitiatorium
1840 5775 2149 5841 invocabat,
2200 5792 2305 5831 nec

731 5875 840 5915 non
891 5870 944 5915 et
988 5861 1246 5919 omnibus
1293 5859 1620 5925 Christianis
1664 5866 1899 5922 debitam
1952 5867 2045 5924 Dei
2091 5870 2303 5939 templis

2496 5126 2824 5197 ’Ἄνθρωπός
2849 5142 2927 5186 τις
2958 5124 3058 5176 οὑκ
3088 5119 3207 5175 οἶδα
3249 5123 3459 5183 δίκαιος
3497 5121 3571 5174 ὣν
3604 5123 3864 5191 ὑποσχεῖν
3913 5144 3999 5178 τι-

2420 5221 2658 5291 μωρίαν,
2697 5221 2799 5272 οὑκ
2829 5215 2947 5270 οἶδα
2978 5210 3069 5269 οἷα
3098 5217 3169 5267 τα
3194 5213 3518 5284 ἀνθρώπινα
3549 5218 3629 5277 εἰς
3660 5219 3997 5284 περίστασιν

2417 5312 2699 5380 ἐμπεσὼν,
2729 5311 2914 5364 ἕνεκεν
2954 5310 3049 5361 τοῦ
3078 5311 3368 5377 φοὸεῖσθαι
3410 5310 3507 5380 τὴν
3534 5310 3689 5378 ὑμῶν
3716 5310 3995 5377 ἐξουσίαν,

2416 5406 2495 5473 τῷ
2532 5404 2646 5473 ναῷ
2676 5407 2770 5458 τοῦ
2798 5405 2958 5470 Θεοῦ,
2991 5405 3051 5457 ὃν
3084 5409 3190 5469 πᾶς
3227 5406 3489 5474 ὁμολογεῖ
3534 5406 3864 5474 Χριστιανὸς
3891 5407 3995 5474 ὀφ-

2419 5497 2625 5567 θαλμὸν
2654 5493 2797 5551 εἶναι
2844 5498 2947 5565 τῆς
3002 5500 3328 5567 οἰκουμένης
3362 5501 3808 5567 προσπεφευγεν,
3851 5501 3910 5551 ὲν
3949 5495 3999 5567 ᾦ

2415 5592 2599 5659 ἡμεῖς,
2639 5590 2807 5643 είκαὶ
2856 5593 3070 5660 ἀχρεῖοι
3111 5592 3286 5645 νύκτα
3348 5595 3441 5643 καὶ
3495 5594 3713 5662 ἡμέραν
3756 5594 3855 5664 τὴν
3894 5594 3999 5647 λα-

2415 5682 2603 5752 τρείαν
2634 5684 3046 5754 προσφέρομεν·
3077 5681 3234 5747 οὗτος
3253 5685 3441 5754 ἐπειδὴ
3461 5687 3851 5756 ἀπαραιτήτως
3875 5688 3996 5740 εἵλ·

2418 5792 2543 5827 κετο
2568 5774 2663 5828 τοῦ
2698 5776 2847 5841 ναοῦ,
2896 5778 3064 5830 πολλὰ
3106 5779 3168 5829 τό
3222 5795 3281 5830 τε
3318 5780 3473 5845 ἆγιον
3514 5780 3826 5852 ἱλαστήριον
3874 5784 4003 5835 επι-

2416 5868 2718 5939 ϐοὼμενος,
2747 5873 2841 5925 καὶ
2892 5872 2992 5942 τὴν
3026 5871 3223 5934 κοινῶς
3264 5875 3399 5926 πᾶσι
3451 5874 3799 5945 Χριστιανοὶς
3837 5875 3995 5943 ὀφειο
