4158 6430
694 380 757 441 ιτ
1822 382 2130 443 NICOLAI
2171 383 2282 447 cr.
2320 384 2835 447 PATRIARCM}
3885 404 3961 468 is

694 497 1307 570 dederuntiniquitales
1338 506 1563 562 nostrai,
1594 506 1743 553 utea
1802 498 1871 552 de
1924 509 1975 554 te
2031 500 2266 555 audieri-

2379 501 2543 569 ἔοικε,
2613 506 2978 575 περιέστησαν
3035 503 3179 578 ἡμᾶς
3232 510 3291 565 αί
3345 514 3608 586 ἁμαρτίαι
3662 518 3821 588 ἡμῶν
3867 524 3959 578 ἵνα

683 605 817 644 mus
846 600 1229 661 quapropter
1270 591 1575 646 scribendae
1609 590 1735 645 huic
1788 603 1995 649 nostra
2031 594 2275 664 epistolae

672 682 1002 743 inserviunt
1038 683 1316 751 lacrymm.
1385 681 1555 738 Parce
1600 682 1781 743 nobis.
1833 683 2083 749 Domine,
2128 684 2272 742 Deus

687 783 897 837 noster.
929 786 981 830 et
1026 789 1092 828 ne
1126 774 1410 843 permittas
1442 775 1495 829 in
1559 774 1755 832 diebus
1808 786 2009 832 nostra:
2050 776 2270 832 humili-

688 869 815 923 tatis
845 877 898 923 et
928 867 1266 938 indignitatis
1312 867 1437 920 talia
1465 881 1495 921 a
1522 868 1765 939 maligno
1803 869 1920 924 fleri
1958 884 2081 939 qua:
2109 884 2139 925 a
2167 885 2271 927 ste-

685 960 811 1012 rttlo
840 972 948 1012 non
978 960 1275 1015 cessabunt
1304 960 1527 1015 odiosos
1555 971 1609 1016 et
1661 960 1892 1016 infames
1918 962 1972 1015 in
2014 963 2272 1018 universo

682 1051 814 1106 orbe
838 1050 1058 1107 efficere
1088 1063 1362 1108 tantorum
1402 1051 1706 1110 facinorum
1729 1065 2011 1111 auctores;
2026 1054 2132 1111 Sed
2159 1073 2270 1126 quo

681 1144 1492 1201 declinatscrmomeus?aut
1532 1162 1633 1201 cur
1687 1148 1869 1201 tardat
1910 1148 2024 1202 tibi
2086 1158 2271 1218 aperte

682 1236 869 1291 dicere
897 1235 1096 1289 famam
1127 1236 1274 1289 illam
1321 1234 1446 1302 Deo,
1510 1237 1789 1303 odihilem,
1845 1239 2270 1310 hominibusque

679 1328 1087 1382 aversandam?
1120 1327 1441 1385 Nuntiatum
1475 1331 1676 1400 quippe
1714 1332 1873 1388 nobis
1898 1342 1982 1387 est
2032 1333 2269 1402 pruden-

681 1428 811 1480 tem,
851 1417 1180 1487 sapientem,
1218 1421 1876 1492 christianissimumque,
1908 1424 2000 1493 qui
2026 1425 2264 1480 multum

677 1506 874 1562 flevisti
952 1508 1240 1564 nefandam
1299 1512 1446 1565 illam
1522 1513 1927 1583 expeditionem
2004 1516 2268 1573 adversus

678 1598 1028 1654 tlhristianos
1059 1610 1398 1671 susceptam,
1429 1604 1602 1673 pejori
1652 1607 1817 1661 modo
1850 1617 1906 1663 et
1944 1607 2055 1663 Deo
2092 1611 2266 1680 magis

678 1689 856 1743 invisa
886 1700 935 1744 to
973 1692 1108 1747 velle
1156 1693 1305 1747 illam
1376 1710 1640 1766 superare
1704 1699 1756 1751 in
1819 1700 2003 1753 animo
2056 1692 2266 1756 scilicbt

676 1780 963 1835 habentem
999 1798 1152 1839 more
1188 1797 1544 1857 tyrannorum
1588 1790 1771 1843 invehi
1834 1799 1889 1845 et
1946 1793 2156 1846 irruere
2209 1793 2261 1847 in

2378 595 2635 652 τοιαύτας
2667 599 2795 675 περὶ
2829 599 2922 651 σοῦ
2971 601 3299 672 ἀκούσωμεν
3330 606 3609 675 ἀγγελίας,
3648 610 3705 664 αῖ
3734 611 3792 668 τὸ
3822 614 3964 684 ήμέ-

2373 700 2536 755 τερον
2569 687 2705 757 πρὸς
2755 690 2815 741 σὲ
2854 691 3087 762 γράμμα
3118 694 3187 747 τά
3234 694 3445 766 δάκρυα
3500 700 3713 766 ἕξουσιν
3749 703 3962 776 ὁπουρο

2372 776 2576 844 γοῦντα
2615 779 2753 850 πρὸς
2805 785 2903 852 τὴν
2934 787 3174 856 γραφήν.
3214 787 3404 840 Φεῖσαι
3472 792 3654 858 ήμῶν,
3698 795 3871 864 Κύριε
3932 798 3963 848 ὁ

2372 868 2507 934 θεὸς
2541 871 2719 941 Wa”,
2758 876 2851 926 καὶ
2915 878 2994 948 μὴ
3031 882 3440 951 παραχωρήσῃς
3482 882 3542 934 ἐν
3588 885 3826 956 ἡμέραις
3858 888 3963 955 τῆς

2371 963 2765 1032 ταπεινότητος
2789 967 2946 1037 ήμῶν
2975 970 3071 1023 καὶ
3097 972 3446 1043 ἀναξιότητος
3497 974 3593 1027 τοῦ
3647 978 3741 1031 σοῦ
3770 979 3961 1033 θυσια-

2374 1057 2598 1127 στηρίου
2633 1059 2857 1111 τοιαῦτα
2886 1061 3246 1136 ἐνεργηθῆναι
3270 1067 3373 1120 ὑπο
3390 1067 3482 1121 τοῦ
3504 1070 3741 1137 πονηροῦ
3780 1074 3963 1140 πράγ-

2374 1165 2544 1218 ματα,
2583 1148 2620 1203 ἃ
2662 1149 2736 1221 μὴ
2766 1150 3029 1221 διαλείψει
3064 1158 3242 1210 πάντα
3298 1158 3469 1211 αἰῶνα
3523 1162 3807 1230 μεμπτοῦς
3858 1168 3957 1215 καὶ

2368 1240 2770 1308 ὲπονειδίστους
2829 1246 2991 1299 παντὶ
3047 1247 3125 1318 τῷ
3173 1250 3366 1321 κόσμῳ
3422 1257 3596 1307 ποιεῖν
3621 1256 3742 1318 τοῦς
3784 1253 3958 1308 ταῦτα

2372 1331 2638 1402 πράττειν
2673 1337 3048 1406 ὁρμήσαντας.
3076 1338 3238 1394 Ἀλλά
3278 1344 3454 1413 ¹μέχρι
3508 1346 3648 1408 τίνος
3677 1347 3867 1416 φεύγει
3926 1352 3956 1402 ὁ

2368 1423 2526 1494 λόγος
2556 1426 2653 1478 καὶ
2680 1428 3046 1485 ἀναϐάλλεται
3086 1432 3184 1503 τὴν
3236 1438 3483 1504 πονηρὰν
3515 1437 3797 1505 ἀγγελίαν,
3858 1444 3957 1495 καί

2368 1516 2489 1589 Θεῷ
2516 1521 2750 1593 μισητὴν
2784 1525 2877 1575 καὶ
2922 1524 3234 1594 ἀνθρώποις
3272 1532 3641 1600 ἀποτρίὲπαιον
3684 1534 3954 1601 ἐμφανῶς

2370 1627 2450 1663 σοι
2485 1612 2701 1680 λέγεινς
2760 1616 3121 1686 Ἀνήγγειλαν
3161 1621 3313 1688 ἡμῖν,
3357 1624 3431 1681 ώς
3490 1627 3517 1677 ὁ
3573 1625 3854 1695 φρόνιμος,
3924 1631 3956 1681 ὁ

2369 1703 2762 1771 συνετώτατος,
2801 1709 2828 1758 δ
2890 1712 3431 1779 χριστιανικώτατος,
3475 1717 3501 1766 ὁ
3555 1717 3723 1769 πολλὰ
3784 1737 3953 1788 μετα-

2368 1797 2739 1867 κλαυσάμενος
2794 1802 2893 1870 τὴν
2948 1804 3191 1870 πονηρὰν
3226 1804 3442 1873 ἐκείνην
3501 1807 3859 1877 ἐκστρατείαν
3884 1814 3955 1879 ἦν

677 1872 969 1939 infantem,
1008 1877 1059 1930 in
1090 1880 1394 1949 orphannm
1445 1882 1537 1949 qui
1587 1882 1737 1936 nulla
1774 1894 1831 1939 te
1878 1886 2076 1955 injuria
2133 1886 2266 1942 affe-

2379 1893 2621 1962 ἐποιήσω
2652 1895 2791 1949 κατά
2820 1895 3187 1963 Χριστιανῶν,
3236 1899 3329 1950 νῦν
3386 1899 3545 1952 πάλιν
3597 1901 3799 1972 χείρονι
3853 1904 3953 1955 ἐκ-

676 1969 772 2033 ('il,
791 1968 958 2038 quite
979 1970 1165 2025 dolore
1195 1971 1420 2026 minime
1453 1974 1587 2029 laesit
1612 1977 1667 2029 in
1687 1974 2019 2031 infantulum
2044 1991 2221 2047 regem
2247 1992 2259 2037 ;

677 2075 858 2130 neque
884 2062 1199 2132 tyrannidis
1228 2065 1444 2120 ratione
1472 2068 1845 2132 considerata,
1907 2067 2053 2136 quod
2112 2067 2264 2122 scili-

674 2154 916 2221 ectapud
944 2152 1109 2207 Deum
1143 2163 1197 2209 et
1231 2155 1483 2211 homines
1502 2156 1571 2211 sit
1594 2157 1829 2212 scelesta
1848 2173 1861 2210 :
1883 2172 2044 2227 quem
2062 2158 2262 2211 etenim

679 2245 821 2313 fugit
847 2244 1023 2298 Deum
1051 2245 1241 2300 odisse
1280 2248 1625 2318 tyrannidem
1653 2258 1709 2304 et
1740 2250 1996 2304 homines
2052 2265 2266 2320 semper

675 2337 1000 2393 t-alnmniari
1069 2347 1336 2411 tyrannos
1369 2351 1630 2412 tanquam
1691 2330 2016 2397 communes
2042 2342 2266 2411 pestes?

674 2431 779 2484 Sed
810 2445 988 2500 neque
1026 2430 1118 2485 illa
1147 2432 1200 2489 in
1252 2441 1431 2487 mente
1484 2436 1797 2504 reposuiati,
1845 2449 2022 2503 neque
2085 2434 2263 2490 Patris

676 2522 1051 2592 urplianorum
1079 2538 1140 2577 es
1181 2524 1502 2577 recordatus
1542 2526 1899 2595 quiinjurias
1924 2528 2089 2580 etiam
2137 2527 2260 2580 cui-

674 2629 891 2684 t;unque
921 2616 1171 2684 orphano
1201 2616 1381 2671 illatas
1414 2617 1528 2671 odit
1559 2626 1611 2671 et
1649 2627 1966 2672 exsecratur
1991 2628 2042 2672 et
2081 2619 2261 2688 impu-

676 2709 844 2762 niiam
880 2725 988 2763 non
1022 2710 1266 2777 dimittit,
1306 2712 1504 2764 nedum
1549 2712 1660 2780 regi
1713 2727 1873 2780 quem
1913 2712 2029 2780 ipse
2062 2713 2261 2781 sceptri

675 2818 788 2855 sua:
826 2803 1161 2858 hmreditatis
1199 2805 1477 2858 constituit
1524 2804 1821 2872 principem
1850 2812 1904 2857 et
1936 2804 2251 2869 dominum,

676 2896 853 2963 pinnis
880 2909 1017 2964 quas
1050 2896 1317 2962 sancivit;
1350 2912 1525 2966 neque
1542 2896 1917 2950 communium
1948 2896 2260 2966 pactionum

677 2988 914 3043 habuisti
978 2992 1246 3043 rationem
1340 2990 1540 3058 quibus
1609 3004 1675 3043 ex
1750 3004 1860 3058 quo
1931 2988 1997 3041 ad
2086 2988 2264 3057 bapti-

676 3096 856 3134 smum
886 3083 1220 3143 accessistis,
1254 3096 1358 3151 pax
1386 3080 1665 3135 licinanos
1696 3082 1837 3134 inter
1891 3092 1945 3133 et
1998 3078 2265 3149 Bulgaros

676 3173 994 3238 intervenit,
1044 3190 1146 3229 nec
1187 3178 1553 3245 posteriorum
1603 3190 1741 3245 quas
1793 3189 1823 3227 a
1871 3173 2046 3242 teipso
2088 3172 2267 3226 factas

676 3266 1049 3321 sanctissimis
1075 3266 1408 3335 iuramentis
1431 3267 1747 3320 munierunt
1776 3277 1831 3320 et
1870 3267 2065 3320 robora
2076 3275 2267 3320 verunt

674 3360 769 3427 qui
803 3358 1061 3413 violatam
1089 3374 1374 3430 perperam
1398 3362 1637 3429 priorem
1674 3374 1866 3427 pacem
1906 3360 2088 3412 denuo
2146 3368 2262 3412 sta-

674 3452 995 3507 bilivcrttnt.

2369 1986 2632 2055 στρατεία
2686 1988 2777 2036 καὶ
2811 1984 2930 2054 Θεῷ
2973 1987 3301 2057 μισητοτὲρα
3330 1988 3545 2059 ἐκείνην
3574 1993 3953 2063 ἀποκρύπτειν

2369 2075 2709 2144 ἐπιχειρεῖς,
2800 2074 3016 2144 κινῆσαι
3089 2078 3410 2146 βουλόμενις
3514 2083 3608 2133 καὶ
3704 2100 3954 2151 τυραννι-

2372 2166 2479 2228 κῶς
2568 2166 2819 2219 ἐπελθεῖν
2913 2168 3056 2220 κατά
3145 2168 3241 2221 τοῦ
3330 2171 3496 2238 μηδὲν
3570 2173 3950 2244 ἀδικήσαντος,

2367 2259 2510 2312 κατὰ
2618 2260 2707 2312 τοῦ
2823 2261 2989 2331 μηδὲν
3082 2260 3217 2324 ὅλως
3309 2262 3649 2334 λυπήσανεος
3749 2271 3948 2337 νηπίου

2367 2353 2463 2404 καὶ
2513 2352 2794 2421 ὀρφανοῦ,
2864 2353 2953 2405 καὶ
3004 2352 3193 2413 παιδὸς
3268 2355 3533 2424 βασιλέως
3567 2398 3579 2418 ,
3645 2356 3767 2411 οὔτε
3845 2361 3950 2429 τῆς

2365 2443 2677 2511 τυραννίδος
2716 2443 2927 2496 ἔννοιαν
2998 2442 3196 2507 λαϐὼν,
3228 2445 3302 2507 ὠς
3354 2447 3584 2518 βδελυρά
3622 2451 3770 2519 παρά
3825 2451 3947 2521 θεῴ

2365 2532 2461 2584 καὶ
2489 2532 2820 2603 ἀνθρώποις.
2853 2536 2949 2598 Τίς
2975 2536 3082 2606 γὰρ
3113 2538 3212 2587 οὐκ
3243 2534 3385 2591 οἶδεν
3419 2542 3502 2591 ὅτι
3539 2543 3629 2592 καὶ
3675 2542 3802 2605 θεὸς
3850 2561 3947 2596 τυ-

2368 2622 2589 2691 ραννίδα
2625 2624 2924 2693 μεμίσηκε,
2958 2623 3053 2677 καὶ
3100 2624 3374 2695 ἄνθρωποι
3423 2629 3516 2680 τὸν
3554 2630 3725 2683 αἰῶνα
3767 2633 3946 2686 πάντα

2364 2714 2491 2776 τοὺς
2518 2716 2815 2786 τυράννους
2857 2717 2931 2779 ώς
2953 2719 3165 2782 κοινοὺς
3190 2721 3495 2792 ἀλάστορας
3526 2723 3945 2794 διαδάλλουσινς

2364 2805 2529 2858 Ἀλλά
2568 2809 2677 2877 γὰρ
2739 2808 2863 2861 οὔτε
2897 2810 3075 2863 ταῦτα
3129 2814 3209 2875 είς
3242 2815 3451 2869 ἔννοιαν
3501 2816 3623 2869 ἔθου
3649 2858 3663 2879 ,
3709 2818 3829 2871 οὔτε
3854 2821 3951 2874 τὸν

2366 2898 2589 2970 Πατέρα
2618 2901 2727 2954 τῶν
2775 2903 3027 2973 ὀρςανῶν
3058 2903 3425 2975 ἐνεθυμήθης,
3467 2908 3524 2971 ὃς
3554 2910 3649 2962 καὶ
3679 2914 3774 2981 τὴν
3804 2916 3952 2967 κατά

2366 2989 2460 3042 τοῦ
2496 2992 2750 3061 τυχόντος
2778 2995 3018 3062 ὀρφανοῦ
3062 2996 3277 3049 ἀδικίαν
3301 2999 3651 3070 δυσχεραίνει
3692 3004 3786 3055 καὶ
3829 3005 3955 3070 βδε-

2368 3080 2653 3148 λύσσεται,
2697 3084 2793 3136 καὶ
2854 3085 3205 3156 ἀτιμώρητον
3258 3088 3358 3141 οὐκ
3392 3093 3475 3161 ἐᾷ,
3534 3092 3608 3161 μὴ
3643 3095 3723 3146 ὅτι
3753 3112 3815 3159 γε
3848 3100 3955 3166 τὴν

2374 3174 2517 3226 κατά
2551 3174 2837 3242 βασιλέως,
2878 3176 2936 3228 ὃν
2985 3177 3146 3240 αὐτὸς
3189 3180 3453 3248 κρίμασιν
3496 3178 3576 3244 οἷς
3632 3185 3950 3247 ἐδικαίωσε,

2374 3263 2480 3317 τῶν
2516 3266 2811 3336 σκήπτρων
2866 3266 2969 3336 τῆς
3029 3267 3195 3321 αὑτοῦ
3234 3269 3597 3341 κληρονομίας
3646 3278 3955 3345 κατέστησε

2368 3358 2640 3426 δεσπότην
2671 3360 2766 3409 καὶ
2792 3358 3002 3428 κύριον.
3070 3361 3213 3413 Ἀλλ’
3258 3362 3377 3413 οὐδὲ
3413 3363 3520 3414 τῶν
3559 3366 3751 3416 κοινῶν
3805 3383 3956 3434 συμ-

2366 3450 2833 3519 φώνωνμὲποιήσω
2860 3450 3046 3519 λόγον,
3075 3452 3111 3505 ἃ
3136 3453 3233 3523 τὴν
3258 3456 3484 3525 εἰρήνην
3528 3456 3585 3519 ἐξ
3631 3459 3825 3526 ἀρχῆς.
3855 3460 3955 3527 ἀφ’

672 3547 735 3603 οὗ
761 3550 839 3620 τῷ
882 3548 1218 3618 βαπτίσματι
1292 3547 1764 3618 προσεληλύθατε,
1811 3545 2103 3618 Ῥωμαίοις
2159 3544 2521 3615 ἐμεσίτευσαν
2590 3545 2683 3597 καὶ
2729 3545 3077 3631 Βουλγάροις·
3116 3548 3235 3601 οὐδὲ
3299 3548 3462 3601 πάλιν
3534 3551 3644 3602 τῶν
3683 3552 3957 3621 Eun-ipim

673 3643 712 3697 ὃ,
736 3641 838 3711 τῆς
869 3640 1089 3712 πρώτης
1119 3639 1302 3703 κακῶς
1328 3639 1722 3711 διαλελυμένης
1783 3640 2033 3711 εἰρήνης,
2053 3639 2133 3701 είς
2205 3637 2604 3704 ἀνακαινισμὺν
2649 3636 3016 3701 καθιστῶντες
3063 3639 3235 3708 αὐτὴν
3265 3640 3369 3691 ὑπὸ
3443 3640 3537 3692 σοῦ
3594 3643 3757 3695 αὺτοῦ
3787 3662 3959 3713 72y.-

677 3735 889 3804 νημένα
950 3734 1133 3805 ὅρκοις
1197 3737 1446 3805 φρικτοῖς
1490 3731 2015 3804 κατησφαλίσθησάν
2063 3748 2123 3785 τε
2156 3732 2252 3785 καὶ
2285 3729 2689 3802 ώχυρώθησαν.

746 3827 888 3893 Quid
916 3835 1001 3881 est
1037 3827 1241 3891 hoc,lili
1269 3824 1380 3879 mi?
1412 3826 1504 3881 ubi
1526 3836 1611 3880 est
1640 3840 1789 3880 nunc
1816 3840 1936 3879 mea
1960 3828 2030 3879 de
2058 3836 2110 3881 te
2147 3824 2265 3893 glo-

675 3920 842 3974 riatio
872 3918 895 3972 'I
928 3918 1017 3972 ubi
1047 3919 1307 3987 praeclara
1337 3917 1434 3971 illa
1450 3932 1573 3987 quae
1596 3917 1663 3971 de
1683 3926 1733 3971 te
1754 3928 1971 3971 nostras
2000 3917 2068 3969 ad
2097 3930 2263 3969 aures

675 4012 806 4068 felix
869 4012 1131 4065 attulerat
1168 4009 1334 4074 fama,
1367 4018 1419 4063 te
1470 4009 1747 4075 videlicet,
1783 4017 2045 4078 tanquam
2080 4024 2111 4063 a
2152 4010 2259 4064 Deo

678 4104 1017 4176 principem,
1079 4102 1309 4166 bonum,
1341 4101 1515 4170 pium,
1544 4099 1776 4169 iustum,
1802 4100 2008 4151 malum
2063 4097 2266 4163 odisse,

675 4196 964 4251 veritatem
996 4192 1245 4263 diligere.
1296 4192 1476 4245 fraudi
1520 4191 1722 4246 bellum
1803 4188 2054 4244 inferre?
2085 4189 2270 4254 Quare

677 4298 862 4344 autem
881 4302 988 4343 non
1006 4285 1522 4348 omnibusdicerem
1542 4291 1809 4354 quantum
1832 4283 1977 4338 bona
1994 4282 2083 4335 illa
2108 4291 2273 4351 atque

682 4381 813 4438 felix
842 4382 988 4436 fama
1022 4394 1108 4433 mc
1131 4379 1326 4432 fecerit
1366 4378 1442 4431 tui
1471 4392 1641 4432 causa
1662 4378 1925 4446 gaudere,
1982 4375 2271 4437 oblectari,

2449 3823 2514 3875 Τί
2538 3823 2715 3887 τοῦτο,
2738 3823 2929 3875 τέκνον
2957 3824 3153 3893 ήμῶν;
3195 3824 3306 3876 Ποῦ
3348 3842 3438 3891 μοι
3470 3826 3530 3878 τὸ
3569 3829 3696 3893 περὶ
3729 3830 3785 3880 σὲ
3810 3833 3959 3884 καύ-

2370 3930 2566 3986 χημα;
2601 3914 2711 3967 Ποῦ
2739 3916 2925 3970 ἐκεῖνα
2954 3918 3023 3970 τά
3055 3916 3220 3982 καλὰ,
3256 3918 3357 3969 ὅσα
3389 3919 3422 3989 ἡ
3454 3918 3636 3990 ἀγαθὴ
3670 3922 3798 3992 περὶ
3851 3925 3957 3976 σοῦ

2368 4009 2615 4077 φέρουσα
2659 4008 2779 4069 ταῖς
2836 4009 3028 4071 ἀκοαῖς
3081 4009 3242 4080 ἡμῶν
3277 4013 3457 4081 φήμη,
3519 4015 3595 4076 ὡς
3625 4017 3653 4067 ὀ
3695 4019 3760 4068 ὲκ
3809 4016 3956 4070 Θεοῦ

2366 4097 2571 4167 ἄρχων,
2596 4098 2819 4165 ἀγαθὸς,
2856 4100 3121 4167 φιλόθεος,
3155 4102 3389 4167 δίκαιος,
3416 4105 3800 4177 μισοπόνηρος,
3821 4110 3962 4175 ἐρα-

2370 4190 2501 4258 στὴς
2562 4190 2844 4260 ἀληθείας,
2894 4193 3157 4261 πολέμιος
3199 4193 3463 4263 ψεύδουςς
3508 4198 3618 4250 Καὶ
3649 4198 3701 4248 τί
3752 4198 3827 4267 μὴ
3867 4199 3962 4251 δεῖ

2336 4283 2503 4334 -καθ’
2528 4282 2760 4337 ἕκαστον
2809 4278 3153 4352 λέγειν,ιὸσα
3212 4290 3513 4356 κομίζουσα
3542 4292 3675 4359 ήμίν
3717 4293 3751 4356 ἠ
3805 4290 3959 4361 καλὴ

2368 4372 2554 4445 ἐκείνη
2592 4375 2686 4427 καὶ⁵
2717 4374 2868 4441 δεξιά
2896 4380 3051 4447 φήμη
3103 4380 3278 4431 ἐποίει
3325 4382 3541 4449 χαίρειν
3579 4381 3672 4431 ἐπὶ
3703 4379 3805 4444 σοὶ,
3856 4383 3958 4435 εὐ-

683 4478 908 4548 gloriari
944 4490 1168 4545 quoque
1196 4490 1261 4529 ac
1283 4476 1397 4530 Deo
1425 4474 1627 4544 gratias
1656 4472 1860 4526 referre
1916 4480 1970 4524 et
2015 4470 2259 4523 omnium

2369 4469 2714 4539 φραίνεσθαι,
2743 4472 3130 4540 σεμνύνεσθαι,
3187 4474 3542 4543 εὐχαριστίαν
3595 4475 3714 4543 Θεῷ
3745 4478 3962 4544 άναφέο

684 4569 961 4640 llegemet
998 4568 1290 4623 Dominum
1316 4566 1623 4638 gloriﬁcare
1667 4562 1840 4618 Deum
1906 4562 2051 4632 quod
2100 4562 2262 4616 talem

683 4662 864 4715 virum
889 4659 1248 4728 Bulgarorum
1289 4661 1438 4731 genti
1474 4668 1642 4728 caput
1672 4667 1727 4711 et
1756 4671 1939 4726 regem
1987 4654 2266 4709 dedisset?

687 4752 777 4806 ubi
810 4768 957 4807 nunc
980 4752 1075 4805 illa
1096 4762 1322 4821 propter
1341 4766 1462 4821 qua:
1491 4758 1654 4804 nocte
1676 4764 1741 4802 ac
1767 4749 1854 4802 die
1883 4761 1982 4816 pro
2004 4756 2053 4799 te
2075 4761 2267 4815 preces

689 4844 892 4916 gaudio
915 4844 1195 4899 exsultans
1219 4840 1589 4908 effundebant,
1620 4840 1845 4895 humilis
1872 4840 1999 4893 licet
2023 4849 2076 4892 et
2098 4837 2266 4891 inuti-

686 4942 754 4995 lis
782 4939 973 4994 altaris
1000 4939 1271 5002 minister,
1312 4954 1380 4995 ne
1414 4953 1659 5008 unquam
1694 4952 1847 4993 tuum
1884 4950 2071 4990 semen
2134 4930 2264 4985 Bul-

686 5046 942 5103 garornm
978 5032 1122 5102 genti
1149 5034 1420 5099 imperare
1447 5042 1690 5087 cessaret
1758 5020 1936 5099 neque
1982 5026 2270 5097 pra-clara-

685 5142 809 5181 rtnn
838 5135 1054 5179 tuarum
1077 5125 1289 5180 dotium
1328 5125 1707 5180 htereditatem
1744 5125 1826 5178 tui
1862 5124 2068 5194 posteri
2103 5122 2267 5175 amit-

686 5216 912 5274 terent?
963 5219 1052 5271 ubi
1079 5216 1155 5271 illi
1214 5217 1426 5285 pulchri
1489 5226 1544 5269 et
1604 5217 1882 5269 mirabiles
1935 5212 2270 5269 sermones?

690 5311 833 5366 unde
865 5320 1047 5364 autem
1090 5308 1523 5372 haeccontraria,
1557 5306 2005 5377 tristia,Deoque
2049 5318 2103 5359 et
2167 5306 2268 5358 ho-

692 5402 933 5457 minibus
971 5401 1218 5467 odibilia,
1253 5396 1375 5472 quae
1411 5414 1500 5456 me
1529 5402 1856 5456 erubescere
1886 5408 2113 5469 cogunt,
2146 5413 2269 5468 quae

691 5494 827 5550 mihi
851 5495 1119 5563 laerymas
1163 5494 1374 5549 faciunt
1409 5509 1607 5564 panem
1636 5493 1660 5547 ?
1692 5493 1814 5563 quis
1845 5496 2075 5556 etenim,
2098 5508 2165 5547 ne
2186 5493 2268 5547 di-

691 5602 812 5642 ram
841 5585 1091 5655 diligens,
1123 5589 1408 5655 sicutego,
1444 5596 1590 5639 tuam
1642 5586 1922 5651 virtutem,
1966 5583 2064 5638 sed
2088 5584 2269 5650 quivis

688 5678 957 5750 justitiam
985 5680 1290 5741 attendens,
1339 5678 1557 5731 taliaile
1589 5688 1640 5731 te
1692 5676 1911 5733 audiret
1970 5685 2026 5731 et
2084 5676 2269 5737 animo

694 5783 1299 5837 noncensternaretur,
1361 5788 1468 5826 non
1534 5771 1757 5827 tristitia
1832 5771 2270 5841 perfunderetur,

2371 4577 2509 4631 ρειν,
2545 4561 2791 4628 δοξάζειν
2819 4564 2913 4615 τὸν
2942 4564 3049 4615 τῶν
3092 4564 3230 4617 ὅλων
3262 4566 3501 4634 ἄρχοντα
3546 4570 3641 4619 καὶ
3669 4568 3803 4621 Θεὸν
3852 4570 3961 4622 καὶ

2368 4655 2667 4725 Δεσπότην,
2693 4656 2776 4708 ὅτι
2802 4656 3047 4710 τοιοῦτον
3079 4656 3252 4728 ἄνδρα
3278 4658 3356 4728 τῷ
3387 4659 3535 4726 γένει
3564 4660 3674 4711 τῶν
3710 4660 3963 4727 Βουλγὰ-

2371 4762 2480 4814 ρων
2509 4747 2751 4818 κεφαλὴν
2780 4748 2875 4801 καὶ
2898 4749 3139 4818 ἄρχοντα
3170 4750 3339 4801 ἔδωκε
3370 4767 3384 4815 ;
3414 4751 3516 4802 ποῦ
3544 4750 3739 4816 ταῦτα,
3780 4751 3847 4803 δι’
3873 4746 3961 4806 ὧν

2369 4840 2464 4891 καὶ
2515 4839 2672 4891 νυκτὶ
2706 4840 2802 4891 καὶ
2831 4839 3017 4910 ήμέρα
3046 4840 3255 4910 χαίρων
3287 4841 3382 4895 ἐπὶ
3416 4842 3498 4895 σοι
3533 4842 3697 4913 εὑχάς
3752 4844 3958 4912 ἀνέφε-

2374 4946 2486 4999 ρον,
2526 4932 2575 4983 εί
2604 4932 2699 4981 καὶ
2748 4931 3031 4992 ταπεινὸς,
3074 4933 3123 4983 εί
3153 4933 3248 4984 καὶ
3288 4932 3511 5002 ἀχρεῖος
3540 4933 3633 4985 τοῦ
3682 4934 3835 5002 ἁγίου
3860 4935 3965 4987 θυε-

2372 5023 2694 5093 σιαστηρίου
2728 5024 3107 5097 παραστάτης,
3148 5026 3223 5093 μὴ
3252 5025 3529 5078 ἐπιλιπεῖν
3557 5025 3616 5077 τὸ
3650 5025 3740 5078 σὺν
3782 5027 3929 5091 σπέρ

2375 5132 2453 5186 μα
2486 5116 2616 5168 ποτὲ
2650 5115 2742 5168 τοῦ
2776 5117 2965 5187 ἄρχειν
2992 5117 3102 5169 τῶν
3128 5116 3455 5188 Βλυλγάρων
3476 5116 3569 5170 τοῦ
3597 5116 3805 5182 ἔθνους,
3850 5134 3968 5187 μη-

2373 5207 2432 5260 δὲ
2462 5208 2560 5278 τῆς
2600 5208 2968 5277 κληρονομίας
2997 5208 3108 5260 τῶν
3140 5207 3245 5259 σῶν
3280 5207 3724 5280 κατορθωμάτων
3767 5209 3836 5262 τά
3884 5212 3967 5264 σὰ

2375 5302 2632 5353 ἐκπεσεῖν
2672 5302 2875 5367 τέχνας
2905 5299 3015 5354 Ποῦ
3047 5317 3139 5371 μοι
3180 5303 3364 5354 ἐκεῖνα
3397 5303 3466 5354 τὰ
3495 5302 3636 5354 καλά
3662 5302 3757 5354 καὶ
3780 5307 3968 5374 σεμνά

2375 5394 2736 5465 διηγήματας
2768 5395 2933 5448 πόθεν
2986 5394 3046 5448 δὲ
3094 5394 3269 5449 ταῦτα
3306 5396 3377 5449 τὰ
3408 5398 3650 5459 ἐναντία,
3709 5397 3777 5448 τὰ
3824 5412 3969 5446 σκυ-

2378 5485 2595 5556 θρωπὰ,
2633 5488 2702 5539 τά
2743 5488 3095 5558 μεμισημένα
3136 5488 3255 5558 Θεῷ
3288 5490 3381 5540 καὶ
3412 5485 3740 5559 ἀνθρώποις,
3781 5488 3849 5539 τά
3877 5488 3966 5549 εἰς

2376 5580 2641 5652 αἰσχύνην
2673 5582 2980 5652 ἀπάγοντα,
3029 5585 3100 5636 τά
3132 5581 3395 5636 ποιοῦντά
3429 5601 3521 5653 μοι
3554 5582 3719 5652 ἄρτον
3746 5589 3816 5634 τά
3848 5583 3970 5651 ἐμὰ.

2375 5673 2586 5746 δάκρυα
2614 5690 2629 5739 ;
2658 5676 2753 5739 Τίς
2784 5677 2895 5747 γὰρ
2918 5678 2992 5747 μὴ
3027 5677 3109 5730 ὅτι
3143 5694 3229 5743 γε,
3261 5677 3340 5740 ὡς
3379 5675 3491 5745 ἐγὼ
3521 5676 3619 5746 τὴν
3640 5677 3741 5747 σὴν
3790 5675 3966 5744 cpth-

2380 5787 2477 5835 σας
2509 5772 2605 5825 καὶ
2636 5770 2806 5840 φιλῶν
2838 5772 3059 5843 ἀρετὴν,
3085 5771 3223 5826 ἀλλά
3262 5773 3357 5825 καὶ
3392 5771 3549 5834 ἄλλος
3572 5771 3754 5825 δίκαια
3808 5768 3967 5836 λογι-
