4158 6430
180 381 220 438 u
755 448 787 462 ,δ
1532 371 1939 432 ΕΡΙΞΤΟΙμΕ.
3309 367 3376 429 an

178 489 352 558 ξάμενος,
391 485 488 536 καὶ
524 484 695 554 χωρὶς
746 470 839 536 τοῦ
876 500 933 536 σε
986 483 1163 551 φιλεῖν
1222 482 1439 536 ἀκούων
1492 483 1689 548 ταῦτα,
1726 494 1766 548 Α
1799 498 1820 534 ιτ

1737 494 1766 548 Α
1799 498 1906 535 nott
1928 491 2247 548 augeretur,
2278 494 2384 534 non
2418 480 2470 533 in
2504 480 2935 555 lacrytnastotns
2966 479 3379 538 effunderetur?

178 583 259 649 οὺχὶ
312 578 599 645 πλήττεται
647 577 746 645 τὴν
818 575 1067 647 καρδίαν.
1157 575 1215 627 οὖ
1276 574 1684 645 σκυθρωπάζειν
1800 573 1820 627 1

1800 572 2004 643 Εοῳιίι]
2044 587 2281 642 namque
2309 572 2626 627 hominibus
2662 573 2833 641 magis
2869 570 3212 626 dolendum?
3244 571 3374 641 quid

178 674 245 724 ιὺιι
266 669 479 731 ἀνιᾶται,
520 668 621 737 οὐχ
646 667 765 729 ὅλος
797 667 1007 735 γίνεται
1039 666 1145 719 τῶν
1175 666 1461 737 δακρύων;
1499 666 1564 720 Τί
1586 666 1695 737 γὰρ
1797 682 1820 720 s

1797 665 2063 735 siquidem
2083 663 2209 719 ﬂetu
2229 664 2447 734 dignius
2463 680 2629 733 quam
2658 663 2835 719 virum
2857 664 3042 717 virtuti
3066 662 3372 726 addictum,

181 759 532 830 ὲτωδυνώτερον
585 758 937 826 ἀνθρώποιςς
972 758 1039 811 Τί
1068 759 1125 813 δὲ
1153 759 1356 827 μᾶλλον
1396 757 1696 827 ἀξιώτερον
1800 775 1823 812 ll

1800 757 2025 812 nomine
2052 765 2256 812 aeterno
2288 756 2614 826 gaudentem
2644 766 2699 811 et
2752 755 3065 824 exemplum
3090 756 3193 825 pia:
3254 756 3380 809 vitae

180 852 428 925 θρηνεῖσθαι
462 850 557 905 τοῦ
598 850 886 921 ἄνθρωπον
921 852 979 904 ἐν
1004 852 1173 923 ἀρετῇ
1230 851 1512 921 διανοητὸν
1541 851 1691 916 ὄντα,
1797 866 1822 905 c

1797 850 2092 905 coaetaneis
2136 858 2191 904 et
2242 849 2601 920 sequentibus
2648 848 3097 919 generationibus
3126 849 3380 903 ell'ectnm

182 947 243 998 καὶ
262 944 496 1013 ὀνόματος
523 941 855 1011 ἀειμνήστου
916 941 1171 1010 τυχόντα,
1235 942 1331 994 καὶ
1376 936 1488 995 οἷον
1517 941 1696 1011 παρά-
1799 958 1824 996 r

1799 941 1977 997 ruisse
2032 942 2214 997 subito
2246 953 2300 996 et
2332 942 2681 995 immutatum
2723 945 2847 997 esse
2880 942 2931 995 in
2966 940 3120 1011 pejus
3148 939 3377 994 ?Ebeul

179 1038 321 1103 δειγμα
335 1033 423 1087 καὶ
439 1035 550 1095 τοῖς
570 1034 691 1086 κατ’
712 1031 877 1084 αὑτὸν
900 1034 994 1087 καὶ
1018 1035 1141 1097 ταῖς
1171 1033 1465 1104 μετέπειτα
1481 1036 1696 1103 γενεαῖς
1798 1046 1821 1087 0

1798 1046 1830 1087 ο
1865 1047 2012 1087 meas
2063 1032 2449 1086 calamitates!
2500 1048 2534 1084 ο
2589 1044 2742 1084 meos
2811 1046 3078 1085 maerores
3114 1033 3199 1107 lino
3235 1045 3384 1083 meas

180 1100 339 1194 τρόπων
379 1129 475 1181 καὶ
500 1128 617 1199 βίου
651 1128 902 1195 φιλοθέου
934 1100 1251 1197 γενόμενον,
1284 1100 1547 1193 ἐξαίφνης
1574 1123 1699 1178 τοῦ·
1800 1122 1813 1176 i

1800 1122 2141 1186 innumeras,
2178 1132 2235 1176 ut
2282 1123 2517 1188 videtur,
2545 1121 2896 1192 iniquitates!
2948 1136 2981 1174 ο
3041 1100 3240 1198 injdria
3286 1122 3384 1173 bo-

181 1238 247 1272 τον
274 1221 353 1289 μὲν
385 1221 640 1273 ἐκπεσεῖν
687 1222 782 1274 καὶ
820 1219 1273 1290 ἀλλοτριωθῆναι,
1324 1219 1461 1287 πρὸς
1524 1218 1580 1270 δὲ
1626 1219 1696 1271 τά
1802 1230 1823 1266 ll

1802 1213 2013 1267 Inicida:
2044 1213 2113 1267 ab
2136 1213 2297 1267 initio
2353 1210 2559 1267 diaboli
2618 1213 2780 1268 bonis
2842 1227 3060 1282 semper
3114 1212 3292 1268 infesti
3329 1221 3384 1268 ct

179 1314 300 1383 χείρω
322 1312 565 1377 δέξασθαι
622 1315 720 1383 τὴν
772 1313 1163 1383 μετάπτωσινς
1195 1312 1355 1379 Οἴμοι
1388 1310 1496 1363 τῶν
1549 1311 1697 1380 ἐμῶν
1798 1321 1821 1359 c

1798 1305 1979 1359 omnia
2021 1306 2297 1361 molientis
2343 1313 2400 1360 ut
2431 1304 2683 1360 homines
2730 1304 2785 1359 in
2850 1318 3013 1358 omne
3075 1302 3229 1359 nefas
3289 1305 3387 1358 de-

182 1401 441 1471 συμφορῶν,
481 1403 581 1470 τῆς
626 1402 765 1471 ἐμῆς
802 1398 1200 1467 ταλαιπωρίας,
1264 1396 1370 1449 τῶν
1398 1395 1576 1463 ὲμῶν,
1622 1395 1696 1458 ὡς
1800 1394 2020 1450 trudat!

177 1496 327 1561 ἔοικεν,
364 1497 606 1567 ἀπείρων
633 1495 923 1566 ἁμαρτιῶν
955 1496 967 1548 l
998 1492 1103 1547 Φεῦ
1130 1495 1229 1563 τῆς
1259 1494 1525 1564 ἐπηρείας
1558 1491 1651 1545 τοῦ
1676 1490 1734 1556 ἐξ
1765 1491 1943 1563 ἀρχῆς
1968 1492 2380 1562 μισανθρώπου,
2416 1490 2510 1545 τοῦ
2572 1490 2683 1554 τοῖς
2712 1487 2898 1553 καλοῖς
2933 1488 3019 1542 ἀεῖ⁹
3048 1484 3392 1556 διαφθονοῦν-

178 1610 255 1654 τος,
284 1590 358 1643 τοῦ
386 1593 567 1644 πᾶσαν
608 1591 851 1662 ,σπουδὴν
883 1593 1213 1661 ποιουμένου
1266 1589 1360 1644 ἐπὶ
1408 1589 1478 1643 τὰ
1530 1588 1699 1660 χείρω
1735 1589 1862 1650 τοὺς
1895 1587 2215 1658 ἀνθρώπους
2242 1587 2513 1656 ἀπᾶγεινί

234 1681 368 1751 Ἐγὼ,
393 1685 586 1735 τέκνον
620 1683 776 1753 ἐμὸν,
806 1682 867 1735 τὸ
908 1683 1000 1736 σὸν
1038 1681 1248 1752 ἑκάστῃ
1275 1697 1339 1732 τε
1372 1678 1694 1749 ἀναμανθά-
1872 1690 1876 1721 ι

1872 1676 2008 1731 Cum
2045 1677 2289 1747 quotidie
2338 1674 2718 1747 magnanimos
2753 1689 2950 1729 sensus
2983 1681 3105 1727 tuos
3145 1672 3395 1728 audivis-

178 1794 255 1828 νων
279 1775 481 1841 εὐγενὲς
512 1775 684 1846 φρόνη
695 1794 772 1847 μα
795 1776 897 1841 τῆς
926 1774 1129 1844 ψυχῆς,
1158 1773 1255 1826 καὶ
1281 1773 1362 1825 ὅτι
1388 1771 1554 1843 μηδὲν
1584 1771 1703 1824 Ξτε-
1733 1755 1774 1810 Π
1809 1785 1820 1824 ε

1745 1756 1774 1810 Π
1809 1784 1946 1835 sem,
1998 1769 2071 1825 fili
2126 1770 2222 1836 mi,
2279 1768 2487 1839 tibique
2513 1767 2649 1823 nihil
2677 1766 2827 1821 aliud
2875 1780 2996 1820 esse
3029 1780 3177 1819 curae
3221 1780 3387 1834 quant

179 1885 247 1937 ρον
268 1868 387 1920 οὕτω
414 1885 497 1921 σοι
528 1868 996 1930 διασπουδάζεται
1030 1868 1107 1930 ὡς
1140 1865 1201 1919 τδ
1224 1865 1579 1935 παραστῆσαι
1603 1862 1702 1934 τὴν
1809 1872 1821 1916 l

1809 1872 1964 1917 tuum
1990 1860 2280 1930 imperium
2310 1858 2790 1929 irreprehensibile
2815 1870 2867 1912 et
2887 1856 3386 1912 incontaminatttm

181 1960 251 2028 σὴν
275 1960 427 2031 ἀρχὴν
448 1959 826 2032 ἀκατάκριτον
874 1960 968 2013 καὶ
1013 1957 1332 2021 ἀνεύθυνον,
1373 1957 1474 2011 οὐκ
1506 1954 1705 2024 ὀλίγων
1808 1971 1823 2010 ε

1808 1969 2049 2017 servare,
2086 1968 2195 2007 non
2230 1953 2422 2024 paucis
2464 1950 2791 2021 jampridem
2825 1950 3113 2018 praesentia
3144 1965 3390 2003 narran-

178 2053 249 2104 καὶ
271 2028 475 2122 πρξινντά
498 2052 597 2106 νῦν
633 2028 905 2121 λεγόμενα
936 2051 1312 2121 φημιζόντων,
1357 2049 1521 2119 λῆρον
1554 2049 1706 2100 ἐποιο
1810 2054 1820 2099 1

1840 2046 1978 2109 ibus,
2014 2044 2263 2101 delirium
2290 2043 2625 2099 aestimabam
2648 2056 2835 2095 eorum
2861 2054 3166 2104 sermones,
3206 2040 3392 2093 ininti-
3476 2028 3482 2032 ’

178 2141 315 2212 ιύμην
358 2143 478 2205 τοὺς
524 2144 741 2211 λόγους,
788 2146 882 2196 καὶ
922 2142 1152 2211 ἐχθροὺς
1186 2139 1577 2210 ὑπελάμϐανον
1611 2139 1709 2206 τῆς
1811 2155 1820 2188 ι

1811 2152 2015 2206 eosque
2045 2146 2152 2191 tuae
2185 2135 2409 2191 virtutis
2448 2149 2541 2188 eos
2573 2131 2950 2201 conjeclabam
2984 2130 3215 2199 ideoque
3263 2130 3391 2186 talia

180 2234 252 2303 σῆς
277 2235 481 2304 ἀρετῆς,
523 2236 621 2288 καὶ
646 2234 737 2288 διά
769 2234 931 2287 τοῦτο
963 2232 1140 2287 ταῦτα
1170 2232 1501 2299 λογοποιεῖν,
1524 2230 1609 2282 ἵνα
1649 2245 1709 2281 σε
1812 2247 1822 2282 t

1812 2228 2232 2283 disseminantes
2289 2236 2349 2281 ut
2407 2234 2460 2280 te
2508 2223 2991 2294 reprcbensibilem
3051 2231 3390 2288 statuerent;

179 2326 392 2394 μωμητὸν
420 2327 835 2394 καταστήσωσι,
861 2327 954 2377 καὶ
978 2322 1198 2385 πολλοῖς
1222 2321 1523 2390 ἐλεγον,ὠς
1555 2319 1713 2373 01351-
1814 2336 1821 2373 :

1814 2329 1979 2390 atque
2000 2319 2070 2377 ad
2101 2318 2371 2389 plurimos
2416 2316 2665 2372 dicebam
2724 2331 3003 2385 nunquam
3048 2330 3170 2369 esse
3206 2314 3396 2369 istius—

180 2416 269 2484 μώς
302 2419 403 2487 ἔχει
435 2418 623 2490 χώραν
658 2420 692 2489 ἡ
731 2418 960 2487 τοιαύτη
992 2415 1303 2486 κατηγορία
1347 2414 1492 2467 κατὰ
1520 2412 1615 2467 τοῦ
1645 2412 1711 2464 ὲκ
1817 2429 1822 2466 l

1817 2411 1964 2467 modi
2007 2412 2265 2467 adversus
2300 2409 2605 2480 principem
2654 2422 2685 2462 a
2735 2406 2843 2461 Deo
2890 2406 3249 2461 constitutum
3287 2406 3394 2460 cri-

176 2508 282 2561 Θεού
321 2509 597 2581 ἄρχοντος.
650 2509 877 2578 Ἔλεγον
921 2510 1029 2580 γὰρ
1068 2507 1144 2572 ὡς
1193 2507 1485 2577 ἄνθρωπος
1534 2503 1713 2574 τιμῶν
1817 2522 1818 2555 ;

1817 2501 2315 2570 minationiilocnm
2344 2518 2358 2565 ;
2387 2498 2638 2553 dicebam
2672 2496 2938 2567 siquidem
2977 2497 3154 2550 virum
3179 2495 3395 2565 pietatis

177 2601 435 2665 εὐσέϐειαν,
462 2601 693 2673 ἀληθεία
727 2603 958 2672 χαίρων,
988 2598 1340 2668 δικαιοσύνην
1360 2597 1562 2667 τιμῶν,
1594 2595 1713 2649 ὀνό-

1819 2594 2149 2654 studiosum,
2211 2590 2457 2644 veritatis
2489 2597 2786 2649 amantem,
2831 2586 3056 2654 justitiaa
3100 2586 3396 2651 cultorem,

179 2711 317 2759 ματος
349 2694 557 2762 ἀγαθοῦ
602 2697 699 2748 καὶ
741 2694 963 2764 μνήμης
1000 2692 1310 2763 ἐφιέμενος,
1342 2692 1443 2745 οὐκ
1472 2690 1539 2744 ἀν
1584 2705 1716 2741 ποτε

1821 2682 1947 2735 boni
1974 2682 2212 2735 nominis
2241 2678 2511 2749 famaeque
2542 2676 2799 2747 cupidum
2825 2690 2933 2729 non
2962 2690 3121 2745 posse
3146 2674 3394 2747 tyranni-

174 2787 444 2856 npawiaog
472 2785 774 2856 ἐπιθυμίαν
807 2786 939 2852 ἕξει.
981 2784 1463 2856 Ὁγάρτύραννος,
1510 2780 1718 2835 τούτων

1822 2772 1946 2827 dem
1992 2771 2244 2827 affectare
2287 2789 2299 2825 :
2341 2787 2447 2824 non
2492 2770 2637 2826 enim
2681 2780 2944 2840 tyrannus
2983 2784 3044 2822 ea
3092 2768 3394 2837 cupiditate

179 2880 253 2944 μὲν
280 2880 486 2933 πάντων
525 2879 814 2949 ἀλλότριος
863 2878 1146 2949 ὑπάρχων,
1197 2875 1633 2947 πεπληρωμένος
1664 2872 1720 2927 δὲ

1824 2861 2162 2926 accenditur,
2188 2860 2291 2915 nisi
2323 2862 2450 2930 quia
2482 2860 2550 2913 ab
2582 2858 2690 2913 illis
2725 2874 2954 2927 prorsus
2986 2864 3223 2921 alienus,
3258 2872 3393 2912 con-

176 2968 263 3019 τῶν
285 2970 537 3023 ἐναντίων
567 2970 667 3041 τὴν
708 2970 902 3025 ἀθλίαν
933 2969 1135 3040 ψυχὴν,
1175 2968 1312 3038 πρὸς
1347 2965 1554 3037 ταύτην
1586 2966 1720 3018 ἀνα-

1827 2954 2013 3007 trariis
2045 2954 2347 3008 sauciatam
2404 2952 2570 3007 habet
2629 2961 2915 3006 mentem:
2975 2952 3153 3005 omnis
3186 2950 3395 3012 scilicet

176 3061 397 3153 sitirent
417 3064 519 3132 τὴν
541 3062 865 3134 ἐπιθυμίαν.
896 3062 1008 3115 Καὶ
1038 3062 1146 3133 γὰρ
1173 3063 1281 3126 πᾶς
1322 3060 1584 3129 τύραννος
1626 3056 1719 3111 κοιλ⁵
1750 3094 1794 3153 c

1752 3094 1794 3153 ο
1827 3054 2089 3114 tyrannus
2142 3054 2197 3098 et
2252 3043 2508 3107 infidelis,
2563 3051 2618 3097 et
2663 3041 2930 3112 perlldus,
2970 3050 3024 3095 et
3084 3055 3394 3110 perversus,

1836 3144 1874 3153 ,ι
1912 3134 2149 3153 ε-»εΑ-Α.,--
2214 3142 2260 3153 ,ι
2319 3131 2458 3153 ---ΑΔ
2496 3131 2732 3153 -_--.2--___
2774 3140 2928 3153 --__--
2957 3140 3031 3153 Α-.
3082 3129 3174 3153 ne:
3209 3131 3361 3153 ..-Α-ε

174 3151 385 3217 ἄπιστος,
422 3129 517 3208 καὶ
549 3129 819 3224 ψεύστης,
856 3154 951 3208 καὶ
991 3129 1337 3223 παράνομος,
1372 3151 1469 3205 καὶ
1506 3150 1713 3212 ἄδικος,
1751 3129 1794 3153 ν

1751 3129 1794 3153 ν
1827 3144 1881 3189 et
1912 3134 2176 3202 injustus,
2205 3142 2283 3197 et,
2313 3131 2461 3202 quod
2490 3131 2735 3186 omnium
2769 3140 3056 3201 caputest,
3082 3129 3177 3182 Dei
3209 3131 3392 3197 provi.

175 3244 247 3296 ιαί
266 3245 323 3297 τὸ
348 3221 647 3312 κεφάλαιον
663 3221 763 3315 τῆς
788 3247 1011 3308 κακίας,
1044 3221 1119 3315 μὴ
1151 3221 1389 3313 νομίζων
1417 3239 1555 3295 εἶναι
1579 3238 1717 3294 Θεοῦ

1820 3227 2064 3281 dentiam
2098 3241 2204 3280 non
2235 3224 2503 3294 agnoscit,
2539 3238 2716 3292 neque
2750 3223 2989 3277 humana
3022 3221 3143 3290 ejus
3168 3221 3397 3288 imperio

171 3336 421 3404 πρόνοιαν,
452 3337 591 3409 μήθ’
615 3337 720 3391 ὑπὸ
742 3338 839 3407 τῆς
875 3337 1087 3391 ἐκείνου
1117 3334 1357 3407 κρίσεώς
1382 3352 1443 3387 τε
1475 3334 1569 3388 καὶ
1600 3332 1721 3385 νεύ-

1822 3328 1877 3374 et
1905 3319 2060 3389 jussu
2108 3317 2220 3386 regi
2270 3327 2363 3370 aut
2401 3314 2655 3371 distribui
2710 3314 2937 3383 imperia
2975 3322 3029 3367 et
3060 3313 3399 3381 principatus

173 3444 282 3490 σεως
309 3431 373 3483 τὰ
411 3406 739 3500 ἀνθρώπινα
760 3429 1104 3493 διοικεῖσθαι,
1130 3406 1223 3481 καὶ
1243 3428 1420 3498 ἀρχάς
1445 3425 1540 3479 καὶ
1570 3425 1722 3491 ἐξου-

1823 3412 2076 3476 azstimat,
2104 3411 2195 3466 sed
2218 3410 2451 3481 propriae
2474 3408 2699 3463 insaniae
2727 3416 2780 3460 et
2814 3406 3114 3460 inlidelitati
3139 3414 3191 3459 et
3211 3420 3401 3459 sucor-

172 3523 265 3586 sia;
289 3496 653 3593 διανέμεσθαι
678 3527 792 3587 τοῖς
826 3521 1156 3593 ἀνθρώποις,
1192 3496 1497 3594 ἀλλάμόνῃ
1528 3519 1725 3590 τεθάρ-

1824 3504 1926 3556 dia:
1948 3512 2156 3555 tantum
2185 3502 2407 3555 conlidit
2436 3517 2449 3564 ;
2479 3499 2726 3553 dicebam
2774 3499 2839 3551 al
2875 3512 2972 3553 eos
2992 3496 3082 3566 qni
3121 3506 3170 3549 te
3198 3496 3405 3549 calum-

173 3619 313 3684 ρηκεν
338 3619 402 3688 τῇ
444 3588 657 3670 εαυτοῦ
694 3616 865 3686 μανίᾳ
906 3588 1001 3669 καὶ
1039 3614 1293 3684 ἀθεότητι
1332 3588 1426 3666 καὶ
1468 3588 1720 3680 ἀπονοία.

1826 3594 2119 3648 niabantnr
2144 3592 2483 3663 tyrannidem
2503 3590 2784 3645 affectare:
2814 3591 3021 3643 utinam
3052 3588 3199 3641 unita
3220 3590 3408 3640 fierent

172 3680 460 3775 Ἓλεγονηδὲ
497 3708 645 3779 πρὸς
688 3680 815 3770 τοὺς
840 3680 852 3685 ν
886 3707 946 3759 σὲ
983 3680 1368 3767 διαϐάλλοντας
1404 3705 1479 3766 ὡς
1522 3719 1723 3773 τυραν-

1827 3684 2033 3755 perftda
2086 3684 2231 3737 labia
2285 3690 2490 3743 vestra,
2540 3682 2804 3735 adversus
2855 3680 3166 3751 piissimum
3224 3694 3405 3731 meum

170 3770 624 3866 ’.Μ’ὲπιθυμείς,
645 3796 951 3866 ἄνθρωποι,
981 3794 1154 3849 ἀλαλα
1176 3795 1330 3863 ὑμῶν
1360 3794 1446 3863 εἴη
1478 3793 1545 3844 τὰ
1569 3770 1726 3863 χείλη

1829 3780 2025 3842 lilium,
2073 3776 2337 3831 adversus
2369 3775 2479 3829 Deo
2512 3776 2793 3836 dilectum,
2846 3774 3116 3827 adversus
3158 3770 3413 3824 ﬁdelissi-

169 3889 221 3941 τὰ
252 3889 417 3954 δόλια,
450 3863 525 3942 τὰ
591 3863 865 3941 λαλοῦντα
910 3886 1052 3940 κατά
1102 3884 1197 3939 τοῦ
1249 3884 1384 3954 ἐμοῦ
1443 3882 1727 3952 θεοφιλοῦς

1831 3887 2003 3936 mum,
2036 3871 2299 3925 adversus
2321 3869 2532 3939 justum
2561 3881 2817 3937 perversa
2857 3875 2912 3919 et
2945 3866 3150 3933 injusta
3183 3863 3412 3931 loquen-

169 3981 351 4047 τέκνου,
387 3981 540 4036 κατά
572 3979 675 4034 τοῦ
709 3977 1132 4042 εὐσεϐεστάτου,
1164 3977 1304 4030 κατά
1348 3975 1442 4028 τοῦ
1473 3976 1725 4028 πιστοτά·

1831 3966 1967 4020 tium
1997 3983 2011 4029 ;
2047 3977 2223 4033 neque
2254 3962 2345 4016 illa
2382 3972 2616 4023 tantum,
2648 3959 2741 4013 sed
2768 3960 2881 4013 lucc
2904 3958 3108 4012 addens
3138 3974 3152 4011 :
3184 3975 3201 4007 ι
3235 3954 3412 4009 Malus

167 4090 259 4139 του,
303 4046 445 4130 κατὰ
490 4075 597 4129 τοῦ
659 4074 874 4127 δικαίου
915 4071 1149 4141 ἀνομίαν
1190 4070 1286 4123 καὶ
1326 4068 1566 4122 ἀδικίαν.
1618 4068 1730 4121 Καὶ

1833 4057 1998 4110 ltomo
2029 4056 2095 4108 de
2140 4054 2287 4108 malo
2317 4053 2581 4107 thesauro
2630 4051 2810 4104 cordis
2855 4050 2939 4104 sui
2984 4048 3194 4118 profert
3229 4046 3412 4109 mala;

167 4138 298 4221 τοῦτο
318 4170 416 4239 οὐχ
447 4166 674 4231 ἁπλῶς,
705 4165 841 4218 ἀλλά
864 4138 1181 4233 προστιθεὶς
1209 4161 1405 4215 ταῦτα’
1438 4177 1457 4211 ‹
1479 4161 1733 4229 Ὀ-πονη-

1834 4149 2013 4202 bonus
2069 4161 2199 4201 vero
2249 4146 2418 4200 homo
2469 4146 2537 4197 de
2595 4144 2739 4198 bono
2794 4143 3055 4196 thesauro
3094 4138 3275 4194 cordis
3331 4138 3414 4192 sui

172 4260 242 4329 ρὸς
264 4233 555 4334 ἄνθρωπος
587 4262 654 4314 ὲκ
679 4258 777 4313 τοῦ
804 4256 1045 4329 πονηροῦ
1082 4253 1359 4325 θησαυροῦ
1385 4253 1484 4323 τῆς
1506 4251 1733 4323 καρδίας

1836 4239 2044 4312 profert
2070 4241 2209 4294 bona
2240 4238 2254 4269 ‘
2288 4256 2301 4291 :
2344 4256 2362 4289 ι
2394 4236 2625 4291 bonitati
2653 4250 2766 4289 suae
2799 4233 3022 4288 conlidit
3053 4233 3195 4286 lilius
3220 4245 3375 4285 meus
3400 4268 3414 4292 ,

169 4323 437 4423 προϐάλλει
478 4323 557 4406 τά
608 4351 857 4421 πονηρά·
888 4323 1163 4416 ὁηάγαοὸς
1210 4323 1499 4417 ἄνθρωπος
1539 4346 1603 4397 ἑκ
1637 4340 1733 4395 τοῦ

1839 4336 2095 4391 veritatis
2148 4333 2293 4388 enim
2345 4342 2556 4386 amator
2584 4336 2670 4383 cst
2697 4336 2862 4397 atque
2899 4325 3246 4378 mendacium
3288 4323 3420 4376 totis

169 4412 346 4514 ἀγαθοῦ
378 4443 678 4517 θησαυροῦ
699 4412 798 4512 της
830 4412 1055 4511 καρδίας
1083 4412 1377 4510 προϐάλλει
1399 4436 1469 4489 τά
1496 4432 1727 4503 ἀγαθά.»
1769 4426 1811 4482 D

1781 4426 1813 4481 D
1848 4427 2056 4481 viribus
2086 4443 2115 4478 e
2160 4440 2257 4477 sua
2293 4432 2453 4493 gente
2505 4428 2828 4490 persecutus
2861 4414 3101 4485 expellit.
3142 4412 3423 4467 Fidelissi-

169 4503 226 4591 Τθ
272 4540 401 4609 ἐμὸν
432 4503 655 4592 ’τέκνον
694 4503 994 4603 ἀγαθὸττητι
1044 4503 1262 4603 χαίρει·
1315 4527 1570 4599 ἀληθινὸς
1602 4525 1737 4597 γὰρ,

1843 4534 1967 4574 ntus
2001 4532 2219 4588 quoque
2246 4525 2351 4576 est,
2382 4527 2616 4581 namque
2641 4509 2805 4563 audio
2845 4522 3037 4560 omnes
3061 4508 3109 4559 ei
3143 4503 3421 4571 subjectos

171 4630 245 4683 καὶ
290 4596 490 4700 ᾧεῦδος
527 4629 695 4697 πάσῃ
745 4596 974 4693 δυνάμει
1023 4596 1089 4673 ἐκ
1133 4596 1226 4674 τοῦ
1280 4596 1486 4672 οἰκείου
1552 4596 1738 4680 ἔθνους

1844 4610 2164 4669 omnimode
2188 4609 2242 4662 in
2297 4606 2400 4661 fide
2433 4616 2579 4659 stare
2612 4621 2626 4670 ;
2655 4599 3023 4669 iustissimum
3079 4596 3240 4650 etiam
3296 4611 3420 4649 eum

169 4686 323 4773 διιίικεί
349 4686 809 4773 καὶ-ἀπελάῦνει
831 4730 846 4743 ⁸
879 4686 974 4768 καὶ
1009 4713 1336 4773 πιστότατος
1366 4710 1445 4775 δὲ,
1479 4710 1566 4763 ὅτι
1602 4709 1741 4763 πάν-

1839 4718 1962 4759 esse
1993 4699 2233 4755 universi
2286 4698 2367 4753 sic
2421 4694 2803 4764 proclamant:
2860 4703 3023 4744 nemo
3067 4701 3308 4756 unquam
3341 4686 3423 4739 in-

170 4826 255 4874 τως
284 4809 472 4865 ἀκούω
502 4807 649 4870 τοὺς
677 4806 767 4874 ὑφ’
797 4806 992 4861 ἑαυτὸν
1028 4806 1163 4859 πᾶσι
1202 4793 1427 4873 τρόποις
1458 4802 1515 4853 ἐν
1544 4802 1612 4870 τῇ
1650 4799 1740 4852 πί-

1840 4798 2024 4868 justus
2084 4793 2206 4861 ejus
2258 4789 2509 4843 deridere
2567 4785 2837 4855 justitiam
2887 4779 3252 4852 gloriabitur:
3288 4793 3425 4846 quo-

172 4921 263 4957 στει
290 4921 303 4935 ’
349 4906 436 4958 ὅτι
471 4904 535 4957 δὲ
576 4902 683 4956 καὶ
716 4900 1080 4964 δικαιότατος,
1111 4897 1255 4950 οῦτω
1297 4895 1499 4956 πάντες
1532 4893 1742 4963 κεκρά-

1844 4889 2008 4944 modo
2058 4873 2188 4955 ergo
2241 4880 2571 4937 credendum
2619 4883 2767 4931 esset
2796 4875 2972 4928 virum
3025 4872 3265 4927 veritatis
3289 4871 3425 4924 ami-

170 5014 341 5065 γασιν·
389 4998 582 5059 οὐδεὶς
626 4995 742 5064 γὰρ
772 4993 955 5054 ἄδικος
989 4991 1091 5062 τὴν
1139 4988 1352 5043 ἐκείνου
1404 4986 1746 5055 καυχήσεται

1846 4980 2152 5039 cissimum,
2185 4972 2579 5034 fidelissimum,
2604 4966 2991 5037 justissitnum,
3026 4978 3249 5033 quoque
3288 4963 3424 5015 alios

174 5054 512 5161 μυκτηρίζειν
561 5054 950 5153 δικαίοσύνην.
991 5054 1118 5144 Πῶς
1158 5079 1249 5133 οὖν
1303 5079 1415 5149 ἔχει
1448 5054 1607 5143 λόγον
1654 5075 1747 5128 τὸν

1850 5072 1978 5125 talia
2009 5070 2294 5124 docentem
2327 5066 2505 5134 ipsum
2542 5060 2723 5114 verbis
2770 5067 2825 5111 et
2876 5056 3089 5111 actibus
3119 5054 3235 5108 fieri
3267 5069 3415 5107 men-

172 5145 416 5255 ἀὶηθινδν-
444 5185 782 5254 ἄνθρωπον,
832 5145 923 5233 τόν
956 5178 1301 5238 πιστότατον,
1331 5145 1424 5227 τὸν
1470 5172 1750 5225 δικαιότα-

1852 5166 2065 5227 dacem,
2092 5157 2387 5219 inﬁdelem,
2419 5149 2883 5223 injustissimum?
2912 5163 3092 5235 nonne
3120 5145 3425 5207 erubescet,

173 5294 270 5347 τον,
303 5280 395 5333 τὸν
443 5278 664 5338 ἄλλους
698 5273 869 5326 ταῦτα
903 5270 1251 5331 παιδεύοντα,
1293 5266 1388 5320 καὶ
1436 5264 1618 5333 λόγοις
1654 5265 1749 5316 καὶ

1851 5257 2101 5311 subditos
2134 5254 2391 5306 virtutem
2441 5246 2663 5307 docens,
2722 5243 2839 5311 ipse
2895 5255 3044 5304 vero,
3097 5237 3192 5293 Dei
3244 5238 3415 5305 gratia

176 5340 329 5440 ἔργοις
356 5372 528 5426 αὐτὸν
558 5366 836 5438 γενέσθαι
865 5364 1129 5435 ψεύστην,
1151 5362 1185 5431 ἢ
1213 5360 1464 5425 ἄπιστον,
1492 5357 1524 5427 ἢ
1554 5353 1753 5410 amo.

1849 5353 2124 5420 princeps,
2173 5344 2228 5398 in
2273 5340 2540 5395 malitiam
2577 5350 2753 5401 ruere,
2791 5342 2846 5389 et
2893 5348 3027 5387 sane
3078 5340 3371 5401 pessimam
3410 5344 3422 5381 :

176 5421 517 5534 τᾏιὲᾇῖξοέιξέ
556 5421 995 5531 ἀίσχυνθήσεται
1034 5421 1200 5517 αὐτὸς
1250 5421 1461 5505 ἑαυτὸν⁷
1487 5421 1615 5511 τοὺς
1650 5447 1750 5515 μὲν

1849 5441 1981 5513 quid
2029 5439 2172 5494 enim
2207 5432 2495 5506 tyrannide
2540 5427 2741 5501 pejus?
2788 5426 2920 5480 talia
2973 5421 3371 5491 respondebam
3411 5436 3425 5473 :

179 5513 704 5633 dupe:th
719 5513 1084 5618 ἐκπαιδεύων,
1118 5513 1282 5612 αῦτδς
1308 5546 1365 5602 δὲ
1403 5544 1590 5617 χάριτι
1612 5513 1747 5595 Θεοῦ

1851 5551 1960 5591 non
1990 5541 2074 5589 est
2108 5531 2204 5595 ita,
2239 5526 2408 5590 absit,
2462 5523 2593 5594 quin
2630 5520 2734 5586 sol,
2774 5518 2971 5573 nedum
3031 5530 3124 5568 eos
3164 5513 3432 5566 illttmint't

1938 5629 1967 5633 --
2087 5624 2098 5633 -
2218 5632 2223 5633 ν
2320 5621 2330 5633 -
2494 5630 2569 5633 η,
2610 5613 2790 5633 _-.:--_
2830 5608 3163 5633 -..t....-..:-...
3196 5606 3406 5633 .t:.........

181 5606 332 5727 ἄρχων
375 5606 813 5720 ἐαθί-στάὶιενος
842 5644 977 5717 πρὸς
1013 5606 1213 5699 κακίαν
1244 5640 1338 5695 καὶ
1539 5649 1750 5706 μιαρω·

1857 5629 2056 5700 quibus
2087 5624 2253 5689 lucet,
2282 5621 2578 5677 obscurare
2610 5613 2793 5684 potius
2826 5608 3165 5665 calumniose
3196 5606 3427 5659 dicatur.

239 5816 252 5847 ³
293 5816 479 5874 Μοιῐιι.
518 5826 629 5875 ιιι,
674 5806 768 5861 36.
