4158 6430
674 444 737 507 bl
1803 435 2112 497 NICOLAI
2146 433 2255 494 ΟΡ.

2367 433 2805 494 tTRIARCH/E
3869 424 3941 488 52

673 560 878 628 τὰτηνς
904 556 971 610 Τί
995 555 1106 627 γὰρ
1149 554 1495 626 μιαρώτερον
1538 553 1874 624 τυραννίδος,
1902 549 2252 621 ἁποκρίνωνς
2295 545 2409 601 Οὐκ
2438 548 2552 603 ἔστι
2596 550 2794 613 ταῦτα,
2828 548 2904 619 μὴ
2967 548 3227 620 γίνηταιο
3279 546 3341 601 ού
3415 546 3617 617 μᾶλλον
3647 544 3681 616 ἢ
3709 543 3739 597 ό
3786 541 3938 612 ἥλιος

672 654 796 708 ἀντὶ
829 651 924 707 τοῦ
954 652 1212 721 φωτίζειν
1241 651 1371 715 τοὺς
1403 651 1494 704 ὑπ’
1517 650 1685 704 αὐτοῦ
1704 646 2098 720 λαμπομένους
2129 641 2403 707 σκοτίζειν
2422 643 2947 716 διαλοιδορούμενος.
3912 706 3919 711 Ι

748 750 827 803 lta
858 750 1274 813 asseveraham,
1339 747 1414 801 ita
1466 758 1659 802 contra
1716 760 1899 815 regem
1952 752 2255 809 omnesque

2428 740 2617 804 Οὕτως
2654 739 2767 809 ἐγὼ
2807 741 3247 812 διισχυριζόμην,
3277 738 3424 794 οὕτω
3453 738 3552 792 καὶ
3594 735 3733 807 πρὸς
3783 734 3942 806 βασι-

676 849 909 896 ceeteros
940 839 1215 902 dicebam,
1253 838 1330 891 fili
1368 837 1467 903 mi,
1503 838 1939 907 quotiescunque
1967 846 2252 890 sermones

675 932 745 986 de
797 940 888 986 tua
944 931 1250 1003 tyrannidis
1282 931 1587 1002 cupiditate
1616 930 1772 986 etde
1819 938 1911 984 tua
1966 925 2254 1000 tyrannide

674 1036 985 1077 sermonem
1042 1022 1333 1089 faciebam,
1394 1039 1540 1082 nunc
1595 1031 1780 1079 autem
1832 1020 1963 1092 quid
2030 1015 2254 1074 dicam?

672 1114 857 1168 omnia
889 1114 1091 1168 etenim
1130 1130 1254 1184 qua:
1306 1116 1459 1186 prius
1508 1116 1577 1171 de
1622 1123 1677 1172 te
1735 1114 2095 1175 aﬂirmabam,
2131 1124 2255 1180 quae

674 1206 994 1272 laudabam,
1025 1222 1149 1277 quae
1171 1207 1237 1262 ad
1277 1208 1769 1264 commendandam
1801 1217 1949 1263 tuam
1992 1210 2251 1265 virtutem

674 1298 1007 1362 statuebam,
1046 1314 1168 1354 cum
1216 1299 1381 1354 modo
1433 1300 1487 1354 in
1529 1301 1860 1356 contrariam
1894 1310 2101 1368 partem
2133 1318 2257 1357 ver-

677 1398 820 1454 tunt,
844 1405 907 1445 os
937 1390 1073 1445 mihi
1110 1390 1391 1459 obturant,
1435 1393 1761 1447 erubescere
1812 1392 2044 1457 faciunt,
2076 1409 2255 1464 neque

677 1496 764 1535 me
799 1482 912 1552 jam
949 1483 1138 1538 sinunt
1188 1483 1244 1538 in
1296 1498 1394 1539 eos
1446 1484 1721 1553 respicere
1759 1484 1963 1554 quibus
2006 1500 2107 1555 pro
2163 1494 2254 1540 tua

677 1574 880 1628 virtute
931 1576 1087 1644 prius
1147 1576 1587 1631 contradicebam
1618 1593 1634 1632 :
1664 1577 1793 1646 quid
1829 1577 1957 1641 hoc.
2006 1577 2081 1632 fili
2134 1578 2259 1633 mi?

675 1666 802 1735 quis
832 1666 1006 1721 malus
1046 1667 1282 1733 daamon,
1322 1676 1428 1722 tua:
1454 1668 1643 1738 gloriae
1672 1669 1946 1734 invidens,
1976 1670 2043 1725 ad
2074 1671 2177 1724 hoc
2201 1680 2256 1725 te

673 1759 894 1827 impulit
937 1769 994 1812 ut
1021 1760 1236 1829 tyranni
1271 1775 1466 1816 nomen
1496 1760 1822 1815 obtineres?
1854 1776 2019 1830 quam
2058 1761 2254 1816 melius

677 1866 857 1920 regem
910 1867 939 1905 a
973 1850 1083 1907 Deo
1121 1854 1508 1919 constitutum,
1546 1870 1712 1923 quam
1756 1862 2051 1925 tyrannum
2107 1855 2250 1911 dici!

672 1943 799 2012 quis
833 1958 1061 2012 serpens
1112 1944 1178 1999 ad
1216 1946 1321 1999 mei
1386 1945 1482 2000 filii
1543 1961 1706 2002 aures
1757 1947 2256 2003 sibilavit?no:tne

2356 833 2454 887 λὲα
2480 835 2574 887 καὶ
2603 834 2814 899 πάντας
2854 835 3165 903 ἀντέλεγον,
3191 834 3381 898 ὁπότε,
3403 833 3616 896 τέκνον,
3642 833 3665 882 ἐ
3676 831 3776 900 μὸν
3809 829 3940 899 περὶ
3966 840 3983 858 -'

2358 925 2455 979 σοῦ
2492 928 2828 998 τυραννικὴν
2856 927 3177 996 ἐπιθυμίαν,
3213 928 3310 980 καὶ
3360 924 3678 995 τυραννίδος
3704 922 3944 976 ὑπέϐαλ-

2357 1019 2449 1073 λον
2476 1020 2688 1087 λόγους.
2720 1020 2908 1073 Νῦνδέ
2939 1021 2990 1074 τί
3028 1021 3170 1073 εῐπω
3197 1036 3212 1084 ;
3245 1018 3342 1073 καὶ
3380 1018 3491 1089 γὰρ
3521 1019 3708 1071 ἐκεῖνα
3739 1016 3939 1078 πάντα,

2358 1107 2459 1161 ὅσα
2489 1109 2758 1181 πρότερον
2808 1110 2948 1180 ύπέρ
3006 1110 3099 1163 σοῦ
3132 1110 3345 1177 ἔλεγον,
3388 1109 3490 1161 ὅσα
3544 1106 3802 1175 ἐπῄνουν,
3836 1105 3943 1158 ὅσα

2358 1198 2498 1268 πρὸς
2533 1200 2798 1252 σύστασιν
2824 1201 2925 1267 τῆς
2951 1199 3052 1269 σῆς
3076 1196 3504 1267 διεϐεϐαιούμην
3522 1196 3749 1266 ἀρετῆς.
3777 1195 3858 1255 είς
3878 1193 3943 1246 τὸ

2357 1290 2598 1347 ἐναντίον
2630 1309 2699 1362 με
2732 1292 3102 1362 περιίστησιν,
3139 1284 3482 1361 ἀποφράττει
3515 1306 3605 1358 μοι
3650 1288 3709 1340 τὸ
3742 1287 3941 1355 στόμα,

2357 1384 2733 1456 καταισχύνει,
2759 1386 2851 1438 καὶ
2878 1384 3000 1437 ούδέ
3024 1384 3243 1454 βλέπειν
3272 1402 3364 1454 μοι
3390 1385 3667 1454 συγχωρεῖ
3686 1383 3821 1452 πρὸς
3845 1378 3943 1442 οῦς

2360 1478 2629 1550 πρότερον
2656 1477 2948 1545 ἀντέλεγον
2992 1476 3136 1547 ὑπὲρ
3159 1476 3261 1545 τῆς
3304 1476 3403 1544 σῆς
3422 1475 3643 1545 ἀρετῆς.
3664 1469 3729 1526 Τί
3756 1471 3945 1533 τοῦτο,

2355 1571 2546 1624 τέκνον
2573 1569 2740 1639 ἐμόν;
2774 1570 2935 1631 Ποῖος
2962 1568 3197 1639 πονηρὸς
3218 1567 3434 1637 δαίμων
3463 1570 3529 1636 τῇ
3553 1569 3618 1636 σῇ
3654 1566 3780 1635 δόξῃ
3811 1564 3945 1633 φθο-

2357 1663 2531 1732 νήσας
2569 1663 2650 1723 είς
2673 1660 2836 1713 τοῦτο
2879 1658 3244 1728 κατέστησεν,
3276 1658 3367 1711 ἵνα
3411 1656 3727 1727 τυραννίδος
3767 1654 3945 1725 ὄνομα

2357 1753 2818 1823 κληρονομήσηςς
2871 1752 3032 1821 Πόσῳ
3092 1750 3322 1821 ἄμεινον
3382 1750 3449 1803 ἐκ
3508 1747 3644 1801 Θεοῦ
3702 1749 3944 1817 ἄρχοντα

2357 1846 2718 1918 κεκλῆσθαιῆ
2755 1846 3055 1915 τύραννον;
3090 1844 3252 1907 Ποῖος
3290 1842 3415 1913 ὄφις
3444 1840 3715 1913 ήρεύξατο
3740 1841 3820 1903 εἰς
3841 1840 3945 1902 τὰς

2358 1939 2530 2001 ἀκοὰς
2559 1936 2653 1991 τοῦ
2683 1935 2819 2006 ἐμοῦ
2862 1935 3098 1999 τέκνου;
3129 1934 3204 1987 Ού
3256 1933 3611 2003 πεφρίκαμεν
3656 1931 3758 2003 τὴν
3788 1928 3945 1984 θείαν

673 2032 767 2087 Dei
828 2033 1098 2103 justitiam
1161 2036 1686 2093 reformidavimus?
1732 2055 1919 2095 nonne
1973 2041 2254 2095 timuimus

2367 2030 2738 2100 Βικαιοσύνηνς
2785 2029 2862 2081 Ού
2912 2027 3144 2098 φοϐερὸν
3192 2025 3501 2096 ποιούμεθα
3550 2024 3612 2077 τὸ
3662 2024 3945 2092 ἅρπαγμα

673 2127 1028 2182 latrocinium
1078 2126 1258 2183 facere
1308 2130 1682 2201 excogitantes
1729 2146 1892 2199 quam
1972 2130 2028 2185 in
2092 2131 2253 2187 terris

678 2219 1052 2287 magnificavit
1117 2220 1371 2277 Christus
1436 2223 1781 2291 potentiam?
1846 2224 2072 2278 videsne
2145 2237 2255 2291 quo

674 2309 940 2376 feramur,
972 2311 1087 2366 fili?
1121 2328 1231 2383 quo
1270 2330 1631 2385 prorumpere
1682 2317 1736 2369 in
1788 2325 1967 2370 mente
1995 2316 2256 2371 habueri-

676 2402 1198 2460 mus?elevationes
1230 2406 1346 2460 odit
1375 2405 1537 2471 Deus,
1570 2423 1667 2463 eos
1693 2407 1788 2478 qui
1827 2410 1967 2463 altas
2003 2408 2257 2463 attollunt

675 2494 1037 2560 cogitationes
1063 2495 1253 2564 dejicit
1280 2513 1295 2561 ;
1325 2498 1471 2566 quod
1503 2498 1551 2553 si
1584 2499 1650 2552 ad
1687 2508 1898 2569 tempus
1923 2515 2020 2555 eos
2048 2508 2257 2557 stantes

676 2584 849 2639 videri
882 2583 1033 2650 sinit,
1079 2587 1230 2641 brevi
1292 2589 1479 2644 omnia
1523 2590 1770 2644 demutat
1802 2608 1820 2656 ;
1883 2608 2046 2647 nemo
2075 2606 2141 2647 ex
2172 2608 2260 2649 se-

677 2675 795 2744 ipse
828 2676 1034 2747 aliqaid
1071 2679 1321 2749 accipere
1362 2690 1580 2750 potest;
1616 2684 1964 2754 prudensque
1996 2700 2120 2739 cum
2158 2685 2257 2749 sis,

677 2768 884 2838 absque
924 2772 1129 2828 nostris
1158 2774 1513 2828 sermonibus
1544 2776 1747 2844 optime
1794 2778 1938 2831 nosti
1991 2777 2259 2845 plurimos

679 2860 985 2918 inconsulte
1020 2866 1251 2920 consilia
1309 2866 1583 2931 ineuntes,
1638 2869 1875 2936 pessime
1915 2871 2159 2924 evasisse
2206 2879 2261 2924 et

681 2956 1002 3024 ptenitentia
1064 2972 1189 3012 esse
1245 2957 1508 3023 affectos,
1560 2945 1776 3029 sibique
1834 2959 2255 3028 imprudentiam

682 3044 913 3099 multum
935 3046 1336 3115 exprobrasse;
1369 3060 1425 3103 et
1447 3056 1506 3102 ut
1530 3051 1804 3105 antedicta
1833 3052 2107 3113 omittam,
2135 3049 2260 3119 quis

681 3136 757 3189 ita
790 3137 1067 3206 pervicax.
1110 3139 1234 3208 quis
1277 3141 1518 3209 prapriis
1551 3142 1942 3211 cupiditatibus
1974 3145 2047 3197 ita
2077 3144 2261 3214 exagi-

677 3236 829 3283 tatus
906 3238 960 3282 et
1019 3229 1085 3281 ad
1138 3229 1423 3284 audaciam
1478 3247 1803 3301 propensus,
1861 3234 1948 3288 cui
2012 3236 2263 3303 exemplo

682 3334 791 3374 non
834 3319 905 3373 sit
955 3320 1044 3375 ille
1103 3331 1373 3391 tyrannus
1420 3324 1514 3393 qui
1565 3324 1680 3379 beri
1730 3335 1785 3380 et
1833 3327 2033 3383 nudius
2066 3328 2260 3382 tertius

683 3412 826 3468 solio
851 3413 954 3482 ipsi
986 3414 1271 3469 insedebat
1301 3424 1355 3470 et
1381 3417 1473 3486 qui
1507 3418 1659 3471 brevi
1685 3418 1879 3487 dignas
1899 3420 2048 3474 dedit
2070 3435 2261 3488 poenas
2285 3440 2331 3503 ο

682 3504 982 3575 impietatis
1006 3507 1192 3561 cordis
1226 3508 1334 3571 sui,
1378 3508 1718 3565 crudelitatis
1760 3522 1813 3563 et
1857 3512 2122 3578 audaciae,
2165 3529 2260 3568 ne-

685 3596 887 3651 minem
926 3598 1136 3652 scilicet
1180 3598 1477 3668 quidquam
1506 3599 1774 3669 accipere,
1814 3602 2088 3671 praecipue
2131 3619 2261 3660 vero

687 3697 797 3741 tam
851 3689 1126 3745 excellens
1186 3689 1415 3755 donum,
1452 3692 1556 3745 nisi
1595 3692 1830 3763 desuper
1857 3695 1905 3748 ei
1937 3694 2139 3751 detur?
2193 3696 2262 3751 ad

691 3778 827 3841 haec,
855 3794 1037 3835 nonne
1068 3781 1444 3838 erubescimus
1476 3788 1620 3853 quod
1652 3784 1776 3840 aliis
1802 3786 2037 3855 perjuria
2067 3803 2264 3857 expro-

694 3870 939 3933 brantes.
976 3872 1077 3940 ipsi
1126 3873 1301 3927 simus
1332 3873 1522 3943 injusti
1566 3885 1620 3931 et
1669 3877 1865 3947 impii?
1911 3879 2261 3935 violationem

690 3970 872 4014 autem
931 3960 1402 4018 formidandorum
1451 3965 1893 4033 juramentorum
1952 3969 2081 4038 quid
2139 3985 2263 4025 esse

690 4051 985 4107 dicemus?
1018 4068 1199 4108 nonne
1230 4054 1352 4108 fidei
1385 4058 1731 4127 negationem
1759 4060 1781 4135 ?
1833 4076 2015 4114 nonne
2046 4061 2265 4131 pietatis

690 4145 1155 4199 evacuatinnem?
1188 4162 1367 4202 nonne
1413 4149 1591 4217 ipsius
1622 4149 2066 4205 Christianorum
2098 4153 2267 4220 pleni-

690 4236 899 4291 tudinis
943 4237 1202 4291 eversio?
1256 4238 1349 4307 qui
1401 4240 1549 4294 enim
1622 4241 1962 4296 formidanda
1996 4243 2268 4298 Christia-

692 4343 883 4382 norum
941 4331 1200 4399 mysteria
1257 4330 1561 4398 violaverit,
1600 4335 1876 4404 quomodo
1922 4334 2267 4393 Christianus

683 4419 799 4488 jam
831 4423 1152 4476 vocabitur?

766 4510 1088 4568 Sermonem
1146 4517 1464 4585 protrahere
1516 4518 1658 4587 cogit
1703 4534 1789 4573 me
1837 4521 2040 4575 nimius
2082 4524 2266 4579 cordis

693 4606 799 4660 mei
830 4606 986 4660 dolor
1012 4616 1064 4660 et
1087 4622 1214 4678 erga
1242 4616 1294 4661 te
1339 4623 1494 4662 amor
1538 4609 1786 4665 fervidus
1812 4613 1903 4681 qui
1937 4613 2005 4667 ab
2030 4615 2185 4669 initio
2215 4616 2267 4669 in

695 4714 781 4753 me
823 4707 906 4753 est
936 4713 1200 4754 accensus
1243 4708 1299 4753 et
1341 4715 1487 4754 nunc
1538 4717 1757 4771 quoque
1795 4705 1986 4771 ardet;
2018 4715 2075 4759 at
2104 4706 2268 4761 simul

691 4788 1007 4858 inopinatus
1057 4790 1149 4844 ille
1203 4805 1366 4846 casus
1403 4802 1457 4847 ct
1500 4794 1739 4849 crudelis
1770 4795 2033 4850 daemonis
2060 4799 2262 4853 malitia

2375 4807 2555 4861 γεται,
2615 4786 2918 4859 μακρύνειν
2973 4786 3063 4840 τὸν
3124 4785 3316 4853 λόγον’
3369 4784 3532 4839 πάλιν
3582 4784 3640 4838 δὲ
3690 4785 3795 4838 ὑπὸ
3856 4785 3967 4856 τῆς

692 4892 843 4938 tuam
877 4882 1113 4936 volentis
1158 4883 1491 4939 labefactare
1541 4887 1883 4956 majestatem
1913 4928 1929 4952 ,
1962 4906 2051 4943 me
2086 4891 2268 4947 dicere

693 4982 864 5039 vetat,
920 4990 1046 5027 cum
1087 4974 1392 5029 incredibili
1436 4978 1668 5033 consilio
1721 4980 2086 5045 stupefactutn
2115 4998 2130 5045 ;
2160 4999 2268 5036 non

694 5076 876 5122 tamen
910 5067 1015 5121 nisi
1047 5069 1215 5121 veteri
1249 5079 1469 5123 narrata
1521 5071 1755 5138 quadam
1790 5072 2013 5127 historia
2056 5076 2267 5131 tacebo.

696 5158 979 5215 l‘ersaruu.
1020 5158 1307 5228 imperium
1342 5175 1447 5213 non
1497 5161 1715 5229 ignoras
1746 5172 1949 5231 quanta
1997 5164 2070 5217 sit
2117 5173 2271 5233 pote-

697 5260 838 5307 state
860 5292 876 5317 ,
916 5261 1076 5321 atque
1117 5250 1324 5307 divitiis
1353 5253 1552 5307 ﬂorens
1573 5292 1589 5318 ,
1618 5269 1796 5323 neque
1826 5264 1878 5309 te
1911 5255 2050 5325 fugit
2078 5272 2175 5312 eos
2202 5260 2271 5312 ab

696 5345 853 5399 initio
883 5358 993 5399 non
1022 5359 1268 5401 cessasse
1298 5353 1490 5399 contra
1516 5345 1793 5403 Romanos
1822 5348 2020 5403 bellum
2045 5365 2268 5418 gerere;

697 5430 791 5485 sed
824 5430 919 5501 qui
947 5431 1066 5485 sine
1093 5430 1498 5488 intermissione
1526 5436 1789 5492 adversus
1823 5436 2097 5492 Romanos
2120 5453 2271 5495 arma

698 5523 1013 5589 movebant,
1051 5533 1340 5594 postquam
1387 5526 1676 5593 Arcadius,
1728 5529 2100 5585 Romanorum
2150 5547 2268 5597 rex,

694 5616 809 5671 vita
862 5616 1103 5682 functus,
1155 5633 1377 5687 regnum
1434 5619 1745 5675 Theodosio
1788 5620 1900 5677 filio
1926 5636 2048 5688 suo,
2108 5624 2270 5678 trium

699 5722 971 5761 annorum
1010 5708 1227 5775 infanti,
1264 5710 1577 5780 reliquerat,
1620 5714 1882 5783 iujuslum
1935 5725 1989 5770 et
2018 5717 2272 5771 inhumao

700 5813 831 5853 num
896 5798 1001 5853 rati
1048 5798 1249 5854 bellum
1298 5817 1487 5871 gerere
1543 5814 1733 5859 contra
1782 5807 2068 5876 imperium
2111 5808 2271 5875 cujus

701 5891 980 5957 dominus.
1024 5892 1094 5949 ob
1149 5896 1473 5952 teneriorem
1516 5905 1747 5965 aetatem,
1785 5913 1967 5955 rerum
2004 5900 2269 5957 humana-

2360 2125 2602 2193 νομίζειν
2630 2121 2926 2184 ποιεῖσθαι,
2966 2121 3032 2191 ἢν
3063 2122 3091 2173 ὁ
3124 2120 3361 2190 Χριστὸς
3395 2120 3488 2171 ἐπὶ
3514 2119 3616 2187 γῆς
3640 2115 3945 2185 ἐμεγάλυνε

2363 2213 2672 2284 βασιλείαν;
2706 2214 2873 2282 Ὅρα,
2902 2211 3093 2263 τέκνον
3141 2210 3298 2280 ἐμὸν,
3344 2205 3449 2262 ποῦ
3494 2206 3807 2277 φερόμεθα;
3838 2205 3946 2258 ποῦ

2358 2303 2603 2372 ὁρμῆσαι
2640 2301 3035 2370 διενοήθημενς
3088 2300 3257 2352 Μισεῖ
3286 2298 3387 2360 τὰς
3420 2299 3690 2367 ἐπαρσεις
3730 2297 3758 2349 ό
3783 2294 3941 2356 Θεὸς,

2360 2394 2691 2449 καταϐάλλει
2740 2394 2870 2456 τοὺς
2929 2391 3331 2461 ἐπαιρομένους
3385 2389 3455 2443 τὰ
3503 2389 3684 2459 ὑψηλὰ
3741 2386 3947 2459 φρονή-

2364 2506 2511 2558 ματα
2534 2503 2547 2517 ·
2578 2488 2630 2540 εἰ
2660 2487 2754 2540 καὶ
2783 2486 2920 2555 πρὸς
2946 2485 3128 2552 ὀλίγον
3154 2485 3432 2553 συγχωρεῖ
3454 2483 3638 2535 δοκεῖν
3662 2480 3946 2539 ἵστασθαι,

2361 2581 2503 2635 ἀλλὰ
2534 2580 2700 2633 πάλιν
2754 2578 3056 2649 ἀνατρέπει
3103 2577 3264 2630 αὐτά.
3316 2573 3505 2635 Οὐδεὶς
3550 2572 3774 2633 δυνατὸς
3810 2569 3947 2638 παρ’

2362 2671 2559 2727 ἐαυτοῦ
2598 2688 2652 2724 τι
2679 2669 2899 2724 λαϐεῖν·
2931 2668 3026 2720 καὶ
3058 2668 3324 2737 φρόνιμος
3352 2664 3427 2718 ὣν
3464 2662 3613 2727 οἶδας
3643 2665 3737 2715 καὶ
3768 2662 3946 2733 χωρὶς

2359 2767 2468 2819 τῶν
2492 2764 2781 2834 ἡμετέρων
2805 2761 2980 2827 λόγων
2999 2760 3072 2823 ὡς
3096 2759 3303 2825 πολλοδ,
3334 2758 3651 2819 πεισθέντες
3673 2754 3946 2819 ἀϐούλως,

2364 2857 2549 2919 κακῶς
2583 2853 2902 2927 ἀπήλλαξαν
2951 2852 3046 2905 καὶ
3090 2853 3461 2918 μετέγνωσαν,
3506 2848 3603 2902 καὶ
3642 2845 3813 2900 πολλὰ
3840 2845 3950 2914 τῆς

2364 2946 2623 3010 ἀϐουλίας
2683 2946 2915 3004 ἑαυτοὺς
2950 2940 3403 3013 κατεμέμψαντο.
3460 2942 3571 2993 Καὶ
3616 2941 3705 2992 ἵνα
3761 2938 3947 2990 πάντα

2368 3040 2517 3095 ἐάσω
2545 3041 2613 3093 τὰ
2645 3036 3013 3109 προλαϐόντα,
3048 3036 3130 3097 τίς
3157 3032 3334 3095 οὕτως
3359 3032 3687 3101 φιλόνεικος,
3722 3032 3817 3083 καὶ
3839 3028 3950 3082 ὑπὸ

2364 3132 2467 3201 τῆς
2492 3131 2698 3194 οίκείας
2722 3129 3019 3199 ἐπιθυμίας
3051 3127 3401 3195 ἐξαγόμενος,
3438 3124 3537 3179 καὶ
3568 3125 3704 3195 πρὸς
3733 3123 3949 3191 τόλμαν

2365 3225 2606 3295 ἕτοιμος,
2647 3223 2707 3275 ὃν
2746 3222 2805 3275 ού
2859 3222 3102 3274 διδάσκει
3133 3221 3161 3272 ό
3188 3219 3317 3289 χθές
3361 3220 3457 3272 καὶ
3494 3217 3599 3289 πρὸ
3632 3219 3734 3286 τῆς
3785 3213 3951 3285 ἐχθὲς

2365 3316 2595 3380 ἐπιστὰς
2626 3316 2810 3377 αὐτοῖς
2856 3315 2969 3376 τοῖς
3015 3311 3309 3383 βασιλείοις
3354 3310 3641 3381 τύραννος,
3673 3309 3771 3362 και
3815 3306 3948 3358 σύν-

2365 3428 2532 3481 τομον
2556 3406 2914 3479 εἰσπραχθεὶς
2956 3407 3115 3477 δίκην
3151 3406 3252 3475 τῆς
3284 3403 3729 3473 δυσσεϐεστάτης
3771 3398 3949 3455 αὐτοῦ

2366 3503 2595 3573 καρδίας
2628 3500 2861 3566 ἐπαξίαν
2891 3499 2989 3552 καὶ
3020 3497 3116 3550 τοῦ
3147 3497 3388 3568 θράσους
3414 3497 3508 3549 καὶ⁵
3537 3493 3634 3548 τοῦ
3658 3493 3942 3563 τολμήμαο

2363 3614 2457 3659 τος
2473 3612 2489 3661 ς
2506 3596 2632 3649 Ὄτι
2648 3594 2825 3657 οὐδεὶς
2841 3592 2910 3646 λα
2917 3591 3137 3663 μϐἀνει,
3154 3592 3250 3645 καὶ
3267 3590 3501 3660 μάλιστα
3513 3587 3755 3642 τοιοῦτον
3782 3587 3956 3657 ὑπερ·

2370 3686 2598 3760 μέγεθες
2637 3684 2893 3755 δώρημα,
2926 3684 3022 3736 ἐὰν
3059 3683 3134 3753 μὴ
3246 3678 3395 3750 αύτῷ
3421 3677 3660 3733 ἄνωθεν·
3695 3672 3955 3731 εἶταούκ

2366 3779 2739 3853 αἰσχυνόμεθα
2770 3778 2991 3838 ἑαυτοῖς
3020 3774 3216 3839 ἄλλους
3245 3774 3328 3827 ὅτι
3354 3770 3646 3844 ψεύδονται
3669 3767 3957 3839 τιμωρού-

2371 3889 2545 3945 μενοι,
2587 3867 2746 3922 αύτοὶ
2782 3868 2842 3920 δὲ
2876 3864 3192 3925 ἀδικοῦντες
3224 3864 3321 3917 καὶ
3351 3861 3648 3931 παράνομα
3676 3859 3956 3928 πράττον-

2368 3982 2488 4031 τεςς
2522 3964 2633 4032 Τὴν
2682 3960 2741 4014 δὲ
2797 3958 3111 4029 παράϐασιν
3165 3955 3277 4009 τῶν
3310 3954 3557 4026 φρικτῶν
3612 3955 3791 4025 ὅρκων
3841 3950 3954 4004 ποῦ

2369 4056 2639 4128 θήσομεν;
2680 4053 2781 4106 οὐκ
2806 4051 2923 4104 ἐστι
2952 4050 3192 4113 πίστεως
3224 4048 3489 4119 ἄρνησιςς
3520 4046 3621 4100 οὐκ
3665 4046 3812 4097 ἐστιν
3856 4044 3958 4097 εὑ-

2372 4149 2588 4210 σεϐείας
2628 4144 2986 4213 ἀλλοτρίωσις
3011 4159 3027 4208 ;
3056 4142 3156 4194 οὐκ
3194 4141 3338 4195 ἐστιν
3368 4138 3533 4193 αὐτοῦ
3562 4138 3656 4191 τοῦ
3688 4140 3960 4208 Χριστια-

2370 4241 2477 4297 νῶν
2519 4235 2891 4307 πληρώματος
2938 4234 3256 4303 ἀνατροπή;
3292 4233 3462 4286 Ὅταν
3493 4232 3603 4301 γὰρ
3647 4232 3716 4283 τὰ
3741 4228 3958 4299 φρικτά

2368 4330 2480 4384 τῶν
2527 4325 2875 4398 Χριστιανῶν
2916 4341 3000 4387 τις
3034 4318 3305 4393 ’ἐνυϐρίσῃ
3355 4323 3658 4393 μυστήρια,
3710 4321 3826 4384 πῶς
3866 4318 3957 4373 ἔτι

2371 4419 2699 4493 Χριστιανὸς
2735 4419 2949 4479 ἐκεῖνος
2983 4415 3314 4485 κεκλήσεται
3331 4432 3346 4479 ;

2456 4510 2869 4580 Ἀναγκάζομαι
2920 4508 3026 4561 ὑπὸ
3075 4508 3177 4577 τῆς
3230 4508 3598 4579 σφοδροτάτης
3644 4507 3742 4577 τῆς
3773 4507 3960 4578 ψυχῆς

2374 4608 2568 4673 ὀδύνης
2623 4604 2717 4655 καὶ⁸
2750 4600 2845 4654 τοῦ
2880 4602 3008 4671 περὶ
3036 4600 3095 4653 σέ
3124 4600 3391 4670 διαπύρου
3432 4599 3675 4669 φίλτρου,
3707 4600 3735 4652 ὃ
3762 4597 3819 4664 ἐξ
3849 4601 3959 4670 ἀρ-

2373 4701 2475 4770 χῆς
2502 4695 2812 4766 ἀνεφλέχθη
2845 4694 2902 4746 ὲν
2948 4696 3014 4763 τῇ
3049 4694 3159 4765 ιμῇ
3189 4693 3336 4764 ψυχῇ
3386 4695 3481 4746 καὶ
3510 4692 3589 4745 ἔτι
3618 4693 3675 4745 δὲ
3719 4693 3966 4761 ἀναφλέ-

2379 4882 2791 4954 ἀπροσδοκήτου
2837 4877 3043 4945 ταύτης
3085 4878 3374 4947 συμοέορᾶς
3417 4878 3513 4929 καὶ
3556 4877 3654 4945 τῆς
3688 4876 3967 4947 ἐπηρείας

2380 4976 2473 5030 τοῦ
2505 4972 2747 5044 πονηροῦ
2773 4971 3045 5040 δαίμονος,
3071 4969 3129 5033 ὃς
3153 4972 3217 5040 τῇ
3245 4972 3308 5038 σῇ
3340 4967 3592 5039 βούλεται
3612 4968 3968 5040 λυμήνασθαι

2382 5067 2788 5140 μεγαλειότητι,
2817 5064 3201 5131 ἀνακόπτομαι
3226 5060 3319 5113 τοῦ
3350 5060 3549 5128 λέγειν.
3575 5059 3969 5131 θαμϐούμενος

2379 5164 2476 5215 ἐπὶ
2503 5158 2578 5231 τῷ
2600 5156 2894 5227 παραλόγῳ
2922 5153 3014 5206 τοῦ
3045 5154 3463 5223 ἐγχειρήματος.
3482 5152 3670 5223 Ὅμως
3697 5153 3775 5206 ἔτι
3794 5170 3972 5221 προσ-

2380 5254 2494 5315 θεὶς
2536 5251 2774 5304 παλαιάν
2824 5264 2948 5301 τινα
2974 5247 3212 5316 ἱστορίαν
3236 5246 3557 5315 σιγήσομαι.
3587 5245 3835 5309 Ἀκούεις
3857 5246 3972 5316 τὴν

2382 5343 2608 5415 Περσῶν
2668 5341 2969 5413 βασιλείαν,
3003 5339 3103 5410 ὅση
3167 5338 3266 5408 μὲν
3304 5338 3402 5409 τὴν
3448 5337 3704 5405 δύναμιν,
3759 5338 3859 5407 ὅση
3904 5338 3972 5393 δὲ

2382 5437 2472 5489 τὸν
2514 5434 2767 5497 πλοῦτον,
2814 5434 2909 5485 καὶ
2964 5432 3040 5495 ὡς
3067 5431 3130 5485 ού
3165 5431 3405 5484 διέλιπον
3453 5429 3514 5494 ἐξ
3546 5429 3720 5499 ἀρχῆς
3758 5430 3974 5499 Πέρσαι

2395 5527 2687 5598 Ῥωμαιοις
2725 5523 3089 5595 πολεμοῦντες
3112 5538 3128 5554 ’
3158 5522 3274 5576 ἀλλ’
3311 5516 3455 5576 οὗτοι
3498 5523 3548 5573 oi
3588 5522 3855 5591 διηνεκῶς
3894 5524 3976 5577 τὰ

2382 5619 2524 5674 ὅπλα
2556 5618 2693 5688 πρὸς
2736 5614 3041 5685 Ῥωμαίους
3073 5614 3415 5683 ἐπαίροντες,
3455 5612 3645 5682 ἐπειδὴ
3676 5612 3973 5682 Ἀρκάδιος

2381 5711 2542 5765 ὁτῶν
2578 5708 2866 5778 Ῥωμαὶων
2925 5705 3177 5777 βασιλεὺς
3225 5704 3320 5757 τὸν
3374 5705 3490 5772 βίον
3538 5703 3854 5757 καταλιπὼν
3884 5705 3973 5773 τῷ

2386 5804 2540 5858 παιδὶ
2566 5802 2832 5869 Θεοδοσίῳ
2858 5803 3063 5872 τριετεῖ
3091 5799 3204 5853 ὄντι
3237 5798 3496 5852 κατέλιπε
3527 5798 3627 5866 τὴν
3656 5796 3969 5866 βασιλείαν,

2382 5898 2565 5953 ἄδικον
2626 5896 2719 5951 καὶ
2758 5894 3126 5966 ἀπάνθρωπον
3164 5889 3302 5946 εἶναι
3345 5890 3668 5962 νομίσαντες
3713 5888 3973 5961 βασιλέα
