4158 6430
222 345 287 404 53
1654 339 2055 400 EI‘ISTOL.E.
3421 336 3490 400 54

225 462 505 533 πολεμεῖν,
531 462 601 532 ήν
650 462 678 514 6
709 462 953 529 κατέχων
1003 458 1109 511 τῶν
1140 459 1495 529 ἀνθρωπίνων
1550 459 1808 528 πραγμά-

1923 473 2034 511 rum
2085 457 2539 510 muderandarurn
2582 460 2865 523 imperitus
2891 499 2902 519 ,
2940 476 3045 510 non
3080 459 3251 513 solum
3288 478 3315 512 ιι
3348 458 3489 513 bello

220 571 328 607 των
369 554 466 606 καὶ
514 552 841 623 διοικήσεων
872 552 958 604 διὰ
1004 551 1104 621 τὴν
1139 549 1439 621 νηπιότητα
1472 545 1538 621 ἦν
1583 550 1813 604 ἀνεπαί-

221 648 441 717 σθητος,
476 646 539 698 οὐ
603 646 765 713 μόνον
822 644 913 696 τὸν
960 642 1199 713 πόλεμον
1248 642 1516 706 ἔπαυσαν,
1576 641 1635 694 ὃν
1675 642 1813 711 πρὸς

231 737 521 808 Ἀρκάδιον
564 737 855 807 ἐνήργουν,
914 734 1051 788 ἀλλά
1103 734 1369 804 καὶπρὸς
1402 733 1528 796 τοὺς
1576 732 1811 786 ἐνταῦθα

220 830 318 898 τῆς
348 828 661 899 συγκλήτου
693 830 1024 899 προέχοντας
1050 829 1077 881 ὀ
1108 827 1365 897 βασιλεὺς
1392 825 1681 880 ἀπέστειλε
1704 825 1813 878 τῶν

222 921 477 991 Περσῶν.
512 921 760 990 Χοσρόης
788 920 844 973 δὲ
874 916 941 990 ἦν
972 921 1000 973 6
1029 922 1248 974 πάντων
1282 919 1511 991 Περσῶν
1537 918 1631 972 ἐπὶ
1667 936 1813 987 μιαι-

219 1012 382 1082 φονίᾳ
420 1012 708 1082 διαϐόητος
744 1011 924 1065 ’ἀλλά
974 1012 1082 1081 γάρ
1134 1007 1285 1074 οὗτος
1339 1012 1626 1065 ἀπέστειλε
1679 1012 1815 1083 πρὸς

219 1103 347 1161 τοὺς
390 1101 491 1171 τῆς
549 1102 853 1172 συγκλήτου
909 1102 1171 1171 λογάδας,
1224 1102 1404 1173 δηλῶν
1448 1103 1525 1166 ὼς
1575 1105 1668 1156 καὶ
1722 1104 1815 1156 τὸν

225 1192 470 1262 πόλεμον
510 1193 799 1259 καταλύει,
844 1196 938 1248 καὶ
977 1194 1074 1248 τοῦ
1138 1194 1333 1263 νηπίου
1370 1194 1639 1266 βασιλέως
1683 1213 1818 1266 προ-

224 1284 515 1354 στήσεται,
550 1286 645 1338 καὶ
679 1287 732 1339 εί
760 1302 843 1348 τις
879 1285 1113 1355 ἀντᾶραι
1144 1288 1333 1356 χεῖρας
1368 1285 1676 1355 πολεμικὰς
1697 1288 1815 1340 τολ-

229 1378 421 1445 μήσει,
473 1379 624 1450 πάσῃ
674 1379 967 1448 ἀμυνεῖται
1016 1378 1270 1447 δυνάμει,
1308 1378 1402 1432 καὶ
1452 1379 1694 1449 χωρήσει
1723 1378 1818 1431 καὶ

1916 562 2201 605 cessarunt
2236 550 2381 620 quod
2430 566 2553 604 eum
2588 550 2821 604 Arcadio
2863 550 3155 614 habebant,
3189 552 3282 604 sed
3323 551 3485 605 etiam

1918 645 1984 697 ad
2026 653 2247 699 senatus
2279 641 2562 714 prmfectos
2596 644 2743 698 misit
2791 642 3078 697 Persarum
3116 660 3205 696 rex
3239 642 3489 712 legatos;

1917 736 2191 792 Cltosroes
2240 748 2419 790 autem
2463 747 2581 789 erat
2615 752 2706 790 rex
2749 735 2864 801 ille,
2912 736 3152 788 omnium
3202 734 3490 787 Persarum

1917 828 2332 885 crudelissimus
2369 828 2633 882 habitus:
2682 829 2830 883 misit
2863 838 3044 881 tamen
3087 828 3202 895 ipse
3234 826 3296 879 ad
3336 842 3496 880 sena-

1920 931 2034 976 tum
2088 921 2294 991 legatos
2341 921 2433 990 qui
2489 920 2735 974 dicerent
2786 920 2989 974 bellum
3046 918 3403 973 intermittere
3443 926 3497 969 et

1924 1011 2194 1067 inl'antulo
2221 1014 2329 1081 regi
2365 1012 2826 1080 patrocinaturum
2862 1027 3002 1073 esse.
3040 1027 3101 1065 ac
3134 1008 3323 1078 siquis
3346 1023 3497 1061 arma

1926 1118 2144 1157 movere
2177 1102 2417 1164 audebit,
2447 1102 2572 1156 totis
2600 1102 2805 1156 viribus
2841 1103 2956 1157 suis
2985 1104 3227 1155 ulturum
3261 1112 3501 1167 cumquo

1926 1196 2146 1266 preprio
2192 1196 2436 1249 exercitu
2481 1202 2666 1247 contra
2699 1194 2843 1247 illam
2875 1194 3062 1247 urbem
3095 1196 3299 1246 iturum
3333 1200 3500 1259 atque

1926 1302 2142 1341 omnem
2205 1302 2392 1340 curam
2430 1294 2796 1356 conatumque
2842 1285 2896 1339 in
2934 1285 2986 1339 id
3031 1286 3409 1353 impcnsurum
3442 1293 3504 1333 ιιι

1927 1376 2046 1445 ejus
2075 1393 2259 1431 eversa
2296 1375 2645 1430 fundamenta
2679 1379 2729 1428 in
2759 1392 2905 1431 mare
2939 1375 3182 1446 dejiciut.

223 1471 348 1523 κατ’
378 1471 555 1540 αὐτῆς
588 1471 691 1540 τῆς
732 1472 943 1536 πόλεως
976 1474 1074 1527 σὺν
1106 1473 1185 1543 τῷ
1217 1474 1406 1545 οίκείῳ
1448 1473 1687 1544 στρατῷ,
1723 1473 1818 1527 καὶ
1856 1472 2038 1527 πᾶσαν
2072 1473 2306 1543 σπονδὴν
2340 1473 2565 1544 θήσεται
2598 1473 2691 1527 καὶ
2754 1473 2941 1541 ἀγῶνα
2970 1472 3063 1527 τοῦ
3096 1476 3190 1526 καὶ
3251 1471 3315 1523 τὰ
3346 1467 3505 1537 θεμές

220 1565 313 1617 λια
340 1563 551 1634 ταύτης
586 1564 941 1634 ἀναστρέψας
967 1566 1046 1627 είς
1089 1564 1365 1619 θάλασσαν
1400 1566 1681 1636 ἐμϐαλεῖν.

310 1655 559 1719 Ἀκούεις
613 1653 882 1725 βασιλέως
937 1652 1213 1725 βαρϐάρου
1252 1654 1346 1708 καὶ
1393 1654 1691 1720 δυσσεδοῦς
1725 1674 1814 1724 φι-

222 1745 582 1816 λανθρωπίαν
606 1762 623 1812 ;
662 1745 909 1809 Ἀκούεις
926 1747 1111 1817 κρίσιν
1130 1746 1372 1809 διανοίας
1396 1746 1537 1800 κατά
1562 1762 1623 1814 γε
1656 1746 1816 1800 τοῦτο

1999 1653 2230 1708 Videsne
2286 1654 2500 1709 barbari
2565 1664 2618 1705 et
2672 1652 2822 1721 impii
2880 1653 3022 1721 regis
3070 1645 3502 1706 humanitatem?

1924 1748 2152 1803 audisne
2195 1750 2389 1803 mentis
2426 1748 2478 1801 in
2511 1747 2611 1801 ltoe
2638 1747 2827 1802 saltent
2850 1746 3170 1814 juStissimre
3193 1747 3504 1815 judicium?

223 1838 580 1904 δικαιοτάτης
609 1854 624 1901 ;
658 1837 769 1893 Καὶ
801 1836 911 1909 γὰρ
942 1836 1133 1908 ὥσπερ
1169 1839 1199 1891 6
1233 1838 1537 1909 ἐπιτρέχων
1575 1838 1815 1909 ὀρφανοῦ

1925 1839 2079 1893 Sicut
2107 1839 2250 1893 enim
2287 1841 2410 1906 quis
2447 1838 2677 1906 orpltani
2730 1853 2815 1891 res
2848 1837 3075 1895 invadit.
3112 1839 3252 1890 latro
3282 1849 3333 1891 et
3371 1852 3499 1906 rap-

229 1930 424 1993 παιδδς
455 1930 748 2001 πράγμασι
810 1930 1014 2003 λῃστής
1062 1932 1180 1985 ἑστι
1216 1932 1313 1985 καὶ
1340 1932 1548 2002 ἅρπαξ,
1581 1934 1677 1989 καὶ
1720 1932 1820 2005 οὐχ

226 2023 422 2085 ἁπλῶς
458 2022 666 2091 ἄδικος,
694 2024 839 2077 οὕτω
862 2026 954 2078 καὶ
982 2026 1009 2077 6
1031 2026 1316 2095 τυραννεῖν
1344 2024 1626 2098 βουληθεὶς
1647 2029 1824 2098 ὀρφα-

224 2116 316 2169 νδν
350 2115 586 2186 βασιλέα
628 2117 722 2170 καὶ
762 2118 958 2187 νήπιον
1006 2119 1069 2172 οὐ
1126 2118 1289 2189 μόνον
1345 2118 1508 2188 ἔργον
1552 2120 1822 2191 τυράννου

228 2210 397 2271 ποιεῖ,
432 2208 570 2261 ἀλλά
592 2208 792 2279 λῃστοῦ
824 2210 919 2262 καὶ
948 2208 1221 2281 ἅρπαγος,
1250 2210 1345 2265 καὶ
1367 2210 1590 2265 πάντων
1615 2209 1825 2280 ἀνθρώ-

226 2317 347 2352 πων
386 2300 698 2370 βιαιοτάτου
724 2316 739 2332 ⁸
789 2304 926 2371 ὅπερ
958 2305 1166 2367 ἐκεῖνος
1211 2304 1240 2357 6
1287 2303 1565 2376 βάρϐαρος
1598 2303 1841 2358 συνιδὼν

228 2392 513 2464 βάσιλείις,
538 2399 565 2449 6
595 2398 673 2467 μὴ
700 2401 789 2451 τὸν
820 2398 1056 2469 Χριστὸν
1077 2400 1171 2452 καὶ
1194 2399 1326 2453 Θεὸν
1345 2400 1501 2470 ήμῶν
1518 2398 1820 2470 γινώσκων,

224 2487 481 2558 ᾐσχύνθη
517 2489 642 2542 ἀντὶ
674 2490 773 2560 τῆς
806 2490 1094 2561 βασιλικῆς
1125 2490 1291 2545 αὐτοῦ
1331 2493 1501 2563 τιμῆς
1544 2494 1681 2566 πρὸς
1720 2494 1824 2565 ἀρ-

226 2596 408 2646 παγος
452 2583 553 2633 καὶ
596 2581 798 2652 λῃστοῦ
830 2583 1055 2652 ἀτιμίαν
1102 2585 1295 2638 ἑαυτὸν
1329 2586 1615 2657 ἐμϐαλεῖν,
1650 2586 1825 2656 λέγων

225 2672 344 2732 τοῖς
384 2671 526 2741 πρὸς
561 2673 722 2726 τοῦτο
770 2674 1171 2743 διερεθίξουσιν
1200 2677 1362 2731 αὐτὸν
1395 2679 1513 2747 (καὶ
1544 2679 1654 2750 γὰρ
1682 2675 1825 2755 ἦσαν

227 2764 325 2815 καὶ
355 2764 484 2817 τότε
512 2766 700 2819 πολλοὶ
724 2768 914 2837 μιαροὶ
940 2768 1036 2822 καὶ
1059 2771 1256 2841 λῃσταὶ
1287 2770 1480 2837 ὅντως,
1510 2772 1644 2843 πρὸς
1667 2772 1827 2826 τοῦτο

228 2855 655 2920 ὑποκινοῦντες,
684 2857 876 2924 ῶσπερ
908 2862 1001 2913 καὶ
1038 2859 1133 2913 νῦν
1164 2864 1301 2914 εἰσιν
1331 2862 1381 2915 οῖ
1407 2863 1506 2933 τὴν
1534 2863 1632 2934 σὴν
1664 2863 1826 2918 σύνε-

230 2962 311 2996 σιν
345 2947 491 3015 πρὶς
520 2950 679 3002 τοῦτο
719 2951 953 3019 ὑπάγειν
989 2954 1431 3023 σπουδάζονται),
1473 2956 1586 3009 ἀλλ’
1618 2959 1828 3021 ἐκεῖνος

226 3034 418 3100 ἔλεγεν
468 3035 595 3089 οὔτε
645 3038 835 3091 δίκαια
865 3038 988 3092 οὗτε
1025 3042 1375 3112 συμφέροντα
1429 3044 1825 3113 συμϐουλεύειν

228 3126 378 3195 αύτῷ
399 3142 414 3155 ·
464 3128 527 3180 τὸ
562 3128 660 3199 μὲν
693 3130 802 3200 γὰρ
838 3134 1169 3202 προσλαϐεῖν
1203 3136 1366 3206 τυχὸν
1413 3136 1702 3208 πλοῦτονῆ
1736 3139 1826 3192 δυ·

1930 1942 2013 1986 tor
2035 1941 2141 1995 est,
2176 1947 2273 1985 nec
2308 1941 2517 1986 tantum
2540 1931 2778 2001 injustus
2823 1946 2837 1984 :
2868 1931 2937 1983 ita
2972 1931 3064 1999 qui
3095 1945 3271 1999 regem
3301 1930 3509 1998 orpha-

1929 2040 2055 2079 num
2079 2033 2131 2079 et
2157 2025 2485 2079 lnl'antulum
2506 2024 2814 2094 opprimere
2850 2023 3154 2092 proposuit,
3194 2036 3299 2075 non
3325 2022 3505 2075 solum

1930 2118 2146 2188 tyranni
2176 2133 2328 2173 more
2352 2134 2411 2173 se
2442 2118 2601 2187 gerit,
2634 2120 2727 2172 sed
2760 2124 2813 2171 et
2848 2116 3073 2169 latronis
3101 2122 3153 2168 et
3188 2112 3509 2183 prtedateris

1928 2217 2092 2278 atque
2126 2209 2369 2264 onmium
2402 2208 2815 2275 violentissimi;
2850 2207 2995 2278 quod
3032 2207 3276 2263 sentiens
3308 2206 3508 2260 barba-

1929 2315 2021 2355 rus
2077 2300 2168 2356 ille
2221 2314 2354 2366 rexi,
2414 2300 2693 2356 Christum
2754 2311 2809 2356 et
2862 2300 3029 2353 Deum
3078 2308 3328 2353 nostrum
3383 2298 3508 2351 licet

1930 2391 2204 2457 nesciens,
2257 2394 2476 2449 erubuit
2524 2394 2765 2464 seipsum
2825 2396 2876 2447 in
2911 2393 3139 2448 latronis
3197 2401 3251 2449 et
3301 2390 3510 2461 ιιι-πᾶα-

1928 2484 2064 2539 toris
2126 2484 2431 2551 infamiam,
2490 2501 2590 2556 pro
2629 2487 2779 2555 regio
2823 2485 3034 2541 honore
3067 2485 3387 2549 immittere.
3441 2484 3509 2538 iis

1929 2577 2020 2644 qui
2058 2576 2123 2629 ad
2176 2576 2227 2630 id
2270 2592 2394 2630 eum
2432 2576 2746 2631 excitabant
2784 2577 2937 2647 (tunc
2963 2577 3107 2631 enim
3141 2584 3298 2630 erant
3338 2580 3505 2629 etiam

1928 2668 2149 2741 plurimi
2176 2670 2390 2726 scelesti
2432 2682 2485 2726 et
2536 2686 2661 2725 vere
2698 2672 2956 2730 latrones.
2997 2670 3061 2725 ad
3114 2672 3164 2725 id
3213 2686 3335 2725 eum
3378 2686 3505 2739 pro-

1931 2770 2207 2825 rorantes,
2244 2761 2385 2815 sicut
2411 2772 2462 2816 et
2493 2762 2654 2816 modo
2686 2771 2815 2818 sunt
2849 2761 2940 2831 qui
2977 2770 3127 2815 tuum
3158 2761 3399 2814 animum
3437 2760 3507 2815 ad

1932 2850 2035 2903 hoc
2072 2851 2399 2920 perpellunt)
2432 2849 2621 2906 dicens
2648 2867 2744 2906 eos
2774 2851 2873 2905 sibi
2911 2867 3007 2906 nec
3032 2852 3174 2921 justa
3220 2865 3319 2906 nec
3353 2850 3511 2903 utilia.

1928 2942 2200 2996 suadere:
2244 2958 2482 3012 namque
2511 2944 2727 3000 divitias
2764 2954 2856 2998 aut
2896 2954 3215 3014 potestatem
3253 2943 3503 2997 obtinere

1931 3042 2164 3103 possunt
2214 3043 2265 3088 ιι
2323 3035 2449 3089 mali
2506 3038 2772 3101 homines,
2811 3053 3006 3091 nomen
3051 3052 3178 3092 vero
3206 3035 3500 3106 gloriosum

1929 3124 2032 3179 sibi
2066 3138 2519 3196 comparare,aut
2541 3129 2866 3196 ucquisitunt
2901 3145 3119 3185 servate
3141 3144 3237 3183 nec
3268 3128 3505 3197 abjicero

227 3224 491 3276 ναστείαν
536 3224 655 3277 ἐστὶ
708 3228 801 3280 καὶ
848 3228 958 3281 τῶν
1002 3232 1255 3303 πονηρῶν
1309 3235 1637 3305 ἀνθρώπων,
1668 3240 1731 3290 τὸ
1763 3238 1818 3291 δὲ

1927 3220 2168 3273 virorum
2206 3231 2414 3273 tantum
2452 3232 2533 3276 est
2562 3222 2905 3292 prudentium
2943 3232 2994 3277 et
3036 3223 3289 3277 virtutem
3320 3223 3506 3276 colen-

228 3310 398 3380 ινομα
432 3313 650 3378 ἔνδοξον
691 3318 1023 3384 κτήσασθαι,
1054 3320 1085 3391 ἢ
1122 3322 1323 3393 κτηοὲν
1366 3325 1695 3395 διαφυλάξαι
1725 3328 1819 3381 καὶ

232 3403 302 3474 μή
334 3405 635 3470 ἀπολέσαι,
669 3409 850 3479 μόνων
900 3413 1015 3465 ἐστὶ
1052 3414 1333 3484 φρονίμων
1377 3417 1475 3472 καὶ
1501 3418 1704 3491 ἀρετήν
1740 3436 1819 3474 τι·-

232 3495 489 3565 μὼντων,
524 3501 622 3552 καὶ
672 3500 895 3574 μνήμην
948 3506 1163 3576 ἀγαθὴν
1218 3509 1541 3565 καταλιπεῖν
1590 3512 1669 3583 τῷ
1718 3512 1819 3585 βίῳ

231 3589 673 3654 σπουδαζόντων.
733 3594 799 3647 Τί
851 3596 1063 3665 λέγειςς
1114 3595 1263 3671 Ἀρα
1312 3603 1494 3669 καλῶς
1540 3605 1657 3677 ἔχει
1708 3624 1815 3667 σοι.

232 3680 422 3733 τέκνον
470 3683 627 3751 ἐμὸν,
662 3684 732 3737 δι’
757 3686 1056 3757 ἐπιθυμίαν
1108 3694 1423 3763 τυραννίδος
1464 3696 1631 3767 χείρω
1665 3701 1817 3765 γενέ-

232 3772 352 3824 σθαι
388 3774 727 3844 Χριστιανὸν
769 3777 901 3833 δντα
933 3782 1026 3833 καὶ
1059 3782 1157 3849 τῆς
1195 3785 1407 3839 ἐκείνου
1438 3787 1595 3858 δόξης
1619 3791 1818 3863 κληρο-

227 3865 419 3935 νομίαν
467 3867 785 3933 ἐλπίζοντα,
832 3870 1024 3942 ἀνδρὸς
1055 3873 1335 3948 βαρδάρου
1368 3880 1462 3933 καὶ
1517 3881 1681 3936 ἀθέου
1724 3885 1816 3938 καὶ

230 3958 615 4030 ωρσολάτρου
646 3972 741 4015 και
770 3963 927 4032 ἥλιον
971 3968 1063 4019 καὶ
1102 3968 1334 4040 σελήνην
1370 3973 1525 4037 θεοὺς
1569 3976 1818 4046 νομίζον-

226 4068 348 4117 τοςς
386 4054 503 4105 Καὶ
546 4055 668 4119 πῶς
713 4057 815 4111 οὐκ
848 4057 1073 4126 ἄμεινον
1129 4063 1434 4119 καταδῦναι
1468 4067 1551 4131 είς
1591 4069 1694 4140 γῆν
1722 4071 1818 4125 τὸν

223 4143 369 4197 οὕτω
400 4147 708 4214 φρονοῦντα
760 4149 792 4220 ἢ
832 4150 1053 4220 βλέπειν
1083 4153 1173 4207 τον
1198 4155 1383 4226 ἤλιον;
1592 4154 1597 4160 ’

307 4236 479 4305 Ἐγὼ,
503 4239 695 4292 τέκνον
720 4242 872 4311 ἐμὸν,
893 4244 1030 4315 ὅπερ
1077 4248 1170 4298 καὶ
1213 4250 1501 4318 προλασὼν
1548 4252 1722 4319 εἷπον,
1754 4258 1815 4326 ἐξ

222 4330 349 4400 ὗλης
385 4348 447 4383 σε
478 4332 715 4402 φιλήσας
735 4333 938 4406 ψυχῆς,
962 4337 1145 4407 φιλίαν
1169 4339 1263 4393 τοῦ
1298 4344 1609 4415 πνεύματος
1640 4350 1813 4404 καθα·

224 4424 345 4491 ράν,
379 4424 461 4486 ὡς
493 4430 1038 4496 χριστιανικώτατον,
1064 4430 1139 4496 ὡς
1166 4433 1529 4503 δικαιότατον,
1556 4442 1631 4505 ὡς
1660 4460 1815 4498 συνε-

1930 3311 2060 3365 tium
2093 3320 2255 3380 atque
2298 3314 2609 3366 enrantium
2660 3322 2718 3367 ut
2751 3328 2862 3368 sua:
2903 3314 3022 3367 vitae
3060 3314 3255 3367 bonam
3300 3312 3499 3366 famam

1928 3402 2258 3471 relinquant.
2321 3403 2461 3469 Quid
2506 3405 2684 3459 dicis?
2736 3406 2899 3460 tibine
2940 3405 3250 3475 pulchrum,
3288 3404 3361 3458 Illi
3403 3407 3499 3465 mi.

1926 3495 1997 3549 ob
2028 3496 2332 3568 tyrannidis
2391 3500 2699 3567 cupidinem
2726 3540 2738 3561 ,
2787 3500 3025 3569 peiorem
3064 3500 3201 3560 lieri.
3235 3500 3503 3555 Christia-

1926 3602 2026 3643 nus
2063 3604 2184 3643 cum
2212 3591 2290 3645 sis
2319 3600 2371 3645 et
2406 3591 2842 3647 Christianorum
2886 3593 3069 3663 gloriae
3101 3594 3501 3663 possessionem

1926 3692 2134 3747 speres,
2184 3678 2406 3734 homine
2453 3681 2705 3745 barbaro,
2754 3683 2871 3737 sine
2905 3682 3203 3753 Deo.ignis
3234 3684 3501 3738 cultorem

1923 3778 1976 3823 et
1998 3771 2164 3825 solent
2190 3780 2351 3842 atque
2374 3773 2553 3828 lunam
2583 3775 2714 3830 deos
2732 3792 2852 3830 esse
2895 3776 3284 3831 existimante?
3312 3776 3506 3832 Nonne

1926 3860 2122 3918 melius
2165 3872 2313 3918 esset
2360 3864 2412 3917 in
2453 3872 2654 3921 terram
2693 3867 3025 3923 descendere
3068 3869 3140 3923 ita
3178 3868 3513 3926 sentientem
3578 3910 3579 3913 η
3628 3912 3655 3924 ..

1924 3970 2088 4025 quam
2121 3959 2289 4011 solem
2324 3957 2617 4028 aspicere?
2664 4017 2669 4021 ς

1995 4260 2324 4332 Ego,t‘tlimi.
2364 4275 2435 4329 te,
2469 4264 2652 4334 utjam
2691 4265 2938 4337 praedixi,
2971 4277 3083 4323 toto
3128 4267 3294 4322 corde
3314 4267 3504 4337 ἀίιίειιι

1924 4356 2075 4423 bam,
2122 4366 2309 4411 sancta
2358 4358 2661 4412 secundum
2707 4358 2969 4428 Spiritum
3020 4358 3335 4421 dilectione,
3381 4370 3503 4413 tan-

1922 4461 2085 4515 quam
2139 4448 2676 4513 cltristianissimum,
2724 4450 3120 4519 iustissimum,
3163 4452 3506 4521 sapientissi-

221 4515 491 4579 τὼτατον,
527 4517 603 4581 ὼς
635 4521 781 4573 κατά
802 4522 976 4576 πάντα
1017 4525 1154 4578 Θεοῦ
1186 4527 1520 4597 Θεράποντα,
1551 4538 1646 4588 καὶ
1668 4537 1816 4610 αὐτῷ

1924 4554 2098 4601 mum,
2146 4538 2199 4592 in
2252 4541 2510 4594 omnibus
2554 4539 2662 4595 Deo
2708 4545 3038 4597 servientem
3073 4545 3232 4613 eique
3257 4545 3503 4613 placendi

222 4608 488 4679 ἀρέσκειν
521 4611 833 4678 μελετῶντα
891 4630 904 4643 ·
945 4617 1183 4684 μάλιστά
1212 4636 1275 4687 γε
1321 4624 1415 4675 καὶ
1446 4625 1550 4677 ὑπὸ
1607 4608 1820 4685 πολλῶν

222 4698 411 4750 ἀκούω
423 4699 510 4751 ὅτι
526 4703 790 4754 καὶννκτὶ
806 4706 901 4757 καὶ
925 4706 1108 4776 ἡμέρᾳ
1124 4708 1185 4761 οὗ
1202 4708 1392 4781 λήγεις
1415 4714 1552 4768 Θεοῦ
1564 4717 1819 4789 δεόμενος

225 4791 367 4860 ὑπὲρ
384 4790 487 4859 τῆς
507 4792 781 4862 προτέρας
800 4811 893 4848 σου
912 4799 1412 4869 κατάΧριστιανῶν
1434 4809 1814 4878 ἐκστρατείας,

227 4883 315 4935 καὶ
342 4886 487 4935 πᾶσι
524 4885 749 4954 τρόποις
772 4889 987 4960 ἐκείνης
1004 4892 1102 4962 τῆς
1120 4896 1399 4966 ἁμαρτίας
1424 4900 1617 4954 ἑαυτὸν
1650 4908 1818 4960 ἐκκα-

226 4976 438 5048 θαίρων
491 4980 771 5048 νηστείαις
804 4985 898 5035 καὶ
942 4986 1175 5055 δάκρυσι
1212 4992 1306 5042 καὶ
1363 4994 1648 5064 συντρίψει
1682 5016 1819 5070 καρ-

224 5069 362 5132 δίας.
411 5070 579 5123 Ἀλλά
618 5073 729 5144 γὰρ
771 5077 977 5148 ταύτην
1012 5079 1111 5151 τὴν
1150 5083 1326 5154 καλήν
1359 5102 1452 5138 σου
1497 5069 1818 5161 προαίρεσιν

228 5162 549 5229 μανθάνων,
583 5169 678 5218 καὶ
705 5167 805 5238 τὴν
837 5170 1003 5241 ἀλλην
1043 5174 1267 5245 ἀρετὴν,
1320 5177 1453 5246 ὅσην
1484 5180 1761 5250 διεξῆλθεν
1788 5186 1817 5238 6

227 5257 406 5322 λόγος,
432 5258 713 5327 ὀλοψύχως
740 5261 992 5331 ἐφίλησα.
1020 5267 1129 5319 Καὶ
1150 5268 1247 5321 νῦν
1274 5268 1330 5322 δὲ
1360 5271 1459 5341 τὴν
1488 5274 1655 5345 αὐτὴν
1680 5278 1816 5346 πρὸς

227 5351 280 5401 σὲ
308 5350 605 5416 διασὼζων
640 5353 848 5423 φιλίαν,
884 5359 977 5410 καὶ
1010 5358 1111 5428 τὴν
1145 5361 1402 5415 ἀπαίσιον
1440 5366 1535 5418 καὶ
1573 5370 1814 5439 πονηρὰν

226 5447 438 5515 ταύτην
497 5446 742 5510 ἀκούσας
771 5450 1053 5518 ἀγγελίαν,
1098 5454 1197 5507 οὐκ
1246 5456 1456 5526 ἤνεγκα
1511 5462 1811 5531 σιωπῆσαι,

228 5535 364 5588 ἀλλὰ
392 5536 652 5608 δακρύων
694 5542 789 5594 καὶ
815 5545 1089 5608 στενάζων
1117 5547 1179 5599 τὸ
1205 5549 1440 5619 γράμμα
1477 5553 1808 5608 ἀπέστειλα·

231 5630 443 5697 πρῶτον
503 5631 604 5700 μὲν
656 5633 907 5702 δεόμενος
964 5638 1057 5691 τοῦ
1108 5638 1245 5693 Θεοῦ
1295 5644 1394 5713 τῆς
1439 5648 1536 5713 σῆς
1570 5646 1811 5715 ἅψασθαι

230 5722 481 5791 καρδίας,
512 5724 609 5777 καλ
650 5728 1025 5797 μεταστρέψαι
1055 5731 1226 5802 αὐτὴν
1253 5735 1391 5804 πρὸς
1416 5736 1475 5787 τὸ
1514 5737 1810 5808 εὐάρεστον

238 5813 397 5867 αύτεῦ
431 5814 529 5869 καὶ
576 5818 863 5885 σωτήριον,
899 5824 991 5874 καὶ
1034 5822 1092 5875 σὲ
1144 5824 1390 5880 δεικνύον
1442 5828 1808 5895 ἀκατάκριτον

1922 4632 2265 4695 studiosum;
2307 4634 2613 4702 prtesertim
2657 4649 2789 4689 vero
2833 4652 2860 4689 a
2912 4637 3163 4704 plurimis
3197 4638 3426 4693 audiens
3455 4650 3506 4691 te

1924 4736 2081 4779 nocte
2116 4740 2180 4779 ac
2230 4725 2317 4780 die
2361 4742 2467 4779 non
2506 4739 2809 4782 cessantem
2842 4732 2906 4781 ad
2952 4729 3118 4783 Deum
3156 4747 3343 4799 preces
3382 4733 3506 4783 lun—

1920 4818 2048 4871 dere
2097 4828 2315 4887 propter
2347 4821 2583 4885 priorem
2630 4821 2773 4875 illam
2824 4832 2970 4876 tuam
3022 4823 3288 4878 adversus
3338 4824 3504 4878 Clu-i-

1921 4911 2131 4965 stianos
2154 4912 2556 4980 expeditionem
2592 4924 2645 4967 et
2678 4918 2825 4969 omni
2853 4918 3038 4978 modo.
3066 4917 3291 4986 vigiliis,
3330 4920 3505 4991 laery-

1919 5002 2025 5055 mis
2057 5010 2109 5055 et
2150 5003 2336 5056 cordis
2372 5004 2700 5059 contritione
2755 5006 2985 5075 teipsum
3017 5007 3112 5060 illo
3149 5018 3371 5076 peccato
3402 5023 3501 5063 ex—

1918 5109 2195 5164 purgare;
2247 5111 2413 5165 quam
2477 5097 2658 5151 seiens
2716 5098 2915 5154 bonam
2961 5100 3294 5153 voluntatem
3352 5110 3497 5155 tuam

1917 5196 2081 5255 atque
2137 5196 2361 5240 caeteras
2416 5186 2644 5242 virtutes
2700 5204 2838 5257 quas
2888 5190 3248 5253 enarrabunt,
3294 5200 3346 5246 te
3386 5201 3499 5248 toto

1916 5278 2082 5331 corde
2115 5276 2449 5345 diligebam;
2477 5292 2624 5332 nunc
2657 5287 2863 5343 autem,
2911 5294 3035 5333 cum
3083 5281 3331 5335 eamdem
3367 5298 3493 5352 erga

1916 5381 1967 5424 te
2000 5370 2345 5426 dilectionem
2381 5387 2678 5435 servarem,
2721 5384 2944 5443 accepto
2990 5374 3227 5429 infausto
3253 5385 3307 5430 et
3350 5379 3496 5432 malo

1916 5460 2008 5516 illo
2042 5463 2267 5526 nuntio,
2302 5471 2481 5517 tacere
2524 5477 2630 5515 non
2666 5463 2833 5527 valui,
2879 5464 2972 5519 sed
3015 5464 3146 5518 llens
3177 5474 3230 5517 et
3270 5479 3492 5535 gemens

1915 5555 2031 5611 inec
2060 5556 2124 5610 ad
2162 5564 2213 5609 te
2239 5556 2435 5626 scripsi
2482 5572 2495 5610 :
2540 5559 2718 5624 primo
2740 5559 2955 5627 quidem
2993 5574 3019 5610 a
3055 5556 3165 5611 Deo
3197 5561 3489 5628 postulans

1913 5652 1971 5702 nt
2006 5664 2103 5703 cor
2141 5657 2295 5703 tuum
2330 5657 2514 5720 tangat
2542 5660 2596 5703 et
2642 5658 2928 5704 convertat
2955 5651 3021 5703 ad
3052 5653 3343 5705 consilium
3381 5653 3486 5706 sibi

1914 5741 2133 5808 placens
2172 5750 2225 5795 et
2276 5741 2531 5807 salutare,
2586 5742 2730 5812 quod
2785 5751 2838 5797 te
2868 5744 3401 5814 irrt-prcltensibilem
3435 5756 3488 5801 et

1912 5833 2221 5889 indemnem
2250 5832 2480 5901 elliciat;
2534 5834 2726 5891 deinde
2777 5845 2833 5889 ut
2874 5845 2998 5892 tuas
3048 5852 3207 5893 aures
3253 5836 3481 5907 aperiat,
