4158 6430
687 410 758 471 55
1822 413 2124 473 NICOLAI
2163 415 2271 474 CP.
2311 415 2823 479 PATRIABCIIE
3887 416 3957 481 56

690 538 755 577 ac
788 520 1024 592 quietem
1061 520 1159 575 tibi
1187 536 1214 574 a
1248 520 1576 575 tumultibus
1607 532 1659 573 et
1690 521 1864 575 turbis
1899 522 2265 575 exterioribus

2383 526 2464 579 (αἱ
2487 527 2917 595 ἀκατάγνωστον
2943 526 3157 597 θέλημα
3186 542 3199 557 ·
3233 527 3471 583 Ἔπειτα
3492 528 3548 583 δὲ
3571 528 3833 597 διανοῖξαι
3865 528 3961 583 καὶ

687 624 907 684 praestet
944 614 1012 669 ad
1055 598 1321 669 audien‘da
1374 611 1531 667 verba
1574 627 1689 666 mea
1745 613 2081 681 suadeatque
2107 614 2267 667 talem

691 710 807 763 fieri
845 707 1058 779 qualem
1086 721 1393 775 speramus,
1422 720 1523 760 nos
1557 706 1739 775 potius
1766 706 2077 760 audientem
2102 722 2267 777 quam

691 800 868 856 malos
928 800 1065 855 istos
1112 799 1363 853 homines
1409 798 1634 868 quinos
1683 797 1871 852 dolore
1905 797 2170 863 alliciunt,
2207 812 2271 853 ac

697 903 961 966 quantum
998 893 1052 947 in
1090 894 1228 963 ipsis
1259 900 1365 959 est,
1403 907 1613 962 magna:
1651 900 1756 946 tua:
1792 889 1948 944 famae
1977 892 2120 961 quod
2149 891 2269 961 pul-

688 988 883 1041 chrum
926 996 981 1042 et
1023 988 1221 1041 bonum
1255 996 1339 1041 est
1380 987 1657 1049 tollentes,
1688 985 1783 1039 sed
1823 1000 1923 1039 nec
1975 996 2122 1040 tuam
2154 987 2267 1043 vir-

624 1070 627 1073 Α
689 1091 859 1135 tutem
899 1079 1354 1149 pudefacientem,
1389 1094 1567 1148 neque
1597 1080 1650 1133 in
1698 1079 1802 1133 hoc
1854 1078 2053 1135 seculo
2094 1095 2272 1149 nequc

692 1190 745 1226 Ill
780 1172 964 1228 futuro
1007 1180 1058 1227 te
1106 1182 1325 1227 aeternae
1353 1172 1427 1226 illi
1460 1171 1746 1226 facientem
1773 1173 2069 1227 obnoxium
2112 1173 2272 1243 igno-

698 1266 878 1321 minia
934 1272 1100 1335 atque
1138 1264 1391 1319 dedecori
1446 1274 1501 1319 et
1550 1264 1887 1320 ineluctabili
1946 1279 2121 1333 paena:
2151 1280 2273 1335 quae

691 1357 870 1425 magni
906 1355 1142 1411 nominis
1192 1354 1392 1409 Christi
1424 1363 1479 1410 et
1524 1355 1617 1410 Dei
1662 1357 2133 1427 contemptoribus
2174 1358 2272 1413 de-

693 1451 871 1503 betur.

760 1634 983 1690 Minime
1038 1645 1224 1691 autern
1289 1636 1513 1704 negabis
1575 1636 1758 1705 magni
1815 1636 1964 1693 illius
2031 1637 2273 1694 nominis

688 1739 1061 1800 contemptum
1090 1744 1213 1784 esse
1245 1737 1528 1798 pactorum
1575 1738 1626 1785 et
1650 1729 2092 1798 juramentornm
2138 1745 2271 1785 con-

690 1831 949 1892 templum
977 1834 1030 1877 et
1054 1822 1341 1876 consilium
1369 1822 1610 1890 rapiendi
1635 1822 1785 1892 regni
1817 1822 1964 1892 quod
2010 1822 2077 1877 ad
2119 1831 2269 1878 tuum

689 1933 860 1980 genus
926 1916 1072 1969 nullo
1102 1916 1264 1970 modo
1326 1915 1614 1985 pertinet:
1670 1931 1735 1970 ex
1776 1917 2033 1973 omnibus
2084 1918 2267 1985 dictis,

692 2022 951 2080 tauquam
986 2010 1288 2079 spiritualis
1338 2020 1511 2078 pater,
1542 2009 1803 2064 minimus
1826 2010 1976 2073 licet,
2010 2021 2270 2081 tauquam

689 2102 949 2158 sacerdos
982 2112 1034 2157 et
1081 2102 1254 2157 sancti
1306 2100 1495 2155 altaris
1544 2102 1814 2169 minister,
1849 2102 1953 2157 etsi
1995 2103 2270 2175 indignus,

691 2209 950 2266 tauquam
1016 2213 1045 2250 a
1093 2196 1299 2266 Spiritu
1348 2206 1539 2251 sancto
1582 2206 1904 2267 potestatem
1964 2198 2176 2253 habens
2210 2199 2275 2252 li-

690 2291 851 2361 gandi
887 2300 1175 2361 peccantes
1207 2332 1222 2352 ,
1283 2305 1598 2359 quanquam
1652 2300 2003 2361 peccatorum
2063 2295 2275 2362 primus

692 2398 816 2449 ego,
857 2392 909 2437 te
941 2383 995 2436 in
1035 2382 1193 2437 Patre
1228 2393 1282 2437 et
1319 2383 1453 2437 Filio
1480 2393 1534 2439 et
1566 2383 1772 2453 Spiritu
1806 2395 1996 2440 sancto
2022 2387 2273 2457 Iigamus,

689 2485 771 2539 ut,
806 2475 850 2528 si
884 2475 1015 2545 quid
1052 2475 1363 2531 istiusmodi
1398 2478 1655 2531 statueris
1680 2489 1753 2542 et,
1783 2487 1839 2532 ut
1863 2482 2080 2534 advenit
2110 2479 2274 2545 fama,

691 2567 1033 2638 tyrannidem
1083 2567 1138 2621 in
1185 2568 1374 2621 urbem
1421 2566 1663 2634 alfectes,
1709 2578 1867 2625 tuum
1894 2572 2155 2641 impetum
2189 2588 2277 2628 re-

691 2661 871 2714 l'reues
914 2668 966 2714 et
989 2667 1079 2714 tua
1110 2661 1328 2729 propria
1360 2668 1627 2731 potestate
1657 2663 1734 2717 sis
1754 2672 2065 2727 contentus,
2087 2680 2276 2735 pacem

688 2766 912 2822 quoque
934 2755 1269 2821 praeteritam
1303 2768 1509 2817 serves,
1548 2769 1649 2809 nec
1677 2756 1978 2824 quidquam
2009 2758 2276 2812 innovare

687 2842 925 2907 audeas;
961 2843 1143 2897 sciens
1181 2843 1379 2912 quippe
1413 2853 1483 2909 te,
1528 2846 1571 2899 si
1621 2846 1751 2899 talia
1797 2861 2009 2916 ageres,
2044 2848 2279 2904 vinculis

691 2933 932 3000 Spiritus
979 2934 1155 2988 sancti
1211 2934 1687 2990 indissolubilibus
1719 2952 1813 3006 per
1868 2938 2126 2993 smeulum
2159 2954 2280 2994 esse
2312 2919 2321 2929 ’

689 3025 1182 3095 eonstt-ingeudum
1227 3038 1280 3079 et
1325 3040 1640 3081 sanctorum
1693 3039 1857 3097 atque
1898 3031 2280 3087 immaculato-

692 3137 813 3175 rum
854 3120 1237 3191 mysteriorum
1263 3123 1682 3192 participatione
1715 3123 2054 3189 arcendum;
2077 3131 2280 3179 αξιοι*ηο

2374 621 2439 671 τά
2473 613 2611 685 ὦτα,
2641 619 2738 673 καὶ
2772 621 3014 690 ἠρεμίαν
3034 618 3114 690 τῷ
3144 619 3393 690 λογισμῷ
3421 624 3730 690 παρασχεῖν
3760 624 3823 673 ὲκ
3850 622 3957 676 τῶν

2375 707 2577 775 ἔξωθεν
2606 700 2853 779 θορύϐων
2893 712 2988 764 καὶ
3016 710 3274 780 ταραχῶν
3304 709 3586 763 διακοῦσαι
3619 711 3726 763 τῶν
3756 712 3957 778 ἡμετῶ

2376 820 2485 872 ρων
2522 802 2717 872 λόγων,
2773 804 2870 856 καὶ
2925 805 3112 857 πεῖσαι
3169 797 3279 855 οἷον
3329 801 3629 872 ἐλπίζομεν
3678 803 3958 871 γενέσθαι,

2374 895 2468 949 καὶ
2500 896 2733 949 ἀκοῦσαι
2764 896 2913 965 ἡμᾶς
2939 898 3060 949 ἀντὶ
3087 896 3196 948 τῶν
3226 895 3322 949 νῦν
3349 894 3608 966 πονηρῶν
3631 895 3828 962 λόγων.
3863 896 3958 945 καὶ

2372 988 2566 1059 ὀδύνην
2600 988 2698 1059 μὲν
2730 988 2862 1060 ήμῖν
2897 990 3343 1061 ὲμποιησάντων,
3378 990 3436 1042 σὲ
3457 990 3515 1042 δὲ
3555 989 3678 1042 ὅσον
3708 990 3795 1056 ἐφ’
3824 990 3950 1040 ἐαυ-

2374 1083 2487 1145 τοῖς
2511 1081 2671 1152 δόξης
2707 1082 2953 1153 μεγάλης
2982 1082 3386 1151 ζημιωσάντων
3416 1082 3484 1134 τά
3517 1081 3659 1134 καλά
3692 1081 3787 1133 καὶ
3821 1098 3961 1152 cup...

2375 1175 2633 1245 φέροντα,
2670 1177 2766 1230 καὶ
2800 1174 2875 1246 μὴ
2912 1175 3238 1247 αἰσχύνοντα
3276 1176 3375 1244 τὴν
3410 1174 3509 1246 σὴν
3556 1174 3782 1243 ἀρετὴν.
3819 1174 3959 1243 μήτε

2374 1270 2433 1321 ὲν
2465 1268 2542 1338 τῷ
2572 1268 2664 1321 νῦν
2691 1269 2849 1322 αἰῶνι
2880 1272 3017 1338 μήτε
3049 1270 3107 1321 ὲν
3133 1269 3213 1338 τῷ
3243 1268 3493 1340 μέλλοντι
3543 1267 3800 1321 ποιοῦντα
3822 1266 3851 1317 ὑ
3901 1266 3959 1318 ό-

2372 1361 2521 1415 δικον
2552 1361 2775 1413 αίωνίου
2819 1360 3038 1425 ἀδοξίας
3067 1360 3160 1413 καὶ
3190 1361 3436 1430 ἀτιμίας,
3469 1360 3562 1413 καὶ
3598 1359 3963 1430 ἀπαρηγορή-

2373 1471 2465 1506 του
2503 1452 2863 1522 κολάσεως,ἥ
2907 1454 3019 1516 τοῖς
3053 1451 3307 1505 ἀθετοῦσι
3342 1454 3402 1506 τὸ
3443 1453 3587 1522 μέγα
3638 1452 3809 1522 ὄνομα
3861 1451 3958 1505 τοῦ

2376 1544 2613 1615 Χριστοῦ
2640 1543 2733 1598 καὶ
2763 1544 2899 1596 Θεοῦ
2934 1544 3092 1613 ήμῶν
3131 1544 3501 1614 ὲποφείλεται.

2447 1637 2670 1699 Πάντως
2696 1636 2754 1689 δὲ
2785 1637 2884 1690 οὐκ
2908 1637 3273 1706 ἀμφιϐάλλεις
3318 1638 3391 1700 ὡς
3425 1637 3684 1707 ἀθέτησίς
3716 1637 3834 1690 ἐστι
3865 1636 3959 1690 τοῦ

2380 1728 2617 1800 μεγάλου
2647 1731 2914 1800 ὀνόματος
2942 1732 2975 1800 ἡ
3008 1730 3116 1784 τῶν
3148 1730 3460 1801 συμφώνων
3498 1731 3595 1783 καὶ
3633 1729 3743 1782 τῶν
3780 1730 3965 1799 ὅρκων

2376 1823 2658 1895 ἀθέτησις,
2694 1828 2789 1878 καὶ
2816 1824 2878 1877 τὸ
2906 1822 3234 1893 βουληθῆναι
3258 1823 3507 1887 ἁρπάσαι
3546 1822 3824 1891 βασιλείαν
3860 1822 3966 1889 τὴν

2374 1918 2515 1971 κατά
2569 1917 2737 1987 μηδὲν
2778 1916 2858 1987 τῷ
2906 1915 2982 1986 σῷ
3013 1915 3165 1983 γένει
3206 1915 3617 1986 προσήκουσαν.
3649 1914 3777 1967 Ἐπὶ
3824 1913 3965 1964 πᾶσι

2373 2014 2483 2074 τοῖς
2514 2010 2830 2081 εἰρημένοις
2859 2012 2952 2062 καὶ
2987 2008 3063 2071 ὡς
3094 2007 3277 2078 πατὴρ
3322 2005 3466 2059 κατὰ
3506 2006 3749 2074 πνεῦμα,
3788 2007 3834 2057 εἱ
3869 2008 3970 2057 καὶ.

2374 2104 2680 2175 ἐλάχιστος,
2712 2104 2804 2155 καὶ
2829 2103 2903 2166 ὡς
2935 2104 3115 2173 ἱερεὺς
3146 2102 3239 2156 καὶ
3262 2100 3354 2155 τοῦ
3384 2101 3539 2167 ἁγίου
3572 2098 3966 2167 θυσιαστηρίου

2376 2198 2760 2266 παραστάτης,
2812 2196 2863 2248 εί
2909 2198 3005 2249 καὶ
3054 2192 3295 2261 ἀνάξιος,
3337 2194 3433 2247 καὶ
3482 2192 3662 2246 λαϐὼν
3713 2191 3969 2255 ἐξουσίαν

2378 2289 2530 2360 παρά
2570 2288 2664 2343 τοῦ
2718 2288 2989 2356 παναγίου
3051 2287 3370 2357 Πνεύματος
3431 2284 3613 2357 δεσμῷ
3674 2284 3973 2337 εἰποϐαλεῖν

2375 2384 2503 2445 τοὺς
2560 2381 3061 2452 ἐξαμαρτάνοντας,
3094 2381 3140 2432 εί
3191 2382 3287 2433 καὶ
3332 2379 3555 2431 πάντων
3616 2377 3974 2447 ἁμαρτωλῶν

2379 2472 2492 2541 ἐγὼ
2522 2472 2763 2543 πρῶτος,
2794 2473 2982 2544 δεσμῷ
3030 2472 3413 2543 ὑποϐάλλομέν
3468 2490 3525 2524 σε
3558 2473 3615 2524 ὲν
3650 2472 3825 2542 Πατρὶ
3870 2472 3976 2522 καὶ

2379 2566 2496 2637 Υἱῷ
2527 2568 2620 2619 καὶ
2653 2567 2794 2637 ἁγίῳ
2832 2566 3135 2637 Πνεύματι,
3180 2566 3292 2631 ἵνα,
3327 2566 3378 2619 εί
3406 2584 3459 2618 τι
3486 2564 3733 2618 τοιοῦτον
3776 2563 3976 2633 βεϐού-

2377 2660 2561 2730 λησαι,
2598 2661 2693 2712 xu‘t
2736 2658 2810 2723 ὡς
2855 2662 2888 2731 ή
2940 2661 3097 2730 φήμη
3134 2658 3504 2730 προέδραμεν,
3548 2658 3640 2711 ἐπὶ
3692 2658 3977 2727 τυραννίδι

2379 2756 2517 2823 πρὸς
2548 2754 2647 2821 τὴν
2695 2754 2854 2806 πόλιν
2888 2753 3138 2821 διέγνως,
3190 2752 3550 2821 καταργήσης
3603 2752 3662 2803 τὸ
3714 2751 3978 2821 ὅρμημα,

2382 2847 2478 2900 καὶ
2507 2848 2645 2917 πρὸς
2675 2847 2775 2916 τὴν
2803 2846 3014 2899 οἰκείαν
3059 2844 3308 2908 ἐξουσίαν
3340 2831 3710 2917 ὑποστρέψῃς,
3746 2848 3839 2897 καὶ
3871 2848 3979 2915 τήν

2381 2938 2441 3005 ἐξ
2467 2937 2660 3008 ἀρχῆς,
2685 2938 2911 3007 εἰρήνην
2946 2936 3201 3008 στέρξῃς,
3237 2935 3332 2986 καὶ
3376 2934 3544 3003 μηδὲν
3576 2934 3981 3002 καινοτομῆσαι

2381 3032 2691 3102 τολμήσῃς·
2727 3028 3015 3097 γινώσκων
3048 3028 3146 3093 ὡς,
3186 3029 3235 3081 εί
3259 3026 3417 3080 τοῦτο
3450 3027 3702 3098 πράξεις,
3750 3028 3981 3089 ἀλύτοις

2385 3123 2603 3201 δεσμοῖς
2634 3123 2726 3174 τὸν
2757 3122 2936 3175 πάντα
2989 3121 3164 3175 αίῶνα
3192 3120 3286 3175 τοῦ
3331 3121 3600 3189 παναγίου
3652 3120 3983 3189 Πνεύματος

688 3230 911 3284 quoque
966 3214 1107 3270 solio
1156 3223 1333 3270 tecum
1395 3217 1606 3279 astabo,
1672 3216 1972 3272 testificans
2032 3232 2139 3283 me,
2181 3231 2278 3286 pro

2390 3216 2835 3285 ὑποϐεϐλημένος
2869 3214 2989 3283 ἔσῃ,
3047 3213 3144 3266 καὶ
3176 3212 3284 3265 τῶν
3324 3212 3489 3283 ίερῶν
3539 3213 3637 3266 καὶ
3688 3213 3985 3281 άχράντων

688 3307 835 3361 virili
871 3316 1047 3376 parte,
1077 3322 1184 3361 non
1218 3308 1478 3369 tacuisse,
1519 3324 1694 3375 neque
1735 3309 1789 3362 in
1825 3309 1984 3363 talem
2020 3324 2275 3379 prorum-

690 3412 907 3470 pentem
945 3402 1213 3456 insaniam
1254 3412 1304 3456 te
1351 3402 1679 3471 neglexisse.
1738 3418 1915 3472 neque
1942 3413 2050 3457 tua:
2080 3404 2275 3463 salutis

692 3511 877 3549 turam
906 3495 1195 3565 abiecisse,
1228 3495 1321 3550 sed
1355 3511 1546 3550 omnes
1581 3503 1811 3551 conatus
1848 3496 2183 3565 impendisse
2223 3498 2274 3551 iu

694 3590 1004 3645 revocando
1048 3600 1098 3644 te
1128 3599 1180 3643 et
1219 3605 1248 3647 a
1291 3589 1457 3644 noxio
1491 3591 1690 3645 mentis
1738 3598 1844 3644 tute
1877 3590 2083 3660 impetu
2115 3607 2274 3645 aver-

695 3682 881 3744 tendo,
929 3698 997 3737 ne
1049 3682 1325 3737 obnoxius
1380 3681 1540 3738 ﬁeres
1585 3682 1806 3738 vinculo
1855 3692 1909 3737 et
1948 3683 2274 3737 inexorabili

696 3774 1077 3840 damnationi;
1131 3782 1257 3829 ante
1305 3775 1485 3829 omnia
1534 3783 1713 3830 tamen
1777 3774 2029 3845 indignas
2074 3791 2273 3830 manus

700 3880 854 3920 meas
906 3865 972 3919 ad
1024 3865 1222 3921 cmlum
1271 3867 1492 3921 tendere
1535 3867 1650 3935 jam
1712 3882 1818 3921 non
1880 3867 2157 3931 desinam,
2213 3869 2277 3921 ad

699 3960 867 4015 Deum
907 3975 1095 4029 preces
1124 3960 1378 4027 fundens,
1413 3960 1586 4016 donec
1629 3960 1843 4030 justum
1886 3959 2096 4029 iudicet
2132 3960 2279 4028 judi-

696 4056 844 4109 cium
873 4054 1016 4109 inter
1045 4064 1192 4109 tuam
1220 4053 1480 4123 injuriam
1513 4066 1565 4108 et
1597 4055 1795 4123 injuste
1821 4055 2000 4109 lassos.

2389 3309 2709 3381 μυστηρίων
2772 3305 3158 3375 ἀκοινώνητος.
3214 3305 3326 3358 Καὶ
3382 3304 3461 3374 τῷ
3510 3306 3714 3374 αἰωνίῳ
3767 3304 3987 3375 βήματι

2388 3404 2530 3473 μετά
2577 3401 2672 3454 σοῦ
2726 3401 3180 3468 παραστήσομαι,
3227 3398 3532 3468 ἐξελέγχων
3587 3416 3668 3463 σε,
3707 3401 3788 3453 ὅτι
3850 3400 3986 3453 ὅσον

2383 3497 2445 3549 τὸ
2474 3493 2563 3547 ἐπ’
2598 3493 2723 3564 ἐμοὶ
2750 3494 2851 3547 οὐκ
2880 3493 3138 3563 ὲσίγησα,
3185 3493 3309 3545 οὐδὲ
3345 3494 3482 3561 πρὸς
3514 3493 3778 3563 τοιαύτην
3814 3494 3991 3562 φερέ-

2388 3605 2549 3659 μενον
2574 3587 2808 3641 ἀτοπίαν
2837 3586 3119 3659 παρεῖδον,
3154 3586 3274 3639 οὐδὲ
3314 3586 3411 3654 τῆς
3443 3589 3542 3656 σῆς
3587 3586 3838 3656 ἠμέλησα
3872 3604 3989 3638 σω-

2385 3681 2604 3752 τηρίας,
2636 3680 2776 3735 ἀλλὰ
2810 3680 3047 3750 σπουδὴν
3080 3680 3286 3749 ἐθέμην
3318 3680 3413 3732 καὶ
3450 3681 3769 3747 ἀνενεγκεῖν
3797 3695 3855 3731 σε
3885 3682 3994 3731 καὶ

2385 3772 2731 3843 ἀποστρέψαι
2780 3770 2876 3825 τοῦ
2919 3772 3243 3842 ἀσυμφόρου
3293 3773 3601 3841 κινήματος
3648 3772 3749 3837 τῆς
3795 3770 3993 3841 ψυχῆς

2389 3885 2504 3931 σου,
2542 3868 2636 3920 καὶ
2688 3865 2782 3918 τοῦ
2857 3864 3113 3917 ὑπόδικον
3170 3864 3431 3933 γενέσθαι
3482 3866 3575 3916 καὶ
3628 3863 3723 3916 τοῦ
3774 3863 3992 3933 δεσμοῦ

2388 3961 2485 4014 καὶ
2510 3959 2624 4034 ,τοῦ
2666 3958 2865 4013 άλύτου
2902 3958 3345 4027 κατακρίματος.
3380 3958 3494 4026 Πρὸ
3543 3956 3598 4010 δὲ
3626 3956 3833 4009 τούτων
3886 3960 3994 4009 καὶ

2390 4054 2488 4107 νῦν
2532 4054 2631 4117 τὰς
2681 4052 2934 4117 ἀναξίους
2990 4070 3092 4123 μου
3134 4054 3327 4122 χεῖρας
3383 4052 3444 4105 οὐ
3490 4049 3836 4104 κατασπάσω
3884 4049 3996 4102 τοῦ

695 4148 957 4218 οὐρανοῦ,
1009 4148 1266 4217 δεόμενος
1299 4150 1401 4219 τῆς
1432 4148 1586 4213 θείας
1626 4151 1934 4220 δυνάμεως,
1986 4151 2183 4222 μέχρις
2219 4153 2286 4207 ἂν
2323 4151 2522 4222 δικάσῃ
2556 4153 2777 4205 δικαίαν
2823 4151 3006 4221 κρίσιν
3074 4150 3279 4218 μεταξὺ
3315 4149 3415 4218 τῆς
3481 4165 3540 4201 τε
3584 4146 3683 4216 σῆς
3712 4146 3992 4217 ἐπηρείας

698 4250 793 4300 καὶ
820 4246 931 4299 τῶν
974 4247 1177 4310 ἀδίκως
1210 4245 1698 4317 ἐπηρεαζομένων.

1235 4386 1324 4441 γι.
1368 4387 1448 4440 Ad
1485 4389 1725 4443 eumdem

770 4519 903 4587 Qua:
950 4521 1101 4590 prius
1145 4521 1364 4591 scripsi,
1407 4521 1480 4575 fili
1516 4522 1628 4588 mi,
1662 4538 1973 4579 communis
2001 4526 2279 4581 Romano-

701 4630 823 4669 rum
855 4613 1325 4685 Bulgarorumque
1374 4614 1628 4669 utilitatis
1654 4617 1829 4686 gratia
1872 4630 1999 4673 sunt
2028 4618 2230 4688 scripta
2266 4637 2278 4673 :

2391 4623 2547 4692 κοινῇ
2626 4620 3002 4690 συμφέροντος

699 4718 756 4763 et
811 4723 931 4777 qua
980 4722 1126 4761 nunc
1196 4707 1378 4762 scribo
1429 4708 1496 4762 ad
1546 4708 1793 4777 ejusdem
1849 4711 2066 4765 consilii
2121 4721 2286 4781 atque

702 4800 873 4856 studii
907 4800 1173 4855 rationem
1208 4801 1515 4870 pertinent;
1574 4817 1661 4857 me
1691 4802 1965 4872 siquidem
2003 4818 2113 4859 non
2150 4804 2287 4875 fugit

704 4894 922 4964 utrique
952 4894 1208 4964 potestati
1236 4894 1563 4964 populisque
1591 4896 1825 4952 subditis
1859 4895 2085 4953 noxium
2133 4913 2283 4965 esse,

702 4984 968 5039 dissidere
1035 4994 1090 5038 et
1158 4983 1358 5038 bellum
1417 4994 1641 5055 gerere;
1703 4986 1849 5056 quod
1902 5002 1991 5043 me
2052 4988 2285 5043 multum

704 5086 906 5142 movet,
973 5092 1083 5131 non
1139 5077 1317 5132 solum
1379 5078 1507 5147 quia
1566 5081 1739 5135 sancti
1774 5080 1967 5135 altaris
2005 5097 2151 5147 sum,
2183 5082 2282 5136 etsi

703 5172 983 5242 indignus,
1035 5170 1307 5234 minister,
1356 5172 1451 5227 sed
1499 5172 1628 5242 quia
1677 5173 1841 5243 longo
1892 5178 2108 5229 miserae
2162 5176 2286 5227 vitae

707 5279 839 5319 mea:
870 5265 1047 5334 spatio
1078 5279 1185 5318 non
1216 5278 1379 5332 parce
1423 5264 1586 5334 didici
1618 5280 1686 5319 ex
1715 5266 2069 5335 antiquorum
2105 5267 2284 5322 histo-

706 5359 799 5412 riis
831 5366 889 5412 et
919 5356 987 5412 iis
1009 5372 1132 5426 qua:
1180 5359 1385 5413 nostris
1415 5358 1761 5428 temporibus
1807 5358 1949 5416 facta
1994 5371 2125 5417 sunt
2156 5373 2290 5432 quot

708 5449 847 5503 mala
879 5448 1123 5506 dissidiis
1157 5449 1438 5517 oriantur;
1493 5451 1753 5521 quoniam
1786 5452 1953 5522 igitur
1979 5454 2093 5508 scio
2122 5469 2287 5524 quam

713 5540 939 5596 infamia
978 5552 1031 5597 et
1065 5542 1433 5598 lamentabilia
1462 5544 1647 5615 generi
1684 5544 1928 5600 humano
1957 5560 2023 5600 ex
2056 5557 2286 5602 conten-

709 5634 951 5689 tionibus
980 5634 1343 5692 ctdiscordiis
1378 5635 1719 5703 incumbant,
1750 5636 1871 5693 ideo
1901 5654 2049 5693 nunc
2066 5639 2247 5692 scribo
2272 5656 2287 5705 ;

706 5728 907 5783 durum
943 5728 1142 5784 etenim
1177 5726 1443 5784 unius'ad
1486 5728 1717 5783 alterum
1743 5731 2043 5795 contentio,
2087 5742 2140 5786 ct
2183 5732 2287 5787 nisi

710 5838 810 5892 pax
838 5824 945 5878 cito
976 5822 1351 5878 contentiones
1380 5821 1653 5888 conciliet,
1679 5822 1761 5876 vel
1796 5824 1883 5878 hic
1904 5826 1985 5878 vel
2017 5824 2107 5878 ille
2129 5825 2287 5878 dam-

718 5933 847 5974 num
872 5917 1105 5989 patictur
1138 5926 1439 5976 extremum
1470 5935 1485 5986 ;
1533 5918 1722 5974 durius
1770 5930 1949 5974 autem
1983 5920 2188 5994 domus
2221 5919 2286 5972 ad

2972 4385 3060 4456 (τ’.
3095 4386 3179 4452 Τῷ
3216 4386 3399 4452 αὐτῷ.

2461 4526 2571 4579 Καὶ
2600 4524 2870 4596 πρότερον
2915 4523 2952 4578 ἃ.
2986 4524 3231 4595 ἐγράφη,
3267 4524 3463 4577 τέκνον
3506 4522 3661 4592 ἑμδν,
3708 4523 3846 4593 ὑπὲρ
3881 4524 3991 4577 τοῦ

3096 4618 3389 4687 Ῥωμαίων
3477 4618 3569 4669 καὶ
3650 4617 3993 4686 Βουλγάρων

2392 4716 2633 4785 ιγράφη,
2668 4716 2762 4767 καὶ
2791 4715 2889 4767 νῦν
2921 4713 2977 4766 δὲ
3008 4713 3082 4773 τά
3105 4713 3437 4782 γραφόμενα
3466 4710 3565 4779 τῆς
3596 4710 3769 4779 αὐτῆς
3798 4710 3996 4781 ὑπάρ-

2391 4825 2478 4879 χει
2515 4808 2895 4878 προαιρέσεως
2930 4806 3025 4859 καὶ
3057 4804 3299 4874 σπουδῆς
3320 4822 3332 4834 ·
3370 4803 3571 4866 εἰδότες
3597 4804 3707 4873 γάρ
3732 4802 3996 4872 ἀσύμφο-

2392 4918 2489 4972 ρον
2529 4899 2802 4971 ὑπάρχειν
2851 4897 3092 4968 ἑκατέρᾳ
3136 4896 3359 4967 ἐξουσία
3392 4896 3488 4948 καί
3534 4897 3650 4957 τοῖς
3694 4893 3788 4947 ὑπ’
3839 4893 3992 4965 αὐτῇ

2391 4993 2545 5055 λαοῖς
2594 4995 2657 5045 τὸ
2704 4991 3119 5054 διαστασιάζειν
3175 4988 3365 5043 καὶτὸ
3423 4989 3834 5058 ἀνειρήνευτον,
3882 4992 3997 5041 καὶ

2394 5086 2601 5157 σφόδρα
2630 5076 2731 5155 τὴν
2771 5083 2950 5154 ψυχὴν
2984 5084 3075 5136 ἐπὶ
3108 5084 3271 5137 τοῦτο
3314 5083 3688 5151 συνεχόμενοι,
3722 5080 3784 5133 οὐ
3820 5080 3994 5149 μόνον

2391 5178 2475 5232 ὅτι
2518 5178 2829 5249 λειτουργοὶ
2874 5175 2969 5230 τοῦ
2997 5174 3155 5243 ἁγίου
3196 5172 3613 5243 θυσιαστηρίου,
3650 5173 3699 5224 εἰ
3730 5174 3826 5225 καὶ⁵
3879 5173 3994 5242 τῆς

2391 5268 2652 5340 τοιαύτης
2678 5270 2892 5336 ἀνάξιοι
2917 5269 3289 5338 λειτουργίας,
3314 5266 3429 5319 ἀλλ’
3454 5267 3538 5318 ὅτι
3559 5266 3654 5318 κα)⁵
3675 5265 3753 5335 τῷ
3784 5268 3995 5336 μακρῴ

2391 5368 2572 5440 χρόνῳ
2597 5370 2697 5437 τῆς
2726 5364 3080 5437 ταλαιπώρου
3112 5365 3258 5434 ζωῆς
3281 5363 3463 5436 ήμῶν,
3490 5363 3593 5416 οὐκ
3622 5361 3814 5429 ὀλίγην
3858 5378 3998 5414 συν-

2392 5457 2699 5527 ελεξάμεθα
2759 5458 2825 5511 ἔκ
2876 5474 2937 5510 τε
2981 5456 3090 5509 τῶν
3134 5454 3512 5527 ἱστορημένων
3557 5455 3670 5515 τοῖς
3704 5452 3994 5517 παλαιοῖς,

2394 5552 2625 5606 καὶτῶν
2674 5551 2817 5605 κατά
2866 5551 2991 5612 τοὺς
3040 5550 3351 5619 ήμετέρους
3402 5546 3632 5610 καιροὺς
3678 5544 3997 5613 γεγονότων

2396 5643 2638 5713 μάθησιν
2668 5642 2776 5696 τῶν
2826 5640 3246 5711 συμϐαινόντων
3275 5640 3334 5691 ὲν
3377 5641 3445 5708 τῇ
3477 5639 3666 5690 στάσει
3701 5636 3829 5705 χαλε
3844 5634 3994 5691 πῶν.

2406 5734 2570 5787 ’Λλλά
2600 5734 2710 5805 γάρ
2744 5733 2948 5792 εἰδότες
2983 5731 3052 5783 τὰ
3082 5728 3583 5799 καταλαμϐάνοντα
3612 5727 3674 5780 τὺ
3701 5724 3996 5795 ἀνθρώπι-
4050 5734 4061 5739 “

2397 5845 2485 5880 νον
2525 5828 2592 5879 ὲκ
2620 5824 2957 5895 φιλονεικίας
2988 5824 3083 5877 καὶ
3116 5822 3295 5893 ἔριδος
3338 5819 3563 5890 λυπηρά
3597 5819 3692 5874 καὶ⁵
3732 5819 3996 5872 ἐπώδυνα

2398 5918 2723 5989 πράγματα,
2753 5917 2843 5970 καὶ
2871 5915 2969 5970 νῦν
2996 5916 3317 5984 γράφομεν·
3343 5911 3580 5984 χαλεπὸν
3607 5912 3713 5982 γὰρ
3742 5912 3836 5965 καὶ
3863 5912 3990 5977 ἑνὸς
