4158 6430
217 376 285 437 57
1657 384 2073 447 EPISTOUE.
3434 388 3504 452 58

216 491 416 565 ἀνδρὸς
461 492 603 564 πρὸς
650 494 749 550 ἐνα
779 495 1106 565 φιλονεικία.
1141 498 1253 552 Καὶ
1285 498 1405 569 ’γάρ
1435 497 1609 561 οὕτως
1658 500 1809 570 ἐχόν-

1916 502 2138 557 domum
2171 510 2226 556 et
2258 500 2492 561 civitatis
2524 502 2589 555 ad
2630 499 2945 567 civitatem;
2979 502 3125 571 quod
3161 501 3208 556 si
3240 517 3372 569 gens
3409 504 3473 555 ad

213 601 348 651 των,
383 586 433 638 εί
469 588 546 657 μὴ
580 587 843 657 φθάσασα
888 589 1081 660 εἰρήνη
1123 590 1185 643 τδ
1220 590 1530 657 φιλόνεικον
1558 591 1808 665 διαλύσῃ,

212 679 471 741 κίνδυνος
508 682 840 751 περιστῆναι
866 682 897 755 ἢ
929 682 1122 736 τοῦτον
1152 683 1185 754 ἢ
1217 684 1427 737 ἐκεῖνον
1454 685 1536 746 είς
1569 684 1807 755 ἐσχάτην

213 770 428 842 βλάϐην
454 787 470 801 ·
521 773 908 841 χαλεπώτερον
936 775 994 826 δὲ
1026 775 1119 828 καὶ
1149 770 1303 830 οἷκον
1344 776 1481 847 πρὸς
1511 772 1680 843 οἷκον,
1717 778 1813 831 καὶ

213 864 375 916 πόλιν
407 865 549 934 προς
599 865 759 919 πόλιν
794 868 941 920 οὕτω
987 867 1329 921 διακεῖσθαι’
1361 868 1516 932 ἔθνος
1567 868 1623 922 δὲ
1676 869 1814 939 πρὸς

212 961 379 1035 ἔθνος
410 959 739 1027 φιλονείκως
796 959 963 1029 ἔχειν,
997 961 1095 1015 καὶ
1139 959 1216 1032 μὴ
1266 961 1472 1015 ἐθέλειν
1509 962 1815 1017 καταλλάτ-

224 1050 433 1115 τεσθαι,
469 1052 627 1121 πόσῳ
656 1052 1041 1125 χαλεπώτερον
1071 1054 1174 1108 οὐκ
1196 1053 1345 1108 ἐστιν
1371 1055 1472 1125 ἐμὲ
1503 1055 1813 1123 διδάσκειν;

225 1138 397 1191 Ἀλλά
430 1142 542 1205 πᾶς
587 1159 672 1205 τις
723 1142 965 1211 συνίησι,
1007 1144 1083 1215 μὴ
1129 1144 1213 1198 ὅτι
1246 1162 1312 1214 γε
1360 1146 1393 1215 ή
1437 1145 1502 1216 σὴ
1543 1148 1817 1216 ἐμφρονεε

212 1230 351 1299 τάτη
388 1233 486 1285 καὶ
526 1232 842 1305 τελεωτάτη
872 1234 1111 1299 σύνεσις.
1142 1236 1257 1289 Οὐκ
1308 1235 1417 1307 ἔχω
1452 1253 1506 1289 τι
1541 1236 1706 1289 πλέον
1736 1236 1817 1288 εί-

1918 610 2113 651 versus
2157 604 2369 667 gentem
2414 595 2756 650 contentiose
2803 611 2862 649 se
2922 596 3110 659 habet,
3147 610 3245 649 nec
3276 597 3385 648 vult
3416 611 3480 649 re-
3527 584 3541 595 ’

1888 685 2240 748 conciliari,
2307 700 2411 739 non
2466 700 2644 739 meum
2698 693 2783 739 est
2827 686 3023 739 docere
3075 695 3282 756 quanto
3343 685 3497 740 fune.

1916 776 2076 839 stius,
2109 776 2202 830 sed
2229 776 2463 845 quisque
2495 774 2815 845 intelligitet
2837 791 2865 829 a
2894 775 3107 830 fortiori
3141 777 3498 831 subtilissima

1918 880 2083 935 atque
2131 869 2522 938 perfectissima
2576 878 2665 924 tua
2710 871 3039 940 prudentia;
3083 885 3189 923 non
3232 880 3314 924 est
3353 870 3497 940 quod

1917 960 2097 1012 dicam
2141 960 2373 1028 amplius
2412 1001 2427 1023 ,
2479 963 2606 1031 quia
2664 962 2817 1029 prius
2863 964 2974 1033 iam
3034 962 3240 1017 dictum
3281 972 3397 1024 est,
3445 971 3501 1016 et

1917 1050 2045 1119 quia
2088 1049 2360 1104 sufficiens
2410 1055 2501 1116 es',
2531 1053 2665 1121 quin
2696 1053 2912 1117 dicam,
2958 1054 3027 1109 fili
3074 1054 3187 1114 mi.
3240 1052 3331 1124 qui
3362 1055 3500 1110 alios

1923 1142 2123 1196 doceas
2161 1150 2218 1196 et
2261 1142 2549 1197 utilitatem
2604 1154 2657 1199 et
2706 1145 2909 1199 bonum
2955 1155 3010 1200 et
3058 1161 3267 1214 pacem,
3300 1146 3498 1200 nedum

1920 1237 2153 1302 teipsum
2186 1236 2509 1294 admoneas.

210 1326 361 1390 πεῖν,
388 1326 525 1379 διότι
562 1329 656 1381 καὶ
685 1330 955 1400 πρότερον
980 1332 1222 1403 εἴρηται,
1258 1333 1353 1386 καὶ
1377 1332 1457 1385 ὅτι
1489 1332 1584 1385 καὶ
1609 1334 1777 1403 χωρὶς
1804 1330 1900 1386 τοῦ
1925 1334 2027 1403 ἐμὲ
2065 1335 2245 1401 λέγειν
2297 1336 2485 1399 ίκανὺς
2510 1331 2581 1402 εἴ,
2611 1338 2801 1391 τέκνον
2825 1339 2980 1408 ἐμὸν,
3014 1337 3110 1391 καὶ
3139 1336 3333 1401 ἄλλους
3360 1344 3495 1408 περὶ

210 1413 310 1467 τοῦ
361 1417 741 1487 συμφέροντος
792 1420 889 1471 καὶ
933 1419 1029 1473 τοῦ
1064 1420 1232 1474 καλοῦ
1277 1424 1373 1476 καὶ
1424 1422 1526 1493 τῆς
1578 1424 1804 1494 είρήνης
1839 1423 2141 1491 διδάσκειν,
2175 1426 2251 1497 μή
2324 1427 2407 1481 ὅτι
2441 1444 2505 1496 γε
2556 1430 2768 1500 σεαυτῷ
2800 1430 3076 1484 ποιεῖσθαι
3152 1431 3497 1501 παραίνεσιν.

289 1510 360 1562 Ἀ
389 1508 449 1562 δὲ
478 1511 559 1571 είς
623 1510 822 1582 βουλὴν
856 1513 1106 1584 προήχθη
1155 1517 1253 1569 καὶ
1281 1511 1361 1581 οἷς
1391 1516 1799 1588 διακονούμενοι

211 1600 313 1670 τὴν
338 1600 475 1669 πρὸς
501 1601 652 1671 ὑμᾶς
690 1603 1009 1658 ἐστείλαντο
1064 1606 1291 1678 πορείαν
1346 1610 1395 1660 οί
1429 1607 1492 1661 τὸ
1530 1608 1801 1677 ἡμέτερον

213 1693 454 1763 γράμμα
510 1692 856 1763 κομέζοντες,
920 1696 1276 1768 διηγήσονται
1335 1699 1435 1767 μὲν
1495 1701 1597 1753 καὶ
1648 1701 1802 1754 αὐτοὶ

212 1785 456 1855 χείλεσιν
518 1787 696 1853 ίδίοις,
757 1789 1066 1858 ἀπαγγελεῖ
1090 1791 1148 1844 δέ
1197 1809 1279 1845 σοι
1312 1793 1408 1845 καὶ
1442 1792 1500 1846 τδ
1534 1793 1803 1865 ἡμέτερον

212 1879 476 1949 γράμμα,
501 1878 668 1944 ὥστε,
709 1882 756 1933 εί
781 1882 1135 1950 ἀμεταθέτως
1163 1882 1307 1955 ἔχεις
1334 1884 1429 1937 τοῦ
1464 1885 1553 1939 σοῦ
1585 1888 1801 1958 φρονή-

216 1989 415 2041 ματος,
449 1974 544 2025 καὶ
586 1973 661 2043 μὴ
696 1972 1017 2027 ἐπανελθεῖν
1043 1975 1235 2047 ἐθέλῃς
1280 1977 1361 2042 είς
1390 1982 1490 2049 τὴν
1525 1980 1802 2050 προτέραν

213 2066 390 2131 τάξιν,
446 2068 671 2139 ἔνορκον
721 2070 1027 2140 ἀσφάλειαν
1091 2071 1349 2140 γενέσθαι
1413 2070 1509 2125 τοῦ
1558 2075 1632 2143 μὴ
1677 2076 1805 2137 τοὺς

214 2158 551 2230 Βουλγάρων
607 2162 933 2234 ἀσύμφορόν
980 2179 1033 2215 τι
1074 2163 1358 2232 πράττειν,
1410 2164 1505 2216 καὶ
1534 2164 1807 2226 τελεῖσθαι

217 2251 319 2319 μὲν
354 2251 543 2315 καθὼς
593 2253 654 2317 ἐξ
714 2254 893 2326 ἀρχῆς
928 2256 1024 2308 καὶ
1070 2255 1130 2307 τὺ
1154 2254 1451 2322 λεγόμενον
1479 2256 1802 2324 κομϐἑντον,

212 2342 539 2397 στέλλεσθαι
580 2345 762 2398 δὲκαὶ
794 2347 866 2399 τά
914 2348 977 2398 ἐκ
1033 2348 1133 2416 τῆς
1175 2346 1497 2418 Ῥωμαῖκῆς
1531 2347 1808 2415 βασιλείας

211 2437 288 2499 ὡς
347 2436 475 2500 ἔθος
528 2437 666 2509 πρὸς
700 2438 760 2491 σέ
810 2437 1141 2509 στελλόμενα
1191 2441 1352 2511 μέχρι
1384 2440 1485 2511 τῆς
1520 2439 1806 2505 Δεὸελτοῦ,

212 2530 429 2583 ἐκεῖθέν
463 2547 523 2584 τε
555 2530 643 2584 διὰ
677 2530 788 2585 τῶν
821 2530 1107 2603 ὑμετέρων
1146 2532 1453 2603 ἀνθρώπων
1483 2533 1809 2603 κομίζεσθαι

213 2624 351 2691 πρὸς
388 2623 496 2694 τὴν
538 2624 639 2694 σὴν
675 2623 949 2688 ἐξουσίαν,
982 2624 1078 2678 καὶ
1107 2624 1396 2695 ἀρκεῖσθαι
1423 2626 1631 2679 τούτων
1670 2625 1811 2679 οὕτω

209 2715 541 2784 γ.νομένων,
565 2716 661 2769 καὶ
689 2716 859 2784 μηδὲν
886 2717 1050 2769 πλέον
1079 2716 1383 2788 ἐπιζητεῖν,
1408 2719 1543 2788 μηδέ
1576 2718 1674 2791 τὴν
1703 2720 1810 2772 τῶν

211 2807 522 2875 βασιλικῶν
571 2807 880 2879 ἀνθρώπων
919 2810 1057 2880 πρὸς
1091 2810 1151 2862 σὲ
1199 2811 1387 2880 ἄφιξίν
1419 2829 1478 2864 τε
1509 2814 1603 2865 καὶ
1644 2831 1813 2884 προσο

210 2899 474 2969 κύνησιν.
529 2898 750 2952 Τούτων
805 2897 951 2952 οὕτω
992 2898 1289 2965 δοξάντων,
1334 2901 1661 2972 ἐγράψαμεν
1720 2904 1814 2956 καὶ

209 2995 377 3059 ἡμεῖς
431 2991 890 3060 παρακαλοῦντες
944 2993 1037 3045 καὶ
1075 2992 1463 3057 δυσωποῦντες
1513 2994 1813 3061 φείσασθαι

213 3084 455 3155 its-L171;
505 3084 1040 3154 καταλαμϐανούσης
1073 3086 1363 3157 ἀμφότερα
1383 3085 1452 3139 τά
1478 3086 1634 3156 γένη,
1678 3086 1813 3138 Ῥω-

1985 1519 2044 1573 in
2074 1529 2267 1575 senatu
2296 1522 2424 1592 quid
2460 1522 2537 1576 sit
2578 1520 2777 1577 factum
2824 1534 2877 1577 et
2921 1538 3028 1592 quo
3084 1523 3315 1578 consilio
3351 1522 3417 1576 ad
3450 1532 3501 1577 te

1917 1612 2072 1667 missi
2105 1612 2305 1667 fuerint
2328 1614 2420 1684 qui
2447 1627 2668 1669 nostras
2697 1615 2904 1668 litteras
2936 1614 3203 1679 deferent,
3237 1614 3337 1684 ipsi
3370 1630 3500 1667 nar-

1910 1702 2110 1757 rabuut
2146 1702 2367 1773 proprio
2420 1720 2517 1759 ore
2551 1712 2717 1775 atque
2746 1715 2947 1761 nostra:
2982 1706 3172 1760 litterae
3210 1704 3500 1760 denuntia-

1912 1792 2097 1850 buut:
2140 1795 2184 1848 si
2233 1810 2364 1865 ergo
2417 1796 2776 1851 immutabilis
2812 1796 3031 1852 consilii
3078 1813 3138 1851 es
3186 1810 3285 1850 nec
3322 1784 3495 1852 visad

1909 1892 2196 1961 pristinum
2222 1906 2427 1945 morem
2459 1891 2982 1960 redire,juramento
3016 1892 3225 1950 scilicet
3248 1908 3498 1947 asserere

1910 1986 2045 2038 nihil
2086 1986 2207 2039 mali
2241 2001 2269 2039 a
2304 1984 2551 2056 Bulgaris
2585 2001 2705 2040 esse
2737 1991 3029 2055 agendum,
3076 1987 3256 2041 sinere
3297 1986 3494 2043 haberi

1911 2090 1968 2131 ut
2005 2092 2032 2130 a
2073 2077 2344 2147 principio
2376 2087 2729 2143 conventum,
2776 2078 3028 2147 mittique
3084 2093 3257 2147 usque
3296 2078 3361 2132 ad
3393 2079 3491 2132 de-

1911 2171 2108 2224 veltuin
2144 2188 2264 2241 quae
2299 2187 2364 2225 ex
2399 2187 2552 2225 more
2578 2172 2646 2226 ab
2681 2172 2909 2240 imperio
2939 2169 3191 2225 Romano
3219 2170 3283 2223 ad
3310 2182 3358 2223 te
3382 2169 3500 2223 mit-

1914 2271 2147 2326 tuntur,
2201 2274 2363 2333 atque
2412 2264 2537 2317 inde
2578 2263 2670 2317 .ad
2734 2273 2881 2317 tuam
2955 2264 3253 2331 potentiam
3306 2278 3336 2316 a
3391 2262 3499 2316 tuis

1912 2354 2114 2409 deferri
2151 2356 2313 2409 rebus
2355 2355 2427 2408 ita
2459 2355 2596 2409 aetis
2622 2363 2915 2408 contentus
2944 2369 3065 2408 esse
3101 2354 3345 2421 nihilque
3374 2368 3493 2406 am-
3588 2370 3589 2373 ‘

1912 2447 2058 2516 plius
2091 2447 2331 2517 exigere,
2389 2449 2536 2501 viros
2572 2447 2781 2502 scilicet
2815 2447 2991 2514 regios
3032 2446 3098 2499 ad
3136 2455 3187 2499 te
3224 2445 3408 2500 venire
3442 2453 3495 2500 et

1912 2539 1976 2591 ad
2002 2549 2122 2593 tuos
2152 2538 2315 2607 pedes
2338 2538 2579 2607 provolvi
2604 2555 2617 2592 :
2648 2538 2692 2592 si
2730 2538 2805 2591 ita
2831 2548 2933 2597 est.
2961 2536 3255 2591 scribimus
3280 2538 3494 2591 exhor-

1912 2639 2088 2684 tantes
2141 2639 2195 2683 et
2239 2630 2532 2684 suadentes
2594 2638 2653 2682 ut
2703 2637 2917 2682 avertas
2974 2628 3316 2680 calamitates
3362 2643 3486 2696 qua:

1915 2731 2204 2790 utramque
2228 2729 2464 2790 gentem,
2494 2719 2869 2773 Romanorum
2896 2717 3020 2772 dico
3054 2726 3215 2787 atque
3235 2717 3500 2785 Bulgaro—

1915 2827 2059 2877 rum,
2093 2810 2346 2875 afficient,
2374 2813 2444 2879 si,
2474 2812 2620 2882 quod
2664 2809 2811 2866 Deus
2846 2818 3077 2874 avertat,
3115 2825 3214 2879 pax
3243 2809 3500 2878 prohibe-

1915 2915 2056 2966 atur,
2079 2913 2135 2957 ut
2160 2905 2388 2974 propria:
2414 2904 2568 2957 fama:
2586 2918 2779 2973 parcas
2799 2911 2850 2957 et
2868 2902 3075 2971 gloriae,
3098 2911 3155 2955 ut
3178 2901 3383 2979 nullum
3405 2901 3500 2954 des

1920 3000 2099 3052 locum
2133 2998 2423 3051 calumnia:
2461 3007 2515 3051 et
2546 2997 2937 3066 vituperationi
3000 2996 3075 3049 tui
3107 2995 3297 3066 inclyti
3332 2994 3501 3048 nomi~

1919 3092 2025 3159 nis,
2062 3108 2148 3154 ne,
2177 3091 2245 3144 ob
2280 3090 2619 3145 calamitates
2650 3106 2770 3160 quae
2805 3100 3096 3158 utramque
3128 3100 3345 3159 gentem
3370 3097 3499 3141 sunt

213 3178 413 3245 μαίους
438 3175 497 3228 τέ
531 3193 603 3245 φη
616 3194 676 3245 μι
699 3177 795 3229 καὶ
817 3176 1180 3247 Βουλγάρους,
1207 3179 1515 3248 συμφορᾶς,
1540 3181 1589 3231 εί
1617 3178 1685 3231 τὰ
1714 3179 1809 3247 τῆς

1918 3185 2209 3248 invasurae,
2256 3184 2667 3239 maledictiones
2690 3185 2745 3238 in
2783 3193 2832 3237 te
2865 3198 3137 3252 congeras
3167 3181 3412 3236 omnium
3444 3180 3497 3232 in

211 3271 469 3340 εἰρήνης,
505 3270 647 3340 ὅπερ
679 3270 754 3339 μὴ
786 3270 900 3339 δοίη
925 3269 1079 3333 Θεὸς,
1120 3270 1365 3323 ἐκποδὼν
1387 3270 1649 3340 γένηται·
1684 3269 1800 3339 φείι

214 3365 420 3419 σαι-θαι
455 3364 513 3417 δέ
565 3364 791 3432 καὶτῆς
821 3365 1030 3427 οίκεεας
1072 3366 1241 3435 τιμῆς
1280 3373 1339 3417 τε
1375 3368 1469 3419 καὶ
1499 3365 1679 3435 δόξης,
1715 3367 1812 3420 καὶ

214 3459 289 3528 μὴ
334 3458 416 3528 τῷ
447 3458 550 3529 βίῳ
580 3458 909 3511 καταλιπεῖν
961 3459 1222 3529 ἀφορμὰς
1264 3460 1401 3529 πρὸς
1449 3458 1709 3529 διαϐολήν
1748 3477 1807 3513 τε

212 3558 302 3607 καὶ
340 3554 559 3622 μέμψιν
582 3553 673 3605 τοῦ
716 3552 811 3605 σοῦ
843 3552 1130 3622 περιδόξου
1162 3554 1452 3624 ὀνόματος,
1506 3554 1642 3624 μηδὲ
1676 3552 1799 3607 ἀνθ’

211 3642 282 3701 ὧν
328 3648 631 3715 μέλλουσιν
699 3647 1000 3715 ὑποστῆναι
1048 3646 1352 3717 συμφορῶν
1394 3646 1461 3699 τά
1525 3648 1813 3717 ἀμφότερα

213 3741 362 3810 ἔθνη,
402 3740 551 3811 ἀρὰς
600 3739 939 3808 ἐπαφίεσθαι
974 3740 1115 3792 κατά
1174 3739 1267 3792 σοῦ
1309 3740 1413 3792 ὑπὸ
1440 3738 1551 3792 τῶν
1589 3756 1811 3807 περιπιο

1918 3274 2218 3329 infortunia
2266 3274 2655 3344 delapsorum;
2711 3291 2832 3344 qua:
2880 3276 3085 3330 suadeo
3141 3285 3193 3328 et
3235 3275 3497 3327 exhortor

1916 3377 2175 3438 tanquam
2239 3379 2390 3439 pater
2449 3370 2619 3423 lilium
2678 3378 2731 3422 et
2784 3380 3043 3438 tauquam
3081 3366 3173 3421 Dei
3222 3367 3495 3429 minister,

1921 3462 2050 3516 licet
2082 3462 2380 3531 indignus,
2431 3463 2608 3514 virum
2653 3476 2682 3514 a
2745 3460 2854 3516 Deo
2900 3460 3250 3529 glorificatum
3311 3469 3365 3512 ct
3424 3458 3497 3512 illi

1924 3556 2192 3609 rationem
2254 3554 2639 3617 redditurum,
2694 3554 2740 3607 si
2796 3553 2926 3622 quid
2985 3553 3269 3621 indignum
3332 3560 3386 3604 et
3435 3552 3499 3604 il-

1917 3644 2022 3699 lius
2059 3656 2263 3699 sancta:
2298 3646 2568 3699 voluntati
2599 3646 2939 3700 contrarium
2970 3644 3147 3715 egisse
3198 3643 3497 3713 deprehen-

1915 3739 2085 3792 (laris.

213 3841 465 3892 πτό-ιτων
520 3841 645 3899 ταῖς
704 3837 1035 3904 συμφοραῖς.
1085 3835 1270 3889 Ταῦτα
1309 3835 1579 3901 δυσωπῶ,
1638 3833 1813 3887 ταῦτα
1854 3834 2128 3904 παραινῶ,
2169 3835 2259 3887 καὶ
2283 3833 2359 3897 ὡς
2400 3832 2583 3905 πατὴρ
2619 3833 2827 3895 τέκνον,
2884 3833 2981 3885 καὶ
3027 3833 3101 3896 ὡς
3162 3830 3499 3902 λειτουργὸς,

211 3937 258 3986 εί
285 3934 382 3988 καὶ
424 3929 649 3995 ἀνάξιος
679 3930 777 3999 τῆς
845 3928 999 3990 θείας
1041 3928 1199 4000 δόξης
1238 3930 1387 3999 παρά
1430 3927 1566 3981 θεοῦ
1642 3945 1700 3979 σε
1736 3926 2146 3994 δεδοξασμένον,
2193 3930 2291 3979 καὶ
2361 3925 2622 3996 μέλλοντα
2682 3927 2837 3994 λόγον
2889 3925 3111 3995 ὑφέξειν
3150 3924 3321 3993 αὐτῷ,
3361 3925 3413 3977 εἴ
3449 3944 3503 3979 τι

211 4025 435 4089 ἀνάξιον
460 4026 556 4076 καὶ
582 4023 735 4090 παρὰ
762 4022 824 4074 τὸ
852 4023 1063 4076 ἐκείνου
1095 4021 1252 4089 ἅγιον
1285 4021 1493 4091 θέλημα
1521 4018 1747 4088 ὀρθείης
1785 4018 2249 4089 διαπραξάμενος.

293 4121 456 4173 Ἐπεὶ
480 4120 538 4172 δὲ
562 4120 612 4171 οἱ
637 4119 776 4188 πρὸς
808 4120 865 4171 σὲ
910 4119 1048 4190 μετᾶ
1084 4119 1176 4173 τοῦ
1227 4120 1500 4190 ἡμετέρου
1538 4122 1805 4191 γράμμα-

211 4230 300 4275 τος
332 4212 611 4280 πρότερον
657 4210 1081 4276 καταλαϐόντες,
1123 4210 1582 4281 ὑποστρέψαντες,
1632 4214 1813 4282 ἀπήγ-

212 4306 401 4372 γειλαν
447 4304 586 4373 πρὸς
618 4304 768 4373 ἡμᾶς
805 4303 902 4366 ὡς,
943 4303 1206 4357 εἰπόντων
1236 4304 1396 4374 ήμῶν
1434 4306 1492 4358 ἐν
1522 4304 1598 4374 τῷ
1632 4305 1812 4374 γράμ-

214 4412 348 4464 ματι
392 4396 482 4446 ὃτι
513 4394 778 4447 ἀδύνατον
832 4394 1003 4464 χωρὶς
1049 4395 1263 4465 χύσεως
1303 4395 1552 4463 αἱμάτων
1579 4398 1676 4466 τὴν
1711 4395 1810 4466 σὴν

210 4488 393 4557 όρμὴν
441 4484 815 4555 γεγενῆσθαι,
862 4487 1026 4550 αὐτὸς
1077 4487 1455 4558 ἀνθυπέφερες
1523 4487 1598 4551 ὡς
1652 4488 1811 4553 τοῦτό

1992 4112 2285 4182 Postquam
2323 4110 2396 4165 illi
2432 4111 2525 4181 qui
2559 4111 2712 4181 prius
2744 4104 2809 4165 ad
2834 4119 2885 4165 te
2910 4110 3126 4165 iverunt
3156 4122 3372 4167 nostras
3404 4114 3504 4167 (1ο-

1919 4204 2155 4259 ferentes
2187 4206 2392 4259 litteras
2425 4205 2648 4267 reversi,
2707 4204 3010 4266 retulerint,
3044 4220 3167 4258 cum
3199 4205 3500 4259 dixerimus

1919 4315 2025 4352 nos
2057 4299 2110 4352 in
2138 4298 2341 4352 nostris
2371 4297 2569 4352 litteris
2605 4297 2943 4365 impossibile
2972 4313 3094 4352 esse
3129 4298 3248 4352 sine
3283 4299 3505 4365 sangui-

1922 4393 2008 4446 nis
2039 4392 2308 4446 effusionc
2352 4401 2505 4445 tuum
2544 4391 2805 4460 impetum
2861 4390 3031 4445 fuisse
3082 4389 3305 4455 factum,
3341 4402 3390 4445 te
3421 4408 3507 4445 rc-

1921 4484 2201 4538 nuntiasse
2258 4498 2357 4536 nos
2432 4482 2635 4536 dixisse
2709 4497 2832 4536 cum
2911 4484 3197 4551 sanguinis
3236 4484 3501 4537 effusione

218 4598 430 4650 φαμεν,
470 4580 556 4632 ὅτι
596 4580 735 4647 μετὰ
758 4582 854 4648 τῆς
887 4580 995 4633 τῶν
1020 4581 1267 4651 αίμάτων
1290 4581 1500 4650 χύσεως
1531 4580 1809 4654 δυνηθήσῃ

1921 4587 1971 4632 te
2012 4592 2173 4648 posse
2222 4584 2377 4629 tuum
2436 4576 2661 4645 implere
2712 4577 3025 4641 consilium,
3084 4584 3213 4628 tunc
3265 4578 3498 4628 multum

218 4672 544 4726 ἐπιτελέσαι
583 4671 644 4722 τὸ
684 4671 1037 4741 ἐπιχείρημα,
1080 4672 1331 4742 μεγάλως
1375 4673 1472 4743 μὲν
1504 4674 1811 4743 ἐξεπλάγη-

222 4788 345 4839 μεν,
373 4768 638 4839 μεγάλως
669 4765 726 4818 δὲ
765 4765 1068 4834 ἡνιάθημεν
1124 4766 1216 4816 ἐπὶ
1258 4766 1371 4827 τοῖς
1408 4765 1670 4829 τοιούτοις
1712 4768 1812 4837 {si}-

221 4879 375 4933 μασι,
398 4860 499 4914 καὶ
517 4858 807 4929 ἐθαύμασα
829 4858 883 4910 εἴ
904 4874 965 4924 γε
994 4857 1456 4928 ἀληθῆλέγουσιν,
1482 4858 1619 4912 ἀλλά
1645 4860 1719 4930 μὴ
1754 4860 1814 4913 τὸ

216 4957 337 5009 ὅλον
371 4955 499 5006 ἐστί
526 4952 725 5021 ψεῦδος
757 4952 852 5003 καὶ
886 4949 1217 5021 ἁνάπλασμα
1262 4953 1359 5018 τῆς
1397 4951 1507 5002 τῶν
1549 4953 1814 5005 εἰπόντων

218 5046 629 5116 προαιρέσεως.
672 5041 794 5105 Πῶς
840 5041 939 5110 μὲν
977 5041 1320 5112 ἐνεθυμήθης
1363 5041 1639 5107 τοιοῦτονς
1690 5045 1809 5107 πῶς

216 5140 356 5192 δὲτὸ
410 5138 569 5207 ῥῆμα
625 5136 1048 5203 προσήνεγκλω
1119 5134 1309 5205 Ἡμεῖς
1356 5135 1485 5205 γὰρ,
1535 5135 1670 5206 πρὸς
1714 5135 1813 5197 τὰς

222 5230 516 5301 συμφορὰς
577 5228 1102 5294 ἀποσκοπήσαντες,
1156 5228 1276 5280 ὅσαι
1322 5228 1811 5299 καταλαμϐάνουσι

220 5328 340 5387 τοὺς
368 5322 718 5394 μαχομένους
755 5321 849 5373 καὶ
883 5320 1292 5386 στασιάζοντας,
1337 5321 1549 5392 ἔφημεν
1583 5322 1657 5385 ὡς
1682 5322 1809 5375 ἁδύ·-

220 5433 377 5468 νατον
403 5412 487 5484 μὴ
522 5413 645 5482 οὐχὶ
681 5412 891 5480 αἵματα
914 5411 1144 5482 χὀθῆναι
1182 5412 1285 5479 τῆς
1330 5413 1430 5483 σῆς
1461 5413 1812 5485 ἐξορμήσεως

220 5508 548 5577 γινομένης,
572 5507 664 5558 καὶ
692 5506 792 5574 τῆς
826 5504 1163 5574 φιλονεικίας
1202 5505 1533 5576 κρατούσης.
1572 5502 1732 5561 Οὗτοι
1753 5507 1808 5559 δὲ

218 5603 316 5653 οὐκ
352 5596 506 5661 οῖδα,
544 5598 777 5667 εῖτεξὰφ*
812 5597 1039 5664 ἐαυτῶν,
1070 5598 1179 5651 εἴτε
1210 5598 1306 5667 τῆς
1342 5597 1440 5668 σῆς
1472 5598 1807 5663 ἀκούσαντες

222 5693 497 5763 γλώσσης,
531 5689 953 5759 ἀπεφθέγξαντο
992 5691 1174 5756 λόγον,
1210 5691 1268 5745 ὃν
1306 5691 1403 5760 οὐχ
1444 5692 1524 5744 ὅτι
1556 5708 1616 5760 γε
1648 5692 1807 5761 ἡμεῖς

220 5784 531 5856 πρεσϐῦται
554 5784 703 5845 ὄντες
739 5784 837 5836 καὶ
859 5786 1159 5855 ἀρχιερεῖς,
1202 5784 1251 5836 εί
1298 5784 1389 5837 καὶ
1425 5784 1656 5849 ἀνάξιοι,
1691 5784 1805 5837 ἀλλ’

221 5877 327 5930 956‘
364 5877 429 5929 iv
490 5878 619 5938 παῖς
674 5874 1009 5943 φθέγξασθαι
1065 5876 1374 5949 βουληθείη.
1431 5877 1661 5947 Τίςγὰρ
1705 5878 1801 5930 οὐκ

1920 4671 2201 4739 obstupui,
2235 4670 2513 4739 multaque
2544 4668 2805 4724 mmstitia
2855 4686 2977 4723 sum
3020 4668 3247 4722 affectus
3298 4669 3367 4722 ob
3411 4671 3498 4721 illa

1919 4763 2108 4828 verba,
2174 4773 2342 4831 atque
2406 4760 2549 4829 apud
2603 4761 2869 4829 uteipsum
2925 4761 3267 4830 inquirebant
3315 4771 3496 4813 utrum

1918 4872 2047 4911 vera
2119 4856 2362 4910 dicerent
2450 4870 2518 4908 an
2584 4854 2769 4908 omnia
2830 4853 3110 4909 mendacia
3185 4864 3368 4907 essent
3440 4868 3503 4906 ac

1916 4948 2256 5001 narrantium
2309 4946 2558 5001 fictiones
2621 4946 2899 5015 quomodo
2952 4946 3078 4999 talia
3136 4945 3499 5014 excogitasti?

1922 5041 2197 5111 quomodo
2258 5041 2350 5094 illa
2412 5040 2575 5094 verba
2650 5038 2982 5108 protulisti?
3054 5054 3154 5092 nos
3224 5038 3495 5105 siquidem

1915 5134 2275 5191 consideratis
2332 5132 2739 5188 calamitatibus
2782 5146 2901 5200 qua:
2955 5139 3257 5199 pugnantes
3301 5137 3353 5183 et
3388 5130 3504 5184 dis-

1916 5230 2211 5283 sentientes
2275 5225 2734 5296 apprehendunt,
2799 5239 2990 5278 sumus
3056 5224 3129 5275 ita
3179 5222 3348 5275 locuti
3409 5222 3503 5273 im-

1914 5320 2174 5390 possibile
2232 5335 2354 5374 esse
2405 5318 2726 5388 sanguinem
2770 5332 2876 5369 non
2918 5314 3094 5374 fundi.
3155 5324 3206 5369 te
3238 5315 3497 5383 impetum

1915 5410 2145 5466 faciente
2174 5412 2421 5480 belloque
2475 5410 2722 5479 vigente;
2771 5410 2843 5462 illi
2895 5408 3312 5471 autem,neseio
3364 5422 3501 5475 quo-

1915 5504 2074 5558 modo
2108 5505 2222 5558 sive
2250 5519 2315 5556 ex
2352 5503 2596 5572 scriptis,
2650 5502 2768 5555 sive
2815 5499 3078 5569 quoniam
3129 5508 3180 5552 te
3222 5499 3493 5553 dicentem

1914 5596 2204 5659 audierint,
2236 5595 2395 5649 verba
2430 5594 2773 5664 protulerunt
2813 5607 2956 5662 quas,
3011 5592 3208 5645 nedum
3245 5606 3344 5646 nos
3396 5591 3490 5661 qui

1912 5705 2070 5743 senes
2094 5704 2283 5743 sumus
2310 5698 2363 5742 et
2391 5687 2868 5757 archipresbyteri,
2901 5687 3025 5740 licet
3048 5685 3279 5756 indigni,
3311 5700 3490 5755 neque

1912 5798 2044 5853 puer
2073 5782 2227 5836 vellet
2279 5781 2569 5836 emisisse:
2609 5781 2732 5850 quis
2757 5780 2905 5835 enim
2937 5780 3169 5849 ignorat,
3201 5780 3313 5831 rixa
3345 5781 3489 5832 inter

1912 5876 2172 5945 quosdam
2222 5886 2431 5940 exorta,
2469 5876 2693 5931 Vulnera
2728 5856 3083 5943 scquiatque
3116 5872 3331 5929 caedes?
3369 5871 3486 5925 Non
