4158 6430
690 386 755 451 59
1817 383 2124 444 NICOLAI
2165 384 2274 444 (ΣΡ.

2378 383 2835 445 ΑΤΒΙΑΒΟΗ.Ε
3875 379 3951 441 60

690 512 869 555 autem
927 499 1154 555 omnino
1218 506 1439 554 necesse
1508 509 1637 565 est,
1699 512 1925 567 scapum
1998 498 2266 568 attingere

2378 492 2510 551 οῐδεν
2566 497 2673 565 ὅτι,
2712 498 2955 561 στάσεως
3022 496 3338 566 ἀναμεταξύ
3402 514 3563 549 τινων
3615 494 3953 565 γενομένης,

637 592 649 603 ⁸
690 598 909 660 propter
963 607 1125 660 quem
1172 591 1456 661 sanguinis
1500 589 1786 645 eﬂ‘usionis
1832 604 1999 643 causa
2046 589 2148 643 fuit
2182 590 2278 642 ali-

687 682 847 751 quis;
880 696 1059 735 nonne
1082 681 1231 735 vides
1266 680 1403 735 bella
1435 682 1677 750 quotidie
1710 688 1863 749 gesta
1887 680 1911 734 ἳ
1936 679 2021 734 isti
2050 680 2273 750 quidem

690 774 897 828 infesto
930 774 1175 827 exercitu
1211 783 1405 827 exeant
1435 784 1494 827 ut
1533 775 1770 829 hostium
1807 788 1893 828 res
1941 772 2225 827 obtineant
2255 788 2270 825 ι

2375 590 2591 660 ἀνάγκη
2642 590 2739 644 καὶ
2793 589 3014 662 πληγὰς
3067 590 3434 659 ἀκολουθῆσαι
3478 589 3573 641 καὶ
3620 582 3846 655 φόνοιῑςς
3875 586 3954 639 Ού

2376 683 2595 744 πάντως
2626 681 2681 733 δὶ
2716 681 2932 752 ἀνάγκη
2965 683 3059 734 καὶ
3089 681 3184 734 τοῦ
3230 680 3433 734 σκοποῦ
3486 680 3671 749 τυχεῖν
3725 678 3956 741 έκεῐνον,

2370 769 2439 824 δι’
2465 771 2523 822 δν
2554 770 2909 841 κεκινημένος
2942 786 3027 832 τις
3063 771 3234 830 αἴτιος
3264 768 3477 839 ὑπῆρξε
3503 768 3605 838 τῆς
3634 768 3741 820 τῶν
3779 766 3957 834 αίμά·

693 865 767 922 illi
821 878 950 917 vero
997 866 1263 919 adversus
1309 866 1533 920 veniunt
1573 882 1697 920 cum
1746 866 1943 937 mquali
1978 864 2274 934 cupiditate

2378 876 2485 912 των
2537 862 2835 930 ὲκχύσεως.
2889 860 2974 915 Ἢ,
3012 863 3113 931 οὐχ
3170 862 3306 930 ὁρᾷς
3355 862 3483 922 τοὺς
3535 860 3659 912 καθ’
3713 858 3958 927 ἑκάστην

691 972 871 1009 rerum
903 956 1137 1011 hostium
1166 956 1403 1024 potiendi
1432 976 1445 1014 :
1476 961 1616 1011 mala
1649 966 1829 1012 autem
1866 972 1986 1026 qum
2012 956 2271 1010 accidunt

2373 952 2698 1020 γινομένους
2756 951 3065 1022 πολέμους;
3137 950 3625 1021 Ἐκστρατεύονται
3696 949 3798 1019 μὲν
3848 948 3961 1020 γὰρ

692 1050 940 1119 utrisque
978 1049 1267 1116 accidunt;
1312 1051 1561 1117 utrisque
1598 1058 1781 1105 autem
1811 1065 1937 1111 _non
1972 1049 2273 1102 succedunt

2378 1036 2513 1094 οὗτοι
2536 1041 2934 1112 ἐπιθυμοῦντες
2955 1044 3022 1097 τὰ
3042 1042 3151 1099 τῶν
3183 1043 3459 1113 πολεμίων
3480 1040 3958 1113 προσκτήσασθαι·

691 1141 914 1193 omnino
959 1156 1045 1195 res
1092 1141 1396 1195 secundum
1434 1156 1610 1211 spem,
1667 1142 1760 1197 sed
1797 1141 1873 1195 illi
1905 1141 2123 1211 quidem
2177 1138 2273 1192 fal-

694 1234 878 1284 luntur
906 1240 961 1286 et
985 1248 1080 1300 spe
1107 1233 1327 1298 cadunt,
1366 1234 1454 1287 isti
1506 1248 1637 1289 vero
1682 1234 1900 1304 plenam
1934 1231 2120 1288 forsan
2153 1230 2273 1285 rui-

692 1335 815 1374 nam
842 1332 896 1376 et
920 1323 1144 1377 exitium
1175 1323 1487 1381 incurrunt.

2371 1135 2868 1205 ἀντεπεξέρχονται
2897 1137 2943 1189 δ’
2986 1138 3187 1190 ἐκεῖνοι
3213 1138 3318 1189 ὑπὸ
3361 1136 3461 1205 τῆς
3490 1138 3613 1204 ῐσης
3658 1133 3961 1203 ἐπιθυμίας

2370 1226 2465 1280 τοῦ
2518 1227 2586 1278 τά
2612 1227 2721 1280 τῶν
2775 1228 3052 1297 πολεμίων
3085 1228 3294 1289 λαϐεῖν,
3324 1228 3422 1281 καὶ
3450 1226 3811 1297 συμϐαίνουσι
3851 1225 3956 1293 μὲν

2374 1317 2523 1385 πάθη
2550 1318 2679 1387 παρ’
2706 1319 3012 1387 ἑκατέροις,
3052 1314 3143 1371 οἷα
3183 1318 3608 1387 συμϐαίνουσιν,
3644 1316 3703 1369 ού
3737 1316 3959 1377 πάντως

689 1412 749 1466 δὲ
787 1414 910 1467 κατ’
948 1414 1169 1477 ἐλπίδας
1190 1416 1523 1488 ἀμφοτέροις
1558 1417 1800 1471 ἐκϐαίνει
1828 1416 1897 1470 τὰ
1935 1417 2265 1484 πράγματα,
2308 1409 2425 1463 ἀλλ’
2458 1409 2506 1460 οἱ
2537 1410 2636 1478 μὲν
2697 1410 3042 1482 ἐψεύσθησαν
3071 1411 3164 1465 καὶ
3202 1411 3457 1464 διέπεσον
3517 1407 3625 1462 τῶν
3687 1405 3951 1467 ἐλπίδων,

690 1508 803 1570 τοῖς
826 1506 881 1558 δὲ
915 1508 1075 1576 τυχὸν
1103 1506 1367 1562 συνέπεσε
1403 1508 1674 1580 παντελὴς
1718 1507 1941 1579 ὄλεθρος
1982 1509 2077 1561 καὶ
2110 1505 2377 1560 ἀπώλεια.

763 1597 938 1653 Verba
995 1599 1158 1668 igitur
1212 1611 1394 1655 nostra
1450 1618 1518 1656 ne
1564 1613 1644 1668 tu,
1676 1602 1774 1666 ﬁli,
1827 1602 2137 1663 adulteres;
2172 1613 2271 1652 nec

690 1690 981 1761 quisquam
1030 1692 1095 1746 ad
1132 1708 1261 1747 suos
1291 1709 1487 1748 sensus
1523 1710 1584 1747 ea
1626 1693 1965 1763 detorquens
1999 1692 2273 1744 existimet

2450 1592 2539 1663 Μὴ
2559 1592 2651 1646 οὖν
2684 1593 2775 1647 τὸν
2805 1595 3074 1664 ἡμέτερον
3094 1594 3251 1663 λόγον
3282 1596 3420 1665 μήτε
3450 1594 3537 1656 σὺ,
3558 1593 3746 1645 τέκνον
3778 1590 3962 1659 ἡμῶν⁹

2379 1688 2714 1757 ὲπηρεάζης,
2748 1689 2884 1756 μήτε
2942 1704 3025 1752 τις
3058 1689 3236 1754 ἄλλος,
3293 1688 3427 1757 πρὸς
3469 1685 3530 1739 τὸ
3560 1686 3759 1738 οίκεῖον
3796 1683 3967 1737 αὐτὸν

694 1799 793 1839 nos
814 1784 996 1839 dicere
1039 1800 1160 1855 qua:
1186 1800 1365 1855 neque
1410 1787 1637 1851 scimus,
1674 1802 1853 1855 neque
1895 1785 2273 1853 cogitavimus,

2379 1779 2723 1849 διαστρέφων
2746 1778 3019 1850 βούλημα.
3074 1779 3510 1848 ὑπολαμϐανέτω
3545 1777 3726 1845 λέγειν
3761 1776 3907 1846 ἡμᾶς
3937 1775 3967 1827 δ

694 1891 871 1946 neque
892 1876 1154 1946 diximus,
1180 1894 1304 1947 qua:
1341 1880 1640 1949 praesertim
1676 1894 1835 1933 nemo
1862 1879 2066 1934 diceret
2096 1892 2273 1947 neque

696 1970 742 2023 si
786 1970 1097 2025 miserrimo
1132 1987 1295 2026 sensu
1356 1973 1661 2039 laboraret;
1723 1980 1783 2026 ut
1842 1972 1955 2041 jam
2008 1970 2272 2034 diximus,

693 2047 867 2116 multo
900 2062 1084 2116 dolore
1128 2063 1412 2131 perculsus
1462 2078 1581 2117 sum
1618 2064 1688 2117 ob
1737 2063 2076 2131 loquentium
2120 2061 2274 2115 vani-

694 2154 1059 2224 loquentiam;
1093 2162 1147 2208 et
1185 2156 1391 2209 utinam
1438 2156 1843 2225 vaniloquentia
1872 2165 2081 2209 tantum
2130 2162 2274 2209 esset

691 2242 898 2299 dictum
924 2246 1082 2306 illud.
1116 2260 1223 2299 non
1255 2258 1437 2299 autem
1472 2256 1678 2299 aeterno
1703 2246 1912 2312 judicio
1950 2246 2269 2313 obnoxium;

693 2336 738 2389 si
772 2334 916 2389 enim
949 2336 1182 2390 otiosum
1217 2338 1443 2392 verbum
1473 2349 1598 2393 ante
1628 2338 1836 2393 Christi
1874 2339 2111 2394 tribunal
2139 2340 2273 2394 irre-

693 2426 1058 2495 prehensibile
1106 2444 1211 2482 non
1264 2429 1406 2494 erit,
1468 2439 1673 2498 quanto
1736 2431 1908 2501 magis
1964 2430 2271 2485 istiusmodi

690 2518 1001 2572 caltmmia!
1057 2520 1112 2572 Si
1147 2535 1275 2574 vero
1299 2521 1391 2589 qui
1432 2522 1692 2576 dixerunt
1739 2540 1769 2576 υ
1813 2536 1915 2576 suo
1946 2522 2116 2577 corde
2146 2524 2269 2575 talia

694 2611 1055 2678 protulerunt,
1103 2628 1223 2671 non,
1251 2613 1322 2667 ita
1368 2630 1454 2669 me
1484 2615 1727 2683 afﬂigunt
1756 2654 1770 2679 ,
1820 2616 1945 2669 licet
1987 2615 2142 2670 triste
2191 2614 2273 2667 di-

692 2710 838 2754 ctum
869 2720 884 2768 ;
928 2717 1092 2758 sensu
1126 2705 1395 2774 siquidem
1430 2706 1751 2775 imperfecto
1787 2716 1840 2760 et
1871 2706 2136 2771 obscuro,
2180 2723 2273 2759 ve-

694 2790 919 2845 risimile
960 2802 1044 2846 est
1086 2808 1273 2848 errore
1320 2794 1475 2863 plena
1525 2805 1578 2849 et
1634 2794 1943 2864 imperfecta
1988 2795 2274 2862 cogitanda

692 2897 814 2936 esse
843 2894 896 2935 et
928 2883 1188 2949 dicenda;
1224 2886 1266 2939 si
1298 2901 1425 2941 vero
1458 2895 1561 2941 tua:
1583 2887 2000 2956 sapientissimae
2024 2902 2087 2940 ac
2120 2887 2275 2941 valde

697 2975 1030 3030 honorabilis
1062 2977 1365 3046 majestatis
1405 2988 1487 3033 est
1514 2978 1695 3044 (cetus,
1730 2981 1887 3036 nobis
1917 2990 2101 3049 parcat
2135 2980 2274 3035 Deus

696 3077 878 3119 uester
908 3075 1007 3119 eta
1040 3069 1310 3123 calumnia
1343 3069 1552 3132 liberet,
1588 3070 1679 3123 tibi
1709 3062 1889 3123 autem
1915 3071 1983 3124 sit
2008 3071 2272 3141 benignus

2379 1873 2516 1941 μήτε
2563 1872 2743 1939 ῐσμεν,
2782 1871 2918 1939 μήτε
2983 1870 3363 1941 διενοήθημεν,
3421 1869 3556 1940 μήτε
3612 1868 3964 1938 εἰρήκαμεν*

2377 1964 2577 2033 μᾶλλον
2598 1964 2653 2017 δὲ
2684 1963 2712 2016 ὃ
2742 1963 2865 2034 μηδ’
2900 1964 2967 2017 ἂν
3010 1962 3201 2033 ἕτερός
3231 1980 3316 2026 τις
3360 1963 3527 2023 είποι,
3567 1959 3643 2031 μὴ
3680 1958 3967 2027 δυστυχῶν

2375 2054 2611 2123 ἐσχάτην
2640 2055 2933 2124 δυστυχίαν
2962 2056 3040 2118 είς
3096 2057 3319 2124 φρένας.
3364 2055 3451 2116 Ὦς
3487 2048 3581 2106 οὖν
3614 2052 3965 2121 προέφημεν,

2378 2148 2584 2218 σφόδρα
2627 2150 2729 2219 τὴν
2769 2148 2948 2219 ψυχὴν
2982 2148 3304 2217 έπλήγημεν
3353 2148 3445 2199 επὶ
3480 2150 3546 2215 τῇ
3575 2143 3805 2214 τοιαύτῃ
3848 2143 3967 2195 τῶν

2375 2242 2641 2295 εἰπόντων
2700 2242 3092 2313 ματαιολογίᾳ·
3155 2240 3255 2294 καῖ
3295 2241 3406 2293 είθε
3466 2240 3629 2309 μόνον
3687 2234 3753 2308 ἦν
3780 2238 3840 2290 τὸ
3872 2234 3971 2290 ἐί-

2378 2334 2615 2406 ρημένον
2675 2333 3054 2404 ματαιολογία,
3090 2332 3352 2403 άλλά.μὴ
3403 2334 3497 2385 καὶ
3542 2331 3795 2384 ὑπόδικον
3836 2329 3968 2399 κρί-

2380 2443 2546 2495 ματος
2568 2427 2791 2479 αἰωνίου
2822 2428 2834 2481 ί
2865 2426 2926 2479 El
2961 2427 3069 2496 γὰρ
3120 2426 3276 2493 λόγος
3305 2425 3471 2494 ἀργὸς
3527 2424 3625 2475 ούκ
3670 2421 3969 2483 ἀνεύθυνος

2376 2520 2527 2589 παρά
2558 2518 2635 2587 τῷ
2654 2519 2858 2589 βήματι
2901 2519 2993 2573 τοῦ
3025 2519 3284 2589 Χριστοῦ,
3318 2522 3474 2588 πόσῳ
3503 2517 3703 2585 μᾶλλον
3731 2515 3965 2585 τοιαύτη

2378 2612 2715 2680 συκοφαντία
2745 2630 2759 2677 ;
2808 2610 2950 2665 Ἀλλ’
2980 2614 3029 2665 εί
3061 2613 3157 2681 μὲν
3187 2615 3233 2665 οἱ
3266 2613 3399 2680 πρὸς
3442 2613 3588 2680 ἡμᾶς
3619 2611 3866 2671 εἰπόντες
3897 2611 3966 2660 ἐκ

2374 2706 2471 2775 τῆς
2505 2702 2711 2757 ἑαυτῶν
2742 2704 2970 2774 καρδίας
3020 2703 3178 2756 τοῦτο
3222 2702 3547 2773 ἡρεύξαντο,
3592 2704 3651 2755 ού
3698 2699 3966 2754 τοσοῦτον

2375 2800 2656 2866 λυποῦσιν,
2681 2803 2728 2853 εί
2762 2802 2857 2854 καὶ
2885 2799 3129 2870 λυπηρὸν
3153 2801 3213 2853 τὸ
3240 2800 3426 2871 ῥηθέν.
3467 2799 3634 2863 Διότι,
3673 2798 3967 2867 φρονήμα-

2380 2911 2473 2957 τος
2509 2892 2734 2956 ἀτελοῦς
2762 2894 2857 2947 καὶ
2888 2893 3227 2963 ὶσφαλμένου
3277 2892 3659 2961 τυγχάνοντος,
3694 2890 3839 2951 είκδς
3867 2890 3970 2941 xui.

2374 2986 2546 3057 ἀτελῆ
2612 2986 2709 3039 καὶ
2749 2986 3068 3055 ἐσφαλμένα
3116 2986 3209 3038 καὶ
3248 2984 3576 3039 διανοεῖσθαι
3604 2983 3697 3036 xui
3729 2983 3975 3051 φθέγγε-

2378 3080 2539 3134 σθαι³
2596 3083 2644 3133 εί
2701 3081 2757 3133 δὲ
2803 3080 2902 3149 τῆς
2959 3080 3057 3151 σῆς
3117 3081 3235 3132 ὲστι
3283 3078 3501 3131 σύνεσιν
3548 3078 3809 3146 φιλούσης
3864 3082 3973 3133 καὶ

695 3171 841 3210 nunc
867 3161 936 3225 ,ει
980 3158 1215 3223 exinde,
1284 3160 1375 3213 tibi
1428 3161 1562 3215 dans
1591 3176 1652 3214 ea
1703 3163 1979 3228 cogitare,
2038 3172 2274 3217 statuere

2384 3173 2756 3244 μεγαλοτίμου
2810 3173 3059 3238 ἐξουσίας
3127 3172 3186 3225 τὸ
3242 3172 3508 3241 γέννημα,
3574 3172 3730 3240 ἡμῶν
3785 3172 3885 3240 μὲν
3932 3172 3973 3224 ὁ

692 3260 747 3303 et
810 3265 967 3319 agere
1022 3266 1143 3321 qu.e
1189 3263 1239 3306 te
1290 3253 1357 3306 ab
1414 3253 1696 3307 hominum
1751 3255 2273 3323 reprehensionibus

693 3338 934 3397 eximant
981 3354 1036 3399 et
1092 3343 1146 3399 in
1209 3353 1416 3400 aeterno
1470 3345 1676 3415 judicio
1730 3348 2101 3401 indemnatum
2158 3364 2273 3404 ser-

693 3441 841 3487 vent.

1224 3712 1333 3768 Vll.
1376 3718 1457 3771 Ad
1496 3717 1755 3771 eumdem.

764 3801 928 3871 Plaga
978 3803 1359 3860 crudelissima
1417 3807 1471 3861 in
1550 3809 1713 3862 corde
1767 3810 1995 3864 sauciati
2056 3827 2272 3879 sumus,

695 3894 767 3947 [ili
800 3894 870 3947 mi
906 3894 1274 3966 dilectissime,
1310 3897 1527 3967 funesto
1558 3899 1650 3953 illo
1679 3900 1889 3967 nuntio,
1922 3912 1975 3955 et
2007 3904 2167 3957 simul
2194 3907 2274 3961 tui

690 3988 861 4057 gratia
918 4000 1078 4059 atque
1134 3999 1237 4045 tua:
1305 3992 1528 4061 gloriae,
1589 3994 1756 4048 simul
1813 4011 2033 4065 quoque
2098 3999 2270 4053 nostri

690 4096 857 4136 causa
898 4082 988 4136 illa
1022 4083 1117 4137 tibi
1150 4084 1471 4152 scripsimus
1492 4103 1613 4157 quae
1636 4088 1834 4156 scripta
1863 4098 2009 4149 sunt,
2048 4099 2272 4159 paterna

692 4174 983 4229 dilectione
1018 4176 1173 4241 moti,
1206 4187 1257 4233 te
1282 4180 1443 4233 modo
1463 4180 1836 4246 exhortantes,
1880 4182 2042 4235 modo
2072 4198 2272 4250 expro-

692 4269 913 4323 brantes
942 4284 1008 4324 eo
1042 4269 1161 4340 ipso
1191 4272 1353 4325 modo
1390 4288 1500 4341 quo
1537 4275 1718 4327 sciunt
1744 4289 1870 4342 erga
1907 4273 2048 4329 ﬁlios
2082 4274 2263 4331 facere

691 4371 977 4427 parentum
1035 4362 1263 4416 audacia
1306 4373 1468 4431 atque
1502 4374 1771 4417 commota
1803 4365 2012 4419 viscera
2044 4383 2056 4418 :
2095 4366 2274 4436 itaque

692 4451 739 4505 si
778 4453 984 4520 priores
1028 4463 1245 4507 nostras
1293 4452 1479 4507 vidisti
1526 4453 1755 4517 litteras,
1807 4465 2053 4510 nostrum
2101 4458 2155 4511 in
2218 4471 2270 4511 te

2382 3266 2515 3328 Θεὸς
2556 3266 2713 3336 ἡμῶν
2751 3267 3001 3335 φείσαιτο
3045 3265 3138 3318 καὶ⁵
3168 3264 3395 3334 ῥύσαιτο
3432 3264 3540 3317 ἀπὸ
3567 3265 3967 3330 συκοφαντίας,

2385 3360 2467 3413 σοὶ
2496 3359 2552 3411 δὲ
2580 3358 2791 3427 γένοιτο
2842 3358 3081 3429 εὐμενὴς
3118 3358 3215 3411 νῦν
3246 3376 3306 3411 τε
3351 3360 3444 3411 καὶ
3492 3359 3811 3426 μετέπειτα,
3864 3364 3970 3412 καὶ

2388 3450 2568 3513 διδοὺς
2604 3452 2790 3504 ἐκεῖνα
2818 3452 2912 3504 καὶ
2936 3452 3154 3519 φρονεῖν
3203 3449 3299 3503 καὶ
3327 3448 3635 3519 λογίζεσθαι
3663 3451 3757 3503 καὶ
3788 3452 3975 3519 πράτ-

2382 3559 2516 3607 τειν,
2549 3544 2585 3598 ἃ
2617 3544 2709 3598 καὶ
2742 3543 3095 3613 ἀνθρωπίνης
3136 3542 3396 3613 μέμψεως
3451 3542 3607 3607 ἐκτὸς
3638 3544 3822 3611 δείξει,
3868 3548 3972 3599 καὶ

2380 3637 2459 3707 τῷ
2487 3637 2690 3707 αἰωνίῳ
2720 3639 2878 3708 κριτῇ
2906 3636 3277 3707 ἀκατάκριτον
3307 3637 3674 3706 παραστήσει.

2969 3729 3043 3782 Z'.
3092 3727 3176 3793 Τῷ
3203 3712 3382 3793 αὐτῷ.

2468 3818 2819 3890 Ἐπλήγημεν
2850 3821 2950 3889 τὴν
2965 3818 3193 3890 καρδίαν
3215 3818 3432 3889 πληγὴν
3450 3819 3742 3888 ὀξυτάτην,
3768 3820 3974 3874 τέκνον

2386 3928 2492 3982 μου
2528 3910 2916 3982 πολυέραστον,
2979 3910 3084 3963 ὑπὸ
3139 3910 3317 3979 δεινῆς
3368 3911 3651 3979 ἀγγελίας.
3686 3914 3781 3965 xui
3804 3912 3975 3967 τοῦτο

2386 4001 2488 4072 μὲν
2515 4001 2655 4073 ὑπὲρ
2695 4000 2790 4054 σοῦ
2826 4002 2921 4054 καὶ
2949 4001 3049 4071 τῆς
3084 4002 3184 4071 σῆς
3206 4002 3383 4071 δόξης,
3408 4002 3566 4056 τοῦτο
3587 4004 3643 4057 δὲ
3683 4006 3778 4057 καὶ
3820 4007 3971 4079 ὑπὲρ

2380 4091 2541 4160 ἡμῶν
2573 4091 2899 4162 ἐγράψαμεν
2942 4091 2978 4145 ά
3024 4094 3460 4163 προεγράψαμεν
3513 4096 3820 4165 κινούμενοι
3858 4116 3975 4151 πα-

2379 4180 2608 4251 τρικῶς,
2643 4182 2736 4234 καὶ
2763 4180 2862 4235 νῦν
2908 4183 3009 4251 μὲν
3042 4182 3509 4252 παρακαλοῦντες,
3542 4186 3642 4237 νῦν
3686 4185 3742 4238 δὲ
3781 4187 3971 4242 ἐπιτι-

2383 4271 2598 4339 μῶντες
2644 4265 2733 4324 οἷα
2773 4272 2841 4325 τά
2892 4273 3139 4342 πατρικά
3199 4273 3485 4342 σπλάγχνα
3537 4274 3839 4345 θαρροῦντα
3865 4279 3973 4330 καὶ

2383 4362 2785 4432 συγκινούμενα
2836 4362 2942 4416 οἵδε
2985 4364 3122 4433 πρὸς
3153 4363 3220 4416 τά
3264 4365 3431 4419 τέκνα
3460 4368 3653 4418 ποιεῖν.
3683 4368 3867 4433 Ὥστε,
3913 4373 3967 4422 ει

2382 4456 2635 4526 ἐνέτυχες
2668 4458 2780 4519 τοῖς
2815 4457 3150 4526 προλαϐοῦσι
3190 4459 3505 4527 γράμμασι.
3544 4461 3735 4512 τέκνον
3776 4461 3966 4529 ἡμῶν,

694 4542 953 4596 nimirum
1005 4560 1245 4598 amorem
1300 4546 1440 4599 nosti
1472 4554 1525 4599 et
1556 4557 1761 4615 quanto
1790 4550 1841 4600 in
1880 4555 1934 4603 te
1958 4559 2011 4602 et
2042 4565 2140 4618 pro
2175 4561 2268 4604 tuo

2384 4550 2694 4619 ἐγνώρισας
2746 4550 2962 4611 πάντως
2992 4550 3086 4602 νῦν
3136 4550 3230 4602 ἐπὶ
3260 4549 3423 4601 πλέον
3451 4550 3511 4601 τὸ
3532 4550 3798 4621 διάπυρον
3824 4554 3970 4622 πρὸς

694 4636 747 4689 in
788 4639 945 4690 terris
970 4638 1177 4692 honore
1220 4648 1272 4691 et
1313 4638 1484 4707 gloria
1532 4648 1582 4691 et
1627 4655 1726 4707 pro
1756 4641 1965 4693 ccelesti
2000 4642 2183 4696 salute
2217 4653 2271 4697 et

691 4732 951 4785 felicitate
1009 4733 1191 4786 studio
1249 4730 1595 4799 liagramns;
1653 4747 1775 4801 qua:
1824 4732 1947 4785 dico
2004 4734 2070 4787 de
2121 4736 2271 4804 prius

692 4824 935 4892 scriptis.
989 4840 1137 4878 nunc
1189 4832 1373 4877 autem
1427 4823 1624 4878 litteris
1671 4839 1808 4893 quas
1868 4825 1933 4877 ad
1999 4841 2177 4894 regem
2246 4842 2273 4878 a

692 4914 915 4969 Christo
946 4914 1207 4968 dilectum
1237 4915 1427 4970 misisti
1463 4916 1531 4969 de
1565 4926 1653 4970 tua
1691 4917 1883 4985 agendi
1914 4918 2124 4987 ratione
2153 4934 2273 4985 cer-

694 5007 865 5061 tiores
887 5005 1016 5061 facti
1044 5006 1428 5075 gravissimum
1454 5008 1767 5063 dimisimus
1792 5024 2101 5072 maerorem,
2130 5020 2182 5063 et
2208 5011 2273 5064 ad

694 5112 747 5155 te
799 5116 874 5165 eo,
902 5099 1008 5155 ﬁne
1041 5100 1358 5165 scribimus,
1392 5100 1465 5153 {ili
1509 5101 1603 5165 mi,
1644 5109 1703 5154 ut
1741 5102 1784 5155 si
1823 5113 2046 5172 paterna
2089 5114 2274 5157 nostra

694 5194 1117 5262 reprehensione
1152 5194 1304 5263 prius
1327 5199 1398 5247 'es
1432 5193 1685 5257 amictus,
1719 5193 1961 5247 dolorem
2003 5194 2274 5257 excutias,

696 5290 865 5355 probe
913 5287 1163 5342 videlicet
1214 5288 1395 5341 sciens
1449 5286 1597 5340 illam
1650 5287 2132 5356 reprehensionem
2166 5304 2272 5341 non

697 5397 760 5433 ex
811 5382 936 5435 odio
973 5394 1152 5434 natam
1183 5382 1275 5435 sed
1307 5382 1491 5451 potius
1522 5397 1584 5435 ex
1615 5380 1779 5435 nimia
1808 5380 2136 5444 dilectione;
2166 5396 2273 5434 non

699 5482 879 5526 autem
913 5474 1079 5526 nimia
1106 5482 1337 5538 tantum,
1376 5473 1469 5527 sed
1501 5488 1625 5527 vere
1655 5484 1877 5543 paterna
1906 5490 1920 5537 ;
1968 5483 2021 5527 et
2049 5472 2092 5526 si
2140 5487 2278 5541 prm-

698 5579 826 5619 scns
855 5565 966 5634 ipse
1014 5565 1261 5624 fuissem,
1298 5568 1405 5619 alio
1444 5566 1604 5619 modo
1637 5576 1869 5619 conatus
1897 5580 2075 5618 essent
2112 5573 2269 5617 tuum

700 5656 983 5711 continere
1014 5656 1273 5726 impetum
1307 5675 1319 5708 :
1374 5655 1693 5726 quomodo?
1726 5658 1960 5725 arreptis
1994 5656 2269 5718 manibus.

700 5750 875 5816 capite
910 5749 1301 5818 circumplexo,
1331 5750 1505 5804 oculis
1536 5766 1753 5819 quoque
1794 5759 1848 5803 et
1884 5748 2151 5802 universis
2183 5748 2273 5801 ﬁlii

704 5840 809 5894 mei
842 5839 1104 5895 membris
1132 5856 1146 5907 ;
1189 5840 1330 5911 quod
1360 5840 1403 5893 si
1437 5842 1747 5903 rcstitisscs,
1776 5840 1938 5909 pedes
1992 5848 2110 5893 tuos
2141 5840 2271 5894 fuis-

2380 4640 2439 4692 σὲ
2473 4640 2694 4709 φίλτρον
2719 4641 2898 4710 ἡμῶν,
2932 4644 3024 4694 καὶ
3047 4644 3194 4702 ὅπως
3215 4642 3617 4712 περικαιόμεθα
3652 4643 3753 4696 σοῦ
3770 4644 3969 4698 ἕνεκεν

2375 4733 2471 4785 καὶ
2506 4736 2603 4802 τῆς
2642 4735 2699 4786 ἐν
2724 4737 2791 4803 γῇ
2834 4735 3001 4802 τιμῆς
3027 4750 3087 4785 τε
3128 4734 3223 4784 καλ⁸
3256 4733 3437 4801 δόξης,
3474 4734 3567 4785 καὶ
3587 4734 3685 4801 τῆς
3713 4737 3770 4787 ὲν
3792 4734 3972 4805 ούρα-

2374 4827 2487 4885 νοίς
2530 4826 2805 4896 σωτηρίας
2856 4825 2952 4879 καὶ
3000 4825 3379 4888 ἀπολαύσεως.
3426 4825 3588 4877 Ἀλλά
3639 4826 3808 4879 ταῦτα
3855 4827 3969 4895 μὲν

2375 4917 2515 4985 ὑπὲρ
2553 4919 2661 4969 τῶν
2714 4922 3254 4987 προγεγραμμένων,
3311 4917 3407 4970 νῦν
3443 4916 3498 4969 δὲ
3552 4918 3642 4969 διὰ
3686 4918 3781 4970 τοῦ
3822 4936 3971 4990 πεμ-

2378 5008 2604 5077 φθέντος
2641 5011 2966 5079 γράμματος
2996 5008 3133 5079 πρὸς
3162 5008 3222 5061 τὸ
3245 5009 3437 5061 τέκνον
3470 5009 3628 5079 ἡμῶν
3671 5011 3763 5062 τὸν
3803 5010 3967 5079 φιλόο

2376 5118 2599 5171 χριστον
2651 5101 2878 5170 βασιλέα
2931 5104 3000 5155 τά
3040 5102 3386 5170 διοικηθέντα
3426 5103 3833 5173 μεμαθηκότες,
3858 5106 3970 5174 τῆς

2376 5195 2867 5263 προκατασχοέσης
2932 5196 3079 5264 ἡμᾶς
3131 5194 3447 5264 βαρυτάτης
3495 5195 3793 5265 άνείθημεν
3845 5197 3965 5252 θλί-

2376 5288 2546 5357 ψεως,
2575 5292 2667 5341 καὶ
2699 5292 2986 5359 γράφομεν
3010 5289 3097 5341 ἵνα
3123 5291 3217 5341 καὶ
3252 5289 3339 5352 σὺ,
3386 5290 3578 5342 τέκνον
3612 5290 3791 5358 ἡμῶν,
3826 5290 3880 5341 εί
3907 5308 3971 5347 τι

2376 5384 2470 5435 ἐπὶ
2492 5384 2557 5452 τῇ
2592 5384 2830 5452 πατρικῇ
2872 5380 3163 5451 ἐπιπλήξει
3197 5381 3501 5450 λελύπησαι
3544 5384 3831 5454 πρότερον,
3857 5385 3970 5456 τὴν

2378 5472 2556 5542 λύπην
2589 5473 2932 5547 άπορῤίφῃςο
2965 5472 3126 5527 τοῦτο
3163 5473 3321 5536 εἰδὼς
3364 5474 3447 5526 ὅτι
3480 5475 3576 5527 καὶ
3611 5477 3644 5542 ἠ
3667 5475 3968 5545 ἐπίπληξις

2376 5566 2477 5618 οὐκ
2507 5560 2574 5633 ἦν
2625 5568 2814 5633 μίσους
2862 5568 3000 5621 ἀλλά
3030 5565 3231 5637 πολλῆς
3274 5566 3517 5635 ἀγάπης,
3572 5568 3667 5619 καὶ
3702 5565 3762 5617 ού
3796 5566 3968 5633 μόνον

2380 5658 2609 5726 πολλῆς,
2684 5659 2817 5711 ἀλλά
2863 5660 2958 5712 καὶ
3020 5662 3295 5730 πατρικῆς
3344 5660 3594 5729 ἀληθῶς·
3635 5658 3729 5711 καὶ
3773 5659 3822 5710 εί
3858 5660 3968 5727 μὲν

2383 5750 2647 5819 παρήμην
2694 5751 2856 5813 αὐτὸς
2889 5750 3021 5819 ἐγὼ,
3095 5752 3267 5815 ἄλλως
3296 5752 3362 5806 ἂν
3410 5756 3509 5822 τὴν
3561 5752 3659 5822 σὴν
3710 5753 3968 5819 ἐπισχεῖν

2384 5842 2617 5913 σπουδὴν
2650 5845 2994 5914 ἐποιησάμην
3044 5844 3240 5913 ὁρμήν.
3276 5844 3401 5909 Πῶς
3450 5845 3543 5899 καὶ
3571 5845 3689 5897 τίνα
3713 5844 3955 5908 τρόπου
