4158 6430
216 358 275 425 σι
1662 355 2071 418 ΕΡῙΞΤΟΙμΒ.
3410 358 3481 421 62

215 472 649 547 Δαμϐανόμινος
679 472 788 527 τῶν
809 472 1030 545 χειρῶν,
1069 472 1580 543 πιριπτοσσόμενος
1631 490 1783 542 κεφαι

1907 489 2019 529 sem
2048 473 2419 545 amplexatus;
2467 472 2561 530 sed
2598 474 2861 544 quoniam
2897 488 3007 529 non
3040 475 3308 543 potuerim
3343 488 3483 545 pre-

214 568 311 637 λὴν
343 567 444 619 καὶ
498 564 569 619 τὰ
606 565 838 634 ϐμματα
878 564 1075 618 καὶτὰ
1109 563 1249 634 μέλη
1286 562 1466 618 πάντα
1511 564 1607 618 τοῦ
1658 565 1795 636 ιμοῦ

210 657 325 711 uio-3
347 674 365 689 ν
392 656 830 726 φιλονεικοῦντος
861 657 919 710 δέ
952 674 1071 720 σου,
1106 657 1327 720 πάντως
1356 656 1422 710 ἂν
1452 657 1677 727 ⁴ἡψάμην
1702 657 1797 711 καὶ

209 735 317 802 τῶν
360 750 563 803 ποδῶν.
607 749 764 803 Ἐπεὶ
791 750 849 803 δὲ
874 749 1068 820 παρὼν
1090 749 1254 812 αὐτὸς
1285 747 1397 818 ἐγὼ
1429 748 1662 802 κωλύειν
1695 751 1795 804 οὐκ

211 844 515 911 ἐδυνάμην,
545 845 760 913 ἀνάγκη
788 843 845 897 δὲ
877 844 1073 897 ἀπόντι
1124 861 1216 913 μοι
1256 843 1497 911 σπουδὴν
1526 845 1796 899 ποιεῖσθαι

211 935 353 1004 ὑπὲρ
399 935 495 987 τοῦ
544 935 909 1004 ὲπισχεθῆναί
941 954 1001 989 σε
1036 937 1134 1006 τῆς
1170 937 1373 1007 ὁρμῆς,
1406 937 1627 1005 ἐδέησεν
1661 941 1795 1007 ήμτν

214 1028 310 1080 καὶ
348 1026 491 1097 πρὸς
537 1027 834 1096 ἐπίπληξιν
863 1028 1206 1098 καταστῆναι
1257 1026 1346 1082 οἷα
1378 1028 1441 1099 δὴ
1478 1028 1669 1100 πατρὶ,
1701 1031 1795 1083 καὶ

213 1118 293 1188 τῷ
343 1118 577 1187 Θαρρεῖν
629 1119 806 1188 ἔχοντι
841 1120 1197 1190 ἐπιπλήττειν
1234 1138 1338 1186 σοι,
1374 1122 1567 1174 τέκνον
1611 1124 1793 1192 ἡμῶν,

209 1211 269 1262 οὐ
298 1211 469 1279 μόνον
498 1211 634 1264 διότι
657 1213 850 1265 τέκνον
882 1213 1169 1284 ὑπάρχεις,
1202 1214 1339 1268 ἀλλὰ
1363 1216 1499 1268 διότι
1533 1215 1629 1270 καὶ
1673 1218 1797 1272 λίαν

213 1303 429 1371 φιλείςο
463 1306 749 1373 πεφύκασι
778 1305 886 1374 γάρ
924 1307 974 1359 οἱ
1025 1306 1145 1359 λίαν
1188 1305 1468 1375 φιλοῦντες
1495 1309 1666 1379 ἡδέως
1696 1308 1797 1373 τάς

207 1396 538 1465 ἐπιπλήξεις
560 1398 669 1449 τῶν
702 1398 874 1465 φίλων
898 1399 1116 1468 φέρειν’
1142 1400 1294 1470 πόσῳ
1319 1399 1375 1453 δὲ
1398 1399 1602 1469 μᾶλλον
1627 1402 1796 1455 τέκνα

207 1487 488 1557 πατέρων,
510 1490 603 1540 καὶ
630 1488 751 1541 τότε
770 1489 872 1558 τῆς
894 1489 1143 1559 πλήξεως
1170 1490 1311 1561 ὑπὲρ
1328 1494 1495 1562 τιμῆς
1510 1497 1601 1545 καὶ
1626 1511 1797 1564 σωτη·

204 1580 332 1649 ρίας
364 1581 663 1649 γινομένης
693 1581 805 1633 τῶν
839 1582 1364 1653 ἐπιπληττομένωνς
1400 1584 1554 1653 Ἐχει
1605 1584 1662 1638 δὲ
1698 1585 1794 1639 καὶ

199 1671 383 1735 άλλως
411 1672 522 1725 τῶν
543 1673 824 1742 φρονίμων
840 1674 1147 1745 ἀνθρώπων
1170 1675 1344 1738 οὕτως
1368 1676 1399 1745 ἡ
1427 1676 1592 1745 φύσις
1617 1677 1677 1730 τὸ
1696 1678 1794 1747 φέ-

204 1780 322 1834 ρειν
342 1764 523 1834 ἡδέως
552 1766 651 1828 τὰς
684 1766 1039 1837 ἐπιτιμήσεις
1057 1769 1167 1820 τῶν
1187 1768 1357 1837 φίλων
1379 1786 1392 1799 ⁸
1410 1769 1498 1824 διά
1531 1771 1584 1824 τί
1608 1788 1628 1835 ;
1666 1773 1787 1826 Ὀτι

1901 583 2027 623 sens
2054 576 2113 621 te
2137 567 2438 631 continere,
2473 581 2697 622 necesse
2728 580 2857 620 vero
2893 566 3027 621 mihi
3063 564 3230 620 interit
3262 566 3475 622 absenti

1902 661 2091 714 conari
2142 660 2207 713 ad
2262 659 2651 713 continendum
2706 667 2861 713 tuum
2902 659 3189 727 impetum,
3249 661 3484 725 oportuit

1900 752 2323 821 reprehensione
2369 751 2447 806 uti
2491 752 2669 821 qualis
2698 752 2852 807 decet
2885 760 3089 819 patrem
3144 758 3198 805 et
3227 765 3353 805 eum
3389 752 3481 805 cui

1899 845 2103 898 audere
2145 842 2270 898 licet
2310 842 2729 912 reprehendere,
2763 857 2872 897 non
2923 841 3102 896 solum
3145 842 3271 909 quia
3336 840 3482 897 [ilius

1900 950 2054 989 meus
2070 949 2151 1000 es,
2170 935 2263 990 sed
2287 936 2453 989 etiam
2466 934 2594 1004 quia
2616 936 2843 988 multum
2862 949 2947 988 me
2962 947 3115 987 amas
3133 948 3149 989 :
3166 932 3481 1001 quicunque

1899 1027 2100 1082 etenim
2142 1027 2371 1081 multum
2426 1037 2635 1090 amant,
2684 1025 2985 1080 amicorum
3021 1024 3479 1095 reprehensiones

1899 1117 2129 1173 libenter
2164 1117 2369 1184 ierunt,
2423 1128 2637 1188 quanto
2670 1117 2846 1189 magis
2878 1126 3164 1187 parentum
3201 1116 3319 1180 lilii,
3353 1131 3477 1171 cum

1898 1212 2200 1275 praesertim
2262 1211 2616 1280 reprehensio
2653 1211 2711 1266 ﬁt
2762 1211 2816 1264 in
2867 1210 3099 1280 gratiam
3160 1210 3385 1264 honoris
3415 1216 3473 1263 et

1898 1304 2092 1357 salutis
2139 1317 2328 1357 eorum
2364 1301 2457 1371 qui
2524 1300 3047 1370 reprehenduntur!
3105 1312 3299 1354 natura
3342 1316 3478 1370 pru-

1899 1393 2090 1449 dentes
2145 1394 2245 1449 viri
2275 1395 2580 1449 amicorum
2629 1394 3079 1461 reprehensiones
3127 1392 3357 1446 libenter
3395 1393 3480 1445 te-

1903 1498 2031 1542 runt
2060 1487 2095 1552 ,':
2151 1487 2365 1565 quare?
2410 1486 2515 1541 nisi
2552 1485 2679 1555 quia
2714 1486 2911 1551 nullus
2945 1501 3183 1555 unquam
3223 1485 3476 1542 inimicus

1897 1578 2259 1648 reprehendet
2299 1578 2441 1633 male
2472 1588 2746 1648 agentem,
2782 1578 2873 1633 sed
2908 1580 3112 1647 potius,
3142 1579 3187 1635 si
3221 1579 3388 1649 possit
3421 1589 3475 1633 et

1896 1670 2055 1725 (idem
2106 1671 2375 1733 obtineat,
2415 1670 2537 1741 ipse
2571 1669 2635 1724 ad
2667 1669 2851 1739 pejora
2886 1669 3145 1734 inducet;
3182 1679 3350 1723 restat
3377 1670 3478 1737 igi-

1895 1773 1983 1815 tur
2011 1771 2069 1815 ut
2099 1762 2261 1815 amici
2302 1770 2531 1816 tantum~
2554 1760 2950 1831 reprehendant
2975 1778 2990 1827 ;
3030 1770 3083 1816 et
3114 1770 3477 1830 propterea,ut

197 1830 310 1912 τῶν
351 1830 458 1930 μὲν
486 1859 700 1929 ὲχῠρῶν
717 1830 1241 1932 οὐδελςνέπιτιμήσει
1271 1864 1459 1927 κακῶς
1482 1881 1591 1917 τινι
1608 1830 1783 1935 πράτ-

1891 1854 2151 1919 diximus,
2188 1854 2445 1923 gaudent,
2479 1868 2587 1909 non
2617 1830 2798 1908 autem
2826 1853 3242 1918 contristantur,
3276 1852 3372 1925 qui
3405 1852 3474 1908 ad

196 1962 371 2009 τοντι,
404 1946 541 2000 άλλά
578 1947 808 2017 μᾶλλον,
830 1949 879 2002 εί
909 1948 1148 2014 δύναιτο,
1177 1950 1273 2005 καὶ
1292 1952 1529 2016 πίστεως
1560 1953 1784 2019 ἀξιοῖτο,

194 2036 361 2097 αὐτὸς
401 2038 671 2107 ὑποθήσει
691 2040 760 2093 τά
795 2040 961 2110 χείρω
986 2058 1000 2071 ·
1028 2040 1279 2097 λείπεται
1316 2042 1409 2096 οῦν
1439 2046 1566 2106 τοὺς
1600 2044 1788 2113 φίλους

195 2129 496 2199 ἐπιτιμᾷν
526 2132 622 2185 καὶ
648 2131 736 2185 διά
775 2132 953 2197 τοῦτο,
985 2135 1165 2198 καθὼς
1190 2136 1425 2204 ἔφημεν,
1463 2136 1774 2206 χαίρουσιν,

192 2217 257 2269 ού
286 2218 613 2283 λυποῦνται,
652 2221 785 2274 ὅταν
818 2222 913 2273 ἐπὶ
956 2220 1026 2274 τά
1056 2225 1226 2292 χείρω
1259 2224 1535 2293 φέρωνται
1560 2224 1609 2276 οἰ
1636 2223 1787 2292 παρὰ

190 2311 307 2362 τῶν
370 2312 545 2378 φίλων
595 2314 1017 2384 ὲπιτιμὼμενοι.
1062 2315 1191 2368 Εῐτε
1239 2314 1333 2368 οὖν
1381 2315 1457 2378 ὡς
1505 2315 1788 2385 φιλοῦντος

191 2402 586 2472 ἱπιτιμήσεις,
638 2407 749 2458 εἴτε
812 2406 889 2469 ὠς
935 2407 1145 2476 πατρὸς
1207 2406 1522 2477 δεξάμενος,
1567 2406 1788 2470 πάντως

191 2500 420 2569 χαίρειν
472 2501 711 2566 ὀφείλεις
737 2519 751 2532 ’
784 2502 1127 2571 πεποίθαμεν
1175 2504 1284 2573 γὰρ
1314 2506 1373 2557 ὲν
1397 2504 1517 2573 Θεῷ
1538 2504 1617 2573 τῷ
1652 2505 1786 2558 πάν-

188 2607 303 2643 των
340 2592 557 2662 ἃυτῆρι
590 2595 685 2647 καὶ
722 2595 945 2664 ἄρχοντι
971 2598 1065 2648 καὶ
1093 2596 1340 2667 Δεσπότῃ
1367 2597 1442 2658 ὡς
1474 2596 1783 2667 ὀνήσουσιν,

184 2687 251 2738 οὐ
294 2684 568 2753 βλάψουσι
600 2689 666 2739 τὰ
696 2690 1001 2755 γραφέντα,
1034 2687 1130 2740 καὶ
1152 2686 1251 2758 τὴν
1284 2689 1343 2741 ὲν
1370 2691 1439 2758 γῇ
1482 2688 1785 2759 εὐημερίαν

185 2778 541 2847 δωρούμενα,
570 2780 619 2832 εἰ
656 2778 946 2849 προσέξειν
993 2781 1180 2845 αὐτοῖς
1219 2781 1521 2853 ἐθελήσεις,
1554 2782 1651 2834 καὶ
1686 2782 1785 2851 τὴν

184 2869 455 2939 οὐράνιον
494 2870 675 2935 δόξαν,
719 2866 941 2943 ἧστινος
978 2873 1153 2943 χωρὶς
1195 2872 1264 2926 τὰ
1303 2876 1362 2925 ὲν
1403 2876 1471 2943 γῇ
1524 2872 1786 2927 δοκοῦντα

184 2959 340 3012 καλᾶ
366 2961 465 3013 καὶ
492 2960 623 3026 δόξα
649 2964 743 3015 κιιὶ
771 2962 914 3033 ἀρχὴ
955 2964 1051 3016 καὶ
1085 2962 1245 3015 πᾶσά
1288 2962 1530 3027 ἐξουσία,
1571 2960 1785 3031 χαλεπά

184 3056 286 3106 καὶ
321 3054 580 3108 ἐπώδυνα
631 3055 709 3125 τῷ
742 3056 1074 3125 κτησαμένῳ
1122 3056 1355 3123 γίνεται,
1401 3053 1523 3107 καθ’
1558 3052 1640 3106 δτι
1694 3052 1784 3105 διά

181 3143 403 3198 τούτων
436 3147 471 3215 ἡ
493 3146 704 3199 ἐκεῖθεν
724 3147 1088 3215 άπομειοῦται
1112 3145 1416 3207 ἀπόλαυσις
1438 3160 1452 3175 ο
1483 3137 1551 3212 ἦς
1570 3142 1782 3210 γένοιτό

1891 1946 2075 2016 pejora
2106 1948 2432 2013 decurrunt,
2478 1961 2601 2002 cum
2628 1946 2697 2000 ab
2728 1944 2921 2000 amicis
2951 1945 3424 2013 reprehenduntur
3452 1963 3470 2010 ;

1890 2040 2003 2094 sire
2060 2040 2227 2110 igitur
2277 2048 2541 2110 tanquam
2610 2039 2677 2092 ah
2727 2039 2926 2097 amico.
2988 2038 3105 2093 sive
3153 2048 3410 2109 tauquam
3443 2055 3473 2092 a

1891 2146 2045 2203 patre
2117 2148 2333 2191 nostras
2381 2134 2841 2203 reprehensiones
2906 2133 3189 2202 accipias,
3248 2147 3476 2186 omnmo

1890 2228 2123 2294 gaudere
2150 2227 2351 2293 debes;
2385 2241 2706 2291 persuasum
2745 2226 2943 2280 etenim
2980 2226 3247 2280 habemus
3279 2226 3331 2281 in
3362 2225 3475 2279 Deo

1888 2318 2132 2371 omnium
2168 2316 2458 2379 Salvatori,
2511 2316 2641 2386 Regi
2693 2323 2747 2370 et
2803 2316 3052 2381 Domino,
3088 2332 3195 2369 non
3223 2316 3316 2369 tibi
3349 2330 3472 2368 esse

1891 2410 2163 2472 nocitura,
2207 2410 2301 2465 sed
2356 2409 2576 2463 utiiitati
2620 2408 2737 2463 lore
2777 2423 2899 2478 qua:
2924 2408 3264 2477 scripsimus,
3296 2407 3473 2477 siqni-

1887 2503 2008 2557 dem
2048 2501 2359 2557 felicitatem
2398 2502 2483 2557 his
2519 2501 2573 2555 in
2620 2501 2803 2565 terris,
2838 2501 2881 2556 si
2916 2501 3290 2570 obtemperare
3317 2501 3473 2567 velis,

1891 2593 1989 2647 tibi
2050 2593 2373 2663 praebebunt
2427 2604 2482 2648 et
2537 2594 2813 2648 caelestem
2874 2594 3125 2663 gloriam,
3182 2593 3302 2646 sine
3358 2609 3469 2661 qua

1887 2698 2224 2753 quaecunque
2282 2685 2371 2738 hic
2421 2686 2563 2738 bona
2622 2684 2900 2749 videntur,
2948 2684 3121 2754 gloria
3179 2684 3392 2738 scilicet
3413 2695 3468 2739 et

1889 2785 2131 2846 potestas
2178 2777 2255 2831 et'
2286 2777 2574 2847 imperium
2623 2778 2809 2845 gravia
2856 2786 2910 2831 et
2944 2776 3193 2832 luctuosa
3224 2778 3381 2844 ﬁunt,
3414 2776 3469 2832 iu

1887 2881 2153 2939 quantum
2187 2871 2468 2924 caelestem
2521 2868 2837 2925 felicitatem
2866 2868 3127 2923 minuunt
3170 2887 3184 2924 :
3224 2885 3330 2939 qua
3366 2870 3470 2924 uti-

1888 2978 2010 3015 nam
2064 2977 2168 3015 non
2208 2961 2454 3026 decidas,
2502 2978 2667 3031 quam
2723 2962 2817 3016 tibi
2877 2961 2969 3015 Dei
3017 2960 3269 3015 Christus
3326 2960 3468 3017 Deus

1887 3064 2076 3107 nnsler
2116 3052 2392 3123 snﬂ‘ragiis
2440 3053 2805 3107 sanctissima:
2856 3061 2911 3105 et
2958 3052 3174 3107 intacta:
3225 3051 3468 3107 Dominae

1888 3153 2091 3197 nostra!
2114 3160 2236 3214 qua:
2267 3144 2711 3199 Christianorum
2764 3151 2819 3199 et
2861 3143 3109 3199 omnium
3149 3154 3465 3199 sanctorum

182 3255 243 3291 σε
270 3239 354 3309 μὴ
381 3241 662 3302 ἐκπεσεῖν,
689 3239 784 3292 καὶ
823 3240 892 3310 ἢν
918 3239 1193 3308 παράσχοι
1222 3253 1303 3290 σοι
1326 3237 1564 3307 Χριστὸς
1590 3238 1619 3289 ὁ
1647 3236 1781 3299 Θεὸς

1887 3251 2010 3305 spes
2037 3244 2123 3291 est
2150 3248 2203 3291 et
2233 3237 2401 3294 salus.

179 3331 353 3401 ἡμῶν
379 3330 706 3400 πρεσϐείαις
740 3334 838 3402 τῆς
868 3332 1141 3401 παναγίας
1173 3330 1451 3401 άχράντού
1480 3329 1781 3398 Δεσποίνης
1820 3330 1977 3401 ἡμῶν
2012 3330 2111 3401 τῆς
2164 3329 2379 3395 ιλπίδος
2435 3331 2546 3386 τῶν
2605 3331 2953 3404 Χριστιανῶν
2990 3331 3087 3385 καὶ
3162 3332 3463 3404 σωτηρίας,

180 3429 280 3482 καὶ
315 3429 542 3483 πάντων
568 3428 679 3482 τῶν
713 3427 909 3497 ἁγίων.

780 3565 864 3621 H'.
888 3565 973 3633 Τῷ
999 3564 1184 3633 αὐτῷ.

256 3684 333 3735 Ἀ
360 3680 651 3749 πολλάκις,
677 3681 869 3735 τέκνον
892 3682 1069 3753 ἡμῶν,
1098 3682 1239 3753 μετά
1258 3685 1493 3755 συνοχῆς
1520 3685 1771 3757 καρδίας,

176 3774 335 3845 μετὰ
362 3774 620 3844 δακρύων
667 3774 1012 3845 ἐγράψαμεν,
1045 3776 1220 3828 ταῦτα
1250 3776 1349 3830 καὶ
1393 3776 1490 3829 νῦν
1522 3794 1607 3831 σοι
1641 3795 1772 3830 πεν-

174 3868 420 3931 θοῦντες
461 3868 558 3920 καὶ
608 3866 943 3935 δακρύοντες
1004 3870 1310 3939 γράφομεν.
1362 3869 1488 3933 Πῶς
1517 3869 1627 3941 γάρ
1652 3869 1776 3941 οὐχὶ

172 3960 494 4030 πενθήσως
552 3958 676 4021 Πῶς
722 3959 779 4013 δὲ
816 3960 877 4013 οὐ
910 3960 1169 4030 δακρύσω
1208 3962 1303 4013 καὶ
1342 3960 1582 4030 κόψομαι
1622 3962 1651 4015 ό
1675 3978 1775 4014 τα-

172 4053 375 4113 πεινὸς
410 4050 546 4118 ἐγὼ.
598 4051 694 4103 καὶ
740 4051 1155 4122 άρχιερατεύειν
1186 4052 1304 4121 Θεῷ
1335 4052 1402 4105 δι’
1433 4052 1530 4117 οὓς
1564 4056 1770 4124 οἰκτιρ-

172 4146 320 4213 pob;
374 4144 588 4206 ἐκεῖνος
646 4140 756 4197 οἶδε
810 4144 1194 4210 καταξιωοεὶς,
1257 4146 1421 4199 ὁπότε
1474 4147 1567 4199 καὶ
1612 4147 1771 4211 ἄλλος

168 4235 445 4291 ὁστισοῦν
505 4238 583 4307 μὴ
636 4238 799 4308 μόνον
853 4242 913 4292 έν
958 4239 1111 4292 πόλει
1151 4240 1467 4308 διατρίϐων,
1501 4240 1642 4294 ἀλλὰ
1673 4240 1769 4293 καὶ

2388 3564 2527 3622 Vlll.
2570 3566 2651 3622 Ad
2684 3571 2945 3626 eumdem.

1949 3702 2081 3770 Qua:
2111 3705 2330 3773 stt-pius,
2360 3705 2436 3761 illi
2469 3706 2567 3772 mi,
2608 3723 2732 3763 cum
2768 3709 2954 3765 cordis
2981 3708 3292 3775 afﬂictione,
3330 3724 3455 3766 cum

1878 3794 2135 3867 lacrymis
2169 3798 2512 3867 scripsimus,
2545 3800 2636 3855 illa
2673 3801 2834 3857 hodie
2874 3814 3152 3873 gementes
3181 3814 3237 3859 et
3267 3803 3459 3858 ﬂentes

1878 3890 2057 3944 denuo
2090 3890 2406 3948 scribimus.
2456 3892 2741 3960 Quomodo
2790 3910 3029 3965 namque
3069 3911 3177 3951 non
3227 3896 3459 3968 lugebo?

1878 3980 2163 4048 Quomodo
2192 3999 2299 4039 non
2325 3985 2665 4056 lacrymabor
2698 4002 2799 4043 nec
2823 3988 3056 4058 afﬂigar,
3095 3989 3315 4046 humilis
3366 3991 3458 4047 ille

1877 4088 1978 4139 ego
2005 4072 2098 4143 qui
2135 4071 2244 4127 Deo
2277 4075 2614 4140 ministrare,
2646 4093 2741 4147 per
2782 4088 2915 4148 quot
2944 4080 3179 4148 gemitus
3209 4082 3312 4134 scit
3343 4081 3454 4145 ille,

1877 4164 2071 4234 dignus
2100 4180 2220 4220 sum
2253 4167 2492 4233 habitus,
2526 4183 2650 4224 cum
2683 4170 2865 4225 nullus
2904 4173 3064 4240 alius,
3115 4189 3222 4228 non
3276 4174 3452 4230 solum

1880 4256 1932 4308 in
1963 4257 2095 4311 urbe
2120 4268 2514 4324 commoratus,
2547 4260 2642 4315 sed
2664 4260 2827 4315 etiam
2851 4263 2920 4318 ab
2963 4263 3248 4319 hominum
3275 4266 3455 4321 socie-

168 4328 284 4381 τῶν
348 4325 664 4396 ἀνθρώπων
698 4329 1127 4399 κεχωρισμένος,
1181 4328 1279 4383 καὶ
1326 4331 1384 4381 έν
1414 4328 1529 4399 ϐρει
1558 4330 1768 4382 δίαιταν

1887 4358 1987 4403 late
2008 4350 2349 4406 discretuset
2398 4352 2450 4405 iu
2497 4364 2679 4409 monte
2718 4362 2811 4409 aut
2860 4354 2913 4410 in
2965 4356 3180 4412 deserto
3228 4358 3452 4427 degens,

170 4418 321 4486 ἔχων
358 4419 458 4469 καὶ
483 4418 708 4488 ἐρημίᾳ,
744 4418 968 4471 τοιαῦτα
1021 4422 1323 4489 πράγματα
1359 4420 1648 4485 διακούων,
1680 4418 1767 4473 οἷα

1887 4441 2085 4496 auditis
2111 4458 2231 4511 qua:
2251 4443 2401 4497 hisce
2420 4447 2758 4515 temporibus
2786 4447 3121 4515 acciderunt,
3152 4466 3258 4503 non
3292 4418 3453 4519 pollet

168 4515 228 4561 ὲν
290 4512 416 4571 τοῖς
466 4510 705 4576 παροῦσι
758 4510 1129 4579 συμπέπτωκε
1180 4514 1414 4581 καιροῖς,
1460 4514 1520 4566 οὐ
1545 4514 1768 4567 δύναται

1887 4531 1993 4587 sine
2022 4533 2277 4604 lacrymis
2306 4534 2619 4591 istiusmodi
2642 4537 2840 4593 famam
2869 4541 3156 4608 accipere?
3178 4543 3452 4609 quomodo

170 4601 353 4671 χωρὶς
421 4599 680 4669 δακρύων
729 4600 831 4669 τὴν
887 4603 1058 4674 ἀκοὴν
1099 4604 1505 4669 ὑποδέξασθαιξ
1549 4606 1665 4668 πῶς
1705 4606 1765 4658 ού

1895 4638 1981 4677 non
2036 4623 2217 4690 ﬂebo,
2285 4642 2409 4682 cum
2490 4644 2610 4697 qua-
2658 4642 2891 4699 aguntur
2943 4630 3115 4685 Deum
3187 4634 3448 4687 bonorum

166 4692 467 4763 δακρύσω,
513 4693 644 4745 ὅταν
705 4693 849 4765 λυπῇ
896 4695 994 4765 μὲν
1048 4697 1117 4749 τά
1157 4696 1464 4767 πράγματα
1513 4698 1644 4751 Θεὸν
1675 4698 1769 4752 τὸν

1893 4715 2117 4769 minium
2151 4732 2373 4772 causam
2415 4721 2764 4785 contristant,
2799 4734 3009 4788 patrem
3066 4733 3248 4778 autem
3292 4724 3452 4778 mali-

165 4786 283 4839 τῶν
304 4783 502 4838 καλῶν
527 4786 725 4850 αἴτιον,
757 4786 1026 4861 εὐφραίνῃ
1056 4788 1112 4842 δὲ
1143 4789 1235 4841 τὸν
1266 4790 1484 4860 πατέρα
1516 4793 1618 4860 τῆς
1672 4809 1772 4844 και

1887 4808 1975 4860 .ἰ;1³.
2004 4810 2496 4879 scandalorumque
2526 4812 2790 4867 artiﬁcem
2822 4815 3100 4870 diabolum
3137 4817 3451 4871 delectant?

166 4881 324 4942 ιέας,
374 4878 587 4930 καὶτὸν
616 4878 953 4949 δημιουργὸν
982 4881 1091 4935 τῶν
1126 4883 1443 4936 σκανδάλων
1471 4883 1721 4937 διάϐολον
1751 4901 1766 4950 ;

1887 4896 2088 4963 Nonne,
2144 4915 2354 4969 qumso,
2414 4902 2530 4968 lili,
2581 4904 2966 4959 scandalorum
3020 4908 3318 4977 pessimum
3367 4918 3450 4963 cst

169 4972 243 5025 Ἦ
275 4972 392 5024 οὒκ
426 4971 571 5035 ἐστι,
617 4972 805 5025 τέκνον
849 4973 1002 5044 ἐμὸν,
1040 4975 1343 5030 σκάνδαλον
1381 4979 1769 5048 χαλεπώτατον

1887 5000 2057 5044 :xorta
2101 4991 2241 5046 inter
2283 4990 2561 5049 Romanos
2591 5004 2645 5049 et
2678 4995 2962 5065 Bulgaros,
3018 4999 3139 5052 loco
3168 5000 3446 5063 amicitiae,

164 5066 198 5133 ἠ
222 5065 330 5118 νῦν
364 5065 721 5135 γεγενημένη
761 5067 963 5136 μεταξὺ
1000 5068 1288 5138 Ῥωμαίων
1317 5072 1413 5124 καὶ
1437 5072 1766 5144 Βουλγάρων

1890 5095 1990 5133 oco
2013 5081 2187 5150 pacis,
2222 5081 2342 5138 loco
2372 5084 2616 5150 unionis,
2644 5086 2954 5151 inimicitia,
2981 5089 3255 5144 discordia
3280 5099 3447 5161 atque

162 5160 293 5212 ἀντὶ
324 5160 433 5225 τῆς
465 5156 679 5226 φιλίας,
712 5157 835 5210 ἀντὶ
857 5160 957 5228 τῆς
985 5162 1227 5231 εἰρήνης,
1254 5164 1373 5215 ἀντὶ
1396 5164 1492 5234 τῆς
1518 5164 1765 5228 ένώσεως

1887 5173 2097 5227 idium?
2158 5173 2394 5244 Tempus
2465 5177 2593 5231 olim
2656 5178 2758 5232 fuit
2813 5196 2937 5235 cum
3006 5156 3448 5253 disjungerentur

164 5249 348 5319 ἔχθρα
382 5248 485 5300 καὶ
513 5248 798 5308 διάστασις
834 5252 928 5303 καὶ
958 5251 1294 5323 δνσμένειας
1335 5253 1445 5309 Ἦν
1477 5275 1607 5311 ποτε
1640 5276 1764 5313 και-

1887 5266 2100 5320 {omani
2129 5281 2192 5321 ac
2214 5266 2453 5337 Bulgari,
2506 5284 2742 5341 cumque
2765 5276 2932 5329 armis
2956 5277 3443 5345 congrederentur,

162 5342 261 5409 ᾡς
294 5342 392 5394 ὅτε
425 5339 705 5393 διίσταντο
753 5342 1017 5412 Ῥωμαῖοι
1036 5347 1130 5399 καὶ
1156 5345 1476 5417 Βούλγαροι,
1505 5352 1593 5405 ὅτε
1626 5352 1763 5422 πρὸς

1890 5358 1989 5413 llos
2029 5370 2315 5427 separante
2339 5363 2543 5429 pariete
2586 5339 2885 5420 inimicitiae
2942 5339 3105 5436 quem
3153 5339 3443 5438 iuterjece;

160 5432 443 5502 ἀλλήλους
462 5432 588 5502 μεθ’
615 5433 797 5487 ὃπλων
822 5436 1083 5507 ἐπῄεσαν,
1111 5438 1533 5510 διατειχίζοντος
1566 5445 1763 5506 αὐτοὺς

160 5522 257 5575 τοῦ
316 5528 651 5595 μεσοτοὶχου
697 5527 799 5595 τῆς
844 5528 1066 5601 ἔχθρας,
1118 5530 1145 5583 ὃ
1188 5532 1219 5602 ἡ
1260 5535 1566 5605 κατέχουσα
1617 5538 1760 5607 ὑμᾶς

160 5614 398 5667 ἀσέϐεια
435 5616 717 5669 ὑπέϐαλεν
742 5635 755 5649 ο
792 5620 928 5673 Θεοῦ
971 5620 1026 5675 δὶ
1052 5621 1143 5675 τοῦ
1174 5625 1266 5677 τὸν
1308 5625 1514 5694 κόσμον
1544 5629 1760 5698 ἀγαπή-

165 5722 394 5771 σαντος,
425 5706 524 5760 τοῦ
554 5709 618 5762 τὸ
647 5712 848 5765 οίκεῖον
880 5714 1107 5785 πλάσμα
1149 5715 1238 5769 διά
1273 5716 1365 5770 τοῦ
1398 5721 1631 5789 σταυροῦ
1666 5719 1759 5773 καὶ

162 5798 263 5851 τοῦ
309 5798 554 5855 θανάτου
585 5803 678 5856 τοῦ
714 5803 843 5858 Υίοῦ
879 5806 1044 5862 αὐτοῦ
1096 5810 1230 5877 πρὸς
1279 5811 1472 5867 ἑαυτὸν
1505 5814 1759 5882 ἑπιστρέ-

1867 5454 1953 5499 rat
2000 5446 2245 5515 impietas
2300 5463 2409 5517 qua
2459 5450 2880 5519 detinebamini;
2926 5464 3215 5527 postquam
3257 5469 3439 5514 autem

1865 5536 2011 5591 Dens
2036 5538 2299 5592 mundum
2336 5541 2607 5606 dilexerit,
2636 5556 3055 5617 creaturamque
3090 5564 3245 5605 suam
3275 5567 3439 5607 cruce

1864 5640 1916 5684 et
1958 5643 2130 5685 morte
2187 5630 2305 5685 Filii
2355 5633 2439 5688 sui
2498 5635 2601 5689 sibi
2648 5640 3106 5708 reconciliaverit,
3143 5655 3315 5714 atque
3347 5660 3441 5699 ros

1865 5724 2175 5779 illuminare
2210 5725 2411 5780 lumine
2440 5730 2770 5799 cognitionis
2799 5747 2910 5787 sua:
2960 5733 3123 5790 fuerit
3158 5738 3436 5807 dignatus,

1866 5821 2152 5888 soluteque
2207 5820 2505 5877 inimicitiae
2539 5824 2781 5893 pariete,
2826 5840 2923 5882 vos
2976 5828 3041 5883 ad
3099 5830 3281 5899 gloriae
3324 5848 3435 5887 sine
