4158 6430
699 392 769 453 79
1834 389 2138 447 NHIOIAI
2185 389 2297 452 CP.

2413 386 2855 447 i'l‘liiARCiHi
3908 386 3983 449 80

704 511 868 565 atque
921 493 1129 552 hedera
1200 496 1342 552 inter
1401 497 1682 553 Romanos
1726 507 1783 553 et
1839 499 2100 566 Bulgaros
2152 499 2285 550 inita

2413 498 2480 548 ἱιὰ
2542 496 2635 548 τοῦ
2695 497 3084 565 παναχράιτου
3156 494 3534 564 βαιτίσματος
3591 496 3681 548 τὸν
3738 498 3979 566 Χριστὸν

706 589 990 657 ιιιτίιιεηιιθ
1020 591 1309 660 potestatis
1335 591 1470 644 lines
1492 590 2017 645 determinavcrnnt.
2041 590 2290 644 Misimus

704 688 884 734 autem
910 681 977 735 ad
1008 690 1084 747 te,
1114 682 1209 746 ﬁli,
1242 698 1350 737 non
1372 694 1431 736 ut
1465 682 1693 747 donum,
1729 684 1820 737 sed
1855 692 1912 735 ut
1936 683 2289 737 mediatorem

704 782 871 841 atque
897 773 1196 839 vindicem,
1229 784 1472 830 nostram
1509 776 1983 840 exhortationem;
2011 774 2215 830 Christi
2240 783 2295 830 et

706 862 798 919 Dei
849 866 1024 921 nostri
1077 866 1264 921 divina
1328 868 1547 939 eloquia
1593 870 1658 925 ad
1703 884 1799 924 eor
1830 878 1982 922 tuum
2038 869 2292 925 misimus

701 957 947 1027 prudens
996 968 1071 1024 et,
1108 970 1163 1012 ut
1187 959 1455 1016 arbritror
1478 1004 1492 1028 ,
1529 972 1896 1025 mansuetum,
1931 962 2147 1015 etiamsi
2178 963 2294 1017 dia-

704 1048 814 1103 boli
839 1050 1095 1104 scandala
1128 1050 1259 1106 illud
1296 1054 1775 1119 exacerbaverint;
1803 1054 2006 1122 quibus
2034 1062 2292 1122 tanquam

702 1140 773 1193 ob
803 1141 992 1196 oculos
1025 1140 1233 1197 habens
1262 1143 1407 1198 illius
1440 1146 1709 1199 salutares
1756 1145 2042 1213 passiones
2076 1144 2297 1212 sangui-

705 1247 943 1301 nemque
995 1248 1214 1288 sacrum
1251 1250 1349 1304 pro
1383 1237 1569 1289 mundi
1610 1251 1743 1305 pace
1775 1235 2028 1297 eﬁ'usum,
2060 1252 2165 1289 non
2201 1235 2293 1286 de-

704 1324 1007 1393 dignabere
1063 1341 1215 1380 meos
1260 1342 1575 1385 sermones.
1619 1326 1712 1378 sed
1756 1327 2006 1394 recipies,
2035 1335 2294 1395 tanquam

706 1413 852 1467 ﬁlius
872 1426 1083 1484 patrem
1109 1418 1407 1479 honorans,
1438 1425 1656 1472 nostras
1680 1417 2108 1481 cohortationes,
2136 1429 2300 1486 atque

707 1506 909 1559 smculn
933 1508 1241 1575 exemplum
1273 1508 1556 1576 relinques
1585 1509 1635 1561 in
1662 1510 1892 1577 gloriam
1922 1512 2103 1579 magni
2132 1510 2224 1563 Dei
2250 1521 2300 1564 et

708 1598 1011 1652 Salvatoris
1045 1601 1241 1663 nostri,
1274 1600 1326 1653 in
1362 1600 1579 1654 laudem
1610 1617 1829 1671 quoque
1863 1602 1961 1659 tui.
1999 1613 2052 1655 et
2077 1643 2089 1660 .
2119 1602 2161 1656 si
2196 1604 2295 1665 vis,

706 1694 882 1746 dicam
918 1695 1052 1757 mei,
1082 1711 1147 1749 ac
1178 1697 1231 1748 in
1270 1697 1609 1763 gloriaionis
1642 1696 1925 1749 materiam
1963 1698 2097 1750 mihi
2121 1739 2134 1757 ,
2158 1715 2297 1765 qut)-

708 1784 853 1838 niam
905 1785 1074 1838 ﬁlium
1134 1786 1413 1838 habuerim
1445 1787 1673 1840 docilem
1721 1804 1961 1858 Itlt‘ﬂtqttc
2003 1791 2300 1843 senectutis

2397 589 2491 640 xui
2522 588 2658 640 Ga’w
2679 586 2788 638 τῶν
2832 589 2977 639 ὅλων
3011 586 3334 654 ἐπιγνῶναι,
3370 588 3465 640 xui
3506 586 3575 640 τὰ
3630 591 3978 659 γεγενημένα

2394 680 2517 732 τότε
2552 680 2820 749 σύμφωνα
2839 678 2949 731 τῶν
2975 697 3032 731 τε
3071 680 3363 748 Ῥωμαίων
3390 684 3484 732 xui
3517 680 3845 750 Βουλγάρων
3880 683 3984 752 τὴν

2403 770 2760 839 ἐπικράτειαν
2788 770 3095 841 διορίζοντα
3130 770 3589 841 συμπεφώνηται.
3631 774 3983 830 Ἀπεστείλαα

2401 880 2500 933 μεν
2543 863 2599 915 δὲ
2638 862 2737 932 οὐχ
2798 864 2873 928 ὡς
2925 863 3121 934 δῶρον,
3173 865 3289 917 ἀλλ’
3352 866 3425 929 ὡς
3488 866 3717 935 μεσίτην
3764 869 3856 921 καὶ
3906 871 3987 919 οξ-

2400 956 2656 1011 κειοῦντα
2688 956 2789 1026 τὴν
2820 958 3000 1025 ἡμῶν,
3030 958 3224 1010 τέκνον
3258 957 3412 1025 ἐμὸν,
3446 958 3773 1028 παραίνεσιν
3820 965 3886 1031 τῇ
3912 964 3985 1029 τῇ

2400 1051 2640 1121 φρονίμη
2667 1050 2760 1103 xui
2795 1050 3021 1120 πραείᾳ,
3066 1052 3143 1111 ὡς
3189 1049 3300 1117 ἐγὼ
3357 1052 3641 1120 πείθομαι,
3682 1053 3903 1121 καρδίᾳ,
3936 1055 3991 1104 εἱ

2400 1146 2493 1196 xui
2518 1145 2585 1196 τά
2618 1143 2712 1197 τοῦ
2764 1143 3003 1213 πονηροῦ
3039 1144 3311 1197 σκάνδαλα
3366 1143 3579 1213 ταύτην
3633 1146 3989 1214 ἐξετράχυνε,

2399 1236 2469 1287 τὰ
2502 1235 2623 1287 θεῖα
2648 1234 2743 1288 τοῦ
2800 1234 3042 1302 Χριστοῦ
3100 1236 3193 1287 xui
3238 1236 3374 1290 Θεοῦ
3435 1254 3537 1305 μου
3572 1237 3766 1304 λόγια·
3808 1238 3873 1289 δι’
3909 1231 3992 1289 ὧν

2402 1326 2590 1395 ὥσπερ
2617 1328 2672 1377 ὲν
2696 1325 3001 1394 ὀφθαλμοῖς
3035 1326 3174 1395 ἔχων
3223 1325 3293 1377 τὰ
3321 1328 3533 1381 ἐκείνου
3585 1330 3829 1397 σωτήρια
3877 1329 3993 1381 τῶν

2403 1418 2710 1488 ἀνθρώπων
2768 1419 2940 1489 πάθη,
2976 1420 3036 1473 τὸ
3076 1419 3288 1472 ἐκείνου
3339 1421 3579 1473 κενωθὲν
3633 1421 3787 1487 ἅγιον
3849 1416 3995 1490 αἷμα

2404 1514 2543 1579 ὑπὲρ
2575 1515 2803 1582 εἰρήνης
2826 1514 2921 1566 τοῦ
2965 1514 3194 1580 κόσμου,
3234 1514 3306 1583 μὴ
3336 1516 3461 1576 τοὺς
3508 1516 3675 1581 ὲμοῦς
3706 1513 3995 1583 ἀτιμάσῃς

2405 1604 2624 1671 λόγους,
2661 1604 2801 1657 ἀλλὰ
2831 1603 2982 1668 δέξαι
3027 1605 3102 1666 ὡς
3134 1608 3330 1659 τέκνον
3362 1608 3529 1676 τιμᾷν
3564 1608 3800 1673 πατέρα,
3835 1606 3999 1668 εἰδὼς

2404 1698 2503 1759 τὰς
2546 1696 2826 1767 ἡμετέρας
2881 1698 3264 1767 παραινέσεις,
3322 1700 3416 1750 xui
3470 1698 3736 1751 κατάλιπε
3785 1699 3860 1766 τῷ
3895 1698 4001 1765 βίῳ

2408 1791 2770 1862 παράδειγμα
2809 1794 2888 1854 εἰς
2939 1791 3100 1855 δόξαν
3154 1790 3254 1856 μὲν
3311 1789 3404 1842 τοῦ
3458 1791 3696 1857 μεγάλου
3734 1789 3867 1840 Θεοῦ
3903 1790 4005 1839 xui

714 1888 1118 1943 veneratorem,
1156 1879 1249 1949 qui
1285 1880 1562 1933 srandalis
1598 1881 1829 1935 funestis
1854 1891 2018 1950 atque
2045 1883 2298 1949 pessimis

2413 1883 2655 1951 Σωτῆρος
2698 1882 2876 1951 ἡμῶν,
2916 1883 2995 1945 εἰς
3058 1884 3321 1953 καύχημα
3349 1882 3404 1934 δὲ
3457 1882 3571 1945 σὺν,
3609 1881 3787 1949 βούλει
3828 1881 4000 1946 λέγω,

710 1988 737 2022 a
774 1971 995 2025 diabolo
1030 1970 1171 2025 forte
1201 1974 1443 2028 evocatis
1496 1989 1837 2044 acecnsmpne
1883 1974 2293 2041 inextinguibili

710 2062 989 2127 incendio,
1013 2063 1223 2117 nefario
1243 2063 1475 2117 daemuni
1503 2081 1607 2117 non
1631 2064 1875 2134 permisit
1918 2064 2170 2117 incendio
2190 2079 2217 2116 a
2238 2080 2296 2118 se

713 2171 947 2212 accenso
991 2157 1201 2211 diutius
1238 2156 1482 2226 gloriari,
1514 2158 1607 2211 sed
1636 2159 1871 2211 senioris
1903 2158 2076 2226 patris
2120 2157 2297 2227 lacry-

2399 1976 2574 2026 καὶτὸ
2610 1975 2762 2043 ἐμὸν.
2801 1975 2894 2027 καὶ
2946 1975 3027 2035 εἰς
3070 1974 3465 2042 σεμνολὸγημα
3492 1975 3652 2040 ἐμοὶ,
3687 1974 3769 2025 ὅτι
3816 1970 4005 2024 10.03-

2399 2085 2489 2119 τον
2515 2068 2673 2136 ἔσχον
2706 2068 2820 2119 υἱὸν
2840 2068 3071 2135 εὐπειθῆ
3092 2067 3186 2119 xui
3210 2066 3309 2135 τὴν
3335 2065 3474 2134 ἐμὴν
3499 2064 3692 2117 πολιὰν
3721 2066 4001 2131 τιμῶντα,

2402 2162 2463 2223 ὃς
2494 2178 2628 2212 ποτε
2667 2161 2763 2212 τοῦ
2795 2160 3040 2229 πονηροῦ
3088 2160 3345 2226 δαίμονος
3375 2156 3656 2210 σκάνδαλα
3707 2157 3862 2208 δεινᾶ
3905 2156 4009 2206 καὶ

712 2247 817 2299 niis
854 2245 1255 2315 gemitibusque
1286 2259 1339 2300 et
1371 2248 1655 2301 doloribus
1718 2249 1915 2302 cedens
1941 2289 1955 2312 ,
1986 2260 2303 2301 mansuetu-

711 2338 824 2390 diui
846 2346 901 2391 et
924 2338 1285 2394 moderationi
1308 2341 1374 2394 de
1402 2340 1570 2395 animi
1606 2341 1973 2395 amaritudine
2014 2342 2299 2394 victoriam

707 2431 1005 2497 .oncessit,
1043 2442 1207 2502 atque
1246 2433 1432 2488 cordis
1468 2435 1647 2503 ignem
1680 2434 2061 2503 exstinguens,
2096 2434 2218 2488 belli
2250 2443 2305 2487 ct

712 2539 905 2588 pugnae
955 2526 1098 2579 mala
1138 2526 1190 2578 in
1233 2541 1419 2594 pacem
1446 2566 1458 2586 ,
1492 2526 1841 2579 dilectionem
1900 2536 1954 2579 et
2001 2526 2301 2579 amicitiam

712 2619 1096 2672 coinmutavit.
1162 2618 1319 2671 Finit
1382 2617 1545 2678 Deus.
1604 2617 1649 2673 si
1697 2633 1872 2685 usque
1926 2617 2088 2670 modo
2145 2619 2302 2687 iproh

714 2712 920 2765 diaboli
952 2711 1329 2781 malignitas!)
1357 2726 1465 2764 non
1490 2710 1619 2764 sivit
1647 2708 1963 2763 inviolatam
1996 2710 2165 2763 luisse
2187 2726 2306 2762 eam

716 2818 943 2873 pacem,
982 2802 1181 2856 amodo
1245 2801 1360 2854 fore
1418 2803 1485 2854 ab
1532 2799 1681 2854 omni
1736 2798 1940 2854 damno
1989 2810 2152 2870 atque
2200 2801 2313 2853 dis-

2408 2254 2643 2323 μέγιστα
2695 2253 3056 2320 ἐμόαλόντος,
3088 2252 3184 2302 xui
3218 2250 3432 2311 τούτοις
3465 2250 3659 2317 ὥσπερ
3717 2248 4009 2316 πυρκαϊὰν

2406 2346 2817 2415 ἁναφλέξαντος
2844 2344 3275 2409 ἀκατάσὸεστον,
3308 2345 3409 2396 οὐκ
3457 2345 3659 2395 ἔδωκεν
3710 2343 3893 2410 χώραν
3925 2340 4012 2408 τῷ

2408 2439 2631 2509 πονηρῷ
2661 2438 2878 2508 δαίμονι
2926 2438 3019 2490 ἐπὶ
3052 2437 3188 2490 πολὺ
3224 2433 3606 2503 ὲγκαυχᾶσθαι
3630 2435 3697 2502 τῇ
3733 2430 3861 2496 παρ’
3906 2432 4011 2481 αὑ-

2406 2534 2502 2586 τοῦ
2527 2532 2824 2604 ἐξαφθείσῃ
2851 2533 3129 2601 πυρκαιᾷ’
3171 2530 3305 2583 ἀλλὰ
3339 2529 3601 2597 γέροντος
3629 2524 3835 2593 πάτρος
3884 2524 4011 2584 τοῖς

2407 2625 2641 2695 δάκρυσι
2659 2621 2915 2693 προσχὼν
2932 2626 3025 2674 xui
3044 2626 3155 2685 τοῖς
3170 2623 3433 2691 ὀδυρμοῖς
3452 2623 3547 2674 xui
3562 2623 3672 2683 τοῖς
3696 2619 3835 2689 ἀλγή
3848 2634 4011 2688 μασι,

2415 2718 2492 2785 τῷ
2517 2718 2680 2786 πράῳ
2697 2716 2792 2768 xui
2826 2716 3068 2767 ἐπιεικεῖ
3094 2713 3264 2765 ἔδωκε
3305 2713 3527 2781 νικῆσαι
3555 2711 3655 2774 τῆς
3691 2711 3871 2780 ψυχῆς
3905 2709 4012 2777 τὴν

2415 2806 2665 2877 πικρίαν,
2685 2806 2779 2858 xui
2795 2806 2856 2857 τὸ
2876 2806 2986 2875 πῦρ
3012 2802 3325 2864 ἀποσϐέσας
3345 2801 3437 2855 τοῦ
3457 2802 3657 2869 Θυμοῦ,
3675 2802 3745 2853 τά
3771 2800 3870 2868 τῆς
3903 2800 4014 2868 μά-

717 2897 974 2948 sensioue
1028 2895 1405 2955 incolumem.
1461 2894 1843 2961 dmmonisqne
1917 2894 2136 2947 invidiae
2201 2909 2309 2948 non

717 2990 1011 3043 obnoxiam
1040 3031 1055 3051 ,
1078 2990 1176 3044 sed
1209 2991 1478 3043 ﬁrmatam
1514 2989 1770 3041 ﬁrmitate
1794 2986 1945 3054 pacis
1979 2985 2122 3038 illius
2145 3001 2307 3053 quam

718 3082 939 3145 reliquit
969 3080 1242 3144 Christus,
1267 3081 1408 3133 Dens
1432 3088 1616 3133 noster
1632 3076 1883 3139 etPater,
1906 3076 1973 3128 iis
2007 3076 2101 3144 qui
2137 3078 2313 3144 ipsum

2420 2915 2523 2967 χηε
2550 2897 2763 2965 χαλεπά
2789 2896 2886 2948 'xui
2917 2896 3012 2948 τοῦ
3043 2895 3306 2959 πολέμου,
3336 2892 3638 2961 μετέϐαλεν
3661 2891 3742 2953 είς
3779 2892 4017 2958 εἰρήνην

2421 2992 2517 3043 xui
2542 2988 2771 3057 ἀγάπην
2797 2988 2893 3041 xui
2924 2988 3133 3056 φιλίαν.
3162 2988 3265 3039 Ἢν
3297 2985 3571 3055 παράσχοι
3611 2982 3765 3046 Θεὸς,
3820 2983 3868 3035 εί
3916 2983 4020 3033 καὶ

2422 3082 2582 3151 μέχρι
2614 3080 2707 3133 τοῦ
2741 3080 2857 3143 νῦν,
2886 3080 2987 3147 φεῦ
3024 3079 3122 3148 τῆς
3159 3078 3251 3131 τοῦ
3297 3076 3539 3148 πονηροῦ
3572 3074 3841 3143 ἐπηρείας
3867 3074 3879 3124 !
3910 3077 4021 3124 οὐκ

718 3174 930 3225 l’att‘em
961 3172 1297 3225 conﬁtentur
1322 3180 1377 3225 et
1405 3171 1634 3241 gloriam
1685 3168 1805 3237 ejus
1851 3177 2017 3237 atque
2041 3166 2308 3220 heredita-

2420 3173 2636 3240 ἀφῆκεν
2657 3174 3093 3242 ἀνεπηρέαστον,
3112 3171 3226 3224 ἀλλ’
3250 3171 3363 3224 ἀπό
3390 3188 3451 3236 γε
3480 3170 3576 3222 τοῦ
3604 3169 3873 3239 παρόντος
3894 3168 4024 3219 δια-

717 3277 823 3317 ιιιιιι
857 3265 1201 3319 desiderant.
2332 3257 2374 3311 C
2406 3265 2627 3317 τελέσαι
2664 3263 2945 3333 ἀνωτέραν
2972 3262 3143 3331 αὐτὴν
3173 3261 3356 3330 πάσης
3389 3260 3591 3330 βλάϐης
3618 3261 3713 3312 xui
3747 3261 4009 3328 διχοστα·

720 3360 862 3421 σίας,
888 3358 982 3410 καὶ
1014 3356 1108 3409 τοῦ
1142 3356 1337 3427 φθόνου
1369 3353 1463 3408 τοῦ
1492 3354 1745 3423 δαίμονος
1774 3352 2061 3421 κρείττονα
2099 3351 2488 3419 διαμένουσαν,
2528 3358 2623 3408 xui
2656 3355 3179 3423 κατησιραλισμένην
3206 3356 3272 3421 τῇ
3337 3352 3611 3421 ἀσφαλείᾳ
3638 3351 3739 3417 τῆς
3772 3352 4009 3418 εἰρήνης

720 3452 957 3520 ἐκείνης,
985 3452 1056 3522 ἢν
1111 3450 1405 3504 κατέλιπεν
1427 3452 1453 3500 ὁ
1490 3447 1724 3518 Χριστὸς
1756 3447 1847 3499 καὶ
1870 3445 2003 3507 Θεὸς
2040 3444 2217 3514 ἡμῶν,
2249 3446 2344 3497 xui
2382 3448 2598 3515 Πατὴρ,
2632 3449 2745 3509 τοῖς
2774 3445 3131 3515 ὁμολογοῦσιν
3173 3444 3338 3495 αὑτὸν
3378 3442 3624 3511 Πατέρα,
3652 3440 3747 3493 καὶ
3778 3442 3875 3508 τὴν
3908 3441 4018 3494 αὐ-

721 3548 813 3600 τοῦ
843 3543 1167 3599 ἐπιποθοῦσι
1198 3543 1357 3610 δόξαν
1397 3542 1491 3595 xui
1528 3538 1917 3609 κληρονομίαν.

796 3646 1031 3701 Litteras
1072 3644 1164 3711 qui
1204 3640 1465 3712 portabit,
1499 3638 1587 3691 ille
1614 3646 1705 3689 tua
1736 3633 2117 3689 benevolentia
2165 3632 2319 3686 frua-

725 3752 835 3805 tur,
869 3749 922 3792 et
961 3737 1181 3807 quidem
1216 3736 1288 3789 ob
1332 3747 1488 3787 suam
1529 3731 1787 3783 virtutem
1830 3746 1843 3781 :
1890 3744 2031 3781 unus
2061 3727 2207 3781 enim
2240 3733 2323 3779 est

724 3849 787 3887 ex
820 3831 1032 3903 Olympi
1064 3827 1287 3891 ascetis,
1324 3824 1447 3879 ﬁdei
1474 3834 1656 3878 tamen
1690 3820 1917 3875 verbum
1952 3823 2093 3872 inter
2121 3818 2325 3872 Alanos

732 3929 785 3982 in
824 3927 1023 3979 virtute
1057 3922 1297 3990 Spiritus
1332 3917 1508 3973 sancti
1544 3914 1945 3975 disseminavit,
1969 3920 2132 3977 atque
2156 3924 2184 3961 a
2217 3909 2325 3961 Deo

733 4018 943 4087 accepit
977 4015 1176 4070 divinis
1212 4011 1474 4082 apostolis
1512 4009 1655 4063 haud
1690 4008 1867 4075 impar
1910 4003 2275 4059 ministerium
2306 4018 2321 4065 ;

733 4130 855 4183 qua!
878 4113 1011 4167 satis
1042 4117 1168 4163 sunt
1203 4108 1268 4162 ad
1297 4102 1705 4161 conciliandum
1738 4115 1862 4154 eum
1923 4106 2087 4167 atque
2135 4096 2328 4148 unicu-

734 4210 863 4263 dnm
900 4203 1224 4259 venerandae
1254 4210 1362 4255 tua:
1394 4196 1666 4267 majestati
1698 4212 1712 4261 ;
1757 4200 1812 4249 et
1843 4193 1887 4247 si
1914 4208 2021 4263 qua
2044 4200 2125 4244 est
2155 4187 2327 4241 nostri

737 4303 876 4373 apud
898 4312 951 4354 te
978 4298 1143 4359 ratio,
1166 4310 1288 4350 csse
1306 4302 1490 4348 autem
1511 4304 1623 4346 non
1652 4288 1788 4343 mihi
1809 4287 2039 4341 dubium
2057 4293 2159 4348 est,
2185 4281 2256 4335 oh
2278 4280 2327 4334 id

2514 3632 2573 3684 ὐ
2606 3630 2662 3683 δὲ
2692 3629 2788 3684 τοῦ
2841 3628 3173 3700 γράμματος
3220 3627 3602 3695 ἀποκομιστὴι,
3650 3628 4031 3684 ἁπολαυσάτω

2421 3727 2517 3794 τῆς
2545 3727 2641 3794 σῆς
2666 3727 2985 3786 ἐπιεικείας,
3010 3723 3166 3776 τοῦτο
3182 3723 3280 3792 μὲν
3296 3723 3383 3775 διὰ
3402 3722 3499 3791 τὴν
3526 3719 3837 3791 προσοῦσαν
3868 3722 4032 3790 αὐτῷ

2427 3818 2649 3887 ἀρετὴν,
2684 3817 2899 3885 καὶγὰρ
2918 3816 2945 3867 ὀ
2965 3815 3059 3868 ἄνθ
3072 3814 3251 3883 ρωπός
3276 3815 3391 3865 ὲστι
3414 3813 3514 3880 μὲν
3544 3811 3653 3863 τῶν
3673 3813 3730 3863 ἐν
3757 3812 4033 3879 Ὀλύμπῳ

2425 3908 2683 3975 ἀσκητῶν
2719 3905 3157 3973 καθηγούμενος,
3189 3904 3251 3955 οὑ
3288 3903 3392 3971 μὲν
3426 3902 3564 3956 ἀλλὰ
3597 3902 3690 3955 xui
3719 3901 3810 3954 τὸν
3860 3901 4034 3966 λόγον

2423 4002 2524 4068 τῆς
2550 3999 2790 4060 πίστεως
2840 3999 2899 4049 ἐν
2937 3996 3185 4057 Ἀλανοῖς
3224 3990 3382 4057 οὗτος
3434 3997 3491 4047 ἐν
3540 3996 3607 4063 τῇ
3665 3994 3896 4061 δυνάμει
3928 3994 4033 4046 τοῦ

2430 4089 2699 4155 παναγίου
2755 4080 2981 4156 ἔσπειρε
3020 4085 3359 4155 Πνεύματος,
3412 4084 3505 4138 καὶ
3566 4085 3657 4136 ίσα
3696 4086 3807 4144 τοῖς
3856 4082 4040 4145 eam;

2430 4180 2759 4242 ἀποστόλοις
2795 4178 3182 4247 λειτουργῆσαι
3228 4177 3382 4245 παρὰ
3430 4177 3569 4231 Θεοῦ
3624 4175 4042 4246 ἀποκεκλήρω-

2429 4293 2539 4328 ται.
2586 4275 2744 4327 Ἐστι
2776 4272 2873 4342 μὲν
2904 4272 2999 4325 οὖν
3041 4272 3213 4325 ταῦτα
3242 4271 3477 4340 μέγιστα
3506 4270 3643 4340 πρὸς
3681 4271 3741 4323 τὸ
3761 4269 4043 4339 συστῆσαι

737 4361 960 4463 quoque
997 4401 1088 4445 tua
1127 4388 1236 4443 frui
1274 4382 1657 4441 benevolentia
1702 4380 1901 4449 dignus
1931 4377 2215 4436 habeatur,
2249 4379 2308 4425 at

2435 4369 2599 4421 αὑτὸν
2631 4366 2727 4421 xui
2756 4365 3059 4424 οἰκειῶσαι,
3086 4364 3277 4417 τέκνον
3306 4363 3487 4433 ἡμῶν,
3526 4365 3593 4434 τῇ
3626 4364 3692 4433 σῇ
3717 4361 4047 4431 θεοτιμήτῳ

737 4504 841 4555 que
860 4487 1024 4540 citius
1050 4485 1115 4537 ad
1142 4496 1242 4536 nos
1265 4485 1594 4534 revertatur.
1622 4475 1771 4528 Bene
1789 4471 2059 4526 valentem
2083 4477 2135 4522 te
2154 4480 2308 4519 serve

2434 4460 2654 4528 ἐξουσία
2676 4475 2688 4489 ⁸
2725 4459 2775 4510 ει
2802 4456 2858 4509 δέ
2886 4456 2970 4517 τίς
2995 4458 3132 4517 ἐστι,
3164 4454 3258 4505 xui
3304 4455 3465 4524 ἡμῶν
3518 4455 3669 4523 παρὰ
3715 4455 3799 4505 uoi
3845 4453 4044 4517 λόγος,

739 4543 994 4633 (illi-istos
1030 4576 1173 4629 Deus
1197 4583 1386 4628 noster
1416 4579 1472 4624 et
1502 4575 1687 4621 mente
1722 4574 1776 4619 et
1820 4576 2050 4631 corpore
2072 4598 2089 4621 ,
2123 4559 2308 4626 tibiqtu

2437 4554 2538 4606 οὐκ
2576 4547 2904 4619 ἀμφιδάλλω
2957 4545 3013 4599 δὲ
3045 4546 3261 4608 πάντως
3311 4548 3395 4598 ὅτι
3439 4545 3584 4607 ἐστὶ,
3619 4546 3712 4598 xui
3755 4544 3844 4596 διά
3871 4543 4055 4596 τοῦτο

743 4674 834 4727 det
886 4686 947 4723 ea
981 4668 1247 4737 cogitare,
1281 4675 1478 4717 curare
1511 4666 1566 4712 et
1597 4669 1761 4725 agere
1800 4668 1923 4723 qua:
1959 4665 2010 4706 te
2055 4653 2111 4705 in
2156 4650 2308 4703 lntur

2439 4643 2727 4712 ἀξιωθὴτω
2773 4645 2874 4712 τῆς
2919 4641 3018 4710 σῆς
3073 4640 3379 4700 ἐπιεικείας
3439 4635 3774 4699 ἀπολαῦσαι,
3806 4635 3901 4687 xui
3942 4635 4053 4691 διὰ

744 4764 947 4819 sarculo
1006 4762 1154 4815 illius
1182 4756 1369 4827 gloria:
1404 4751 1676 4808 hzeredem
1737 4747 1963 4808 faciant,
2005 4742 2308 4799 beatissima

2440 4738 2642 4806 τάχους
2697 4734 2801 4806 τὴν
2860 4733 2999 4803 πρὸς
3050 4732 3200 4801 ἡμᾶς
3258 4730 3613 4782 ἑπανέλευσιν
3675 4725 4051 4795 ποιήσασθαι.

746 4857 953 4927 gloriae,
1004 4852 1302 4919 suavisque
1363 4843 1689 4916 voluptatis,
1722 4856 1846 4895 cum
1897 4837 2039 4892 Deus
2070 4836 2211 4890 inter
2245 4848 2308 4886 eo

2455 4832 2802 4901 Ἐῤῥωμένον
2859 4842 2920 4877 σε
2976 4824 3203 4891 φυλάξοι
3256 4820 3708 4893 ΧριστὸςόΘεὸς
3756 4818 4058 4887 ἡμῶνκαὶ

746 4906 840 5020 Zui
895 4947 1000 5004 sibi
1041 4906 1371 5016 placuerint,
1408 4906 1625 4993 medius
1677 4945 1829 4990 stans
1856 4973 1871 4997 ,
1916 4931 2025 4985 illis
2076 4937 2308 4997 tanquat‘

2440 4922 2587 4992 ψυχῇ
2626 4918 2724 4973 xui
2761 4918 3000 4988 σώματι,
3027 4917 3213 4968 ἐκεῖνα
3253 4915 3350 4968 xui
3385 4912 3689 4983 φρονοῦντα
3727 4911 3825 4963 xui
3873 4906 4060 4977 μελε-

886 5000 1333 5107 i—neori'nptibiles
1358 5000 1603 5088 idelicias
1652 5024 1965 5083 distribuet.

2442 5014 2624 5069 τῶντα
2680 5013 2775 5065 xui
2806 5010 3139 5076 πράττοντα,
3195 5007 3297 5059 ὅσα
3352 5008 3409 5058 ὲν
3449 5004 3529 5076 τῷ
3582 5003 3833 5074 μέλλοντι
3876 5000 4062 5053 αἰῶνι

880 5093 1096 5195 εκείνου
1118 5093 1470 5207 ,κληρονόμον
1528 5126 1869 5198 καταστήσω
1898 5120 2079 5190 δόξης,
2117 5120 2220 5189 τῆς
2248 5116 2417 5177 ὅντως
2482 5107 2762 5213 μακαρίας
2827 5105 2997 5213 δέξηξ
3023 5102 3120 5157 καὶ
3177 5096 3779 5213 ,τερπνῆςηγλυκξίαςζ
3819 5094 3908 5213 iis
3932 5093 4065 5146 τῶν

753 5190 1252 5309 έξξιρξξξτγᾷἀντωδ
1295 5190 1445 5298 αὐτῷ
1480 5227 1538 5279 ὲν
1580 5222 1734 5296 μέσῳ
1766 5190 1921 5280 ’Θεὸς
1980 5215 2057 5267 ὢν
2085 5213 2160 5276 ὡς
2195 5210 2337 5273 Θεοῖς
2372 5204 2780 5274 καθιστάμενος
2823 5199 2922 5263 τὰς
2969 5196 3234 5267 διανομὰς
3304 5194 3532 5267 παρέξει
3603 5192 3712 5245 τῶν
3743 5190 4069 5260 ἀφθάρτων

756 5331 966 5390 ἁπολαύ
977 5349 1135 5385 σειυν.

1322 5461 1391 5516 Χ.
1427 5460 1508 5513 Ad
1532 5456 1792 5514 eumdem.

3057 5430 3116 5487 l'.
3157 5430 3238 5494 Τῷ
3284 5426 3443 5491 αὐτῷ
3457 5466 3471 5480 .

2530 5581 2669 5635 Αὐτὸ
2721 5576 2879 5630 τοῦτο
2935 5576 3035 5641 τῆς
3081 5569 3257 5637 καλῆς
3296 5567 3391 5619 xui
3425 5562 3697 5633 φρονίμης
3756 5554 4074 5626 ἐπιστολῆς

2460 5693 2555 5730 σου
2609 5672 2669 5725 τὸ
2708 5667 3132 5739 προηγούμενον
3197 5664 3373 5735 ῥῆμα,
3411 5654 3565 5723 κάγὼ
3630 5646 4077 5722 προηγούμενον

2457 5769 2675 5836 τίθημι,
2722 5766 2912 5817 τέκνον
2970 5757 3150 5829 ἡμῶν,
3207 5754 3365 5823 εἴπερ
3395 5750 3479 5804 δεῖ
3534 5746 3727 5799 τέκνον
3776 5742 3971 5794 καλεῖν
4001 5740 4082 5793 τὸ

2463 5860 2687 5932 ὑὸρίζον
2718 5856 2934 5927 πατέρα
2967 5854 3185 5915 τέκνον,
3216 5844 3397 5916 πατὴρ
3432 5842 3488 5895 δὲ
3543 5838 3654 5903 σὸς,
3700 5836 3765 5889 ἄν
3791 5850 3847 5889 τε
3887 5831 4085 5906 βούλῃ

834 5610 1049 5665 Dictum
1082 5603 1211 5659 illud
1243 5614 1421 5671 Ipsum
1456 5596 1599 5667 quod
1632 5594 1686 5648 in
1715 5591 1894 5662 capite
1932 5598 2037 5642 tua:
2078 5586 2354 5656 prmciarm

764 5716 926 5776 atque
977 5696 1241 5771 sapientis
1280 5693 1525 5766 epistolae
1569 5686 1822 5759 posuisti,
1858 5700 1960 5754 ego
2001 5697 2221 5776 quoque
2268 5678 2358 5734 hic

766 5772 1045 5866 iit—capite
1096 5804 1264 5862 pono,
1320 5788 1391 5842 liii
1438 5784 1534 5850 mi,
1570 5782 1614 5838 si
1652 5792 1829 5836 tamen
1866 5776 2035 5831 lilium
2073 5772 2359 5827 neminare

765 5864 998 5962 oportet,
1022 5888 1113 5958 qui
1146 5895 1354 5956 patrem
1382 5878 1581 5951 injuria
1626 5873 1822 5940 aﬁicit;
1858 5881 2011 5942 pater
2050 5878 2229 5923 tamen
2265 5864 2360 5922 tibi
