4158 6430
678 424 747 491 83
1811 415 2123 484 NICULAI
2164 410 2273 483 ΟΡ.
2316 418 2320 480 ἶ

2317 418 2830 483 ΡΛΤΙίῐΑΗΟΗ.Ε
3884 414 3959 482 84

680 541 963 617 accepisti,
1016 554 1087 599 ne
1131 554 1225 601 eos
1253 528 1523 611 subjicere
1554 534 1687 593 velis
1713 549 1813 608 per
1859 548 1999 604 quos
2030 530 2268 625 didicisti
2298 562 2322 625 Α

2320 528 2616 625 λϐουλιύω
2641 538 2747 593 σοι.
2889 529 2987 602 μὶν
3015 523 3091 625 ως
3130 526 3393 625 κομίζεις,
3420 532 3602 603 μωρὰ,
3648 521 3962 625 πάντωςλδέ

680 613 1065 695 universorum
1127 631 1417 690 Dominum
1462 642 1794 702 agnoscere;
1834 641 2018 691 nemo,
2042 620 2268 682 alterius
2298 613 2315 625 ’

2327 613 2347 625 ’
2372 622 2437 677 o6
2467 620 2649 694 μωράο
2684 618 2955 676 κατάλιπε
2989 615 3100 676 τῶν
3146 636 3206 676 σε
3251 619 3645 694 πλανησάντων
3676 622 3779 693 τὴν
3819 613 3961 677 πλά-

680 736 894 797 servus,
929 729 997 784 tlb
1021 724 1209 799 aliquo
1252 732 1439 797 postea
1491 721 1776 790 liberatus,
1814 721 1861 779 si
1894 733 2037 776 sana
2085 726 2268 776 mente

2375 721 2493 784 νην·
2554 712 2713 786 ρίψον
2766 710 2866 778 τὰς
2928 712 3169 784 ματαίας
3230 712 3479 779 δλπίδας,
3534 713 3839 786 ἀρκίσθητι
3888 717 3962 787 τῇ

679 825 751 879 sit
789 822 1070 895 prmditus,
1111 819 1309 891 quaerit
1342 817 1614 874 dominari
1648 811 1780 872 illia
1810 827 1920 887 quo
1945 826 1975 870 ο
2006 803 2270 870 servitute

2373 802 2593 876 ιξουσίᾳ
2632 803 2701 877 ἢν
2733 805 2799 859 tat
2853 802 2965 858 τῶν
3002 800 3114 857 σῶν
3178 801 3434 895 πατέρων
3482 805 3962 880 ἐκληρονόμησαςι

680 882 940 969 liberatus
970 882 1095 968 fuit.
1130 882 1430 969 honsidera
1457 915 1512 964 tu
1539 920 1777 978 quoque,
1827 882 1939 959 “vos
1968 898 2271 959 damsnio-

2376 898 2454 970 μὴ
2488 896 2681 969 βούλου
2734 896 3023 961 δεσπόζειν
3085 890 3177 965 ὑφ’
3226 882 3304 952 ὧν
3351 897 3638 970 ἐδιδάχθης
3695 899 3966 968 ὲπιγινώ..

684 1020 803 1059 rum
841 1020 1031 1061 servos
1065 1004 1446 1073 fuisse.atque
1479 1015 1669 1057 eorum
1716 997 1981 1055 servitute
2010 996 2271 1052 liberatos

2377 1000 2530 1044 σκειν
2567 989 2659 1043 τὸν
2688 988 2798 1042 τῶν
2832 988 2970 1042 ὅλων
2993 988 3310 1060 Δεσπότηνο
3343 982 3521 1055 οὐδεὶς
3560 983 3748 1053 δοῦλος
3779 990 3966 1060 ὐπάρ-

679 1098 750 1153 ah
774 1097 858 1153 his
874 1097 990 1168 qui,
1008 1096 1101 1152 Dei
1119 1095 1317 1169 gratia,
1335 1092 1642 1151 Romanum
1664 1091 1954 1163 imperium
1973 1090 2272 1161 regebant;

2378 1100 2487 1154 χων
2525 1082 2695 1149 τινὸς,
2724 1077 2844 1137 εἶτα
2876 1081 2967 1149 ὑφ’
3005 1082 3195 1153 ἑτέρου
3241 1081 3340 1153 τῆς
3373 1074 3630 1169 ,δουλείας
3707 1080 3964 1152 ἀπηλλα-
4013 1130 4020 1135 .

680 1190 849 1245 nolite
877 1167 1060 1245 mente
1097 1167 1305 1257 agitare
1330 1196 1521 1243 eorum
1553 1185 1809 1241 dominos
1846 1183 1988 1250 ﬂeri,
2018 1198 2049 1239 a
2071 1180 2273 1253 quibns

2375 1176 2600 1248 γμένος,
2626 1175 2722 1231 καὶ
2759 1174 3079 1245 σωφρονῶν,
3122 1167 3376 1244 ἐπιζητεῖ
3411 1175 3670 1244 γενέσθαι
3696 1170 3968 1244 δεσπότης

681 1277 933 1337 libertate
966 1282 1151 1338 donati
1184 1282 1338 1337 estis.
1374 1279 1552 1335 Nolite
1586 1294 1772 1359 usque.
1802 1293 1869 1333 eo
1899 1272 2093 1348 ingrati
2128 1291 2272 1335 esse.

2377 1270 2471 1326 τοῦ
2503 1270 2603 1343 τῆς
2634 1269 2883 1334 δουλείας
2916 1268 3079 1323 αὐτὸν
3113 1266 3555 1335 ἀπαλλάξαντος.
3589 1264 3969 1337 Ἐνθυμήθητι

681 1382 861 1444 neque
905 1373 1052 1430 illam
1099 1374 1416 1431 memoriam
1450 1357 1949 1443 relinquas,fnlsse
1982 1365 2275 1442 quemdam

2380 1365 2476 1422 καὶ
2503 1365 2590 1429 σὺ,
2617 1364 2700 1418 ὅτι
2723 1360 2906 1417 δοῦλοι
2930 1360 3233 1433 δαιμονίων
3291 1357 3414 1434 ἦτε,
3470 1360 3567 1417 καὶ
3596 1360 3698 1431 τῆς
3733 1359 3968 1414 ἐκείνων

682 1463 1046 1536 Bulgarorum
1096 1466 1397 1537 principem
1434 1465 1527 1535 qui
1569 1464 1807 1521 voluerit
1858 1465 1911 1519 in
1953 1463 2276 1520 servitutem

2380 1456 2736 1529 ἀπηλλάγητε
2770 1453 3021 1516 δουλείας
3048 1455 3154 1509 ὑπὸ
3180 1454 3291 1508 τῶν
3323 1454 3459 1509 Θεοῦ
3516 1454 3701 1525 χάριτι
3747 1451 3972 1507 διεπόν-

690 1561 941 1631 redigere
974 1574 1068 1616 eos
1099 1559 1250 1631 ipsas
1276 1561 1368 1631 qui
1428 1559 1785 1630 Bulgarorum
1823 1566 2037 1629 gentem
2089 1574 2119 1614 e
2157 1559 2278 1614 dia-

2380 1568 2490 1603 των
2519 1548 2620 1631 τὴν
2668 1544 2990 1619 Ῥωμαϊκὴν
3048 1546 3322 1612 ἐξουσίαν·
3385 1546 3462 1618 μὴ
3512 1543 3801 1615 διανοῆσθε
3857 1545 3974 1598 τῶν

685 1629 1517 1709 holiservitute-liberaverunt
1551 1662 1605 1707 et
1652 1650 2001 1708 liberator-um
2049 1665 2276 1707 suorum

2380 1640 2472 1710 ὑφ’
2537 1629 2613 1695 ὧν
2669 1641 2768 1709 τῆς
2825 1637 3142 1713 ἐλευθερίας
3198 1639 3497 1712 ἡξιώθητε,
3560 1638 3819 1693 δεσπόται
3876 1655 3977 1706 γε-

686 1741 805 1798 fieri
836 1743 1117 1800 dominus.
1172 1743 1300 1800 ﬂare
1328 1742 1524 1815 scripsi
1560 1745 1786 1801 insanus
1824 1759 1947 1816 ego,
1975 1740 2278 1801 secundum

2381 1736 2588 1791 νέσθαι·
2623 1737 2696 1808 μὴ
2725 1737 2818 1790 ἐπὶ
2851 1736 3108 1791 τοσοῦτον
3137 1736 3593 1807 ἀγνωμονήσητε,
3633 1734 3766 1804 μηδὲ
3794 1750 3977 1787 κατα-

685 1832 835 1888 tuam
861 1833 1200 1905 Opinionem,
1234 1835 1300 1891 ad
1338 1845 1388 1891 te
1404 1834 1705 1908 sapientem
1741 1853 1754 1890 :
1787 1835 1880 1890 sed
1899 1851 2006 1889 non
2041 1834 2279 1905 ignoras,

2385 1833 2549 1904 λίπῃς
2585 1835 2809 1905 μνήμην
2856 1834 3138 1906 τοιαύτην,
3168 1832 3246 1897 ὡς
3276 1830 3473 1899 γέγονέ
3511 1848 3595 1896 τις
3643 1830 3980 1903 Βουλγάρων

685 1931 870 1994 utpote
891 1927 1133 1997 sapiens,
1170 1927 1216 1984 si
1239 1934 1418 1983 tamen
1451 1929 1666 1997 sapiens
1686 1927 1869 1982 istud:
1895 1945 1913 1979 ι
1940 1926 2013 1982 Da
2035 1927 2279 1983 occasio-
2318 1924 2327 1980 1

2341 1925 2357 1979 Ξ
2389 1928 2661 1997 ἀρχηγὸς,
2695 1925 2752 1990 ὃς
2774 1925 3043 1996 ἐϐουλήθη
3072 1926 3200 1990 τοὺς
3229 1923 3704 1994 ἐλευθερώσαντας
3733 1921 3793 1976 τὸ
3816 1921 3983 1975 Βουλ-

685 2027 809 2074 nem
846 2020 1099 2091 sapienti,
1134 2031 1189 2077 et
1210 2021 1507 2091 sapientior
1533 2022 1638 2076 erit
1671 2022 1712 2075 ⁷.
1744 2040 1761 2073 ι

2395 2021 2582 2090 γάρων
2604 2022 2762 2089 γένος
2780 2022 2845 2074 ὲκ
2868 2022 2969 2091 τῆς
2985 2018 3083 2074 τοῦ
3100 2017 3351 2072 διαϐόλου
3371 2016 3637 2080 δουλείας,
3663 2016 3754 2085 ὑφ’
3776 2016 3981 2069 ὲαυτίιν

684 2108 975 2181 δουλῶσαι,
998 2114 1095 2169 καὶ
1123 2116 1380 2184 γενέσθαι
1412 2116 1518 2170 τῶν
1544 2116 2031 2186 ὲλευθερωσάντων
2052 2116 2343 2188 δεσπότης.
2361 2116 2552 2172 Ταῦτά.
2588 2135 2668 2171 σοι
2694 2117 2954 2188 γέγραφα
2993 2118 3022 2169 δ
3066 2115 3249 2187 μωρὸς
3277 2114 3421 2169 κατά
3449 2113 3550 2185 τὴν
3580 2113 3679 2184 σὴν
3707 2112 3867 2179 δόξαν
3896 2112 3982 2175 ὡς

687 2205 971 2278 φρονίμην
994 2208 1060 2263 σὺ
1082 2207 1140 2264 δε
1169 2211 1272 2264 οὐκ
1294 2208 1512 2278 ἀγνοεῖς
1540 2210 1616 2276 ὡς
1653 2213 1841 2281 σοφὸς,
1876 2211 1995 2281 εἴγε
2029 2212 2215 2283 σοφὸς,
2241 2213 2304 2267 τό
2324 2230 2337 2244 ο
2375 2232 2393 2266 ι
2429 2213 2586 2266 Δίδου
2619 2212 2771 2283 σοφῷ
2803 2210 3086 2283 ἀφορμὴν,
3122 2210 3214 2265 καὶ
3242 2208 3554 2280 σοφώτερος
3582 2208 3758 2264 ἔσται.
3803 2227 3821 2258 ι

1210 2344 1304 2401 ΧΙ.
1355 2346 1438 2401 Ad
1486 2349 1747 2405 eumdem.

2954 2346 3059 2403 iA'.
3106 2349 3194 2414 Τῷ
3241 2346 3424 2414 αὐτῷ.

765 2480 821 2537 Si
858 2481 1116 2552 possibile
1134 2494 1280 2541 esset
1310 2500 1397 2541 me
1422 2485 1489 2542 ad
1516 2497 1565 2542 te
1596 2486 1893 2557 proficisci,
1935 2487 2009 2543 fili
2034 2489 2131 2556 mi,
2163 2504 2275 2544 non

2455 2494 2519 2548 Εἰ
2558 2493 2659 2563 μὲν
2709 2488 2937 2551 δυνατὸν
2971 2480 3040 2561 ἦν
3091 2488 3256 2542 αὐτὸν
3315 2487 3417 2558 ἐμὲ
3472 2487 3608 2559 πρὸς
3646 2486 3730 2552 σὲ,
3784 2486 3986 2540 τέκνον

693 2573 744 2627 Η
792 2572 975 2633 facere
1020 2576 1347 2644 renuissem,
1404 2578 1500 2635 sed
1532 2595 1712 2651 neque
1755 2580 1968 2638 itineris
1996 2583 2282 2654 longitudi-

2383 2587 2563 2659 ἡμῶν,
2597 2583 3031 2658 παραγενέσθαι.
3083 2584 3186 2639 οὐκ
3229 2582 3297 2637 ἂν
3347 2582 3761 2653 παρῃτησάμην
3813 2579 3983 2633 τοῦτο

692 2674 819 2723 item
877 2684 1055 2741 neque
1112 2671 1310 2728 hiemis
1356 2672 1613 2728 duritiam
1650 2677 1835 2746 magni
1874 2678 2191 2746 penderme,
2228 2688 2283 2733 et

2386 2684 2634 2753 ποιῆσαν
2669 2681 2807 2735 ἀλλά
2841 2681 2939 2734 καὶ
2975 2680 3074 2749 τῆς
3099 2678 3221 2732 ὁδοῦ
3254 2677 3316 2731 τὸ
3356 2677 3553 2747 μῆκος,
3590 2679 3689 2729 καὶ
3725 2674 3820 2729 τοῦ
3858 2693 3982 2745 χει-

693 2763 759 2816 ad
795 2772 947 2819 tuam
973 2762 1431 2833 gloriosissimam
1460 2758 1803 2838 majestatem
1833 2770 1986 2827 adire
2017 2787 2125 2826 non
2169 2783 2284 2826 tar-

2389 2774 2568 2848 μῶνος
2593 2774 2695 2845 τὴν
2718 2773 2948 2844 πικρίαν
2994 2775 3054 2827 εν
3100 2771 3342 2842 δευτέρῳ
3382 2770 3450 2824 ἂν
3483 2769 3711 2841 ἐθέμην,
3754 2770 3850 2822 καὶ
3878 2768 3986 2839 τὴν

696 2856 909 2913 darem.
957 2852 1116 2914 Nunc
1162 2867 1343 2916 autem
1408 2874 1665 2918 senectus
1690 2878 1779 2919 me
1828 2864 2285 2935 Opprimitetvix

2384 2865 2522 2937 πρδς
2552 2866 2652 2935 τὴν
2680 2862 3042 2934 μεγαλόδοξόν
3076 2879 3171 2915 σου
3222 2861 3396 2933 ἀρχὴν
3443 2860 3546 2915 οὐκ
3588 2857 3817 2930 ὤκνησα
3870 2877 3980 2912 πο-

697 2949 837 3004 leeto
864 2949 1016 3007 exire
1037 2950 1209 3007 sinit:
1244 2948 1411 3017 unde,
1448 2954 1576 3009 licet
1606 2955 1827 3022 invitus,
1860 2958 1930 3012 ab
1952 2954 2042 3012 illa
2073 2957 2287 3028 profec-

2388 2958 2541 3030 ρείαν
2589 2957 2955 3027 ποιήσασθαι.
2993 2955 3111 3009 Νῦν
3155 2954 3213 3009 δὲ
3256 2954 3340 3007 ὅτι
3386 2953 3481 3007 καὶ
3537 2951 3599 3007 τὸ
3643 2956 3821 3023 γῆρας
3856 2952 3989 3004 ἐπί-

697 3043 845 3096 tione
894 3044 1228 3113 prohibeor;
1279 3061 1443 3116 quam
1489 3049 1535 3104 si
1590 3049 1771 3106 facere
1818 3052 2120 3121 potuissem
2174 3068 2280 3106 non

2390 3063 2595 3111 κειται,
2634 3048 2729 3100 καὶ
2773 3049 2807 3117 ἡ
2855 3048 3053 3101 τούτου
3109 3044 3356 3118 βαρύτης
3404 3044 3605 3116 μικροῦ
3638 3044 3867 3099 καὶτοῦ
3918 3045 3990 3097 ὲκ

695 3144 843 3191 certe
867 3150 991 3192 meo
1046 3135 1319 3195 desiderio
1372 3140 1659 3199 fraudatus
1701 3142 1955 3201 fuissem.
1989 3143 2108 3201 Non
2134 3147 2281 3202 enim

2394 3141 2490 3212 τῆς
2515 3140 2705 3211 κλίνης
2733 3140 2885 3210 ἡμᾶς
2921 3140 3247 3195 ἀνίστασθαι
3280 3142 3504 3211 ἀπόρως
3550 3138 3856 3209 διατίθησι,
3884 3138 3991 3190 καὶ

696 3237 1027 3294 cessassem,
1064 3228 1230 3285 modo
1257 3231 1439 3289 verbis
1474 3232 1809 3302 supplicans,
1859 3245 2047 3305 caput,
2072 3236 2284 3299 oculos.
2315 3243 2338 3301 (

2350 3245 2358 3299 ς
2394 3233 2625 3296 ἄκοντες
2689 3231 3005 3303 ἔπεχόμεθα
3046 3234 3145 3304 τῆς
3193 3232 3448 3303 τοιαύτης
3509 3232 3711 3302 ὁρμῆς,
3754 3232 3821 3303 ἦν
3861 3225 3992 3284 οἶδα

697 3318 957 3375 dilectum
988 3321 1203 3377 vultum
1241 3339 1552 3393 manusque
1579 3326 1931 3395 deoscuians,
1960 3330 2122 3386 modo
2145 3345 2288 3400 quo-

2385 3327 2460 3391 ὡς
2493 3329 2652 3399 εἴπερ
2680 3322 2749 3399 ἦν
2782 3326 3145 3394 ἐνδείξασθαι,
3179 3326 3281 3380 οὐκ
3309 3326 3375 3382 ἀν
3405 3326 3680 3395 ἀπέτυχον
3712 3323 3809 3378 τοῦ
3846 3340 3987 3377 σκο-

697 3419 808 3479 Que
867 3427 1047 3483 genua
1100 3413 1445 3485 amplexatus
1469 3425 1522 3472 et
1556 3412 1740 3473 forsan
1773 3420 1937 3490 pedes
1979 3422 2287 3493 usquedum

2389 3412 2517 3473 ποῦ’
2546 3420 2606 3473 οὐ
2644 3421 2753 3490 γὲρ
2789 3420 2857 3474 ἂν
2888 3422 3241 3490 ἐπαυσάμην,
3271 3419 3432 3474 τοῦτο
3462 3419 3562 3491 μὲν
3594 3420 3807 3490 ῥήμασι
3847 3418 3990 3471 δυσ-

696 3506 807 3559 voti
836 3520 1062 3576 compos
1119 3506 1345 3565 fuissem
1404 3509 1602 3567 factus.
1662 3510 1767 3567 Sed
1816 3515 1999 3584 gravis
2022 3528 2107 3570 me
2142 3525 2288 3570 tenet

2387 3512 2575 3576 ωπῶν,
2643 3512 2805 3566 τοῦτο
2833 3508 2890 3567 δὲ
2926 3513 3026 3583 τὴν
3066 3512 3312 3584 κεφαλὴν
3338 3511 3434 3567 καὶ
3480 3512 3550 3565 τά
3598 3510 3847 3582 ὄμματα,
3890 3512 3992 3563 καὶ

699 3608 974 3667 Senectus,
996 3600 1436 3673 valetudinisque
1464 3596 1820 3661 inexorabilis
1848 3608 2114 3678 tyrannis,
2145 3612 2289 3663 unde

2385 3605 2448 3657 τὸ
2481 3604 2635 3673 φίλον
2662 3605 2786 3674 ἐμοὶ
2816 3604 3136 3676 πρόσωπον.
3173 3607 3269 3660 καὶ
3294 3607 3392 3670 τὰς
3420 3607 3613 3677 χεῖρας
3644 3604 3993 3672 καταφιλῶν,

700 3693 909 3764 scripto
938 3708 1077 3765 opus
1100 3703 1206 3751 est.
1262 3692 1369 3753 Sed
1409 3690 1588 3769 primo
1621 3698 1933 3766 considera,
1960 3700 2033 3755 illi
2066 3701 2164 3770 mi,
2194 3716 2291 3757 eu-

2386 3696 2549 3751 τοῦτο
2581 3697 2638 3753 δὲ
2672 3699 2767 3753 καὶ
2809 3699 3056 3769 γονάτων
3090 3699 3424 3770 ἁπτόμενος,
3460 3698 3628 3771 τυχὸν
3664 3698 3721 3753 δὲ
3751 3696 3993 3751 καὶτῶν

697 3787 787 3857 jus
823 3787 902 3841 rei
951 3789 1126 3859 gratia
1186 3789 1449 3855 scribam,
1480 3792 1531 3845 et
1585 3791 1633 3848 si
1684 3788 1826 3848 forte
1883 3803 2111 3864 propter
2167 3809 2289 3851 mea

2392 3790 2595 3854 ποδῶν,
2644 3791 2749 3855 ῑως
2800 3792 2866 3846 ἂν
2899 3791 2961 3846 τὸ
3012 3791 3459 3863 σπουδαζόμενον
3516 3789 3994 3862 κατεπραξάμην.

701 3888 927 3950 peccata
967 3880 1227 3951 indignus
1273 3881 1375 3939 sim
1419 3884 1513 3953 qui
1570 3888 1625 3940 et
1693 3884 1920 3953 audiar,
1971 3886 2290 3959 magnitudo

2403 3883 2548 3937 Ἀλλ’
2583 3884 2776 3954 δπέχει
2831 3902 2901 3955 με
2951 3884 3054 3954 τῆς
3103 3883 3363 3955 τοιαύτης
3415 3882 3595 3954 ὁρμῆς
3651 3881 3713 3935 τὸ
3752 3881 3999 3954 χαλεπὸν

707 3985 890 4031 tamen
923 3975 1003 4030 rei
1041 3964 1141 4047 pr'o
1166 3990 1274 4047 qua
1328 3976 1511 4034 scribo
1545 3986 1696 4034 tuum
1719 3981 1865 4049 pium
1892 3979 2138 4036 animum
2170 3980 2292 4036 flec-

2392 3975 2596 4048 γῆρας,
2629 3977 2723 4030 καὶ
2760 3977 2791 4049 η
2820 3976 3203 4049 ἀπαραίτητος
3234 3976 3500 4047 τυραννὶς
3534 3973 3633 4045 τῆς
3660 3973 3986 4038 ἀσθενείας·

703 4075 814 4134 tat;
843 4068 990 4137 quod
1021 4069 1259 4124 arbitror
1309 4078 1362 4125 te
1415 4085 1638 4141 quoque
1695 4072 2014 4127 desiderare
2040 4082 2093 4128 et
2118 4090 2281 4143 quae-

2392 4071 2479 4125 διὰ
2517 4070 2694 4124 ταῦτα
2744 4070 3124 4141 προσδεόμενα
3166 4066 3711 4139 γράμματος.’Δλλά
3769 4065 4001 4137 πρῶτον

702 4174 844 4226 rere,
886 4161 1012 4218 licet
1042 4162 1325 4218 obstacula
1346 4164 1416 4219 ab
1450 4162 1768 4220 hominibus
1796 4166 1929 4222 oriri
1975 4167 2133 4223 solita
2161 4168 2292 4224 illud

2393 4165 2759 4235 κατανόησον,
2799 4165 2991 4218 τέκνον
3027 4164 3211 4235 ἡμῶν,
3247 4161 3391 4232 ὑπὲρ
3435 4160 3580 4223 τίνος
3622 4161 3655 4229 ὴ
3692 4157 4000 4229 πρεσϐεία,

705 4256 910 4309 bonum
964 4255 1299 4311 desiderium
1348 4269 1723 4327 compescant.
1771 4259 1885 4315 Cur
1927 4270 2111 4316 autem
2184 4277 2292 4315 non

2397 4255 2491 4310 καὶ
2525 4258 2573 4309 εί
2620 4256 2785 4326 τυχὸν
2844 4254 2956 4323 ἐγὼ
3006 4254 3097 4320 διᾲ
3139 4254 3239 4317 τὰς
3272 4253 3421 4322 ἐμὰς
3458 4252 3735 4322 ἁμαρτίας
3771 4250 4001 4317 ἀνάξιος

706 4348 867 4402 citius
897 4346 1021 4401 dico
1052 4346 1253 4405 mentis
1286 4357 1419 4404 mea!
1453 4357 1644 4404 votum
1673 4359 1727 4405 et
1778 4367 1891 4408 rem
1928 4353 2128 4422 ipsam?
2166 4353 2297 4409 Mean

2396 4347 2808 4414 είσακούεσθαι,
2869 4346 3009 4411 ἀλλά
3062 4345 3123 4400 τὸ
3190 4344 3424 4414 μέγεθος
3490 4342 3582 4397 τοῦ
3636 4342 4002 4412 πράγματος,

708 4442 1089 4512 supplicationi
1155 4458 1439 4499 accessum
1507 4459 1755 4515 praepara
1805 4454 1859 4500 et
1909 4447 2065 4515 quasi
2151 4448 2293 4502 viam

2399 4441 2544 4512 ὑπὲρ
2573 4431 2636 4494 οὗ
2664 4440 3075 4509 πρεσϐεύομεν,
3117 4438 3218 4507 τὴν
3271 4438 3373 4504 σὴν
3423 4436 3779 4507 φιλόχριστον
3814 4436 4001 4488 δυσω-

705 4544 973 4604 pra-strue
1000 4552 1014 4589 :
1046 4535 1415 4605 supplicamus
1438 4546 1491 4591 et
1522 4539 1894 4606 obsecramus,
1924 4540 1996 4595 fili
2033 4540 2128 4603 mi.
2150 4541 2294 4595 illam

2401 4535 2633 4607 πησάτω
2662 4534 2863 4606 ψυχὴν,
2906 4536 3066 4605 ὅπερ,
3100 4527 3281 4602 οἶμαι,
3321 4531 3416 4583 καὶ
3471 4530 3635 4592 αὐτὸς
3699 4529 4004 4598 ἐπιθυμεῖς

705 4628 772 4681 ad
806 4638 856 4682 te
902 4628 1271 4697 precationem
1331 4630 1608 4686 mittentes
1656 4632 1816 4701 cnjus
1877 4634 2186 4702 apostolum
2241 4610 2347 4689 etl

2360 4614 2369 4660 ³
2402 4630 2497 4682 καὶ
2526 4627 2735 4697 ζητεῖς,
2770 4630 2865 4680 καὶ
2910 4619 2997 4678 οἷα
3030 4625 3101 4679 τά
3130 4624 3191 4689 ἐξ
3239 4622 3550 4693 ἀνθρώπων
3608 4622 4002 4691 ἐναντιώματα

706 4723 940 4793 legatum
967 4721 1131 4777 Pater
1172 4732 1227 4777 et
1258 4721 1399 4779 Deus
1442 4724 1830 4779 universorum
1895 4710 2093 4782 Filium
2126 4744 2290 4783 suum

2400 4724 2502 4793 τὴν
2550 4720 2725 4791 καλὴν
2766 4720 2977 4791 ταύτην
3013 4716 3314 4790 ἀνακρούει
3359 4717 3683 4784 ἐπιθυμίαν.
3749 4715 3912 4769 Ἀλλά
3947 4719 4005 4768 τί

707 4814 1048 4886 unigenitum
1082 4816 1134 4869 in
1175 4826 1348 4873 terras
1382 4814 1570 4883 misit;
1603 4818 1753 4873 misit
1803 4819 2075 4889 siquidem
2119 4837 2149 4877 e
2194 4838 2295 4877 suo

2406 4814 2482 4886 μὴ
2504 4815 2690 4883 τάχιον
2716 4814 2861 4882 λέγω
2892 4813 2953 4865 τὸ
2986 4810 3237 4882 βούλημα
3268 4811 3365 4880 τῆς
3398 4809 3579 4880 ψυχῆς
3615 4812 3709 4863 καὶ
3752 4812 3813 4863 τὺ
3854 4815 4005 4881 ττρᾶ-

706 4910 829 4962 sinn
867 4908 1222 4964 immaculato
1247 4908 1511 4979 aequalem
1543 4908 1646 4964 sibi
1709 4910 1933 4978 Filium,
1962 4921 2021 4967 ut
2054 4912 2293 4969 inimici-

2402 4929 2520 4982 γμα
2549 4929 2562 4976 ;
2601 4908 3232 4983 Προπαρασκευάζομαι
3264 4906 3321 4959 δὲ
3366 4906 3461 4959 καὶ
3496 4900 3610 4959 οἷον
3644 4905 4008 4976 προοδοποιὼ

703 5003 903 5054 tiarum
934 5000 1194 5071 parietem
1228 5011 1493 5056 everteret
1534 5017 1833 5074 pacemque
1877 5003 2017 5059 inter
2051 5020 2147 5061 eos
2200 5007 2293 5075 qui

2402 5006 2501 5070 τὴν
2538 5004 2912 5075 προσαγωγὴν
2942 5000 3337 5072 τῇλκετηρίᾳ·
3372 4998 3697 5069 ἱκετεύομεν
3740 4999 3835 5051 καὶ
3878 4997 4006 5051 δεό-

707 5092 845 5146 hella
881 5094 1139 5163 gerebant
1174 5094 1437 5149 ﬁrmaret.
1469 5094 1858 5166 Snpplicamus
1893 5113 1995 5153 nos
2053 5099 2295 5155 humiles

2406 5098 2569 5167 μεθα.
2631 5098 2822 5150 τέκνον
2873 5097 3056 5164 ἡμῶν,
3107 5096 3328 5162 ἐκείνην
3393 5110 3476 5145 σοι
3519 5092 3620 5160 τὴν
3666 5091 3853 5161 δέησιν
3887 5091 4007 5164 ,φέ-

705 5186 799 5254 qui
849 5195 1044 5242 sancto
1098 5188 1259 5242 altari
1308 5197 1575 5252 astamus,
1625 5206 1731 5243 non
1797 5200 2019 5260 propter
2070 5192 2292 5263 aliquod

2406 5210 2612 5265 ροντες,
2650 5186 2717 5264 ἦς
2752 5191 2781 5241 δ
2830 5188 3022 5258 Πατὴρ
3054 5188 3150 5240 καὶ
3185 5186 3319 5248 Θεὸς
3370 5186 3479 5239 τῶν
3526 5183 3665 5238 ὅλων
3701 5184 3794 5236 τίον
3831 5200 4007 5251 μογο-

709 5280 990 5347 meritum,
1036 5281 1130 5336 sed
1161 5292 1381 5351 propter
1413 5284 1797 5339 inccssabilem
1820 5284 2123 5341 bonitatem
2174 5286 2295 5355 ejus

2413 5285 2548 5355 γενῆ
2594 5282 2763 5337 αὐτοῦ
2814 5282 2945 5334 Υίδν
2986 5279 3292 5333 ἀπόστολον
3344 5277 3440 5330 καὶ
3487 5274 3733 5348 πρέσϐυν
3771 5276 3852 5337 εἰς
3900 5273 4008 5326 τὸν

711 5370 805 5441 qui
865 5387 967 5427 nos
1016 5384 1207 5429 sancta
1275 5375 1453 5445 gratia
1510 5377 1734 5430 donavit
1801 5377 2093 5448 :idipsum
2143 5379 2293 5448 pium

2406 5383 2611 5449 κόσμον
2642 5374 2967 5431 ἀπέστειλεν
2992 5389 3006 5403 ’
3042 5371 3333 5426 ἀπέστειλε
3364 5369 3475 5441 γὰρ
3493 5370 3557 5422 ἐκ
3574 5369 3685 5422 τῶν
3707 5367 4010 5437 ἀχράντων

713 5478 866 5521 tuum
896 5467 1139 5523 animum
1165 5471 1593 5540 rogamus-quod
1630 5472 1801 5527 Deum
1832 5471 1989 5527 altari
2025 5481 2293 5537 astantes,

2406 5473 2501 5527 stati.
2548 5471 2711 5524 θείων
2768 5470 2986 5522 κόλπων
3043 5466 3138 5519 τὸν
3192 5465 3458 5535 ὁμότιμον
3513 5461 3681 5517 αὐτοῦ
3727 5460 3821 5514 καὶ
3858 5460 4008 5530 ὀμό-

715 5566 764 5629 id
788 5574 895 5626 est.
920 5569 1073 5636 paris
1097 5567 1527 5624 restitutionem.
2343 5608 2357 5637 ε

2367 5567 2527 5638 ,,οΞον
2562 5567 2688 5618 Υἰδν
2715 5566 2809 5617 ἐπὶ
2835 5562 2896 5617 τὸ
2927 5558 3138 5615 καταλῦ
3176 5576 3266 5612 σαι
3317 5558 3416 5628 μὲν
3446 5557 3508 5610 τὸ
3539 5556 3858 5629 μεσότοιχον
3894 5556 4009 5624 τῆς

715 5657 934 5731 ἔχθρας.
973 5658 1277 5730 βραϐεῦσαι
1308 5661 1492 5737 δὲτὴν
1547 5664 1777 5736 εἰρήνην
1831 5665 1942 5727 τοῖς
2020 5661 2139 5720 κατ’
2181 5662 2433 5733 ἀλλήλων
2496 5656 3078 5727 ὲκπεπολεμωμὲνοις.
3129 5652 3505 5721 Δυσωποῦμεν
3590 5649 3752 5719 ἡμεῖς
3799 5648 3848 5700 οί
3892 5663 4007 5699 τα-

721 5756 892 5807 πεινοὶ
945 5758 1039 5810 καὶ
1068 5753 1445 5828 παρίστασθαι
1488 5760 1564 5829 τῷ
1617 5760 1758 5832 ἁγίῳ
1825 5759 2200 5832 θυσιαστηρίῳ
2264 5756 2720 5822 καταξιωθέντες,
2747 5752 2868 5807 οὐδὲ
2900 5750 2964 5803 δι’
2992 5748 3048 5803 ἓν
3123 5747 3391 5818 ἡμέτερον
3463 5740 3821 5813 κατόρθωμα,
3855 5740 4008 5792 ἀλλὰ

793 5919 805 5936 ‘
838 5918 1000 5970 i‘tov.
1038 5934 1110 5983 ιι,
1140 5917 1194 5973 ‘J.
