4158 6430
205 398 274 457 85
1667 396 2076 458 EPISTOLE.
3410 408 3474 469 8(i

204 512 291 563 διὰ
324 512 426 580 τὴν
460 512 673 581 ἄφατον
726 510 1043 580 ἅγαθότητα
1091 509 1185 563 τοῦ
1239 508 1445 580 ταύτης
1516 511 1664 580 ἡμᾶς
1716 511 1817 581 τῆς
1892 514 2115 583 χάριτος
2186 515 2647 582 καταξιώσαντοςσ
2681 516 2815 571 ἀλλὰ
2866 517 3224 587 δυσωποῦμέν
3258 537 3350 573 σου
3381 525 3477 593 τὴν

204 602 562 672 φιλόχριστον
631 602 836 671 ψυχὴν,
885 602 1022 673 ὅπερ
1090 602 1184 654 καὶ
1246 602 1377 653 Θεὸν
1435 601 1513 670 τῷ
1573 602 1946 673 θυσιαστηρίῳ
2009 606 2408 676 παριστάμενοι
2447 606 2829 679 δυσωποῦμεν,
2862 610 3003 681 ὑπὲρ
3043 610 3324 681 εἰρηνικῆς
3379 630 3478 664 κτ-

203 694 546 757 ταστάσεως.

274 786 429 848 Ἕως
459 785 607 847 τίνος
626 785 659 836 6
682 785 776 838 ἀπ’
805 783 981 852 ἀρχῆς
1008 761 1201 853 ἐχθρὸς
1225 780 1320 834 τοῦ
1346 781 1667 852 πλάσματος
1699 784 1801 854 τῆς

1977 790 2269 858 Quousque
2318 791 2576 860 antiquus
2609 792 2696 846 ille
2756 792 2849 845 Dei
2882 801 3171 863 "creaturae
3222 796 3480 850 inimicus

203 878 400 946 θεῖκῆς
440 876 700 946 παλάμης
741 875 1257 943 ἐπευφρανθήσεται
1303 875 1422 935 ταῖς
1454 872 1613 942 ἡμῶν
1660 890 1799 943 συμ-

205 972 445 1039 φοραῖς
515 969 662 1031 Ἕως
730 967 877 1028 τίνος
941 969 973 1036 ή
1047 968 1120 1035 γῆ
1183 964 1534 1036 Χριστιανῶν
1597 967 1795 1035 αἵμασι

207 1060 493 1128 μιαίνεται
557 1060 661 1112 ὑπὸ
743 1056 1086 1130 Χριστιανῶν
1152 1058 1351 1128 χειρῶν
1418 1058 1795 1128 κενουμένοιςς

209 1153 463 1220 Ἐσςραξε
499 1152 639 1205 Κάῐν
692 1151 861 1204 Ἀδελ
888 1150 981 1203 τὸν
1016 1150 1267 1218 ἀδελφὸν,
1313 1150 1407 1203 καὶ
1459 1152 1609 1219 ὅμως
1662 1167 1800 1219 σφα-

206 1243 399 1310 γέντος
436 1244 559 1308 ἐνὸς
606 1243 741 1297 ἐϐόα
776 1244 838 1296 τὸ
894 1237 1033 1310 αἷμα
1088 1243 1221 1312 πρὸς
1278 1242 1368 1295 τὸν
1417 1242 1571 1297 Θεόν.
1606 1243 1674 1295 Τί
1710 1243 1799 1296 λοο

209 1338 364 1407 γίξῃ,
408 1338 602 1391 τέκνον
655 1335 846 1405 ημῶν;
902 1333 968 1387 Τί
1003 1336 1191 1404 διανοῇ
1230 1333 1500 1387 τοσούτων
1548 1336 1800 1405 αἱμάτων

215 1429 381 1496 μέχρι
408 1425 507 1479 τοῦ
542 1426 638 1479 νῦν
664 1425 1047 1494 κενουμένων;
1105 1425 1285 1489 Πόσην
1337 1424 1484 1488 εἰκὸς
1540 1426 1639 1495 τὴν
1671 1424 1800 1495 βοὴν

218 1521 606 1590 ἀναφέρεσθαι
636 1521 772 1592 πρὸς
807 1524 898 1572 τὸν
922 1518 1091 1585 Θεόν,
1135 1519 1244 1572 Καὶ
1284 1518 1438 1572 οὔπω
1497 1519 1641 1586 λέγω
1673 1520 1801 1589 περὶ

209 1611 322 1663 τῶν
350 1612 596 1676 ζώντων,
641 1610 771 1672 τοὺς
817 1610 1093 1681 ὀρφανοὺς
1127 1610 1347 1673 παῖδας,
1391 1612 1489 1670 τὰς
1539 1610 1796 1680 χηρευούι

214 1720 318 1764 σας
375 1705 671 1771 γυναῖκας,
727 1702 854 1764 τοὺς
907 1701 1154 1769 ἀδελφῶν
1201 1702 1624 1772 ἐστερημένους,
1676 1704 1802 1763 τοὺς

210 1798 424 1847 τέκνων
474 1794 737 1865 ἐρήμους,
770 1794 841 1847 τὰ
891 1794 1025 1861 ἆγια
1079 1792 1464 1864 θυσιαστήρια,
1500 1793 1612 1846 τῶν
1640 1809 1803 1862 μονα-

208 1888 423 1951 ξόντων
444 1887 540 1939 τὸν
571 1885 902 1954 σκεδασμὸν,
946 1886 1055 1939 τῶν
1100 1886 1386 1956 παρθένων
1430 1888 1530 1957 τὴν
1560 1881 1803 1957 ’διαφθο-

211 1978 340 2047 ρὰν,
374 1969 453 2029 ὧν
481 1977 531 2028 οι
558 1976 835 2047 διηνεκεῖς
879 1978 1177 2046 στεναγμοὶ
1217 1978 1311 2029 καὶ
1348 1977 1416 2029 τὰ
1457 1976 1668 2049 δάκρυα
1712 1979 1800 2032 ἐν·

208 2074 557 2143 τυγχάνουσι
585 2073 675 2126 διὰ
726 2071 930 2135 παντὸς
991 2072 1069 2141 τῷ
1100 2072 1243 2142 Θεῷ.
1292 2069 1422 2127 Οἶδα
1454 2075 1536 2127 ὅτι
1570 2075 1663 2128 καὶ
1694 2093 1800 2145 χω-

214 2168 302 2235 ρὶς
332 2167 447 2219 τῶν
495 2165 780 2236 ἡμετέρων
820 2164 1000 2233 λόγων
1036 2165 1303 2235 φρόνιμος
1338 2163 1435 2230 ὢν,
1493 2167 1588 2218 καὶ
1638 2167 1799 2236 εἴπερ

210 2276 295 2322 τις
340 2256 655 2327 ἀνθρώπων
711 2257 1145 2328 φρονιμώτατος,
1200 2256 1406 2326 ἐνθυμῇ
1457 2256 1652 2309 ταῦτα·
1689 2256 1805 2307 ἀλλ’

209 2357 395 2424 οἶμοιὲ
423 2354 684 2423 δαίμονος
728 2352 964 2422 ἐπηρείᾳ
1005 2353 1101 2405 καὶ
1132 2350 1440 2421 ἀνθρώπων
1474 2349 1806 2421 κακοϐουλίᾳ⁴

208 2453 278 2520 τῇ
309 2452 381 2519 σῇ
432 2448 641 2518 πραείᾳ
686 2446 834 2517 ψυχῇ
875 2443 1195 2513 ἐμπεσοῦσα
1240 2446 1458 2516 πικρία,
1513 2444 1804 2514 ἄνθρωπον

209 2543 347 2595 ὄντα
418 2538 710 2611 διερεθίζει
783 2538 881 2591 καὶ
945 2538 1264 2607 φιλονεικεῖ,
1322 2535 1397 2607 μὴ
1452 2535 1804 2605 συγχωρῆσαι

220 2632 490 2703 γενέσθαι
537 2631 635 2700 τῆς
678 2630 878 2684 ἐαυτοῦ
942 2630 1305 2701 ἡμερότητος.
1381 2627 1565 2690 Ἀλλὰ,
1615 2627 1805 2679 τέκνον

212 2722 536 2791 ἀγαπητὸν,
583 2721 696 2774 εἴτε
734 2720 989 2789 δαίμονος
1025 2719 1088 2771 τδ
1129 2717 1312 2789 ἔργον,
1365 2717 1438 2787 μὴ
1495 2719 1590 2768 ἐπὶ
1639 2715 1802 2768 πλέον

212 2813 605 2884 παρασχῶμεν
654 2810 807 2881 αὐτῷ
863 2809 1252 2881 κατορχεῖσθαι
1307 2808 1429 2860 καθ’
1476 2807 1657 2877 ήμῶνο
1691 2808 1800 2860 είτε

212 2906 535 2976 ἀνθρώπων
561 2902 950 2965 κακοϐουλίαις
979 2903 1261 2971 ἀπήντησε
1298 2900 1368 2953 τὰ
1394 2899 1603 2951 ἐλεεινὰ
1632 2898 1803 2951 ταῦτα

212 3003 309 3051 καὶ
340 2997 585 3067 δυσχερῆ
620 2996 946 3065 πράγματα,
978 2993 1339 3064 ἀρκεσθῶμεν
1392 2995 1513 3055 ταῖς
1562 2994 1682 3044 κατ’
1706 2991 1803 3045 ἁλ-

211 3093 401 3162 ληλων
435 3090 776 3143 ἐπιθέσεσιν
801 3084 977 3157 ἦρξαν
1015 3084 1111 3138 τοῦ
1146 3083 1384 3156 πονηροῦ
1430 3082 1801 3153 ἐπιχειρήμα-

211 3201 306 3246 τος
337 3184 387 3235 οἱ
436 3181 946 3253 προκατάρξαντες,
984 3177 1372 3248 προελύπησαν
1411 3176 1510 3244 τὴν
1560 3176 1658 3244 σὴν
1702 3176 1803 3243 ψυ-

210 3279 325 3346 χήν
358 3276 432 3328 δι’
460 3270 537 3328 ὧν
590 3274 735 3327 κατὰ
783 3270 877 3324 σοῦ
924 3270 1343 3341 προκεκίνηται.
1390 3267 1576 3336 Ἔχεις
1611 3266 1803 3335 ἱκανὴν

1902 882 2104 937 nostris
2160 884 2417 951 gaudebit
2486 884 2932 942 calamitatibus?
2979 887 3276 956 Quousque
3335 898 3477 945 terra

1901 973 2166 1043 sanguine
2213 974 2649 1030 Christianorum
2717 978 2970 1033 manibus
3030 977 3360 1035 Christianis
3393 981 3475 1036 ef~

1902 1066 2026 1123 fuso
2056 1067 2373 1137 polluetur?
2400 1067 2674 1124 interfecit
2714 1067 2849 1125 Cain
2886 1070 3103 1125 fratrem
3132 1087 3292 1127 suum
3320 1073 3475 1133 Abel.

1898 1166 1973 1224 et,
2005 1159 2254 1228 quamvis
2279 1174 2418 1212 unus
2441 1158 2602 1213 fuerit
2625 1174 2816 1221 caesus,
2852 1158 2972 1227 ejus
2994 1169 3171 1215 tamen
3206 1161 3273 1216 ad
3301 1160 3477 1217 Deum

1904 1251 2174 1319 clamabat
2198 1244 2457 1321 sanguis?
2485 1250 2624 1316 Quid
2654 1253 2848 1318 sentis,
2891 1251 2964 1305 lili
2993 1251 3261 1321 miiquid
3296 1266 3477 1322 putas,

1904 1353 2054 1400 tanto
2102 1362 2278 1415 usque
2337 1345 2499 1400 modo
2532 1346 2797 1415 sanguine
2822 1344 3040 1400 effuso?
3066 1343 3343 1411 Quantum
3370 1347 3481 1400 cla-
3529 1410 3533 1414 ς

1902 1454 2110 1493 morem
2145 1440 2211 1493 ad
2233 1437 2400 1493 Deum
2432 1438 2605 1493 attolli
2651 1452 2873 1494 necesse
2893 1438 3013 1493 est!
3052 1436 3163 1492 Nec
3189 1436 3302 1507 jam
3334 1436 3480 1491 vires

1904 1546 2167 1595 memoro,
2237 1532 2513 1601 orphanos
2554 1528 2835 1594 infantes,
2888 1529 3140 1585 viduatas
3197 1527 3477 1592 mulieres,

1902 1622 2164 1680 fratribus
2244 1625 2470 1680 orbatos
2545 1631 2641 1679 aut
2710 1622 2939 1687 liberis;
3013 1632 3200 1677 sancta
3262 1621 3475 1685 altaria,

1903 1714 2295 1768 monachorum
2314 1714 2730 1783 dispersionem,
2751 1712 3019 1784 virginum
3068 1712 3439 1781 stuprationes
3461 1730 3477 1766 :

1902 1820 2136 1873 quorum
2196 1803 2444 1859 omnium
2480 1806 2717 1872 gemitus
2743 1815 2795 1858 et
2831 1804 3083 1874 lacryma:
3111 1804 3479 1857 indesinenter

1902 1895 1967 1948 ad
1997 1893 2161 1947 Deum
2220 1894 2491 1949 feruntur.
2543 1893 2622 1949 Me
2658 1908 2763 1948 non
2831 1895 2960 1948 latet
3022 1905 3073 1949 te
3130 1893 3474 1963 prudentem,

1903 1983 2013 2037 imo
2040 1984 2316 2038 hominum
2369 1984 2879 2052 prudentissimum,
2916 1992 3042 2037 ante
3072 1997 3220 2037 meas
3246 1983 3474 2043 litteras,

1900 2092 1963 2130 ea
1996 2077 2295 2144 intelligere
2328 2093 2341 2129 :
2382 2076 2495 2140 sed,
2557 2078 2689 2146 proh
2721 2077 2873 2130 dolor
2903 2076 2915 2128 l
2957 2076 3158 2129 diaboli
3212 2074 3471 2144 maligui~

1904 2176 2012 2221 tate
2041 2169 2437 2237 hominumque
2504 2166 2889 2222 malevolentia
2943 2174 3291 2220 mansuetum
3324 2176 3474 2219 tuum

1901 2262 2142 2316 animum
2178 2263 2375 2316 invasit
2410 2260 2747 2325 amaritudo,
2770 2272 2890 2326 Quae
2923 2268 2993 2323 te,
3027 2259 3189 2313 homo
3214 2272 3337 2311 cum
3379 2257 3477 2319 sis,

1899 2356 2102 2409 excitat
2134 2362 2187 2407 et
2226 2353 2525 2407 ambitione
2550 2362 2849 2406 movetuee
2880 2350 3008 2404 sinit
3051 2350 3283 2419 propria:
3326 2364 3480 2402 man-

1900 2446 2174 2502 snetudiui
2233 2446 2534 2516 indulgere.
2589 2444 2718 2507 Sed,
2753 2445 2947 2498 dilecte
2999 2444 3092 2506 liii,
3136 2444 3251 2495 site
3283 2440 3477 2494 diaboli

1900 2539 1971 2594 sit
2001 2539 2101 2593 hoc
2127 2553 2285 2607 opus,
2310 2554 2409 2592 nec
2459 2540 2569 2606 jam
2604 2537 2680 2590 illi
2724 2538 2985 2589 adversus
3023 2548 3123 2586 nos
3153 2531 3477 2585 debacchari

1902 2632 2318 2701 permittamus;
2360 2630 2475 2684 sive
2506 2646 2569 2683 ex
2610 2629 2892 2683 hominum
2940 2624 3320 2680 malevolentia
3354 2631 3477 2675 nata

1906 2724 2016 2777 sint
2068 2722 2373 2776 miseranda
2425 2732 2480 2775 ct
2542 2721 2718 2775 tristia
2780 2720 2893 2783 illa,
2955 2729 3150 2771 metam
3203 2729 3472 2783 ponamus

1906 2814 2108 2867 nostris
2143 2813 2196 2866 iu
2231 2805 2461 2866 invicem
2513 2812 2907 2865 invasiouibus.
2941 2807 3139 2862 Nel'arii
3167 2807 3310 2861 illius
3351 2820 3485 2858 (Ott-

1905 2905 2011 2960 silii
2067 2898 2318 2961 auctOres
2356 2904 2691 2973 fuertmtqui
2727 2903 2887 2972 primi
2952 2903 3273 2970 inceperunt
3328 2906 3480 2950 tuum

1905 2996 2148 3050 animum
2201 2997 2388 3052 dolore
2424 2996 2634 3051 allicere
2663 2997 2775 3049 suis
2804 3003 2992 3049 contra
3028 3003 3077 3046 te
3108 2989 3469 3060 expeditioni-

1906 3088 2011 3144 bus
2038 3106 2051 3141 :
2083 3087 2413 3144 sufﬁcientes
2444 3088 2710 3143 dederunt
2756 3101 2976 3156 poenas;
3019 3084 3156 3137 mala
3186 3100 3306 3152 qua:
3342 3082 3485 3135 acci-

1906 3178 2373 3249 deruntcomputa
2404 3180 2700 3246 unicuique
2735 3179 2810 3231 tui
2847 3179 2981 3230 iram
3011 3175 3298 3242 exstiugue
3326 3171 3483 3225 malis

1907 3284 2026 3339 quae
2043 3271 2387 3340 pertulerunt
2426 3272 2518 3341 qui
2547 3271 2639 3324 tibi
2672 3284 2867 3325 nocere
2915 3280 3043 3324 sunt
3079 3268 3341 3335 aggressi.

213 3372 321 3441 τὴν
356 3367 662 3438 τιμωρίαψ
734 3365 1058 3432 ἀναλόγισαι
1115 3362 1183 3415 τὰ
1226 3357 1613 3430 συμὸεὸηκότα
1670 3357 1842 3428 πάθη,
1910 3364 2006 3415 καὶ
2062 3364 2252 3417 σϐέσον
2290 3366 2382 3419 τὸν
2421 3363 2592 3434 θυμὸν
2634 3364 2731 3433 τῆς
2770 3363 2947 3431 ψυχῆς
2978 3355 3056 3424 οἷς
3092 3356 3292 3413 ἔπαθον
3336 3357 3383 3408 οἱ
3424 3353 3484 3408 οὲ

210 3464 409 3525 κακῶς
457 3463 704 3533 ποιήσειν
752 3458 1238 3531 ἐπιχειρήσαντες.

291 3559 491 3610 Ἔστιν
516 3558 544 3608 6
570 3555 730 3624 νόμος
758 3552 913 3617 οὗτος
940 3551 1166 3623 κρατῶν
1189 3550 1251 3603 οὐ
1285 3550 1444 3621 μόνον
1499 3552 1556 3602 ἐν
1586 3549 1795 3622 ἀνθρώ-

1976 3549 2081 3604 ch
2116 3559 2199 3605 est
2230 3564 2340 3604 non
2366 3550 2543 3604 solent
2569 3549 2710 3603 inter
2739 3551 3004 3615 homines,
3029 3555 3124 3608 sed
3144 3556 3305 3612 etiam
3340 3561 3481 3617 inter

212 3667 366 3713 ποις,
399 3648 541 3702 ἀλλὰ
575 3648 673 3700 καὶ
698 3648 755 3699 ἐν
782 3644 1017 3716 θηρίοις.
1048 3644 1205 3698 Ἔστι
1240 3644 1349 3715 γὰρ
1369 3644 1629 3707 πολλάκις
1668 3644 1800 3695 ἰδεῖν

213 3743 398 3813 θηρία
428 3741 536 3793 ὑπὸ
569 3738 747 3809 θυμοῦ
773 3738 896 3790 κατ’
937 3737 1184 3807 ἀλλήλων
1230 3731 1803 3807 ὲφορμήσαντα·”εἷτα

208 3834 309 3888 τοῦ
367 3832 491 3893 ἐνὸς
520 3828 939 3893 ἐλαττωθέντος,
993 3828 1054 3880 τὸ
1100 3827 1289 3897 ἓτερον
1334 3826 1802 3896 καταπραΰνεται.

210 3928 309 3998 Μὴ
347 3923 709 3994 βουληθῶμεν
749 3923 911 3992 ἡμεῖς
943 3922 1038 3973 καὶ
1087 3919 1293 3990 θηρίων
1337 3920 1500 3989 ιρύσιν
1538 3917 1807 3988 παρεξελ-

210 4025 358 4086 θεῖν,
404 4018 533 4090 μηδ’
557 4017 820 4070 ἄσϐεστον
853 4015 998 4084 ἔχειν
1032 4014 1224 4083 θυμὸν,
1264 4012 1397 4083 μηδὲ
1427 4012 1525 4082 τὴν
1576 4014 1813 4088 πικρίαν-

209 4113 642 4183 ἁκατάληκτον.
704 4108 847 4161 Ἀλλ’
875 4108 967 4161 ἐπὶ
1020 4107 1317 4176 λογισμοὺς
1373 4104 1544 4158 ἐλθὼν
1594 4103 1808 4173 ἀνθρω-

212 4210 439 4271 πίνους,
479 4204 575 4256 καὶ
617 4201 856 4273 μάλιστι
907 4201 975 4270 τῇ
1026 4202 1094 4268 σῇ
1145 4198 1460 4268 πρέποντας
1517 4198 1802 4265 φρονήσει,

210 4302 395 4363 ἐάσεις
450 4297 582 4359 τοὺς
622 4294 915 4363 πολέμους,
967 4294 1066 4354 τὰς
1127 4290 1346 4359 σφαγὰς
1400 4290 1496 4343 καὶ
1544 4290 1641 4351 τὰς
1698 4292 1806 4339 των

210 4396 483 4465 αἱμάτων
517 4388 731 4458 χύσεις,
773 4384 1083 4454 ἀπόϐλεψον
1117 4384 1253 4452 πρὸς
1285 4381 1345 4433 τὸ
1378 4381 1525 4450 μέγα
1573 4381 1807 4449 πρᾶγμα

210 4491 312 4558 τῇς
348 4484 607 4555 εἰρήνης,
636 4481 735 4550 τὴν
766 4477 1033 4549 ἀτίμητον
1076 4475 1464 4545 κληρονομίαν,
1500 4475 1566 4545 ἢν
1594 4473 1809 4525 κατέλι-

210 4600 317 4633 πεν
376 4580 517 4647 ἡμῖν
556 4574 586 4624 6
630 4571 859 4640 ἀδελφὸς
924 4571 1082 4640 ἡμῶν
1129 4568 1383 4637 γενέσθαι
1438 4566 1806 4630 καταξιώσας,

214 4678 297 4726 ἵνα
330 4667 773 4739 εἰρηνοποιήσας
820 4661 1112 4731 υἱοθετήσῃ
1142 4661 1289 4731 ἡμᾶς
1320 4659 1396 4730 τῷ
1418 4657 1537 4729 Θεῷ
1570 4660 1665 4711 καὶ
1699 4658 1809 4709 lla-

209 4766 328 4835 τρί.
385 4762 659 4825 Ἐκείνιν,
711 4752 1200 4822 τέκνον,’νόμισον
1248 4747 1383 4822 ὁμᾷν
1422 4749 1626 4820 μεταξὺ
1672 4750 1807 4801 Ῥω-

212 4859 404 4927 μαίων
435 4853 537 4907 καὶ
569 4847 897 4918 Βουλγάρῶν
945 4846 1182 4910 ἑστῶτα,
1220 4846 1314 4897 καὶ
1346 4844 1413 4896 τὰ
1440 4844 1615 4895 οἰκεῖα
1644 4842 1809 4912 τραύ-

1906 3642 2050 3699 feras
2069 3645 2275 3713 vigens.
2309 3643 2464 3712 Saepe
2481 3644 2625 3697 enim
2651 3644 2834 3699 videre
2872 3654 2956 3699 est
2990 3646 3133 3703 feras
3157 3651 3399 3709 furentes
3427 3658 3479 3711 in

1907 3737 2139 3791 invicem
2165 3737 2396 3801 irruere,
2421 3752 2651 3805 quarum
2700 3753 2805 3790 una
2836 3740 3000 3810 vieta,
3032 3742 3200 3797 altera
3236 3747 3301 3798 ad
3330 3764 3484 3803 man-

1906 3829 2255 3885 suetudinem
2277 3829 2434 3884 redit.
2471 3830 2774 3884 Cavcamus
2816 3846 2881 3885 ne
2928 3832 3167 3889 ferarum
3227 3849 3482 3896 naturam

1909 3936 2249 3991 superemus,
2268 3936 2336 3977 ne
2353 3921 2784 3991 inexstingoibili
2800 3923 2972 3979 furori
2990 3942 3167 3997 neque
3193 3930 3484 4001 insupera-

1907 4012 2000 4067 bili
2027 4013 2121 4066 ira:
2139 4012 2428 4078 cedamus;
2456 4014 2549 4067 sed
2572 4014 2637 4067 ad
2657 4016 2925 4071 humanos
2941 4017 3171 4074 affectus
3189 4028 3487 4095 prmcipue-

1910 4120 2015 4173 que
2051 4112 2155 4159 tua:
2182 4106 2484 4173 prudentiae
2505 4121 2778 4161 consonos
2799 4109 3038 4174 rediens,
3062 4114 3223 4180 bello,
3246 4117 3484 4174 cardihus

1910 4198 2308 4267 sanguinisque
2376 4196 2643 4255 effusione
2696 4200 2958 4269 dimissis,
2994 4205 3184 4259 oculos
3228 4220 3485 4265 converte

1911 4290 1978 4344 ad
2009 4307 2268 4360 magnum
2325 4292 2476 4359 pacis
2514 4293 2739 4357 bonum,
2767 4296 2834 4347 ad
2859 4295 3300 4354 inmstimabilem
3334 4302 3481 4355 illam

1912 4386 2299 4447 hmreditatem,
2355 4400 2516 4453 quam
2559 4385 2716 4438 nobis
2748 4387 2966 4456 reliquit
2995 4391 3084 4456 qui
3107 4392 3272 4444 frater
3298 4406 3483 4449 noster

1912 4482 2026 4533 fieri
2064 4480 2316 4547 dignatus
2347 4487 2429 4532 est
2450 4488 2509 4531 ut
2557 4480 2936 4534 reconciliatos
2968 4496 3067 4535 nos
3094 4481 3273 4539 Patris
3311 4496 3363 4538 et
3391 4485 3481 4541 Dei

1912 4572 2050 4625 filios
2078 4570 2346 4636 eﬂiceret;
2406 4587 2565 4640 quem
2617 4574 2758 4625 inter
2801 4572 3076 4628 Romanos
3111 4586 3163 4628 et
3214 4576 3480 4647 Bulgaros

1912 4662 2151 4715 medium
2181 4673 2324 4716 stare
2356 4673 2482 4731 puta
2515 4673 2679 4731 atque
2710 4678 2808 4716 sua
2834 4664 3211 4719 ostendentem
3235 4669 3480 4734 vulnera,

1912 4754 2053 4807 latus
2082 4751 2436 4822 perforatum,
2472 4767 2729 4805 manuum
2758 4763 2810 4807 et
2856 4755 3051 4822 pedum
3091 4756 3383 4824 foramina,
3410 4760 3484 4813 ita

1912 4849 2094 4902 dicere
2133 4846 2308 4911 :Quid
2342 4855 2424 4898 est
2453 4846 2575 4909 hoc,
2609 4846 2699 4898 lilii
2740 4847 2866 4911 mei,
2893 4851 3088 4916 popule
3113 4864 3287 4917 meus,
3321 4854 3486 4908 hau-e.

211 4967 367 5020 ματα
419 4942 843 5007 ὑποδεικνύντα,
878 4940 973 5012 τὴν
1009 4938 1225 5009 σφαγὴν
1274 4938 1373 5006 τῆς
1407 4935 1668 5007 πλεῦρας,
1710 4936 1802 4998 τὰς

1912 4942 2052 4995 ditas
2085 4940 2306 5003 dilecta,
2349 4954 2513 5008 quam
2587 4939 2719 4991 inihi
2777 4940 2927 4994 dedit
2989 4943 3152 4994 Pater
3194 4958 3291 5011 pro
3362 4963 3479 4999 mea

207 5046 445 5111 τρήσεις
476 5036 589 5090 τῶν
618 5034 818 5105 χειρῶν
857 5033 953 5084 καὶ
980 5032 1087 5083 τῶν
1119 5027 1317 5095 ποδῶν,
1345 5026 1569 5081 τοιαῦτα
1599 5026 1802 5095 λέγειν.

208 5139 276 5189 Τί
327 5133 527 5194 τοῦτο,
564 5128 735 5181 τέκνα
793 5125 927 5195 ἐμὰ,
962 5124 1089 5185 λαὸς
1143 5122 1295 5192 ὲμδς,
1350 5122 1553 5191 κλῆρος
1586 5122 1806 5190 ὴγαπη.

210 5233 405 5303 μενος,
444 5205 510 5278 ὃν
560 5239 655 5295 μοι
687 5221 885 5274 ἔδωκεν
914 5221 943 5271 6
984 5219 1169 5288 Πατὴρ
1206 5218 1325 5269 ἀντὶ
1356 5219 1453 5288 τῆς
1482 5216 1616 5287 ἐμῆς
1667 5217 1805 5267 ὑπα-

208 5325 374 5393 κθῆςν
429 5318 536 5371 ἐπῖ
575 5315 679 5385 τῆς
740 5315 905 5385 μέχρι
960 5310 1194 5381 σταυρῦ
1249 5310 1344 5362 καὶ
1396 5309 1491 5361 τοῦ
1568 5309 1800 5360 θανά-εει,

206 5411 743 5483 συγκαταϐάσεως;
784 5408 850 5461 Τί
899 5407 1096 5470 τοῦτο;
1154 5403 1277 5465 Πῶς
1330 5401 1661 5457 ἐπελάθεσθε
1696 5402 1797 5469 τῆς

206 5512 352 5581 ἐμῆς
391 5505 672 5574 ὲντολῆςς
724 5502 847 5565 Πῶς
902 5503 1268 5570 ἀμνημονεῖτε
1331 5499 1440 5551 τῶν
1501 5498 1651 5568 ἐμῶν
1698 5513 1805 5549 πα-

209 5604 568 5674 ριινέςεων,
604 5595 714 5649 Ποῦ
754 5612 845 5666 μοι
894 5594 1208 5665 ἀπώλετοη
1257 5591 1444 5661 ἀγάπη
1512 5594 1582 5663 ἠν
1638 5590 1807 5643 κατέ-

204 5698 373 5751 λιττον
449 5696 625 5763 ὑμῐν;
682 5690 746 5743 Τί
804 5688 1030 5758 γέγονεν
1086 5689 1119 5758 ὴ
1192 5689 1405 5758 εἰρήνη,
1470 5685 1536 5755 ἢν
1590 5684 1805 5749 ἐδίδαξα

206 5794 358 5862 ὑμᾶς
392 5809 410 5857 ;
469 5787 598 5849 ηὼς
648 5788 748 5855 ἐμὲ
787 5782 1029 5853 κεφαλὴν
1066 5780 1479 5853 ὁμολογοῦντες,
1536 5781 1629 5831 καὶ
1664 5777 1803 5849 μέλη

206 5890 319 5958 ἐμὰ
367 5883 665 5957 φιλοῦντες
711 5879 1203 5948 κατονομάζεοθαι,
1242 5880 1331 5932 καὶ
1375 5876 1617 5947 ἀλλήλων
1652 5875 1803 5929 ὁπλί-

1911 5032 2214 5088 obedientia
2251 5044 2304 5085 et
2327 5047 2495 5099 usque
2542 5034 2607 5085 ad
2659 5047 2872 5085 crucem
2901 5043 2956 5086 et
2985 5044 3213 5088 mortem
3279 5040 3482 5091 demis-

1912 5128 2111 5183 sione?
2141 5128 2269 5195 quid
2330 5138 2414 5180 est
2448 5126 2586 5180 hoc?
2630 5128 2906 5193 quomodo
2933 5130 3187 5197 praecepti
3213 5131 3315 5182 mei
3354 5133 3483 5184 estis

1911 5221 2103 5277 obliti?
2132 5220 2405 5289 quomodo
2435 5234 2584 5273 meas
2607 5221 2894 5274 suasiones
2928 5237 3033 5273 non
3087 5223 3483 5275 recnrdamius?

1912 5314 2189 5384 quomodo
2249 5314 2409 5381 periit
2453 5312 2541 5365 illa
2600 5313 2817 5367 dilectio
2869 5328 3030 5381 quam
3058 5315 3215 5367 vobis
3252 5316 3489 5383 relilni?

1915 5409 2002 5463 ubi
2043 5425 2188 5463 nune
2240 5425 2341 5477 pax
2404 5407 2490 5461 illa
2521 5423 2684 5478 quam
2730 5423 2826 5462 vos
2855 5408 3059 5461 docui?
3092 5409 3363 5475 quomodo
3398 5426 3484 5461 me

1912 5514 2076 5571 caput
2103 5504 2423 5557 coulitentes
2453 5502 2806 5567 membraque
2854 5515 2974 5553 mea
3007 5500 3113 5553 dici
3144 5511 3480 5565 satagentes,

1916 5599 1969 5652 in
1993 5598 2223 5651 invicem
2253 5596 2452 5652 bellum
2492 5598 2678 5667 geritis
2706 5597 2729 5649 *ἶ
2778 5594 2893 5650 Non
2920 5605 3001 5649 γει
3031 5595 3079 5648 id
3110 5584 3479 5648 membrorum

1914 5692 2053 5747 idem
2083 5701 2244 5761 caput
2297 5692 2633 5755 habentium,
2683 5690 2777 5745 sed
2828 5704 3049 5744 necesse
3092 5700 3174 5741 est
3228 5674 3397 5740 dividi
3431 5698 3482 5739 et

1914 5786 2058 5840 aliud
2082 5793 2243 5854 caput
2290 5783 2482 5852 quani.
2527 5782 2621 5836 Illa
2677 5796 2904 5837 censeas
2959 5778 3477 5845 dicere“.thristum

1916 5876 2080 5932 Deum
2150 5884 2394 5931 nostrum
2436 5875 2629 5945 majori
2662 5873 2845 5927 dolore
2876 5876 3123 5928 allectum
3161 5887 3322 5939 quam
3358 5887 3477 5924 cum
