  <div class='ocr_page' id='page_1' title='image "/cluster/home/n/w/nwhite01/storage/ocr_20150623/111/nnc1.0046979743/051.png"; bbox 0 0 4158 6430; ppageno 0'>
   <div class='ocr_carea' id='block_1_1' title="bbox 723 431 4003 501">
    <p class='ocr_par' dir='ltr' id='par_1_1' title="bbox 723 431 4003 501">
     <span class='ocr_line' id='line_1_1' title="bbox 723 431 4003 501; baseline 0.004 -15"><span class='ocrx_word' id='word_1_1' title='bbox 723 439 794 501; x_wconf 76' lang='lat'><strong>37</strong></span> <span class='ocrx_word' id='word_1_2' title='bbox 1844 431 2153 493; x_wconf 80' lang='lat' dir='ltr'><strong>NlCOL-AI</strong></span> <span class='ocrx_word' id='word_1_3' title='bbox 2197 432 2307 496; x_wconf 89' lang='lat' dir='ltr'><strong>CP.</strong></span> <span class='ocrx_word' id='word_1_4' title='bbox 2350 434 2873 495; x_wconf 65' lang='lat' dir='ltr'><strong>PATRIARClixE</strong></span> <span class='ocrx_word' id='word_1_5' title='bbox 3931 438 4003 500; x_wconf 83' lang='lat'><strong>88</strong></span> 
     </span>
    </p>
   </div>
   <div class='ocr_carea' id='block_1_2' title="bbox 715 541 2293 623">
    <p class='ocr_par' dir='ltr' id='par_1_2' title="bbox 715 541 2293 611">
     <span class='ocr_line' id='line_1_2' title="bbox 715 541 2293 611; baseline -0.001 -14"><span class='ocrx_word' id='word_1_6' title='bbox 715 544 866 599; x_wconf 71' lang='lat' dir='ltr'><strong>cruri</strong></span> <span class='ocrx_word' id='word_1_7' title='bbox 911 542 1010 597; x_wconf 82' lang='lat' dir='ltr'><strong>fuit</strong></span> <span class='ocrx_word' id='word_1_8' title='bbox 1077 543 1307 608; x_wconf 71' lang='lat' dir='ltr'><strong>aﬂixus;</strong></span> <span class='ocrx_word' id='word_1_9' title='bbox 1358 558 1520 611; x_wconf 78' lang='lat' dir='ltr'><strong>quem</strong></span> <span class='ocrx_word' id='word_1_10' title='bbox 1591 542 1805 597; x_wconf 78' lang='lat' dir='ltr'><strong>sincere</strong></span> <span class='ocrx_word' id='word_1_11' title='bbox 1846 542 2152 606; x_wconf 93' lang='lat' dir='ltr'><strong>audientes,</strong></span> <span class='ocrx_word' id='word_1_12' title='bbox 2187 541 2293 608; x_wconf 73' lang='lat' dir='ltr'><strong>ejus</strong></span> 
     </span>
    </p>
   </div>
   <div class='ocr_carea' id='block_1_3' title="bbox 2402 541 4004 623">
    <p class='ocr_par' dir='ltr' id='par_1_3' title="bbox 2414 547 4004 623">
     <span class='ocr_line' id='line_1_3' title="bbox 2414 547 4004 623; baseline 0.004 -24"><span class='ocrx_word' id='word_1_13' title='bbox 2414 547 2618 611; x_wconf 74' lang='grc' dir='ltr'>ζεσθες</span> <span class='ocrx_word' id='word_1_14' title='bbox 2659 549 2778 602; x_wconf 85' lang='grc' dir='ltr'>Ούκ</span> <span class='ocrx_word' id='word_1_15' title='bbox 2810 548 2925 601; x_wconf 85' lang='grc' dir='ltr'>ἔστι</span> <span class='ocrx_word' id='word_1_16' title='bbox 2976 547 3139 603; x_wconf 78' lang='grc' dir='ltr'>τοῦτο</span> <span class='ocrx_word' id='word_1_17' title='bbox 3172 549 3353 619; x_wconf 86' lang='grc' dir='ltr'>μελῶν</span> <span class='ocrx_word' id='word_1_18' title='bbox 3393 550 3492 622; x_wconf 80' lang='grc' dir='ltr'><strong>τὴν</strong></span> <span class='ocrx_word' id='word_1_19' title='bbox 3539 551 3713 623; x_wconf 77' lang='grc' dir='ltr'>αὐτὴν</span> <span class='ocrx_word' id='word_1_20' title='bbox 3755 554 4004 622; x_wconf 80' lang='grc' dir='ltr'>κεφαλὴν</span> 
     </span>
    </p>
   </div>
   <div class='ocr_carea' id='block_1_4' title="bbox 712 630 2305 705">
    <p class='ocr_par' dir='ltr' id='par_1_4' title="bbox 712 630 2305 705">
     <span class='ocr_line' id='line_1_4' title="bbox 712 630 2305 705; baseline 0 -14"><span class='ocrx_word' id='word_1_21' title='bbox 712 640 877 691; x_wconf 65' lang='grc' dir='ltr'><strong>νεαιιιει</strong></span> <span class='ocrx_word' id='word_1_22' title='bbox 924 654 1232 702; x_wconf 81' lang='lat' dir='ltr'><strong>vereamur,</strong></span> <span class='ocrx_word' id='word_1_23' title='bbox 1287 630 1514 695; x_wconf 79' lang='lat' dir='ltr'><strong>vulnera</strong></span> <span class='ocrx_word' id='word_1_24' title='bbox 1572 638 1856 701; x_wconf 89' lang='lat' dir='ltr'><strong>colamus,</strong></span> <span class='ocrx_word' id='word_1_25' title='bbox 1903 638 2305 705; x_wconf 86' lang='lat' dir='ltr'><strong>timeamusque</strong></span> 
     </span>
    </p>
   </div>
   <div class='ocr_carea' id='block_1_5' title="bbox 713 730 2304 800">
    <p class='ocr_par' dir='ltr' id='par_1_5' title="bbox 713 730 2304 800">
     <span class='ocr_line' id='line_1_5' title="bbox 713 730 2304 800; baseline -0.002 -16"><span class='ocrx_word' id='word_1_26' title='bbox 713 744 838 784; x_wconf 78' lang='lat' dir='ltr'><strong>cum</strong></span> <span class='ocrx_word' id='word_1_27' title='bbox 878 731 1136 799; x_wconf 77' lang='lat' dir='ltr'><strong>ailligerc,</strong></span> <span class='ocrx_word' id='word_1_28' title='bbox 1174 740 1227 784; x_wconf 91' lang='lat' dir='ltr'><strong>et</strong></span> <span class='ocrx_word' id='word_1_29' title='bbox 1285 731 1415 800; x_wconf 86' lang='lat' dir='ltr'><strong>quia</strong></span> <span class='ocrx_word' id='word_1_30' title='bbox 1466 739 1682 800; x_wconf 87' lang='lat' dir='ltr'><strong>tempus</strong></span> <span class='ocrx_word' id='word_1_31' title='bbox 1736 740 1844 792; x_wconf 79' lang='lat' dir='ltr'><strong>est,</strong></span> <span class='ocrx_word' id='word_1_32' title='bbox 1892 739 2081 783; x_wconf 87' lang='lat' dir='ltr'><strong>nostra</strong></span> <span class='ocrx_word' id='word_1_33' title='bbox 2122 730 2178 783; x_wconf 93' lang='lat' dir='ltr'><strong>in</strong></span> <span class='ocrx_word' id='word_1_34' title='bbox 2221 730 2304 782; x_wconf 88' lang='lat' dir='ltr'><strong>in-</strong></span> 
     </span>
    </p>
   </div>
   <div class='ocr_carea' id='block_1_6' title="bbox 712 821 2302 893">
    <p class='ocr_par' dir='ltr' id='par_1_6' title="bbox 712 821 2302 893">
     <span class='ocr_line' id='line_1_6' title="bbox 712 821 2302 893; baseline 0.001 -18"><span class='ocrx_word' id='word_1_35' title='bbox 712 826 887 877; x_wconf 71' lang='lat' dir='ltr'><strong>vicem</strong></span> <span class='ocrx_word' id='word_1_36' title='bbox 921 822 1162 892; x_wconf 83' lang='lat' dir='ltr'><strong>deliquia</strong></span> <span class='ocrx_word' id='word_1_37' title='bbox 1198 838 1476 887; x_wconf 82' lang='lat' dir='ltr'><strong>sanemus,</strong></span> <span class='ocrx_word' id='word_1_38' title='bbox 1531 832 1698 893; x_wconf 91' lang='lat' dir='ltr'><strong>atque</strong></span> <span class='ocrx_word' id='word_1_39' title='bbox 1754 822 1902 876; x_wconf 89' lang='lat' dir='ltr'><strong>illum</strong></span> <span class='ocrx_word' id='word_1_40' title='bbox 1930 823 2081 874; x_wconf 91' lang='lat' dir='ltr'><strong>omni</strong></span> <span class='ocrx_word' id='word_1_41' title='bbox 2114 821 2302 876; x_wconf 89' lang='lat' dir='ltr'><strong>dolore</strong></span> 
     </span>
    </p>
   </div>
   <div class='ocr_carea' id='block_1_7' title="bbox 712 913 2301 985">
    <p class='ocr_par' dir='ltr' id='par_1_7' title="bbox 712 913 2301 985">
     <span class='ocr_line' id='line_1_7' title="bbox 712 913 2301 985; baseline 0 -17"><span class='ocrx_word' id='word_1_42' title='bbox 712 926 767 968; x_wconf 92' lang='lat' dir='ltr'><strong>et</strong></span> <span class='ocrx_word' id='word_1_43' title='bbox 794 915 1015 967; x_wconf 90' lang='lat' dir='ltr'><strong>tristitia</strong></span> <span class='ocrx_word' id='word_1_44' title='bbox 1048 915 1368 975; x_wconf 87' lang='lat' dir='ltr'><strong>liberemus,</strong></span> <span class='ocrx_word' id='word_1_45' title='bbox 1399 914 1809 985; x_wconf 78' lang='lat' dir='ltr'><strong>benignamque</strong></span> <span class='ocrx_word' id='word_1_46' title='bbox 1839 913 2000 968; x_wconf 87' lang='lat' dir='ltr'><strong>nobis</strong></span> <span class='ocrx_word' id='word_1_47' title='bbox 2034 913 2301 968; x_wconf 71' lang='lat' dir='ltr'><strong>faciamus</strong></span> 
     </span>
    </p>
   </div>
   <div class='ocr_carea' id='block_1_8' title="bbox 716 1006 2304 1076">
    <p class='ocr_par' dir='ltr' id='par_1_8' title="bbox 716 1006 2304 1076">
     <span class='ocr_line' id='line_1_8' title="bbox 716 1006 2304 1076; baseline 0.002 -19"><span class='ocrx_word' id='word_1_48' title='bbox 716 1006 804 1059; x_wconf 84' lang='lat' dir='ltr'><strong>Dei</strong></span> <span class='ocrx_word' id='word_1_49' title='bbox 834 1008 1185 1069; x_wconf 87' lang='lat' dir='ltr'><strong>sententiam,</strong></span> <span class='ocrx_word' id='word_1_50' title='bbox 1231 1007 1296 1062; x_wconf 89' lang='lat' dir='ltr'><strong>ad</strong></span> <span class='ocrx_word' id='word_1_51' title='bbox 1332 1022 1520 1076; x_wconf 87' lang='lat' dir='ltr'><strong>pacem</strong></span> <span class='ocrx_word' id='word_1_52' title='bbox 1546 1007 1860 1069; x_wconf 88' lang='lat' dir='ltr'><strong>redeuntes,</strong></span> <span class='ocrx_word' id='word_1_53' title='bbox 1908 1007 2304 1074; x_wconf 84' lang='lat' dir='ltr'><strong>pristinarnque</strong></span> 
     </span>
    </p>
   </div>
   <div class='ocr_carea' id='block_1_9' title="bbox 711 1098 2307 1169">
    <p class='ocr_par' dir='ltr' id='par_1_9' title="bbox 711 1098 2307 1169">
     <span class='ocr_line' id='line_1_9' title="bbox 711 1098 2307 1169; baseline 0.004 -20"><span class='ocrx_word' id='word_1_54' title='bbox 711 1098 1055 1158; x_wconf 73' lang='lat' dir='ltr'><strong>dilectionem</strong></span> <span class='ocrx_word' id='word_1_55' title='bbox 1087 1110 1436 1165; x_wconf 81' lang='lat' dir='ltr'><strong>renovantes,</strong></span> <span class='ocrx_word' id='word_1_56' title='bbox 1481 1112 1658 1167; x_wconf 88' lang='lat' dir='ltr'><strong>noque</strong></span> <span class='ocrx_word' id='word_1_57' title='bbox 1691 1108 2046 1169; x_wconf 79' lang='lat' dir='ltr'><strong>expectemus</strong></span> <span class='ocrx_word' id='word_1_58' title='bbox 2078 1100 2145 1155; x_wconf 86' lang='lat' dir='ltr'><strong>de</strong></span> <span class='ocrx_word' id='word_1_59' title='bbox 2181 1116 2307 1155; x_wconf 84' lang='lat' dir='ltr'><strong>nos-</strong></span> 
     </span>
    </p>
   </div>
   <div class='ocr_carea' id='block_1_10' title="bbox 715 1190 2301 1261">
    <p class='ocr_par' dir='ltr' id='par_1_10' title="bbox 715 1190 2301 1261">
     <span class='ocr_line' id='line_1_10' title="bbox 715 1190 2301 1261; baseline 0.001 -17"><span class='ocrx_word' id='word_1_60' title='bbox 715 1192 814 1244; x_wconf 91' lang='lat' dir='ltr'><strong>tris</strong></span> <span class='ocrx_word' id='word_1_61' title='bbox 836 1190 1012 1257; x_wconf 90' lang='lat' dir='ltr'><strong>bellis,</strong></span> <span class='ocrx_word' id='word_1_62' title='bbox 1048 1190 1159 1245; x_wconf 91' lang='lat' dir='ltr'><strong>imo</strong></span> <span class='ocrx_word' id='word_1_63' title='bbox 1208 1190 1526 1256; x_wconf 82' lang='lat' dir='ltr'><strong>furoribus,</strong></span> <span class='ocrx_word' id='word_1_64' title='bbox 1586 1198 1701 1245; x_wconf 91' lang='lat' dir='ltr'><strong>tum</strong></span> <span class='ocrx_word' id='word_1_65' title='bbox 1746 1191 1981 1261; x_wconf 88' lang='lat' dir='ltr'><strong>judicari</strong></span> <span class='ocrx_word' id='word_1_66' title='bbox 2031 1207 2156 1246; x_wconf 91' lang='lat' dir='ltr'><strong>cum</strong></span> <span class='ocrx_word' id='word_1_67' title='bbox 2205 1194 2301 1246; x_wconf 84' lang='lat' dir='ltr'><strong>de-</strong></span> 
     </span>
    </p>
   </div>
   <div class='ocr_carea' id='block_1_11' title="bbox 712 1272 2303 1347">
    <p class='ocr_par' dir='ltr' id='par_1_11' title="bbox 712 1272 2303 1347">
     <span class='ocr_line' id='line_1_11' title="bbox 712 1272 2303 1347; baseline 0.003 -14"><span class='ocrx_word' id='word_1_68' title='bbox 712 1280 887 1334; x_wconf 82' lang='lat' dir='ltr'><strong>fensio</strong></span> <span class='ocrx_word' id='word_1_69' title='bbox 911 1297 1018 1335; x_wconf 92' lang='lat' dir='ltr'><strong>non</strong></span> <span class='ocrx_word' id='word_1_70' title='bbox 1050 1272 1371 1336; x_wconf 75' lang='lat' dir='ltr'><strong>admittetur</strong></span> <span class='ocrx_word' id='word_1_71' title='bbox 1392 1298 1406 1347; x_wconf 91' lang='lat'><strong>;</strong></span> <span class='ocrx_word' id='word_1_72' title='bbox 1431 1296 1556 1336; x_wconf 87' lang='lat' dir='ltr'><strong>cum</strong></span> <span class='ocrx_word' id='word_1_73' title='bbox 1576 1282 1758 1339; x_wconf 91' lang='lat' dir='ltr'><strong>omnis</strong></span> <span class='ocrx_word' id='word_1_74' title='bbox 1781 1284 2063 1340; x_wconf 80' lang='lat' dir='ltr'><strong>excusatio</strong></span> <span class='ocrx_word' id='word_1_75' title='bbox 2090 1282 2303 1337; x_wconf 89' lang='lat' dir='ltr'><strong>inutilis</strong></span> 
     </span>
    </p>
   </div>
   <div class='ocr_carea' id='block_1_12' title="bbox 710 1372 1669 1437">
    <p class='ocr_par' dir='ltr' id='par_1_12' title="bbox 710 1372 1669 1437">
     <span class='ocr_line' id='line_1_12' title="bbox 710 1372 1669 1437; baseline 0.005 -15"><span class='ocrx_word' id='word_1_76' title='bbox 710 1372 836 1437; x_wconf 87' lang='lat' dir='ltr'><strong>erit,</strong></span> <span class='ocrx_word' id='word_1_77' title='bbox 871 1382 925 1425; x_wconf 91' lang='lat' dir='ltr'><strong>et</strong></span> <span class='ocrx_word' id='word_1_78' title='bbox 962 1372 1345 1427; x_wconf 79' lang='lat' dir='ltr'><strong>irrevocabilis</strong></span> <span class='ocrx_word' id='word_1_79' title='bbox 1371 1373 1669 1427; x_wconf 85' lang='lat' dir='ltr'><strong>sententia.</strong></span> 
     </span>
    </p>
   </div>
   <div class='ocr_carea' id='block_1_13' title="bbox 2404 639 3994 714">
    <p class='ocr_par' dir='ltr' id='par_1_13' title="bbox 2404 639 3994 714">
     <span class='ocr_line' id='line_1_13' title="bbox 2404 639 3994 714; baseline 0.004 -23"><span class='ocrx_word' id='word_1_80' title='bbox 2404 639 2663 709; x_wconf 79' lang='grc' dir='ltr'>ἐχόντων,</span> <span class='ocrx_word' id='word_1_81' title='bbox 2696 640 2811 692; x_wconf 81' lang='grc' dir='ltr'>ἀλλ’</span> <span class='ocrx_word' id='word_1_82' title='bbox 2835 641 3050 710; x_wconf 76' lang='grc' dir='ltr'>ἀνάγκη</span> <span class='ocrx_word' id='word_1_83' title='bbox 3089 642 3418 712; x_wconf 77' lang='grc' dir='ltr'><strong>χωρίζεσθαι</strong></span> <span class='ocrx_word' id='word_1_84' title='bbox 3453 644 3547 699; x_wconf 71' lang='grc' dir='ltr'>καὶ</span> <span class='ocrx_word' id='word_1_85' title='bbox 3577 645 3775 714; x_wconf 76' lang='grc' dir='ltr'>ἑτέραν</span> <span class='ocrx_word' id='word_1_86' title='bbox 3801 645 3994 714; x_wconf 77' lang='grc' dir='ltr'><strong>ζητεῖν</strong></span> 
     </span>
    </p>
   </div>
   <div class='ocr_carea' id='block_1_14' title="bbox 2406 735 4003 808">
    <p class='ocr_par' dir='ltr' id='par_1_14' title="bbox 2406 735 4003 808">
     <span class='ocr_line' id='line_1_14' title="bbox 2406 735 4003 808; baseline 0.003 -22"><span class='ocrx_word' id='word_1_87' title='bbox 2406 735 2675 805; x_wconf 75' lang='grc' dir='ltr'><strong>κεφαλήν.</strong></span> <span class='ocrx_word' id='word_1_88' title='bbox 2708 735 2897 788; x_wconf 80' lang='grc' dir='ltr'>Ταῦτά</span> <span class='ocrx_word' id='word_1_89' title='bbox 2945 751 3037 804; x_wconf 90' lang='grc' dir='ltr'><strong>μοι</strong></span> <span class='ocrx_word' id='word_1_90' title='bbox 3082 736 3270 807; x_wconf 79' lang='grc' dir='ltr'>νόμιζε</span> <span class='ocrx_word' id='word_1_91' title='bbox 3312 737 3405 790; x_wconf 84' lang='grc' dir='ltr'>τὸν</span> <span class='ocrx_word' id='word_1_92' title='bbox 3440 739 3679 808; x_wconf 75' lang='grc' dir='ltr'>Χριστὸν</span> <span class='ocrx_word' id='word_1_93' title='bbox 3732 740 3827 795; x_wconf 82' lang='grc' dir='ltr'>καὶ</span> <span class='ocrx_word' id='word_1_94' title='bbox 3867 740 4003 792; x_wconf 80' lang='grc' dir='ltr'>Θεὸν</span> 
     </span>
    </p>
   </div>
   <div class='ocr_carea' id='block_1_15' title="bbox 2415 819 4003 897">
    <p class='ocr_par' dir='ltr' id='par_1_15' title="bbox 2415 819 4003 897">
     <span class='ocr_line' id='line_1_15' title="bbox 2415 819 4003 897; baseline 0.006 -28"><span class='ocrx_word' id='word_1_95' title='bbox 2415 819 2573 890; x_wconf 77' lang='grc' dir='ltr'>ἡμῶν</span> <span class='ocrx_word' id='word_1_96' title='bbox 2632 820 2797 872; x_wconf 84' lang='grc' dir='ltr'>πλέον</span> <span class='ocrx_word' id='word_1_97' title='bbox 2835 820 3172 892; x_wconf 79' lang='grc' dir='ltr'><strong>ὀδυνώμενον</strong></span> <span class='ocrx_word' id='word_1_98' title='bbox 3226 824 3258 894; x_wconf 79' lang='grc' dir='ltr'>ἢ</span> <span class='ocrx_word' id='word_1_99' title='bbox 3318 825 3407 876; x_wconf 82' lang='grc' dir='ltr'><strong>ὅτε</strong></span> <span class='ocrx_word' id='word_1_100' title='bbox 3453 823 3533 896; x_wconf 86' lang='grc' dir='ltr'>τῷ</span> <span class='ocrx_word' id='word_1_101' title='bbox 3572 825 3795 897; x_wconf 82' lang='grc' dir='ltr'>σταυρῷ</span> <span class='ocrx_word' id='word_1_102' title='bbox 3828 843 4003 895; x_wconf 89' lang='grc' dir='ltr'>προσ-</span> 
     </span>
    </p>
   </div>
   <div class='ocr_carea' id='block_1_16' title="bbox 2404 908 4007 988">
    <p class='ocr_par' dir='ltr' id='par_1_16' title="bbox 2404 908 4007 988">
     <span class='ocr_line' id='line_1_16' title="bbox 2404 908 4007 988; baseline 0.006 -26"><span class='ocrx_word' id='word_1_103' title='bbox 2404 912 2603 981; x_wconf 76' lang='grc' dir='ltr'>ηλούτο</span> <span class='ocrx_word' id='word_1_104' title='bbox 2631 913 2832 982; x_wconf 74' lang='grc' dir='ltr'><strong>λέγειν⁸</strong></span> <span class='ocrx_word' id='word_1_105' title='bbox 2857 908 2920 967; x_wconf 81' lang='grc' dir='ltr'>οὗ</span> <span class='ocrx_word' id='word_1_106' title='bbox 2942 914 3250 985; x_wconf 50' lang='grc' dir='ltr'>ὠςλάληθῶς</span> <span class='ocrx_word' id='word_1_107' title='bbox 3272 915 3565 980; x_wconf 84' lang='grc' dir='ltr'>ἀκούοντες</span> <span class='ocrx_word' id='word_1_108' title='bbox 3581 917 4007 988; x_wconf 84' lang='grc' dir='ltr'>δυσωπηθῶμεν</span> 
     </span>
    </p>
   </div>
   <div class='ocr_carea' id='block_1_17' title="bbox 2403 1002 4007 1078">
    <p class='ocr_par' dir='ltr' id='par_1_17' title="bbox 2403 1002 4007 1078">
     <span class='ocr_line' id='line_1_17' title="bbox 2403 1002 4007 1078; baseline 0.006 -26"><span class='ocrx_word' id='word_1_109' title='bbox 2403 1002 2529 1064; x_wconf 72' lang='grc' dir='ltr'>τοὺς</span> <span class='ocrx_word' id='word_1_110' title='bbox 2562 1002 2773 1071; x_wconf 78' lang='grc' dir='ltr'><strong>λόγους,</strong></span> <span class='ocrx_word' id='word_1_111' title='bbox 2819 1003 3164 1073; x_wconf 77' lang='grc' dir='ltr'>αἰδεσῢῶμεν</span> <span class='ocrx_word' id='word_1_112' title='bbox 3211 1008 3277 1060; x_wconf 74' lang='grc' dir='ltr'>τὰ</span> <span class='ocrx_word' id='word_1_113' title='bbox 3312 1006 3627 1078; x_wconf 80' lang='grc' dir='ltr'>τραύματα,</span> <span class='ocrx_word' id='word_1_114' title='bbox 3669 1009 4007 1078; x_wconf 80' lang='grc' dir='ltr'>φοϐηθῶμεν</span> 
     </span>
    </p>
   </div>
   <div class='ocr_carea' id='block_1_18' title="bbox 2405 1091 4007 1168">
    <p class='ocr_par' dir='ltr' id='par_1_18' title="bbox 2405 1091 4007 1168">
     <span class='ocr_line' id='line_1_18' title="bbox 2405 1091 4007 1168; baseline 0.002 -23"><span class='ocrx_word' id='word_1_115' title='bbox 2405 1093 2505 1163; x_wconf 77' lang='grc' dir='ltr'>τὴν</span> <span class='ocrx_word' id='word_1_116' title='bbox 2536 1091 2717 1163; x_wconf 88' lang='grc' dir='ltr'>λύπην</span> <span class='ocrx_word' id='word_1_117' title='bbox 2768 1093 2920 1164; x_wconf 82' lang='grc' dir='ltr'>αύτῷ</span> <span class='ocrx_word' id='word_1_118' title='bbox 2965 1095 3327 1166; x_wconf 84' lang='grc' dir='ltr'><strong>ἐμπαρέχειν,</strong></span> <span class='ocrx_word' id='word_1_119' title='bbox 3386 1099 3481 1151; x_wconf 79' lang='grc' dir='ltr'>καὶ</span> <span class='ocrx_word' id='word_1_120' title='bbox 3513 1100 3590 1161; x_wconf 83' lang='grc' dir='ltr'><strong>ὡς</strong></span> <span class='ocrx_word' id='word_1_121' title='bbox 3641 1099 3757 1152; x_wconf 80' lang='grc' dir='ltr'>ἐστι</span> <span class='ocrx_word' id='word_1_122' title='bbox 3810 1101 4007 1168; x_wconf 69' lang='grc' dir='ltr'>καιρὸς</span> 
     </span>
    </p>
   </div>
   <div class='ocr_carea' id='block_1_19' title="bbox 2412 1184 4010 1263">
    <p class='ocr_par' dir='ltr' id='par_1_19' title="bbox 2412 1184 4010 1263">
     <span class='ocr_line' id='line_1_19' title="bbox 2412 1184 4010 1263; baseline 0.003 -26"><span class='ocrx_word' id='word_1_123' title='bbox 2412 1184 2853 1257; x_wconf 83' lang='grc' dir='ltr'>θεραπεύσωμεν</span> <span class='ocrx_word' id='word_1_124' title='bbox 2908 1186 2977 1239; x_wconf 81' lang='grc' dir='ltr'><strong>τὰ.</strong></span> <span class='ocrx_word' id='word_1_125' title='bbox 3008 1189 3089 1250; x_wconf 89' lang='grc' dir='ltr'>είς</span> <span class='ocrx_word' id='word_1_126' title='bbox 3132 1190 3397 1260; x_wconf 80' lang='grc' dir='ltr'><strong>ἀλλήλους</strong></span> <span class='ocrx_word' id='word_1_127' title='bbox 3454 1192 3774 1263; x_wconf 78' lang='grc' dir='ltr'><strong>σφάλματα,</strong></span> <span class='ocrx_word' id='word_1_128' title='bbox 3824 1192 4010 1245; x_wconf 80' lang='grc' dir='ltr'>ἁπαλ-</span> 
     </span>
    </p>
   </div>
   <div class='ocr_carea' id='block_1_20' title="bbox 2408 1278 4006 1354">
    <p class='ocr_par' dir='ltr' id='par_1_20' title="bbox 2408 1278 4006 1354">
     <span class='ocr_line' id='line_1_20' title="bbox 2408 1278 4006 1354; baseline 0.004 -25"><span class='ocrx_word' id='word_1_129' title='bbox 2408 1278 2666 1348; x_wconf 78' lang='grc' dir='ltr'>λάξωμεν</span> <span class='ocrx_word' id='word_1_130' title='bbox 2697 1280 2754 1332; x_wconf 74' lang='grc' dir='ltr'>δὲ</span> <span class='ocrx_word' id='word_1_131' title='bbox 2783 1282 3036 1333; x_wconf 78' lang='grc' dir='ltr'>κάκεῖνον</span> <span class='ocrx_word' id='word_1_132' title='bbox 3065 1282 3164 1351; x_wconf 85' lang='grc' dir='ltr'><strong>τῆς</strong></span> <span class='ocrx_word' id='word_1_133' title='bbox 3211 1284 3296 1351; x_wconf 76' lang='grc' dir='ltr'><strong>ἐφ’</strong></span> <span class='ocrx_word' id='word_1_134' title='bbox 3324 1284 3473 1353; x_wconf 79' lang='grc' dir='ltr'>ἡμᾶς</span> <span class='ocrx_word' id='word_1_135' title='bbox 3512 1283 3705 1354; x_wconf 81' lang='grc' dir='ltr'>ὀδύνης</span> <span class='ocrx_word' id='word_1_136' title='bbox 3752 1284 3848 1338; x_wconf 73' lang='grc' dir='ltr'><strong>καὶ</strong></span> <span class='ocrx_word' id='word_1_137' title='bbox 3903 1284 4006 1337; x_wconf 69' lang='grc' dir='ltr'><strong>τοῦ</strong></span> 
     </span>
    </p>
   </div>
   <div class='ocr_carea' id='block_1_21' title="bbox 2410 1369 4011 1446">
    <p class='ocr_par' dir='ltr' id='par_1_21' title="bbox 2410 1369 4011 1446">
     <span class='ocr_line' id='line_1_21' title="bbox 2410 1369 4011 1446; baseline 0.004 -26"><span class='ocrx_word' id='word_1_138' title='bbox 2410 1369 2754 1439; x_wconf 75' lang='grc' dir='ltr'>ἀλγήματος,</span> <span class='ocrx_word' id='word_1_139' title='bbox 2810 1372 3254 1442; x_wconf 80' lang='grc' dir='ltr'><strong>καταστήσωμεν</strong></span> <span class='ocrx_word' id='word_1_140' title='bbox 3309 1375 3514 1446; x_wconf 80' lang='grc' dir='ltr'>εὐμενῆ</span> <span class='ocrx_word' id='word_1_141' title='bbox 3567 1376 3667 1446; x_wconf 85' lang='grc' dir='ltr'>τὴν</span> <span class='ocrx_word' id='word_1_142' title='bbox 3717 1378 3871 1429; x_wconf 81' lang='grc' dir='ltr'>θείαν</span> <span class='ocrx_word' id='word_1_143' title='bbox 3923 1377 4011 1430; x_wconf 81' lang='grc' dir='ltr'>δί-</span> 
     </span>
    </p>
   </div>
   <div class='ocr_carea' id='block_1_22' title="bbox 709 1461 4009 1540">
    <p class='ocr_par' dir='ltr' id='par_1_22' title="bbox 709 1461 4009 1540">
     <span class='ocr_line' id='line_1_22' title="bbox 709 1461 4009 1540; baseline 0.002 -26"><span class='ocrx_word' id='word_1_144' title='bbox 709 1480 837 1531; x_wconf 68' lang='grc' dir='ltr'>κην,</span> <span class='ocrx_word' id='word_1_145' title='bbox 874 1464 1035 1516; x_wconf 77' lang='grc' dir='ltr'>πάλιν</span> <span class='ocrx_word' id='word_1_146' title='bbox 1067 1463 1202 1532; x_wconf 76' lang='grc' dir='ltr'>πρὸς</span> <span class='ocrx_word' id='word_1_147' title='bbox 1268 1466 1330 1518; x_wconf 82' lang='grc' dir='ltr'>τὸ</span> <span class='ocrx_word' id='word_1_148' title='bbox 1379 1465 1658 1535; x_wconf 77' lang='grc' dir='ltr'>είρηνικὸν</span> <span class='ocrx_word' id='word_1_149' title='bbox 1716 1464 2207 1537; x_wconf 82' lang='grc' dir='ltr'>μεταϐεϐλημένοι,</span> <span class='ocrx_word' id='word_1_150' title='bbox 2250 1464 2345 1519; x_wconf 80' lang='grc' dir='ltr'>καὶ</span> <span class='ocrx_word' id='word_1_151' title='bbox 2408 1461 2508 1531; x_wconf 77' lang='grc' dir='ltr'><strong>τὴν</strong></span> <span class='ocrx_word' id='word_1_152' title='bbox 2557 1461 2793 1530; x_wconf 77' lang='grc' dir='ltr'>ἀρχαίαν</span> <span class='ocrx_word' id='word_1_153' title='bbox 2841 1462 3065 1532; x_wconf 84' lang='grc' dir='ltr'><strong>ἀγάπην</strong></span> <span class='ocrx_word' id='word_1_154' title='bbox 3119 1464 3537 1535; x_wconf 77' lang='grc' dir='ltr'>ἀναλαϐόμενοι,</span> <span class='ocrx_word' id='word_1_155' title='bbox 3593 1472 3687 1522; x_wconf 67' lang='grc' dir='ltr'>καὶ</span> <span class='ocrx_word' id='word_1_156' title='bbox 3735 1471 3811 1540; x_wconf 81' lang='grc' dir='ltr'>μὴ</span> <span class='ocrx_word' id='word_1_157' title='bbox 3870 1472 4009 1522; x_wconf 58' lang='grc' dir='ltr'><strong>ἀνι-</strong></span> 
     </span>
    </p>
   </div>
   <div class='ocr_carea' id='block_1_23' title="bbox 712 1550 4008 1634">
    <p class='ocr_par' dir='ltr' id='par_1_23' title="bbox 712 1550 4008 1634">
     <span class='ocr_line' id='line_1_23' title="bbox 712 1550 4008 1634; baseline 0.003 -28"><span class='ocrx_word' id='word_1_158' title='bbox 712 1558 1000 1627; x_wconf 81' lang='grc' dir='ltr'>μείνωμεν</span> <span class='ocrx_word' id='word_1_159' title='bbox 1049 1557 1261 1608; x_wconf 82' lang='grc' dir='ltr'>ἐκεῖθεν</span> <span class='ocrx_word' id='word_1_160' title='bbox 1313 1556 1453 1626; x_wconf 82' lang='grc' dir='ltr'>ὑπὲρ</span> <span class='ocrx_word' id='word_1_161' title='bbox 1500 1550 1578 1610; x_wconf 82' lang='grc' dir='ltr'><strong>ῶν</strong></span> <span class='ocrx_word' id='word_1_162' title='bbox 1629 1559 1709 1622; x_wconf 84' lang='grc' dir='ltr'>είς</span> <span class='ocrx_word' id='word_1_163' title='bbox 1782 1557 2047 1627; x_wconf 80' lang='grc' dir='ltr'><strong>ἀλλήλους</strong></span> <span class='ocrx_word' id='word_1_164' title='bbox 2112 1553 2621 1625; x_wconf 78' lang='grc' dir='ltr'><strong>ἔξεπολεμήθημεν,</strong></span> <span class='ocrx_word' id='word_1_165' title='bbox 2669 1553 2870 1623; x_wconf 77' lang='grc' dir='ltr'>μᾶλλον</span> <span class='ocrx_word' id='word_1_166' title='bbox 2936 1553 2995 1607; x_wconf 77' lang='grc' dir='ltr'>δὲ</span> <span class='ocrx_word' id='word_1_167' title='bbox 3044 1558 3221 1609; x_wconf 78' lang='grc' dir='ltr'>εἰπεῖν</span> <span class='ocrx_word' id='word_1_168' title='bbox 3302 1558 3670 1630; x_wconf 68' lang='grc' dir='ltr'><strong>ὲξεμάνημεν,</strong></span> <span class='ocrx_word' id='word_1_169' title='bbox 3744 1563 4008 1634; x_wconf 73' lang='grc' dir='ltr'>κριθῆναι</span> 
     </span>
    </p>
   </div>
   <div class='ocr_carea' id='block_1_24' title="bbox 709 1649 4000 1727">
    <p class='ocr_par' dir='ltr' id='par_1_24' title="bbox 709 1649 4000 1727">
     <span class='ocr_line' id='line_1_24' title="bbox 709 1649 4000 1727; baseline 0.001 -25"><span class='ocrx_word' id='word_1_170' title='bbox 709 1652 793 1703; x_wconf 83' lang='grc' dir='ltr'>ὅτε</span> <span class='ocrx_word' id='word_1_171' title='bbox 848 1653 943 1703; x_wconf 73' lang='grc' dir='ltr'><strong>καὶ</strong></span> <span class='ocrx_word' id='word_1_172' title='bbox 993 1651 1025 1719; x_wconf 84' lang='grc' dir='ltr'>ἡ</span> <span class='ocrx_word' id='word_1_173' title='bbox 1080 1649 1344 1718; x_wconf 80' lang='grc' dir='ltr'>ἀπολογία</span> <span class='ocrx_word' id='word_1_174' title='bbox 1392 1652 1784 1722; x_wconf 74' lang='grc' dir='ltr'>ἀπροσδεκτος,</span> <span class='ocrx_word' id='word_1_175' title='bbox 1846 1654 1940 1705; x_wconf 78' lang='grc' dir='ltr'>καὶ</span> <span class='ocrx_word' id='word_1_176' title='bbox 1993 1654 2143 1705; x_wconf 81' lang='grc' dir='ltr'>πᾶσα</span> <span class='ocrx_word' id='word_1_177' title='bbox 2196 1653 2470 1722; x_wconf 76' lang='grc' dir='ltr'>πρόφασις</span> <span class='ocrx_word' id='word_1_178' title='bbox 2519 1649 2909 1718; x_wconf 81' lang='grc' dir='ltr'>ἁνενέργητος,</span> <span class='ocrx_word' id='word_1_179' title='bbox 2980 1650 3145 1722; x_wconf 75' lang='grc' dir='ltr'>καὶὴ</span> <span class='ocrx_word' id='word_1_180' title='bbox 3200 1652 3529 1723; x_wconf 80' lang='grc' dir='ltr'>κατάκρισις</span> <span class='ocrx_word' id='word_1_181' title='bbox 3584 1655 4000 1727; x_wconf 54' lang='grc' dir='ltr'>ἀσυγχώρητον</span> 
     </span>
    </p>
   </div>
   <div class='ocr_carea' id='block_1_25' title="bbox 780 1745 2299 1815">
    <p class='ocr_par' dir='ltr' id='par_1_25' title="bbox 780 1745 2299 1815">
     <span class='ocr_line' id='line_1_25' title="bbox 780 1745 2299 1815; baseline 0 -15"><span class='ocrx_word' id='word_1_182' title='bbox 780 1748 855 1801; x_wconf 85' lang='lat' dir='ltr'><strong>Ne</strong></span> <span class='ocrx_word' id='word_1_183' title='bbox 877 1762 979 1800; x_wconf 88' lang='lat' dir='ltr'><strong>nos</strong></span> <span class='ocrx_word' id='word_1_184' title='bbox 1041 1745 1396 1814; x_wconf 77' lang='lat' dir='ltr'><strong>loquacitatis</strong></span> <span class='ocrx_word' id='word_1_185' title='bbox 1458 1747 1717 1801; x_wconf 89' lang='lat' dir='ltr'><strong>insimula</strong></span> <span class='ocrx_word' id='word_1_186' title='bbox 1780 1748 1925 1815; x_wconf 89' lang='lat' dir='ltr'><strong>quod</strong></span> <span class='ocrx_word' id='word_1_187' title='bbox 1992 1761 2299 1801; x_wconf 85' lang='lat' dir='ltr'><strong>sermonem</strong></span> 
     </span>
    </p>
   </div>
   <div class='ocr_carea' id='block_1_26' title="bbox 712 1838 2293 1909">
    <p class='ocr_par' dir='ltr' id='par_1_26' title="bbox 712 1838 2293 1909">
     <span class='ocr_line' id='line_1_26' title="bbox 712 1838 2293 1909; baseline -0.001 -16"><span class='ocrx_word' id='word_1_188' title='bbox 712 1842 928 1909; x_wconf 79' lang='lat' dir='ltr'><strong>longius</strong></span> <span class='ocrx_word' id='word_1_189' title='bbox 986 1839 1445 1908; x_wconf 77' lang='lat' dir='ltr'><strong>protraxeriznus.</strong></span> <span class='ocrx_word' id='word_1_190' title='bbox 1504 1838 1837 1894; x_wconf 76' lang='lat' dir='ltr'><strong>Communes</strong></span> <span class='ocrx_word' id='word_1_191' title='bbox 1902 1839 2047 1892; x_wconf 91' lang='lat' dir='ltr'><strong>enirn</strong></span> <span class='ocrx_word' id='word_1_192' title='bbox 2079 1838 2293 1893; x_wconf 86' lang='lat' dir='ltr'><strong>dolores</strong></span> 
     </span>
    </p>
   </div>
   <div class='ocr_carea' id='block_1_27' title="bbox 2486 1744 4010 1820">
    <p class='ocr_par' dir='ltr' id='par_1_27' title="bbox 2486 1744 4010 1820">
     <span class='ocr_line' id='line_1_27' title="bbox 2486 1744 4010 1820; baseline 0.003 -21"><span class='ocrx_word' id='word_1_193' title='bbox 2486 1745 2578 1813; x_wconf 82' lang='grc' dir='ltr'><strong>Μὴ</strong></span> <span class='ocrx_word' id='word_1_194' title='bbox 2627 1744 2915 1814; x_wconf 76' lang='grc' dir='ltr'>καταγνῴς</span> <span class='ocrx_word' id='word_1_195' title='bbox 2948 1746 3108 1816; x_wconf 81' lang='grc' dir='ltr'>ἡμῶν</span> <span class='ocrx_word' id='word_1_196' title='bbox 3140 1748 3216 1808; x_wconf 85' lang='grc' dir='ltr'>ὡς</span> <span class='ocrx_word' id='word_1_197' title='bbox 3252 1748 3706 1820; x_wconf 80' lang='grc' dir='ltr'>ἀδολεσχούντων,</span> <span class='ocrx_word' id='word_1_198' title='bbox 3745 1754 3792 1804; x_wconf 87' lang='grc' dir='ltr'>εἰ</span> <span class='ocrx_word' id='word_1_199' title='bbox 3838 1752 4010 1804; x_wconf 73' lang='grc' dir='ltr'>πλέον</span> 
     </span>
    </p>
   </div>
   <div class='ocr_carea' id='block_1_28' title="bbox 2404 1838 4009 1913">
    <p class='ocr_par' dir='ltr' id='par_1_28' title="bbox 2404 1838 4009 1913">
     <span class='ocr_line' id='line_1_28' title="bbox 2404 1838 4009 1913; baseline 0.001 -23"><span class='ocrx_word' id='word_1_200' title='bbox 2404 1839 2499 1890; x_wconf 71' lang='grc' dir='ltr'>τὸν</span> <span class='ocrx_word' id='word_1_201' title='bbox 2526 1838 2683 1906; x_wconf 88' lang='grc' dir='ltr'>λόγον</span> <span class='ocrx_word' id='word_1_202' title='bbox 2716 1839 3053 1909; x_wconf 84' lang='grc' dir='ltr'><strong>ὲκτείνομεν·</strong></span> <span class='ocrx_word' id='word_1_203' title='bbox 3082 1842 3151 1894; x_wconf 70' lang='grc' dir='ltr'>τὰ</span> <span class='ocrx_word' id='word_1_204' title='bbox 3204 1841 3314 1911; x_wconf 77' lang='grc' dir='ltr'><strong>γὰρ</strong></span> <span class='ocrx_word' id='word_1_205' title='bbox 3375 1844 3532 1895; x_wconf 70' lang='grc' dir='ltr'>κοινὰ</span> <span class='ocrx_word' id='word_1_206' title='bbox 3591 1844 3759 1913; x_wconf 77' lang='grc' dir='ltr'>πάθη,</span> <span class='ocrx_word' id='word_1_207' title='bbox 3822 1844 3916 1896; x_wconf 69' lang='grc' dir='ltr'><strong>καὶ</strong></span> <span class='ocrx_word' id='word_1_208' title='bbox 3952 1846 4009 1892; x_wconf 56' lang='grc' dir='ltr'>οἱ</span> 
     </span>
    </p>
   </div>
   <div class='ocr_carea' id='block_1_29' title="bbox 710 1921 2293 2007">
    <p class='ocr_par' dir='ltr' id='par_1_29' title="bbox 710 1931 2293 2003">
     <span class='ocr_line' id='line_1_29' title="bbox 710 1931 2293 2003; baseline -0.002 -16"><span class='ocrx_word' id='word_1_209' title='bbox 710 1934 1001 2000; x_wconf 83' lang='lat' dir='ltr'><strong>cordisque</strong></span> <span class='ocrx_word' id='word_1_210' title='bbox 1051 1932 1226 1987; x_wconf 84' lang='lat' dir='ltr'><strong>nostri</strong></span> <span class='ocrx_word' id='word_1_211' title='bbox 1272 1934 1550 1988; x_wconf 86' lang='lat' dir='ltr'><strong>cruciatus</strong></span> <span class='ocrx_word' id='word_1_212' title='bbox 1617 1949 1715 1988; x_wconf 89' lang='lat' dir='ltr'><strong>nos</strong></span> <span class='ocrx_word' id='word_1_213' title='bbox 1777 1942 2118 2003; x_wconf 81' lang='lat' dir='ltr'><strong>coegerunt:</strong></span> <span class='ocrx_word' id='word_1_214' title='bbox 2166 1939 2221 1985; x_wconf 91' lang='lat' dir='ltr'><strong>et</strong></span> <span class='ocrx_word' id='word_1_215' title='bbox 2256 1931 2293 1985; x_wconf 75' lang='lat' dir='ltr'><strong>si</strong></span> 
     </span>
    </p>
   </div>
   <div class='ocr_carea' id='block_1_30' title="bbox 2402 1921 4009 2007">
    <p class='ocr_par' dir='ltr' id='par_1_30' title="bbox 2412 1933 4009 2007">
     <span class='ocr_line' id='line_1_30' title="bbox 2412 1933 4009 2007; baseline 0.003 -23"><span class='ocrx_word' id='word_1_216' title='bbox 2412 1933 2736 2004; x_wconf 68' lang='grc' dir='ltr'>σπαραγμοὶ</span> <span class='ocrx_word' id='word_1_217' title='bbox 2767 1934 2868 2003; x_wconf 79' lang='grc' dir='ltr'><strong>τῆς</strong></span> <span class='ocrx_word' id='word_1_218' title='bbox 2906 1934 3137 2005; x_wconf 79' lang='grc' dir='ltr'>καρδίας</span> <span class='ocrx_word' id='word_1_219' title='bbox 3167 1935 3302 2005; x_wconf 82' lang='grc' dir='ltr'>πρὸς</span> <span class='ocrx_word' id='word_1_220' title='bbox 3342 1936 3502 1989; x_wconf 81' lang='grc' dir='ltr'>τοῦτο</span> <span class='ocrx_word' id='word_1_221' title='bbox 3538 1937 3843 2007; x_wconf 75' lang='grc' dir='ltr'><strong>βιάζονται.</strong></span> <span class='ocrx_word' id='word_1_222' title='bbox 3889 1939 4009 1990; x_wconf 78' lang='grc' dir='ltr'><strong>Και</strong></span> 
     </span>
    </p>
   </div>
   <div class='ocr_carea' id='block_1_31' title="bbox 707 2024 2294 2095">
    <p class='ocr_par' dir='ltr' id='par_1_31' title="bbox 707 2024 2294 2095">
     <span class='ocr_line' id='line_1_31' title="bbox 707 2024 2294 2095; baseline -0.001 -15"><span class='ocrx_word' id='word_1_223' title='bbox 707 2027 843 2080; x_wconf 79' lang='lat' dir='ltr'><strong>milii</strong></span> <span class='ocrx_word' id='word_1_224' title='bbox 879 2028 1126 2091; x_wconf 85' lang='lat' dir='ltr'><strong>daretur,</strong></span> <span class='ocrx_word' id='word_1_225' title='bbox 1155 2025 1312 2095; x_wconf 89' lang='lat' dir='ltr'><strong>juxta</strong></span> <span class='ocrx_word' id='word_1_226' title='bbox 1342 2026 1628 2095; x_wconf 86' lang='lat' dir='ltr'><strong>antiquum</strong></span> <span class='ocrx_word' id='word_1_227' title='bbox 1661 2041 1999 2088; x_wconf 88' lang='lat' dir='ltr'><strong>sermonem,</strong></span> <span class='ocrx_word' id='word_1_228' title='bbox 2042 2024 2294 2093; x_wconf 87' lang='lat' dir='ltr'><strong>pluribus</strong></span> 
     </span>
    </p>
   </div>
   <div class='ocr_carea' id='block_1_32' title="bbox 709 2117 2294 2198">
    <p class='ocr_par' dir='ltr' id='par_1_32' title="bbox 709 2117 2294 2198">
     <span class='ocr_line' id='line_1_32' title="bbox 709 2117 2294 2198; baseline 0 -27"><span class='ocrx_word' id='word_1_229' title='bbox 709 2122 784 2198; x_wconf 75' lang='lat' dir='ltr'><strong>uti</strong></span> <span class='ocrx_word' id='word_1_230' title='bbox 816 2118 1035 2188; x_wconf 85' lang='lat' dir='ltr'><strong>linguis,</strong></span> <span class='ocrx_word' id='word_1_231' title='bbox 1080 2119 1398 2185; x_wconf 77' lang='lat' dir='ltr'><strong>gauderem,</strong></span> <span class='ocrx_word' id='word_1_232' title='bbox 1460 2120 1723 2189; x_wconf 87' lang='lat' dir='ltr'><strong>quoniatn</strong></span> <span class='ocrx_word' id='word_1_233' title='bbox 1773 2120 1849 2173; x_wconf 89' lang='lat' dir='ltr'><strong>ita</strong></span> <span class='ocrx_word' id='word_1_234' title='bbox 1904 2118 2090 2172; x_wconf 78' lang='lat' dir='ltr'><strong>forsan</strong></span> <span class='ocrx_word' id='word_1_235' title='bbox 2155 2117 2294 2171; x_wconf 88' lang='lat' dir='ltr'><strong>satis</strong></span> 
     </span>
    </p>
   </div>
   <div class='ocr_carea' id='block_1_33' title="bbox 708 2209 2294 2281">
    <p class='ocr_par' dir='ltr' id='par_1_33' title="bbox 708 2209 2294 2281">
     <span class='ocr_line' id='line_1_33' title="bbox 708 2209 2294 2281; baseline -0.003 -14"><span class='ocrx_word' id='word_1_236' title='bbox 708 2214 946 2278; x_wconf 76' lang='lat' dir='ltr'><strong>lugerem</strong></span> <span class='ocrx_word' id='word_1_237' title='bbox 981 2222 1033 2266; x_wconf 90' lang='lat' dir='ltr'><strong>et</strong></span> <span class='ocrx_word' id='word_1_238' title='bbox 1054 2227 1243 2281; x_wconf 89' lang='lat' dir='ltr'><strong>preces</strong></span> <span class='ocrx_word' id='word_1_239' title='bbox 1278 2226 1384 2267; x_wconf 91' lang='lat' dir='ltr'><strong>non</strong></span> <span class='ocrx_word' id='word_1_240' title='bbox 1415 2223 1523 2266; x_wconf 91' lang='lat' dir='ltr'><strong>tam</strong></span> <span class='ocrx_word' id='word_1_241' title='bbox 1567 2214 1725 2267; x_wconf 83' lang='lat' dir='ltr'><strong>malis</strong></span> <span class='ocrx_word' id='word_1_242' title='bbox 1754 2213 1992 2280; x_wconf 86' lang='lat' dir='ltr'><strong>impares</strong></span> <span class='ocrx_word' id='word_1_243' title='bbox 2021 2211 2091 2264; x_wconf 91' lang='lat' dir='ltr'><strong>ad</strong></span> <span class='ocrx_word' id='word_1_244' title='bbox 2122 2209 2294 2264; x_wconf 88' lang='lat' dir='ltr'><strong>Deum</strong></span> 
     </span>
    </p>
   </div>
   <div class='ocr_carea' id='block_1_34' title="bbox 707 2302 2292 2375">
    <p class='ocr_par' dir='ltr' id='par_1_34' title="bbox 707 2302 2292 2375">
     <span class='ocr_line' id='line_1_34' title="bbox 707 2302 2292 2375; baseline -0.002 -16"><span class='ocrx_word' id='word_1_245' title='bbox 707 2316 759 2359; x_wconf 90' lang='lat' dir='ltr'><strong>et</strong></span> <span class='ocrx_word' id='word_1_246' title='bbox 782 2306 847 2359; x_wconf 88' lang='lat' dir='ltr'><strong>ad</strong></span> <span class='ocrx_word' id='word_1_247' title='bbox 882 2320 1207 2373; x_wconf 81' lang='lat' dir='ltr'><strong>generosam</strong></span> <span class='ocrx_word' id='word_1_248' title='bbox 1244 2314 1389 2359; x_wconf 82' lang='lat' dir='ltr'><strong>luam</strong></span> <span class='ocrx_word' id='word_1_249' title='bbox 1430 2305 1772 2374; x_wconf 87' lang='lat' dir='ltr'><strong>majestatem</strong></span> <span class='ocrx_word' id='word_1_250' title='bbox 1813 2304 2131 2375; x_wconf 78' lang='lat' dir='ltr'><strong>dirigercm.</strong></span> <span class='ocrx_word' id='word_1_251' title='bbox 2154 2302 2292 2357; x_wconf 88' lang='lat' dir='ltr'><strong>Cum</strong></span> 
     </span>
    </p>
   </div>
   <div class='ocr_carea' id='block_1_35' title="bbox 705 2397 2289 2468">
    <p class='ocr_par' dir='ltr' id='par_1_35' title="bbox 705 2397 2289 2468">
     <span class='ocr_line' id='line_1_35' title="bbox 705 2397 2289 2468; baseline -0.001 -17"><span class='ocrx_word' id='word_1_252' title='bbox 705 2410 886 2451; x_wconf 84' lang='lat' dir='ltr'><strong>autem</strong></span> <span class='ocrx_word' id='word_1_253' title='bbox 915 2397 1151 2466; x_wconf 88' lang='lat' dir='ltr'><strong>plurium</strong></span> <span class='ocrx_word' id='word_1_254' title='bbox 1184 2398 1319 2453; x_wconf 80' lang='lat' dir='ltr'><strong>milii</strong></span> <span class='ocrx_word' id='word_1_255' title='bbox 1354 2415 1459 2453; x_wconf 90' lang='lat' dir='ltr'><strong>non</strong></span> <span class='ocrx_word' id='word_1_256' title='bbox 1502 2411 1586 2453; x_wconf 80' lang='lat' dir='ltr'><strong>est</strong></span> <span class='ocrx_word' id='word_1_257' title='bbox 1619 2400 1933 2468; x_wconf 77' lang='lat' dir='ltr'><strong>linguarum</strong></span> <span class='ocrx_word' id='word_1_258' title='bbox 1966 2399 2144 2466; x_wconf 83' lang='lat' dir='ltr'><strong>ecpia,</strong></span> <span class='ocrx_word' id='word_1_259' title='bbox 2179 2397 2289 2451; x_wconf 92' lang='lat' dir='ltr'><strong>lin-</strong></span> 
     </span>
    </p>
   </div>
   <div class='ocr_carea' id='block_1_36' title="bbox 705 2490 2296 2558">
    <p class='ocr_par' dir='ltr' id='par_1_36' title="bbox 705 2490 2296 2558">
     <span class='ocr_line' id='line_1_36' title="bbox 705 2490 2296 2558; baseline 0.003 -17"><span class='ocrx_word' id='word_1_260' title='bbox 705 2505 808 2558; x_wconf 69' lang='lat' dir='ltr'><strong>gua</strong></span> <span class='ocrx_word' id='word_1_261' title='bbox 842 2490 973 2542; x_wconf 81' lang='lat' dir='ltr'><strong>milii</strong></span> <span class='ocrx_word' id='word_1_262' title='bbox 1003 2505 1031 2543; x_wconf 88' lang='lat' dir='ltr'><strong>a</strong></span> <span class='ocrx_word' id='word_1_263' title='bbox 1060 2499 1258 2545; x_wconf 88' lang='lat' dir='ltr'><strong>natura</strong></span> <span class='ocrx_word' id='word_1_264' title='bbox 1292 2506 1557 2547; x_wconf 86' lang='lat' dir='ltr'><strong>concessa</strong></span> <span class='ocrx_word' id='word_1_265' title='bbox 1585 2501 1730 2555; x_wconf 90' lang='lat' dir='ltr'><strong>utar,</strong></span> <span class='ocrx_word' id='word_1_266' title='bbox 1750 2502 1826 2555; x_wconf 90' lang='lat' dir='ltr'><strong>et,</strong></span> <span class='ocrx_word' id='word_1_267' title='bbox 1852 2498 1911 2543; x_wconf 93' lang='lat' dir='ltr'><strong>ut</strong></span> <span class='ocrx_word' id='word_1_268' title='bbox 1943 2490 2077 2555; x_wconf 91' lang='lat' dir='ltr'><strong>dixi,</strong></span> <span class='ocrx_word' id='word_1_269' title='bbox 2112 2492 2296 2545; x_wconf 78' lang='lat' dir='ltr'><strong>cordis</strong></span> 
     </span>
    </p>
   </div>
   <div class='ocr_carea' id='block_1_37' title="bbox 705 2580 2288 2650">
    <p class='ocr_par' dir='ltr' id='par_1_37' title="bbox 705 2580 2288 2650">
     <span class='ocr_line' id='line_1_37' title="bbox 705 2580 2288 2650; baseline 0.002 -18"><span class='ocrx_word' id='word_1_270' title='bbox 705 2584 893 2636; x_wconf 82' lang='lat' dir='ltr'><strong>dolore</strong></span> <span class='ocrx_word' id='word_1_271' title='bbox 907 2591 1154 2645; x_wconf 86' lang='lat' dir='ltr'><strong>coactus,</strong></span> <span class='ocrx_word' id='word_1_272' title='bbox 1179 2596 1491 2638; x_wconf 86' lang='lat' dir='ltr'><strong>sermonem</strong></span> <span class='ocrx_word' id='word_1_273' title='bbox 1514 2583 1850 2650; x_wconf 78' lang='lat' dir='ltr'><strong>protraliam.</strong></span> <span class='ocrx_word' id='word_1_274' title='bbox 1871 2580 2081 2650; x_wconf 75' lang='lat' dir='ltr'><strong>Cogita,</strong></span> <span class='ocrx_word' id='word_1_275' title='bbox 2100 2582 2174 2637; x_wconf 80' lang='lat' dir='ltr'><strong>(ili</strong></span> <span class='ocrx_word' id='word_1_276' title='bbox 2191 2581 2288 2649; x_wconf 89' lang='lat' dir='ltr'><strong>mi,</strong></span> 
     </span>
    </p>
   </div>
   <div class='ocr_carea' id='block_1_38' title="bbox 705 2674 2295 2743">
    <p class='ocr_par' dir='ltr' id='par_1_38' title="bbox 705 2674 2295 2743">
     <span class='ocr_line' id='line_1_38' title="bbox 705 2674 2295 2743; baseline 0.004 -19"><span class='ocrx_word' id='word_1_277' title='bbox 705 2682 832 2727; x_wconf 78' lang='lat' dir='ltr'><strong>ante</strong></span> <span class='ocrx_word' id='word_1_278' title='bbox 859 2674 1101 2727; x_wconf 76' lang='lat' dir='ltr'><strong>futurum</strong></span> <span class='ocrx_word' id='word_1_279' title='bbox 1129 2674 1423 2743; x_wconf 87' lang='lat' dir='ltr'><strong>judicium,</strong></span> <span class='ocrx_word' id='word_1_280' title='bbox 1475 2684 1775 2743; x_wconf 84' lang='lat' dir='ltr'><strong>antequam</strong></span> <span class='ocrx_word' id='word_1_281' title='bbox 1824 2678 2116 2730; x_wconf 84' lang='lat' dir='ltr'><strong>metuendo</strong></span> <span class='ocrx_word' id='word_1_282' title='bbox 2149 2685 2295 2730; x_wconf 83' lang='lat' dir='ltr'><strong>astes</strong></span> 
     </span>
    </p>
   </div>
   <div class='ocr_carea' id='block_1_39' title="bbox 707 2765 2294 2839">
    <p class='ocr_par' dir='ltr' id='par_1_39' title="bbox 707 2765 2294 2839">
     <span class='ocr_line' id='line_1_39' title="bbox 707 2765 2294 2839; baseline 0.001 -22"><span class='ocrx_word' id='word_1_283' title='bbox 707 2765 990 2832; x_wconf 79' lang='lat' dir='ltr'><strong>tribunali,</strong></span> <span class='ocrx_word' id='word_1_284' title='bbox 1023 2780 1200 2839; x_wconf 86' lang='lat' dir='ltr'><strong>neque</strong></span> <span class='ocrx_word' id='word_1_285' title='bbox 1235 2767 1512 2836; x_wconf 88' lang='lat' dir='ltr'><strong>principes</strong></span> <span class='ocrx_word' id='word_1_286' title='bbox 1543 2781 1721 2837; x_wconf 89' lang='lat' dir='ltr'><strong>neque</strong></span> <span class='ocrx_word' id='word_1_287' title='bbox 1744 2782 2012 2836; x_wconf 86' lang='lat' dir='ltr'><strong>pauperes</strong></span> <span class='ocrx_word' id='word_1_288' title='bbox 2040 2768 2106 2822; x_wconf 90' lang='lat' dir='ltr'><strong>de</strong></span> <span class='ocrx_word' id='word_1_289' title='bbox 2130 2782 2294 2821; x_wconf 83' lang='lat' dir='ltr'><strong>murr-</strong></span> 
     </span>
    </p>
   </div>
   <div class='ocr_carea' id='block_1_40' title="bbox 704 2857 2294 2929">
    <p class='ocr_par' dir='ltr' id='par_1_40' title="bbox 704 2857 2294 2929">
     <span class='ocr_line' id='line_1_40' title="bbox 704 2857 2294 2929; baseline 0.001 -20"><span class='ocrx_word' id='word_1_290' title='bbox 704 2858 845 2911; x_wconf 81' lang='lat' dir='ltr'><strong>duna</strong></span> <span class='ocrx_word' id='word_1_291' title='bbox 868 2857 1037 2927; x_wconf 69' lang='lat' dir='ltr'><strong>gloria</strong></span> <span class='ocrx_word' id='word_1_292' title='bbox 1063 2858 1415 2927; x_wconf 86' lang='lat' dir='ltr'><strong>judicandos,</strong></span> <span class='ocrx_word' id='word_1_293' title='bbox 1448 2859 1542 2913; x_wconf 92' lang='lat' dir='ltr'><strong>sed</strong></span> <span class='ocrx_word' id='word_1_294' title='bbox 1573 2858 1916 2914; x_wconf 81' lang='lat' dir='ltr'><strong>solummodo</strong></span> <span class='ocrx_word' id='word_1_295' title='bbox 1939 2860 2005 2914; x_wconf 90' lang='lat' dir='ltr'><strong>de</strong></span> <span class='ocrx_word' id='word_1_296' title='bbox 2027 2859 2294 2929; x_wconf 84' lang='lat' dir='ltr'><strong>spiritua-</strong></span> 
     </span>
    </p>
   </div>
   <div class='ocr_carea' id='block_1_41' title="bbox 704 2952 2294 3024">
    <p class='ocr_par' dir='ltr' id='par_1_41' title="bbox 704 2952 2294 3024">
     <span class='ocr_line' id='line_1_41' title="bbox 704 2952 2294 3024; baseline 0.003 -23"><span class='ocrx_word' id='word_1_297' title='bbox 704 2952 847 3003; x_wconf 86' lang='lat' dir='ltr'><strong>libus</strong></span> <span class='ocrx_word' id='word_1_298' title='bbox 878 2954 1125 3017; x_wconf 87' lang='lat' dir='ltr'><strong>meritis;</strong></span> <span class='ocrx_word' id='word_1_299' title='bbox 1174 2961 1355 3010; x_wconf 89' lang='lat' dir='ltr'><strong>mente</strong></span> <span class='ocrx_word' id='word_1_300' title='bbox 1401 2952 1635 3024; x_wconf 89' lang='lat' dir='ltr'><strong>concipe</strong></span> <span class='ocrx_word' id='word_1_301' title='bbox 1685 2954 2006 3022; x_wconf 83' lang='lat' dir='ltr'><strong>priusquam</strong></span> <span class='ocrx_word' id='word_1_302' title='bbox 2054 2954 2294 3006; x_wconf 87' lang='lat' dir='ltr'><strong>mundus</strong></span> 
     </span>
    </p>
   </div>
   <div class='ocr_carea' id='block_1_42' title="bbox 702 3045 2293 3114">
    <p class='ocr_par' dir='ltr' id='par_1_42' title="bbox 702 3045 2293 3114">
     <span class='ocr_line' id='line_1_42' title="bbox 702 3045 2293 3114; baseline 0.001 -17"><span class='ocrx_word' id='word_1_303' title='bbox 702 3055 928 3113; x_wconf 78' lang='lat' dir='ltr'><strong>cogatur</strong></span> <span class='ocrx_word' id='word_1_304' title='bbox 960 3046 1251 3100; x_wconf 85' lang='lat' dir='ltr'><strong>universus</strong></span> <span class='ocrx_word' id='word_1_305' title='bbox 1282 3054 1408 3099; x_wconf 89' lang='lat' dir='ltr'><strong>ante</strong></span> <span class='ocrx_word' id='word_1_306' title='bbox 1439 3045 1834 3102; x_wconf 83' lang='lat' dir='ltr'><strong>inexorabilem</strong></span> <span class='ocrx_word' id='word_1_307' title='bbox 1875 3047 2141 3114; x_wconf 85' lang='lat' dir='ltr'><strong>judieem,</strong></span> <span class='ocrx_word' id='word_1_308' title='bbox 2192 3049 2293 3099; x_wconf 86' lang='lat' dir='ltr'><strong>hn-</strong></span> 
     </span>
    </p>
   </div>
   <div class='ocr_carea' id='block_1_43' title="bbox 699 3136 2289 3209">
    <p class='ocr_par' dir='ltr' id='par_1_43' title="bbox 699 3136 2289 3209">
     <span class='ocr_line' id='line_1_43' title="bbox 699 3136 2289 3209; baseline 0.001 -21"><span class='ocrx_word' id='word_1_309' title='bbox 699 3138 789 3205; x_wconf 89' lang='lat' dir='ltr'><strong>jns</strong></span> <span class='ocrx_word' id='word_1_310' title='bbox 817 3138 937 3191; x_wconf 67' lang='lat' dir='ltr'><strong>vitae</strong></span> <span class='ocrx_word' id='word_1_311' title='bbox 986 3136 1152 3202; x_wconf 74' lang='lat' dir='ltr'><strong>faeta,</strong></span> <span class='ocrx_word' id='word_1_312' title='bbox 1203 3146 1324 3208; x_wconf 87' lang='lat' dir='ltr'><strong>post</strong></span> <span class='ocrx_word' id='word_1_313' title='bbox 1378 3147 1621 3193; x_wconf 82' lang='lat' dir='ltr'><strong>nostram</strong></span> <span class='ocrx_word' id='word_1_314' title='bbox 1671 3150 1907 3193; x_wconf 88' lang='lat' dir='ltr'><strong>mortem</strong></span> <span class='ocrx_word' id='word_1_315' title='bbox 1937 3180 1952 3205; x_wconf 94' lang='lat'><strong>,</strong></span> <span class='ocrx_word' id='word_1_316' title='bbox 1998 3139 2082 3193; x_wconf 88' lang='lat' dir='ltr'><strong>his</strong></span> <span class='ocrx_word' id='word_1_317' title='bbox 2113 3140 2289 3209; x_wconf 88' lang='lat' dir='ltr'><strong>quiin</strong></span> 
     </span>
    </p>
   </div>
   <div class='ocr_carea' id='block_1_44' title="bbox 702 3228 2289 3299">
    <p class='ocr_par' dir='ltr' id='par_1_44' title="bbox 702 3228 2289 3299">
     <span class='ocr_line' id='line_1_44' title="bbox 702 3228 2289 3299; baseline 0.001 -20"><span class='ocrx_word' id='word_1_318' title='bbox 702 3228 790 3279; x_wconf 81' lang='lat' dir='ltr'><strong>illa</strong></span> <span class='ocrx_word' id='word_1_319' title='bbox 841 3228 947 3281; x_wconf 71' lang='lat' dir='ltr'><strong>vita</strong></span> <span class='ocrx_word' id='word_1_320' title='bbox 996 3239 1126 3282; x_wconf 88' lang='lat' dir='ltr'><strong>tunc</strong></span> <span class='ocrx_word' id='word_1_321' title='bbox 1172 3230 1409 3282; x_wconf 88' lang='lat' dir='ltr'><strong>eruntin</strong></span> <span class='ocrx_word' id='word_1_322' title='bbox 1472 3231 1737 3284; x_wconf 81' lang='lat' dir='ltr'><strong>memoria</strong></span> <span class='ocrx_word' id='word_1_323' title='bbox 1785 3230 1927 3284; x_wconf 79' lang='lat' dir='ltr'><strong>fore.</strong></span> <span class='ocrx_word' id='word_1_324' title='bbox 1965 3229 2101 3295; x_wconf 83' lang='lat' dir='ltr'><strong>Quis</strong></span> <span class='ocrx_word' id='word_1_325' title='bbox 2136 3247 2289 3299; x_wconf 74' lang='lat' dir='ltr'><strong>ergo,</strong></span> 
     </span>
    </p>
   </div>
   <div class='ocr_carea' id='block_1_45' title="bbox 703 3322 2284 3389">
    <p class='ocr_par' dir='ltr' id='par_1_45' title="bbox 703 3322 2284 3389">
     <span class='ocr_line' id='line_1_45' title="bbox 703 3322 2284 3389; baseline 0.001 -18"><span class='ocrx_word' id='word_1_326' title='bbox 703 3330 1068 3389; x_wconf 75' lang='lat' dir='ltr'><strong>posterorum,</strong></span> <span class='ocrx_word' id='word_1_327' title='bbox 1125 3322 1330 3376; x_wconf 85' lang='lat' dir='ltr'><strong>auditis</strong></span> <span class='ocrx_word' id='word_1_328' title='bbox 1378 3330 1455 3375; x_wconf 90' lang='lat' dir='ltr'><strong>tot</strong></span> <span class='ocrx_word' id='word_1_329' title='bbox 1516 3322 1957 3377; x_wconf 83' lang='lat' dir='ltr'><strong>Christianorum</strong></span> <span class='ocrx_word' id='word_1_330' title='bbox 2019 3324 2284 3383; x_wconf 71' lang='lat' dir='ltr'><strong>caulibus,</strong></span> 
     </span>
    </p>
   </div>
   <div class='ocr_carea' id='block_1_46' title="bbox 701 3415 2285 3480">
    <p class='ocr_par' dir='ltr' id='par_1_46' title="bbox 701 3415 2285 3480">
     <span class='ocr_line' id='line_1_46' title="bbox 701 3415 2285 3480; baseline 0.003 -15"><span class='ocrx_word' id='word_1_331' title='bbox 701 3431 807 3465; x_wconf 92' lang='lat' dir='ltr'><strong>non</strong></span> <span class='ocrx_word' id='word_1_332' title='bbox 864 3415 1285 3479; x_wconf 78' lang='lat' dir='ltr'><strong>conviciabitur,</strong></span> <span class='ocrx_word' id='word_1_333' title='bbox 1341 3430 1450 3469; x_wconf 91' lang='lat' dir='ltr'><strong>non</strong></span> <span class='ocrx_word' id='word_1_334' title='bbox 1505 3416 1812 3480; x_wconf 87' lang='lat' dir='ltr'><strong>maledicet,</strong></span> <span class='ocrx_word' id='word_1_335' title='bbox 1871 3432 1977 3469; x_wconf 90' lang='lat' dir='ltr'><strong>non</strong></span> <span class='ocrx_word' id='word_1_336' title='bbox 2026 3416 2285 3469; x_wconf 87' lang='lat' dir='ltr'><strong>omnibus</strong></span> 
     </span>
    </p>
   </div>
   <div class='ocr_carea' id='block_1_47' title="bbox 702 3507 2089 3573">
    <p class='ocr_par' dir='ltr' id='par_1_47' title="bbox 702 3507 2089 3573">
     <span class='ocr_line' id='line_1_47' title="bbox 702 3507 2089 3573; baseline 0.005 -16"><span class='ocrx_word' id='word_1_337' title='bbox 702 3507 969 3573; x_wconf 73' lang='lat' dir='ltr'><strong>mprobis</strong></span> <span class='ocrx_word' id='word_1_338' title='bbox 1007 3508 1321 3561; x_wconf 87' lang='lat' dir='ltr'><strong>nominibus</strong></span> <span class='ocrx_word' id='word_1_339' title='bbox 1354 3522 1545 3561; x_wconf 84' lang='lat' dir='ltr'><strong>carum</strong></span> <span class='ocrx_word' id='word_1_340' title='bbox 1592 3519 1848 3562; x_wconf 84' lang='lat' dir='ltr'><strong>auctores</strong></span> <span class='ocrx_word' id='word_1_341' title='bbox 1875 3510 2089 3564; x_wconf 84' lang='lat' dir='ltr'><strong>obruet.</strong></span> 
     </span>
    </p>
   </div>
   <div class='ocr_carea' id='block_1_48' title="bbox 2404 2019 4007 2096">
    <p class='ocr_par' dir='ltr' id='par_1_48' title="bbox 2404 2019 4007 2096">
     <span class='ocr_line' id='line_1_48' title="bbox 2404 2019 4007 2096; baseline 0.002 -20"><span class='ocrx_word' id='word_1_342' title='bbox 2404 2026 2566 2094; x_wconf 78' lang='grc' dir='ltr'>εἴπερ</span> <span class='ocrx_word' id='word_1_343' title='bbox 2598 2019 2664 2096; x_wconf 85' lang='grc' dir='ltr'><strong>ἦν</strong></span> <span class='ocrx_word' id='word_1_344' title='bbox 2694 2041 2807 2095; x_wconf 89' lang='grc' dir='ltr'>μοι,</span> <span class='ocrx_word' id='word_1_345' title='bbox 2843 2026 2987 2078; x_wconf 75' lang='grc' dir='ltr'>κατὰ</span> <span class='ocrx_word' id='word_1_346' title='bbox 3016 2025 3107 2078; x_wconf 82' lang='grc' dir='ltr'>τὸν</span> <span class='ocrx_word' id='word_1_347' title='bbox 3136 2025 3369 2078; x_wconf 85' lang='grc' dir='ltr'>παλαιὸν</span> <span class='ocrx_word' id='word_1_348' title='bbox 3390 2026 3571 2093; x_wconf 78' lang='grc' dir='ltr'>λόγον,</span> <span class='ocrx_word' id='word_1_349' title='bbox 3615 2027 3875 2080; x_wconf 82' lang='grc' dir='ltr'>πλειόνων</span> <span class='ocrx_word' id='word_1_350' title='bbox 3905 2030 4007 2080; x_wconf 78' lang='grc' dir='ltr'>εύ-</span> 
     </span>
    </p>
   </div>
   <div class='ocr_carea' id='block_1_49' title="bbox 2402 2116 4006 2189">
    <p class='ocr_par' dir='ltr' id='par_1_49' title="bbox 2402 2116 4006 2189">
     <span class='ocr_line' id='line_1_49' title="bbox 2402 2116 4006 2189; baseline 0.002 -21"><span class='ocrx_word' id='word_1_351' title='bbox 2402 2116 2643 2186; x_wconf 84' lang='grc' dir='ltr'>πορῆσαι</span> <span class='ocrx_word' id='word_1_352' title='bbox 2672 2117 2959 2185; x_wconf 82' lang='grc' dir='ltr'><strong>γλωσσῶν,</strong></span> <span class='ocrx_word' id='word_1_353' title='bbox 2992 2117 3152 2170; x_wconf 78' lang='grc' dir='ltr'>τοῦτο</span> <span class='ocrx_word' id='word_1_354' title='bbox 3176 2117 3429 2189; x_wconf 73' lang='grc' dir='ltr'>ηὐξάμην</span> <span class='ocrx_word' id='word_1_355' title='bbox 3444 2120 3531 2182; x_wconf 78' lang='grc' dir='ltr'>ἂν,</span> <span class='ocrx_word' id='word_1_356' title='bbox 3554 2119 3643 2171; x_wconf 81' lang='grc' dir='ltr'><strong>ἵνα</strong></span> <span class='ocrx_word' id='word_1_357' title='bbox 3671 2121 3799 2182; x_wconf 76' lang='grc' dir='ltr'>ἴσως</span> <span class='ocrx_word' id='word_1_358' title='bbox 3822 2120 4006 2184; x_wconf 77' lang='grc' dir='ltr'>οὕτως</span> 
     </span>
    </p>
   </div>
   <div class='ocr_carea' id='block_1_50' title="bbox 2404 2212 4007 2282">
    <p class='ocr_par' dir='ltr' id='par_1_50' title="bbox 2404 2212 4007 2282">
     <span class='ocr_line' id='line_1_50' title="bbox 2404 2212 4007 2282; baseline -0.002 -19"><span class='ocrx_word' id='word_1_359' title='bbox 2404 2212 2604 2273; x_wconf 78' lang='grc' dir='ltr'>ἱκανῶς</span> <span class='ocrx_word' id='word_1_360' title='bbox 2640 2212 3103 2282; x_wconf 83' lang='grc' dir='ltr'>ἀπεκλαυσάμην,</span> <span class='ocrx_word' id='word_1_361' title='bbox 3132 2212 3226 2264; x_wconf 74' lang='grc' dir='ltr'><strong>καὶ</strong></span> <span class='ocrx_word' id='word_1_362' title='bbox 3252 2213 3349 2275; x_wconf 71' lang='grc' dir='ltr'>τὰς</span> <span class='ocrx_word' id='word_1_363' title='bbox 3384 2213 3600 2282; x_wconf 76' lang='grc' dir='ltr'>δεήσεις</span> <span class='ocrx_word' id='word_1_364' title='bbox 3621 2214 3696 2282; x_wconf 85' lang='grc' dir='ltr'><strong>μὴ</strong></span> <span class='ocrx_word' id='word_1_365' title='bbox 3720 2212 3855 2266; x_wconf 75' lang='grc' dir='ltr'>πολὺ</span> <span class='ocrx_word' id='word_1_366' title='bbox 3887 2213 4007 2264; x_wconf 83' lang='grc' dir='ltr'>τῶν</span> 
     </span>
    </p>
   </div>
   <div class='ocr_carea' id='block_1_51' title="bbox 2404 2304 4007 2377">
    <p class='ocr_par' dir='ltr' id='par_1_51' title="bbox 2404 2304 4007 2377">
     <span class='ocr_line' id='line_1_51' title="bbox 2404 2304 4007 2377; baseline -0.001 -19"><span class='ocrx_word' id='word_1_367' title='bbox 2404 2304 2596 2358; x_wconf 83' lang='grc' dir='ltr'>κακῶν</span> <span class='ocrx_word' id='word_1_368' title='bbox 2633 2306 2964 2374; x_wconf 77' lang='grc' dir='ltr'>λειπομένας</span> <span class='ocrx_word' id='word_1_369' title='bbox 3020 2307 3113 2358; x_wconf 81' lang='grc' dir='ltr'><strong>καὶ</strong></span> <span class='ocrx_word' id='word_1_370' title='bbox 3146 2305 3283 2375; x_wconf 78' lang='grc' dir='ltr'>πρὸς</span> <span class='ocrx_word' id='word_1_371' title='bbox 3326 2306 3461 2358; x_wconf 73' lang='grc' dir='ltr'>Θεὸν</span> <span class='ocrx_word' id='word_1_372' title='bbox 3494 2307 3864 2377; x_wconf 70' lang='grc' dir='ltr'><strong>ἐποιησάμην,</strong></span> <span class='ocrx_word' id='word_1_373' title='bbox 3900 2309 4007 2358; x_wconf 70' lang='grc' dir='ltr'>καὶ</span> 
     </span>
    </p>
   </div>
   <div class='ocr_carea' id='block_1_52' title="bbox 2400 2396 4006 2469">
    <p class='ocr_par' dir='ltr' id='par_1_52' title="bbox 2400 2396 4006 2469">
     <span class='ocr_line' id='line_1_52' title="bbox 2400 2396 4006 2469; baseline 0.001 -22"><span class='ocrx_word' id='word_1_374' title='bbox 2400 2398 2539 2465; x_wconf 88' lang='lat' dir='ltr'><strong>«pb;</strong></span> <span class='ocrx_word' id='word_1_375' title='bbox 2564 2397 2663 2467; x_wconf 77' lang='grc' dir='ltr'>τὴν</span> <span class='ocrx_word' id='word_1_376' title='bbox 2712 2397 2811 2467; x_wconf 81' lang='grc' dir='ltr'><strong>σὴν</strong></span> <span class='ocrx_word' id='word_1_377' title='bbox 2865 2396 3187 2467; x_wconf 63' lang='grc' dir='ltr'><strong>μεγαλοφυῆ</strong></span> <span class='ocrx_word' id='word_1_378' title='bbox 3242 2397 3516 2461; x_wconf 77' lang='grc' dir='ltr'>ἐξουσίαν.</span> <span class='ocrx_word' id='word_1_379' title='bbox 3572 2398 3712 2450; x_wconf 77' lang='grc' dir='ltr'>Ἀλλ’</span> <span class='ocrx_word' id='word_1_380' title='bbox 3748 2398 3869 2451; x_wconf 74' lang='grc' dir='ltr'>ἐπεὶ</span> <span class='ocrx_word' id='word_1_381' title='bbox 3918 2400 4006 2469; x_wconf 77' lang='grc' dir='ltr'><strong>μὴ</strong></span> 
     </span>
    </p>
   </div>
   <div class='ocr_carea' id='block_1_53' title="bbox 2401 2488 4008 2562">
    <p class='ocr_par' dir='ltr' id='par_1_53' title="bbox 2401 2488 4008 2562">
     <span class='ocr_line' id='line_1_53' title="bbox 2401 2488 4008 2562; baseline -0.001 -20"><span class='ocrx_word' id='word_1_382' title='bbox 2401 2490 2665 2542; x_wconf 82' lang='grc' dir='ltr'>πλειόνων</span> <span class='ocrx_word' id='word_1_383' title='bbox 2699 2488 2815 2544; x_wconf 80' lang='grc' dir='ltr'>ἔστι</span> <span class='ocrx_word' id='word_1_384' title='bbox 2855 2507 2945 2557; x_wconf 90' lang='grc' dir='ltr'><strong>μοι</strong></span> <span class='ocrx_word' id='word_1_385' title='bbox 3002 2490 3265 2558; x_wconf 79' lang='grc' dir='ltr'>γλωσσῶν</span> <span class='ocrx_word' id='word_1_386' title='bbox 3318 2491 3576 2561; x_wconf 74' lang='grc' dir='ltr'>εὐπορία,</span> <span class='ocrx_word' id='word_1_387' title='bbox 3637 2493 3704 2561; x_wconf 81' lang='grc' dir='ltr'>τῇ</span> <span class='ocrx_word' id='word_1_388' title='bbox 3736 2490 4008 2562; x_wconf 78' lang='grc' dir='ltr'>δεδομένῃ</span> 
     </span>
    </p>
   </div>
   <div class='ocr_carea' id='block_1_54' title="bbox 2398 2583 4008 2655">
    <p class='ocr_par' dir='ltr' id='par_1_54' title="bbox 2398 2583 4008 2655">
     <span class='ocr_line' id='line_1_54' title="bbox 2398 2583 4008 2655; baseline -0.001 -19"><span class='ocrx_word' id='word_1_389' title='bbox 2398 2583 2532 2645; x_wconf 78' lang='grc' dir='ltr'>τέως</span> <span class='ocrx_word' id='word_1_390' title='bbox 2593 2585 2742 2653; x_wconf 69' lang='grc' dir='ltr'>παρὰ</span> <span class='ocrx_word' id='word_1_391' title='bbox 2773 2583 2873 2653; x_wconf 81' lang='grc' dir='ltr'>τῆς</span> <span class='ocrx_word' id='word_1_392' title='bbox 2926 2583 3141 2652; x_wconf 83' lang='grc' dir='ltr'>φύσεως</span> <span class='ocrx_word' id='word_1_393' title='bbox 3183 2584 3600 2654; x_wconf 79' lang='grc' dir='ltr'><strong>ἀποχρήσομαι,</strong></span> <span class='ocrx_word' id='word_1_394' title='bbox 3658 2584 3777 2649; x_wconf 72' lang='grc' dir='ltr'>καὶ,</span> <span class='ocrx_word' id='word_1_395' title='bbox 3808 2584 4008 2655; x_wconf 75' lang='grc' dir='ltr'>ὥσπερ</span> 
     </span>
    </p>
   </div>
   <div class='ocr_carea' id='block_1_55' title="bbox 2398 2672 4006 2746">
    <p class='ocr_par' dir='ltr' id='par_1_55' title="bbox 2398 2672 4006 2746">
     <span class='ocr_line' id='line_1_55' title="bbox 2398 2672 4006 2746; baseline 0 -19"><span class='ocrx_word' id='word_1_396' title='bbox 2398 2672 2577 2739; x_wconf 78' lang='grc' dir='ltr'>εἷπον,</span> <span class='ocrx_word' id='word_1_397' title='bbox 2630 2677 2735 2728; x_wconf 78' lang='grc' dir='ltr'><strong>ὑπὸ</strong></span> <span class='ocrx_word' id='word_1_398' title='bbox 2767 2676 2861 2728; x_wconf 81' lang='grc' dir='ltr'><strong>τοῦ</strong></span> <span class='ocrx_word' id='word_1_399' title='bbox 2901 2676 3103 2745; x_wconf 81' lang='grc' dir='ltr'>ἄλγους</span> <span class='ocrx_word' id='word_1_400' title='bbox 3134 2675 3233 2746; x_wconf 83' lang='grc' dir='ltr'><strong>τῆς</strong></span> <span class='ocrx_word' id='word_1_401' title='bbox 3274 2676 3455 2746; x_wconf 70' lang='grc' dir='ltr'>ψυχῆς</span> <span class='ocrx_word' id='word_1_402' title='bbox 3490 2674 3830 2746; x_wconf 77' lang='grc' dir='ltr'>βιαζόμενος,</span> <span class='ocrx_word' id='word_1_403' title='bbox 3889 2694 4006 2745; x_wconf 82' lang='grc' dir='ltr'><strong>μα-</strong></span> 
     </span>
    </p>
   </div>
   <div class='ocr_carea' id='block_1_56' title="bbox 2404 2768 4006 2839">
    <p class='ocr_par' dir='ltr' id='par_1_56' title="bbox 2404 2768 4006 2839">
     <span class='ocr_line' id='line_1_56' title="bbox 2404 2768 4006 2839; baseline -0.001 -18"><span class='ocrx_word' id='word_1_404' title='bbox 2404 2770 2664 2837; x_wconf 79' lang='grc' dir='ltr'>κρότερον</span> <span class='ocrx_word' id='word_1_405' title='bbox 2695 2769 2785 2821; x_wconf 70' lang='grc' dir='ltr'><strong>τὸν</strong></span> <span class='ocrx_word' id='word_1_406' title='bbox 2811 2768 2969 2836; x_wconf 79' lang='grc' dir='ltr'>λόγον</span> <span class='ocrx_word' id='word_1_407' title='bbox 2999 2770 3323 2839; x_wconf 79' lang='grc' dir='ltr'>ποιήσομαι.</span> <span class='ocrx_word' id='word_1_408' title='bbox 3374 2768 3765 2839; x_wconf 80' lang='grc' dir='ltr'>Ἐνθυμήθητι,</span> <span class='ocrx_word' id='word_1_409' title='bbox 3803 2768 4006 2820; x_wconf 80' lang='grc' dir='ltr'>τέκνον</span> 
     </span>
    </p>
   </div>
   <div class='ocr_carea' id='block_1_57' title="bbox 2399 2860 4007 2931">
    <p class='ocr_par' dir='ltr' id='par_1_57' title="bbox 2399 2860 4007 2931">
     <span class='ocr_line' id='line_1_57' title="bbox 2399 2860 4007 2931; baseline 0 -18"><span class='ocrx_word' id='word_1_410' title='bbox 2399 2862 2555 2928; x_wconf 65' lang='grc' dir='ltr'>ὲμὶιν,</span> <span class='ocrx_word' id='word_1_411' title='bbox 2589 2862 2695 2931; x_wconf 85' lang='lat' dir='ltr'><strong>«pb</strong></span> <span class='ocrx_word' id='word_1_412' title='bbox 2719 2861 2811 2914; x_wconf 80' lang='grc' dir='ltr'><strong>τοῦ</strong></span> <span class='ocrx_word' id='word_1_413' title='bbox 2845 2862 3133 2930; x_wconf 78' lang='grc' dir='ltr'>μέλλοντος</span> <span class='ocrx_word' id='word_1_414' title='bbox 3156 2860 3468 2931; x_wconf 78' lang='grc' dir='ltr'>κριτηρίου,</span> <span class='ocrx_word' id='word_1_415' title='bbox 3496 2862 3601 2931; x_wconf 73' lang='grc' dir='ltr'>πρὸ</span> <span class='ocrx_word' id='word_1_416' title='bbox 3625 2861 3724 2931; x_wconf 77' lang='grc' dir='ltr'><strong>τῆς</strong></span> <span class='ocrx_word' id='word_1_417' title='bbox 3757 2860 4007 2929; x_wconf 78' lang='grc' dir='ltr'>φοϐερᾶς</span> 
     </span>
    </p>
   </div>
   <div class='ocr_carea' id='block_1_58' title="bbox 2404 2951 4009 3023">
    <p class='ocr_par' dir='ltr' id='par_1_58' title="bbox 2404 2951 4009 3023">
     <span class='ocr_line' id='line_1_58' title="bbox 2404 2951 4009 3023; baseline -0.001 -20"><span class='ocrx_word' id='word_1_418' title='bbox 2404 2954 2519 3003; x_wconf 75' lang='grc' dir='ltr'>ἐκεῖ</span> <span class='ocrx_word' id='word_1_419' title='bbox 2559 2953 2978 3023; x_wconf 72' lang='grc' dir='ltr'><strong>παραστάσεως,</strong></span> <span class='ocrx_word' id='word_1_420' title='bbox 3010 2953 3091 3005; x_wconf 82' lang='grc' dir='ltr'>ὅτι</span> <span class='ocrx_word' id='word_1_421' title='bbox 3114 2953 3390 3022; x_wconf 82' lang='grc' dir='ltr'>διάκρὶσις</span> <span class='ocrx_word' id='word_1_422' title='bbox 3420 2952 3521 3005; x_wconf 80' lang='grc' dir='ltr'>οὐκ</span> <span class='ocrx_word' id='word_1_423' title='bbox 3548 2953 3697 3003; x_wconf 78' lang='grc' dir='ltr'>ἔστιν</span> <span class='ocrx_word' id='word_1_424' title='bbox 3720 2951 4009 3021; x_wconf 72' lang='grc' dir='ltr'><strong>ἀρχόντων</strong></span> 
     </span>
    </p>
   </div>
   <div class='ocr_carea' id='block_1_59' title="bbox 2405 3044 4006 3115">
    <p class='ocr_par' dir='ltr' id='par_1_59' title="bbox 2405 3044 4006 3115">
     <span class='ocr_line' id='line_1_59' title="bbox 2405 3044 4006 3115; baseline -0.002 -17"><span class='ocrx_word' id='word_1_425' title='bbox 2405 3048 2499 3098; x_wconf 77' lang='grc' dir='ltr'>καὶ</span> <span class='ocrx_word' id='word_1_426' title='bbox 2537 3046 2787 3113; x_wconf 83' lang='grc' dir='ltr'>πενήτων</span> <span class='ocrx_word' id='word_1_427' title='bbox 2818 3046 2883 3097; x_wconf 85' lang='grc' dir='ltr'>ὲκ</span> <span class='ocrx_word' id='word_1_428' title='bbox 2912 3048 3011 3115; x_wconf 80' lang='grc' dir='ltr'><strong>τῆς</strong></span> <span class='ocrx_word' id='word_1_429' title='bbox 3038 3046 3318 3115; x_wconf 77' lang='grc' dir='ltr'>κοσμικῆς</span> <span class='ocrx_word' id='word_1_430' title='bbox 3355 3046 3562 3113; x_wconf 80' lang='grc' dir='ltr'>ταύτης</span> <span class='ocrx_word' id='word_1_431' title='bbox 3606 3044 4006 3114; x_wconf 57' lang='grc' dir='ltr'>περιᾳανεεας,</span> 
     </span>
    </p>
   </div>
   <div class='ocr_carea' id='block_1_60' title="bbox 2398 3137 4008 3207">
    <p class='ocr_par' dir='ltr' id='par_1_60' title="bbox 2398 3137 4008 3207">
     <span class='ocr_line' id='line_1_60' title="bbox 2398 3137 4008 3207; baseline -0.004 -15"><span class='ocrx_word' id='word_1_432' title='bbox 2398 3140 2526 3192; x_wconf 70' lang='grc' dir='ltr'>ἀλλ’</span> <span class='ocrx_word' id='word_1_433' title='bbox 2553 3139 2662 3190; x_wconf 72' lang='grc' dir='ltr'>ἀπὸ</span> <span class='ocrx_word' id='word_1_434' title='bbox 2700 3138 2881 3207; x_wconf 80' lang='grc' dir='ltr'>μόνων</span> <span class='ocrx_word' id='word_1_435' title='bbox 2918 3137 3027 3194; x_wconf 83' lang='grc' dir='ltr'>τῶν</span> <span class='ocrx_word' id='word_1_436' title='bbox 3053 3138 3305 3207; x_wconf 68' lang='grc' dir='ltr'>ψυχικῶν</span> <span class='ocrx_word' id='word_1_437' title='bbox 3343 3138 3806 3206; x_wconf 69' lang='grc' dir='ltr'>κατορθωμάτων·</span> <span class='ocrx_word' id='word_1_438' title='bbox 3866 3138 4008 3188; x_wconf 74' lang='grc' dir='ltr'>λάϐε</span> 
     </span>
    </p>
   </div>
   <div class='ocr_carea' id='block_1_61' title="bbox 2403 3229 4015 3299">
    <p class='ocr_par' dir='ltr' id='par_1_61' title="bbox 2403 3229 4015 3299">
     <span class='ocr_line' id='line_1_61' title="bbox 2403 3229 4015 3299; baseline 0 -19"><span class='ocrx_word' id='word_1_439' title='bbox 2403 3249 2492 3298; x_wconf 75' lang='grc' dir='ltr'><strong>μιι</strong></span> <span class='ocrx_word' id='word_1_440' title='bbox 2517 3229 2657 3283; x_wconf 76' lang='grc' dir='ltr'><strong>κατᾶ</strong></span> <span class='ocrx_word' id='word_1_441' title='bbox 2684 3229 2806 3282; x_wconf 78' lang='grc' dir='ltr'>νοῦν</span> <span class='ocrx_word' id='word_1_442' title='bbox 2839 3231 2933 3282; x_wconf 70' lang='grc' dir='ltr'><strong>καὶ</strong></span> <span class='ocrx_word' id='word_1_443' title='bbox 2963 3230 3068 3298; x_wconf 84' lang='lat' dir='ltr'><strong>«pb</strong></span> <span class='ocrx_word' id='word_1_444' title='bbox 3098 3232 3199 3299; x_wconf 83' lang='grc' dir='ltr'>τῆς</span> <span class='ocrx_word' id='word_1_445' title='bbox 3228 3231 3576 3299; x_wconf 71' lang='grc' dir='ltr'>παγκοσμίου</span> <span class='ocrx_word' id='word_1_446' title='bbox 3603 3230 3815 3299; x_wconf 65' lang='grc' dir='ltr'>ἐκείνης</span> <span class='ocrx_word' id='word_1_447' title='bbox 3841 3246 4015 3280; x_wconf 76' lang='grc' dir='ltr'>σύνα-</span> 
     </span>
    </p>
   </div>
   <div class='ocr_carea' id='block_1_62' title="bbox 2398 3323 4006 3394">
    <p class='ocr_par' dir='ltr' id='par_1_62' title="bbox 2398 3323 4006 3394">
     <span class='ocr_line' id='line_1_62' title="bbox 2398 3323 4006 3394; baseline -0.009 -13"><span class='ocrx_word' id='word_1_448' title='bbox 2398 3325 2582 3393; x_wconf 69' lang='grc' dir='ltr'>γωγῆς</span> <span class='ocrx_word' id='word_1_449' title='bbox 2618 3324 2711 3375; x_wconf 74' lang='grc' dir='ltr'>ἐπὶ</span> <span class='ocrx_word' id='word_1_450' title='bbox 2747 3323 2841 3375; x_wconf 77' lang='grc' dir='ltr'>τοῦ</span> <span class='ocrx_word' id='word_1_451' title='bbox 2874 3324 3175 3377; x_wconf 79' lang='grc' dir='ltr'>ἀδεκάστου</span> <span class='ocrx_word' id='word_1_452' title='bbox 3204 3324 3419 3394; x_wconf 79' lang='grc' dir='ltr'>κριτοῦ,</span> <span class='ocrx_word' id='word_1_453' title='bbox 3455 3326 3521 3376; x_wconf 78' lang='grc' dir='ltr'><strong>τὰ</strong></span> <span class='ocrx_word' id='word_1_454' title='bbox 3545 3327 3603 3376; x_wconf 82' lang='grc' dir='ltr'>ὲν</span> <span class='ocrx_word' id='word_1_455' title='bbox 3634 3324 3713 3393; x_wconf 77' lang='grc' dir='ltr'><strong>τῷ</strong></span> <span class='ocrx_word' id='word_1_456' title='bbox 3763 3325 4006 3392; x_wconf 76' lang='grc' dir='ltr'>παρόντι</span> 
     </span>
    </p>
   </div>
   <div class='ocr_carea' id='block_1_63' title="bbox 2399 3415 4013 3486">
    <p class='ocr_par' dir='ltr' id='par_1_63' title="bbox 2399 3415 4013 3486">
     <span class='ocr_line' id='line_1_63' title="bbox 2399 3415 4013 3486; baseline 0.002 -20"><span class='ocrx_word' id='word_1_457' title='bbox 2399 3418 2498 3485; x_wconf 71' lang='grc' dir='ltr'><strong>βίῳ</strong></span> <span class='ocrx_word' id='word_1_458' title='bbox 2529 3417 2667 3485; x_wconf 69' lang='grc' dir='ltr'>μετὰ</span> <span class='ocrx_word' id='word_1_459' title='bbox 2699 3416 2787 3466; x_wconf 82' lang='grc' dir='ltr'><strong>τὸν</strong></span> <span class='ocrx_word' id='word_1_460' title='bbox 2813 3417 3088 3486; x_wconf 81' lang='grc' dir='ltr'>ἡμέτερον</span> <span class='ocrx_word' id='word_1_461' title='bbox 3124 3415 3355 3469; x_wconf 65' lang='grc' dir='ltr'>θάνατον</span> <span class='ocrx_word' id='word_1_462' title='bbox 3390 3417 3495 3469; x_wconf 74' lang='grc' dir='ltr'>ὑπὸ</span> <span class='ocrx_word' id='word_1_463' title='bbox 3526 3417 3631 3469; x_wconf 90' lang='grc' dir='ltr'>τῶν</span> <span class='ocrx_word' id='word_1_464' title='bbox 3682 3416 3802 3469; x_wconf 82' lang='grc' dir='ltr'>τότε</span> <span class='ocrx_word' id='word_1_465' title='bbox 3836 3434 4013 3485; x_wconf 84' lang='grc' dir='ltr'>στρε-</span> 
     </span>
    </p>
   </div>
   <div class='ocr_carea' id='block_1_64' title="bbox 2406 3508 4010 3579">
    <p class='ocr_par' dir='ltr' id='par_1_64' title="bbox 2406 3508 4010 3579">
     <span class='ocr_line' id='line_1_64' title="bbox 2406 3508 4010 3579; baseline 0 -20"><span class='ocrx_word' id='word_1_466' title='bbox 2406 3510 2660 3576; x_wconf 70' lang='grc' dir='ltr'>φομένων</span> <span class='ocrx_word' id='word_1_467' title='bbox 2689 3510 2746 3560; x_wconf 85' lang='grc' dir='ltr'>ὲν</span> <span class='ocrx_word' id='word_1_468' title='bbox 2798 3510 2865 3577; x_wconf 84' lang='grc' dir='ltr'><strong>τῇ</strong></span> <span class='ocrx_word' id='word_1_469' title='bbox 2908 3508 3018 3579; x_wconf 73' lang='grc' dir='ltr'><strong>ζωῇ</strong></span> <span class='ocrx_word' id='word_1_470' title='bbox 3051 3508 3247 3579; x_wconf 83' lang='grc' dir='ltr'>ταύτῃ,</span> <span class='ocrx_word' id='word_1_471' title='bbox 3298 3510 3429 3579; x_wconf 77' lang='grc' dir='ltr'>περὶ</span> <span class='ocrx_word' id='word_1_472' title='bbox 3464 3509 3621 3578; x_wconf 81' lang='grc' dir='ltr'>ἡμῶν</span> <span class='ocrx_word' id='word_1_473' title='bbox 3654 3511 3732 3570; x_wconf 86' lang='grc' dir='ltr'>εἰς</span> <span class='ocrx_word' id='word_1_474' title='bbox 3768 3510 4010 3579; x_wconf 78' lang='grc' dir='ltr'>μνήμην</span> 
     </span>
    </p>
   </div>
   <div class='ocr_carea' id='block_1_65' title="bbox 700 3599 4012 3672">
    <p class='ocr_par' dir='ltr' id='par_1_65' title="bbox 700 3599 4012 3672">
     <span class='ocr_line' id='line_1_65' title="bbox 700 3599 4012 3672; baseline 0.002 -21"><span class='ocrx_word' id='word_1_475' title='bbox 700 3601 957 3671; x_wconf 73' lang='grc' dir='ltr'>εσὸμενα.</span> <span class='ocrx_word' id='word_1_476' title='bbox 1000 3600 1096 3663; x_wconf 86' lang='grc' dir='ltr'><strong>Τίς</strong></span> <span class='ocrx_word' id='word_1_477' title='bbox 1141 3600 1252 3671; x_wconf 75' lang='grc' dir='ltr'>γὰρ</span> <span class='ocrx_word' id='word_1_478' title='bbox 1294 3600 1401 3653; x_wconf 89' lang='grc' dir='ltr'>τῶν</span> <span class='ocrx_word' id='word_1_479' title='bbox 1443 3601 1585 3670; x_wconf 75' lang='grc' dir='ltr'>μετὰ</span> <span class='ocrx_word' id='word_1_480' title='bbox 1622 3600 1797 3653; x_wconf 84' lang='grc' dir='ltr'>ταῦτα</span> <span class='ocrx_word' id='word_1_481' title='bbox 1822 3600 2096 3669; x_wconf 83' lang='grc' dir='ltr'>τοσαύτην</span> <span class='ocrx_word' id='word_1_482' title='bbox 2158 3599 2398 3660; x_wconf 84' lang='grc' dir='ltr'>ἀκούσας</span> <span class='ocrx_word' id='word_1_483' title='bbox 2421 3601 2769 3672; x_wconf 81' lang='grc' dir='ltr'>Χριστιανῶν</span> <span class='ocrx_word' id='word_1_484' title='bbox 2835 3601 3147 3668; x_wconf 68' lang='grc' dir='ltr'>μιαιφονίαν</span> <span class='ocrx_word' id='word_1_485' title='bbox 3203 3601 3263 3654; x_wconf 81' lang='grc' dir='ltr'>ού</span> <span class='ocrx_word' id='word_1_486' title='bbox 3324 3601 3717 3672; x_wconf 79' lang='grc' dir='ltr'>λοιδορήσεται,</span> <span class='ocrx_word' id='word_1_487' title='bbox 3742 3602 3843 3654; x_wconf 84' lang='grc' dir='ltr'><strong>ούκ</strong></span> <span class='ocrx_word' id='word_1_488' title='bbox 3862 3604 4012 3657; x_wconf 60' lang='grc' dir='ltr'>επα-</span> 
     </span>
    </p>
   </div>
   <div class='ocr_carea' id='block_1_66' title="bbox 703 3694 3284 3765">
    <p class='ocr_par' dir='ltr' id='par_1_66' title="bbox 703 3694 3284 3765">
     <span class='ocr_line' id='line_1_66' title="bbox 703 3694 3284 3765; baseline 0.001 -21"><span class='ocrx_word' id='word_1_489' title='bbox 703 3696 954 3761; x_wconf 76' lang='grc' dir='ltr'>ρσὶσεται,</span> <span class='ocrx_word' id='word_1_490' title='bbox 989 3694 1050 3745; x_wconf 86' lang='grc' dir='ltr'>ού</span> <span class='ocrx_word' id='word_1_491' title='bbox 1103 3696 1213 3745; x_wconf 75' lang='grc' dir='ltr'>πᾶν</span> <span class='ocrx_word' id='word_1_492' title='bbox 1256 3694 1309 3745; x_wconf 81' lang='grc' dir='ltr'>εί</span> <span class='ocrx_word' id='word_1_493' title='bbox 1335 3711 1387 3746; x_wconf 86' lang='grc' dir='ltr'><strong>τι</strong></span> <span class='ocrx_word' id='word_1_494' title='bbox 1420 3694 1658 3763; x_wconf 81' lang='grc' dir='ltr'>πονηρὸν</span> <span class='ocrx_word' id='word_1_495' title='bbox 1708 3695 1882 3764; x_wconf 78' lang='grc' dir='ltr'>ὄνομα</span> <span class='ocrx_word' id='word_1_496' title='bbox 1911 3695 1991 3758; x_wconf 81' lang='grc' dir='ltr'>είς</span> <span class='ocrx_word' id='word_1_497' title='bbox 2041 3695 2168 3757; x_wconf 76' lang='grc' dir='ltr'>τοὺς</span> <span class='ocrx_word' id='word_1_498' title='bbox 2220 3695 2289 3745; x_wconf 73' lang='grc' dir='ltr'>τὰ</span> <span class='ocrx_word' id='word_1_499' title='bbox 2330 3695 2559 3750; x_wconf 79' lang='grc' dir='ltr'>τοιαῦτα</span> <span class='ocrx_word' id='word_1_500' title='bbox 2596 3696 2948 3765; x_wconf 74' lang='grc' dir='ltr'>πεπραχότας</span> <span class='ocrx_word' id='word_1_501' title='bbox 2981 3696 3284 3765; x_wconf 75' lang='grc' dir='ltr'>ἀναῢήσεις</span> 
     </span>
    </p>
   </div>
   <div class='ocr_carea' id='block_1_67' title="bbox 779 3784 2286 3863">
    <p class='ocr_par' dir='ltr' id='par_1_67' title="bbox 779 3784 2286 3863">
     <span class='ocr_line' id='line_1_67' title="bbox 779 3784 2286 3863; baseline 0.002 -27"><span class='ocrx_word' id='word_1_502' title='bbox 779 3784 1020 3863; x_wconf 75' lang='lat' dir='ltr'><strong>Fuerunt</strong></span> <span class='ocrx_word' id='word_1_503' title='bbox 1057 3786 1337 3841; x_wconf 90' lang='lat' dir='ltr'><strong>multoties</strong></span> <span class='ocrx_word' id='word_1_504' title='bbox 1370 3788 1435 3840; x_wconf 91' lang='lat' dir='ltr'><strong>ad</strong></span> <span class='ocrx_word' id='word_1_505' title='bbox 1479 3788 1711 3841; x_wconf 83' lang='lat' dir='ltr'><strong>invicem</strong></span> <span class='ocrx_word' id='word_1_506' title='bbox 1755 3787 1988 3855; x_wconf 90' lang='lat' dir='ltr'><strong>inimici,</strong></span> <span class='ocrx_word' id='word_1_507' title='bbox 2024 3788 2119 3842; x_wconf 85' lang='lat' dir='ltr'><strong>sed</strong></span> <span class='ocrx_word' id='word_1_508' title='bbox 2168 3789 2286 3856; x_wconf 86' lang='lat' dir='ltr'><strong>qui-</strong></span> 
     </span>
    </p>
   </div>
   <div class='ocr_carea' id='block_1_68' title="bbox 699 3879 2283 3949">
    <p class='ocr_par' dir='ltr' id='par_1_68' title="bbox 699 3879 2283 3949">
     <span class='ocr_line' id='line_1_68' title="bbox 699 3879 2283 3949; baseline 0.001 -18"><span class='ocrx_word' id='word_1_509' title='bbox 699 3892 915 3947; x_wconf 82' lang='lat' dir='ltr'><strong>cunque</strong></span> <span class='ocrx_word' id='word_1_510' title='bbox 942 3879 1233 3941; x_wconf 83' lang='lat' dir='ltr'><strong>moderati,</strong></span> <span class='ocrx_word' id='word_1_511' title='bbox 1254 3880 1569 3949; x_wconf 81' lang='lat' dir='ltr'><strong>quicunque</strong></span> <span class='ocrx_word' id='word_1_512' title='bbox 1592 3881 2083 3935; x_wconf 84' lang='lat' dir='ltr'><strong>moribuslrurnani</strong></span> <span class='ocrx_word' id='word_1_513' title='bbox 2113 3884 2283 3934; x_wconf 81' lang='lat' dir='ltr'><strong>tinent</strong></span> 
     </span>
    </p>
   </div>
   <div class='ocr_carea' id='block_1_69' title="bbox 700 3973 2279 4044">
    <p class='ocr_par' dir='ltr' id='par_1_69' title="bbox 700 3973 2279 4044">
     <span class='ocr_line' id='line_1_69' title="bbox 700 3973 2279 4044; baseline -0.001 -19"><span class='ocrx_word' id='word_1_514' title='bbox 700 3973 1007 4026; x_wconf 78' lang='lat' dir='ltr'><strong>inimicitiis</strong></span> <span class='ocrx_word' id='word_1_515' title='bbox 1053 3982 1377 4041; x_wconf 87' lang='lat' dir='ltr'><strong>posuerunt,</strong></span> <span class='ocrx_word' id='word_1_516' title='bbox 1432 3989 1611 4043; x_wconf 87' lang='lat' dir='ltr'><strong>neque</strong></span> <span class='ocrx_word' id='word_1_517' title='bbox 1643 3975 1794 4028; x_wconf 90' lang='lat' dir='ltr'><strong>omni</strong></span> <span class='ocrx_word' id='word_1_518' title='bbox 1848 3975 2279 4044; x_wconf 80' lang='lat' dir='ltr'><strong>ternporismaln</strong></span> 
     </span>
    </p>
   </div>
   <div class='ocr_carea' id='block_1_70' title="bbox 698 4066 2285 4134">
    <p class='ocr_par' dir='ltr' id='par_1_70' title="bbox 698 4066 2285 4134">
     <span class='ocr_line' id='line_1_70' title="bbox 698 4066 2285 4134; baseline -0.001 -15"><span class='ocrx_word' id='word_1_519' title='bbox 698 4068 1027 4129; x_wconf 71' lang='lat' dir='ltr'><strong>servierunt,</strong></span> <span class='ocrx_word' id='word_1_520' title='bbox 1056 4066 1150 4117; x_wconf 90' lang='lat' dir='ltr'><strong>sed</strong></span> <span class='ocrx_word' id='word_1_521' title='bbox 1183 4066 1353 4134; x_wconf 88' lang='lat' dir='ltr'><strong>probe</strong></span> <span class='ocrx_word' id='word_1_522' title='bbox 1375 4066 1612 4121; x_wconf 83' lang='lat' dir='ltr'><strong>Scientes</strong></span> <span class='ocrx_word' id='word_1_523' title='bbox 1648 4066 1718 4120; x_wconf 87' lang='lat' dir='ltr'><strong>ab</strong></span> <span class='ocrx_word' id='word_1_524' title='bbox 1756 4066 2037 4120; x_wconf 84' lang='lat' dir='ltr'><strong>hominum</strong></span> <span class='ocrx_word' id='word_1_525' title='bbox 2088 4076 2285 4119; x_wconf 89' lang='lat' dir='ltr'><strong>natura</strong></span> 
     </span>
    </p>
   </div>
   <div class='ocr_carea' id='block_1_71' title="bbox 698 4157 2289 4229">
    <p class='ocr_par' dir='ltr' id='par_1_71' title="bbox 698 4157 2289 4229">
     <span class='ocr_line' id='line_1_71' title="bbox 698 4157 2289 4229; baseline 0 -18"><span class='ocrx_word' id='word_1_526' title='bbox 698 4173 823 4213; x_wconf 86' lang='lat' dir='ltr'><strong>csse</strong></span> <span class='ocrx_word' id='word_1_527' title='bbox 864 4157 1105 4212; x_wconf 77' lang='lat' dir='ltr'><strong>alienum</strong></span> <span class='ocrx_word' id='word_1_528' title='bbox 1141 4159 1459 4213; x_wconf 80' lang='lat' dir='ltr'><strong>inimicitias</strong></span> <span class='ocrx_word' id='word_1_529' title='bbox 1497 4174 1706 4228; x_wconf 78' lang='lat' dir='ltr'><strong>gerere,</strong></span> <span class='ocrx_word' id='word_1_530' title='bbox 1741 4174 1836 4214; x_wconf 89' lang='lat' dir='ltr'><strong>eas</strong></span> <span class='ocrx_word' id='word_1_531' title='bbox 1867 4160 1922 4213; x_wconf 94' lang='lat' dir='ltr'><strong>in</strong></span> <span class='ocrx_word' id='word_1_532' title='bbox 1950 4175 2137 4229; x_wconf 81' lang='lat' dir='ltr'><strong>paceni</strong></span> <span class='ocrx_word' id='word_1_533' title='bbox 2166 4176 2289 4211; x_wconf 81' lang='lat' dir='ltr'><strong>mu—</strong></span> 
     </span>
    </p>
   </div>
   <div class='ocr_carea' id='block_1_72' title="bbox 698 4251 2292 4322">
    <p class='ocr_par' dir='ltr' id='par_1_72' title="bbox 698 4251 2292 4322">
     <span class='ocr_line' id='line_1_72' title="bbox 698 4251 2292 4322; baseline 0 -17"><span class='ocrx_word' id='word_1_534' title='bbox 698 4260 975 4305; x_wconf 79' lang='lat' dir='ltr'><strong>taverunt.</strong></span> <span class='ocrx_word' id='word_1_535' title='bbox 1020 4251 1139 4304; x_wconf 79' lang='lat' dir='ltr'><strong>Non</strong></span> <span class='ocrx_word' id='word_1_536' title='bbox 1189 4263 1369 4305; x_wconf 87' lang='lat' dir='ltr'><strong>autem</strong></span> <span class='ocrx_word' id='word_1_537' title='bbox 1424 4253 1547 4307; x_wconf 85' lang='lat' dir='ltr'><strong>dico</strong></span> <span class='ocrx_word' id='word_1_538' title='bbox 1604 4254 1808 4306; x_wconf 87' lang='lat' dir='ltr'><strong>liberos</strong></span> <span class='ocrx_word' id='word_1_539' title='bbox 1836 4268 1964 4322; x_wconf 79' lang='lat' dir='ltr'><strong>erga</strong></span> <span class='ocrx_word' id='word_1_540' title='bbox 2011 4262 2292 4322; x_wconf 83' lang='lat' dir='ltr'><strong>parentes,</strong></span> 
     </span>
    </p>
   </div>
   <div class='ocr_carea' id='block_1_73' title="bbox 701 4343 2291 4415">
    <p class='ocr_par' dir='ltr' id='par_1_73' title="bbox 701 4343 2291 4415">
     <span class='ocr_line' id='line_1_73' title="bbox 701 4343 2291 4415; baseline 0.002 -20"><span class='ocrx_word' id='word_1_541' title='bbox 701 4347 900 4397; x_wconf 73' lang='lat' dir='ltr'><strong>l&#39;ratres</strong></span> <span class='ocrx_word' id='word_1_542' title='bbox 959 4359 1086 4409; x_wconf 74' lang='lat' dir='ltr'><strong>erga</strong></span> <span class='ocrx_word' id='word_1_543' title='bbox 1113 4343 1333 4408; x_wconf 69' lang='lat' dir='ltr'><strong>fratres,</strong></span> <span class='ocrx_word' id='word_1_544' title='bbox 1364 4345 1664 4414; x_wconf 87' lang='lat' dir='ltr'><strong>discipulos</strong></span> <span class='ocrx_word' id='word_1_545' title='bbox 1692 4361 1818 4414; x_wconf 80' lang='lat' dir='ltr'><strong>erga</strong></span> <span class='ocrx_word' id='word_1_546' title='bbox 1864 4346 2181 4415; x_wconf 75' lang='lat' dir='ltr'><strong>magistros,</strong></span> <span class='ocrx_word' id='word_1_547' title='bbox 2211 4347 2291 4398; x_wconf 87' lang='lat' dir='ltr'><strong>sic</strong></span> 
     </span>
    </p>
   </div>
   <div class='ocr_carea' id='block_1_74' title="bbox 698 4437 2294 4508">
    <p class='ocr_par' dir='ltr' id='par_1_74' title="bbox 698 4437 2294 4508">
     <span class='ocr_line' id='line_1_74' title="bbox 698 4437 2294 4508; baseline 0.002 -21"><span class='ocrx_word' id='word_1_548' title='bbox 698 4452 894 4504; x_wconf 61' lang='lat' dir='ltr'><strong>egisse,</strong></span> <span class='ocrx_word' id='word_1_549' title='bbox 923 4437 1019 4489; x_wconf 89' lang='lat' dir='ltr'><strong>sed</strong></span> <span class='ocrx_word' id='word_1_550' title='bbox 1060 4437 1223 4490; x_wconf 87' lang='lat' dir='ltr'><strong>etiam</strong></span> <span class='ocrx_word' id='word_1_551' title='bbox 1289 4437 1383 4506; x_wconf 86' lang='lat' dir='ltr'><strong>qui</strong></span> <span class='ocrx_word' id='word_1_552' title='bbox 1436 4439 1595 4508; x_wconf 79' lang='lat' dir='ltr'><strong>longe</strong></span> <span class='ocrx_word' id='word_1_553' title='bbox 1621 4454 1652 4491; x_wconf 90' lang='lat' dir='ltr'><strong>a</strong></span> <span class='ocrx_word' id='word_1_554' title='bbox 1693 4439 1893 4492; x_wconf 81' lang='lat' dir='ltr'><strong>talibus</strong></span> <span class='ocrx_word' id='word_1_555' title='bbox 1931 4439 2294 4491; x_wconf 83' lang='lat' dir='ltr'><strong>connexioni-</strong></span> 
     </span>
    </p>
   </div>
   <div class='ocr_carea' id='block_1_75' title="bbox 700 4528 2292 4594">
    <p class='ocr_par' dir='ltr' id='par_1_75' title="bbox 700 4528 2292 4594">
     <span class='ocr_line' id='line_1_75' title="bbox 700 4528 2292 4594; baseline 0.003 -16"><span class='ocrx_word' id='word_1_556' title='bbox 700 4530 804 4580; x_wconf 87' lang='lat' dir='ltr'><strong>bus</strong></span> <span class='ocrx_word' id='word_1_557' title='bbox 852 4537 1018 4594; x_wconf 87' lang='lat' dir='ltr'><strong>atque</strong></span> <span class='ocrx_word' id='word_1_558' title='bbox 1079 4528 1492 4585; x_wconf 85' lang='lat' dir='ltr'><strong>babitudinibus</strong></span> <span class='ocrx_word' id='word_1_559' title='bbox 1549 4531 1914 4587; x_wconf 86' lang='lat' dir='ltr'><strong>erantalieni.</strong></span> <span class='ocrx_word' id='word_1_560' title='bbox 1952 4528 2059 4585; x_wconf 77' lang='lat' dir='ltr'><strong>Vos</strong></span> <span class='ocrx_word' id='word_1_561' title='bbox 2111 4541 2292 4583; x_wconf 82' lang='lat' dir='ltr'><strong>autent</strong></span> 
     </span>
    </p>
   </div>
   <div class='ocr_carea' id='block_1_76' title="bbox 698 4619 2296 4693">
    <p class='ocr_par' dir='ltr' id='par_1_76' title="bbox 698 4619 2296 4693">
     <span class='ocr_line' id='line_1_76' title="bbox 698 4619 2296 4693; baseline 0.004 -23"><span class='ocrx_word' id='word_1_562' title='bbox 698 4619 872 4688; x_wconf 83' lang='lat' dir='ltr'><strong>quid?</strong></span> <span class='ocrx_word' id='word_1_563' title='bbox 901 4620 1084 4675; x_wconf 88' lang='lat' dir='ltr'><strong>Liberi</strong></span> <span class='ocrx_word' id='word_1_564' title='bbox 1119 4638 1244 4675; x_wconf 89' lang='lat' dir='ltr'><strong>cum</strong></span> <span class='ocrx_word' id='word_1_565' title='bbox 1276 4623 1598 4693; x_wconf 88' lang='lat' dir='ltr'><strong>parentibus</strong></span> <span class='ocrx_word' id='word_1_566' title='bbox 1625 4622 1999 4692; x_wconf 83' lang='lat' dir='ltr'><strong>implacabiles</strong></span> <span class='ocrx_word' id='word_1_567' title='bbox 2028 4627 2296 4677; x_wconf 80' lang='lat' dir='ltr'><strong>exercetis</strong></span> 
     </span>
    </p>
   </div>
   <div class='ocr_carea' id='block_1_77' title="bbox 700 4713 2285 4783">
    <p class='ocr_par' dir='ltr' id='par_1_77' title="bbox 700 4713 2285 4783">
     <span class='ocr_line' id='line_1_77' title="bbox 700 4713 2285 4783; baseline 0.001 -18"><span class='ocrx_word' id='word_1_568' title='bbox 700 4713 1036 4777; x_wconf 83' lang='lat' dir='ltr'><strong>inimicitias,</strong></span> <span class='ocrx_word' id='word_1_569' title='bbox 1089 4714 1289 4769; x_wconf 83' lang='lat' dir='ltr'><strong>fratres</strong></span> <span class='ocrx_word' id='word_1_570' title='bbox 1342 4731 1466 4769; x_wconf 90' lang='lat' dir='ltr'><strong>cum</strong></span> <span class='ocrx_word' id='word_1_571' title='bbox 1497 4714 1780 4776; x_wconf 81' lang='lat' dir='ltr'><strong>fratribus,</strong></span> <span class='ocrx_word' id='word_1_572' title='bbox 1836 4715 2091 4783; x_wconf 84' lang='lat' dir='ltr'><strong>discipuli</strong></span> <span class='ocrx_word' id='word_1_573' title='bbox 2156 4730 2285 4769; x_wconf 89' lang='lat' dir='ltr'><strong>cum</strong></span> 
     </span>
    </p>
   </div>
   <div class='ocr_carea' id='block_1_78' title="bbox 701 4807 2292 4878">
    <p class='ocr_par' dir='ltr' id='par_1_78' title="bbox 701 4807 2292 4878">
     <span class='ocr_line' id='line_1_78' title="bbox 701 4807 2292 4878; baseline 0.004 -20"><span class='ocrx_word' id='word_1_574' title='bbox 701 4807 1009 4874; x_wconf 66' lang='lat' dir='ltr'><strong>magistris,</strong></span> <span class='ocrx_word' id='word_1_575' title='bbox 1044 4818 1099 4860; x_wconf 91' lang='lat' dir='ltr'><strong>et</strong></span> <span class='ocrx_word' id='word_1_576' title='bbox 1149 4807 1332 4876; x_wconf 79' lang='lat' dir='ltr'><strong>qualis</strong></span> <span class='ocrx_word' id='word_1_577' title='bbox 1367 4808 1671 4875; x_wconf 66' lang='lat' dir='ltr'><strong>disciplina:</strong></span> <span class='ocrx_word' id='word_1_578' title='bbox 1701 4808 1713 4861; x_wconf 90' lang='lat'><strong>!</strong></span> <span class='ocrx_word' id='word_1_579' title='bbox 1758 4807 1879 4875; x_wconf 87' lang='lat' dir='ltr'><strong>ejus</strong></span> <span class='ocrx_word' id='word_1_580' title='bbox 1928 4808 2139 4862; x_wconf 90' lang='lat' dir='ltr'><strong>scilicet</strong></span> <span class='ocrx_word' id='word_1_581' title='bbox 2168 4824 2292 4878; x_wconf 78' lang='lat' dir='ltr'><strong>qua:</strong></span> 
     </span>
    </p>
   </div>
   <div class='ocr_carea' id='block_1_79' title="bbox 703 4900 2291 4969">
    <p class='ocr_par' dir='ltr' id='par_1_79' title="bbox 703 4900 2291 4969">
     <span class='ocr_line' id='line_1_79' title="bbox 703 4900 2291 4969; baseline 0.004 -20"><span class='ocrx_word' id='word_1_582' title='bbox 703 4903 855 4951; x_wconf 72' lang='lat' dir='ltr'><strong>mbrs</strong></span> <span class='ocrx_word' id='word_1_583' title='bbox 908 4900 1106 4953; x_wconf 85' lang='lat' dir='ltr'><strong>ruentis</strong></span> <span class='ocrx_word' id='word_1_584' title='bbox 1167 4910 1379 4967; x_wconf 84' lang='lat' dir='ltr'><strong>aperuit</strong></span> <span class='ocrx_word' id='word_1_585' title='bbox 1443 4903 1659 4962; x_wconf 86' lang='lat' dir='ltr'><strong>oculos,</strong></span> <span class='ocrx_word' id='word_1_586' title='bbox 1692 4916 1813 4969; x_wconf 73' lang='lat' dir='ltr'><strong>qua:</strong></span> <span class='ocrx_word' id='word_1_587' title='bbox 1869 4916 1965 4954; x_wconf 69' lang='lat' dir='ltr'><strong>vos</strong></span> <span class='ocrx_word' id='word_1_588' title='bbox 2010 4902 2075 4953; x_wconf 90' lang='lat' dir='ltr'><strong>ad</strong></span> <span class='ocrx_word' id='word_1_589' title='bbox 2115 4901 2291 4955; x_wconf 88' lang='lat' dir='ltr'><strong>lucem</strong></span> 
     </span>
    </p>
   </div>
   <div class='ocr_carea' id='block_1_80' title="bbox 697 4993 2297 5063">
    <p class='ocr_par' dir='ltr' id='par_1_80' title="bbox 697 4993 2297 5063">
     <span class='ocr_line' id='line_1_80' title="bbox 697 4993 2297 5063; baseline 0.004 -20"><span class='ocrx_word' id='word_1_590' title='bbox 697 4993 952 5062; x_wconf 78' lang='lat' dir='ltr'><strong>perduxit</strong></span> <span class='ocrx_word' id='word_1_591' title='bbox 977 5001 1031 5045; x_wconf 89' lang='lat' dir='ltr'><strong>et</strong></span> <span class='ocrx_word' id='word_1_592' title='bbox 1061 5006 1091 5045; x_wconf 83' lang='lat' dir='ltr'><strong>a</strong></span> <span class='ocrx_word' id='word_1_593' title='bbox 1131 4993 1338 5047; x_wconf 82' lang='lat' dir='ltr'><strong>diaboli</strong></span> <span class='ocrx_word' id='word_1_594' title='bbox 1392 4996 1656 5048; x_wconf 76' lang='lat' dir='ltr'><strong>servitute</strong></span> <span class='ocrx_word' id='word_1_595' title='bbox 1673 4995 1897 5056; x_wconf 75' lang='lat' dir='ltr'><strong>exemit,</strong></span> <span class='ocrx_word' id='word_1_596' title='bbox 1942 5003 2107 5063; x_wconf 74' lang='lat' dir='ltr'><strong>atque</strong></span> <span class='ocrx_word' id='word_1_597' title='bbox 2140 4996 2297 5061; x_wconf 67' lang='lat' dir='ltr'><strong>quod&#39;</strong></span> 
     </span>
    </p>
   </div>
   <div class='ocr_carea' id='block_1_81' title="bbox 698 5086 2294 5156">
    <p class='ocr_par' dir='ltr' id='par_1_81' title="bbox 698 5086 2294 5156">
     <span class='ocr_line' id='line_1_81' title="bbox 698 5086 2294 5156; baseline 0.001 -17"><span class='ocrx_word' id='word_1_598' title='bbox 698 5088 882 5140; x_wconf 76' lang='lat' dir='ltr'><strong>omnia</strong></span> <span class='ocrx_word' id='word_1_599' title='bbox 943 5088 1447 5155; x_wconf 79' lang='lat' dir='ltr'><strong>incomparabiliter</strong></span> <span class='ocrx_word' id='word_1_600' title='bbox 1489 5097 1738 5156; x_wconf 84' lang='lat' dir='ltr'><strong>superat,</strong></span> <span class='ocrx_word' id='word_1_601' title='bbox 1775 5102 1872 5141; x_wconf 81' lang='lat' dir='ltr'><strong>vos</strong></span> <span class='ocrx_word' id='word_1_602' title='bbox 1900 5086 1992 5140; x_wconf 85' lang='lat' dir='ltr'><strong>Dei</strong></span> <span class='ocrx_word' id='word_1_603' title='bbox 2048 5087 2191 5143; x_wconf 86' lang='lat' dir='ltr'><strong>tilios</strong></span> <span class='ocrx_word' id='word_1_604' title='bbox 2216 5087 2294 5142; x_wconf 79' lang='lat' dir='ltr'><strong>ef-</strong></span> 
     </span>
    </p>
   </div>
   <div class='ocr_carea' id='block_1_82' title="bbox 696 5178 2291 5249">
    <p class='ocr_par' dir='ltr' id='par_1_82' title="bbox 696 5178 2291 5249">
     <span class='ocr_line' id='line_1_82' title="bbox 696 5178 2291 5249; baseline -0.001 -17"><span class='ocrx_word' id='word_1_605' title='bbox 696 5181 845 5237; x_wconf 86' lang='lat' dir='ltr'><strong>l&#39;ecit.</strong></span> <span class='ocrx_word' id='word_1_606' title='bbox 919 5180 1055 5245; x_wconf 84' lang='lat' dir='ltr'><strong>Quis</strong></span> <span class='ocrx_word' id='word_1_607' title='bbox 1086 5180 1254 5249; x_wconf 76' lang='lat' dir='ltr'><strong>igitur</strong></span> <span class='ocrx_word' id='word_1_608' title='bbox 1297 5188 1664 5248; x_wconf 86' lang='lat' dir='ltr'><strong>posterorum,</strong></span> <span class='ocrx_word' id='word_1_609' title='bbox 1720 5178 1808 5234; x_wconf 86' lang='lat' dir='ltr'><strong>bis</strong></span> <span class='ocrx_word' id='word_1_610' title='bbox 1873 5179 2127 5246; x_wconf 78' lang='lat' dir='ltr'><strong>cognitis,</strong></span> <span class='ocrx_word' id='word_1_611' title='bbox 2183 5194 2291 5233; x_wconf 91' lang='lat' dir='ltr'><strong>non</strong></span> 
     </span>
    </p>
   </div>
   <div class='ocr_carea' id='block_1_83' title="bbox 698 5274 2293 5343">
    <p class='ocr_par' dir='ltr' id='par_1_83' title="bbox 698 5274 2293 5343">
     <span class='ocr_line' id='line_1_83' title="bbox 698 5274 2293 5343; baseline 0.003 -18"><span class='ocrx_word' id='word_1_612' title='bbox 698 5289 894 5329; x_wconf 86' lang='lat' dir='ltr'><strong>omnes</strong></span> <span class='ocrx_word' id='word_1_613' title='bbox 921 5274 1172 5341; x_wconf 85' lang='lat' dir='ltr'><strong>injurias,</strong></span> <span class='ocrx_word' id='word_1_614' title='bbox 1203 5290 1311 5327; x_wconf 93' lang='lat' dir='ltr'><strong>non</strong></span> <span class='ocrx_word' id='word_1_615' title='bbox 1332 5288 1526 5328; x_wconf 89' lang='lat' dir='ltr'><strong>omnes</strong></span> <span class='ocrx_word' id='word_1_616' title='bbox 1555 5274 1931 5343; x_wconf 78' lang='lat' dir='ltr'><strong>blasphemias</strong></span> <span class='ocrx_word' id='word_1_617' title='bbox 1958 5276 2011 5329; x_wconf 90' lang='lat' dir='ltr'><strong>in</strong></span> <span class='ocrx_word' id='word_1_618' title='bbox 2035 5290 2129 5328; x_wconf 91' lang='lat' dir='ltr'><strong>eos</strong></span> <span class='ocrx_word' id='word_1_619' title='bbox 2162 5289 2293 5329; x_wconf 87' lang='lat' dir='ltr'><strong>con-</strong></span> 
     </span>
    </p>
   </div>
   <div class='ocr_carea' id='block_1_84' title="bbox 699 5368 2296 5441">
    <p class='ocr_par' dir='ltr' id='par_1_84' title="bbox 699 5368 2296 5441">
     <span class='ocr_line' id='line_1_84' title="bbox 699 5368 2296 5441; baseline -0.004 -16"><span class='ocrx_word' id='word_1_620' title='bbox 699 5383 850 5441; x_wconf 70' lang='lat' dir='ltr'><strong>geret</strong></span> <span class='ocrx_word' id='word_1_621' title='bbox 886 5369 983 5441; x_wconf 88' lang='lat' dir='ltr'><strong>qui</strong></span> <span class='ocrx_word' id='word_1_622' title='bbox 1038 5380 1147 5422; x_wconf 88' lang='lat' dir='ltr'><strong>tam</strong></span> <span class='ocrx_word' id='word_1_623' title='bbox 1210 5369 1550 5423; x_wconf 80' lang='lat' dir='ltr'><strong>immortales</strong></span> <span class='ocrx_word' id='word_1_624' title='bbox 1603 5377 1864 5423; x_wconf 78' lang='lat' dir='ltr'><strong>exercent</strong></span> <span class='ocrx_word' id='word_1_625' title='bbox 1940 5368 2296 5422; x_wconf 84' lang='lat' dir='ltr'><strong>inimicitias?</strong></span> 
     </span>
    </p>
   </div>
   <div class='ocr_carea' id='block_1_85' title="bbox 700 5463 2297 5534">
    <p class='ocr_par' dir='ltr' id='par_1_85' title="bbox 700 5463 2297 5534">
     <span class='ocr_line' id='line_1_85' title="bbox 700 5463 2297 5534; baseline -0.001 -18"><span class='ocrx_word' id='word_1_626' title='bbox 700 5464 906 5519; x_wconf 81' lang='lat' dir='ltr'><strong>Deinde</strong></span> <span class='ocrx_word' id='word_1_627' title='bbox 954 5479 1075 5534; x_wconf 72' lang='lat' dir='ltr'><strong>qua:</strong></span> <span class='ocrx_word' id='word_1_628' title='bbox 1132 5464 1337 5518; x_wconf 87' lang='lat' dir='ltr'><strong>utilitas</strong></span> <span class='ocrx_word' id='word_1_629' title='bbox 1393 5463 1653 5529; x_wconf 89' lang='lat' dir='ltr'><strong>decoris,</strong></span> <span class='ocrx_word' id='word_1_630' title='bbox 1720 5463 1907 5534; x_wconf 77' lang='lat' dir='ltr'><strong>gloria:</strong></span> <span class='ocrx_word' id='word_1_631' title='bbox 1953 5463 2297 5518; x_wconf 86' lang='lat' dir='ltr'><strong>auctoritatis</strong></span> 
     </span>
    </p>
   </div>
   <div class='ocr_carea' id='block_1_86' title="bbox 699 5558 2297 5629">
    <p class='ocr_par' dir='ltr' id='par_1_86' title="bbox 699 5558 2297 5629">
     <span class='ocr_line' id='line_1_86' title="bbox 699 5558 2297 5629; baseline -0.003 -14"><span class='ocrx_word' id='word_1_632' title='bbox 699 5569 863 5628; x_wconf 73' lang='lat' dir='ltr'><strong>atque</strong></span> <span class='ocrx_word' id='word_1_633' title='bbox 886 5559 1161 5629; x_wconf 71' lang='lat' dir='ltr'><strong>potentiae,</strong></span> <span class='ocrx_word' id='word_1_634' title='bbox 1195 5575 1318 5612; x_wconf 91' lang='lat' dir='ltr'><strong>cum</strong></span> <span class='ocrx_word' id='word_1_635' title='bbox 1370 5559 1472 5613; x_wconf 87' lang='lat' dir='ltr'><strong>hac</strong></span> <span class='ocrx_word' id='word_1_636' title='bbox 1531 5562 1641 5612; x_wconf 83' lang='lat' dir='ltr'><strong>vita</strong></span> <span class='ocrx_word' id='word_1_637' title='bbox 1677 5561 1848 5613; x_wconf 85' lang='lat' dir='ltr'><strong>l&#39;nncti</strong></span> <span class='ocrx_word' id='word_1_638' title='bbox 1881 5558 2171 5613; x_wconf 88' lang='lat' dir='ltr'><strong>scelestum</strong></span> <span class='ocrx_word' id='word_1_639' title='bbox 2200 5572 2297 5611; x_wconf 86' lang='lat' dir='ltr'><strong>no-</strong></span> 
     </span>
    </p>
   </div>
   <div class='ocr_carea' id='block_1_87' title="bbox 699 5642 2289 5719">
    <p class='ocr_par' dir='ltr' id='par_1_87' title="bbox 699 5642 2289 5719">
     <span class='ocr_line' id='line_1_87' title="bbox 699 5642 2289 5719; baseline -0.003 -15"><span class='ocrx_word' id='word_1_640' title='bbox 699 5670 824 5705; x_wconf 69' lang='lat' dir='ltr'><strong>men</strong></span> <span class='ocrx_word' id='word_1_641' title='bbox 876 5642 1281 5719; x_wconf 86' lang='lat' dir='ltr'><strong>relinquemus?</strong></span> <span class='ocrx_word' id='word_1_642' title='bbox 1365 5666 1488 5703; x_wconf 90' lang='lat' dir='ltr'><strong>cum</strong></span> <span class='ocrx_word' id='word_1_643' title='bbox 1543 5651 1656 5717; x_wconf 87' lang='lat' dir='ltr'><strong>jam</strong></span> <span class='ocrx_word' id='word_1_644' title='bbox 1707 5650 2061 5704; x_wconf 86' lang='lat' dir='ltr'><strong>contumeliis</strong></span> <span class='ocrx_word' id='word_1_645' title='bbox 2122 5646 2289 5700; x_wconf 69' lang='grc' dir='ltr'><strong>³1Πυί-</strong></span> 
     </span>
    </p>
   </div>
   <div class='ocr_carea' id='block_1_88' title="bbox 702 5742 2299 5820">
    <p class='ocr_par' dir='ltr' id='par_1_88' title="bbox 702 5742 2299 5820">
     <span class='ocr_line' id='line_1_88' title="bbox 702 5742 2299 5820; baseline -0.002 -24"><span class='ocrx_word' id='word_1_646' title='bbox 702 5761 847 5807; x_wconf 89' lang='lat' dir='ltr'><strong>n.ur,</strong></span> <span class='ocrx_word' id='word_1_647' title='bbox 873 5760 995 5797; x_wconf 89' lang='lat' dir='ltr'><strong>cum</strong></span> <span class='ocrx_word' id='word_1_648' title='bbox 1032 5745 1242 5820; x_wconf 81' lang='lat' dir='ltr'><strong>probris</strong></span> <span class='ocrx_word' id='word_1_649' title='bbox 1280 5744 1572 5799; x_wconf 87' lang='lat' dir='ltr'><strong>obruimur</strong></span> <span class='ocrx_word' id='word_1_650' title='bbox 1610 5744 1679 5798; x_wconf 83' lang='lat' dir='ltr'><strong>ab</strong></span> <span class='ocrx_word' id='word_1_651' title='bbox 1719 5744 1787 5798; x_wconf 90' lang='lat' dir='ltr'><strong>iis</strong></span> <span class='ocrx_word' id='word_1_652' title='bbox 1831 5742 2031 5813; x_wconf 85' lang='lat' dir='ltr'><strong>quibus</strong></span> <span class='ocrx_word' id='word_1_653' title='bbox 2058 5742 2185 5796; x_wconf 90' lang='lat' dir='ltr'><strong>odio</strong></span> <span class='ocrx_word' id='word_1_654' title='bbox 2216 5750 2299 5794; x_wconf 87' lang='lat' dir='ltr'><strong>est</strong></span> 
     </span>
    </p>
   </div>
   <div class='ocr_carea' id='block_1_89' title="bbox 699 5836 2299 5911">
    <p class='ocr_par' dir='ltr' id='par_1_89' title="bbox 699 5836 2299 5911">
     <span class='ocr_line' id='line_1_89' title="bbox 699 5836 2299 5911; baseline -0.002 -19"><span class='ocrx_word' id='word_1_655' title='bbox 699 5840 903 5893; x_wconf 72' lang='lat' dir='ltr'><strong>malitia</strong></span> <span class='ocrx_word' id='word_1_656' title='bbox 926 5839 947 5891; x_wconf 74' lang='grc' dir='ltr'>’ί</span> <span class='ocrx_word' id='word_1_657' title='bbox 974 5856 1098 5894; x_wconf 89' lang='lat' dir='ltr'><strong>curn</strong></span> <span class='ocrx_word' id='word_1_658' title='bbox 1134 5842 1290 5893; x_wconf 86' lang='lat' dir='ltr'><strong>nobis</strong></span> <span class='ocrx_word' id='word_1_659' title='bbox 1320 5841 1651 5895; x_wconf 84' lang='lat' dir='ltr'><strong>maledicunt</strong></span> <span class='ocrx_word' id='word_1_660' title='bbox 1670 5842 1762 5911; x_wconf 86' lang='lat' dir='ltr'><strong>qui</strong></span> <span class='ocrx_word' id='word_1_661' title='bbox 1783 5841 1934 5910; x_wconf 81' lang='lat' dir='ltr'><strong>pacis</strong></span> <span class='ocrx_word' id='word_1_662' title='bbox 1948 5840 2149 5893; x_wconf 86' lang='lat' dir='ltr'><strong>bonum</strong></span> <span class='ocrx_word' id='word_1_663' title='bbox 2174 5836 2299 5891; x_wconf 85' lang='lat' dir='ltr'><strong>dili-</strong></span> 
     </span>
    </p>
   </div>
   <div class='ocr_carea' id='block_1_90' title="bbox 699 5936 2299 6006">
    <p class='ocr_par' dir='ltr' id='par_1_90' title="bbox 699 5936 2299 6006">
     <span class='ocr_line' id='line_1_90' title="bbox 699 5936 2299 6006; baseline 0.003 -19"><span class='ocrx_word' id='word_1_664' title='bbox 699 5945 830 6006; x_wconf 78' lang='lat' dir='ltr'><strong>gunt</strong></span> <span class='ocrx_word' id='word_1_665' title='bbox 877 5945 929 5988; x_wconf 91' lang='lat' dir='ltr'><strong>et</strong></span> <span class='ocrx_word' id='word_1_666' title='bbox 1002 5936 1175 5991; x_wconf 64' lang='lat' dir='ltr'><strong>caedes</strong></span> <span class='ocrx_word' id='word_1_667' title='bbox 1251 5951 1413 6006; x_wconf 83' lang='lat' dir='ltr'><strong>atque</strong></span> <span class='ocrx_word' id='word_1_668' title='bbox 1492 5936 1786 5991; x_wconf 77' lang='lat' dir='ltr'><strong>bomicrdia</strong></span> <span class='ocrx_word' id='word_1_669' title='bbox 1863 5937 2299 5993; x_wconf 75' lang='lat' dir='ltr'><strong>abominantur?</strong></span> 
     </span>
    </p>
   </div>
   <div class='ocr_carea' id='block_1_91' title="bbox 2469 3787 4014 3861">
    <p class='ocr_par' dir='ltr' id='par_1_91' title="bbox 2469 3787 4014 3861">
     <span class='ocr_line' id='line_1_91' title="bbox 2469 3787 4014 3861; baseline -0.002 -21"><span class='ocrx_word' id='word_1_670' title='bbox 2469 3787 2751 3856; x_wconf 72' lang='grc' dir='ltr'><strong>Ἐγένοντο</strong></span> <span class='ocrx_word' id='word_1_671' title='bbox 2801 3788 2989 3840; x_wconf 74' lang='grc' dir='ltr'>πολλοὶ</span> <span class='ocrx_word' id='word_1_672' title='bbox 3040 3788 3362 3851; x_wconf 83' lang='grc' dir='ltr'>πλειστάκις</span> <span class='ocrx_word' id='word_1_673' title='bbox 3416 3787 3602 3858; x_wconf 66' lang='grc' dir='ltr'>ἐχθροὶ</span> <span class='ocrx_word' id='word_1_674' title='bbox 3661 3789 3799 3860; x_wconf 85' lang='lat' dir='ltr'><strong>«pb;</strong></span> <span class='ocrx_word' id='word_1_675' title='bbox 3833 3791 4014 3861; x_wconf 79' lang='grc' dir='ltr'>ἁλλή-</span> 
     </span>
    </p>
   </div>
   <div class='ocr_carea' id='block_1_92' title="bbox 2398 3879 4010 3951">
    <p class='ocr_par' dir='ltr' id='par_1_92' title="bbox 2398 3879 4010 3951">
     <span class='ocr_line' id='line_1_92' title="bbox 2398 3879 4010 3951; baseline 0.003 -21"><span class='ocrx_word' id='word_1_676' title='bbox 2398 3879 2546 3943; x_wconf 81' lang='grc' dir='ltr'>λονς,</span> <span class='ocrx_word' id='word_1_677' title='bbox 2583 3879 2699 3932; x_wconf 81' lang='grc' dir='ltr'>ἀλλ’</span> <span class='ocrx_word' id='word_1_678' title='bbox 2750 3880 2865 3932; x_wconf 82' lang='grc' dir='ltr'>ὅσοι</span> <span class='ocrx_word' id='word_1_679' title='bbox 2908 3880 3333 3946; x_wconf 78' lang='grc' dir='ltr'>ἐπιεικέστεροι,</span> <span class='ocrx_word' id='word_1_680' title='bbox 3366 3879 3482 3932; x_wconf 83' lang='grc' dir='ltr'>ὅσοι</span> <span class='ocrx_word' id='word_1_681' title='bbox 3534 3881 3624 3932; x_wconf 77' lang='grc' dir='ltr'>τὸν</span> <span class='ocrx_word' id='word_1_682' title='bbox 3655 3882 3860 3951; x_wconf 76' lang='grc' dir='ltr'>τρόπον</span> <span class='ocrx_word' id='word_1_683' title='bbox 3897 3886 4010 3937; x_wconf 84' lang='grc' dir='ltr'><strong>ἁν-</strong></span> 
     </span>
    </p>
   </div>
   <div class='ocr_carea' id='block_1_93' title="bbox 2401 3971 4018 4043">
    <p class='ocr_par' dir='ltr' id='par_1_93' title="bbox 2401 3971 4018 4043">
     <span class='ocr_line' id='line_1_93' title="bbox 2401 3971 4018 4043; baseline 0.003 -19"><span class='ocrx_word' id='word_1_684' title='bbox 2401 3972 2843 4042; x_wconf 76' lang='grc' dir='ltr'>ορωπικώτεροι,</span> <span class='ocrx_word' id='word_1_685' title='bbox 2876 3974 3083 4025; x_wconf 74' lang='grc' dir='ltr'>ἔδωκαν</span> <span class='ocrx_word' id='word_1_686' title='bbox 3108 3972 3236 4041; x_wconf 82' lang='grc' dir='ltr'>ὅρον</span> <span class='ocrx_word' id='word_1_687' title='bbox 3267 3974 3332 4041; x_wconf 83' lang='grc' dir='ltr'><strong>τῇ</strong></span> <span class='ocrx_word' id='word_1_688' title='bbox 3364 3971 3555 4043; x_wconf 68' lang='grc' dir='ltr'>ἔχθρᾳ,</span> <span class='ocrx_word' id='word_1_689' title='bbox 3584 3974 3683 4027; x_wconf 83' lang='grc' dir='ltr'>ούκ</span> <span class='ocrx_word' id='word_1_690' title='bbox 3712 3974 4018 4043; x_wconf 77' lang='grc' dir='ltr'>ἐνέμειναν</span> 
     </span>
    </p>
   </div>
   <div class='ocr_carea' id='block_1_94' title="bbox 2397 4063 4013 4137">
    <p class='ocr_par' dir='ltr' id='par_1_94' title="bbox 2397 4063 4013 4137">
     <span class='ocr_line' id='line_1_94' title="bbox 2397 4063 4013 4137; baseline 0.001 -20"><span class='ocrx_word' id='word_1_691' title='bbox 2397 4065 2690 4127; x_wconf 77' lang='grc' dir='ltr'>διαπαντὸς</span> <span class='ocrx_word' id='word_1_692' title='bbox 2711 4064 2789 4135; x_wconf 80' lang='grc' dir='ltr'>τῷ</span> <span class='ocrx_word' id='word_1_693' title='bbox 2820 4063 2997 4133; x_wconf 80' lang='grc' dir='ltr'>κακῷ,</span> <span class='ocrx_word' id='word_1_694' title='bbox 3029 4064 3165 4116; x_wconf 70' lang='grc' dir='ltr'>ἀλλὰ</span> <span class='ocrx_word' id='word_1_695' title='bbox 3196 4064 3505 4128; x_wconf 83' lang='grc' dir='ltr'>συνειδότες</span> <span class='ocrx_word' id='word_1_696' title='bbox 3535 4065 3610 4128; x_wconf 84' lang='grc' dir='ltr'>ὡς</span> <span class='ocrx_word' id='word_1_697' title='bbox 3640 4066 4013 4137; x_wconf 74' lang='grc' dir='ltr'>ἀνθρωπίνης</span> 
     </span>
    </p>
   </div>
   <div class='ocr_carea' id='block_1_95' title="bbox 2401 4154 4017 4227">
    <p class='ocr_par' dir='ltr' id='par_1_95' title="bbox 2401 4154 4017 4227">
     <span class='ocr_line' id='line_1_95' title="bbox 2401 4154 4017 4227; baseline 0.003 -21"><span class='ocrx_word' id='word_1_698' title='bbox 2401 4160 2617 4225; x_wconf 80' lang='grc' dir='ltr'>φύσεως</span> <span class='ocrx_word' id='word_1_699' title='bbox 2648 4154 2929 4225; x_wconf 80' lang='grc' dir='ltr'>ἀλλότριον</span> <span class='ocrx_word' id='word_1_700' title='bbox 2965 4156 3026 4208; x_wconf 78' lang='grc' dir='ltr'>τὸ</span> <span class='ocrx_word' id='word_1_701' title='bbox 3063 4156 3392 4226; x_wconf 81' lang='grc' dir='ltr'>ἐχθραίνειν,</span> <span class='ocrx_word' id='word_1_702' title='bbox 3461 4157 3758 4227; x_wconf 79' lang='grc' dir='ltr'>μετέϐαλον</span> <span class='ocrx_word' id='word_1_703' title='bbox 3788 4158 3870 4219; x_wconf 81' lang='grc' dir='ltr'>είς</span> <span class='ocrx_word' id='word_1_704' title='bbox 3923 4160 4017 4211; x_wconf 79' lang='grc' dir='ltr'><strong>εί-</strong></span> 
     </span>
    </p>
   </div>
   <div class='ocr_carea' id='block_1_96' title="bbox 2402 4248 4017 4325">
    <p class='ocr_par' dir='ltr' id='par_1_96' title="bbox 2402 4248 4017 4325">
     <span class='ocr_line' id='line_1_96' title="bbox 2402 4248 4017 4325; baseline 0.001 -24"><span class='ocrx_word' id='word_1_705' title='bbox 2402 4257 2572 4321; x_wconf 80' lang='grc' dir='ltr'>ρηνην</span> <span class='ocrx_word' id='word_1_706' title='bbox 2596 4248 2695 4319; x_wconf 77' lang='grc' dir='ltr'><strong>τὴν</strong></span> <span class='ocrx_word' id='word_1_707' title='bbox 2729 4249 2950 4320; x_wconf 73' lang='grc' dir='ltr'>ἔχθραν.</span> <span class='ocrx_word' id='word_1_708' title='bbox 2980 4250 3094 4325; x_wconf 77' lang='grc' dir='ltr'><strong>Καὶ⁸</strong></span> <span class='ocrx_word' id='word_1_709' title='bbox 3120 4250 3180 4300; x_wconf 87' lang='grc' dir='ltr'>ού</span> <span class='ocrx_word' id='word_1_710' title='bbox 3196 4250 3342 4317; x_wconf 79' lang='grc' dir='ltr'>λέγω</span> <span class='ocrx_word' id='word_1_711' title='bbox 3367 4249 3536 4302; x_wconf 81' lang='grc' dir='ltr'>τέκνα</span> <span class='ocrx_word' id='word_1_712' title='bbox 3562 4251 3700 4321; x_wconf 76' lang='grc' dir='ltr'>πρὸς</span> <span class='ocrx_word' id='word_1_713' title='bbox 3733 4250 4017 4319; x_wconf 61' lang='grc' dir='ltr'>πατέρας,</span> 
     </span>
    </p>
   </div>
   <div class='ocr_carea' id='block_1_97' title="bbox 2400 4342 4016 4414">
    <p class='ocr_par' dir='ltr' id='par_1_97' title="bbox 2400 4342 4016 4414">
     <span class='ocr_line' id='line_1_97' title="bbox 2400 4342 4016 4414; baseline -0.001 -17"><span class='ocrx_word' id='word_1_714' title='bbox 2400 4346 2670 4412; x_wconf 49' lang='lat' dir='ltr'><strong>disice-la;</strong></span> <span class='ocrx_word' id='word_1_715' title='bbox 2702 4345 2839 4414; x_wconf 87' lang='lat' dir='ltr'><strong>«pb;</strong></span> <span class='ocrx_word' id='word_1_716' title='bbox 2892 4343 3161 4411; x_wconf 64' lang='grc' dir='ltr'>ἁδελιξοὺς</span> <span class='ocrx_word' id='word_1_717' title='bbox 3193 4342 3355 4395; x_wconf 82' lang='grc' dir='ltr'>τοῦτο</span> <span class='ocrx_word' id='word_1_718' title='bbox 3398 4345 3755 4413; x_wconf 84' lang='grc' dir='ltr'>ποιήσαντας,</span> <span class='ocrx_word' id='word_1_719' title='bbox 3812 4344 4016 4412; x_wconf 77' lang='grc' dir='ltr'>μαθη-</span> 
     </span>
    </p>
   </div>
   <div class='ocr_carea' id='block_1_98' title="bbox 2397 4436 4022 4507">
    <p class='ocr_par' dir='ltr' id='par_1_98' title="bbox 2397 4436 4022 4507">
     <span class='ocr_line' id='line_1_98' title="bbox 2397 4436 4022 4507; baseline 0.002 -20"><span class='ocrx_word' id='word_1_720' title='bbox 2397 4439 2499 4499; x_wconf 69' lang='grc' dir='ltr'>τὰς</span> <span class='ocrx_word' id='word_1_721' title='bbox 2563 4440 2699 4507; x_wconf 81' lang='lat' dir='ltr'><strong>«pb;</strong></span> <span class='ocrx_word' id='word_1_722' title='bbox 2743 4436 3120 4500; x_wconf 74' lang='grc' dir='ltr'>διδασκάλους,</span> <span class='ocrx_word' id='word_1_723' title='bbox 3164 4437 3301 4492; x_wconf 79' lang='grc' dir='ltr'>ἀλλὰ</span> <span class='ocrx_word' id='word_1_724' title='bbox 3347 4439 3441 4489; x_wconf 81' lang='grc' dir='ltr'><strong>καὶ</strong></span> <span class='ocrx_word' id='word_1_725' title='bbox 3505 4438 3632 4499; x_wconf 82' lang='grc' dir='ltr'>τοὺς</span> <span class='ocrx_word' id='word_1_726' title='bbox 3669 4438 3857 4507; x_wconf 57' lang='grc' dir='ltr'>πόρρω</span> <span class='ocrx_word' id='word_1_727' title='bbox 3903 4440 4022 4507; x_wconf 71' lang='grc' dir='ltr'><strong>τῆς</strong></span> 
     </span>
    </p>
   </div>
   <div class='ocr_carea' id='block_1_99' title="bbox 2400 4527 4021 4598">
    <p class='ocr_par' dir='ltr' id='par_1_99' title="bbox 2400 4527 4021 4598">
     <span class='ocr_line' id='line_1_99' title="bbox 2400 4527 4021 4598; baseline 0.001 -18"><span class='ocrx_word' id='word_1_728' title='bbox 2400 4527 2660 4595; x_wconf 72' lang='grc' dir='ltr'>τοιαύτης</span> <span class='ocrx_word' id='word_1_729' title='bbox 2704 4530 3003 4596; x_wconf 78' lang='grc' dir='ltr'>συναφείας</span> <span class='ocrx_word' id='word_1_730' title='bbox 3044 4529 3139 4579; x_wconf 78' lang='grc' dir='ltr'><strong>καὶ</strong></span> <span class='ocrx_word' id='word_1_731' title='bbox 3199 4527 3464 4597; x_wconf 75' lang='grc' dir='ltr'>σχέσεως.</span> <span class='ocrx_word' id='word_1_732' title='bbox 3506 4528 3578 4580; x_wconf 82' lang='lat' dir='ltr'><strong>&#39;l&#39;b</strong></span> <span class='ocrx_word' id='word_1_733' title='bbox 3632 4527 3678 4579; x_wconf 79' lang='grc' dir='ltr'>δ’</span> <span class='ocrx_word' id='word_1_734' title='bbox 3726 4528 4021 4598; x_wconf 82' lang='grc' dir='ltr'>ὑμέτερον</span> 
     </span>
    </p>
   </div>
   <div class='ocr_carea' id='block_1_100' title="bbox 2402 4619 4024 4689">
    <p class='ocr_par' dir='ltr' id='par_1_100' title="bbox 2402 4619 4024 4689">
     <span class='ocr_line' id='line_1_100' title="bbox 2402 4619 4024 4689; baseline 0.001 -17"><span class='ocrx_word' id='word_1_735' title='bbox 2402 4621 2690 4684; x_wconf 84' lang='grc' dir='ltr'><strong>ποταπόν;</strong></span> <span class='ocrx_word' id='word_1_736' title='bbox 2746 4620 2925 4671; x_wconf 85' lang='grc' dir='ltr'>Τέκνα</span> <span class='ocrx_word' id='word_1_737' title='bbox 2981 4620 3118 4689; x_wconf 81' lang='lat' dir='ltr'><strong>«pb;</strong></span> <span class='ocrx_word' id='word_1_738' title='bbox 3170 4620 3411 4688; x_wconf 82' lang='grc' dir='ltr'>πατέρας</span> <span class='ocrx_word' id='word_1_739' title='bbox 3478 4619 3681 4689; x_wconf 73' lang='grc' dir='ltr'>ἔχθραν</span> <span class='ocrx_word' id='word_1_740' title='bbox 3727 4620 4024 4674; x_wconf 73' lang='grc' dir='ltr'>ἄσπονδον</span> 
     </span>
    </p>
   </div>
   <div class='ocr_carea' id='block_1_101' title="bbox 2401 4712 4021 4785">
    <p class='ocr_par' dir='ltr' id='par_1_101' title="bbox 2401 4712 4021 4785">
     <span class='ocr_line' id='line_1_101' title="bbox 2401 4712 4021 4785; baseline 0 -19"><span class='ocrx_word' id='word_1_741' title='bbox 2401 4715 2580 4785; x_wconf 76' lang='grc' dir='ltr'>ἔχετε,</span> <span class='ocrx_word' id='word_1_742' title='bbox 2628 4713 2850 4783; x_wconf 80' lang='grc' dir='ltr'>ἀδελφοὶ</span> <span class='ocrx_word' id='word_1_743' title='bbox 2894 4715 3031 4782; x_wconf 77' lang='grc' dir='ltr'>πρὸς</span> <span class='ocrx_word' id='word_1_744' title='bbox 3058 4712 3346 4781; x_wconf 74' lang='grc' dir='ltr'>ἀδελφοὺς,</span> <span class='ocrx_word' id='word_1_745' title='bbox 3385 4713 3629 4782; x_wconf 77' lang='grc' dir='ltr'>μαθηταὶ</span> <span class='ocrx_word' id='word_1_746' title='bbox 3686 4713 3818 4783; x_wconf 80' lang='grc' dir='ltr'>πρὸς</span> <span class='ocrx_word' id='word_1_747' title='bbox 3843 4712 4021 4766; x_wconf 79' lang='grc' dir='ltr'>διδα-</span> 
     </span>
    </p>
   </div>
   <div class='ocr_carea' id='block_1_102' title="bbox 2399 4810 4026 4881">
    <p class='ocr_par' dir='ltr' id='par_1_102' title="bbox 2399 4810 4026 4881">
     <span class='ocr_line' id='line_1_102' title="bbox 2399 4810 4026 4881; baseline 0 -19"><span class='ocrx_word' id='word_1_748' title='bbox 2399 4810 2656 4875; x_wconf 78' lang='grc' dir='ltr'>σκάλους,</span> <span class='ocrx_word' id='word_1_749' title='bbox 2687 4812 2783 4861; x_wconf 81' lang='grc' dir='ltr'><strong>καὶ</strong></span> <span class='ocrx_word' id='word_1_750' title='bbox 2843 4810 2966 4863; x_wconf 80' lang='grc' dir='ltr'>τότε</span> <span class='ocrx_word' id='word_1_751' title='bbox 3002 4812 3239 4881; x_wconf 85' lang='grc' dir='ltr'>πηλίκης</span> <span class='ocrx_word' id='word_1_752' title='bbox 3274 4810 3626 4873; x_wconf 78' lang='grc' dir='ltr'>διδασκαλίας</span> <span class='ocrx_word' id='word_1_753' title='bbox 3650 4812 3663 4863; x_wconf 83' lang='lat' dir='ltr'><strong>l</strong></span> <span class='ocrx_word' id='word_1_754' title='bbox 3689 4810 3810 4881; x_wconf 73' lang='grc' dir='ltr'>ἥτις</span> <span class='ocrx_word' id='word_1_755' title='bbox 3843 4810 4026 4875; x_wconf 61' lang='lat' dir='ltr'><strong>Optio;</strong></span> 
     </span>
    </p>
   </div>
   <div class='ocr_carea' id='block_1_103' title="bbox 2396 4900 4029 4972">
    <p class='ocr_par' dir='ltr' id='par_1_103' title="bbox 2396 4900 4029 4972">
     <span class='ocr_line' id='line_1_103' title="bbox 2396 4900 4029 4972; baseline 0 -17"><span class='ocrx_word' id='word_1_756' title='bbox 2396 4900 2605 4971; x_wconf 78' lang='grc' dir='ltr'>ἀνέῳξε</span> <span class='ocrx_word' id='word_1_757' title='bbox 2653 4901 2722 4951; x_wconf 82' lang='grc' dir='ltr'>τὰ</span> <span class='ocrx_word' id='word_1_758' title='bbox 2782 4900 3011 4971; x_wconf 76' lang='grc' dir='ltr'>ὄμματα</span> <span class='ocrx_word' id='word_1_759' title='bbox 3058 4902 3159 4971; x_wconf 76' lang='grc' dir='ltr'><strong>τῆς</strong></span> <span class='ocrx_word' id='word_1_760' title='bbox 3193 4902 3396 4971; x_wconf 70' lang='grc' dir='ltr'>ψυχῆς,</span> <span class='ocrx_word' id='word_1_761' title='bbox 3438 4902 3690 4972; x_wconf 83' lang='grc' dir='ltr'>ὼδήγησε</span> <span class='ocrx_word' id='word_1_762' title='bbox 3748 4902 3888 4971; x_wconf 81' lang='grc' dir='ltr'>πρὸς</span> <span class='ocrx_word' id='word_1_763' title='bbox 3952 4904 4029 4955; x_wconf 81' lang='grc' dir='ltr'>τὸ</span> 
     </span>
    </p>
   </div>
   <div class='ocr_carea' id='block_1_104' title="bbox 2397 4993 4030 5067">
    <p class='ocr_par' dir='ltr' id='par_1_104' title="bbox 2397 4993 4030 5067">
     <span class='ocr_line' id='line_1_104' title="bbox 2397 4993 4030 5067; baseline -0.004 -13"><span class='ocrx_word' id='word_1_764' title='bbox 2397 4997 2535 5066; x_wconf 78' lang='grc' dir='ltr'>φὼς,</span> <span class='ocrx_word' id='word_1_765' title='bbox 2567 4996 2669 5067; x_wconf 82' lang='grc' dir='ltr'><strong>τῆς</strong></span> <span class='ocrx_word' id='word_1_766' title='bbox 2714 4994 2808 5048; x_wconf 84' lang='grc' dir='ltr'>τοῦ</span> <span class='ocrx_word' id='word_1_767' title='bbox 2839 4993 3090 5046; x_wconf 80' lang='grc' dir='ltr'>διαϐόλου</span> <span class='ocrx_word' id='word_1_768' title='bbox 3148 4994 3397 5060; x_wconf 86' lang='grc' dir='ltr'>δουλείας</span> <span class='ocrx_word' id='word_1_769' title='bbox 3451 4995 3725 5066; x_wconf 77' lang='grc' dir='ltr'>ἐρρύσατο</span> <span class='ocrx_word' id='word_1_770' title='bbox 3754 5012 3767 5024; x_wconf 95' lang='grc'><strong>·</strong></span> <span class='ocrx_word' id='word_1_771' title='bbox 3805 4998 3901 5048; x_wconf 73' lang='grc' dir='ltr'>καὶ</span> <span class='ocrx_word' id='word_1_772' title='bbox 3949 5001 4030 5051; x_wconf 69' lang='grc' dir='ltr'>τὸ</span> 
     </span>
    </p>
   </div>
   <div class='ocr_carea' id='block_1_105' title="bbox 2396 5087 4026 5159">
    <p class='ocr_par' dir='ltr' id='par_1_105' title="bbox 2396 5087 4026 5159">
     <span class='ocr_line' id='line_1_105' title="bbox 2396 5087 4026 5159; baseline 0.001 -16"><span class='ocrx_word' id='word_1_773' title='bbox 2396 5091 2493 5143; x_wconf 81' lang='grc' dir='ltr'><strong>ὲπὶ</strong></span> <span class='ocrx_word' id='word_1_774' title='bbox 2522 5091 2734 5153; x_wconf 86' lang='grc' dir='ltr'>τούτοις</span> <span class='ocrx_word' id='word_1_775' title='bbox 2769 5088 3129 5157; x_wconf 81' lang='grc' dir='ltr'>ἀσύγκριτον,</span> <span class='ocrx_word' id='word_1_776' title='bbox 3194 5087 3345 5150; x_wconf 74' lang='grc' dir='ltr'>υίοὺς</span> <span class='ocrx_word' id='word_1_777' title='bbox 3408 5087 3545 5139; x_wconf 81' lang='grc' dir='ltr'>Θεοῦ</span> <span class='ocrx_word' id='word_1_778' title='bbox 3586 5089 4026 5159; x_wconf 72' lang='grc' dir='ltr'><strong>ἀπειργάσατο.</strong></span> 
     </span>
    </p>
   </div>
   <div class='ocr_carea' id='block_1_106' title="bbox 2397 5179 4029 5251">
    <p class='ocr_par' dir='ltr' id='par_1_106' title="bbox 2397 5179 4029 5251">
     <span class='ocr_line' id='line_1_106' title="bbox 2397 5179 4029 5251; baseline -0.001 -15"><span class='ocrx_word' id='word_1_779' title='bbox 2397 5185 2493 5247; x_wconf 84' lang='grc' dir='ltr'><strong>Τίς</strong></span> <span class='ocrx_word' id='word_1_780' title='bbox 2536 5183 2629 5236; x_wconf 80' lang='grc' dir='ltr'>οὖν</span> <span class='ocrx_word' id='word_1_781' title='bbox 2686 5182 2794 5235; x_wconf 87' lang='grc' dir='ltr'>τῶν</span> <span class='ocrx_word' id='word_1_782' title='bbox 2837 5182 3333 5251; x_wconf 79' lang='grc' dir='ltr'>μεταγενεστέρων</span> <span class='ocrx_word' id='word_1_783' title='bbox 3390 5179 3585 5234; x_wconf 77' lang='grc' dir='ltr'>ταῦτα.</span> <span class='ocrx_word' id='word_1_784' title='bbox 3616 5180 3829 5247; x_wconf 79' lang='grc' dir='ltr'>μέλλων</span> <span class='ocrx_word' id='word_1_785' title='bbox 3862 5185 4029 5235; x_wconf 82' lang='grc' dir='ltr'>ἁνα-</span> 
     </span>
    </p>
   </div>
   <div class='ocr_carea' id='block_1_107' title="bbox 2402 5274 4032 5348">
    <p class='ocr_par' dir='ltr' id='par_1_107' title="bbox 2402 5274 4032 5348">
     <span class='ocr_line' id='line_1_107' title="bbox 2402 5274 4032 5348; baseline -0.001 -19"><span class='ocrx_word' id='word_1_786' title='bbox 2402 5277 2716 5348; x_wconf 78' lang='grc' dir='ltr'>μανθάνειν,</span> <span class='ocrx_word' id='word_1_787' title='bbox 2764 5276 2887 5346; x_wconf 81' lang='grc' dir='ltr'><strong>οὐχὶ</strong></span> <span class='ocrx_word' id='word_1_788' title='bbox 2918 5276 3098 5327; x_wconf 80' lang='grc' dir='ltr'>πάντα</span> <span class='ocrx_word' id='word_1_789' title='bbox 3128 5274 3340 5343; x_wconf 81' lang='grc' dir='ltr'>ὀνείδη,</span> <span class='ocrx_word' id='word_1_790' title='bbox 3375 5274 3498 5344; x_wconf 77' lang='grc' dir='ltr'><strong>οὐχὶ</strong></span> <span class='ocrx_word' id='word_1_791' title='bbox 3532 5276 3715 5336; x_wconf 84' lang='grc' dir='ltr'>πάσας</span> <span class='ocrx_word' id='word_1_792' title='bbox 3751 5275 4032 5348; x_wconf 72' lang='grc' dir='ltr'>βλασφη-</span> 
     </span>
    </p>
   </div>
   <div class='ocr_carea' id='block_1_108' title="bbox 2403 5368 4032 5441">
    <p class='ocr_par' dir='ltr' id='par_1_108' title="bbox 2403 5368 4032 5441">
     <span class='ocr_line' id='line_1_108' title="bbox 2403 5368 4032 5441; baseline 0.001 -18"><span class='ocrx_word' id='word_1_793' title='bbox 2403 5372 2534 5440; x_wconf 85' lang='grc' dir='ltr'>μίας</span> <span class='ocrx_word' id='word_1_794' title='bbox 2566 5368 3009 5439; x_wconf 74' lang='grc' dir='ltr'><strong>ὲπαφήσεικατὰ</strong></span> <span class='ocrx_word' id='word_1_795' title='bbox 3058 5369 3167 5423; x_wconf 90' lang='grc' dir='ltr'>τῶν</span> <span class='ocrx_word' id='word_1_796' title='bbox 3227 5368 3401 5431; x_wconf 75' lang='grc' dir='ltr'>οὕτως</span> <span class='ocrx_word' id='word_1_797' title='bbox 3464 5369 3733 5422; x_wconf 80' lang='grc' dir='ltr'>ἀθάνατον</span> <span class='ocrx_word' id='word_1_798' title='bbox 3792 5369 4032 5441; x_wconf 70' lang='grc' dir='ltr'>ἔχθραν</span> 
     </span>
    </p>
   </div>
   <div class='ocr_carea' id='block_1_109' title="bbox 2401 5458 4035 5535">
    <p class='ocr_par' dir='ltr' id='par_1_109' title="bbox 2401 5458 4035 5535">
     <span class='ocr_line' id='line_1_109' title="bbox 2401 5458 4035 5535; baseline -0.006 -19"><span class='ocrx_word' id='word_1_799' title='bbox 2401 5464 2719 5535; x_wconf 82' lang='grc' dir='ltr'><strong>ἀραμένων.</strong></span> <span class='ocrx_word' id='word_1_800' title='bbox 2745 5458 2885 5516; x_wconf 83' lang='grc' dir='ltr'>Εἶτα</span> <span class='ocrx_word' id='word_1_801' title='bbox 2928 5462 2981 5514; x_wconf 87' lang='grc' dir='ltr'><strong>τί</strong></span> <span class='ocrx_word' id='word_1_802' title='bbox 3019 5461 3075 5514; x_wconf 79' lang='grc' dir='ltr'>τὸ</span> <span class='ocrx_word' id='word_1_803' title='bbox 3110 5462 3299 5531; x_wconf 80' lang='grc' dir='ltr'>κέρδος</span> <span class='ocrx_word' id='word_1_804' title='bbox 3328 5464 3428 5531; x_wconf 77' lang='grc' dir='ltr'>τῆς</span> <span class='ocrx_word' id='word_1_805' title='bbox 3455 5461 3707 5514; x_wconf 77' lang='grc' dir='ltr'>ἐντεῦθεν</span> <span class='ocrx_word' id='word_1_806' title='bbox 3755 5478 4035 5531; x_wconf 72' lang='grc' dir='ltr'>περιφα-</span> 
     </span>
    </p>
   </div>
   <div class='ocr_carea' id='block_1_110' title="bbox 2402 5554 4033 5626">
    <p class='ocr_par' dir='ltr' id='par_1_110' title="bbox 2402 5554 4033 5626">
     <span class='ocr_line' id='line_1_110' title="bbox 2402 5554 4033 5626; baseline 0.003 -19"><span class='ocrx_word' id='word_1_807' title='bbox 2402 5558 2573 5623; x_wconf 66' lang='grc' dir='ltr'>νείας,</span> <span class='ocrx_word' id='word_1_808' title='bbox 2608 5556 2708 5623; x_wconf 78' lang='grc' dir='ltr'><strong>τῆς</strong></span> <span class='ocrx_word' id='word_1_809' title='bbox 2759 5554 2944 5626; x_wconf 76' lang='grc' dir='ltr'>δόξης,</span> <span class='ocrx_word' id='word_1_810' title='bbox 2976 5555 3074 5625; x_wconf 83' lang='grc' dir='ltr'><strong>τῆς</strong></span> <span class='ocrx_word' id='word_1_811' title='bbox 3132 5554 3333 5625; x_wconf 81' lang='grc' dir='ltr'>ἀρχῆς,</span> <span class='ocrx_word' id='word_1_812' title='bbox 3383 5557 3482 5625; x_wconf 83' lang='grc' dir='ltr'><strong>τῆς</strong></span> <span class='ocrx_word' id='word_1_813' title='bbox 3533 5554 3804 5620; x_wconf 79' lang='grc' dir='ltr'>ἐξουσίας,</span> <span class='ocrx_word' id='word_1_814' title='bbox 3864 5557 4033 5613; x_wconf 80' lang='grc' dir='ltr'>ὅταν</span> 
     </span>
    </p>
   </div>
   <div class='ocr_carea' id='block_1_111' title="bbox 2402 5649 4034 5723">
    <p class='ocr_par' dir='ltr' id='par_1_111' title="bbox 2402 5649 4034 5723">
     <span class='ocr_line' id='line_1_111' title="bbox 2402 5649 4034 5723; baseline -0.006 -18"><span class='ocrx_word' id='word_1_815' title='bbox 2402 5652 2770 5723; x_wconf 77' lang='grc' dir='ltr'>ἀπερχόμενοι</span> <span class='ocrx_word' id='word_1_816' title='bbox 2810 5651 2907 5719; x_wconf 86' lang='grc' dir='ltr'><strong>τῆς</strong></span> <span class='ocrx_word' id='word_1_817' title='bbox 2934 5650 3080 5712; x_wconf 75' lang='grc' dir='ltr'>ζωῆς</span> <span class='ocrx_word' id='word_1_818' title='bbox 3106 5651 3334 5717; x_wconf 81' lang='grc' dir='ltr'>ταύτης,</span> <span class='ocrx_word' id='word_1_819' title='bbox 3370 5649 3543 5717; x_wconf 77' lang='grc' dir='ltr'>ὄνομα</span> <span class='ocrx_word' id='word_1_820' title='bbox 3599 5650 3839 5719; x_wconf 80' lang='grc' dir='ltr'>πονηρὸν</span> <span class='ocrx_word' id='word_1_821' title='bbox 3901 5668 4034 5705; x_wconf 77' lang='grc' dir='ltr'><strong>κα-</strong></span> 
     </span>
    </p>
   </div>
   <div class='ocr_carea' id='block_1_112' title="bbox 2403 5741 4035 5814">
    <p class='ocr_par' dir='ltr' id='par_1_112' title="bbox 2403 5741 4035 5814">
     <span class='ocr_line' id='line_1_112' title="bbox 2403 5741 4035 5814; baseline -0.001 -17"><span class='ocrx_word' id='word_1_822' title='bbox 2403 5745 2748 5814; x_wconf 71' lang='grc' dir='ltr'>ταλεὶψωμεν</span> <span class='ocrx_word' id='word_1_823' title='bbox 2770 5784 2784 5809; x_wconf 91' lang='grc'>,</span> <span class='ocrx_word' id='word_1_824' title='bbox 2818 5744 2948 5795; x_wconf 80' lang='grc' dir='ltr'>ὅταν</span> <span class='ocrx_word' id='word_1_825' title='bbox 2996 5742 3369 5811; x_wconf 71' lang='grc' dir='ltr'>ὑϐριςώμεθα,</span> <span class='ocrx_word' id='word_1_826' title='bbox 3388 5743 3517 5794; x_wconf 80' lang='grc' dir='ltr'>ὅταν</span> <span class='ocrx_word' id='word_1_827' title='bbox 3545 5741 4035 5811; x_wconf 72' lang='grc' dir='ltr'><strong>ἐξονειὸιζὼμεθα</strong></span> 
     </span>
    </p>
   </div>
   <div class='ocr_carea' id='block_1_113' title="bbox 2409 5834 4034 5908">
    <p class='ocr_par' dir='ltr' id='par_1_113' title="bbox 2409 5834 4034 5908">
     <span class='ocr_line' id='line_1_113' title="bbox 2409 5834 4034 5908; baseline -0.006 -17"><span class='ocrx_word' id='word_1_828' title='bbox 2409 5840 2561 5908; x_wconf 75' lang='grc' dir='ltr'>παρὰ</span> <span class='ocrx_word' id='word_1_829' title='bbox 2598 5837 2705 5889; x_wconf 85' lang='grc' dir='ltr'>τῶν</span> <span class='ocrx_word' id='word_1_830' title='bbox 2730 5835 3038 5905; x_wconf 80' lang='grc' dir='ltr'>μισούντων</span> <span class='ocrx_word' id='word_1_831' title='bbox 3069 5835 3169 5905; x_wconf 71' lang='grc' dir='ltr'><strong>τὴν</strong></span> <span class='ocrx_word' id='word_1_832' title='bbox 3208 5838 3475 5904; x_wconf 80' lang='grc' dir='ltr'>πονηρίαν</span> <span class='ocrx_word' id='word_1_833' title='bbox 3500 5876 3513 5897; x_wconf 88' lang='grc'>,</span> <span class='ocrx_word' id='word_1_834' title='bbox 3565 5834 3695 5886; x_wconf 81' lang='grc' dir='ltr'>ὅταν</span> <span class='ocrx_word' id='word_1_835' title='bbox 3741 5835 4034 5904; x_wconf 76' lang='grc' dir='ltr'><strong>ὲπαρῶν-</strong></span> 
     </span>
    </p>
   </div>
   <div class='ocr_carea' id='block_1_114' title="bbox 2406 5926 4033 6002">
    <p class='ocr_par' dir='ltr' id='par_1_114' title="bbox 2406 5926 4033 6002">
     <span class='ocr_line' id='line_1_114' title="bbox 2406 5926 4033 6002; baseline -0.006 -17"><span class='ocrx_word' id='word_1_836' title='bbox 2406 5948 2495 5985; x_wconf 87' lang='grc' dir='ltr'><strong>ται</strong></span> <span class='ocrx_word' id='word_1_837' title='bbox 2527 5933 2656 6002; x_wconf 79' lang='grc' dir='ltr'>ἡμῖν</span> <span class='ocrx_word' id='word_1_838' title='bbox 2685 5932 2736 5983; x_wconf 80' lang='lat' dir='ltr'><strong>oi</strong></span> <span class='ocrx_word' id='word_1_839' title='bbox 2771 5931 2829 5983; x_wconf 87' lang='grc' dir='ltr'><strong>τὸ</strong></span> <span class='ocrx_word' id='word_1_840' title='bbox 2868 5928 2966 5999; x_wconf 81' lang='grc' dir='ltr'><strong>τῆς</strong></span> <span class='ocrx_word' id='word_1_841' title='bbox 3006 5929 3231 6002; x_wconf 69' lang='grc' dir='ltr'><strong>εἰρήνης</strong></span> <span class='ocrx_word' id='word_1_842' title='bbox 3275 5927 3440 5982; x_wconf 82' lang='grc' dir='ltr'>καλὸν</span> <span class='ocrx_word' id='word_1_843' title='bbox 3486 5926 3843 5996; x_wconf 79' lang='grc' dir='ltr'>ἀγαπῶντες,</span> <span class='ocrx_word' id='word_1_844' title='bbox 3910 5935 4033 5985; x_wconf 59' lang='grc' dir='ltr'>καὶ</span> 
     </span>
    </p>
   </div>
  </div>
