4158 6430
171 374 240 437 33
1638 364 2045 428 EPISTOLrE.
3373 379 3441 441 eo

170 492 264 545 τὰς
321 481 543 550 σφαγὰς
621 482 718 535 καὶ
764 483 860 546 τὰς
932 480 1251 553 μιαιφονίας
1299 480 1753 551 βδελυσσόμενοις

1882 481 2056 533 neh'us
2113 493 2198 537 est
2256 484 2455 540 bonum
2499 504 2697 543 nomen
2737 529 2752 553 ,
2804 490 2874 544 tili
2934 492 3046 555 mi,
3112 510 3215 546 non
3262 499 3435 549 solum

171 576 447 643 Κρείσσον
468 575 675 642 ἀγαθὸν
704 576 900 644 ὄνομα,
921 576 1113 629 τέκνον
1140 573 1292 643 ἐμὸν,
1349 572 1411 625 οὐ
1446 572 1605 641 μόνον
1625 570 1767 640 ὑπὲρ

169 667 406 720 πλοῦτον
443 667 636 730 πολὺν,
692 667 829 720 ἀλλὰ
892 668 987 720 καὶ
1046 653 1186 737 ὑπὲρ
1234 666 1418 718 πᾶσαν
1468 663 1627 727 δόξαν
1676 666 1768 715 καὶ

170 758 438 828 βιωτικὴν
468 759 861 829 περιφάνειαν.

249 851 467 903 Ἑννόει
506 867 596 919 μοι
644 852 819 904 ταῦτα
886 851 984 904 καὶ
1044 850 1185 923 ὅπερ
1232 851 1298 902 ἐκ
1356 847 1548 911 παιδὸς
1595 846 1768 916 ὄνομα

170 940 334 991 καλὸν
372 941 747 1011 ἐπεπόθησας,
805 944 1029 1011 μνήμην
1088 940 1309 1009 ἔντιμον
1354 941 1449 992 καὶ
1484 938 1763 1007 λαμπράν.

167 1032 392 1100 Ταύτην
432 1032 509 1101 μὴ
536 1031 896 1102 ἀπολέσωμεν
922 1032 1011 1086 διὰ
1048 1030 1386 1101 φιλονεικίαν
1420 1030 1512 1083 καὶ
1540 1028 1768 1099 πικρίαν

167 1124 374 1191 ψυκῆς·
424 1123 592 1178 καλὸν
617 1124 830 1194 ἐφόδιον
874 1124 1011 1193 πρὸς
1061 1124 1153 1177 τὸν
1224 1122 1491 1193 μέλλοντα
1538 1119 1651 1190 βίον
1708 1120 1770 1171 τὸ

171 1216 495 1286 συναπᾶραι
539 1218 678 1285 μετὰ
705 1217 813 1270 τῶν
845 1217 947 1286 τῆς
974 1217 1175 1285 ἀρετῆς
1232 1213 1547 1284 ἐγκωμίων*
1603 1212 1770 1265 καλὸν

169 1308 225 1361 δὲ
248 1311 350 1360 καὶ
373 1310 439 1361 τὸ
473 1309 800 1362 καταλιπεῖν
824 1312 935 1372 τοῖς
965 1311 1077 1371 σοῖς
1104 1305 1347 1376 χρηστοῦ
1373 1322 1450 1357 πα
1464 1305 1580 1375 ερδς
1603 1303 1770 1358 τέκνα

170 1399 489 1464 καλεῖσθαι,
522 1398 824 1464 ἐπιεικοῦς,
859 1400 1060 1469 πράου,
1092 1398 1325 1469 ἡμέρου,
1356 1394 1764 1464 φιλανθρώπων

172 1491 311 1544 ἀλλὰ
362 1492 443 1560 μὴ
484 1492 552 1543 τὰ
584 1491 792 1545 τούτων
826 1491 1045 1545 ἐναντία
1078 1507 1092 1521 ·
1132 1490 1265 1560 μηδὲ
1304 1490 1535 1558 γένοιτο,
1576 1485 1767 1538 τέκνον

173 1584 330 1656 ἐμδν,
382 1586 531 1638 οῦτω
584 1586 714 1647 τοὺς
772 1585 900 1647 σοὺς
944 1583 1118 1648 υἱοὺς,
1172 1583 1242 1636 τὰ
1296 1582 1407 1652 ἐμὲ
1457 1578 1771 1647 γλυκύτατα

171 1679 523 1748 δυστυχῆσαι
558 1678 753 1745 τέκνα,
817 1678 958 1730 ὥστε
987 1676 1106 1730 ἀνθ’
1140 1668 1217 1729 ὧν
1252 1670 1408 1728 εἶπον
1442 1672 1624 1727 καλῶν
1660 1671 1771 1722 ὀνο-

178 1772 394 1841 μάτων,
460 1769 875 1839 κληρονομῆσαι
930 1766 1039 1820 τῶν
1085 1764 1368 1820 ἐναντίων.
1451 1763 1690 1822 Ἐκεῖνος
1742 1760 1770 1810 6

1870 570 2076 627 divitiis
2126 574 2335 641 multis,
2403 580 2495 633 sed
2541 591 2596 635 et
2639 582 2789 635 omni
2835 584 3005 651 gloria
3066 593 3118 637 et
3167 588 3442 639 mundano

1871 664 2099 721 honore.

1943 850 2074 904 Mihi
2106 867 2326 923 quoque
2357 862 2534 909 tecum
2577 840 2771 924 reputo
2805 857 2951 928 quod
2983 856 3051 911 ab
3081 856 3307 912 infantia
3349 860 3447 911 bo-

1871 959 2000 997 num
2042 961 2240 1000 nomen
2274 949 2613 1014 desiderasti,
2637 954 3067 1022 memoriamque
3124 954 3444 1007 honoratam

1873 1044 2036 1104 atque
2086 1037 2353 1091 illustrem
2385 1055 2399 1101 ;
2428 1056 2589 1108 quam
2646 1055 2713 1095 ne
2748 1043 3034 1109 perdamus
3066 1042 3364 1097 ambitione
3394 1052 3449 1097 et

1872 1127 2036 1179 animi
2072 1130 2389 1195 acerbitate;
2420 1130 2619 1185 bonum
2643 1134 2900 1188 viaticum
2921 1135 2986 1186 ad
3018 1134 3254 1188 futuram
3282 1139 3444 1189 vitam

1873 1233 1997 1271 cum
2040 1221 2253 1275 virtutis
2306 1220 2466 1275 laude
2525 1223 2805 1291 migrare:
2859 1224 3059 1277 bonum
3086 1242 3304 1295 quoque
3340 1227 3447 1281 tuis

1874 1310 2058 1366 liberis
2092 1314 2396 1383 relinquere
2430 1331 2560 1382 quo,
2627 1317 2977 1371 nominentur
3013 1317 3178 1383 patris
3234 1318 3325 1371 lilii
3352 1335 3450 1388 op-

1875 1402 2013 1465 timi,
2046 1405 2331 1468 moderati,
2382 1407 2681 1469 mansueti,
2714 1408 2875 1471 lenis,
2917 1407 3167 1471 humani,
3208 1423 3317 1461 non
3349 1424 3453 1461 au.

1875 1504 2020 1558 tem,
2057 1496 2364 1561 contraria;
2410 1496 2573 1561 absit,
2614 1497 2685 1550 lili
2721 1498 2813 1563 mi,
2841 1509 2960 1553 tuos
2990 1499 3212 1565 liberos,
3248 1500 3453 1553 dulcis-

1875 1586 2041 1640 simos
2092 1602 2242 1642 meos
2298 1588 2458 1651 Iilios,
2514 1589 2585 1642 ita
2623 1592 2855 1643 miseros
2885 1590 3019 1655 fore,
3054 1601 3128 1654 ut,
3155 1608 3251 1660 pro
3289 1593 3446 1645 bouis

1876 1679 2326 1749 nominibusqu
2355 1682 2489 1745 disi,
2527 1683 2801 1735 contraria
2836 1682 3113 1737 obtineant
3142 1700 3155 1748 ;
3186 1700 3306 1752 qum
3340 1684 3448 1736 hce-

1876 1768 2080 1821 reditas
2112 1769 2341 1821 multum
2377 1780 2595 1838 prmstat
2634 1773 2935 1840 potentiam
2966 1785 3131 1842 atque
3159 1776 3453 1828 auctorita-

186 1864 400 1932 κλῆρος
449 1861 780 1930 τιμιώτερος
806 1860 905 1929 τῆς
946 1858 1245 1929 μελλούσης
1276 1858 1460 1918 αὐτοῖς
1485 1855 1637 1924 παρὰ
1674 1850 1764 1904 σοῦ

1882 1868 1982 1911 tem
2045 1875 2182 1927 quas
2206 1862 2285 1913 eis
2318 1874 2376 1914 es
2411 1861 2739 1927 relicturus;
2776 1878 2911 1929 quas
2937 1880 3157 1930 curans,
3194 1858 3454 1933 tanquam

175 1953 701 2023 καταλιμπάνεσϐαι
730 1953 905 2022 ἀρχῆς
948 1954 1044 2004 καὶ
1076 1950 1349 2017 ἐξουσίας’
1405 1942 1481 2002 ὧν
1512 1949 1575 2001 σὺ
1608 1962 1772 2017 φρον-

172 2046 294 2096 τίὸα
329 2042 689 2111 ποιούμενος,
714 2043 791 2105 ὡς
818 2043 985 2105 ὅντως
1012 2041 1163 2111 παρά
1179 2039 1317 2093 Θεοῦ
1343 2038 1437 2092 τοῦ
1464 2037 1556 2092 σοῦ
1583 2038 1771 2100 ἔθνους

175 2142 369 2209 ἄρχειν
400 2138 705 2201 καταστάς.
747 2138 855 2189 Καὶ
917 2136 1145 2205 προσέτι
1203 2134 1304 2203 τῆς
1354 2132 1413 2197 ἐξ
1464 2134 1639 2203 ἀρχῆς
1678 2148 1769 2184 σου

176 2230 495 2290 ἐπιεικείας
527 2229 622 2280 καὶ
644 2227 857 2297 ἡμέρου
890 2226 1181 2296 ψυχῆςμὴ
1215 2227 1586 2294 ἐξιστάμενος,
1629 2224 1773 2277 ἄνοι-

179 2323 269 2381 Ξον
306 2324 448 2391 ἡμῖν
475 2321 543 2373 τά
570 2316 707 2382 ὦτα,
740 2321 835 2371 καὶ
866 2320 972 2389 πρὸ
1036 2318 1145 2373 τῶν
1181 2316 1337 2370 ὢτων
1384 2317 1484 2387 τὴν
1518 2317 1770 2387 καρδίαν,

178 2415 273 2467 καὶ
292 2413 541 2482 πρόσχες
557 2416 668 2474 τοῖς
686 2412 999 2480 λεγομένοις
1018 2409 1093 2471 ὡς
1116 2408 1267 2477 παρὰ
1288 2407 1440 2476 φίλου
1460 2406 1774 2477 λεγομένοις

177 2511 281 2575 καὶ.
306 2507 478 2578 [forte
507 2506 737 2577 πατρὸς]
770 2505 911 2575 πρὸς
956 2502 1304 2571 ἀγαπῶντος.
1334 2500 1396 2554 Ei
1421 2501 1495 2571 μὴ
1549 2499 1775 2570 νομίζῃς

179 2601 410 2663 ἀνάξιον
444 2599 508 2650 τὸ
541 2599 727 2650 καλεῖν
766 2599 1002 2667 πατέρα,
1027 2596 1076 2649 εί
1106 2597 1199 2648 καὶ
1246 2592 1597 2663 ἁμαρτωλὸν,
1625 2594 1775 2661 ὅμως

178 2692 234 2744 δὲ
288 2692 643 2761 πρεσϐύτην,
677 2690 773 2742 καὶ
823 2688 1123 2741 ἐπισκόπου
1159 2686 1313 2750 τάξιν
1344 2686 1599 2755 λαχόντα,
1629 2683 1722 2746 οὒς
1749 2686 1776 2736 6

180 2784 426 2851 Xpto-t‘s;
461 2781 622 2849 ἡμῶν
653 2780 750 2832 καὶ
777 2778 910 2841 Θεὸς
944 2778 1348 2847 πνευματικοὺς
1376 2777 1504 2844 ὑμῖν
1530 2774 1774 2844 παρέσχε

182 2877 463 2941 πατέρας,
507 2871 687 2942 πολλῷ
736 2871 848 2923 τῶν
906 2871 1049 2923 κατὰ
1111 2870 1291 2938 σάρκα
1323 2868 1727 2937 γνησιωτέρους
1761 2883 1773 2896 ³

180 2970 309 3021 ἐπεὶ
345 2969 418 3019 τὰ
462 2969 563 3036 μὲν
592 2968 691 3036 τῆς
724 2964 925 3036 σαρκὸς
944 2965 1155 3027 λύεται,
1180 2962 1319 3017 τὰδὲ
1355 2961 1450 3013 τοῦ
1472 2960 1778 3025 πνεύματος

182 3062 381 3116 ἄλυτα.
447 3059 596 3111 Ἀλλ’
636 3062 714 3120 εἰς
771 3059 935 3127 εὐχὴν
965 3059 991 3109 6
1022 3057 1180 3123 λόγος
1227 3056 1385 3124 ἡμῶν
1447 3052 1773 3105 τελευτάτω

178 3154 278 3205 καὶ
336 3152 392 3203 τί
440 3150 629 3219 ἕτερον
660 3150 693 3220 ἢ
730 3148 889 3203 τοῦτο
951 3148 1165 3218 φαμέν;
1210 3149 1297 3209 Ὠς
1343 3148 1427 3216 εἴη
1468 3144 1700 3215 Χριστὸς
1752 3146 1779 3195 6

1877 1952 1971 2021 qui
2005 1968 2033 2006 a
2066 1951 2174 2007 Deo
2208 1962 2311 2007 tua:
2340 1954 2485 2022 genti
2516 1954 2837 2018 dominaris,
2874 1964 3035 2025 atque
3060 1960 3233 2025 prima
3270 1959 3457 2011 mode-

1879 2047 2089 2101 ratione
2118 2056 2170 2100 et
2197 2048 2381 2102 cordis
2412 2049 2834 2103 mansuetudine
2866 2065 2970 2103 non
3017 2050 3299 2114 decidens,
3369 2067 3459 2104 no-

1878 2140 1963 2193 bis
2019 2154 2180 2193 aures
2206 2149 2327 2193 tuas
2377 2140 2526 2209 aperi
2560 2152 2722 2209 atque
2786 2151 2911 2195 ante
2940 2157 3101 2195 aures
3153 2160 3246 2195 cur
3280 2152 3454 2208 tuum,

1877 2232 2105 2286 ctdictis
2136 2232 2351 2286 attende
2406 2241 2661 2301 tanquam
2694 2233 2763 2285 ab
2793 2233 2971 2287 amico
3020 2245 3071 2286 et
3114 2252 3175 2287 ex
3233 2236 3458 2291 caritate

1877 2322 2075 2386 dictis;
2141 2322 2244 2375 nisi
2302 2321 2584 2391 indignant
2643 2323 2813 2377 ducas
2841 2339 2923 2375 me
2972 2339 3166 2377 vocare
3223 2334 3454 2392 patrem,

1879 2416 2094 2469 etiamsi
2118 2423 2482 2484 peccatorem,
2516 2414 2785 2468 seniorem
2810 2426 2987 2468 tamen
3016 2423 3071 2468 et
3092 2414 3454 2485 episcopalem

1882 2508 2203 2576 dignitatem
2274 2508 2572 2570 sortitum;
2625 2522 2762 2574 quos
2820 2505 3071 2559 Christus
3110 2505 3251 2560 Deus
3275 2516 3457 2562 noster

1882 2598 2037 2652 vobis
2092 2597 2409 2666 spiritualcs
2457 2598 2606 2650 dedit
2670 2607 2869 2664 patres,
2920 2598 3090 2649 multo
3145 2597 3457 2652 carnalibus

1880 2691 2202 2761 parentibus
2262 2690 2629 2756 amantiores;
2679 2691 2863 2744 carnis
2914 2694 3057 2744 enim
3108 2692 3319 2746 vincula
3352 2692 3463 2748 sol-

1886 2789 2109 2842 runtur,
2144 2778 2372 2848 spii-itus
2436 2790 2615 2832 autem
2680 2779 3111 2842 indissolubilis;
3151 2779 3242 2831 sed
3276 2778 3327 2830 in
3362 2778 3461 2832 ob-

1886 2876 2243 2928 secrationem
2304 2875 2520 2929 desinat
2572 2890 2754 2928 sermo
2815 2885 3034 2938 noster;
3105 2874 3229 2943 quid
3276 2881 3458 2928 autem

1885 2966 2028 3019 aliud
2059 2965 2303 3020 dicemus
2330 2982 2493 3036 quam
2527 2964 2711 3019 istud?
2734 2962 2957 3019 Utinam
2994 2964 3269 3028 Christus,
3296 2980 3457 3019 verus

1889 3058 2026 3110 lteus
2071 3065 2277 3119 noster,
2316 3057 2410 3126 qui
2474 3057 2527 3109 in
2581 3058 2845 3109 mundum
2902 3056 3049 3111 venit
3100 3057 3166 3109 ad
3224 3056 3461 3110 tollenda

1887 3148 2166 3210 si-andala,
2192 3162 2517 3216 generosum
2554 3159 2704 3201 tuum
2757 3150 2997 3201 animum
3052 3148 3376 3213 demulceat,
3408 3157 3463 3202 et

180 3245 449 3314 ἀληθινὸς
492 3242 624 3304 Θεὸς
666 3242 845 3309 ἡμῶν,
872 3243 900 3294 6
927 3240 1095 3293 ἐλθὼν
1126 3243 1205 3303 είς
1238 3239 1332 3292 τδν
1374 3240 1578 3306 κόσμον
1602 3238 1772 3289 ἐκκα-

1882 3241 1925 3293 si
1967 3240 2095 3308 quid
2129 3241 2181 3293 in
2221 3255 2345 3294 cum
2411 3240 2654 3295 scandali
2712 3240 2921 3307 incidit,
2960 3242 3131 3308 tollat,
3168 3258 3231 3295 ac
3265 3241 3463 3296 divina:

181 3338 359 3407 θαραι
396 3334 472 3386 τὰ
526 3332 825 3393 σκάνδαλα,
891 3329 1226 3401 ἐξομαλίζων
1280 3329 1380 3400 τὴν
1436 3329 1535 3389 σὴν
1580 3327 1777 3395 σύγενῆ

178 3428 387 3497 ψυχὴν,
413 3426 512 3477 καὶ
542 3426 595 3477 εί
613 3441 667 3476 τι
728 3423 1025 3477 σκάνδαλον
1069 3424 1127 3475 ἐν
1166 3423 1305 3492 αὐτῇ
1339 3421 1781 3489 παραπέπτωκεν

184 3518 612 3586 ἀνακαθαίρων,
669 3515 764 3568 καὶ
802 3517 864 3567 τὸ
915 3514 975 3578 ἐξ
1000 3514 1174 3583 ἀρχῆς
1212 3516 1314 3582 τῆς
1348 3512 1633 3578 θειοτάτης
1669 3508 1783 3575 φῶς

185 3615 440 3679 ἀγάπης,
492 3611 629 3678 ὅπερ
678 3606 1012 3660 ἐσπούδασεν
1066 3608 1094 3658 6
1144 3604 1240 3658 τοῦ
1300 3604 1527 3664 σκίτους
1601 3600 1784 3669 πατὴρ

182 3702 531 3763 ἁποσόέσαι,
574 3698 737 3752 πάλιν
764 3700 822 3749 ἐν
873 3698 999 3767 ὑμῖν
1033 3698 1290 3749 ἀνάπτων
1327 3697 1415 3749 καὶ
1440 3694 1611 3747 ποιῶν
1654 3697 1781 3745 ἀνα-

181 3798 458 3864 )άμπειν·
490 3796 516 3844 6
554 3792 653 3860 τὴν
685 3791 889 3861 ἔχθραν
937 3789 1270 3851 ἀποκτείνας
1294 3791 1351 3841 ὲν
1379 3792 1445 3858 τῇ
1494 3792 1659 3857 σαρκὶ
1689 3788 1781 3838 αὖ·

181 3888 302 3950 τοῦ,
340 3889 442 3938 καὶ
483 3884 725 3952 συνάψας
762 3882 1135 3945 τάδιεστῶτα,
1174 3883 1200 3932 ὁ
1232 3882 1655 3950 είρηνοποιήσας
1712 3879 1783 3931 τὰ

180 3982 375 4032 πάντα
434 3979 527 4029 διά
593 3976 685 4028 τοῦ
734 3976 890 4043 ἁγίου
950 3978 1045 4027 καὶ
1097 3974 1479 4041 παναχράντον
1527 3973 1782 4039 αἵματος,

181 4073 356 4134 αὐτὸς
406 4072 509 4123 καὶ
536 4069 631 4120 νῦν
690 4069 873 4119 πᾶσαν
908 4066 1199 4136 διχόνοιαν,
1232 4067 1414 4117 πᾶσαν
1477 4064 1781 4126 ὃιάστατιν,

182 4167 377 4217 πᾶσαν
412 4162 617 4232 ἔχθραν
648 4162 888 4230 ἐξορίσαι
938 4158 1001 4212 ἐκ
1032 4176 1091 4211 τε
1146 4158 1471 4225 Βουλγαρων
1526 4156 1619 4208 καὶ
1659 4154 1788 4206 Ῥω-

1878 3336 2161 3390 claritatis
2212 3336 2417 3401 ltnncu,
2489 3340 2633 3406 quod
2680 3338 3030 3407 exstinguere
3096 3346 3326 3391 conatus
3381 3347 3467 3392 est

1882 3436 2033 3495 pater
2095 3428 2470 3487 tenebrarum,
2507 3443 2727 3480 sursum
2780 3429 2831 3481 in
2887 3437 2938 3481 te
2989 3428 3251 3481 acoendat
3302 3438 3465 3498 atque

1883 3519 2203 3571 illucescere
2254 3516 2584 3583 faciatzqui
2646 3517 2961 3571 inimicitias
3020 3518 3073 3569 in
3138 3530 3237 3570 sua
3299 3530 3466 3569 carne

1883 3611 2106 3671 Sohil',
2138 3610 2229 3679 qui
2258 3609 2433 3663 divisa
2467 3610 2767 3677 copulam,
2803 3610 2895 3678 qui
2929 3608 3115 3663 omnia
3158 3623 3317 3662 sacro
3363 3623 3465 3662 suo

1891 3712 1943 3756 et
1974 3703 2326 3756 immaculato
2355 3704 2620 3770 sanguine
2648 3700 2970 3770 pacificavit,
2998 3700 3111 3769 ipse
3146 3714 3289 3753 nunc
3331 3713 3467 3767 quo-

1887 3811 1993 3864 que
2065 3809 2283 3846 omnem
2364 3792 2816 3856 dissensionem,
2874 3808 3067 3848 omnes
3133 3791 3464 3854 discordias,

1884 3903 2183 3957 omnesque
2217 3886 2533 3939 inimicitias
2571 3901 2601 3939 a
2650 3884 2913 3940 Romanis
2946 3894 2999 3938 et
3028 3884 3276 3952 Bulgaris
3311 3899 3467 3937 aver-

1888 3992 1983 4043 tat,
2014 3997 2217 4049 eosque
2250 3995 2469 4033 rursum
2502 3978 2554 4031 in
2580 3994 2749 4031 unum
2812 3979 3006 4047 jungat
3033 3987 3086 4031 et
3115 3976 3217 4029 frui
3255 3985 3468 4045 praestet

1889 4074 2046 4124 Ιιυηίό
2082 4072 2251 4139 pacis,
2292 4084 2557 4138 Oppi-csso
2587 4070 2751 4123 citius
2772 4069 3158 4122 scandalorum
3210 4066 3469 4122 dissemi-

1891 4181 2081 4217 natore
2112 4164 2443 4230 malitia'que
2473 4163 2709 4229 parenti.

184 4262 399 4327 μαίων,
436 4259 536 4309 καὶ
569 4256 731 4309 πάλιν
759 4256 837 4317 εἰς
868 4254 926 4305 ἓν
957 4254 1206 4323 συνάψοι.
1248 4257 1343 4305 καὶ
1385 4255 1443 4305 ἐν
1490 4254 1785 4307 ἀπολαύσει
1821 4256 1936 4327 δοίη
1980 4256 2237 4325 γενέσθαι
2268 4253 2375 4306 τῶν
2403 4254 2498 4322 τῆς
2552 4254 2777 4324 είρήνης
2848 4253 3051 4316 καλῶν,
3096 4248 3471 4319 συντριϐέντος

180 4357 241 4402 ἐν
271 4350 442 4418 τάχει
474 4347 572 4399 τοῦ
602 4347 711 4399 τῶν
736 4346 1049 4401 σκανδάλων
1094 4347 1341 4416 σπορέως
1385 4347 1480 4399 καὶ
1524 4346 1623 4414 τῆς
1661 4349 1858 4410 κακία,
1903 4350 2246 4418 γεννήτορος.

407 4485 520 4539 AB'
556 4486 637 4550 Τῷ
666 4486 1122 4554 ἀρχιεπισκόπῳ
1174 4487 1566 4555 Βουλγίιριίις.

264 4618 666 4689 Ἑπιστάμεοα
692 4620 791 4687 τὴν
822 4618 980 4688 ὑμῶν
1020 4620 1419 4690 ἀρχιερατικὴν
1467 4619 1783 4688 τελειότητα

176 4718 316 4784 περὶ
366 4712 471 4764 τοῦ
504 4713 831 4781 πράγματος
890 4708 955 4766 οὗ
986 4712 1223 4781 γράφειν
1262 4711 1643 4782 προήχθημεν,
1716 4712 1784 4763 τὰ

176 4804 324 4854 εύτὰ
385 4799 677 4869 φρονείνᾶ
727 4800 820 4851 καὶ
877 4802 1033 4869 ἡμεῖς
1105 4803 1429 4870 φρονοῦμεν,
1502 4803 1603 4871 τὴν
1661 4803 1785 4871 ίσην

174 4896 391 4963 ὀδύνην
429 4892 621 4962 φέρειν
671 4894 728 4945 ἐν
789 4896 856 4963 τῇ
890 4893 1107 4965 καρδίᾳ,
1152 4896 1264 4957 τοῖς
1294 4895 1494 4962 ὁμοίως
1518 4896 1785 4958 διαξαίνε-

178 4987 314 5037 σθαι
348 4985 738 5051 σπαραγμοῖς.
762 4985 868 5034 Καὶ
898 4984 984 5036 διὰ.
1024 4984 1184 5037 τοῦτο
1205 4988 1490 5054 γράφομεν
1508 4986 1567 5036 οὐ
1583 4987 1784 5055 παραί-

178 5093 335 5128 νεσιν
375 5074 507 5125 οὐδὲ
528 5072 902 5136 διδασκαλίαν,
938 5072 1053 5126 ἀλλ’
1078 5070 1190 5126 οἷον
1216 5075 1533 5142 συνομιλίαν
1571 5075 1659 5125 καὶ
1682 5075 1783 5125 ὅσα

176 5172 224 5220 εἰ
258 5166 557 5237 παρόντες
586 5165 725 5234 ὁμοῦ
776 5168 872 5218 καὶ
925 5166 1416 5238 συνδιατρίϐοντες,
1472 5168 1667 5228 κοινῶς
1722 5168 1788 5219 ἂν

176 5257 637 5328 διεσκεψάμεθα.
667 5257 857 5311 Ταῦτα
883 5258 940 5310 δὲ
963 5258 1078 5311 ἔστι
1123 5264 1250 5330 περὶ
1284 5262 1395 5311 τῶν
1448 5260 1786 5312 καταλαϐόν-

176 5371 293 5405 mn
325 5351 539 5405 κακῶν
566 5351 656 5402 τὸν
693 5351 790 5403 ἕνα
837 5351 935 5420 μὲν
970 5352 1211 5421 Χριστοῦ
1268 5353 1415 5416 λαὸν,
1485 5353 1788 5422 Ῥωμαίους

179 5446 337 5515 φημὶ
370 5446 473 5495 καὶ
506 5442 878 5511 Βουλγάρους,
902 5443 1359 5514 διαμερισθέντας
1378 5445 1434 5496 δὲ
1456 5444 1515 5510 ἐξ
1544 5446 1787 5512 ἀλλήλων

180 5539 291 5590 626
317 5535 426 5589 τοῦ
471 5535 533 5600 ἐξ
576 5536 751 5604 ἀρχῆς
782 5536 873 5587 τὸν
900 5536 1185 5606 ἄνθρωπον
1214 5539 1319 5589 ἀπὸ
1340 5537 1475 5589 Θεοῦ
1508 5538 1788 5607 διατεμόν-

182 5648 273 5694 τος
338 5630 446 5683 καὶ
492 5627 921 5697 διαμερίσαντος
986 5630 1077 5682 τὸν
1135 5630 1281 5683 λαόν,
1361 5631 1535 5698 ’Υπὲρ
1587 5633 1787 5700 ταύιης

267 5787 289 5812 ⁵
327 5786 541 5854 tlpltcs.
572 5799 633 5847 ιι,
674 5782 753 5837 li.

1815 4448 1862 4504 D

1911 4394 1922 4417 6

2149 4484 2263 4537 XII.
2312 4484 2394 4536 Ad
2424 4482 2691 4552 Bulgaria:
2740 4482 3213 4549 archiepiscopum.

1958 4618 2076 4673 Non
2120 4620 2435 4687 ignoramus
2497 4628 2734 4669 vestram
2788 4611 3313 4681 archiepiscopalem
3348 4626 3471 4678 per-

1890 4712 2199 4776 rectionem,
2221 4711 2285 4764 de
2311 4726 2413 4778 qua
2448 4724 2505 4761 re
2542 4706 2781 4761 scribere
2808 4704 3074 4772 cogimur,
3102 4705 3165 4754 de
3188 4719 3249 4755 ea
3282 4702 3469 4755 eadem

1889 4823 1951 4861 ac
1981 4821 2079 4858 nos
2125 4804 2352 4867 sentire,
2420 4800 2683 4869 atqualem
2715 4799 2767 4851 in
2796 4798 2959 4852 corde
3007 4795 3151 4849 ferre
3202 4794 3471 4858 dolorem,

1888 4900 2077 4953 iisdem
2109 4895 2442 4949 cruciatibus
2471 4891 2763 4945 cariuiuari
2797 4908 2810 4955 ;
2844 4890 3076 4957 ideoque
3119 4903 3227 4940 non
3268 4887 3471 4938 exhin-

1889 4991 2147 5042 tationem
2198 4996 2533 5055 prmecptave
2586 4984 2898 5044 scribimus,
2947 4981 3041 5034 sed
3102 4977 3257 5047 quasi
3303 4977 3450 5030 collo

1890 5084 2075 5150 quium
2128 5089 2181 5133 et
2238 5079 2440 5147 qualia,
2474 5078 2517 5129 si
2545 5078 2706 5130 simul
2735 5089 2983 5127 essemus
3028 5087 3100 5135 ac.
3131 5070 3463 5133 viveremus

1891 5172 2255 5227 eninmuniter
2307 5170 2763 5237 im'estigaremus
2793 5183 2806 5229 ;
2846 5164 2934 5217 hic
2986 5177 3149 5231 porro
3182 5161 3363 5229 agitur
3396 5158 3464 5211 de

1895 5263 2049 5314 malis
2092 5278 2214 5329 qua!
2254 5259 2456 5314 Christi
2500 5258 2755 5325 populum
2809 5257 3147 5317 invaserunt,
3187 5251 3464 5304 Romanos

1893 5366 1946 5408 et
1982 5355 2266 5422 liulgaros,
2317 5353 2385 5404 ab
2419 5352 2653 5404 invicem
2712 5364 2854 5402 nunc
2901 5356 3183 5417 separatos
3252 5346 3321 5397 ab
3376 5345 3467 5397 illo

1894 5446 1985 5515 qui
2020 5447 2073 5497 in
2106 5443 2374 5515 principio
2403 5441 2678 5495 hominem
2700 5456 2726 5490 a
2757 5438 2864 5492 Deo
2892 5437 3167 5507 Separavit
3213 5446 3263 5488 et
3298 5452 3467 5503 pupu-

1896 5541 2004 5591 lum
2039 5538 2089 5590 in
2129 5547 2315 5606 partes
2360 5533 2679 5598 divisit;de
2722 5533 2808 5585 illa
2866 5530 3153 5583 scribimus
3198 5530 3466 5583 sollicitu-

1898 5634 2023 5684 dinc
2084 5627 2387 5692 communi,
2438 5644 2601 5696 quam
2658 5642 2755 5679 nos
2799 5622 3168 5677 indesinenter
3222 5622 3275 5673 in
3307 5620 3468 5674 conde
3547 5662 3553 5671 .
