4158 6430
710 428 773 494 91
1843 409 2157 473 NICOLAI
2196 407 2307 467 (ΣΡ.

2431 401 2862 463 ιΤΒΙᾹΒΟΗΕ
3906 390 3981 450 92

714 533 1214 603 I'erenteslugetnus
1236 541 1287 584 ct
1337 527 1605 598 gemimus
1639 530 1695 578 et
1722 534 1887 593 quam
1920 519 2038 573 scio
2070 524 2123 570 te
2144 513 2300 569 simi-

2431 510 2692 579 ’ράφομεν
2745 507 2845 577 τῆς
2891 505 3079 575 κοινῆς
3130 502 3430 573 φροντίδος,
3488 503 3555 571 ἢν
3598 499 3788 571 ὥσπερ
3819 503 3984 570 ἡμεῖς

714 630 836 682 liter
870 627 1013 681 ferre
1041 636 1099 680 et
1120 639 1217 695 pro
1250 636 1357 691 qua
1380 621 1637 689 lacryma:
1662 624 1767 669 tum
1796 612 1892 667 tibi
1919 618 2048 665 sunt
2071 620 2241 678 panes
2275 619 2292 657 :

712 734 776 772 es
817 718 1020 772 nostris
1068 714 1268 770 etenim
1327 719 1506 766 vestra
1540 706 1793 760 novimus
1831 714 2108 769 :quorum
2144 710 2301 749 nam-

714 824 821 877 que
845 822 985 875 opus
1013 820 1069 861 et
1110 802 1476 858 ministerium
1509 806 1636 852 sunt
1671 795 1885 856 eadem,
1919 802 2111 843 eorum
2134 785 2291 838 decet

714 876 931 958 eosdem
965 913 1088 953 esse
1114 906 1170 951 et
1199 894 1415 949 dolores
1441 900 1604 959 atque
1627 887 1845 940 labores
1870 898 1885 947 ;
1923 880 2018 936 sed
2053 876 2301 932 eamdem

719 993 874 1047 vobis
904 1006 967 1045 ac
999 989 1154 1042 nobis
1187 1000 1307 1039 esse
1342 984 1669 1036 anxietatem
1704 985 1869 1046 atque
1898 973 2142 1027 dolorem
2168 967 2305 1023 satis

718 1094 801 1139 est
854 1083 927 1136 ita
963 1076 1375 1133 memoravisse.

800 1355 1089 1425 Reliquum
1124 1353 1283 1422 igitur
1318 1360 1403 1405 cst
1444 1348 1556 1417 jam
1614 1354 1674 1400 ut
1704 1342 1859 1413 quasi
1897 1340 2226 1409 colloquium
2257 1348 2312 1393 et

721 1448 1197 1517 investigationem
1226 1454 1576 1499 cetnmunem
1626 1436 1958 1503 incipiamus
1995 1452 2009 1487 :
2042 1434 2132 1485 alii
2167 1431 2311 1484 aliud

723 1548 1048 1609 acceperunt
1074 1537 1128 1589 in
1159 1532 1415 1604 praesenti
1452 1533 1562 1584 vita
1587 1528 1982 1588 ministerium,
2004 1525 2131 1577 dico
2155 1536 2313 1591 reges

723 1643 778 1687 et
811 1632 1091 1685 civitatum
1125 1626 1433 1695 principes,
1494 1621 1706 1690 quique
1754 1618 1879 1671 aliis
1938 1616 2314 1685 pratliciuntttr

728 1722 985 1790 negotiis,
1013 1728 1107 1771 ant
1126 1711 1622 1770 administrationis
1660 1708 2071 1776 dispensatores
2096 1702 2304 1758 consti-

730 1822 1001 1873 tuuntur,
1054 1824 1287 1876 quorum
1336 1804 1590 1873 quisque,
1649 1801 1863 1854 muneri
1910 1813 2012 1852 suo
2046 1798 2307 1860 intentus,

2402 601 2769 661 ἀδιαλείπτως
2808 598 3070 668 φέροντες
3132 594 3463 665 στενάζομεν
3515 595 3609 647 καὶ
3650 592 3981 665 θρηνοῦμεν,

2402 689 2517 746 οἶδα
2553 693 2635 744 ὅτι
2680 690 2776 743 καὶ
2817 688 2978 750 αὐτὸς
3013 687 3214 761 ὁμοίως
3249 687 3456 756 φέρεις,
3490 686 3583 738 καὶ
3611 686 3774 755 ἄρτος
3811 700 3890 737 σοι
3917 684 3989 735 τὰ

2404 782 2620 851 δάκρυα
2670 782 2906 846 γίνεται·
2937 780 3002 831 ἔκ
3039 777 3147 830 τῶν
3180 776 3466 845 ἡμετέρων
3505 775 3615 845 γὰρ
3645 776 3715 828 τὰ
3739 776 3989 846 ὑμέτερα

2402 870 2789 940 διδασκόμεθα’
2845 865 2920 924 ὧν
2948 870 3059 939 γὰρ
3086 869 3148 921 τὸ
3170 868 3329 939 ἔργον
3354 867 3449 919 καὶ
3473 869 3506 937 ὴ
3537 866 3782 920 διακονία
3802 867 3986 937 κοινὴ,

2404 965 2611 1019 τούτων
2638 964 2788 1027 εἰκὸς
2820 964 2973 1017 κοινὰ
3008 962 3258 1031 γίνεσθαι
3293 962 3361 1013 τὰ
3393 960 3541 1032 πάθη
3582 961 3678 1013 καὶ
3728 962 3856 1024 τοὺς
3886 979 3991 1014 xa-

2409 1058 2634 1128 μάτους·
2670 1055 2787 1109 ἀλλ’
2826 1058 2910 1109 ὅτι
2944 1056 3046 1125 μὲν
3150 1056 3289 1123 αὑτὴ
3330 1052 3529 1123 συνοχὴ
3583 1054 3677 1106 καὶ
3726 1054 3794 1106 τὰ
3824 1054 3992 1122 ὅμοια

2409 1153 2592 1203 κεντεῖ
2623 1150 2765 1219 ἄλγη
2805 1147 2905 1217 τὴν
2938 1146 3036 1218 σὴν
3070 1146 3323 1214 καρδίαν,
3360 1138 3446 1198 οἷα
3478 1144 3575 1197 καὶ
3627 1145 3797 1214 ἡμᾶς,
3828 1146 3997 1215 ἀρκεῖ

2407 1241 2665 1295 τοσοῦτον
2697 1239 3130 1310 ἐπιμνησθῆναι.

2484 1334 2689 1387 Λοιπὸν
2712 1332 2767 1386 δὲ
2794 1332 2894 1402 ἥδη
2925 1332 3023 1400 τῆς
3053 1329 3165 1383 οἷον
3194 1331 3510 1398 συνομιλίας
3536 1330 3629 1385 καὶ
3663 1330 3763 1399 τῆς
3804 1327 3995 1396 κοινῆς

2412 1426 2779 1498 ἀπαρχόμεθα
2802 1425 3263 1494 συνδιασκέψεως·
3300 1424 3449 1476 ἄλλοι
3514 1426 3614 1494 μὲν
3644 1423 3832 1483 ἄλλαις
3876 1422 3992 1472 ἀπο

2415 1522 2692 1587 ετάγησαν
2740 1517 3038 1580 διακονίαις
3094 1519 3152 1570 ὲν
3203 1521 3271 1587 τῇ
3326 1515 3574 1589 παρούσῃ
3630 1514 3801 1583 ταύτῃ
3855 1514 3998 1581 ζωῇ,

2416 1610 2660 1680 βασιλεῖς
2713 1608 2859 1676 λέγω
2914 1608 3009 1660 καὶ
3062 1608 3331 1676 ἄρχοντας
3396 1606 3643 1666 πόλεων,
3693 1603 4001 1664 ἐπιστάτας

2416 1700 2762 1770 πραγμάτων
2792 1699 2992 1761 ἄλλων,
3038 1698 3360 1766 οἰκονόμους
3388 1697 3488 1765 τῆς
3542 1696 3883 1764 διοικήσεως,
3922 1687 4004 1759 ὧν

2416 1792 2644 1854 ἔκαστος
2674 1791 2808 1860 πρὸς
2836 1791 2901 1860 ἦν
2946 1788 3106 1841 ἔλαϐε
3168 1788 3323 1851 τάξιν
3377 1787 3625 1855 ἀφορῶν,
3681 1787 3741 1838 τὸ
3796 1788 4005 1839 οἰκεῖον

729 1903 1009 1974 proptiutn
1040 1916 1199 1969 opus,
1234 1900 1277 1951 si
1312 1895 1552 1966 prudens
1611 1904 1715 1957 est,
1755 1898 2013 1946 accurate
2061 1886 2318 1958 perficere

2431 1887 2571 1947 ὅστις
2610 1885 2836 1954 ἔμφρων
2869 1881 3157 1945 σπουδάζει
3184 1883 3491 1951 ἀμέμπτως
3522 1880 3684 1950 ἔργον
3708 1879 4006 1932 ἐπιτελεῖ-ι’

730 1996 950 2059 studet;
982 2007 1083 2047 nos
1116 2007 1243 2045 vero
1272 2003 1430 2042 sacro
1491 1986 1652 2039 altari
1716 1993 1899 2038 astare
1928 1981 2071 2051 jttssi
2099 1980 2144 2034 si
2200 1980 2323 2033 aliis

732 2088 984 2159 pluribus
1031 2084 1345 2139 titinistrare
1377 2080 1663 2141 debemus,
1692 2085 1818 2129 ante
1841 2076 2023 2129 omnia
2056 2084 2236 2127 tamen
2256 2073 2321 2125 ad

733 2193 919 2248 pacem
979 2172 1426 2245 promovendam
1498 2180 1662 2237 atque
1716 2183 1783 2220 ex
1849 2166 2029 2219 medio
2089 2162 2323 2217 tollenda

736 2268 991 2324 scandala
1028 2264 1461 2327 inimicitiasque
1486 2257 1757 2326 assumpti
1790 2270 1984 2309 sumus
2007 2272 2019 2307 :
2043 2253 2322 2306 tremenda

733 2360 1007 2429 siquidem
1046 2355 1304 2410 sacrilicti
1368 2353 1577 2407 oblatio
1618 2364 1783 2419 quam
1825 2348 1878 2401 in
1914 2348 2062 2401 illius
2113 2361 2325 2400 memo-

734 2454 871 2506 riam
913 2449 1147 2503 facimus
1187 2446 1304 2515 qui,
1368 2442 1434 2497 ad
1468 2442 1760 2497 solvendas
1801 2451 2040 2495 mternas
2086 2438 2326 2492 inimici—

744 2544 847 2597 tias
886 2550 941 2595 et
995 2540 1385 2593 destruendum
1446 2536 1742 2589 violentum
1804 2532 2088 2585 hominum
2137 2543 2326 2585 contra

738 2635 907 2687 Deum
942 2631 1186 2685 furorem
1217 2626 1678 2696 compescendutn
1703 2638 1864 2691 quem
1887 2622 2033 2675 nulla
2058 2636 2183 2690 spes
2212 2630 2329 2675 erat

739 2728 795 2780 in
834 2725 985 2795 pacis
1026 2722 1266 2777 studium
1328 2736 1454 2774 esse
1514 2716 1965 2781 convcrtendum,
1998 2716 2180 2769 omnia
2209 2730 2329 2784 qua:

739 2834 936 2886 passus
963 2826 1046 2871 est
1076 2816 1185 2885 pali
1240 2814 1429 2877 voluit,
1458 2821 1638 2882 sputa,
1688 2811 1897 2877 alapas,
1927 2811 2323 2863 sceleratorum

740 2919 995 2972 mortem,
1020 2923 1118 2960 nos
1157 2906 1415 2959 admonet
1450 2904 1569 2957 sine
1618 2902 2044 2963 intermissione,
2076 2900 2329 2953 omnibus

740 3002 969 3066 vat-ibus,
1002 2999 1152 3054 omni
1188 3007 1391 3059 mente,
1422 2996 1683 3065 omnique
1707 3009 1979 3056 sermone,
2006 2994 2159 3061 pacis
2208 3008 2329 3045 esse

740 3092 1025 3161 adjutores
1074 3088 1379 3150 studiosos,
1440 3085 1850 3138 inimicitiarum
1913 3084 2097 3138 hostes
2136 3094 2189 3137 ct
2214 3092 2330 3138 toto

2426 1977 2587 2044 ἡμεῖς
2616 1975 2671 2027 δὲ
2726 1976 2776 2026 οἱ
2831 1971 3201 2042 παρίστασθαι
3243 1970 3319 2039 τῷ
3374 1970 3516 2037 ἁγίῳ
3565 1968 4010 2037 ἀποτεταγμένοι

2426 2066 2821 2135 θυσιαστηρίῳ,
2864 2068 2913 2117 εἰ
2952 2067 3047 2118 καὶ
3078 2062 3290 2116 πολλῶν
3323 2062 3501 2115 ἄλλων
3534 2061 3813 2131 χρεῶσται
3865 2060 4006 2113 καθ-

2428 2163 2739 2229 εστήκαμεν
2779 2158 3049 2210 ἐπιτελεῖν
3098 2158 3197 2226 τὴν
3250 2154 3548 2217 διακονίαν,
3604 2153 3739 2208 ἀλλά
3788 2171 3849 2222 γε
3899 2156 4013 2222 πρὸ

2430 2254 2629 2314 παντὸς
2653 2252 2840 2321 ἐτέρου
2871 2251 2929 2301 τὸ
2969 2249 3071 2317 τῆς
3116 2249 3339 2317 εἰρήνης
3366 2247 3527 2315 ἔργον
3556 2248 3649 2298 καὶ
3697 2248 3758 2298 τὸ
3786 2244 4012 2299 διώκειν

2428 2346 2490 2397 ἐκ
2522 2344 2689 2414 μέσου
2718 2343 2785 2395 τὰ
2812 2342 3085 2395 σκάνδαλα
3116 2338 3323 2409 καίτὴν
3340 2338 3559 2409 ἔχθραν,
3591 2340 3670 2400 εἰς
3702 2339 4013 2407 ὑπουργίαν

2430 2436 2714 2505 ἐλάϐομεν.
2763 2434 2823 2486 Ἢ
2855 2433 2961 2503 γὰρ
3030 2434 3128 2501 τῆς
3184 2431 3419 2501 φρικτῆς
3478 2430 3757 2499 ἱερουργία
3797 2432 4017 2496 Θυσίας,

2430 2530 2494 2599 ἣν
2522 2531 2603 2591 είς
2664 2528 2975 2596 ἀνάμνησιν
3021 2524 3383 2592 ἐπιτελοῦμεν
3440 2522 3536 2573 τοῦ
3582 2525 3671 2577 ἵνα
3728 2524 4017 2593 καταλύσῃ

2429 2622 2528 2693 τὴν
2560 2620 2779 2673 αἰώνιον
2820 2619 3043 2691 ἔχθραν,
3099 2620 3199 2688 τὴν
3232 2618 3411 2688 βιαίαν
3460 2620 3679 2689 ἐκείνην
3708 2620 3844 2689 πρὸς
3875 2619 4019 2670 Θεὸν

2430 2713 2538 2766 τῶν
2598 2711 2905 2781 ἀνθρώπων
2948 2710 3149 2780 μανίαν
3172 2713 3265 2763 καὶ
3327 2713 3654 2765 ἀνέλπιστον
3674 2715 3754 2773 εἰς
3776 2710 4018 2771 σπουδὰς

2432 2809 2655 2877 εἰρήνης
2684 2805 2962 2875 συμϐῆναι
3010 2796 3410 2873 ὑπομείναντος
3452 2807 3551 2858 ὅσα
3601 2804 3882 2871 ὑπέμεινε,
3947 2803 4021 2853 τά

2432 2898 2828 2969 ὲμπτύσματα,
2858 2897 2927 2948 τὰ
2962 2897 3304 2966 ῥαπίσματα,
3342 2898 3433 2949 τδν
3469 2898 3702 2948 θάνατον
3753 2895 3861 2946 τῶν
3912 2911 4021 2944 κα-

2432 2990 2706 3059 κούργων,
2734 2989 2893 3041 τοῦτο
2929 2992 3064 3058 ἡμῖν
3118 2989 3557 3058 παρακελεύεται
3586 2988 3673 3040 διὰ
3712 2987 3910 3048 παντδς
3961 2985 4025 3036 τὸ

2436 3086 2586 3157 πάσῃ
2621 3084 2872 3153 δυνάμει,
2916 3084 3065 3153 πάσῃ
3098 3082 3373 3153 περινοίᾳ,
3428 3082 3593 3134 παντὶ
3623 3082 3766 3150 λόγῳ
3808 3080 3908 3148 τῆς
3936 3081 4026 3131 εξ·-

740 3184 906 3236 corde
930 3181 1069 3233 viam
1111 3178 1388 3233 scandalis
1444 3177 1841 3241 intercludere;
1901 3176 2168 3244 siquidem
2207 3189 2326 3230 tan-

2444 3180 2611 3247 ρήνης
2676 3172 2818 3229 εἶναι
2886 3175 3211 3236 σπουδαίους
3277 3173 3619 3241 συμμάχους,
3663 3172 3762 3239 τῆς
3815 3171 4025 3240 ἔχθρας

742 3285 905 3337 quam
939 3271 1010 3322 oh
1066 3268 1258 3322 oculos
1318 3267 1475 3321 nobis
1525 3282 1781 3335 tnagntun
1842 3266 1971 3317 illud
2037 3266 2328 3319 ministerii

747 3364 921 3417 nostri
956 3361 1277 3428 mysterium
1326 3359 1504 3429 ipsum
1527 3358 1766 3411 ostendit
1796 3356 1993 3410 Filium
2051 3358 2330 3429 benignis-

743 3453 865 3507 simi
902 3451 1104 3515 l‘atris,
1162 3451 1257 3519 qt'ti
1324 3451 1404 3502 sic
1458 3449 1646 3500 dilexit
1702 3449 1966 3501 mendum
2005 3456 2064 3500 ut
2111 3462 2235 3499 eum
2263 3450 2330 3501 ad

745 3561 846 3599 nos
872 3544 1082 3597 miserit
1120 3561 1133 3597 :
1178 3542 1273 3596 sed
1307 3542 1453 3594 enim
1484 3537 1831 3607 Unigenitum
1870 3540 2044 3603 illum,
2071 3539 2330 3593 dilectum

743 3638 956 3707 Agnum
980 3633 1075 3689 Dei
1109 3631 1475 3697 immolatum,
1506 3631 1944 3700 propitiationem
1980 3629 2185 3685 factum
2230 3646 2329 3700 pro

747 3729 948 3781 nostris
992 3727 1045 3779 in
1078 3725 1248 3778 Deum
1284 3733 1339 3778 et
1364 3723 1925 3785 Patremiuimicuiis,
1953 3726 2111 3792 quasi
2146 3724 2334 3777 visibi-

746 3819 851 3871 lem
900 3828 1027 3870 ante
1056 3816 1247 3869 oculos
1304 3824 1525 3869 nostros
1557 3814 1751 3869 statuit
1781 3829 2002 3867 sacrum
2038 3814 2177 3866 illud
2214 3829 2334 3883 my-

748 3909 999 3971 5tet-iutn,
1024 3908 1121 3977 qui
1174 3908 1375 3961 divina:
1401 3906 1587 3976 gloria:
1633 3906 1811 3961 factus
1842 3906 2015 3960 haeres
2047 3907 2334 3959 confusio-

752 4012 875 4054 nem
908 4010 1116 4053 tantant
1187 4008 1352 4067 atque
1407 3998 1764 4065 ignominiam
1804 3999 1871 4050 ab
1898 3997 2333 4051 hominibussibi

749 4091 1012 4159 subjectis
1110 4091 1352 4144 inustum
1416 4091 1788 4159 contempsit,
1850 4099 1907 4142 ut
1975 4089 2331 4153 abalienatos,

755 4183 1031 4247 inimicos,
1066 4186 1274 4244 hostes,
1312 4197 1409 4249 per
1426 4195 1555 4234 suas
1615 4182 1921 4249 passiones,
1956 4196 2053 4250 per
2083 4182 2334 4243 vulnera,

753 4291 847 4346 per
879 4273 1235 4343 ignominiam
1295 4273 1575 4337 liberaret,
1624 4272 1742 4341 paci
1800 4273 2113 4326 restitueret
2140 4281 2197 4325 et
2241 4270 2333 4325 Dei

754 4366 1047 4419 familiares
1086 4362 1322 4418 efﬁceret
1368 4381 1382 4418 :
1430 4364 1561 4432 quid
1624 4379 1776 4432 ergo,
1850 4366 2017 4416 frater
2047 4373 2101 4416 et
2132 4363 2320 4431 coepi-

752 4474 939 4527 scope,
1005 4472 1107 4511 nos
1175 4456 1354 4509 facere
1424 4456 1682 4523 oportet?
1741 4456 1903 4525 quale
1957 4471 2054 4508 cor
2111 4456 2332 4521 habere,

2440 3268 2753 3337 πολεμίους,
2798 3268 2893 3319 καὶ
2927 3268 3073 3335 πάσῃ
3113 3266 3255 3335 ψυχῇ
3310 3266 3623 3317 ἀποκλείειν
3677 3264 3775 3333 τὴν
3807 3265 4025 3316 εἴσοδον

2433 3363 2542 3413 τῶν
2576 3359 2889 3413 σκανδάλων
2911 3376 2925 3389 ·
2953 3360 3183 3427 ἐπείπερ
3220 3352 3331 3409 οἷον
3389 3356 3478 3408 ἔπ’
3530 3356 3651 3424 ὄψιν
3684 3358 3812 3425 ἡμῖν
3857 3355 4031 3407 τοῦτο

2434 3455 2498 3525 δὴ
2541 3455 2603 3506 τὸ
2638 3454 2778 3523 μέγα
2818 3453 2919 3522 τῆς
2988 3452 3300 3521 ἱερουργίας
3362 3452 3661 3521 μυστήριον
3704 3448 4030 3501 ὑποδείκνυ-

2438 3563 2541 3608 σιν,
2584 3547 2757 3599 αύτδν
2792 3545 2883 3598 τὸν
2928 3544 3053 3596 Υίὸν
3096 3544 3191 3596 τοῦ
3236 3541 3617 3611 φιλανθρώπου
3672 3542 3907 3611 Πατρτς.
3966 3541 4031 3603 ὃς

2434 3639 2691 3691 τοσοῦτον
2725 3639 2981 3706 ἠγάπησε
3021 3636 3114 3687 τὸν
3153 3636 3380 3699 κόσμον,
3452 3635 3591 3686 ὥστε
3653 3633 3841 3687 τοῦτον
3893 3632 4031 3696 ἐξαε

2438 3729 2720 3781 ποστεῖλαι
2789 3727 2927 3796 πρὸς
2985 3729 3172 3796 ἡμᾶς·
3244 3726 3379 3778 ἀλλὰ
3434 3726 3543 3796 γὰρ
3590 3726 3682 3777 τὸν
3740 3725 4034 3791 Movere-ﬁ;

2436 3819 2644 3882 τοῦτον,
2686 3818 2778 3869 τὸν
2822 3817 3125 3887 ἀγαπητὸν,
3158 3816 3249 3867 τὸν
3285 3814 3481 3883 Ἀμνὸν
3510 3816 3605 3867 τοῦ
3654 3812 3790 3865 Θεοῦ
3818 3813 3997 3881 θυόμε
4018 3844 4035 3854 ο

2438 3928 2525 3963 νον
2574 3909 2669 3962 καὶ
2704 3908 2971 3977 ἐξίλασμα
3008 3908 3293 3976 γινόμενον
3344 3906 3444 3973 τῆς
3500 3905 3777 3974 ἡμετέρας
3820 3905 4037 3973 ἔχθρας

2437 4002 2573 4073 πρὸς
2628 4002 2718 4054 τὸν
2776 4002 2908 4053 Θεὸν
2952 4002 3046 4052 καὶ
3088 4000 3324 4069 Πατέρα,
3377 4001 3489 4061 τοῖς
3518 3998 3815 4067 ὀφθαλμοῖς
3865 3999 4041 4067 ἡμίμν

2438 4093 2629 4161 ὥσπερ
2675 4092 2953 4161 ὁρώμενον
3014 4090 3075 4141 τὸ
3148 4091 3416 4156 πανάγιον
3484 4089 3645 4141 τοῦτο
3718 4090 4039 4156 μυστήριον

2445 4185 2807 4253 παρίστησιν,
2857 4182 2913 4244 ὃς
2953 4180 3293 4249 κληρονόμος
3341 4177 3418 4229 ὢν
3463 4178 3561 4246 τῆς
3613 4178 3801 4245 θεῖκῆς
3839 4175 4039 4245 δόξης,

2439 4275 2848 4344 κατεφρόνησεν
2905 4272 3176 4342 αἰσχύνης
3228 4268 3502 4338 τοσαύτης
3546 4268 3641 4320 καὶ
3683 4266 3903 4331 ἀδοξίας
3936 4268 4042 4319 ὑπ’

2438 4369 2742 4440 ἀνθρώπων
2778 4368 2871 4419 ὑπ’
2903 4365 3053 4435 αὑτῷ
3074 4364 3438 4434 τολμηθείσης
3462 4378 3477 4427 ;
3512 4362 3632 4415 Ἵνα
3654 4363 3779 4424 τοὺς
3800 4360 4046 4413 διεστῶ-

2440 4478 2557 4523 τας,
2596 4462 2721 4520 τοὺς
2759 4459 3006 4528 ἐχθροὺς,
3058 4457 3183 4517 τοὺς
3222 4454 3515 4521 πολεμίους
3549 4453 3637 4505 διὰ
3670 4453 3778 4505 τῶν
3805 4454 4045 4505 οἰκείων

754 4561 1046 4614 quamnam
1076 4545 1499 4599 sollicitudinem
1531 4555 1584 4598 et
1616 4546 2118 4607 anxietatem,cum
2153 4547 2327 4600 videa-

2446 4550 2653 4613 παθῶν,
2685 4550 2773 4602 διὰ
2796 4550 2905 4600 τῶν
2931 4548 3286 4616 τραυμάτων,
3316 4546 3405 4597 διὰ
3430 4545 3529 4613 τῆς
3560 4544 3823 4612 αἰσχύνης
3846 4543 4048 4596 ἀπαλ-

759 4653 881 4691 tuus
919 4639 1185 4705 quosdam
1224 4638 1279 4691 in
1337 4638 1571 4691 invicem
1624 4639 1959 4691 insanientes
1992 4648 2045 4691 et
2075 4655 2172 4703 pro
2209 4653 2339 4706 pace

762 4727 1169 4782 utimicitiarutn
1206 4728 1528 4783 studiosos!
1557 4726 1624 4780 Et
1657 4730 1772 4781 haec
1827 4728 1948 4782 dico
1984 4728 2052 4781 de
2110 4730 2340 4796 singulis

757 4830 811 4873 et
839 4821 1078 4873 vicissim
1129 4837 1144 4872 :
1212 4832 1477 4889 quantam
1556 4820 1725 4889 igitur
1777 4821 2035 4874 adhibere
2078 4823 2340 4875 debemus

761 4912 1092 4978 vigilantiam
1124 4912 1192 4964 ad
1260 4927 1356 4966 eos
1398 4912 1491 4980 qui
1539 4912 1611 4965 ita
1647 4929 1677 4963 a
1710 4912 1924 4965 diabolo
1983 4923 2109 4965 sunt
2162 4912 2339 4975 allecti

738 5000 1154 5068 conciliandos,
1213 5007 1551 5056 revocandos
1582 5004 1648 5056 ad
1685 5018 1875 5070 pacem
1903 5012 1958 5055 et
2000 5004 2341 5070 persuaden-

760 5098 857 5148 dos
887 5105 945 5147 ut
999 5109 1103 5163 per.
1149 5096 1481 5149 eharitatem
1520 5096 1587 5148 ad
1634 5098 1888 5148 .tnionetn
1929 5096 2198 5148 redeant?
2236 5096 2340 5150 Sed

761 5202 883 5239 eum
940 5203 1045 5240 non
1077 5202 1218 5259 unus
1267 5197 1362 5240 aut
1431 5189 1562 5250 duo,
1620 5199 1715 5240 aut
1770 5186 1980 5251 decem,
2028 5197 2122 5240 aut
2172 5191 2342 5241 multo

762 5278 971 5348 plures,
1005 5279 1197 5334 domus
1247 5288 1383 5342 tota.
1419 5291 1515 5333 aut
1574 5280 1790 5341 civitas,
1826 5282 1919 5333 sed
1960 5290 2012 5334 et
2046 5297 2180 5349 gens
2230 5289 2341 5334 tota

763 5382 953 5426 contra
1010 5381 1178 5426 totam
1234 5387 1471 5441 gentem,
1530 5374 1643 5428 imo
1704 5373 1949 5441 ejusdem
1993 5375 2135 5439 fidei,
2173 5377 2336 5444 proh!

768 5480 1011 5518 nieorum
1044 5466 1295 5520 dolorum
1314 5467 1562 5535 pondus!
1597 5467 1802 5521 diaboli
1841 5466 2090 5520 efficacia
2121 5468 2173 5519 itt
2200 5468 2365 5521 istud'

765 5556 967 5608 malum
999 5557 1327 5628 impingunt,
1350 5560 1481 5625 quid
1515 5559 1781 5612 faciemus
1802 5562 1823 5611 ?
1845 5558 1974 5625 quid
2008 5559 2343 5627 chOgitabi-

767 5648 929 5700 ntus?
965 5649 1095 5715 quid
1132 5648 1446 5718 sapientes?
1495 5664 1616 5719 qua:
1674 5650 1794 5702 dies
1822 5658 1917 5703 aut
1962 5664 2081 5717 qua:
2113 5665 2216 5701 nox
2246 5665 2344 5702 nos

766 5754 795 5790 a
824 5748 972 5793 tanta
1029 5741 1401 5798 sollicitudine
1440 5751 1493 5797 cl.
1537 5745 1818 5798 anxietate
1880 5743 2221 5809 requiescere
2266 5742 2343 5794 fa-

768 5830 871 5884 (ιρι
900 5832 920 5884 ’ί

2443 4642 2577 4712 λάξῃ
2610 4644 2703 4694 καὶ
2750 4642 2959 4710 συνάψῃ
3011 4643 3076 4710 τῇ
3106 4639 3319 4708 εἰρήνη»
3373 4637 3467 4689 καὶ
3498 4638 3738 4699 οἰκείους
3768 4637 4046 4705 ἀπεργά-

2445 4750 2603 4801 σηται
2621 4732 2697 4800 τῷ
2714 4732 2854 4800 Θεῷ.
2882 4734 2949 4783 Τί
2977 4728 3091 4795 οὖν,
3119 4730 3317 4798 ἀδελφὲ
3340 4730 3435 4781 καὶ
3459 4728 3733 4797 συνιερεῦ,
3750 4729 3826 4779 δεῖ
3848 4730 4039 4797 πράτο

2442 4841 2556 4876 τειν
2574 4826 2721 4894 ἡμᾶς
2746 4841 2759 4887 ;
2784 4823 3039 4891 ιιοταπὴν
3063 4823 3210 4890 ἔχειν
3235 4822 3490 4889 καρδίαν,
3510 4821 3704 4873 ὁποίαν
3727 4822 4045 4888 μέριμναν,

2446 4915 2640 4983 ἡλίκην
2674 4916 2939 4981 ἀγωνίαν,
2990 4917 3121 4967 ὃταν
3150 4914 3303 4975 τινας
3348 4914 3567 4983 ὁρῶμεν
3625 4911 3748 4963 κατ’
3777 4910 4052 4980 ἀλλήλων

2446 5006 2905 5075 ὲκμαινομένους,
2962 5007 3058 5057 καὶ
3114 5006 3215 5069 τὴν
3252 5004 3457 5074 ἔχθραν
3486 5006 3608 5057 ἀντὶ
3658 5005 3757 5073 τῆς
3800 5006 4051 5071 ἀγάπης

2445 5100 2922 5166 ἁλλασσομὲνουςς
2958 5098 3069 5149 Καὶ
3093 5096 3270 5149 ταῦτά
3300 5114 3446 5166 φημι
3478 5098 3607 5166 περὶ
3633 5097 3744 5148 τῶν
3769 5096 3894 5147 καθ’
3934 5099 4051 5151 ἕνα

2444 5194 2581 5254 τέως
2627 5194 2723 5245 καὶ
2774 5194 2876 5245 ἀνὰ
2920 5194 3107 5260 μέρος.
3148 5190 3331 5260 Ιίὀσην
3378 5186 3472 5242 οὖν
3521 5192 4050 5260 κεχρεωστήκαμεν

2446 5285 2705 5353 πρόνοιαν
2763 5284 2971 5353 φέρειν,
3021 5282 3164 5334 ὥστε
3218 5282 3346 5343 τοὺς
3396 5281 3540 5333 οὕτω
3584 5282 4052 5351 διατεθειμένους

2444 5380 2543 5438 τὰς
2574 5376 2750 5446 ψυχὰς
2783 5377 2887 5427 ὑπὸ
2917 5377 3011 5426 το)
3046 5374 3288 5445 πονηροῦ
3330 5374 3694 5443 συμϐιϐάσαι,
3747 5376 3842 5427 καὶ
3868 5379 4054 5450 εἰρη-

2446 5470 2761 5538 νοποιῆσαι,
2810 5470 2905 5519 καὶ
2964 5470 3153 5519 πεῖσαι
3201 5466 3363 5519 πάλιν
3412 5468 3499 5518 διὰ
3532 5467 3633 5534 τῆς
3690 5466 3915 5536 ἀγάπης
3955 5474 4055 5534 εἰς

2448 5564 2674 5631 ἑνότητα
2724 5559 3037 5625 συνεὶ.οεῖν;
3081 5561 3249 5611 Ὅταν
3283 5560 3341 5611 δὲ
3387 5560 3484 5625 οὐχ
3527 5554 3629 5621 εἷς,
3665 5559 3787 5611 οὐδὲ
3818 5558 3940 5626 δύο,
3978 5568 4055 5617 οὐ

2445 5652 2601 5717 δέκα,
2642 5654 2764 5704 οὐδὲ
2822 5653 3004 5721 πολλῷ
3038 5653 3245 5705 τούτων
3292 5654 3509 5715 πλείους
3554 5654 3848 5722 ὁλόκληρος
3877 5658 4057 5711 οἰκία

2448 5746 2545 5797 καὶ
2574 5744 2751 5809 πόλις,
2790 5744 2905 5796 ἀλλ’
2937 5744 3091 5805 ἔθνος
3123 5746 3245 5796 ὅλον
3276 5745 3410 5814 πρὸς
3453 5745 3572 5797 ὅλον
3600 5747 3751 5807 ἔθνος
3780 5748 3874 5798 καὶ
3909 5752 4059 5803 τότε

2448 5838 2774 5907 ὀμόπιστον,
2824 5837 2971 5905 οἴμοι
3014 5837 3120 5890 τῶν
3158 5837 3307 5907 ἐμῶν
3350 5838 3539 5891 παθῶν
3579 5838 3637 5890 τὸ
3694 5836 4055 5906 βαρύτατον,
