4158 6430
709 404 778 469 95
959 403 961 405 ’
1835 387 2146 451 NICOLAI
2188 385 2295 445 Ci’.
2339 383 2619 443 PATRIA
2633 384 2779 444 RCH
2793 384 2854 441 Ε
3889 365 3963 429 96

712 517 879 586 μένης
934 513 996 568 τὸ
1041 513 1136 567 τοῦ
1194 488 1517 583 πράγματος
1585 505 1941 578 χρεῶστημα,
2014 496 2473 554 συνεπιλαϐέσθαι
2523 499 2588 567 τῇ
2655 496 2901 567 ἡμετέρα
2951 486 3744 566 πρεσϐείᾳ,ἐξευμενίσασθαι,
3818 485 3966 538 καθ-

711 606 990 661 ικετεῦσαι
1025 605 1117 659 τὸν
1150 604 1501 675 ἠγαπημένον
1525 601 1642 655 υἱον
1677 601 1859 670 ἡμῶν.

783 700 1023 756 Plurima
1067 711 1196 755 sunt
1248 716 1368 771 quae
1420 682 1566 754 uiam
1625 695 2056 752 obsecratiOnem
2108 688 2375 761 juvarcA

716 806 943 867 possunt
981 812 996 849 :
1040 795 1217 863 primo
1263 792 1481 861 quidem
1531 790 1676 861 quod
1739 788 1890 858 prius
1928 786 2189 845 diximus,
2241 782 2293 835 id

717 897 801 942 est
852 886 1056 941 Christi
1096 895 1149 940 et
1192 884 1284 939 Dei
1318 883 1490 938 nostri
1532 877 1939 936 inconsolabilis
1968 875 2123 931 dolor
2151 871 2295 944 quod

660 998 663 1001 ‘
717 979 808 1048 qui
852 980 1169 1047 prmelarum
1223 977 1345 1045 ejus
1378 990 1575 1030 nomen
1604 980 1845 1042 portant,
1874 969 2017 1040 quod
2048 978 2106 1021 ut
2140 965 2297 1021 nobis

719 1070 948 1124 donaret
994 1071 1136 1122 sicut
1163 1069 1282 1123 ovis
1341 1068 1407 1121 ad
1448 1065 1778 1120 occisionem
1836 1062 2032 1117 ductus
2057 1066 2140 1113 est
2163 1062 2206 1122 ν,
2243 1059 2297 1111 in

721 1158 952 1213 invicem
997 1157 1232 1211 belluina
1270 1157 1479 1212 feritate
1506 1153 1824 1215 ellerantur,
1864 1158 2049 1204 saneta
2079 1161 2300 1217 quoque

721 1250 919 1318 templa
970 1250 1023 1303 in
1070 1249 1270 1316 quibus
1323 1248 1486 1301 Deum
1518 1246 1766 1315 implorat
1799 1256 1898 1312 pro
1944 1256 2003 1295 se
2032 1241 2170 1311 ipso,
2203 1255 2299 1307 pro

718 1342 975 1412 conjuge,
1014 1358 1116 1411 pro
1151 1341 1336 1395 liberis
1362 1349 1414 1393 et
1433 1339 1700 1413 universa
1726 1343 1882 1404 gente
1907 1338 2064 1402 cujus
2097 1332 2301 1388 consti-

718 1441 871 1487 tutus
912 1441 995 1484 est
1030 1430 1303 1499 princeps,
1354 1443 1568 1484 sacrum
1600 1426 1763 1481 etiam
1794 1434 1845 1479 et
1893 1425 2300 1479 immaculatum

720 1538 918 1590 corpus
949 1531 1001 1575 et
1023 1522 1269 1591 sanguis,
1289 1536 1408 1589 qua:
1441 1520 1778 1572 manducans
1804 1528 1857 1571 et
1880 1517 2067 1589 bibens
2090 1518 2300 1569 ﬁrmam

722 1629 879 1680 Spem
948 1614 1111 1666 habet
1166 1612 1470 1667 sanctitatis
1515 1611 1632 1664 lieri
1683 1626 1741 1665 se
1797 1609 2113 1680 participem
2147 1624 2161 1671 ;
2194 1607 2302 1659 tuis
2331 1638 2343 1653 .

718 1705 1063 1759 sermonibus
1083 1706 1152 1759 ob
1184 1705 1330 1758 illius
1353 1702 1540 1758 oculos
1570 1717 1739 1772 pone,
1770 1716 1887 1771 qua:
1916 1699 2147 1769 prepriis
2176 1713 2305 1752 ocu-

720 1797 789 1851 lis
811 1806 865 1849 et
904 1805 1149 1862 antetua
1190 1796 1330 1848 dicta
1358 1796 1496 1849 vidit
1535 1809 1633 1861 nec
1659 1796 1910 1865 ignorare
1953 1800 2150 1861 potest,
2185 1792 2305 1844 uni-

719 1899 936 1938 versam
976 1899 1140 1953 quam
1168 1886 1496 1955 peragravit
1530 1893 1728 1938 terram
1771 1884 1996 1937 omnino
2033 1882 2304 1935 desertam

721 1976 840 2030 loco
866 1976 1083 2046 pristini
1117 1986 1365 2041 ornatus,
1422 1992 1676 2045 agrorum
1724 1975 2090 2030 miserandam
2121 1971 2304 2026 defor-

2477 689 2660 759 Ἔχεις
2706 686 2906 751 πολλὰς
2962 686 3221 756 ἀφορμὰς
3273 678 3644 747 συνεργούσας
3693 674 3831 743 πρὸς
3869 670 3974 740 τὴν

2401 781 2611 834 ἐκείνου
2647 778 2964 847 δυσώπησιν
2985 795 3000 808 ο
3039 779 3257 846 πρῶτον
3309 774 3428 842 μέν,
3459 773 3558 824 ὅσα
3587 771 3615 822 δ
3645 767 3801 834 λόγος
3835 781 3975 833 προ-

2395 870 2578 925 λαϐὼν
2604 868 2750 929 εἶπε.
2784 872 2880 923 τοῦ
2914 867 3155 938 Χριστοῦ
3187 865 3281 920 καὶ
3305 862 3441 916 Θεοῦ
3481 858 3640 930 ἡμῶν
3668 857 3729 909 τὸ
3754 858 3978 923 ἀπαρα-

2400 964 2641 1034 μύθητον
2673 964 2860 1031 ἄλγος,
2894 962 2979 1029 ἐφ’
3003 957 3083 1023 οἷς
3108 962 3159 1013 οί
3184 962 3247 1013 τὸ
3270 956 3479 1010 ἐκείνου
3502 954 3683 1021 τίμιον
3711 948 3977 1017 φέροντες

2397 1058 2570 1127 ὄνομα
2602 1057 2678 1119 ὡς
2712 1055 2983 1126 πρόϐατον
3019 1054 3111 1105 ἐπὶ
3142 1049 3354 1121 σφαγὴν
3385 1045 3666 1115 ἀχθέντος,
3699 1042 3785 1093 ἵνα
3814 1036 3977 1090 τοῦτο

2398 1150 2529 1218 ἡμῖν
2568 1148 2628 1201 τὸ
2660 1149 2830 1217 ὄνομα
2881 1144 3196 1217 χαρίσηται,
3246 1141 3368 1195 κατ’
3399 1138 3644 1204 ἀλλήλων
3672 1128 3977 1200 ἐξεθηριὼ-

2400 1241 2609 1307 θησαν,,
2624 1241 2749 1300 τοὺς
2806 1238 2986 1307 ἱεροὺς
3029 1236 3190 1295 ναοὺς
3220 1235 3277 1285 ἐν
3310 1228 3390 1293 οἷς
3417 1229 3552 1298 πρὸς
3596 1222 3831 1287 ἔντευξιν
3863 1223 3982 1274 εἰσ-

2400 1333 2619 1401 έρχεται
2678 1328 2771 1382 τοῦ
2822 1327 2959 1380 Θεοῦ
3000 1325 3140 1396 ὑπὲρ
3172 1321 3404 1384 ἑαυτοῦ,
3434 1319 3578 1388 ὑπὲρ
3611 1316 3837 1377 παίδων,
3877 1310 3982 1362 καὶ

2402 1424 2527 1477 ὅλου
2576 1422 2720 1491 φημὶ
2772 1420 2866 1472 τοῦ
2921 1418 3131 1483 ἔθνους,
3184 1408 3246 1469 οἷ’)
3295 1412 3580 1476 δεσπόζειν
3622 1408 3881 1469 κατέστη,
3915 1404 3983 1457 τὸ

2402 1515 2557 1581 ἅγιον
2588 1514 2681 1566 καὶ
2732 1512 3107 1579 πανὰχραντον
3156 1508 3318 1576 σῶμα
3363 1505 3455 1558 καὶ
3490 1500 3651 1570 αἷμα,
3678 1495 3755 1553 ῶν
3779 1498 3983 1551 ἐσθίων

2404 1604 2500 1656 καὶ
2532 1603 2707 1655 πίνων
2749 1601 3111 1661 ἀδιστάκτους
3156 1597 3378 1659 ἐλπίδας
3422 1594 3535 1663 ἔχει
3564 1587 3842 1659 ἁγιασμοῦ
3877 1585 3984 1652 μέ-

2405 1712 2559 1764 τοχος
2590 1693 2855 1761 γίνεσθαι.
2898 1694 3257 1761 ῐΙαράστησον
3307 1685 3456 1754 αὑτῷ
3485 1685 3574 1737 διὰ
3615 1682 3725 1734 τῶν
3750 1679 3859 1732 σῶν
3888 1678 3988 1729 λό-

2404 1804 2520 1856 γων
2548 1789 2604 1840 ἐν
2657 1784 2959 1854 ὀφθαλμοῖς
3008 1783 3107 1834 ὅσα
3156 1782 3361 1856 ἐκεῖνος
3407 1776 3637 1836 οἰκείαις
3679 1773 3838 1840 ὄψεσι
3884 1771 3989 1822 καὶ

2406 1850 2514 1951 πρὸ
2543 1858 2650 1932 τῶύ
2684 1850 2792 1937 σῶν
2819 1850 3363 1943 λόγωνιτεθεαμένος
3389 1870 3489 1921 οὐκ
3524 1866 3726 1933 ἀγνοεῖ,
3759 1863 3853 1931 τῆς
3877 1860 3989 1928 γῆς

2406 1972 2539 2040 ὅσην
2594 1970 2780 2039 διῆλθε
2822 1969 2922 2036 τὴν
2949 1966 3185 2035 ἐρημίαν
3228 1964 3329 2030 τὴν
3382 1961 3504 2013 ἀντὶ
3549 1958 3649 2025 τῆς
3698 1953 3989 2024 ὁρωμένης

724 2069 968 2123 mitatem
1001 2069 1072 2123 ob
1120 2078 1327 2138 segetes
1361 2068 1661 2136 vineasque
1688 2077 1742 2121 et
1768 2067 2025 2131 arbores;
2059 2079 2301 2120 comme-

2408 2066 2537 2135 ἄχρι
2568 2062 2661 2116 τοῦ
2702 2061 2797 2114 νῦν
2854 2059 3213 2130 ὡραιότητος,
3241 2052 3594 2127 τῶνχωρῶν
3633 2050 3731 2119 ὅση
3785 2049 3848 2099 ἐκ
3872 2046 3993 2097 τῶν

724 2176 875 2213 mora
896 2175 1180 2214 sacrarum
1201 2160 1311 2215 Deo
1343 2162 1540 2215 aedium
1558 2160 1917 2216 eversionem.
1945 2174 2081 2228 quas
2095 2159 2306 2227 piorum

727 2265 926 2305 manus
959 2252 1011 2303 in
1036 2251 1126 2304 Dei
1166 2251 1391 2319 gloriam
1441 2260 1590 2305 tanto
1624 2250 1810 2303 labore
1861 2248 2306 2312 :edilicaverunt;

726 2342 862 2396 adde
915 2343 1078 2396 etiam
1124 2345 1337 2397 ruinam
1392 2342 1786 2397 venerabilium
1827 2339 2307 2403 monasteriorum,

726 2433 782 2486 in
812 2434 1012 2503 quibus
1048 2435 1322 2499 monachi,
1357 2436 1410 2488 in
1441 2435 1641 2504 quibus
1670 2434 1912 2503 virgines
1935 2432 2168 2500 hymnos
2197 2429 2308 2483 Deo

728 2526 848 2581 sine
880 2528 1287 2582 intermissione
1311 2528 1600 2594 canebant,
1636 2542 1865 2596 quaeque
1906 2524 2305 2593 nuncjacentia

727 2618 1127 2686 relinquuntur.
1162 2618 1313 2673 Adde
1342 2634 1560 2688 quoque
1586 2619 1833 2675 diversas
1868 2618 2145 2671 hominum
2193 2630 2301 2669 cm-

725 2710 839 2773 des,
875 2711 1038 2778 proh!
1068 2712 1232 2764 nimia
1264 2713 1527 2771 daemonis
1550 2710 1761 2765 scelesti
1786 2711 1867 2764 vis
1898 2709 2094 2763 misera
2129 2708 2141 2761 !
2176 2722 2303 2761 san-

728 2812 940 2856 ctorum
975 2803 1678 2874 mouacborum,virginum
1708 2805 2109 2870 mulierumque
2138 2801 2304 2854 cada-

723 2908 852 2947 vera
879 2894 1126 2961 dispersa
1159 2904 1323 2964 atque
1353 2896 2004 2992 insepultaﬁcanibusque
2035 2902 2091 2948 et
2114 2893 2306 2947 bestiis

724 2987 964 3056 praedam
1005 2990 1238 3058 objecta.

2414 2157 2682 2227 σταχύων,
2718 2157 2820 2224 ὅση
2853 2154 2910 2220 ἐξ
2941 2150 3226 2220 ἀμπέλων,
3257 2149 3355 2216 ὅση
3387 2146 3452 2199 ἐκ
3477 2144 3585 2196 τῶν
3617 2143 3793 2197 ἄλλων
3818 2141 3993 2205 ἀκρο-

2408 2252 2589 2317 δρύων
2638 2247 2875 2314 ἐλεεινὴν
2929 2240 3231 2312 ἀμορφίαν.
3286 2239 3623 2317 Ἀνάμνησον
3677 2232 3839 2286 αὐτὸν
3886 2231 3994 2299 τῆς

2410 2339 2799 2409 καταστροφῆς
2828 2337 2936 2391 τῶν
2969 2336 3139 2403 ἁγίων
3179 2332 3273 2385 τοῦ
3317 2330 3453 2384 Θεοῦ
3487 2331 3675 2387 οἴκων,
3708 2324 3801 2387 οὓς
3831 2325 3995 2375 εύσεο

2410 2433 2523 2484 ϐῶν
2555 2430 2861 2515 χεῖρεςηδείς
2896 2428 3054 2492 δόξαν
3101 2425 3236 2478 Θεοῦ
3285 2422 3422 2490 μετὰ
3462 2419 3672 2473 πολλῶν
3723 2416 3995 2484 καμάτων

2372 2580 2387 2601 κ
2413 2523 2728 2595 ἀνήγειραν.
2747 2507 2999 2589 τΠρόσθες
3022 2520 3122 2586 τὴν
3158 2515 3436 2569 ἀπώλειαν
3468 2512 3575 2565 τῶν
3602 2508 3817 2579 σεμνῶν
3850 2507 3997 2559 διαι-

2406 2616 2689 2684 τημάτων,
2732 2614 2788 2664 ἐν
2839 2604 2920 2672 οἷς
2965 2606 3312 2680 μονάζοντες,
3361 2607 3420 2657 ἐν
3457 2596 3538 2664 οἷς
3592 2599 3852 2669 παρθένοι
3901 2596 3995 2648 διὰ

2410 2710 2606 2769 παντὸς
2634 2705 2836 2775 ὕμνους
2858 2699 3171 2769 ἀνέπεμπον
3206 2699 3282 2762 τῷ
3315 2696 3457 2765 Θεῷ,
3480 2695 3581 2746 aui.-
3606 2692 3700 2745 νῦν
3742 2692 3798 2742 ἐν
3828 2689 3984 2756 ἐρει-

2410 2796 2556 2861 πίοις
2585 2799 2867 2851 λέλειπται
2915 2793 3294 2861 κατακείμενα
3316 2806 3331 2821 ο
3368 2786 3606 2859 πρόσθες
3637 2785 3733 2836 ἐπὶ
3774 2782 3993 2841 τούτοις

2408 2894 2509 2953 τὰς
2542 2889 2915 2960 πολυτρόπους
2949 2886 3059 2937 τῶν
3105 2884 3409 2952 ἀνθρώπων
3435 2880 3673 2946 σφαγὰς,
3711 2878 3856 2942 οἴμοι
3886 2875 3996 2939 τῆς

2316 3014 2321 3023 ι
2411 2984 2679 3054 τοσαύτης
2704 2980 2797 3034 τοῦ
2828 2978 3069 3047 πονηροῦ
3102 2976 3357 3045 δαίμονος
3394 2972 3599 3041 ἰσχύος,
3633 2971 3737 3021 τῶν
3771 2966 3993 3037 ἱερέων,

723 3085 834 3139 τῶν
887 3086 1232 3155 μοναζόντων
1281 3086 1514 3157 ἀνδρῶν,
1575 3085 1850 3155 γυναικῶν
1897 3086 2165 3157 ἐρριμένα
2237 3082 2488 3153 σώματα,
2537 3082 2632 3134 καὶ
2711 3078 2835 3150 μηδ’
2875 3077 3005 3129 αὐτὸ
3070 3075 3229 3127 τοῦτο
3270 3070 3451 3138 ταφῆς
3489 3066 3790 3136 ἠξιωμένα,
3850 3060 3997 3114 ἀλλὰ

727 3180 856 3231 κυσὶ
888 3182 980 3233 καὶ
1009 3182 1221 3250 θηρίοις
1246 3182 1326 3242 εἰς
1359 3179 1565 3251 βρῶσιν
1597 3180 2022 3250 προτεθειμένα.

797 3272 935 3335 Quid
966 3282 1147 3327 autem
1171 3288 1233 3325 ea
1253 3272 1416 3326 dico?
1450 3272 1697 3342 Magnam
1717 3272 1882 3325 habes
1913 3269 2308 3326 etineﬂ'abilem

2493 3264 2601 3316 Kal.
2640 3262 2693 3315 τί
2716 3261 2860 3329 λέγω
2887 3259 3095 3319 mina;
3131 3259 3315 3325 Ἔχεις
3342 3252 3543 3321 πολλὴν
3585 3249 3678 3301 καὶ
3711 3244 3999 3315 ἀμύθητον

728 3365 938 3432 copiam
958 3364 1009 3417 in
1034 3364 1125 3418 illa
1157 3381 1264 3418 non
1296 3348 1478 3419 audita
1508 3365 1770 3432 tragmdia
1803 3374 1856 3418 et
1887 3363 2226 3433 potissimum
2257 3363 2307 3415 in

2417 3359 2480 3407 ἐκ
2519 3356 2613 3424 τῆς
2646 3353 3001 3423 ἀνιστορήτου
3025 3349 3227 3417 ταύτης
3252 3343 3556 3416 τραγῳδίας
3578 3342 3677 3411 τὴν
3702 3338 3996 3406 εὐπορίαν,

731 3458 1150 3511 mansuetudine
1184 3469 1239 3512 et
1274 3456 1663 3525 perfectissima
1697 3457 1841 3509 illius
1871 3470 2029 3525 quem
2053 3455 2309 3510 obsecra-

728 3548 812 3601 bis
838 3549 1139 3615 prudentia,
1181 3551 1324 3603 unde
1352 3548 2016 3618 adjuveturintereessio:
2048 3549 2140 3603 sed
2165 3549 2306 3600 enim

729 3640 866 3694 meis
912 3640 1129 3710 tuisque
1158 3642 1319 3696 simul
1359 3641 1544 3696 dolore
1583 3650 1635 3694 et
1660 3656 1760 3709 pro
1807 3640 2086 3694 communi
2135 3639 2310 3694 salute

728 3739 782 3782 et
805 3745 937 3798 pace
963 3740 1242 3799 permotus
1277 3731 1451 3785 debita
1488 3713 1879 3794 sollicitudine,
1904 3746 1964 3783 ea
1998 3730 2158 3784 etiam
2189 3745 2310 3798 quae

730 3819 797 3873 ad
829 3836 953 3873 cum
1010 3823 1280 3890 pertin‘ent
1310 3822 1623 3876 demonstra
1675 3840 1687 3875 :
1733 3831 1983 3875 nostrum
2017 3836 2179 3889 porro
2215 3836 2310 3889 pro

730 3914 891 3969 nobis
925 3914 1161 3969 ofﬁcium
1212 3930 1277 3969 eo
1329 3915 1492 3970 modo
1524 3914 1687 3983 imple
1738 3927 1847 3982 quo
1888 3913 2204 3979 nosmetipsi
2264 3914 2306 3966 si

730 4006 1050 4061 adessemus
1086 4024 1101 4060 :
1132 4022 1325 4061 manus
1360 4006 1506 4061 illius
1546 4005 1929 4075 complectere,
1956 4019 2153 4075 -genna
2187 4019 2311 4073 pre-

732 4097 931 4163 hende,
964 4107 1036 4163 et,
1072 4098 1115 4153 si
1153 4113 1290 4168 Opus
1323 4108 1425 4164 est,
1456 4098 1621 4152 etiam
1654 4098 1837 4165 pedes,
1866 4111 1973 4151 uno
2002 4097 2190 4159 verbo,
2226 4095 2311 4149 ni-

732 4190 808 4244 hil
844 4199 934 4243 aut
974 4190 1177 4251 dicere,
1237 4199 1330 4244 aut
1364 4190 1541 4243 facere
1592 4189 1833 4252 omittas,
1874 4189 2174 4259 usquedum
2239 4188 2305 4241 ad

734 4282 888 4351 pacis
956 4282 1157 4336 bonum
1234 4296 1470 4352 superna
1538 4280 2310 4334 mansuetudine'inclinetur

734 4374 910 4429 dulcis
952 4374 1043 4426 ﬁlii
1073 4373 1243 4427 nostri
1275 4373 1517 4433 animus,
1566 4372 1778 4441 virique
1816 4371 1883 4424 ab
1923 4385 1987 4424 eo
2030 4370 2310 4425 mittantur

734 4481 830 4535 per
856 4480 995 4534 quos
1026 4474 1358 4519 renoventur
1379 4466 1531 4534 pacis
1558 4462 1787 4526 hedera,
1820 4471 2148 4533 evanescant
2185 4461 2309 4515 belli

734 4558 1260 4627 inimicitiarumque
1284 4558 1448 4622 mala,
1490 4558 1722 4625 pellatur
1747 4555 1998 4608 diabolus
2027 4555 2118 4623 qui
2153 4568 2306 4607 com-

732 4652 992 4706 munibus
1026 4650 1392 4705 Romanorqu
1424 4650 1891 4719 Bulgarorumque
1917 4648 2072 4700 malis
2093 4646 2306 4715 gaudet,
2340 4688 2381 4742 Β
2416 4646 2571 4705 λῶσι,
2609 4646 2675 4692 δι’
2706 4646 2779 4692 ῶν
2819 4646 3346 4701 ἀνακαινισυησεται
3375 4646 3475 4699 μεν
3495 4646 3565 4679 τα
3603 4646 3702 4695 της
3741 4646 3855 4691 ειρη

733 4742 956 4773 nam...
1015 4743 1181 4773 in..."
1212 4742 1536 4773 ηηηηηιιιιςο
1592 4740 1809 4773 ιιςιοηιίη
1842 4738 2207 4773 ηνιιιιιιιινηηιιιι
2242 4737 2306 4773 il.
2415 4731 2896 4773 νστηηγτξῦἧσεται
2923 4727 2980 4773 δὲ
3009 4726 3078 4773 τὰ
3098 4723 3205 4773 τῶν
3230 4721 3483 4773 πολέμων
3516 4717 3611 4771 καὶ
3635 4716 3734 4773 τῆς
3765 4714 3855 4773 ἓῖθ

2367 4723 2380 4804 ξ
2415 4731 2896 4809 καταργηθήσεται
2923 4727 2980 4779 δέ
3009 4726 3078 4777 τὰ
3098 4723 3205 4775 τῶν
3230 4723 3483 4790 πολέμων
3516 4723 3611 4771 καὶ
3635 4723 3734 4784 τῆς
3765 4723 3998 4782 ἔχθρας,

733 4742 961 4797 redeant
1014 4743 1182 4797 libere
1212 4742 1539 4795 venerabilis
1592 4740 1809 4794 dilectio
1842 4738 2207 4808 praaclaraque
2242 4737 2306 4790 il-

733 4836 840 4890 lius
878 4837 1016 4889 bona
1047 4851 1140 4905 per
1157 4851 1279 4906 quae
1303 4834 1484 4889 laetitia
1513 4834 1893 4900 bonorumque
1922 4828 2074 4897 copia
2096 4828 2314 4897 utrique

735 4927 935 4996 populo
967 4927 1233 4980 accedent
1278 4942 1343 4981 ac
1372 4923 1880 4979 crudelissimorum
1918 4935 2113 4975 sensus
2146 4918 2314 4972 malo-

735 5034 882 5081 rum,
911 5020 1092 5075 vultus
1120 5019 1385 5074 demissio
1413 5020 1594 5089 ﬁatque
1640 5014 1904 5071 maestitia
1936 5028 1966 5067 e
2000 5011 2180 5066 medio
2214 5012 2317 5065 tol-

736 5108 937 5165 lentur.
1601 5102 1607 5109 ’

2415 3450 2507 3500 καί
2535 3448 2626 3499 ἐπὶ
2660 3449 2793 3498 πᾶσι
2828 3446 2927 3515 τὴν
2957 3442 3050 3496 τοῦ
3084 3439 3480 3506 δυσωπημένου
3526 3433 3862 3504 ἡμερότητα,
3895 3433 4000 3479 καὶ

2412 3542 2512 3608 τὴν
2546 3538 2891 3605 τελειοτάτην
2925 3535 3187 3605 φρόνησιν
3220 3534 3298 3592 είς
3328 3529 3388 3581 τὸ
3423 3521 3999 3595 συγκαταπράξασθαι

2412 3637 2512 3705 τὴν
2556 3631 2892 3703 πρεσϐείαν·
2943 3629 3078 3683 ἀλλὰ
3124 3628 3233 3697 γὰρ
3273 3623 3592 3691 κινούμενος
3642 3622 3762 3680 ταῖς
3792 3615 3999 3677 κοινῶς

2413 3728 2513 3795 ἐμέ
2546 3743 2605 3777 τε
2638 3726 2728 3778 καὶ
2765 3725 2823 3775 σὲ
2856 3722 3244 3790 ἀπαραιτήτως
3271 3715 3623 3783 συνεχούσαις
3649 3710 3864 3769 ὀδύναις
3896 3709 4001 3759 καὶ

2414 3818 2533 3880 τάἰς
2578 3816 2831 3886 ἐχούσαις
2859 3814 3010 3881 ἡμᾶς
3051 3810 3335 3878 ὀφειλέτας
3382 3807 3677 3876 μερίμναις
3713 3802 3854 3871 ὑπὲρ
3889 3799 4002 3867 τῆς

2414 3911 2600 3977 κοινῆς
2638 3906 2912 3975 σωτηρίας
2956 3902 3048 3955 καί¹
3080 3902 3324 3971 εἰρήνης,
3362 3897 3628 3961 ἐπίδειξαι
3670 3896 3765 3963 μὲν
3798 3894 3893 3945 καί
3921 3894 3999 3943 τὰ

2418 4000 2547 4077 παρ’
2585 3997 2779 4050 ἐαυτοῦ
2808 4011 2819 4023 ·
2860 3995 3151 4064 πλήρωσον
3184 3990 3240 4043 δὲ
3274 3989 3369 4042 καὶ
3399 3986 3513 4040 ἀνθ’
3553 3985 3709 4053 ήμῶν
3744 3983 3813 4035 τὰ
3844 3982 3999 4051 ἡμέ-

2414 4109 2550 4163 τερα
2575 4093 2671 4143 ὅσα
2698 4092 2744 4141 εἰ
2773 4087 3038 4157 παρόντες
3060 4085 3127 4138 ἂν
3152 4082 3307 4135 αὐτοὶ
3330 4077 3742 4148 διεπραξαμεθα
3762 4091 3775 4104 ·
3804 4079 4001 4145 χεῖρας

2418 4182 2773 4253 περίπτυξαι,
2807 4178 2976 4231 λαϐοῦ
3016 4178 3280 4243 γονάτων,
3319 4175 3369 4225 εί
3407 4173 3587 4242 δεήσει
3614 4170 3708 4222 καὶ
3740 4168 3849 4219 τῶν
3892 4183 3966 4217 πο
3990 4197 4002 4206 -

2413 4278 2541 4339 δῶν,
2571 4279 2665 4327 καὶ
2706 4272 2894 4333 ἁπλῶς
2950 4258 3130 4337 λόγοις
3177 4269 3271 4321 καὶ
3315 4265 3608 4335 πράγμασι
3648 4261 3723 4332 μὴ
3771 4260 3998 4329 ἀπόσχῃ

2416 4370 2596 4422 πάντα
2638 4366 2827 4430 ποιῶν,
2865 4366 2968 4426 ’έως
3004 4363 3068 4414 ἂν
3099 4363 3164 4430 τῇ
3206 4360 3415 4412 ἀνωθεν
3465 4355 3721 4426 εὐμενείᾳ
3752 4352 3889 4422 πρὸς
3929 4353 4000 4403 τὸ

2415 4462 2511 4529 τῆς
2539 4462 2761 4530 εἰρήνης
2814 4456 2977 4509 καλὸν
3019 4457 3052 4524 ὴ
3089 4454 3316 4520 γλυκεῖα
3347 4450 3442 4503 τοῦ
3485 4450 3757 4517 ἡμετέρου
3790 4445 3996 4496 τέκνου

2419 4552 2649 4623 συνέλθῃ
2680 4550 2849 4619 ψυχὴ,
2880 4548 2984 4600 καὶ
3007 4544 3284 4613 ἄνθρωποι
3327 4542 3455 4609 παρ’
3481 4537 3648 4591 αὐτοῦ
3685 4534 4001 4599 ἐξαποστα-

2416 4644 2571 4705 λῶσι,
2609 4640 2675 4692 δι’
2706 4635 2779 4692 ὧν
2819 4633 3346 4701 ἀνακαινισθήσεται
3375 4628 3475 4699 μὲν
3495 4629 3565 4679 τὰ
3603 4626 3702 4695 τῆς
3741 4624 3997 4691 εἰρήνης,

2413 4822 2822 4890 ἁπελαθήσεται
2852 4820 2908 4872 δὲ
2948 4818 3040 4870 καὶ
3067 4814 3311 4876 διάϐολος
3339 4816 3366 4865 ὁ
3396 4812 3517 4873 ταῖς
3549 4810 3753 4870 κοιναῖς
3780 4823 4004 4874 συμφο-

2419 4918 2539 4987 ραῖς
2570 4913 2895 4981 Βουλγάρων
2931 4910 3029 4962 καὶ
3074 4906 3362 4976 Ῥωμαίων
3385 4900 3812 4972 ἐπορχούμενος,
3846 4903 4003 4968 παρ-

2417 5009 2741 5080 ρησιάσεται
2780 5006 2835 5058 δὲ
2893 5004 3055 5057 πάλιν
3094 5004 3127 5072 ἡ
3175 4999 3482 5070 τιμιωτάτη
3541 4996 3755 5065 ἀγάπη,
3791 4992 3886 5044 καὶ
3926 4993 4002 5044 τὰ

2416 5102 2636 5169 ἐκείνης
2663 5100 2822 5169 τίμια
2854 5098 3180 5166 πράγματα,
3213 5094 3271 5160 ἐξ
3303 5091 3378 5147 ῶν
3409 5089 3717 5160 εὐφροσύνη
3751 5087 3846 5139 καὶ
3879 5086 4001 5138 τῶν

737 5199 922 5255 καλῶν
959 5201 1261 5264 ἀπόλαυσις
1307 5200 1639 5271 ἀμφοτέροις
1683 5201 1794 5261 τοϊς
1823 5197 1973 5258 λαοῖς
2033 5196 2495 5265 προσγενήσεται,
2528 5193 2636 5244 τῶν
2706 5188 3109 5270 χαλεπωτάτων
3164 5186 3222 5239 δὲ
3288 5182 3629 5253 πραγμάτων
3653 5181 3687 5252 ή
3711 5180 3871 5248 πεῖρα
3897 5179 4003 5231 καὶ

739 5296 774 5365 ή
803 5295 1078 5365 κατήφεια
1104 5296 1198 5346 καὶ
1220 5296 1255 5362 ή
1287 5287 1684 5365 σκυθρωπότης
1713 5292 1818 5344 τῶν
1837 5289 2145 5360 προσώπων
2165 5288 2615 5358 ἀφανισθήσεται.

957 5428 1097 5484 ΧΙΙΙ.
1121 5428 1204 5482 Ad
1232 5432 1459 5499 primum
1496 5428 1755 5483 Simeonis
1785 5426 2070 5480 hominem.

806 5561 1161 5617 Maximarum
1204 5564 1562 5635 polentiarum
1593 5561 1830 5619 ministri
1862 5560 2114 5615 nnuimis
2138 5560 2304 5614 virtu-

733 5659 878 5713 tibus
906 5668 959 5713 et
990 5658 1194 5713 meritis
1229 5668 1516 5725 ornantur,
1567 5659 1637 5712 [ili
1672 5658 1765 5721 Ini,
1800 5670 1972 5726 eoque
2005 5655 2176 5725 magis
2200 5671 2306 5725 quo

810 5839 831 5871 ⁹
867 5838 971 5893 lsa.
1002 5854 1119 5903 ιιιι,
1154 5836 1203 5887 7.

2595 5419 2691 5475 Il".
2731 5419 2817 5483 Τῷ
2846 5420 3054 5489 πρώτῳ
3090 5416 3376 5485 ἀνθρώπῳ
3418 5412 3523 5467 τοῦ
3550 5409 3813 5480 Συμεών.

2489 5558 2610 5612 Τῶν
2666 5559 2917 5628 μεγαλων
2971 5554 3232 5621 ἐξουσιῶν
3283 5554 3332 5604 οἱ
3381 5548 3651 5621 ὑπηρέται
3700 5544 3998 5617 μεγίσταις

2417 5653 2663 5722 ἀρεταῖς,
2702 5650 2890 5702 τέκνον
2940 5648 3119 5717 ἡμῶν,
3179 5643 3509 5715 κοσμοῦνται
3556 5640 3651 5694 καὶ
3707 5636 4000 5706 κατορθώ-
