4158 6430
160 365 218 426 m
1601 324 2008 390 EPIS'rOLez.
3339 303 3408 367 93

162 485 314 537 μασι,
346 463 446 517 καί
476 460 721 529 τοσούτῳ
753 457 974 528 μᾶλλον,

162 577 241 622 τες
266 554 658 626 γνωρίζονται.
688 547 946 603 Τοιοῦτόν
975 563 1032 597 σε
1065 545 1194 596 ὄντα
1231 539 1607 604 ἐπισταμενοι,
1639 533 1732 584 καὶ

165 654 314 707 τοῦτο
349 643 808 714 συνεπιστάμεθα
846 640 927 692 ὅτι
973 637 1067 691 καὶ
1099 632 1268 704 χωρὶς
1298 629 1406 683 τῶν
1448 628 1734 698 ἡμετέρων

156 747 336 810 λόγων
389 741 582 793 ἐκεῖνα
628 735 836 801 διανοῇ,
879 732 979 785 ὅσα
1019 727 1096 792 τῷ
1131 721 1350 794 μεγέθει
1395 719 1596 790 πρέπει
1635 713 1734 783 τῆς

160 838 255 902 τῆς
283 832 516 904 ἀρετῆς.
561 826 716 882 Ἐπεὶ
764 820 854 877 οὖν
883 821 1054 880 οὕτως
1091 817 1288 886 ἔχομεν
1332 813 1462 882 περὶ
1509 807 1624 871 σοῦ,
1656 808 1734 872 εἰς

157 928 249 994 τὴν
288 923 585 992 παροῦσαν
620 916 876 970 ὑπόθεσιν
914 909 1008 964 τοῦ
1043 913 1372 980 γράμματος
1401 901 1734 971 ὲκινήθημεν

159 1018 412 1084 μεγάλην
443 1031 504 1066 τε
540 1010 724 1070 οὖσαν,
752 1007 845 1057 καὶ
881 1003 965 1055 διὰ
994 1003 1093 1070 τῆς
1127 1003 1226 1067 σῆς
1265 995 1576 1066 φρονήσεως
1605 1007 1736 1043 κατ-

165 1079 476 1174 ιρθωθῆναι
526 1100 869 1170 ὀφείλουσαν.
924 1094 1084 1146 Ἐστι
1157 1089 1211 1142 δὲ
1267 1085 1406 1152 αὕτη
1453 1081 1584 1153 περὶ
1634 1079 1736 1148 τῆς

157 1173 408 1267 εἰρήνης,
459 1195 528 1262 ἢν
562 1193 764 1244 ἔδωκεν
817 1189 947 1258 ἡμῖν
990 1183 1226 1254 Χριστὸς
1277 1181 1304 1233 ὀ
1358 1179 1491 1240 Θεὸς
1553 1173 1732 1244 ἡμῶν,

157 1290 281 1357 περὶ
332 1284 435 1337 τοῦ
491 1281 700 1336 παῦσαι
729 1279 828 1342 τὰς
873 1279 1089 1347 σφαγὰς
1135 1274 1226 1327 καί
1273 1273 1374 1335 τὰς
1410 1270 1597 1341 χύσεις
1630 1265 1736 1319 τῶν

159 1379 411 1445 αἱμάτων
442 1376 542 1426 καὶ
575 1373 675 1442 τῆς
706 1373 874 1440 ἄλλης
912 1367 1231 1431 κακώσεως,
1273 1366 1374 1432 ὅση
1399 1363 1462 1414 ὲκ
1495 1360 1604 1412 τῶν
1636 1377 1735 1411 πο.

157 1471 335 1534 λέμων
367 1465 706 1536 γνωρίζεται
729 1480 745 1496 ο
769 1457 844 1516 ὧν
870 1460 1021 1512 οὐδὲν
1054 1458 1262 1528 μεῖζον,
1297 1453 1418 1506 οὐδὲ
1455 1451 1736 1521 φρονίμων

156 1557 470 1627 ἀνθρώπων
503 1557 596 1609 καὶ
634 1557 890 1624 μέγιστον
929 1550 1088 1613 κλέος
1118 1551 1354 1617 ἑχόντων
1386 1545 1548 1614 ἔργον
1587 1543 1736 1596 ἐστὶν

159 1650 282 1701 ἰδεῖν
331 1648 693 1717 οἰκειότερον.
750 1641 889 1710 Περὶ
924 1641 1111 1693 τούτου
1163 1635 1484 1705 ἐγράψαμεν
1522 1635 1612 1688 καὶ
1658 1633 1735 1702 τῷ

158 1733 511 1802 μεγαλοδόξῳ
555 1732 650 1784 καὶ
705 1728 1077 1797 πεποθημένῳ
1123 1725 1276 1794 ἡμῶν
1322 1723 1447 1792 υἱῷ,
1503 1724 1598 1775 καὶ
1637 1723 1736 1774 οὐκ

152 1824 486 1893 ἀγνοοῦμεν,
521 1821 597 1884 ὡς
628 1823 660 1888 ἡ
705 1819 918 1873 ἐκείνου
953 1815 1255 1883 φιλάγαθος
1286 1815 1433 1884 ψυχὴ
1467 1815 1498 1882 ἡ
1535 1814 1737 1882 πραεῖα

153 1918 240 1968 καὶ
270 1917 518 1982 ἥμερος,
566 1915 615 1964 εἰ
653 1913 747 1964 καὶ
773 1910 834 1962 τὸ
872 1908 1073 1980 πλῆθος
1111 1909 1218 1960 τῶν
1265 1907 1415 1976 ἐμῶν
1452 1905 1739 1976 ἁμαρτιῶν

151 2008 319 2076 ταὺτῃ
386 2005 618 2074 πικρίας
676 2003 902 2070 ὲνέθηγε
957 2001 1274 2070 σπέρματα,
1325 2000 1583 2068 προσέξει
1628 1999 1739 2060 τοῖς

149 2097 448 2164 ἡμετέροις
489 2095 671 2162 λόγοις
709 2091 978 2162 εὐμενῶς.
1017 2091 1211 2159 Ὅμως
1249 2090 1340 2141 καὶ
1384 2090 1442 2141 οὲ
1481 2087 1738 2154 κινοῦμεν

149 2188 232 2237 διὰ
267 2187 370 2239 τοῦ
407 2190 748 2254 γράμματος
799 2179 1257 2234 συνεπιλαϐέσθαι
1305 2181 1396 2233 καὶ
1443 2178 1516 2240 ὼς
1552 2179 1742 2229 εὔνουν

151 2277 313 2328 αὑτοῦ
370 2276 472 2328 καὶ
524 2277 729 2328 οἰκεῖον
769 2275 1076 2346 θεράποντα
1125 2273 1224 2342 τὴν
1271 2272 1440 2330 ὅντως
1498 2270 1743 2340 μεγάλης
1797 2314 1802 2319 .

148 2367 302 2436 δόξης
327 2368 490 2436 αὖτῷ
526 2368 789 2438 πρόξενον
842 2366 1145 2436 ὑπουργίαν
1200 2361 1735 2433 ἐξυπηρετήσασοαι.

159 2458 243 2510 Ἐν
273 2459 501 2520 πολλοῖς
531 2460 629 2528 μὲν
669 2459 776 2526 γὰρ
820 2457 1025 2523 ἄλλοις,
1062 2458 1136 2519 ὡς
1170 2455 1407 2524 καθαρὸν
1444 2453 1634 2514 σώζων
1676 2451 1737 2504 τὸ

153 2552 375 2619 φίλτρον
409 2551 552 2619 πρὸς
582 2551 770 2616 αὑτὸν,
798 2552 875 2613 ὡς
918 2553 1015 2618 τῆς
1052 2547 1215 2600 αὐτοῦ
1249 2547 1535 2612 εοιιιέμενος
1571 2542 1738 2612 τιμῆς

153 2657 207 2694 τε
257 2645 354 2695 καὶ
407 2643 571 2710 δόξης
633 2639 1092 2708 ἑξυπηρετεῖσθαι
1140 2635 1316 2704 τούτῳ
1370 2634 1733 2698 σπουδάζεις,

999 451 1122 504 ὅσον
1155 449 1247 502 καὶ
1279 443 1598 510 οἰκειότεροι
1634 442 1723 494 ὅν.

1841 434 1951 503 plus
1983 433 2046 485 ad
2080 448 2171 485 eas
2203 429 2674 500 appropinquant:
2713 434 2762 480 te
2783 421 3051 494 ejusmodi
3081 435 3201 474 esse
3231 419 3407 474 scien-

1837 535 1936 586 tes,
1972 526 2023 578 id
2070 539 2285 593 quoque
2320 522 2544 585 scimus,
2584 529 2634 574 te
2693 515 2942 572 videlicet
2999 520 3125 566 ante
3190 519 3406 564 nostras

1835 617 2043 671 litteras
2073 631 2134 669 ea
2155 613 2358 668 sentire
2390 625 2512 681 quae
2540 619 2644 664 tua:
2680 607 2894 662 virtutis
2925 603 3122 659 decent
3152 607 3411 669 praestan-

1835 713 1999 776 tiam;
2034 707 2189 768 ea_de
2215 716 2263 760 te
2285 709 2582 761 sentientes
2620 703 2866 756 venimus
2898 699 2963 754 ad
3001 709 3242 767 praesens
3273 690 3411 746 scri-

1834 804 1909 874 pti
1945 799 2114 854 nostri
2146 799 2418 867 objectum
2465 794 2610 866 quod
2651 794 2868 864 quidem
2897 791 3194 844 maximum
3224 794 3308 841 est
3359 791 3414 874 et

1835 872 1924 947 tua
1955 890 2239 960 prudentia
2274 890 2476 960 indiget
2515 905 2530 943 :
2566 887 2634 942 de
2662 899 2792 954 pace
2827 897 2912 937 res
2943 887 3046 953 est,
3069 893 3232 947 quam
3253 872 3413 930 nobis

1833 983 2057 1037 donavit
2083 981 2330 1037 Christus
2387 983 2528 1035 Deus
2561 989 2770 1040 noster,
2827 976 2893 1030 de
2924 973 3031 1027 [ine
3059 982 3276 1040 quoque
3307 981 3412 1019 ca:-

1835 1077 2007 1138 dium,
2053 1075 2331 1143 sanguinis
2356 1071 2640 1128 elTusionis
2677 1077 3106 1133 ezeterarumque
3136 1058 3418 1115 calamita-

1836 1178 2006 1222 tatum
2032 1181 2168 1236 quas
2189 1183 2256 1221 ex
2288 1165 2430 1220 bello
2446 1163 2596 1216 nasci
2620 1171 2805 1214 notum
2824 1168 2943 1214 est:
2977 1169 3086 1226 quo
3111 1154 3289 1218 majus
3307 1163 3414 1202 non

1836 1271 1918 1315 est
1957 1275 2098 1328 opus
2130 1274 2229 1313 nec
2269 1257 2484 1327 dignius
2519 1251 2956 1310 consideratione
2991 1248 3230 1301 virorum
3282 1255 3412 1310 pru-

1836 1350 2083 1403 dentium
2140 1360 2193 1402 et
2245 1346 2739 1403 illustrissimorum
2774 1357 2788 1396 :
2818 1340 2886 1395 de
2935 1352 3046 1408 quo
3097 1333 3414 1402 scripsimus

1831 1444 1941 1511 jam
1978 1441 2043 1496 ad
2080 1442 2376 1511 gloriosum
2419 1449 2582 1508 atque
2636 1432 3054 1490 desiderabilem
3101 1427 3272 1480 lilium
3314 1436 3416 1476 no-

1838 1548 2031 1597 strum.
2060 1551 2158 1590 nec
2195 1535 2552 1603 desperemus
2593 1529 2723 1598 quin
2749 1526 2897 1581 illius
2929 1523 3162 1588 Optima,
3189 1516 3330 1571 lenis
3361 1521 3417 1567 et

1839 1636 2125 1682 mansueta
2162 1639 2333 1686 mens,
2375 1623 2499 1675 licet
2536 1628 2879 1687 peccatorum
2935 1620 3245 1666 nostrorum
3277 1603 3413 1658 mul~

1840 1721 2015 1775 titudo
2039 1718 2086 1772 ei
2121 1712 2504 1770 amaritudinis
2536 1711 2743 1766 semina
2767 1705 3033 1776 injecerit,
3061 1700 3264 1756 nostris
3303 1711 3418 1750 ser-

1773 1787 1810 1839 u
1845 1813 2098 1868 itionibus
2133 1811 2362 1880 benigne
2404 1807 2648 1862 attendat
2684 1823 2697 1858 :
2738 1811 2790 1857 te
2829 1811 3007 1855 tamen
3045 1796 3192 1850 hisce
3219 1791 3421 1846 exhor-

1849 1916 2028 1960 tamur
2063 1901 2257 1957 litteris
2306 1900 2370 1952 ad
2418 1912 2520 1951 nos
2583 1893 2971 1962 adiuvandum,
3023 1897 3096 1951 et,
3159 1894 3416 1952 tanquam

1846 1995 2160 2050 benevolum
2191 2001 2245 2046 et
2271 1989 2589 2045 familiarem
2621 1979 3248 2049 ministrum,0pcramei
3284 1990 3420 2044 prm-

1845 2085 2082 2141 bendum
2119 2099 2238 2152 quae
2273 2083 2320 2136 ei
2355 2093 2602 2150 magnam
2634 2089 2767 2131 sane
2797 2073 3022 2142 gloriam
3061 2067 3370 2123 conriliabit
3401 2079 3415 2116 :

1849 2178 1893 2230 si
1929 2177 2118 2230 multis
2161 2175 2358 2243 quippe
2388 2172 2528 2236 aliis,
2579 2178 2639 2224 ut
2666 2167 2754 2236 qui
2809 2167 3074 2234 integrum
3123 2173 3249 2227 erga
3294 2169 3419 2208 eum

1850 2284 2093 2324 amorem
2126 2275 2307 2321 servat
2357 2265 2611 2332 illiusque
2641 2261 2902 2313 honorem
2937 2266 2990 2309 et
3020 2254 3244 2323 gloriam
3278 2249 3422 2301 desi-

1849 2361 2026 2424 derat,
2060 2360 2136 2413 illi
2167 2358 2477 2412 ministrare
2507 2353 2717 2416 studes,
2746 2351 2798 2404 in
2839 2365 2897 2403 re
2929 2355 3107 2401 autem
3151 2343 3294 2397 nulla
3319 2341 3421 2394 alia

1849 2454 1995 2507 illius
2031 2453 2203 2519 magis
2236 2462 2528 2518 procurare
2563 2447 2825 2500 honorem
2858 2451 2912 2496 et
2935 2439 3160 2510 gloriam
3202 2433 3420 2488 videbe-

1851 2545 1926 2596 ris
1987 2559 2158 2612 neque
2208 2541 2499 2597 ostendere
2557 2546 2706 2591 tuum
2748 2549 2873 2605 erga
2896 2548 3017 2589 eum
3058 2544 3292 2585 amorem
3327 2540 3420 2578 ar-

1848 2635 2092 2703 densque
2118 2635 2170 2686 in
2201 2633 2487 2686 Dominum
2520 2629 2782 2687 studium.

157 2736 266 2789 ἀλλ’
305 2736 492 2786 οὐδενὶ
529 2733 615 2784 ἐπ’
647 2732 794 2802 ἄλλῳ
829 2731 1137 2799 πράγματι,
1167 2729 1244 2792 ὡς
1311 2731 1370 2780 ἐν
1403 2728 1597 2798 τούτῳ,
1665 2730 2018 2800 γνωρισθήσῃ
2090 2725 2595 2797 ὲξυπηρετούμενος
2637 2726 2706 2779 τὰ
2755 2725 2836 2785 τις
2905 2720 3068 2791 τιμὴν
3109 2720 3202 2772 καὶ
3259 2715 3420 2781 δόξαν

158 2827 322 2896 αὖτῷ,
358 2825 487 2878 οὐδὲ
531 2823 593 2876 τὸ
626 2825 762 2893 πρὸς
797 2822 961 2874 αὑτὸν
991 2822 1212 2891 φίλτρον
1242 2820 1597 2873 ἐπιδεικνύων
1640 2823 1734 2873 καὶ
1768 2822 1827 2873 τδ
1857 2821 1950 2874 τοῦ
1977 2822 2176 2890 ἔρωτος
2205 2821 2467 2890 διάπυρον
2503 2819 2638 2889 πρὸς
2682 2817 2770 2871 τὸν
2794 2817 2988 2868 οἰκεῖον
3016 2812 3314 2880 Δεσπότην.

237 2919 618 2988 Ἐνθυμήθητι
661 2919 792 2987 γὰρ,
833 2916 1022 2969 τέκνον
1056 2914 1236 2983 ἡμῶν,
1267 2914 1335 2966 τὰ
1365 2913 1458 2965 τοῦ
1501 2915 1739 2984 πολέμου

159 3012 323 3076 κακὰ,
395 3010 470 3063 τὰ
522 3009 734 3062 ἐκεῖθεν
783 3007 911 3068 τοὺς
973 3006 1292 3075 ἀνθρώπους
1359 3005 1739 3058 καταλαϐόντα

1923 2917 2178 2983 Recogita
2215 2915 2512 2984 siquidem,
2543 2914 2614 2966 (ili
2649 2912 2746 2977 mi,
2780 2910 2902 2966 belli
2933 2911 3072 2964 mala
3096 2909 3424 2977 doloresque

1852 3009 2098 3063 homines
2135 3010 2452 3064 invadentes
2485 3015 2538 3062 et
2561 3021 2776 3062 rursum
2814 3007 2965 3076 pacis
3006 3005 3143 3058 bona
3171 3002 3422 3057 delicias-

152 3103 410 3170 ἀλγεινὰ,
447 3102 548 3152 καὶ
601 3100 766 3152 πάλιν
791 3099 860 3150 τὰ
903 3100 1000 3166 τῆς
1053 3098 1274 3166 εἰρήνης
1309 3098 1471 3157 καλὰ,
1505 3097 1602 3148 κα)⁸
1641 3097 1737 3166 τὴν

1843 3113 1948 3166 que
1995 3113 2060 3151 es
2114 3113 2173 3150 ea
2233 3097 2546 3150 hominibus
2594 3107 2783 3163 natas;
2833 3095 3030 3164 quibus
3086 3091 3368 3162 perpensis
3406 3129 3420 3153 ,

151 3196 209 3258 ἐξ
258 3195 436 3262 αὐτῆς
485 3190 851 3258 ὲγγινομένην
889 3191 1000 3248 τοῖς
1051 3187 1362 3254 ἀνθρώποις
1409 3187 1734 3243 ἀπόλαυσιν.

154 3286 264 3337 Καὶ
294 3283 480 3336 ταῦτα
534 3278 867 3348 συγκρίνων,
900 3275 1097 3341 σκέψαι
1140 3276 1314 3346 πόσης
1357 3277 1503 3347 αὐτῷ
1534 3279 1739 3350 γενήσῃ

152 3376 420 3445 πρόξενος
452 3373 627 3438 τιμῆς
658 3369 753 3422 καὶ
777 3367 954 3435 δόξης,
985 3369 1032 3419 εἰ
1063 3367 1200 3419 Θεοῦ
1236 3369 1742 3438 συνεπιλαμϐάνονο

149 3486 239 3526 τος
276 3467 403 3516 ἀντὶ
442 3462 555 3514 τῶν
586 3460 868 3528 πολέμων,
902 3460 1022 3512 ἀντὶ
1051 3459 1159 3510 τῶν
1201 3460 1447 3526 σφαγῶν,
1482 3461 1604 3513 ἀντί
1630 3463 1741 3514 τῶν

151 3554 580 3625 αἱχμαλωσιῶν,
610 3551 798 3611 ἁπλῶς
829 3549 950 3601 ἀντὶ
991 3547 1086 3600 τοῦ
1123 3550 1360 3616 μεγάλου
1391 3550 1498 3601 τῶν
1533 3551 1741 3620 ἀνθρώ.

153 3667 269 3701 πων
305 3648 561 3714 ὀλέθρου,
603 3641 1040 3711 ὲξυπηρετήσεις
1070 3641 1223 3710 αὐτῷ
1265 3641 1470 3712 ταύτην
1521 3643 1618 3710 τὴν
1652 3644 1741 3694 ἕν-

155 3743 272 3792 θεον
317 3735 657 3806 ὑπηρεσίαν,
691 3734 751 3785 τὺ
779 3732 1123 3784 ἐπαινεῖσθαι
1171 3733 1258 3784 διὰ
1300 3734 1368 3784 τὰ
1421 3733 1602 3799 ἀγαθὰ
1642 3735 1742 3803 τῆς

154 3833 409 3900 cieri-21;,
449 3829 547 3878 καὶ
570 3824 914 3888 δοξάζεσθαι,
955 3822 1092 3875 ἀλλὰ
1127 3824 1200 3892 μὴ
1231 3825 1299 3876 τὰ
1333 3828 1554 3878 ἐναντία
1585 3827 1745 3896 πορί-

156 3925 352 3987 ζεσθαι
383 3921 479 3972 διὰ
506 3923 574 3971 τὰ
603 3919 669 3970 ἐκ
699 3917 810 3968 τῶν
843 3917 1095 3985 πολέμων
1129 3917 1292 3968 κακέ.
1333 3917 1407 3968 Οὐ
1441 3919 1512 3985 μὴ
1541 3918 1741 3986 δεηθῇς

154 4015 333 4080 λέγων
363 4011 606 4072 πολλῶν,
635 4009 745 4062 οὐδ’
775 4009 1262 4077 ἁποστραφήςεταί
1297 4025 1388 4060 σου
1421 4011 1519 4079 τὴν
1557 4009 1648 4077 δέη
1662 4026 1742 4061 τιν

154 4107 183 4172 ἡ
222 4105 375 4172 καλὴ
429 4106 651 4156 ἐκείνου
681 4103 774 4153 καὶ
806 4099 1092 4169 φιλάρετος
1127 4099 1294 4170 ᾀυχὴ,
1331 4103 1490 4167 μόνον
1539 4105 1745 4169 προθυ-

154 4198 384 4265 μήθητι,
424 4194 590 4262 μόνον
611 4193 933 4258 δυσωπῆσαι
957 4192 1246 4262 βουλήθητι
1266 4209 1281 4225 ο
1321 4193 1413 4243 καί
1439 4192 1742 4261 πέπεισμαι

150 4286 220 4345 ὡς
242 4286 480 4348 ἕτοιμον
499 4281 630 4333 ὄντα
651 4281 772 4348 ὄψει
797 4282 898 4350 τὴν
925 4281 1078 4335 θείαν
1102 4283 1326 4352 εἰρήνην
1356 4282 1742 4352 ἐπιζητοῦντα.

150 4375 331 4427 τοῦτο
363 4375 424 4426 δὲ
461 4376 562 4443 οὐχ
590 4374 778 4435 ἁπλῶς
805 4372 972 4439 λέγω,
1008 4374 1144 4426 ἀλλὰ
1179 4375 1546 4444 πεπεισμένος
1578 4376 1636 4439 ἐξ
1667 4371 1742 4430 ὧν

149 4471 174 4517 5
205 4465 607 4535 φιλάνθρωπος
652 4464 784 4526 Θεὸς
832 4465 1166 4534 εἰργάσατο·
1219 4468 1346 4528 τοὺς
1379 4468 1487 4536 γὰρ
1529 4468 1738 4531 αἰτίους

147 4560 235 4612 τοῦ
269 4559 547 4626 πολέμου,
582 4557 675 4608 καὶ
707 4556 808 4625 τῆς
843 4558 1116 4628 τοσαύτης
1167 4561 1509 4628 μιαιφονίας,
1539 4562 1745 4632 κρίμα·-

151 4669 231 4701 σιν
255 4648 346 4712 οἷς
380 4649 553 4711 αὐτὸς
583 4644 691 4702 οἶδε
729 4648 986 4716 δικαίοις,
1026 4651 1091 4702 ὲκ
1125 4650 1288 4721 μέσου
1320 4653 1613 4722 πεποίηκε,
1644 4654 1745 4724 τὴν

149 4742 310 4805 οξίαθ
344 4741 511 4809 δίκην
546 4741 640 4792 καὶ
673 4741 1023 4810 ἁρμόζουσαν
1053 4745 1118 4812 τῇ
1164 4741 1402 4813 τοσαύτῃ
1433 4744 1615 4796 αὐτῶν
1649 4761 1743 4798 πο-

149 4833 318 4900 νηρίᾳ
355 4828 593 4893 ἐπιθείς.
633 4833 732 4885 Διά
765 4830 927 4884 τοῦτο
959 4831 1070 4884 οὐδ’
1101 4834 1267 4901 ἡμεῖς
1298 4837 1459 4887 πλέον
1499 4835 1744 4902 ἐγνώκα-

152 4942 248 4991 μεν
292 4922 576 4975 ἐκτείνειν
607 4922 700 4975 τὸν
751 4923 931 4990 λόγον,
965 4923 1072 4976 οὐδ’
1106 4925 1343 4994 ἐνοχλεῖν
1374 4942 1433 4977 σε
1469 4926 1546 4995 τῷ
1577 4931 1744 4996 μήκει

147 5016 239 5069 τοῦ
282 5015 654 5084 γράμματος,
699 5014 838 5067 ἀλλὰ
882 5016 1053 5084 μόνην
1103 5017 1270 5087 εὐχὴν
1318 5018 1743 5088 προσεπιτιθέα-

152 5122 265 5169 μεν,
307 5106 394 5165 ὡς
451 5107 539 5174 εἴη
585 5107 822 5176 Χριστὸς
850 5108 878 5159 ὁ
916 5106 1051 5170 Θεὸς
1081 5109 1252 5190 ήμῶνῆ
1280 5113 1532 5165 κάκεῖνον
1565 5111 1743 5182 τιμῶν

1770 4429 1820 4488 D

1846 3187 1970 3242 vide
2008 3195 2198 3256 quanti
2255 3187 2478 3242 honoris
2526 3199 2852 3257 quarumque
2905 3183 3086 3256 gloriae
3124 3184 3201 3237 illi
3235 3192 3425 3236 auctor

1844 3278 1976 3343 eris,
2009 3279 2052 3332 si
2086 3278 2191 3331 Deo
2227 3277 2533 3347 adjuvante,
2569 3293 2666 3348 pro
2699 3279 2873 3342 hellis,
2916 3291 3012 3346 pro
3039 3275 3298 3338 caedibus,
3327 3287 3425 3342 pro

1845 3371 2270 3441 captivitatibus,
2311 3385 2417 3422 uno
2467 3371 2653 3433 verbo,
2711 3384 2806 3440 pro
2854 3368 3088 3422 maxima
3139 3366 3421 3421 hominum

1845 3464 2099 3532 pernicie,
2126 3462 2362 3515 divinam
2389 3461 2434 3516 ei
2465 3477 2683 3530 cperam
2716 3476 2878 3515 naves
2920 3469 2978 3513 ut
3015 3459 3081 3512 ad
3106 3458 3256 3527 pacis
3285 3458 3423 3510 bona

1844 3557 2023 3610 redeat
2062 3555 2401 3624 gloriamque
2436 3553 2537 3606 sibi
2573 3550 2844 3614 conciliet,
2881 3567 2987 3604 non
3016 3560 3195 3603 autem
3221 3562 3420 3617 qumex

1845 3647 1968 3700 belli
2008 3647 2186 3708 malis,
2227 3645 2502 3697 infamiam
2537 3660 2552 3695 :
2583 3643 2767 3696 multis
2819 3641 2996 3695 verbis
3034 3655 3139 3692 non
3180 3641 3284 3692 erit
3328 3637 3427 3691 tibi

1846 3754 2006 3809 opus,
2033 3747 2177 3790 tuam
2209 3753 2315 3790 non
2343 3735 2547 3805 rejiciet
2579 3734 3013 3804 deprecationem
3049 3732 3192 3785 illius
3221 3731 3425 3796 Optima

1847 3848 2002 3886 mens
2042 3833 2361 3898 virtutisque
2408 3845 2634 3894 amans;
2666 3827 2904 3882 conﬁdas
2934 3835 3144 3879 tantum
3185 3839 3249 3879 ac
3295 3837 3426 3892 sup-

1844 3925 2048 3991 plicare
2083 3923 2234 3983 velis,
2271 3931 2325 3974 et
2353 3921 2484 3974 mihi
2517 3935 2809 3988 persuasus
2846 3934 2963 3972 sum
2997 3917 3148 3972 ἰΙΙιιιιι
3180 3914 3296 3970 fore
3326 3930 3425 3984 pa-

1847 4024 2022 4068 ratum
2058 4014 2362 4081 divinmqne
2391 4013 2537 4081 pacis
2569 4011 2856 4080 cupidum;
2896 4011 2946 4064 id
2989 4020 3171 4064 autem
3198 4026 3306 4063 non
3339 4007 3426 4062 in-

1845 4105 2092 4158 consulte
2121 4105 2266 4167 dico,
2298 4104 2390 4158 sed
2421 4105 2486 4158 iis
2510 4119 2631 4173 qua:
2681 4102 2805 4157 fecit
2835 4103 2975 4158 Deus
3010 4101 3250 4156 clemens
3301 4115 3425 4170 per-

1846 4211 2042 4249 suasus
2073 4211 2088 4249 :
2121 4207 2371 4248 auctores
2420 4194 2618 4247 etenim
2667 4195 2790 4248 belli
2854 4204 2905 4248 ct
2963 4205 3070 4248 tam
3132 4192 3424 4247 multorum

1849 4286 2287 4350 homicidiorutn,
2311 4286 2536 4356 judicio,
2568 4298 2624 4340 ut
2648 4288 2762 4355 ipse
2797 4287 2966 4350 novit,
2994 4287 3167 4354 justo,
3198 4300 3227 4338 e
3248 4285 3428 4339 medio

1852 4377 2095 4441 sustulit,
2131 4392 2342 4445 mquam
2394 4386 2665 4444 tant-mque
2703 4377 2922 4430 malitim
2963 4389 3262 4429 consonam
3305 4388 3425 4443 pm-

1846 4484 1971 4522 nam
2009 4476 2290 4536 repetens;
2322 4478 2600 4536 propterea
2632 4482 2939 4522 sermonem
2968 4481 3074 4519 non
3108 4465 3425 4534 protrahere

1844 4559 2100 4613 duximus
2127 4574 2192 4614 ne
2223 4559 2466 4628 longiore
2488 4559 2714 4628 cpistola
2737 4559 2832 4612 tibi
2863 4558 3078 4612 taedium
3109 4555 3423 4623 aderamus,

1846 4653 1940 4705 sed
1998 4651 2139 4705 hanc
2189 4652 2364 4706 solum
2424 4651 2673 4706 addimus
2739 4651 3159 4720 precationem:
3214 4650 3423 4702 utinam

1844 4741 2097 4796 Christus
2131 4740 2272 4797 Deus
2313 4752 2495 4796 noster
2521 4741 2669 4794 illum
2705 4742 2879 4809 ipsum
2913 4743 3118 4795 honore
3144 4749 3196 4794 et
3224 4741 3421 4808 gloria,

1847 4849 1943 4903 pro
1971 4834 2256 4889 conciliata
2285 4849 2438 4897 pace,
2473 4834 2528 4888 in
2558 4835 2658 4888 hac
2697 4836 2802 4887 vita
2837 4833 3090 4902 prazsenti
3135 4841 3189 4886 et
3225 4833 3276 4886 in
3330 4832 3420 4886 fu-

1849 4935 1968 4980 tura
1999 4934 2246 4990 exornet,
2273 4936 2327 4980 et
2376 4937 2445 4991 te,
2478 4926 2549 4980 [ili
2575 4927 2670 4988 mi,
2727 4925 2948 4980 domino
2985 4934 3076 4980 tuo
3115 4925 3422 4979 chariorem

1846 5027 1900 5072 et
1940 5019 2345 5073 tantiliariorent
2384 5019 2565 5085 faciat,
2595 5028 2647 5073 et
2677 5034 2775 5088 pro
2806 5019 2910 5072 isto
2932 5026 3025 5071 tuo
3055 5018 3236 5072 studio
3259 5027 3422 5087 atque

1847 5114 2146 5185 diligentia,
2179 5114 2345 5170 bonis
2387 5115 2590 5169 donare
2619 5115 2868 5183 dignetur
2895 5112 3262 5182 sempiternis.

149 5202 240 5249 ni
276 5197 537 5262 δοξάζων
567 5201 661 5251 καὶ
695 5201 752 5251 ὲν
786 5200 865 5270 τῷ
900 5203 1128 5269 παρόντι
1160 5203 1262 5274 βίῳ
1306 5209 1400 5259 καὶ
1428 5207 1583 5278 ἐντῷ
1652 5207 1904 5278 μέλλοντι
1938 5211 2002 5261 ἐκ
2045 5208 2139 5261 τοῦ
2167 5208 2262 5278 τὴν
2321 5210 2544 5279 εἰρήνην
2609 5206 2942 5268 ἐπιτελέσαι,
2985 5207 3080 5259 καὶ
3113 5205 3194 5270 σὲ,
3228 5203 3419 5256 τέκνον

150 5298 336 5364 ἡμῶν,
374 5295 641 5349 ὲπιπλέον
678 5299 880 5352 οἰκεῖον
925 5301 1138 5365 δεικνὺς
1170 5301 1250 5373 τῷ
1280 5305 1466 5376 οἰκείῳ
1504 5306 1740 5378 δεσπότῃ
1779 5307 1875 5359 καὶ
1908 5305 2002 5360 ὑπ’
2041 5305 2206 5359 αὐτοῦ
2271 5305 2660 5372 ἀγαπώμενον,
2692 5303 2787 5355 καὶ
2853 5302 2994 5371 ὑπὲρ
3029 5302 3128 5372 τῆς
3159 5304 3420 5367 τοιαύτης

149 5390 553 5458 προαιρέσεως
595 5391 687 5442 καὶ
744 5392 982 5462 σπουδῆς
1032 5397 1142 5450 τῶν
1191 5398 1428 5451 αἰωνίων
1467 5400 1741 5464 καταξιῶν
1780 5400 2021 5469 ἀγαθῶν.

583 5528 681 5583 IA'.
707 5531 953 5599 Συμεὼν
982 5535 1326 5605 Βουλγάρῳ.

214 5645 438 5698 Τέκνον
478 5641 636 5710 ἡμῶν
689 5644 1088 5716 ποθεινότατον,
1124 5651 1219 5703 καὶ
1274 5653 1444 5720 φίλων
1489 5654 1737 5725 ἀρχαίων

150 5734 248 5786 καὶ
303 5732 451 5787 νέων
481 5732 510 5784 ὁ
540 5731 884 5800 γλυκύτατος
941 5739 1114 5810 φίλος,
1155 5739 1390 5796 ἄκουσον
1439 5743 1512 5808 ὼς
1545 5744 1736 5800 τέκνον

2175 5535 2312 5590 XIV.
2349 5537 2429 5590 Ad
2461 5534 2724 5591 Simonem
2762 5535 3072 5604 Bmgarum.

1916 5650 2014 5705 Fili
2041 5652 2112 5705 mi
2157 5649 2637 5713 desideratissime,
2670 5660 2911 5702 veterum
2958 5657 3120 5716 atque
3152 5659 3414 5699 novorum

1844 5745 2143 5800 amicorum
2167 5744 2486 5801 suavissime
2505 5786 2518 5811 ,
2540 5755 2598 5799 ut
2621 5743 2826 5812 ﬁlius-ml
2847 5754 2902 5798 ut
2922 5737 3280 5807 amicus,audi
3302 5753 3419 5795 ver-
