4158 6430
794 389 863 449 9θ
1926 394 2233 458 NICOLAI
2275 400 2366 460 (ΣΙ)

2478 404 2945 467 ΑΤΙΗΑΠΩΙΙΕ

3954 420 4063 486 100

793 494 967 549 Patris
995 495 1087 562 qui
1123 502 1173 551 te
1196 510 1223 551 a
1253 497 1521 568 principio
1573 498 1833 557 dilexitet
1859 504 2158 589 etiamnum
2192 509 2368 582 diligit

2480 516 2573 569 καὶ
2615 517 2772 585 φίλος
2819 522 3042 592 ῥήματα
3091 525 3298 595 πατρὸς
3330 525 3388 590 ἐξ
3419 528 3593 600 ἀρχῆς
3626 546 3684 582 σε
3718 533 4062 603 φιλήσαντος

788 595 838 638 et
875 587 1147 654 genuinam
1203 604 1329 657 erga
1362 599 1413 643 te
1464 590 1787 647 charitatem
1848 596 1902 649 in
1937 584 2141 666 Spiritu
2184 613 2374 656 sancto

787 684 988 739 servat,
1019 676 1084 731 iis
1105 692 1227 745 qua:
1251 678 1562 744 scribimus,
1599 686 1835 750 attende,
1871 687 1981 753 ﬁli;
2014 688 2066 744 in
2100 688 2208 744 Deo
2228 692 2371 746 enim

792 782 1111 835 persuasum
1164 768 1423 825 habemus
1482 774 1807 831 oblectantia
1865 788 1921 832 et
1971 782 2215 851 jucunda
2273 802 2372 841 nos

791 860 1111 927 scripturos,
1145 860 1303 917 factis
1344 865 1602 921 amicitia:
1647 884 1843 924 nomen
1897 876 2319 934 corroborantes
2357 899 2370 934 :

790 950 939 1013 audi,
996 967 1216 1005 rursum
1270 954 1414 1019 dico,
1453 967 1513 1010 ut
1564 958 1648 1014 vir
1682 960 1799 1027 Dei,
1848 979 1915 1019 ne
1962 966 2119 1035 plura
2168 970 2370 1038 dicam,

787 1041 973 1115 nuntia
990 1041 1227 1097 divinam
1250 1055 1658 1105 tuam‘mentem
1688 1064 1943 1110 sanatura
1979 1075 1992 1110 :
2024 1059 2068 1112 si
2100 1060 2244 1115 enim
2274 1079 2372 1133 pro

712 1202 715 1203 ν
788 1135 1073 1202 temporali
1117 1145 1404 1205 potestate,
1430 1144 1680 1199 excitatis
1703 1161 1732 1199 a
1756 1147 1970 1203 diabolo
1992 1153 2263 1209 scandalis
2277 1169 2372 1223 per

784 1239 880 1279 eos
909 1227 1000 1295 qui
1038 1236 1229 1282 contra
1265 1237 1415 1284 tuum
1442 1235 1575 1287 mihi
1606 1237 1857 1293 dilectum
1891 1240 2240 1301 decertavere
2279 1263 2371 1302 ca-

788 1328 902 1382 put,
931 1319 1018 1371 ira
1050 1331 1354 1377 commotus
1381 1324 1552 1393 fuisti,
1584 1338 1747 1399 atque
1774 1348 1883 1386 non
1916 1334 2073 1402 juxta
2099 1353 2217 1393 mea
2246 1350 2370 1397 vota

786 1410 985 1475 sentis,
1020 1414 1136 1466 scio
1176 1424 1353 1470 tamen
1401 1419 1680 1474 evidenter
1701 1430 1751 1477 te
1798 1423 1866 1479 de
1895 1425 2157 1485 Ecclesia
2188 1434 2367 1499 malis,

785 1503 835 1562 id
861 1514 964 1569 est,
1020 1507 1411 1565 dilaceratione
1468 1524 1521 1567 et
1576 1516 1811 1572 ﬁliorum
1864 1520 1984 1589 ejus
2027 1524 2364 1605 dissidentia,

785 1598 1164 1651 contristatum
1209 1616 1427 1671 quoque
1479 1621 1602 1661 esse
1626 1618 1680 1662 et
1709 1621 2019 1668 nostrarum
2046 1598 2366 1677 a’cerharutn

782 1686 1162 1742 nitnstidarum
1197 1688 1364 1746 fuisse
1394 1696 1732 1765 participem,
1764 1699 1817 1756 in
1862 1703 1947 1757 his
1998 1708 2162 1763 etiam
2208 1710 2369 1767 Chri-

781 1784 926 1830 stum
957 1779 1320 1836 honorantcm
1351 1784 1516 1839 Deum
1546 1798 1791 1844 nostrum
1828 1807 1857 1846 a
1879 1808 1989 1863 quo
2012 1795 2107 1850 tibi
2138 1813 2368 1867 regnare

780 1878 833 1921 et
864 1870 1153 1928 incolumis
1194 1890 1314 1930 esse
1368 1875 1557 1933 datum
1601 1893 1705 1947 est,
1753 1884 1893 1939 etin
1934 1885 2117 1943 futuro
2165 1894 2365 1949 saeculo

781 1961 998 2015 dabitur
1031 1964 1181 2019 salus
1217 1975 1269 2021 et
1299 1967 1417 2023 sine
1439 1967 1544 2024 ﬁne
1566 1970 1759 2039 gloria,
1791 1982 1851 2029 ut
1889 1990 2113 2034 oramus
2157 1990 2212 2036 et
2242 1998 2367 2052 spe-

781 2067 987 2108 ramus.

854 2329 1203 2400 Nuntiamus,
1240 2335 1313 2391 ﬁli
1345 2339 1442 2403 mi,
1496 2345 1686 2397 nuntia
1746 2360 1868 2416 qua:
1901 2350 2091 2407 audire
2120 2355 2364 2411 omnium

784 2422 875 2477 tibi
902 2425 1297 2495 gratissimum,
1338 2433 1607 2504 nobisque
1635 2440 1886 2497 nuntiare
1919 2448 2368 2503 convenientissi-

781 2531 928 2569 mum
958 2534 1020 2571 ac
1060 2522 1294 2576 maxime
1332 2528 1645 2594 proprium;
1679 2532 1828 2585 unita
1864 2544 1946 2588 est
1975 2534 2065 2590 Dei
2096 2534 2363 2606 Ecclesia,

777 2609 1014 2663 cessavit
1076 2612 1218 2666 illius
1256 2615 1347 2683 qui
1376 2631 1404 2668 a
1434 2617 1703 2688 principio
1733 2637 1852 2676 eam
1881 2626 2212 2682 conturbare
2245 2645 2368 2683 ma-

780 2701 925 2768 ligne
959 2714 1187 2759 conatus
1226 2717 1326 2770 est,
1361 2710 1617 2776 procella,
1655 2715 1805 2768 unita
1835 2727 1919 2770 est
1959 2720 2366 2787 quodammodo

773 2802 827 2845 ct
856 2797 1088 2849 cessavit
1119 2800 1386 2863 procella:
1417 2802 1507 2870 qui
1534 2804 1753 2871 quidem
1797 2822 1855 2861 se
1888 2825 1916 2861 a
1954 2810 2113 2865 nobis
2142 2827 2366 2880 separa-

776 2897 967 2940 Vel-ant
991 2897 1044 2941 et
1070 2904 1165 2942 sua
1198 2895 1536 2961 separatione
1585 2898 1780 2952 rationi
1837 2902 2238 2969 valedixeraut,
2269 2919 2363 2961 eos

772 2993 888 3035 sua:
932 2984 1247 3037 ambitionis
1281 2987 1535 3053 paenituit
1568 3001 1622 3043 et
1654 2991 1741 3045 Dei
1780 2995 1953 3063 gratia
1992 2996 2058 3049 ad
2114 3010 2361 3054 nostrum

782 3086 1004 3124 sensum
1040 3086 1170 3127 sunt
1228 3078 1473 3145 reversi;
1521 3082 1665 3149 quod
1728 3085 1941 3151 petebat
1980 3087 2245 3154 Ecclesia,
2311 3092 2364 3145 id

2479 608 2574 662 καὶ
2609 609 2893 675 φιλοῦντος
2927 614 3020 667 καὶ¹
3070 614 3336 681 σώζοντος
3382 625 3620 692 στοργήν
3650 626 3881 693 γνησίαν
3912 628 4063 696 πρὸς

2479 700 2538 752 σὲ
2587 701 2645 752 ἐν
2685 701 2826 771 ἁγίῳ
2881 704 3183 775 Πνεύματι,
3242 711 3501 780 πρόσχες,
3536 714 3725 766 τέκνον
3776 718 3933 785 ἐμὸν,
3975 715 4063 781 οἷς

2476 790 2764 861 γράφομεν
2788 803 2801 817 ⁸
2859 794 3201 865 πεποίθαμεν
3232 798 3340 869 γὰρ
3369 802 3427 853 ἐν
3477 801 3597 874 Θεῷ
3627 807 3710 859 ὅτι
3750 808 3817 861 τὰ
3857 826 4062 862 συνευ-

2477 884 2778 951 φραίνοντα
2813 886 2910 940 καὶ
2956 891 3258 962 συνήδοντα
3310 897 3617 967 γράφομεν,
3667 900 3762 954 καὶ
3808 905 3903 955 ἐπὶ
3936 907 4061 967 τοῖς

2475 971 2659 1042 ἔργοις
2704 977 2771 1043 ’τῤ
2799 978 2968 1045 ὄνομα
3011 980 3114 1049 τῆς
3138 984 3319 1049 φιλίας
3374 984 3735 1053 βεϐαιοῦντες.
3778 992 4061 1048 ’Ἄκουσον

2477 1066 2571 1119 καὶ
2617 1069 2779 1122 πάλιν
2830 1072 2972 1141 φημὶ
3003 1071 3080 1134 ὡς
3123 1075 3217 1126 τοῦ
3248 1077 3381 1131 Θεοῦ
3427 1079 3713 1150 ἄνθρωπος
3767 1090 4063 1157 συντόμως

2475 1157 2670 1220 εἰπεῖν,
2704 1160 2996 1230 εὐαγγέλια
3044 1164 3223 1236 ψυχὴν
3276 1169 3496 1241 θεοφιλῆ
3550 1173 3959 1242 θεραπεύοντα·
4009 1182 4060 1233 εἰ

2474 1249 2583 1317 γὰρ
2616 1250 2706 1300 καὶ
2740 1251 2875 1318 πρὸς
2900 1255 3000 1327 τῂν
3031 1256 3305 1328 κοσμικὴν
3333 1261 3584 1327 ἐξουσίαν
3617 1267 3710 1320 τοῦ
3738 1271 3949 1324 Σατανᾶ
3984 1274 4061 1325 τὰ

2476 1340 2748 1395 σκάνδαλα
2783 1349 3143 1416 κεκινηκότος
3190 1346 3260 1402 δι’
3288 1345 3363 1404 ὧν
3397 1355 3540 1409 κατὰ
3569 1356 3667 1425 τῆς
3700 1361 3797 1428 σῆς
3840 1365 4059 1431 ἠγωνί-

2474 1448 2641 1486 σαντο
2659 1434 2849 1502 τιμίας
2878 1436 3003 1503 ἐμοὶ
3027 1440 3272 1510 κεφαλῆς
3305 1441 3725 1517 ἐξετραχύνθης,
3756 1454 3848 1504 καὶ.
3872 1454 4060 1517 ἄλλως

2470 1512 2615 1591 ἥώς
2670 1526 2821 1580 εστιν
2872 1528 3003 1598 εὐχή
3056 1548 3145 1598 μοι
3195 1512 3536 1600 δια-τίθεσαι,
3580 1512 3698 1591 ἀλλ’
3746 1512 4061 1612 ἐπίσταμαι

2470 1614 2719 1683 ἀκριϐῶς
2746 1619 2828 1670 ὅτι
2860 1620 2954 1672 ἐπὶ
2991 1619 3264 1689 τῷ.πάθει
3287 1624 3384 1693 τῆς
3430 1625 3779 1695 Ἐκκλησίας,
3810 1628 3963 1698 λέγω
3994 1635 4062 1702 δὴ

2470 1704 2548 1775 τῷ
2581 1710 2900 1779 σπαραγμῷ
2934 1712 3032 1765 καὶ
3055 1716 3119 1782 τῇ
3161 1712 3442 1769 διαστάσει
3481 1718 3588 1771 τῶν
3615 1719 3825 1773 τέκνων
3855 1724 4063 1791 αὐτῆς,

2473 1801 2568 1853 καί
2597 1800 2905 1870 συνήλγεις,
2936 1806 3029 1856 καὶ
3062 1807 3308 1875 συνείχου
3343 1810 3461 1877 μεθ’
3490 1811 3644 1880 ἡμῶν
3671 1817 3895 1880 πικραῖς
3932 1820 4064 1879 ταῖς

2470 1891 2707 1957 ὀδύναις,
2772 1893 2949 1962 τιμῶν
2997 1897 3091 1948 καὶ
3148 1899 3210 1950 ὲν
3256 1899 3429 1970 τούτῳ
3488 1902 3721 1972 Χριστὸν
3776 1907 3867 1957 τὸν
3920 1909 4067 1962 Θεὶν

2472 1985 2655 2053 ήμῶν,
2687 1987 2819 2055 παρ’
2847 1980 2908 2040 οῦ
2952 2004 3031 2039 σοι
3085 1988 3181 2041 καὶ
3220 1991 3281 2042 τὸ
3315 1993 3481 2063 ἄρχον
3522 1997 3615 2046 καὶ
3662 1996 3723 2049 τὸ
3756 1997 4067 2063 σώζεσθαι,

2470 2076 2565 2129 καὶ
2596 2078 2627 2144 ἡ
2657 2078 2716 2130 ὲν
2754 2078 2833 2160 et?)
2874 2079 3125 2147 μέλλοντι
3174 2081 3329 2133 αἰῶνι
3374 2084 3733 2138 ἀποκείσεται
3783 2092 4065 2160 σωτηρία,

2470 2171 2566 2223 καὶ
2611 2169 2748 2240 τιμὴ
2783 2147 3183 2244 ’ἀτελεύτητοῃ
3232 2173 3306 2238 ῶς
3360 2191 3424 2243 γε
3455 2176 3731 2249 εὐχόμεθα
3772 2184 3866 2234 καὶ
3894 2182 4071 2235 ἐλπί-

2472 2262 2658 2344 ζομεν.
2897 2325 2900 2329 .

2544 2356 3032 2430 Εὑαγγελιζόμεθά
3060 2377 3164 2427 σοι,
3194 2360 3390 2415 τέκνον
3423 2362 3602 2433 ἡμῶν,
3633 2367 3957 2435 εὐαγγέλια,
3987 2362 4071 2424 ὧν

2472 2448 2567 2501 καὶ
2621 2451 2705 2501 σοι
2738 2450 2800 2502 τὸ
2829 2452 3065 2505 ἀκοῦσαι
3116 2452 3337 2506 πάντων
3369 2454 3657 2524 ἡδύτατον,
3696 2460 3790 2511 καὶ
3835 2462 3976 2528 ἡμῖν
4006 2464 4071 2513 τδ

2470 2540 2936 2609 εὐαγγελίσασθαι
2978 2547 3436 2613 πρεπωδέστατον
3469 2552 3688 2604 πάντων
3730 2554 3822 2604 καὶ
3856 2554 4073 2605 οἰκειᾶ-

2470 2650 2652 2686 τατον.
2689 2635 2939 2687 Ἥνωται
2969 2638 3000 2706 ή
3033 2637 3128 2690 τοῦ
3162 2638 3298 2691 Θεοῦ
3340 2639 3663 2711 Ἐκκλησία,
3718 2646 3931 2715 ἐπαύθη
3961 2647 4069 2698 τοῦ

2469 2726 2529 2790 ἐξ
2584 2726 2763 2795 ἀρχῆς
2809 2729 3297 2798 πονηρευσαμένου
3350 2733 3557 2802 ταύτην
3615 2735 3985 2803 ἐκταράσσειν
4035 2739 4071 2805 ἡ

2470 2819 2751 2885 καταιγλς,
2793 2819 3002 2888 ἥνωται
3029 2821 3085 2871 δὲ
3118 2823 3235 2884 πιῖς
3266 2825 3419 2894 καὶὴ
3459 2828 3714 2892 καταιγὶς
3746 2829 4071 2882 πέπαυται.

2469 2910 2533 2962 Οἱ
2568 2910 2667 2978 μὲν
2714 2908 2775 2971 ἐξ
2819 2909 2978 2979 ἡμῶν
3014 2912 3414 2979 κεχωρισμένοι
3464 2917 3561 2966 καὶ
3599 2914 3693 2967 τοῦ
3731 2915 3863 2967 ἰδίου
3898 2917 4075 2969 ἀντε-

2469 3003 2688 3072 χόμενοι
2725 3002 3010 3072 χωρισμοῦ
3040 3003 3380 3066 ἀπετάξαντο
3409 3004 3487 3074 τῷ
3508 3006 3695 3071 οἰκείῳ
3722 3008 4072 3076 φρονήματι,

2473 3094 2828 3163 μετέγνωσαν
2863 3093 2950 3159 ἐφ’
2979 3086 3062 3154 οἷς
3110 3093 3504 3159 ἐφιλονείκουν,
3542 3095 3636 3148 καὶ
3666 3096 3925 3162 συνῆλθεν
3960 3100 4075 3166 χά-

774 3163 1014 3217 contessi
1041 3174 1207 3229 sunt;
1244 3177 1317 3243 et,
1351 3184 1418 3223 nc
1447 3170 1604 3239 plura
1630 3174 1830 3239 dicam,
1885 3193 2043 3231 suum
2084 3192 2365 3247 peccatum

2475 3203 2585 3257 ριτι
2640 3183 2779 3237 Θεοῦ
2818 3184 2896 3252 τῷ
2931 3184 3191 3254 ἡμετέρῳ
3245 3187 3591 3254 φρονήματι·
3634 3188 3728 3238 καὶ
3769 3188 3796 3240 ὃ
3828 3192 3892 3257 τῇ
3939 3163 4079 3241 ’έκ-

774 3252 1096 3308 conﬁtentes
1124 3257 1175 3308 in
1211 3258 1466 3314 Ecclesiae
1499 3263 1656 3317 ulnas
1691 3265 1919 3335 benigne
1944 3281 2167 3338 apertas
2205 3289 2368 3328 vene-

777 3355 937 3409 runt;
974 3348 1457 3406 occludcbatenim
1490 3372 1661 3425 usque
1693 3359 1852 3414 modo
1883 3378 2011 3416 suas
2056 3364 2214 3419 ulnas
2265 3365 2368 3420 Ec-

772 3437 937 3491 clesia
972 3439 1212 3495 humano
1257 3436 1429 3510 more,
1461 3448 1587 3515 quia
1622 3450 1698 3503 illi
1746 3451 1992 3507 humano
2019 3456 2180 3507 etiam
2218 3473 2369 3511 more

771 3540 1060 3583 senserant
1077 3541 1127 3585 et
1146 3549 1251 3602 qua
1282 3539 1467 3591 nescio
1492 3540 1554 3591 ile
1574 3540 2126 3605 causapontradic‘ere
2148 3563 2368 3603 amave-

771 3626 921 3681 rant;
959 3633 1241 3692 postquam
1262 3631 1559 3700 autemgslla
1581 3635 1762 3688 omnia
1789 3639 2052 3691 removeri
2082 3637 2188 3695 Deo
2209 3642 2369 3709 placi-

772 3717 883 3762 tum.
908 3711 1092 3779 fuerit,
1112 3718 1291 3771 tiit‘iua
1318 3721 1708 3779 interveniente
1728 3742 1882 3795 pace,
1905 3738 1955 3781 tn
1982 3748 2145 3784 unum
2161 3734 2367 3788 coalui-

773 3815 894 3853 mus
918 3813 970 3855 et
998 3808 1193 3875 recepti
1226 3821 1355 3863 sunt
1391 3823 1647 3880 tauquam
1682 3822 1923 3885 germani
1964 3822 2055 3873 lilii
2106 3824 2197 3891 qui
2232 3826 2368 3880 huc-

773 3907 947 3962 usque
1014 3913 1043 3950 a
1111 3901 1274 3955 nobis
1345 3903 1720 3973 discedet-ant,
1770 3909 1877 3964 illis
1917 3914 2073 3980 quasi
2138 3917 2369 3984 prepriis

779 3989 1043 4045 membris
1097 3995 1320 4049 adunati
1385 4014 1577 4053 sumus
1613 4013 1665 4055 ct
1701 4003 1918 4057 tandem
1972 4006 2214 4062 Ecclesia
2276 4010 2364 4064 Dci

773 4094 941 4133 unum
981 4094 1065 4138 est
1125 4096 1308 4155 caput,
1371 4091 1548 4158 primo
1605 4094 1861 4160 pontiﬁce
1909 4107 1963 4150 ct
2022 4097 2129 4152 Deo
2181 4112 2368 4154 nostro

774 4181 826 4225 et
867 4176 1023 4229 nobis
1057 4177 1321 4246 indignis,
1354 4184 1768 4256 archiepismpo
1811 4199 2013 4252 tamen,
2061 4207 2367 4262 congruen-

772 4274 856 4318 ler
885 4282 1104 4337 quoque
1139 4284 1516 4341 coagmentata
1541 4288 1593 4331 ct
1618 4295 1812 4333 secure
1848 4283 2151 4350 gubernala
2181 4303 2193 4338 :
2228 4302 2367 4355 prtu-

774 4365 857 4410 ter
885 4374 1103 4427 paucos,
1140 4364 1258 4433 qui,
1294 4380 1418 4420 cum
1470 4382 1695 4436 possent
1730 4374 1869 4426 bona
1914 4377 2111 4445 agendi
2159 4379 2368 4433 ratione

777 4461 1137 4519 uinctescere,
1212 4472 1280 4510 ne
1346 4459 1512 4513 vitam
1566 4461 1685 4517 sine
1722 4465 1944 4519 nomine
1983 4470 2367 4543 transigerent,

775 4543 1042 4598 suadente
1100 4563 1196 4601 sua
1242 4552 1467 4614 malitia,
1504 4569 1612 4607 non
1650 4567 1778 4609 sunt
1807 4560 1983 4621 veriti,
2020 4575 2117 4614 sua
2149 4577 2372 4630 separa-

779 4636 925 4690 tione
954 4638 1258 4706 eupientes,
1292 4654 1559 4711 quantum
1599 4651 1650 4699 ’m
1689 4648 1820 4715 ipsis
1846 4660 2011 4714 esset,
2040 4653 2367 4727 clarescere,

778 4727 1033 4784 Ecclesizr
1048 4732 1309 4787 unitatem
1344 4735 1705 4805 labefactare;
1738 4751 1992 4795 caeterum
2013 4758 2123 4797 non
2145 4746 2374 4798 omnino

779 4820 889 4873 illis
924 4821 1056 4875 satis
1086 4823 1192 4875 erit
1231 4833 1396 4894 caput
1424 4826 1622 4882 habere
1649 4846 1905 4899 maguum
1954 4833 2119 4888 Deum
2149 4845 2372 4889 etsum-

780 4927 928 4963 tnum
960 4914 1279 4980 pontiﬁcem
1315 4927 1588 4986 nostrum,
1618 4921 1711 4974 sed
1734 4922 1849 4976 sive
1881 4939 2025 4978 nunc
2047 4925 2160 4979 sive
2181 4936 2367 4993 postea

779 5019 881 5057 suo
916 5005 1078 5074 capiti
1114 5020 1174 5059 se
1197 5006 1526 5077 adjungent;
1554 5013 1649 5081 qui
1686 5014 1738 5065 ui
1775 5012 2000 5078 faciant,
2027 5018 2173 5071 nihil
2199 5019 2324 5074 inde
2356 5037 2371 5073 :

780 5100 881 5169 ipsi
901 5102 1047 5155 enim
1078 5104 1131 5155 in
1165 5103 1285 5158 loco
1308 5106 1577 5174 quidema
1600 5124 1657 5162 sc
1695 5111 1868 5165 electo
1907 5112 2165 5182 jacebunt
2192 5133 2206 5181 ;
2247 5132 2375 5171 san-

778 5204 863 5248 cta
902 5208 1031 5248 vero
1070 5193 1163 5249 Dei
1196 5196 1435 5252 Ecclesia
1495 5202 1922 5268 perturbationis
1956 5221 2069 5261 suae
2093 5222 2255 5262 causa
2277 5225 2373 5262 ex-

782 5294 988 5354 empta,
1018 5289 1238 5356 propria
1263 5290 1556 5346 stabilitate
1585 5293 1785 5362 gaudet
1811 5294 2034 5350 Christo
2052 5313 2153 5352 suo
2168 5313 2372 5367 sponso

784 5377 988 5445 gratias
1021 5394 1188 5448 agens
1220 5381 1366 5450 quod
1416 5384 1688 5440 scandalis
1740 5388 1810 5441 sit
1859 5387 2086 5443 liberata
2134 5404 2375 5458 suosque

787 5468 993 5522 circum
1033 5486 1091 5525 se
1124 5472 1328 5527 liberos
1361 5484 1567 5531 stantes
1616 5479 1939 5548 conspiciat,
1999 5497 2373 5551 quoscumque

787 5576 895 5615 non
930 5566 1211 5635 potuitqui
1245 5567 1519 5623 hominem
1543 5584 1573 5624 a
1611 5571 1877 5642 principio
1895 5573 2036 5629 felici
2058 5577 2380 5647 despoliavit

793 5653 1056 5720 amicitia,
1084 5673 1238 5712 sacra
1271 5676 1415 5715 nunc
1449 5662 1785 5732 plenitudine
1812 5668 2101 5723 abducere.

2474 3277 2677 3345 κλησία
2706 3276 2972 3344 ἐζητεῖτο,
3008 3277 3162 3344 κοινῇ
3206 3275 3416 3337 τούτοις
3446 3277 3886 3349 συνωμολογήθη
3908 3296 3922 3311 ο
3968 3282 4077 3333 καὶ

2474 3371 2757 3439 συντόμως
2784 3370 2961 3421 εἰπεῖν
2996 3367 3058 3421 τὸ
3083 3369 3285 3420 οίκεῖον
3316 3369 3753 3438 ὁμολογήσαντες
3781 3375 4072 3441 πταῖσμα,

2471 3463 2590 3523 ταῖς
2643 3460 2917 3526 ἀγκάλαις
2981 3459 3291 3527 προσῆλθον
3334 3459 3433 3527 τῆς
3478 3460 3809 3529 Ἐκκλησίας
3867 3466 4077 3529 φιλαν-

2473 3552 2712 3622 θρώπως
2754 3550 3177 3618 ὑπανοιγείσαις
3220 3551 3425 3613 αὐτοῖς.
3470 3550 3756 3604 ’Λπέκλειε
3810 3555 3909 3619 μὲν
3951 3554 4076 3625 γὰρ

2476 3646 2640 3715 μέχρι
2678 3644 2774 3698 τοῦ
2810 3644 3082 3714 παρόντος
3124 3644 3158 3712 ἡ
3204 3642 3500 3712 Ἐκκλησία
3547 3645 3646 3706 τάς
3671 3645 3942 3710 ἀγκάλας,
3973 3644 4075 3700 οἷα

2470 3738 2541 3790 τὰ
2579 3737 2902 3806 ἀνθρώπινα
2947 3735 3217 3789 κάκείνων
3266 3734 3627 3805 ἀνθρωπίνως
3670 3735 4074 3804 διακειμένων.

2473 3833 2566 3883 καὶ
2600 3830 2701 3881 οὐκ
2733 3824 2849 3880 οῖδα
2890 3829 3075 3888 ποίαις
3106 3828 3310 3889 αἰτίαις
3341 3827 3685 3894 ἀγαπώντων
3720 3827 3814 3880 τοῦ
3848 3830 4083 3884 ἀντιλέ-

2474 3942 2613 3991 γειν.
2663 3921 2815 3973 Ἐπεὶ
2846 3921 2903 3973 δὲ
2955 3921 3134 3973 πάντα
3167 3920 3353 4005 ἐκεῖνα
3388 3920 3524 3971 Θεοῦ
3566 3921 3787 3991 εὐδοκία
3836 3923 4078 4005 γέγονεν

2472 4012 2739 4074 ἐκποδὼν,
2778 4012 2876 4076 τῆς
2924 4008 3069 4073 θείας
3122 3992 3534 4079 μεσιτευσάσης
3582 4012 3825 4081 εἰρήνης.
3862 4016 4083 4085 συνήλ-

2473 4104 2642 4170 θομεν
2690 4105 2769 4163 είς
2821 4102 3074 4167 ἑνότητα,
3138 4102 3226 4151 καὶ
3274 4100 3689 4168 προσελάϐομεν
3746 4104 3872 4163 τοὺς
3922 4105 4081 4163 τέως

2472 4192 2532 4256 ἐξ
2566 4192 2723 4261 ἡμῶν
2755 4191 3139 4258 διισταμένους
3181 4189 3255 4250 ὡς
3285 4192 3466 4243 οἰκεῖα
3497 4192 3687 4254 τέκνα,
3727 4191 3822 4243 καὶ
3852 4189 3926 4252 ὡς
3969 4192 4083 4258 μέ-

2471 4287 2623 4338 λεσιν
2681 4283 2836 4346 ἰδίοις
2890 4281 3274 4352 συνήφθημεν,
3326 4284 3423 4336 καὶ
3483 4284 3671 4335 λοιπὸν
3720 4284 3865 4335 ἐστιν
3895 4286 3930 4354 ἠ
3972 4286 4084 4337 τοῦ

2471 4378 2607 4431 (σέεοῦ
2669 4375 2970 4452 Ἐκκλησία
3010 4374 3109 4449 μία
3160 4373 3373 4442 κεφαλὴ
3424 4373 3503 4441 τῷ
3556 4372 3758 4442 πρώτῳ
3813 4375 4089 4444 ἀρχιερεῖ

2478 4470 2569 4520 καὶ
2594 4468 2714 4538 Θεῷ
2746 4468 2930 4536 ἡμῶν,
2973 4467 3069 4518 καὶ
3107 4468 3245 4534 ἡμῖν
3273 4468 3385 4527 τοῖς
3420 4466 3685 4530 ἀναξίοις,
3715 4465 3864 4533 ὅμως
3894 4466 3941 4517 δ’
3974 4464 4087 4519 οὖν

2479 4558 2901 4628 ἀρχιερατεύειν
2950 4556 3304 4625 ἠξιωμένοις,
3342 4554 3436 4607 καὶ
3484 4554 4085 4626 συναρμολογουμένη,

2482 4653 2573 4703 καί
2605 4650 2899 4720 ἀταράχως
2929 4648 3348 4718 διευθυνομένη.
3383 4647 3533 4716 Πλὴν
3566 4646 3765 4713 ὀλίγων
3798 4650 3989 4712 τινῶν,
4033 4653 4090 4704 οἳ

2477 4742 2539 4792 τ’)
2570 4740 2942 4811 γνωρίζεσθαι
2986 4740 3204 4809 ἔχοντες
3256 4738 3317 4803 ἐξ
3358 4738 3571 4815 ιάγαθοῦ
3601 4736 3829 4807 τρόπου,
3874 4737 3969 4790 ἵνα
4005 4741 4096 4811 μὴ

2480 4835 2571 4886 τὸν
2606 4834 2722 4903 βίον
2758 4832 3043 4901 ἀνώνυμον
3078 4831 3442 4901 διαπερῶσιν,
3478 4833 3543 4884 ὲκ
3583 4830 3683 4899 τῆς
3717 4828 3933 4883 ἑαυτῶν
3977 4850 4096 4884 πε-

2486 4926 2827 4996 ρινοούμενοι
2866 4925 3066 4987 κακίας
3106 4924 3167 4978 τὸ
3194 4924 3345 4992 δῆλοι
3374 4922 3669 4990 τυγχάνειν
3704 4920 3828 4972 ὅσον
3857 4922 3950 4970 ἐπ’
3978 4925 4099 4973 α)-

2483 5022 2593 5081 τοῖς
2626 5019 2703 5088 τῷ
2755 5018 2944 5089 οἰκείῳ
2994 5017 3270 5089 μερισμῷ,
3322 5016 3515 5068 λυπεῖν
3562 5014 3661 5083 τὴν
3716 5013 3954 5083 ἑνότητα
4023 5017 4094 5068 οῦ

2481 5109 2893 5162 διευλαόοῦνται
2918 5108 3016 5177 τῆς
3034 5108 3388 5177 Ἐκκλησίας·
3409 5106 3547 5177 πλὴν
3570 5106 3667 5157 καὶ
3688 5097 3832 5156 οὗτοι
3853 5104 4100 5167 πάντως

2482 5205 2531 5255 εἰ
2580 5203 2682 5272 τῆς
2729 5204 2975 5271 κεφαλῆς
3008 5201 3170 5271 ἡμῶν
3204 5203 3310 5254 εἱσι
3364 5200 3457 5252 τοῦ
3518 5196 3755 5268 μεγάλου
3807 5195 3947 5248 Θεοῦ
3982 5200 4101 5249 καὶ

2483 5296 2787 5366 ἀρχιερέως
2818 5295 3000 5364 ήμῶν,
3028 5295 3378 5365 ἀγαπήσουσι
3424 5291 3585 5360 τυχὸν
3617 5291 3717 5390 μέν
3762 5287 4097 5390 vomu-uxrio

2486 5390 2542 5442 δὲ
2573 5389 2714 5457 μετά
2741 5386 2901 5441 τοῦτο
2930 5385 3383 5457 συναρμοσθῆναι
3407 5387 3471 5454 τῇ
3506 5381 3719 5436 ἑαυτῶν
3744 5381 3959 5449 κεφαλῇ
3986 5396 4005 5410 ο
4040 5386 4101 5435 εἰ

2485 5483 2542 5534 δὲ
2573 5481 2670 5551 μὴ,
2715 5483 2952 5551 πρᾶγμα
2980 5479 3134 5532 οὐδέν
3156 5493 3171 5508 ⁸
3205 5480 3252 5531 οἱ
3287 5478 3385 5547 μὲν
3432 5479 3542 5544 γὰρ
3578 5474 3848 5574 κείσονται
3877 5472 3969 5574 είς

2487 5575 2520 5644 ἡ
2553 5574 2759 5626 τούτων
2790 5574 3021 5625 ἀπόνοια
3055 5571 3339 5638 ἐξελέξατο
3376 5568 3561 5638 χώραν
3587 5583 3601 5597 ο
3634 5568 3668 5635 ἠ
3699 5564 3773 5668 δὲ.
3798 5562 3942 5668 ἁγία.
3974 5564 4095 5668 τοῦ

2487 5668 2621 5721 Θεοῦ
2685 5668 2987 5737 Ἐκκλησία
3051 5666 3153 5736 τῆς
3214 5663 3596 5731 ταραττούσης
3652 5656 3823 5727 αὐτὴν
3885 5656 4097 5719 αίτίας

3514 5752 3641 5779 ,Α-ΖΔ
3695 5751 3795 5779 ..τοι
3810 5766 3837 5779 Α
3898 5740 3979 5779 Ιτιὶ.
4024 5768 4090 5779 --

3111 5758 3136 5770 ~
3349 5759 3358 5771 ο
3514 5755 3525 5768 ο
3576 5752 3599 5762 ⁵
3705 5751 3715 5767 ⁸
3775 5751 3795 5775 Σ
3905 5748 3933 5761 τ
4024 5768 4090 5779 --

797 5748 1214 5820 ὰπηλλαγμένη,
1248 5752 1358 5823 ἔχει
1398 5758 1496 5825 τὴν
1563 5758 1701 5813 ἰδίαν
1766 5759 1920 5823 τάξιν
1971 5762 2231 5831 εὐσταθῆ,
2308 5762 2711 5833 εὐχαριστοῦσα
2764 5759 2986 5831 Χριστῷ
3069 5776 3147 5827 τῳ
3187 5775 3408 5826 νυμφιῳ
3468 5769 3660 5868 anni.
3695 5766 3837 5854 υπςξ)
3897 5765 3979 5799 ων
4037 5782 4091 5859 δ’ὁ

801 5843 908 5868 ‘9.“
943 5845 1251 5868 _.-_-.!_£\__..
1293 5851 1303 5861 ⁸
1329 5867 1337 5868 ε
1375 5849 1449 5868 l“
1759 5856 1772 5868 ι
1822 5857 1833 5868 ο
1894 5858 1904 5868 ι
2002 5850 2028 5868 τ
2141 5858 2150 5868 ι
2224 5860 2234 5868 ι
2310 5861 2329 5868 .-
2454 5856 2465 5868 ι
2514 5858 2528 5868 ι
2706 5857 2718 5868 ι
2768 5855 2792 5866 ο
3092 5855 3104 5868 ι
3365 5851 3391 5868 Α
3473 5850 3496 5868 9
3577 5865 3601 5868 -
3638 5862 3735 5868 --η-
3796 5858 3955 5868 ,ιρι-..ο
4000 5861 4090 5868 --μ

800 5843 908 5899 τῶν
940 5845 1252 5901 σκανδάλων
1283 5849 1649 5921 ἀπήλλακται,
1689 5856 1782 5909 καὶ
1814 5857 1953 5926 ὑπὲρ
1995 5850 2068 5910 ὧν
2097 5858 2162 5910 τέι
2190 5860 2367 5912 οἰκεῖα
2403 5856 2591 5925 κύκλῳ
2661 5855 2835 5925 αὐτῆς
2870 5855 3258 5925 παριστάμενα
3288 5850 3499 5922 καθορᾷ
3572 5847 3761 5911 τέκνα,
3793 5858 3951 5903 οσουε
3999 5861 4095 5915 μη
