4158 6430
129 445 217 512 Nil

1544 425 1952 493 EPISTOLE.

3289 427 3391 498 102

124 574 150 613 ο
171 561 227 625 ἐξ
265 559 449 629 ἀρχῆς
477 553 835 623 ὰποσυλήσας
863 551 955 608 τὸν
986 550 1279 621 ἄνθρωπον
1310 543 1407 616 τῆς
1440 541 1723 615 μακαρίας
1755 536 2095 609 οίκειότητος
2124 538 2216 592 καὶ
2271 538 2366 593 νῦν
2406 538 2752 612 ἀποσυλῆσαι
2815 555 2911 596 του
2946 537 3222 612 ἱερατικοῦ
3259 561 3389 621 πλη-

129 656 391 727 ρώματος
420 651 730 719 δεδύνηται.

190 748 384 803 Ταῦτά
423 761 532 809 σοι,
582 745 772 797 τέκνον
803 742 985 813 ἡμῶν,
1019 741 1087 793 τὰ
1134 740 1458 809 εὐαγγέλια,
1500 730 1581 797 οἷς
1613 730 1707 784 πέ-
1740 733 1779 790 Α

125 856 361 909 πεισμαι
394 840 501 908 τὴν
560 838 659 907 σὴν
689 833 1062 905 εὐφρανθῆναι
1110 834 1288 903 ψυχὴν
1334 832 1459 883 ὅσον
1496 826 1584 879 ἐπ’
1614 824 1706 876 οὑ-

119 934 225 987 δενὶ
288 930 446 998 ἄλλῳ
494 929 607 983 τῶν
652 930 710 982 ὲν
769 923 1077 995 ἀνθρώποις
1137 925 1398 1008 παρέχειν
1442 917 1708 988 εὐφροσύ-

120 1041 211 1090 νην
265 1022 517 1075 εἰδότων.
565 1021 639 1073 Τδ
680 1019 728 1072 δ’
761 1016 869 1070 ἀπὸ
916 1020 1105 1071 τούτου
1148 1016 1232 1079 τίς
1300 1029 1390 1082 μοι
1435 1010 1513 1081 τῷ
1567 1010 1709 1079 λόγῳ

123 1113 606 1183 συνεπιλήψεταις
670 1109 768 1171 Τίς
828 1107 1173 1162 συλλαλοῦντί
1234 1121 1326 1174 μοι
1391 1106 1454 1173 τῇ
1524 1101 1717 1172 φιλαν-,

121 1204 329 1274 θρώπῳ
364 1205 467 1257 καὶ
495 1200 814 1274 γλυκυτάτη
836 1200 980 1270 ψυχῇ
1014 1196 1400 1267 συμπαρέσται
1433 1193 1708 1247 κοινωνῶν

118 1296 188 1363 τῷ
216 1296 414 1361 λόγῳ;
447 1293 560 1345 Καὶ
584 1292 977 1362 ἁναμνὴσομέν
1008 1306 1069 1341 σε
1097 1285 1231 1339 Θεοῦ
1254 1286 1488 1347 διδόντος
1516 1283 1576 1335 οὐ
1611 1285 1709 1349 μὲν

116 1380 202 1435 οἷν
257 1382 710 1452 ἐπιλελησμένον
764 1383 864 1449 τῆς
908 1379 1118 1440 οἰκείας
1166 1378 1535 1447 ἡμερότητος,
1594 1371 1707 1425 ἀλλ’

117 1476 214 1525 ὑπὸ
244 1474 575 1542 ἀνθρώπιον
608 1474 709 1526 οὐκ
754 1468 874 1524 οἶδα
902 1470 957 1523 τί
991 1471 1120 1539 περὶ
1150 1468 1332 1523 αὐτῶν
1370 1466 1529 1527 εἴπω,
1568 1463 1706 1533 πλὴν

115 1566 189 1614 ίτ;
221 1564 426 1627 κακῶς
478 1564 763 1617 διαθέσθαι
789 1561 871 1614 -τὰ
915 1561 1246 1631 Βουλγὰρων
1276 1558 1371 1611 καὶ
1414 1556 1703 1626 Ῥωμαίων

118 1658 431 1725 πράγματα
483 1652 919 1721 διανοηθέντων,
975 1653 1091 1705 εἴτε
1137 1648 1378 1711 οἴκοθεν,
1432 1648 1542 1701 εἴτε
1601 1648 1706 1699 ὑπὸ

111 1747 376 1813 δαίμονος
425 1746 671 1816 πονηροῦ
728 1747 867 1816 πρὸς
917 1744 1079 1797 τοῦτο
1128 1744 1530 1813 κεκινημένων,
1570 1741 1707 1803 τέως

114 1838 484 1904 παρεξελθεῖν
536 1838 912 1908 βιασαμένων,
962 1836 1053 1889 καὶ
1085 1838 1166 1898 είς
1209 1838 1513 1908 πράγματα
1540 1849 1707 1885 κατα-

114 1927 314 1995 στῆσαι
371 1931 410 1983 ἃ
461 1929 736 2000 μηδέποτε
789 1926 913 1981 οὔτε
963 1929 1126 1992 αὐτὸς
1173 1928 1432 1998 ἤλπισας,
1480 1925 1563 1977 υἰέ
1602 1941 1703 1994 μου

112 2018 632 2091 φιλανθρωπότατε,
683 2024 807 2075 οὕτε
859 2025 1046 2093 ἡμεῖς,
1082 2022 1206 2074 οὒτε
1245 2037 1332 2082 τις
1382 2019 1539 2082 ἄλλος
1595 2018 1704 2073 τῶν

110 2118 203 2180 τὴν
258 2113 367 2182 σὴν
424 2114 812 2180 γινωσκόντων
870 2114 903 2183 ἧ
954 2114 1264 2166 ἀκουόντων
1319 2112 1704 2181 φιλάνθρωπον

112 2206 198 2255 καὶ
251 2204 641 2273 ἡμερωτάτην
686 2203 893 2273 ψυχήν.
924 2202 1019 2265 Τίς
1051 2204 1161 2273 γὰρ
1195 2203 1353 2255 τοῦτο
1402 2203 1534 2255 ποτὲ
1573 2206 1704 2273 πρὶν

111 2295 376 2361 γενέσθαι
417 2293 848 2363 προσεδόκησεν,
880 2295 959 2347 ὅτι
994 2294 1220 2364 Συμεὼν
1261 2296 1289 2346 6
1315 2294 1403 2346 διὰ
1437 2293 1703 2364 φρόνησιν

113 2386 391 2454 μεγάλην,
432 2384 462 2436 6
510 2385 597 2437 διὰ
638 2386 700 2438 τὸ
757 2385 1008 2455 Θεοφιλὴς
1048 2381 1188 2439 εἶναι
1238 2388 1317 2446 εἰς
1360 2387 1500 2454 μέγα
1544 2386 1702 2456 δόξης

114 2480 165 2530 τὸ
196 2477 544 2547 Βουλγάρων
573 2476 726 2540 ἔθνος
760 2478 1008 2546 ἀγαγὼν,
1035 2479 1063 2531 6
1095 2478 1361 2548 πονηρίαν
1384 2481 1437 2530 εἴ
1454 2478 1537 2540 τίς
1570 2496 1701 2532 ποτε

113 2568 427 2638 ἀνθρώπων
462 2567 662 2636 μισῶν,
694 2570 721 2621 ὁ
747 2568 1097 2637 δικαιοσύνην
1130 2570 1325 2637 τιμῶν,
1348 2569 1375 2620 6
1408 2567 1701 2636 βδελυσσό-

114 2678 271 2728 μενος
315 2660 609 2721 ἀδικίαν,ό
654 2658 919 2728 κρείττων
968 2660 1206 2727 ἡδονῶν,
1238 2663 1266 2713 ό
1315 2660 1413 2729 τὴν
1460 2660 1701 2729 γαστέρα

114 2755 405 2823 utinm-1
434 2752 591 2805 οὐδὲν
622 2747 787 2821 ἦττον
832 2748 911 2815 οἷς
951 2753 1009 2804 ἑν
1036 2752 1277 2822 ὄρεσινή
1315 2752 1451 2823 ζωὴ,
1492 2755 1522 2808 6
1555 2754 1698 2809 οἶνον

113 2847 404 2912 ἄγευστος,
442 2846 473 2896 6
517 2844 640 2895 κατ’
668 2844 821 2896 οὐδὲν
867 2844 1269 2914 παραλλάσσων
1310 2846 1420 2899 τῶν
1470 2846 1576 2912 ἔξω
1604 2849 1699 2903 τοῦ

112 2940 317 3005 κόσμου
349 2935 459 3005 ζῇν
508 2934 1033 3003 ἐπαγγελλομένων,
1068 2934 1188 3004 ἢέν
1223 2938 1357 3010 μόνη
1402 2943 1468 3009 τῇ
1500 2939 1702 3013 κυϐερ-

111 3031 255 3098 “ges:
290 3030 397 3098 τῆς
448 3030 604 3098 παρᾶ
654 3024 792 3079 Θεοῦ
845 3026 1134 3099 δεδομένης
1171 3030 1321 3100 αὐτῷ
1367 3032 1565 3101 ἀρχῆς.
1602 3035 1701 3097 Τίς

112 3121 170 3171 ἂν
214 3118 318 3173 οὖν
371 3118 713 3188 προσδοκίαν
739 3117 898 3187 ἔσχεν
926 3118 999 3179 ὼς
1038 3122 1065 3171 ὁ
1119 3121 1361 3184 τοιοῦτος
1410 3127 1505 3174 καὶ
1554 3124 1698 3177 οὕτω

111 3211 363 3281 θεοφιλὴς
398 3209 692 3279 ἄνθρωπος
725 3213 805 3271 είς
839 3211 905 3262 τὰ
936 3208 1030 3262 νῦν
1075 3211 1455 3265 καταλαϐόντα
1485 3214 1699 3282 χαλεπὰ

121 3307 439 3373 Ῥωμαίους
501 3304 825 3372 περιστήσει
889 3302 983 3354 καλ⁸
1022 3304 1388 3373 Βουλγαρους.
1455 3309 1549 3360 καὶ
1602 3312 1699 3380 τὴν

1882 724 2004 784 llaec
2033 738 2181 795 sunt,
2215 728 2285 783 ﬁli
2318 728 2413 793 mi,
2450 732 2636 786 nuntia
2670 732 2871 802 quibus
2906 732 3037 788 mihi
3091 740 3389 805 persuadeo

1815 820 1989 888 magis
2019 820 2279 873 oblectari
2311 830 2460 875 tuam
2494 831 2726 876 mentem
2777 837 2940 893 quam
2977 827 3168 892 quavis
3198 827 3302 881 alia
3336 845 3390 883 re

1814 923 1938 979 quae
1990 909 2129 962 inter
2174 910 2420 964 homines
2467 910 2640 979 possit
2692 915 3107 970 oblecmtionem
3141 917 3337 974 aﬂerre
3373 936 3387 985 ;

1811 1001 1903 1055 sed
1925 1000 2122 1055 exinde
2146 1002 2271 1071 quis
2292 1017 2409 1056 meo
2430 1004 2669 1058 sermoni
2693 1006 2907 1073 adjutor
2936 1008 3080 1063 erit?
3099 1008 3230 1073 Quis
3255 1012 3386 1065 mihi

1813 1103 1959 1145 tuam
1987 1094 2438 1148 hnmanissimam
2470 1095 2957 1167 suavissimamque
2992 1111 3227 1156 mentem
3260 1105 3392 1156 θην-

1811 1186 1996 1255 quenti
2013 1186 2185 1240 aderit
2202 1200 2259 1240 se
2278 1189 2632 1242 consocians?
2660 1188 2725 1243 Et
2753 1197 2823 1254 te,
2839 1191 3071 1248 donante
3095 1192 3222 1258 Deo,
3238 1210 3390 1250 cuni-

1814 1276 2180 1331 monelaciam
2194 1275 2552 1345 ,nonlquidem
2569 1280 2792 1334 oblitum
2815 1290 2917 1335 tua!
2934 1287 3387 1353 mansuetudinis,

1809 1368 1902 1421 sed
1935 1369 2321 1422 exacerbatum
2357 1370 2423 1421 ab
2464 1371 2780 1427 hominibus
2804 1374 2871 1427 de
2913 1377 3109 1442 quibus
3139 1378 3269 1445 quid
3302 1379 3385 1432 di-

1808 1473 1927 1511 cam
1960 1460 2145 1513 nescio
2177 1458 2278 1511 nisi
2335 1472 2431 1512 eos
2480 1462 2743 1531 cogitasse
2781 1478 2868 1520 res
2918 1463 3273 1535 Bulgarorum
3305 1480 3389 1520 at-

1809 1563 1915 1617 que
1961 1548 2328 1604 Romanorum
2359 1551 2499 1606 male
2527 1568 2871 1622 componere,
2895 1558 3009 1611 sive
3038 1573 3104 1612 ex
3147 1574 3207 1613 se
3236 1560 3388 1628 ipsis,

1810 1642 1923 1693 sive
1955 1653 1983 1692 a
2026 1640 2260 1695 scelesto
2318 1646 2568 1698 daemone
2595 1645 2664 1709 ad
2702 1644 2754 1699 id
2811 1657 3005 1713 motos,
3045 1658 3094 1702 te
3122 1665 3295 1721 usque
3325 1668 3389 1707 co

1809 1732 2059 1801 progredi
2092 1735 2343 1803 coegisse
2370 1743 2425 1788 et
2445 1735 2511 1789 ad
2548 1736 2689 1793 facta
2723 1738 3006 1808 impulisse
3034 1755 3155 1809 qua:
3176 1753 3388 1796 tunun-

1808 1840 1994 1894 quam,
2038 1825 2435 1881 humanissime
2463 1827 2558 1893 iiIi,
2598 1844 2901 1898 sperasses,
2937 1847 3113 1903 neque
3140 1846 3261 1897 nos,
3290 1848 3391 1887 nec

1808 1918 1987 1987 quivis
2010 1920 2151 1971 alius
2184 1921 2323 1973 inter
2353 1934 2450 1976 eos
2487 1921 2578 1991 qui
2603 1920 2898 1976 humanam
2936 1933 2988 1976 et
3016 1924 3386 1981 dulcissimam

1808 2021 1957 2064 tuum
2009 2019 2245 2064 mentem
2282 2026 2503 2078 norunt,
2574 2024 2667 2067 aut
2698 2014 2767 2070 de
2808 2030 2870 2068 ea
2909 2016 3237 2071 audierunt:
3266 2021 3390 2083 quis

1808 2104 1953 2158 enim
1986 2118 2266 2173 nunquam
2293 2103 2381 2159 illa
2421 2116 2683 2160 eventura
2709 2122 2831 2161 esse
2869 2107 3279 2163 existimasset?
3302 2111 3389 2163 Si-

1812 2211 2082 2262 meonem,
2107 2196 2335 2260 scilicet,
2366 2197 2544 2262 illum,
2580 2198 2672 2267 qui
2701 2197 2768 2252 ob
2795 2213 3045 2268 magnam
3074 2215 3229 2254 suam
3258 2217 3391 2271 prn-

1806 2284 2070 2347 dentiam,
2106 2287 2175 2339 ob
2209 2286 2486 2353 pietatem,
2514 2285 2877 2356 Bulgarorum
2906 2299 3118 2358 gentem
3170 2291 3237 2345 ad
3268 2308 3390 2347 ma-

1806 2392 1967 2442 gnam
1994 2376 2219 2445 gloriam
2244 2378 2443 2443 evexit,
2468 2378 2560 2447 qui
2594 2378 2880 2446 malitiam,
2917 2389 2976 2434 ut
3008 2383 3099 2449 qui
3130 2391 3389 2451 maxime,

1806 2473 2015 2532 oderat,
2065 2469 2157 2537 qui
2198 2467 2464 2537 justitiam
2500 2468 2734 2533 colebat,
2776 2470 3207 2544 injustitiamque
3226 2488 3388 2532 exse-

1810 2561 2081 2624 crabatur,
2140 2561 2233 2629 qui
2273 2560 2577 2629 voluptates
2637 2562 2947 2631 superabat,
2998 2565 3090 2633 qui
3144 2574 3384 2622 ventrem

1808 2664 1914 2703 non
1947 2650 2129 2705 minus
2154 2648 2440 2704 coercebat
2466 2664 2631 2719 quam
2650 2650 2743 2720 qui
2772 2651 2825 2704 in
2857 2653 3132 2708 montibus
3161 2655 3384 2726 degunt,

1806 2742 1900 2811 qui
1926 2741 2111 2794 vinum
2156 2755 2267 2794 non
2304 2741 2582 2810 gustabat,
2614 2742 2708 2811 qui
2738 2742 2872 2796 nihil
2898 2742 3177 2800 dill‘erebat
3201 2748 3270 2802 ab
3305 2750 3389 2805 his

1804 2837 1897 2908 qui
1927 2847 2079 2891 extra
2111 2836 2374 2890 mundum
2411 2837 2595 2891 vivere
2635 2838 3027 2907 praedicantur,
3080 2840 3183 2898 nisi
3210 2842 3264 2898 in
3295 2846 3391 2899 sd-

1806 2925 2210 2981 ministratione
2244 2926 2526 2996 dignitatis
2567 2927 2663 2982 tibi
2702 2946 2730 2981 ει
2770 2929 2881 2983 Deo
2921 2944 3230 2988 concessae:
3265 2935 3388 3005 quis

1802 3033 1932 3085 ergo
1963 3017 2330 3072 existimasset
2363 3018 2523 3072 talem
2559 3021 2739 3073 virum
2802 3032 2908 3075 tam
2959 3022 3108 3086 pium
3159 3024 3212 3078 in
3252 3041 3388 3095 pra:-

1804 3111 1977 3163 sentia
2014 3108 2155 3162 mala
2192 3110 2471 3163 llomanos
2495 3120 2549 3164 et
2579 3108 2844 3178 Bulgaros
2871 3127 2992 3167 eese
3023 3112 3382 3183 deiecturum,

1806 3200 1860 3252 in
1880 3199 2243 3254 enarrabilem
2278 3201 2560 3270 sanguinis
2592 3200 2937 3269 eﬂ'usioncm,
2964 3207 3017 3258 in
3055 3213 3263 3260 tantam
3296 3222 3388 3261 vae

1806 3291 2115 3354 stationem,
2162 3292 2298 3360 proh
2339 3292 2525 3346 dolori
2564 3291 2657 3347 Dei
2704 3294 3082 3361 ecclesiarum,
3113 3308 3388 3353 monaste-

110 3394 337 3464 ἀπειρόν
365 3392 484 3445 τῶν
516 3391 768 3459 αἱμάτων
799 3390 959 3460 χύσιν
1003 3392 1100 3446 καὶ
1133 3394 1231 3463 τὴν
1258 3397 1529 3467 τοσαύτην
1564 3401 1697 3470 ἐρηο

1807 3382 2127 3449 riorumque
2164 3380 2460 3449 virginum,
2503 3396 2737 3450 quarum
2777 3383 2900 3438 vita:
2928 3385 3229 3453 saepissime
3259 3403 3384 3457 par-

109 3487 251 3551 μίαν,
291 3485 449 3551 οτμοι
494 3480 735 3551 ἐρημίαν
775 3480 1085 3550 ἐκκλησιῶν
1116 3482 1272 3547 Θεοῦ,
1298 3483 1697 3554 ’διαιτημάτων

110 3574 426 3643 παρθένων,
474 3573 534 3626 αἶ
583 3572 848 3635 πολλάκις
889 3575 985 3626 καὶ
1032 3574 1094 3626 τὸ
1144 3576 1406 3628 ἀναπνεῖν
1430 3578 1522 3630 τὸν
1557 3580 1695 3651 ἀέρα

106 3666 408 3733 {apeiria-no,
451 3661 840 3733 μοναστηρίων
872 3664 1107 3731 ἀνδρῶν,
1140 3658 1200 3718 οὗ
1229 3665 1400 3720 νύκτα
1432 3670 1525 3722 καὶ
1557 3673 1667 3741 ήμέ

109 3776 197 3824 ραν
228 3759 371 3819 Θεὸς
397 3754 762 3824 ὑμνολογεϊτο
792 3758 887 3809 καὶ
920 3756 1220 3821 ἐδοξάζετο.

168 3850 232 3901 Τί
261 3865 337 3918 με
362 3848 452 3901 δεῖ
478 3847 657 3914 λέγειν
687 3848 918 3912 πόλεων,
951 3848 1137 3920 χώρας
1161 3850 1349 3920 ἄλλης,
1377 3852 1566 3920 οἷκων,
1595 3855 1694 3907 ὅσα

102 3944 204 4002 τοῖς
258 3936 593 4008 ἀνθρώποις
638 3939 717 4001 είς
773 3940 1133 4008 παραμυθίαν
1187 3942 1550 4008 σπουδάζεται
1597 3949 1695 4013 τῆς

104 4033 263 4099 ζωῆς,
296 4031 405 4099 τὴν
432 4028 601 4097 ἀλλην
628 4032 937 4099 συμφορὰν,
962 4032 1059 4096 ὅση
1090 4030 1151 4083 τὸ
1192 4032 1536 4100 ἀνθρώπινον
1566 4052 1692 4088 συν-

102 4128 243 4189 ειχε,
298 4119 542 4187 χηρείαν
585 4122 749 4185 φημὶ,
801 4122 1087 4190 ὀρφανίαν,
1141 4122 1386 4192 ἀδελφῶν
1458 4128 1693 4180 ἀποστέ-

104 4228 281 4278 ρησιν,
319 4208 737 4278 αίχμαλωσίαν,
769 4210 1042 4275 δουλείαν,
1077 4214 1173 4265 καὶ
1214 4214 1399 4278 ἁπλῶς
1428 4217 1548 4270 ἀντὶ
1593 4220 1693 4286 τῆς

101 4304 293 4371 πρώην
334 4299 671 4371 Βουλγάρων
695 4302 790 4355 καὶ
835 4300 1123 4371 Ῥωμαίων
1170 4306 1423 4371 εὑζωίας,
1455 4307 1553 4377 τὴν
1576 4309 1691 4362 ἑλε-

99 4393 241 4461 εινην
268 4391 497 4460 ταύτην
532 4390 858 4462 μεταϐολὴν,
890 4394 969 4453 είς
991 4393 1058 4462 ἣν
1088 4394 1152 4445 ἐκ
1183 4394 1289 4447 τῶν
1320 4395 1413 4448 τοῦ
1450 4398 1689 4469 πολέμου

99 4486 279 4537 κακῶν
336 4484 748 4555 περιέστησενς
798 4484 914 4536 UL):
943 4486 1155 4557 ἐχθρῶν
1184 4487 1344 4541 τοῦτο
1390 4489 1692 4561 διαπραξα-

98 4574 299 4640 μένων,
337 4574 405 4626 οὐ
438 4573 550 4626 τῶν
575 4574 679 4638 ἔξω
705 4573 804 4643 τῆς
837 4574 1078 4644 μάνδραις
1101 4574 1196 4628 τοῦ
1219 4578 1474 4647 ἀληθινοῦ
1496 4582 1691 4651 ποιμέ-

98 4681 174 4723 νας
202 4662 472 4732 Χριατοῦ
501 4662 597 4714 τοῦ
636 4663 771 4715 Θεοῦ
808 4664 985 4731 ἡμῶν,
1012 4665 1071 4715 οὐ
1118 4666 1229 4717 τῶν
1261 4666 1562 4738 ἀλλοτρίων
1588 4673 1689 4742 τῆς

1807 3471 1975 3523 citum
2018 3479 2155 3532 erat,
2211 3471 2671 3524 monasteriorum
2703 3486 2921 3542 quoque
2980 3474 3244 3539 virorum,
3294 3479 3383 3532 ubi

1807 3559 1893 3613 die
1923 3576 1988 3613 ae
2020 3570 2178 3613 nocte
2211 3561 2277 3612 ad
2308 3560 2473 3613 Deum
2509 3561 2697 3630 hymni
2728 3572 2782 3615 et
2810 3562 2997 3618 laudes
3025 3566 3388 3621 decantaban-

1807 3661 1913 3705 ltlt'.

1875 3836 2013 3902 Quid
2056 3850 2139 3888 me
2170 3847 2383 3904 oportet
2405 3837 2589 3891 dicere
2620 3838 2855 3903 urbium,
2888 3854 3158 3910 agrorum,
3191 3842 3386 3899 domo-

1805 3944 1923 3981 rum
1956 3937 2010 3982 et
2038 3928 2280 3981 omnium
2316 3944 2435 3998 quae
2463 3928 2707 3983 homines
2731 3931 2794 3982 ad
2822 3933 2942 3986 vita
2959 3933 3379 3990 consolationem

1802 4027 2011 4079 curant,
2048 4019 2283 4080 ruinam,
2319 4019 2658 4082 viduitatem,
2693 4018 2923 4081 scilicet,
2951 4020 3246 4076 liberorum
3290 4039 3383 4078 or-

1803 4109 2053 4171 bitatem,
2103 4107 2331 4160 fratrum
2390 4108 3177 4178 privationem,captivitatem,
3208 4117 3384 4167 servi.

1805 4210 1997 4262 tutcm,
2030 4212 2138 4251 uno
2174 4197 2358 4260 verbo,
2405 4212 2503 4266 pro
2536 4198 2761 4266 pristina
2792 4196 3148 4267 Bulgarorum
3180 4210 3233 4255 et
3274 4202 3384 4256 llo-

1801 4306 2088 4344 manorum
2128 4288 2403 4349 lelicitate,
2436 4288 2581 4341 illam
2613 4291 2974 4343 miserandam
3004 4294 3379 4355 mutationem,

1799 4382 1867 4435 ad
1922 4398 2083 4449 quam
2127 4383 2252 4435 belli
2303 4381 2458 4433 malis
2490 4380 2876 4435 devenerunt?
2929 4381 3044 4436 Non
3077 4396 3257 4439 autem
3313 4386 3383 4439 ab

1801 4473 2045 4526 hostibus
2071 4487 2134 4525 ea
2169 4472 2305 4525 facta
2354 4482 2506 4535 sunt,
2544 4485 2643 4523 nec
2683 4471 2753 4524 ab
2794 4471 2860 4525 iis
2915 4472 3006 4540 qui
3058 4480 3209 4526 extra
3241 4475 3383 4529 ovile

1799 4566 1912 4616 veri
1940 4565 2195 4631 pastoris,
2224 4562 2429 4617 Christi
2465 4562 2555 4615 Dei
2578 4563 2768 4625 nostri,
2808 4573 2956 4625 sunt,
2990 4572 3082 4617 aut
3110 4564 3177 4616 ab
3210 4565 3379 4619 haere-

1801 4633 1967 4715 ditate
2017 4660 2139 4712 lidei
2171 4657 2438 4720 extranei,
2483 4655 2578 4709 sed
2631 4671 2659 4708 a
2698 4654 2939 4723 quibus?
2976 4654 3153 4709 Eheul
3192 4656 3373 4711 Eheu!

95 4762 482 4833 κληρονομίας
522 4760 622 4830 τῆς
669 4761 929 4825 πίστεως,
966 4761 1102 4814 ἀλλὰ
1141 4763 1342 4829 τίνων;
1379 4765 1468 4831 Αἲ,
1504 4768 1692 4824 αἰτῶν

1802 4750 2147 4821 gravissimos
2184 4763 2332 4802 meos
2364 4748 2615 4801 dolores!
2666 4748 2832 4815 proli!
2898 4749 3212 4801 miserabile
3256 4765 3377 4801 ver-

94 4856 232 4921 ἐμῶν
271 4853 618 4926 βαρυτάτων
638 4854 865 4907 παθῶνί
899 4853 999 4922 φεῦ
1026 4855 1122 4908 τοῦ
1150 4856 1380 4910 ὲλεεινοῦ
1415 4859 1688 4932 διηγήμα.

94 4949 203 5010 τοςί
244 4948 402 5017 πρὸς
452 4947 583 5009 τοὺς
617 4948 676 4998 ὲν
709 4946 932 5015 Χριστῷ
972 4948 1220 5017 πατέρας
1258 4950 1685 5025 ἐξεϐαρϐαρώθη

93 5044 151 5092 τά
182 5042 397 5103 τέκνα,
426 5038 529 5092 καὶ
559 5038 631 5091 τὰ
661 5039 918 5107 πρόϐατα
946 5037 1040 5092 τοῦ
1086 5041 1326 5111 Χριστοῦ
1366 5045 1486 5099 κατ’
1518 5047 1686 5119 ἀλλή-

94 5134 188 5184 ὶων
218 5130 715 5201 ὲξεθηριώθησαν,
746 5133 794 5184 οί
823 5131 1153 5203 κληρονόμοι
1194 5133 1295 5203 τῆς
1325 5140 1562 5202 πίστεως
1590 5143 1685 5195 καὶ

96 5222 547 5294 ευγιληρονόμοι
577 5222 674 5291 τῆς
705 5222 866 5293 δόξης
895 5222 991 5279 τοῦ
1026 5226 1265 5296 Χριστοῦ
1294 5229 1433 5298 πρὸς
1460 5230 1685 5296 ἑαυτοὺς

94 5313 621 5386 ἐξεπολεμώθησαν.
645 5313 741 5376 Τίς
771 5314 839 5366 ἄν
864 5331 997 5369 ποτε
1022 5317 1217 5386 ῆλπισε
1242 5319 1337 5371 καὶ
1386 5320 1549 5373 πάλιν
1571 5321 1684 5389 ἐρῶ

89 5411 315 5464 τοιαῦτα
352 5407 536 5477 πάθη.
580 5406 679 5460 καὶ
716 5405 975 5460 τοιούτων
1012 5410 1308 5481 συμφορῶν
1353 5414 1678 5484 πράγματα,

93 5502 188 5569 πρὸ
224 5498 324 5552 τοῦ
372 5499 438 5549 ἐν
479 5496 601 5566 ὕψει
629 5494 809 5551 ταῦτα
851 5497 1000 5564 ἰδεῖν,
1036 5498 1344 5569 Ῥωμαίους
1384 5505 1478 5557 καὶ
1513 5503 1680 5555 Βουλ-

91 5594 294 5661 “ripae;
363 5587 748 5654 καταλαϐεῖνς
823 5588 985 5642 Ἀλλὰ
1042 5588 1177 5659 γὰρ,
1241 5591 1432 5644 τέκνον
1490 5592 1680 5662 ἡμῶν,

93 5678 521 5754 θεοξρούρητον,
556 5682 607 5733 εί
647 5680 744 5733 καὶ
772 5680 1039 5734 κατέλαϐε
1075 5682 1321 5749 τοιαῦτα,
1356 5682 1430 5746 ὡς
1463 5684 1574 5737 εἴθε
1609 5684 1682 5755 μὴ

96 5774 286 5843 ὢφελε,
324 5771 642 5827 κατέλαϐεν
693 5772 752 5838 ἐξ
780 5774 1046 5842 ἐπηρείας
1078 5771 1172 5827 τοῦ
1207 5774 1446 5846 πονηροῦ
1490 5774 1672 5845 δαίμο·

94 5885 193 5933 νας,
218 5866 537 5923 κατέλαϐεν
568 5869 634 5922 ἐκ
679 5865 879 5936 φθόνου
919 5866 1013 5920 τοῦ
1061 5869 1196 5921 πᾶσι
1232 5867 1333 5940 μὲν
1370 5866 1683 5939 ἀνθρώποις

1789 4842 1955 4899 bum!
2016 4840 2217 4894 Contra
2276 4853 2408 4892 suos
2461 4840 2513 4891 in
2572 4838 2791 4891 Christo
2843 4849 3093 4906 parentes
3159 4838 3377 4893 barbari

1791 4936 1918 4991 facti
1949 4943 2075 4989 sunt
2100 4933 2218 4998 lilii,
2257 4930 2573 4998 Christique
2606 4946 2734 4982 ures
2780 4931 2832 4982 in
2883 4930 3115 4983 invicem
3143 4931 3378 4985 Lelluina

1786 5030 1999 5085 feritate
2018 5026 2222 5081 eﬂ‘erati
2247 5033 2396 5089 sunt,
2414 5024 2538 5079 ﬁdei
2571 5024 2831 5086 basi-edes,
2854 5023 3167 5093 Christique
3192 5025 3375 5094 gloria:

1785 5119 2097 5177 coliatredes
2126 5120 2192 5173 ad
2229 5118 2460 5173 invicem
2490 5125 2862 5184 pugnaverunt
2900 5132 2913 5168 :
2951 5115 3072 5184 quis
3108 5131 3372 5183 unquam,

1792 5227 2013 5269 rursum
2052 5212 2197 5276 dico,
2232 5219 2312 5264 tot
2347 5209 2488 5263 mala
2525 5215 2819 5276 sperasset,
2863 5216 3051 5275 totque
3088 5207 3377 5261 calainita-’

1791 5316 1893 5372 tes,
1945 5314 2238 5373 antequam
2288 5318 2472 5358 coram
2510 5301 2684 5355 oculis
2742 5301 2958 5363 viderit,
3011 5300 3288 5353 Romanos
3320 5312 3373 5352 et

1791 5400 2053 5470 Bulgaros
2073 5412 2194 5452 esse
2222 5392 3080 5466 deprehensurasexistimasset?
3107 5392 3237 5453 Sed,
3272 5392 3369 5455 tili_

1791 5493 1885 5549 Dei
1916 5491 2170 5564 praesidio
2195 5489 2338 5557 fulti,
2362 5489 2407 5545 si
2434 5489 2552 5555 illa,
2589 5502 2709 5557 qua:
2750 5487 2957 5539 utinam
2989 5500 3093 5537 non
3124 5484 3371 5537 accidere

1786 5586 2248 5657 oportuisset,nos
2277 5583 2418 5637 mala
2445 5579 3051 5650 deprehenderunt,non
3072 5575 3367 5643 deprehen-

1786 5682 2004 5743 derunt,
2043 5678 2143 5732 nisi
2169 5675 2371 5729 malitia
2417 5674 2608 5728 nefarii
2644 5670 2927 5733 dannonis,
2976 5668 3079 5722 nisi
3128 5667 3249 5735 ejus,
3285 5667 3370 5717 in-

1785 5772 1929 5825 vidia
1954 5772 2046 5841 qui
2076 5769 2327 5825 omnibus
2363 5766 2675 5821 licininihus
2703 5762 2927 5825 invidet,
2970 5762 3200 5813 maxime
3243 5771 3371 5809 vero

1786 5863 2116 5919 Christianis
2170 5879 2183 5914 :
2231 5868 2423 5915 contra
2483 5857 2826 5914 Christianus
2878 5870 3111 5923 namque
3165 5848 3370 5905 invidia
