4158 6430
735 305 840 378 123

1865 314 2171 387 NiCOl.Al
2204 316 2306 378 CP.

2412 317 2859 382 :tTiilAiiClLE
3887 320 3987 382 πει

730 425 822 485 tia.
880 420 997 479 αυιὶ
1060 421 1447 494 quantitatem,
1516 420 1880 496 restiumqus,
1968 426 2079 481 lmo
2129 414 2306 483 iorsan

2420 424 2623 502 καὶμὴ
2676 429 2752 494 ὡς
2800 429 3034 498 δυνατὴν
3076 429 3489 506 ἐπιτελεσθῆναι
3546 432 3798 503 λογίζου·
3863 437 3985 490 nia-ib

727 514 842 587 agri
877 522 1083 587 partem
1110 515 1381 587 aliquam;
1426 531 1491 572 ac
1522 515 1567 572 si
1594 527 1648 573 te
1678 519 1901 573 verterit
1930 516 2175 574 divinum
2210 534 2305 590 pa-

727 604 806 661 cis
831 602 1034 662 Christi
1068 604 1425 669 desiderium.
1455 606 1585 677 quid
1618 606 1751 664 velis
1784 615 1971 663 notum
1997 607 2082 664 {ac
2116 607 2299 665 nobis;

723 697 849 755 dico
872 712 996 769 ego,
1027 697 1098 754 illi
1141 702 1237 764 ml,
1289 712 1387 769 pro
1416 698 1564 754 omni
1601 699 1775 764 lurro,
1809 714 1904 768 pro
1930 699 2081 756 onmi
2132 700 2308 756 incre-

725 799 908 845 mento
943 805 1066 845 esse
1117 790 1405 859 sanguinis
1469 791 1791 846 eﬂusionetn
1842 806 2063 847 cessare
2122 793 2301 849 velle:

658 948 663 954 .
721 882 850 950 quid
875 881 1018 934 enim
1052 883 1181 936 tanti
1202 882 1342 951 apud
1363 882 1635 937 hominem
1673 882 2034 937 christianum
2063 895 2115 938 et
2136 884 2304 953 pium,

723 987 785 1026 ar
816 972 1103 1041 presertim
1165 975 1327 1027 talem
1381 973 1561 1043 qualis
1584 989 1645 1029 es
1681 982 1760 1037 tu,
1797 973 1868 1026 iiIi
1916 976 2010 1038 mi,
2055 990 2216 1043 quam
2252 974 2304 1029 id

722 1065 995 1129 obtinere,
1033 1080 1225 1133 nempe
1257 1066 1487 1120 caedium
1521 1067 1913 1130 cessationem,
1953 1067 2081 1122 belli
2116 1066 2305 1131 ﬁnem,

722 1154 1018 1210 Christiani
1069 1157 1351 1225 sanguinis
1401 1156 1686 1213 eiIttsionis
1746 1157 2027 1228 quietem?
2100 1155 2306 1211 Dentur

723 1257 905 1302 tamen
937 1258 1134 1317 praeter
1171 1249 1474 1305 maximum
1510 1249 1642 1304 illud
1678 1258 1731 1303 et
1767 1250 2196 1320 iucomparabile
2220 1250 2305 1305 lu-

723 1357 899 1397 crum.
936 1340 1038 1395 alia
1071 1341 1318 1411 quaedam
1353 1341 1696 1410 superaddita
1734 1340 1911 1403 lucra,
1953 1351 2012 1396 ut
2038 1341 2149 1411 jam
2169 1342 2304 1402 dixi.

720 1436 840 1489 auri
869 1434 1072 1489 scilicet
1115 1432 1347 1500 pondus.
1390 1440 1589 1494 vestes,
1623 1432 1734 1500 agri
1765 1445 1984 1501 quoque
2005 1430 2303 1501 {cujusdam

727 1528 895 1595 partis
954 1526 1279 1588 concessio,
1327 1539 1447 1591 qua:
1478 1522 1635 1578 vobis
1668 1522 1807 1576 forte
1853 1523 1999 1577 utilis
2040 1522 2164 1585 crit,
2208 1522 2303 1575 sed

724 1633 821 1671 tr-c
860 1616 1123 1671 Romanis
1154 1616 1823 1684 quidquamintolerahilis
1855 1614 2035 1669 damui
2070 1613 2290 1667 amaret“

718 1706 820 1768 Ne.
880 1708 950 1761 illi
1005 1709 1075 1760 mi
1107 1716 1158 1760 et
1194 1708 1273 1759 rir
1306 1706 1415 1767 Dei,
1442 1707 1506 1758 ad
1538 1706 1674 1757 hanc
1714 1720 1896 1772 pacem
1929 1718 2073 1758 verte
2095 1706 2301 1759 oculos.

2415 521 2526 592 γάρ
2585 520 2810 575 δυνατὸν
2867 520 3129 592 οὐμενοῦν
3176 520 3334 578 τοῦτο
3364 522 3649 594 γενέσθαι·
3687 525 3822 597 πρὸς
3848 525 3985 582 ἀλλα

2415 612 2472 667 δέ
2525 612 2793 684 μετάϐηθι
2827 613 3188 686 ἐξαιτήματα,
3215 615 3316 671 ὅσα
3362 615 3526 685 φύσιν
3565 617 3678 688 ιχει
3721 618 3782 673 τὸ
3811 620 3986 690 πέρας

2414 704 2743 774 λαμϐάνειν·
2803 698 2918 761 οἶόν
2954 724 3008 760 τι
3039 704 3199 776 λέγω,
3251 705 3452 779 χρυσοῦ
3503 709 3799 780 ποσότητα,
3856 711 3986 781 ίμα-

2413 795 2565 854 τίων.
2600 794 2760 866 τυχὸν
2788 795 2845 850 δέ
2892 796 2985 850 καὶ
3017 796 3117 864 γῆς
3141 812 3193 852 τι
3217 797 3400 869 μέρος.
3429 796 3671 863 Τούτων,
3699 800 3754 854 εί
3781 800 3863 862 τίς
3896 817 3983 855 σοι

2415 885 2559 949 θεῖος
2587 884 2843 955 λογισμὸς
2865 885 2964 956 τῆς
2986 885 3078 942 τοῦ
3107 887 3346 961 Χριστοῦ
3374 890 3596 961 είρήνης
3621 891 3987 962 ἐμπεριστρέ-

2415 993 2595 1045 (ρεται,
2635 976 2663 1030 δ
2697 976 2873 1047 βούλει
2898 977 3055 1049 δῆλον
3083 978 3427 1050 κατάστησον
3453 982 3608 1050 ήμτν.
3648 982 3788 1050 Ἐγὼ
3814 982 3987 1051 λέγω,

2417 1067 2606 1120 τέκνον
2642 1068 2795 1137 ἐμὸν,
2826 1066 2984 1121 τοῦτο
3012 1063 3149 1122 εἶναι
3176 1071 3295 1124 ἀντὶ
3322 1073 3524 1135 παντὸς
3551 1072 3797 1140 κέρδους,
3826 1074 3990 1128 τοῦτο

2414 1158 2534 1213 ἀντὶ
2582 1158 2764 1229 πάσης
2810 1161 3222 1232 προσκτήσεως,
3258 1162 3321 1217 τὸ
3374 1161 3700 1235 βουληθῆναι
3735 1166 3831 1229 τὰς
3874 1167 3993 1218 τῶν

2413 1248 2666 1317 αἱμάτων
2711 1249 3024 1303 ἀναστεῖλαι
3056 1249 3241 1321 χύσεις
3273 1267 3288 1284 ο
3329 1252 3383 1305 τί
3422 1254 3530 1323 γάρ
3559 1255 3798 1309 τοιοῦτον
3846 1258 3988 1327 πρὸς

2413 1337 2699 1409 ἄνθρωπον
2731 1337 3059 1409 Χριστιανὸν
3086 1341 3180 1393 καὶ
3210 1340 3456 1413 θεοφιλῆ,
3490 1345 3584 1397 καὶ
3616 1346 3848 1413 μάλιστα
3870 1341 3991 1411 οἷος

2414 1428 2479 1480 σὺ
2509 1427 2820 1497 τυγχάνεις,
2841 1426 3027 1481 τέκνον
3054 1428 3211 1498 ἐμόνς
3240 1428 3299 1482 τὸ
3323 1432 3780 1502 καταπράξασθαι
3800 1431 3986 1495 τοῦτο,

2414 1516 2508 1570 καὶ
2556 1516 2817 1587 κερδῆσαι
2871 1518 3152 1590 ἀνακοπὴν
3200 1519 3309 1573 τῶν
3366 1520 3612 1590 σφαγῶν,
3668 1522 3989 1577 ἀπόπαυσιν

2414 1607 2524 1660 τῶν
2553 1608 2829 1677 πολέμων,
2852 1606 3010 1677 λῆξιν
3033 1608 3242 1678 χύσεως
3270 1610 3523 1680 αἱμάτων
3563 1612 3989 1681 Χριστιανικῶν.

2419 1697 2564 1767 πλὴν
2619 1696 2759 1750 ἔστω
2794 1697 2930 1767 μετὰ
2963 1697 3056 1751 τοῦ
3108 1700 3346 1766 μεγάλου
3389 1699 3580 1753 τούτου
3624 1702 3847 1770 κέρδους
3894 1705 4001 1756 καὶ

722 1802 1020 1870 οςξίιιιιηιιι
1067 1810 1395 1864 transverte,
1444 1806 1498 1852 et
1538 1798 1658 1852 illas
1708 1798 1908 1866 linque.
1942 1798 2299 1865 cogitatioth

2412 1788 2737 1859 ἅσυγκρίτου
2766 1790 2862 1842 καὶ
2902 1789 3069 1859 κέρδη
3100 1790 3267 1859 ἔτερα
3311 1792 3737 1862 προσγινόμενα,
3773 1793 3802 1844 ὃ
3850 1793 3994 1860 φοε-

718 1908 837 1961 ψσιε
858 1899 921 1943 ait
957 1907 1141 1958 pacem
1176 1890 1399 1943 minime
1430 1898 1681 1960 prosunt,
1722 1890 1816 1943 sed
1861 1890 2040 1958 potius
2081 1887 2213 1941 bella
2245 1896 2298 1939 et

717 1985 893 2036 cie-"es
934 1985 1196 2035 excitant.

2410 1899 2507 1943 σας
2541 1878 2713 1945 εἷπον,
2748 1884 2972 1952 χρυσίου
3026 1884 3321 1952 ποσότητα,
3355 1884 3606 1952 ἱματίων,
3653 1884 3685 1954 ἢ
3732 1885 3824 1937 καὶ
3887 1885 3997 1950 γῆς

2407 1993 2553 2037 τινος
2589 1974 2790 2043 μέρους
2838 1974 3101 2037 ἐπίδοσις,
3135 1978 3233 2045 ὅση
3274 1977 3437 2046 τυχὸν
3468 1976 3668 2046 δυνατὴ
3722 1977 3809 2028 καὶ
3847 1976 3998 2044 ὑμᾶς

718 2078 971 2143 ὼρεὶεῖν,
1005 2079 1097 2130 καὶ
1141 2076 1438 2141 Ῥωμαίοις
1476 2074 1551 2144 μὴ
1594 2075 1797 2145 ζημίαν
1827 2074 2056 2140 ἐπάγειν
2089 2072 2381 2142 ἀφόρητον.
2419 2071 2546 2133 Ναὶ,
2611 2071 2801 2121 τέκνον
2850 2086 2952 2138 μου
3011 2072 3105 2122 καὶ
3190 2069 3446 2140 ἄνθρωπε
3476 2071 3568 2123 τοῦ
3636 2070 3794 2133 Θεοῦ,
3842 2070 3989 2139 πρὸς

718 2170 977 2236 τςιαύτην
1015 2167 1322 2236 ἀπόϐλεψον
1362 2169 1609 2237 εἰρήνην,
1665 2169 1799 2236 πρὸς
1828 2168 2087 2237 τοιαύτην
2158 2165 2392 2235 μετάθου
2437 2162 2686 2233 γνώμην,
2742 2164 2837 2217 καὶ
2907 2165 3047 2247 dare;
3077 2165 3323 2226 ἐκείνους
3397 2167 3522 2227 τοὺς
3586 2165 3901 2233 λογισμοὺς,
3936 2165 3996 2216 οἵ

723 2266 887 2340 μηδὲν
925 2261 1325 2332 συμϐάλλονται
1356 2260 1490 2328 πρὸς
1519 2260 1619 2329 τὴν
1646 2261 1893 2330 εἰρήνην,
1928 2260 2063 2312 ἀλλὰ
2096 2259 2298 2329 μᾶλλον
2338 2256 2643 2328 ἐρεθίζουσι
2676 2256 2799 2318 τοὺς
2830 2254 3101 2324 πολέμους
3131 2257 3225 2307 καὶ
3262 2256 3359 2317 τὰς
3396 2258 3632 2322 σφαγάς.

787 2353 1162 2407 Memerahaut
1215 2362 1318 2404 tua:
1376 2350 1568 2404 littera
1600 2350 1844 2402 omnium
1906 2366 2131 2404 causam
2180 2364 2306 2403 esse

717 2446 1001 2499 eunuchos
1033 2460 1052 2497 :
1083 2441 1430 2496 manifestum
1463 2452 1547 2494 est
1573 2450 1626 2495 et
1659 2442 1915 2495 omnibus
1945 2453 2156 2496 notum.
2198 2443 2305 2497 Sed

717 2534 847 2603 quid
881 2533 1061 2595 nobis,
1089 2532 1185 2593 lili,
1219 2548 1341 2585 cum
1382 2532 1684 2586 eunuchis?
1720 2532 1796 2585 llli
1822 2532 2037 2598 quidem
2076 2535 2309 2603 pessime

720 2627 1021 2679 sentientes
1080 2624 1551 2677 conturbarerunt
1583 2633 1636 2676 et
1683 2624 2058 2693 perdiderunt,
2102 2636 2161 2680 ut
2202 2625 2312 2679 Ro-

723 2729 1013 2767 manorum
1048 2728 1157 2785 ros,
1183 2713 1254 2765 ita
1280 2721 1338 2765 et
1372 2728 1719 2766 cmnmnncm
1771 2714 2118 2768 dilectionem
2177 2730 2313 2769 cori-

718 2806 1140 2871 seusiouemque
1194 2802 1562 2857 Romanorum
1622 2815 1676 2858 et
1735 2804 2131 2873 Bulgarorum;
2202 2822 2303 2861 nos

718 2906 899 2951 autem
971 2911 1081 2949 non
1131 2894 1210 2949 fas
1247 2905 1329 2949 est
1380 2911 1568 2950 eorum
1601 2898 1822 2951 malitiae
1876 2900 2303 2961 communicare,

730 2990 822 3042 sud
859 2987 1039 3056 potius
1074 3002 1196 3054 qua:
1226 3004 1325 3042 sua
1364 2988 1726 3055 imprudentia
1764 2991 2128 3057 perdiderunt,
2162 3001 2305 3044 luant

2495 2347 2870 2415 Ἐμνημὸνευε
2925 2347 2985 2399 τὸ
3015 2347 3249 2416 γράμμα
3279 2349 3374 2399 καὶ
3406 2346 3669 2417 περὶτῶν
3716 2348 3999 2416 stimo-31min

2413 2439 2488 2501 ὡς
2520 2439 2783 2508 ὲκεῖθενή
2831 2439 2939 2491 τῶν
2974 2439 3163 2493 κακῶν
3198 2440 3343 2491 αἰτία
3365 2457 3379 2470 ο
3419 2441 3513 2492 καὶ
3551 2441 3784 2509 φανερὸν
3810 2441 3995 2502 τοῦτο,

2415 2531 2511 2584 καὶ
2557 2531 2725 2582 πᾶσιν
2779 2529 3127 2598 ἐγνωσμένον
3155 2529 3481 2599 καθέστηκε.
3514 2531 3626 2582 Καὶ
3681 2531 3753 2595 τί,
3795 2532 3998 2582 τέκνον

2417 2637 2544 2688 μου,
2577 2620 2712 2690 πρὸς
2742 2621 2885 2690 ἡμᾶς
2918 2620 2987 2673 τά
3015 2620 3125 2671 τῶν
3154 2621 3459 2689 εὐνούχωνς
3497 2620 3724 2673 Ἐκεῖνοι
3761 2621 3859 2691 μὲν
3888 2639 3997 2673 κα-

2411 2712 2522 2775 κῶς
2547 2712 2953 2781 πεφρονηκότες
2977 2712 3349 2783 συνετάραξαν
3369 2714 3463 2766 καὶ
3480 2713 3763 2782 συνέχεάν,
3793 2712 3945 2766 ὥσπε
3955 2732 3992 2782 ρ

2409 2803 2478 2855 τὰ
2507 2803 2664 2855 κοινὰ
2707 2803 2992 2872 Ῥωμαίων
3024 2804 3347 2872 πράγματα,
3373 2803 3516 2856 οὕτω
3548 2806 3645 2856 καὶ
3671 2806 3768 2875 τὴν
3794 2808 3993 2873 κοινὴν

2413 2894 2637 2964 ἀγάπην
2688 2894 2784 2948 καὶ
2840 2895 3094 2966 ὁμόνοιαν
3143 2895 3431 2963 Ῥωμαίων
3479 2897 3573 2948 καὶ
3637 2895 3991 2965 Βουλγάρων.

2428 2987 2568 3040 Ἀλλ’
2594 2987 2656 3041 οὐ
2689 2986 2794 3056 χρὴ
2843 2986 3214 3056 κληρονόμους
3258 2989 3405 3055 ἡμᾶς
3440 2983 3580 3040 εἶναι
3610 2988 3711 3055 τῆς
3757 2988 3995 3040 ἐκείνων

718 3087 933 3147 oportet
960 3080 1302 3149 prudentiam
1328 3081 1807 3149 Rommorumque
1826 3084 2306 3136 considerationem

2417 3079 2637 3141 κακίας.
2677 3079 2880 3149 μᾶλλον
2930 3078 2986 3130 δὲ
3032 3078 3068 3132 ἃ.
3101 3078 3287 3141 κακῶς
3318 3078 3376 3144 ἐξ
3420 3080 3734 3148 ἀφροσύνης
3784 3080 3993 3130 ἐκείνοι

722 3182 1051 3225 restaurare.
1086 3171 1430 3225 lnsauicrunt
1469 3173 1586 3225 illi?
1635 3174 1775 3228 ahsit
1811 3184 1868 3226 ut
1913 3190 2102 3227 eorum
2135 3176 2315 3228 imite-

722 3277 847 3314 tuur
885 3261 1158 3314 insaniam
1196 3278 1211 3315 :
1250 3263 1451 3331 iniusta
1515 3264 1805 3317 adversum
1846 3276 1896 3319 te
1934 3267 2104 3320 moliti
2138 3277 2266 3321 sunt
2291 3275 2314 3320 ’ἵ

725 3368 833 3406 non
874 3362 925 3405 te
957 3353 1107 3414 latet,
1138 3353 1209 3406 liii
1241 3355 1337 3413 mi.
1370 3356 1644 3422 qumnodo
1670 3356 1721 3408 in
1746 3358 1921 3425 capita
1940 3373 2128 3411 eorum
2155 3373 2312 3413 versa

722 3445 793 3497 sit
821 3442 911 3497 illa
936 3445 1176 3509 malitia;
1217 3444 1304 3498 Dei
1326 3446 1529 3514 judicio
1553 3446 1628 3500 sis
1646 3456 1957 3509 contentus,
1993 3457 2046 3501 et
2065 3464 2224 3517 quam
2260 3450 2311 3503 in

731 3551 827 3599 eos
883 3550 1098 3603 paruam
1138 3536 1280 3588 Deus
1317 3538 1633 3602 portaverit,
1668 3546 1723 3590 tu
1754 3539 2033 3600 admittas.
2065 3557 2164 3595 nec
2194 3557 2314 3609 per-

721 3641 943 3680 severes
977 3627 1030 3679 itt
1065 3629 1444 3682 contristando
1474 3630 1543 3683 ob
1582 3646 1772 3683 eorum
1821 3632 2153 3687 dementiam
2193 3645 2309 3704 aut,

720 3719 764 3772 si
804 3716 905 3780 vis,
940 3718 1232 3780 insaniam,
1258 3733 1379 3770 eum
1410 3722 1500 3787 qui
1534 3728 1583 3773 te
1611 3722 1754 3775 ultus
1802 3732 1885 3776 est
1915 3742 1930 3784 :
1957 3733 2050 3776 aut
2085 3740 2188 3777 non
2216 3740 2315 3793 pu-

725 3827 833 3876 ιτις,
869 3812 939 3864 lili
978 3811 1072 3876 mi,
1132 3812 1415 3866 Christum
1468 3815 1637 3868 Deum
1700 3826 1944 3869 nostrum
2002 3819 2311 3873 contristari

723 3914 870 3957 tanta
903 3914 1084 3972 strage
1114 3906 1402 3971 peculiaris
1425 3906 1542 3974 ejus
1568 3907 1774 3976 populi,
1812 3908 2143 3964 haereditatis
2166 3911 2310 3979 ejus,

727 3993 1172 4047 Christianorum
1204 3995 1399 4061 gentis,
1438 3996 1580 4061 ilico,
1621 3995 1989 4051 lionnanorutn
2024 4000 2233 4055 srilicei
2260 4011 2313 4056 et

726 4085 1133 4154 liulgarorum?
1176 4095 1270 4141 aut
1319 4103 1426 4141 non
1474 4088 1758 4143 arbitraris
1794 4088 1974 4159 lugere
2020 4090 2309 4160 benignum

726 4176 897 4231 Deum
935 4192 1099 4247 supcr
1122 4187 1271 4232 tanta
1309 4179 1592 4233 hominum
1622 4179 2012 4245 destructione,
2068 4191 2147 4236 tot
2174 4184 2310 4238 civi-

724 4281 920 4331 tatum,
969 4278 1047 4322 tot
1079 4270 1461 4331 ecclesiarum,
1525 4280 1604 4323 tot
1636 4275 2106 4334 monasteriorum,
2132 4276 2311 4342 |super

2415 3171 2693 3240 διέθηκαν,
2726 3169 2901 3222 ταῦτα
2930 3170 3030 3238 τήν
3073 3186 3133 3221 τε
3162 3168 3262 3240 σὴν
3293 3172 3577 3239 φρόνησιν,
3618 3171 3712 3221 καὶ
3748 3168 3845 3237 τὴν
3877 3170 3998 3222 τῶν

2428 3264 2715 3330 Ῥωμαίων
2780 3263 3065 3329 διάσκεψιν
3116 3260 3538 3330 διορθώσασθαι.
3610 3260 3998 3330 Ἐξεμάνησαν

2417 3357 2614 3408 ἐκεῖνοι
2642 3371 2656 3417 ;
2689 3356 2780 3424 Μὴ
2824 3356 3035 3421 γένοιτο
3066 3354 3163 3423 τὴν
3195 3353 3419 3406 ἐκείνων
3454 3354 3651 3422 μανίαν
3700 3353 3997 3422 μιμεῖσθαι

2416 3449 2584 3517 ἡμᾶς.
2617 3447 2812 3499 ’Λδικα
2872 3448 3068 3498 ἐκεῖνοι
3109 3443 3248 3497 κατὰ
3296 3444 3390 3497 σοῦ
3442 3445 3815 3514 ἐμελέτησαν;
3870 3443 4004 3499 Οικ

2415 3542 2649 3605 ἀγνοεῖς,
2692 3540 2881 3591 τέκνον
2904 3537 3083 3606 ἡμῶν,
3120 3540 3195 3600 ὡς
3220 3538 3466 3607 ἐστράφη
3496 3538 3577 3597 είς
3618 3537 3860 3603 κεφαλὴν
3895 3538 4004 3587 αῦ-

2414 3631 2586 3701 τῶνή
2635 3630 2816 3684 ἀδικία
2859 3629 3059 3683 αὐτῶν.
3104 3630 3428 3702 Ἀρκέσθητι
3456 3631 3523 3697 τῇ
3557 3628 3650 3680 τοῦ
3695 3627 3831 3680 Θεοῦ
3867 3630 4002 3697 κρί-

2418 3739 2523 3784 σει,
2558 3725 2651 3775 καὶ
2690 3719 2944 3784 ἀπόδεξαι
2978 3719 3075 3790 τὴν
3113 3718 3416 3785 ἐκδίκησιν,
3446 3719 3511 3790 ήν
3541 3720 3569 3771 ὁ
3597 3718 3731 3779 Θεὸς
3772 3717 3861 3769 ἐπ’
3894 3719 4003 3770 αῦ-

2414 3815 2541 3877 τοῦς
2581 3812 2987 3883 κατεπράξατο,
3019 3811 3112 3864 καὶ
3142 3812 3218 3881 μὴ
3241 3810 3505 3880 ἐπιμένῃς
3527 3809 3613 3862 διά
3633 3810 3731 3879 τὴν
3761 3810 4000 3861 ἐκείνων

2414 3907 2601 3961 ἄνοιαν
2636 3906 2667 3975 ἢ
2709 3906 2925 3975 μανίαν,
2961 3907 3008 3957 εί
3045 3903 3243 3973 βούλει,
3273 3902 3365 3956 τὸν
3401 3901 3762 3973 ἐκδικήσαντά
3794 3916 3852 3954 σε
3883 3916 3969 3953 πα.

2416 3999 2771 4073 ραλυπῶν.Ἢ
2793 3998 2853 4052 οὐ
2881 3997 3141 4066 νομίζεις.
3177 3996 3366 4049 τέκνον
3401 3994 3578 4065 ήμῶν,
3604 3993 3961 4064 παραλυπεῖν
3983 4023 3997 4035 -

2412 4093 2503 4147 τὸν
2519 4092 2756 4162 Χριστὸν
2772 4091 2864 4144 καὶ
2884 4090 3015 4143 Θεὸν
3036 4087 3192 4158 ἡμῶν
3209 4088 3464 4143 τοσούτου
3484 4088 3645 4155 φονου
3670 4086 3979 4157 ἐνεργηθέν

2412 4202 2503 4247 τος
2532 4184 2627 4237 τοῦ
2653 4182 2964 4252 περιουσίου
2995 4180 3159 4235 αὐτοῦ
3189 4180 3341 4241 λαοῦ,
3366 4181 3464 4249 τῆς
3493 4178 3855 4247 κληρονομίας
3889 4179 4002 4231 αὺ-

2411 4277 2526 4339 τοῦ,
2552 4277 2646 4329 τοῦ
2670 4275 3008 4346 Χριστιανῶν
3030 4273 3172 4341 λέγω
3195 4274 3381 4339 γένους
3411 4273 3504 4324 τοῦ
3530 4290 3586 4324 τε
3610 4273 4002 4339 Βουλγαρικοῦ

723 4362 962 4415 muniunt
1028 4363 1258 4414 istorum
1320 4363 1517 4414 ruina?
1546 4360 1703 4415 Certe
1751 4363 1887 4426 scio,
1925 4364 1996 4416 iiii
2031 4365 2125 4427 mi,
2175 4365 2306 4419 nihil

2415 4372 2508 4422 καὶ
2534 4367 2842 4436 Ῥωμαϊκοῦ
2866 4382 2879 4429 ;
2908 4366 2939 4435 ἢ
2974 4367 3034 4418 οὐ
3058 4364 3245 4436 λογίζῃ
3269 4365 3455 4431 ἀλγεῖν
3485 4366 3574 4417 τὸν
3603 4365 4004 4431 φιλάνθρωπον

725 4456 954 4507 istorum
993 4461 1042 4507 te
1075 4455 1276 4519 latere;
1339 4455 1543 4521 Optime
1590 4455 1751 4521 igitur
1792 4472 1943 4525 ages,
1991 4455 2193 4511 Christi
2256 4466 2309 4511 et.

725 4548 817 4600 hci
877 4551 1051 4601 nostri
1102 4549 1485 4611 ittlitationem,
1537 4560 1595 4603 ut
1630 4552 1681 4601 in
1714 4552 1821 4605 tuis
1866 4554 2308 4607 commemorasti

725 4641 941 4704 litteris,
983 4657 1093 4709 pra:
1118 4651 1167 4693 te
1220 4639 1401 4694 [οτι-ηε
1431 4642 1516 4695 hic
1545 4643 1707 4695 etiam
1748 4658 1776 4696 a
1812 4654 1862 4696 tc
1894 4645 1945 4696 in
1979 4645 2307 4700 houorcha-

723 4734 911 4797 llitam,
959 4744 1007 4787 et
1068 4734 1340 4786 olnirione
1370 4737 1686 4803 opprimcns
1734 4736 1997 4806 quidquid
2031 4740 2098 4792 ab
2126 4754 2306 4793 eumt-

720 4827 839 4877 etiis
884 4824 1054 4877 fueris
1112 4828 1467 4880 contristatus
1540 4827 1619 4881 Ad
1671 4830 1900 4898 teipsum
1952 4831 2087 4893 redi,
2132 4842 2186 4885 et
2218 4832 2304 4886 lad

726 4928 871 4971 tuam
910 4919 1383 4971 mansuetudinem
1436 4920 1823 4988 pacilicamque
1872 4922 2301 4991 dispositionem,

722 5023 775 5063 et
812 5012 864 5062 in
900 5011 1100 5063 luctum
1134 4995 1337 5065 neiatrio
1366 5012 1599 5065 daemonii
1624 5024 1805 5068 vertas
1836 5030 1995 5083 quam
2028 5031 2057 5068 a
2098 5014 2304 5069 Roma-

723 5118 919 5155 norum
990 5102 1455 5171 Bulgarorumqtte
1512 5106 1920 5158 calamitatibus
1966 5107 2203 5160 laatitiam
2254 5120 2309 5161 et

722 5197 1138 5249 exsultationem
1171 5196 1443 5263 sumpsit;
1478 5195 1871 5249 cessetbellum
1901 5197 2156 5251 adversus
2190 5196 2303 5250 ira-

725 5300 833 5341 tres
863 5297 912 5339 ct
940 5300 1217 5355 parentes.

2411 4460 2506 4513 ἐπὶ
2530 4462 2593 4528 τῇ
2618 4459 2855 4527 τοσαύτῃ
2884 4459 2992 4509 τῶν
3020 4457 3325 4525 ἀνθρώπων
3343 4458 3571 4527 ἐρημίᾳ,
3593 4458 3684 4509 ἐπὶ
3709 4457 4002 4510 τοσούτων

2408 4551 2636 4612 πόλεων,
2683 4554 2776 4602 ἐπὶ
2815 4550 2891 4617 τῷ
2915 4550 3105 4618 πλήθει
3128 4550 3235 4601 τῶν
3266 4550 3593 4615 ἐκκλησιῶν,
3626 4551 3719 4601 ἐπὶ
3744 4548 3819 4617 τῷ
3848 4550 4003 4618 πλή-

2405 4645 2484 4696 θει
2520 4643 2626 4694 τῶν
2652 4642 3045 4712 μοναστηρίων,
3075 4643 3167 4692 ἐπὶ
3190 4640 3267 4708 τῷ
3302 4641 3518 4692 πάντων
3546 4640 3751 4692 τούτων
3785 4644 3959 4706 ἀφανι
3980 4671 4003 4687 .

2407 4733 2525 4803 σμῷ
2550 4752 2565 4797 ;
2592 4734 2695 4785 Ναὶ
2716 4728 2850 4796 οἶδα,
2874 4733 3064 4784 τέκνον
3091 4732 3240 4799 ἐμὸν,
3268 4730 3342 4790 ὡς
3367 4730 3519 4782 οὐδέν
3550 4746 3609 4781 σε
3638 4729 4003 4785 διαλανθάνει

2407 4826 2613 4878 τούτων
2633 4844 2647 4856 ·
2678 4826 2854 4886 καλῶς
2886 4825 2979 4877 οῦν
3019 4824 3187 4875 ποιῶν
3216 4825 3307 4874 καὶ
3336 4825 3475 4891 ὅπερ
3514 4823 3570 4874 ἐν
3593 4822 3671 4889 τῷ
3700 4822 3775 4890 σῷ
3801 4822 4004 4892 γράμ-

2414 4935 2542 4987 ματι
2593 4916 3119 4986 ἀπεμνημόνευσας,
3172 4913 3271 4984 τὴν
3318 4914 3552 4983 μίμησιν
3596 4913 3689 4967 τοῦ
3743 4914 4005 4983 Χριστοῦ

2406 5013 2498 5063 καὶ
2533 5010 2666 5063 Θεοῦ
2698 5009 2857 5077 ἡμῶν
2883 5008 3057 5073 δεῖξον
3089 5008 3181 5060 καὶ
3214 5007 3449 5059 ἐνταῦθα
3492 5005 3644 5075 παρά
3676 5005 3768 5058 σοῦ
3800 5024 3998 5074 τιμω-

2408 5104 2596 5175 μένην,
2630 5104 2726 5156 καὶ
2757 5102 2910 5170 ρίψον
2941 5103 3021 5163 εἰς
3048 5100 3220 5169 λήθην
3254 5102 3352 5152 ὅσα
3382 5103 3531 5170 παρὰ
3558 5099 3667 5151 τῶν
3700 5098 3994 5167 εὐνούχων

2402 5194 2727 5261 λελύπησαι,
2760 5197 2855 5244 καὶ
2877 5192 3036 5260 γενοῦ
3069 5191 3296 5243 σεαυτοῦ
3324 5194 3413 5243 καὶ
3436 5191 3536 5257 τῆς
3568 5190 3704 5252 ἰδίας
3737 5191 4004 5259 πραότη-

2402 5304 2491 5349 τος
2528 5287 2619 5339 καὶ
2644 5288 2740 5354 τῆς
2770 5286 3052 5354 εἰρηνικῆς
3073 5286 3482 5351 καταστάσεως,
3513 5285 3604 5335 καὶ
3638 5282 3869 5350 στρέκζιον
3900 5287 3999 5346 εἰς

3477 5380 3495 5405 ε

721 5379 916 5443 πένθος
977 5380 1054 5449 τῷ
1107 5381 1329 5450 πονηρῷ
1374 5380 1613 5442 δαίμονι,
1648 5380 1747 5433 ὃσα
1809 5381 1930 5440 ταῖς
1990 5382 2197 5441 γοιναῖς
2249 5380 2561 5448 δυστυχίαις
2603 5379 2893 5447 Ῥωμαίων
2951 5379 3043 5429 καὶ
3102 5377 3426 5447 Βουλγάρων
3475 5373 3824 5443 ὲπευτρςάνθη
3885 5393 4000 5449 καὶ

720 5474 1069 5542 ἐξωρχήσατο
1092 5490 1105 5504 ·
1134 5473 1430 5527 παυσάσθω
1467 5474 1578 5525 τῶν
1604 5474 1784 5527 ὅπλων
1816 5474 1850 5545 ή
1889 5476 2101 5542 κίνησις
2141 5475 2278 5526 κατὰ
2302 5474 2406 5526 τῶν
2446 5475 2685 5542 ἀδελφῶν
2716 5475 2809 5526 καὶ
2844 5474 3113 5542 πατέρων.

794 5565 849 5616 δί
906 5580 1011 5631 qua
1056 5564 1151 5619 tibi
1190 5566 1424 5634 desuper
1452 5575 1506 5618 et
1538 5582 1567 5617 a
1600 5566 1818 5619 Christo
1854 5573 1907 5619 et
1947 5567 2053 5619 Deo
2106 5576 2295 5619 nostro

720 5656 945 5728 paciﬂco
993 5668 1047 5714 et
1085 5658 1383 5714 intincihili
1422 5659 1672 5716 voluntas
1712 5668 1764 5713 et
1800 5657 2085 5714 consilium
2122 5660 2293 5729 pacis,

2473 5568 2644 5627 Εττις
2678 5565 2774 5618 οὖν
2817 5565 2930 5617 ἔστι
2973 5582 3054 5617 σοι
3092 5563 3349 5633 λογισμὸς
3381 5563 3563 5615 θεόθεν
3590 5562 3679 5613 καὶ
3716 5562 3993 5629 φρονημῑ

2401 5655 2494 5707 τοῦ
2522 5654 2761 5726 Χριστοῦ
2794 5654 2889 5706 καὶ
2917 5653 3053 5707 Θεοῦ
3078 5654 3237 5724 ἡμῶν
3268 5653 3361 5705 τοῦ
3394 5652 3667 5724 εἰρηνικοῦ
3704 5650 3799 5702 κλὶ
3828 5651 3990 5719 illa.“
