4158 6430
788 364 879 427 lili

778 680 1113 741 eventusque
1144 673 1335 739 ignari,
1369 683 1545 729 tamen
1577 691 1677 747 pro
1715 694 1947 748 superna
1979 684 2224 738 mercede
2255 700 2351 737 cu-

777 763 1019 818 currisse
1055 774 1107 818 et
1134 765 1435 821 laborasse.

843 1045 995 1102 Illam
1053 1050 1492 1107 exhortationem
1532 1067 1676 1118 amo,
1717 1055 1789 1110 lili
1833 1058 1902 1110 mi
1951 1059 2347 1117 dilectissime:

774 1141 843 1197 iis
875 1141 1021 1194 enim
1078 1157 1198 1209 qua:
1250 1142 1408 1200 dicis.
1444 1146 1725 1201 confiteris
1774 1150 1917 1217 quod
1960 1166 2059 1203 nos
2110 1168 2347 1220 quoque,

772 1248 957 1284 eorum
993 1230 1188 1293 instar,
1234 1233 1536 1287 secundum
1580 1236 1670 1289 Dei
1716 1238 2045 1290 voluntatem
2103 1239 2350 1293 laborare

770 1324 1054 1392 cupimus;
1090 1326 1366 1394 quomodo
1427 1342 1658 1395 namque
1713 1329 1870 1382 aliter
1922 1330 2141 1383 dabitur
2189 1333 2347 1387 nobis

772 1431 1003 1480 merces,
1036 1418 1137 1470 nisi
1195 1418 1493 1469 secundum
1537 1416 1626 1472 Dei
1683 1419 2014 1474 voluntatem
2062 1435 2349 1490 susceptus

772 1510 840 1562 sit
872 1511 1028 1563 labor
1048 1510 1274 1563 uoster?
1306 1512 1769 1579 quemadmodum
1802 1514 1946 1567 enim
1975 1530 2161 1569 eorum
2195 1517 2350 1570 labor

777 1600 886 1653 Deo
924 1603 1172 1668 placebat
1208 1601 1329 1655 ideo
1362 1603 1506 1671 quod
1538 1603 1836 1657 secundmn
1862 1604 1983 1673 ejus
2011 1607 2345 1660 voluntatem

767 1692 1099 1754 laborarent,
1128 1692 1543 1760 mercedemque
1562 1694 1629 1744 ab
1658 1709 1723 1745 eo
1755 1704 2098 1761 receperunt,
2128 1696 2201 1746 ita
2224 1710 2345 1746 om-

768 1784 898 1838 uiuo
927 1794 979 1838 et
1017 1794 1200 1837 uoster
1231 1785 1403 1846 labor,
1441 1782 1486 1835 si
1516 1793 1734 1851 propter
1760 1782 1907 1835 illum
1948 1798 1978 1836 a
2012 1782 2346 1838 Deomerce-

1910 378 2215 445 NICOLAI
2251 387 2359 450 (ΞΡ.
2398 384 2906 459 PATRIARCIL'E

780 500 877 537 nos
899 482 1131 539 adt-oras
1170 495 1223 540 et
1259 486 1324 541 ad
1356 488 1765 557 suscipiendum
1804 492 1904 545 iter
1927 497 2172 551 excitas!
2209 502 2341 556 tiiCii

2453 505 2625 558 ταῦτα
2684 510 2921 565 λάϐωσιν
2946 530 2960 544 ·

775 579 922 630 enim
995 581 1291 649 apostolos.
1358 584 1607 651 quamvis
1659 601 1756 655 pro
1804 588 2026 643 incertis
2065 606 2353 648 curro-rent

3934 418 4037 480 ΜΞ

3014 514 3147 566 ἀλλὰ
3205 516 3296 566 καὶ
3348 521 3374 569 ὀ
3421 518 3576 588 λόγος
3622 522 3737 593 μεθ’
3769 518 3829 577 οὗ
3879 532 4034 596 ἡμᾶς

2456 598 2760 666 προσκαλῇ,
2796 602 2891 653 καὶ
2923 603 3056 672 πρὸς
3119 605 3217 674 τὴν
3260 606 3378 658 ὁδὸν
3427 616 3734 683 παρορμᾷς,
3784 614 3856 678 ὡς
3893 617 4034 672 θαυ-

2456 690 2655 757 μαστὸς
2686 689 2781 741 καὶ
2811 690 2932 744 λίαν
2975 697 3301 758 ἐπαινετόςί
3340 698 3533 765 Λέγεις
3566 706 3677 774 γὰρ
3703 706 3774 766 ὼς
3806 707 3853 757 oi
3885 709 4028 761 ἀπὸ-

2454 778 2658 842 στολοι,
2691 782 2981 851 τρέχοντες
3037 786 3125 835 ἐπ’
3156 788 3392 857 ἀδήλοις,
3428 790 3522 857 καὶ
3549 792 3609 842 τὸ
3652 797 4030 867 ἐκϐησόμενον

2448 871 2551 925 οὐκ
2614 875 2836 936 εἰδότες,
2894 877 3043 948 ὅμως
3081 880 3305 950 ἔτρεχον
3344 882 3435 934 καὶ
3482 884 3723 937 ἐκοπίων
3774 890 3860 942 διὰ
3919 891 4028 959 τὴν

2450 962 2659 1017 ἄνωθεν
2704 966 3153 1036 μισθαποδοσίαν.

2532 1056 2758 1122 Ἀγαπῶ
2782 1062 2883 1129 τὴν
2920 1058 3267 1130 παραίνεσιν,
3326 1066 3521 1120 τέκνον
3561 1086 3661 1137 μου
3694 1071 3980 1141 ἀγαπητόν
4004 1087 4025 1105 ⁸

2451 1147 2545 1198 καὶ
2573 1147 2683 1216 γὰρ
2719 1148 2779 1211 ἐξ
2814 1144 2890 1202 ὢν
2956 1151 3133 1217 λέγεις
3187 1156 3592 1224 συνομολογεῑς,
3627 1160 3705 1212 ὅτι
3730 1159 3825 1212 καὶ
3859 1162 4031 1230 ἡμεῖς

2453 1239 2595 1290 κατά
2626 1237 2882 1308 βούλησιν
2918 1240 3076 1305 Θεοῦ,
3108 1242 3297 1314 ῶσπερ
3334 1246 3555 1315 ἐκεῖνοι,
3587 1251 4031 1322 προθυμούμεθα

2450 1332 2672 1398 κοπιᾷν.
2703 1330 2827 1389 Πῶς
2851 1332 2961 1399 γὰρ
2988 1332 3161 1396 ἄλλως
3195 1336 3549 1389 ἀποκείσεται
3579 1344 3709 1411 ἡμῖν
3733 1346 3760 1396 6
3800 1343 4025 1413 μισθὸς.

2449 1424 2499 1475 εἰ
2538 1422 2613 1493 μὴ
2645 1422 2789 1474 κατά
2829 1422 2965 1474 Θεοῦ
3003 1424 3262 1497 βούλησιν
3304 1430 3331 1480 6
3382 1432 3551 1492 κόπος
3581 1433 3771 1498 ἡμῶνς
3804 1437 4027 1502 Ὠσπερ

2450 1513 2560 1583 γάρ
2594 1514 2824 1575 ἐκείνοις
2875 1509 2943 1583 ἦν
2997 1517 3024 1566 6
3057 1516 3224 1578 κόπος
3249 1520 3499 1587 ἀρέσκων
3541 1520 3678 1589 Θεῷ,
3709 1525 3842 1578 διότι
3878 1544 4032 1577 κατι

2448 1606 2742 1674 τὸηθέλημα
2767 1606 2958 1658 τούτου
2994 1608 3251 1672 ἐκοπίων,
3284 1611 3376 1661 καὶ
3405 1613 3533 1681 παρ’
3567 1613 3736 1665 αὑτοῦ
3766 1616 3985 1684 ἐλάμεα

2447 1710 2538 1747 νον
2563 1696 2654 1745 τὸν
2685 1696 2903 1776 μισθόν·
2928 1697 3073 1751 οὕτω
3103 1701 3320 1763 πάντως
3358 1702 3452 1754 καὶ
3483 1705 3511 1754 6
3546 1706 3804 1777 ἡμέτερος
3830 1711 4031 1767 κόποε.

2449 1787 2497 1836 εἰ
2552 1785 2745 1854 μισθὸν
2800 1786 2943 1854 ὑπὲρ
2996 1788 3161 1839 αὑτοῦ
3238 1790 3593 1863 λαμὸἀνομεν
3648 1800 3797 1868 παρά
3842 1798 4031 1859 Θεοῦ,

767 1877 889 1929 dem
946 1875 1309 1943 accipiemus,
1362 1874 1439 1927 uti
1483 1874 1759 1942 sapienter
1787 1872 1997 1935 fateris.
2043 1879 2341 1930 secundum

2448 1878 2630 1941 καθὼς
2664 1874 2721 1931 εὖ
2755 1880 2971 1948 φρονῶν
3002 1851 3771 1955 ὀμο).ογεῖς,.κατὰυβούλησίν
3810 1851 4036 1957 γίνεται

768 1965 859 2019 Dei
916 1964 1251 2018 voluntatem
1300 1966 1601 2033 suscipitur
1648 1982 1662 2018 :
1713 1981 1892 2018 annon
1927 1982 2057 2035 ergo
2098 1979 2342 2021 nostrum

766 2055 1250 2112 rererisJaborcm
1298 2072 1455 2124 quem
1490 2056 1631 2109 Deus
1652 2057 1865 2124 probat,
1918 2057 2010 2125 qui
2042 2059 2342 2111 sccundmu

766 2149 915 2202 illius
970 2147 1304 2199 voluntatem
1365 2146 1709 2213 suscipitur?
1748 2146 2055 2211 Quomodo,
2112 2149 2215 2202 nisi
2271 2149 2343 2202 ita

764 2250 932 2304 esset,
971 2238 1278 2292 mercedem
1321 2253 1422 2307 pro
1457 2254 1522 2291 eo
1557 2239 1844 2293 redderet?
1876 2256 1981 2293 non
2040 2246 2238 2307 probas
2269 2250 2342 2303 te-,

765 2348 885 2394 nec.
944 2341 1003 2384 ut
1035 2331 1212 2392 decet,
1252 2331 1510 2395 ltouoras,
1562 2347 1660 2383 nec
1689 2346 1786 2398 pro
1819 2331 2097 2385 laboribus
2154 2346 2339 2399 pacem

762 2421 1040 2486 concedis,
1075 2420 1172 2475 sed
1219 2419 1416 2473 frustra
1448 2421 1772 2487 delatigatos
1807 2436 1906 2473 nos
1927 2421 2155 2474 dimittis
2186 2438 2199 2486 ;
2247 2420 2338 2475 sed

763 2512 1045 2580 quomodo
1079 2509 1160 2562 fas
1192 2518 1277 2561 est
1323 2509 1489 2561 Deum
1531 2509 1764 2581 probare
1812 2518 2058 2563 nostrum
2103 2510 2340 2562 laborem

761 2613 815 2657 ct
852 2620 948 2673 pro
972 2618 1036 2656 eo
1080 2604 1388 2656 mercedem
1430 2602 1481 2654 in
1515 2616 1613 2654 sua
1662 2602 1931 2653 cbaritate
1984 2604 2234 2665 reddere,
2290 2613 2342 2658 te

762 2710 973 2757 autem.
1013 2699 1085 2751 lili
1131 2698 1226 2759 mi,
1278 2697 1369 2765 qui
1433 2695 1554 2763 pius
1602 2710 1685 2758 es,
1738 2691 1830 2747 Dei
1894 2694 2160 2748 voluntati
2231 2712 2338 2749 non

763 2792 1117 2853 concordare,
1167 2789 1259 2841 sed
1296 2785 1569 2840 contraria
1605 2785 1846 2839 sentire?
1881 2784 1945 2838 Et
1978 2803 2136 2855 quem
2190 2787 2340 2840 labo-

763 2897 900 2943 rem.
948 2891 1136 2950 utpote
1167 2894 1266 2949 pro
1303 2893 1362 2932 se
1403 2886 1740 2945 susceptum,
1783 2882 1902 2931 sine
1938 2880 2187 2931 mercede
2228 2894 2338 2932 non

764 2974 1026 3042 relinquit
1070 2984 1121 3026 te
1176 2982 1429 3039 tauquam
1489 2970 1650 3023 vilem
1694 2970 1978 3038 despicere
2028 2979 2083 3024 et
2135 2972 2340 3024 nullius

762 3066 924 3136 pretii
978 3062 1226 3118 habere?
1278 3061 1577 3116 Considera
1637 3070 1818 3112 utrum
1880 3060 1979 3129 pia!
2023 3063 2222 3114 mentis
2269 3062 2340 3112 sit

762 3157 1014 3224 dignum,
1048 3165 1225 3207 tttrum
1264 3168 1371 3205 non
1410 3151 1628 3205 aliumle
1667 3152 1892 3204 veniens
1932 3166 2094 3219 quam
2123 3168 2185 3205 ex
2215 3166 2338 3204 vere

765 3247 1013 3315 prudenti
1056 3260 1217 3298 sensu
1279 3253 1421 3295 tuo:
1490 3241 1676 3294 dixisti
1736 3256 1993 3310 namque.
2042 3251 2097 3294 et
2138 3246 2340 3310 optime

761 3337 968 3399 dixisti,
1005 3335 1267 3405 apostolis
1305 3334 1678 3386 laborantibus
1724 3346 1752 3383 ο
1784 3331 1894 3384 Deo
1923 3333 2183 3385 redditam
2221 3348 2342 3385 esse

764 3444 1091 3491 literCetlent,
1124 3428 1249 3482 lict-t
1271 3442 1364 3480 eos
1398 3425 1723 3495 persuadere
1761 3426 2086 3492 quandoque
2109 3441 2215 3477 non
2248 3440 2341 3492 po-

766 3527 966 3580 tuerint
1017 3524 1083 3576 ad
1119 3537 1256 3589 quos
1287 3521 1457 3574 ibant.

833 3710 1065 3777 Quinam
1091 3716 1271 3759 autem
1306 3704 1680 3757 inobedientes
1710 3702 1930 3765 fuerint,
1978 3704 2135 3755 nobis
2177 3703 2338 3754 etiam

763 3800 852 3854 dic
890 3816 903 3852 :
938 3812 1127 3850 onutes
1165 3811 1296 3850 sane
1319 3795 1465 3847 dices
1488 3794 1804 3861 quicunque
1839 3807 1944 3844 non
1969 3794 2213 3845 sciebant
2254 3809 2340 3845 sc-

765 3892 1001 3945 rundum
1032 3889 1123 3943 llei
1156 3888 1485 3940 voluntatem
1509 3902 1631 3939 esse
1682 3887 2052 3953 apostolorum
2104 3885 2339 3946 labores.

765 4001 862 4039 nec
891 3999 987 4038 eos
1020 3983 1267 4037 mercede
1297 3981 1491 4049 dignos
1523 3978 1814 4042 habebant,
1849 3977 1940 4031 sed
1981 3977 2154 4045 magis
2185 3991 2339 4044 pugna

763 4087 818 4131 et
849 4075 1154 4145 supplicio;
1193 4073 1426 4141 ideoque
1459 4085 1553 4123 eos
1579 4069 2041 4138 persequebantur
2084 4077 2136 4120 et
2170 4067 2340 4118 casti-

763 4170 965 4239 gabant
997 4185 1011 4221 :
1045 4168 1137 4235 qui
1176 4176 1355 4218 autem
1384 4162 1581 4216 fatetur
1616 4161 1922 4215 mercedem
1971 4175 2070 4212 nos
2099 4174 2219 4212 esse
2250 4173 2340 4211 ac-

762 4273 1037 4331 cepturos,
1096 4260 1386 4312 confitetur
1434 4255 1584 4322 prius
1632 4262 1849 4305 nostros
1892 4266 1921 4302 a
1976 4249 2085 4301 Deo
2123 4248 2338 4317 probari

766 4355 979 4407 labores
1002 4366 1177 4418 eaque
1210 4349 1278 4401 de
1301 4362 1465 4399 causa
1494 4345 1641 4399 reddi
1680 4346 2014 4404 mercedem;
2046 4350 2099 4393 et
2118 4341 2337 4407 quidem

765 4443 908 4497 Deus
962 4450 1181 4494 nostras
1226 4440 1417 4507 probat
1465 4436 1809 4507 fatigationes
1855 4442 1907 4485 et
1946 4432 2094 4500 justo
2133 4429 2339 4498 judicio

2448 1970 2605 2023 Θεοῦ.
2667 1968 2802 2023 Εἶτα
2839 1973 2899 2023 οῦ
2946 1972 3085 2042 φοϐῇ
3129 1974 3219 2025 τὸν
3276 1977 3444 2027 κόπον
3495 1975 3677 2046 ἡμῶν,
3719 1978 3778 2030 ὃν
3822 1982 3850 2031 6
3887 1982 4037 2041 85?;

2445 2063 2791 2134 ἀποδέχεται,
2819 2064 2895 2127 ὡς
2923 2065 3067 2117 κατά
3103 2067 3165 2117 τὸ
3220 2067 3387 2119 αὐτοῦ
3432 2070 3717 2138 γινόμενον
3772 2070 3989 2138 θέλημα
4020 2090 4037 2131 ;

2447 2158 2564 2220 πῶς
2599 2160 2707 2226 γὰρ
2746 2158 2833 2219 ἂν,
2860 2160 2908 2210 εί
2952 2160 3026 2226 μὴ
3055 2157 3211 2211 τοῦτο
3259 2155 3347 2230 ἦν,
3380 2161 3471 2212 τὸν
3494 2162 3633 2231 ὑπὲρ
3656 2163 3819 2214 αὑτοῦ
3845 2164 4034 2215 ἐδίδου)

2448 2248 2673 2317 μισθόνς
2709 2250 2784 2315 μὴ
2834 2250 3228 2317 ἀποδεχόμενος
3282 2255 3370 2316 σὺ,
3406 2253 3542 2321 μηδὲ
3602 2255 3799 2322 τιμῶν,
3828 2253 4035 2323 ὥσπερ

2444 2340 2561 2390 ἐστὶ
2598 2338 2830 2408 πρέπον,
2895 2340 2989 2390 καὶ
3055 2341 3311 2409 παρέχων
3343 2343 3747 2409 συγκατάθεσιν
3796 2346 4036 2413 εἰρήνης

2442 2432 2509 2484 δι’
2539 2424 2613 2483 ὧν
2637 2430 2941 2498 κοπιῶμεν,
2977 2430 3091 2482 ἀλλ’
3123 2432 3490 2501 ἀποστρέφεις
3544 2438 3854 2505 κοπιῶντας
3897 2444 4033 2494 δια.

2444 2522 2629 2590 κενῆς.
2668 2523 2774 2573 Καὶ
2799 2520 2916 2583 πῶς
2975 2523 3085 2589 ἔχει
3137 2522 3316 2589 λόγον,
3351 2522 3481 2576 Θεὸν
3526 2526 3624 2594 μὲν
3656 2529 4034 2599 ἀποδέχεσθαι

2442 2614 2540 2683 τήν
2564 2613 2702 2683 ὲμὴν
2725 2614 3127 2683 ταλαιπωρίαν,
3172 2618 3266 2667 καὶ
3298 2616 3419 2669 ἀντὶ
3457 2618 3663 2687 ταύτης
3695 2619 3893 2673 διδᾶναι
3924 2622 4031 2673 δο-

2444 2721 2526 2756 σιν
2553 2706 2649 2773 τῆς
2686 2705 2883 2757 ἑαυτοῦ
2919 2706 3281 2776 ἀγαθότητος,
3340 2708 3401 2758 σὲ
3451 2709 3506 2761 δὲ
3557 2709 3805 2775 φιλόθεον
3839 2712 4031 2782 ὕπαρ-

2442 2813 2625 2865 χοντα,
2684 2797 2873 2848 τέκνον
2914 2797 3097 2865 ἡμῶν,
3163 2798 3239 2866 μὴ
3278 2798 3358 2858 τῷ
3390 2799 3521 2865 θείῳ
3555 2800 3855 2871 Ιειοολήματι
3886 2820 4029 2854 cru-a—

2440 2890 2676 2959 τρέχειν,
2716 2889 2852 2942 ἀλλὰ
2884 2892 3105 2958 φρονεῖν
3164 2890 3414 2955 ὲναντία;
3466 2891 3561 2942 καὶ
3590 2890 3759 2960 ὅνπερ
3806 2895 4033 2953 ἐκεῖνος

2442 2982 2606 3033 πόνον
2627 2980 2806 3050 ἡμῶν,
2833 2980 2907 3043 ὡς
2942 2980 3083 3050 ὑπὲρ
3107 2980 3272 3033 αὑτοῦ
3297 2982 3604 3048 γινόμενον,
3653 2982 3881 3051 ἄμισθον
3914 2986 4033 3036 οὐκ

2441 3073 2525 3142 ἐᾷ,
2558 3072 2619 3123 σὲ
2651 3072 2840 3123 τοῦτον
2868 3072 2942 3134 ῶς
2977 3071 3182 3139 φαῦλον
3214 3074 3480 3142 παρορᾷν,
3507 3074 3599 3125 καὶ
3624 3074 3835 3135 οὐδενὸς
3865 3074 4034 3135 ἄξιον

2440 3165 2599 3230 λόγον
2647 3163 2952 3231 νομίζειν;1
2986 3163 3191 3231 Σκέψαι
3243 3166 3291 3214 εἰ
3357 3166 3508 3227 ἀξιον
3553 3163 3712 3216 τοῦτο
3765 3165 4030 3230 φιλοθέοο

2440 3255 2639 3323 ψυχῆς,
2675 3256 2769 3306 καὶ
2784 3255 2883 3322 οὐχ
2913 3255 3183 3323 ἑτέρωθεν
3214 3255 3375 3307 τοῦτο
3404 3255 3699 3321 συνάγεται
3731 3256 3845 3308 ἀλλ’
3879 3259 3912 3325 ἢ
3956 3261 4035 3309 tl:

2438 3348 2548 3398 τῶν
2591 3346 2698 3398 σῶν
2733 3346 2949 3414 ἀληθῶς
2978 3348 3258 3415 φρονίμων
3296 3347 3488 3413 λόγων.
3524 3347 3700 3417 Ἐφης
3740 3350 3876 3418 γὰρ,
3913 3352 4023 3402 καὶ

2440 3434 2621 3497 καλῶς
2643 3435 2803 3503 ἔφης,
2832 3434 2906 3494 ὡς
2960 3437 3073 3494 τοῖς
3107 3432 3429 3495 ἀποστόλοις
3474 3435 3537 3484 ἐκ
3594 3434 3729 3483 Θεοῦ
3757 3437 3784 3485 6
3822 3435 4028 3501 μισθὸς

2441 3526 2642 3579 ἐδίδοτο
2675 3523 2933 3585 κοπιῶσι,
2968 3523 3069 3576 κᾶν
3103 3523 3240 3593 πρὸς
3300 3522 3394 3585 οῦς
3432 3524 3682 3591 ἀπῄεσαν
3732 3527 3903 3576 ἐνίοτε
3945 3529 4033 3592 μὴ

2440 3619 2651 3670 πείθειν
2677 3617 2960 3686 ἠδύναντο.

2523 3710 2685 3761 Ἀλλὰ
2717 3709 2860 3769 τίνες
2896 3709 2945 3758 οἰ
3003 3705 3077 3776 μὴ
3136 3705 3471 3773 πειθόμενοι,
3508 3706 3602 3756 καὶ
3651 3704 3807 3756 τοῦτο
3844 3709 3972 3757 εἱπέ
4018 3724 4031 3735 ·

2443 3801 2659 3861 πάντως
2682 3800 2848 3869 ἐρεῖς,
2879 3798 2961 3849 ὅτι
2990 3799 3103 3849 ὅσοι
3131 3798 3205 3867 μὴ
3234 3799 3451 3867 ᾔδεισαν
3476 3797 3619 3850 κατά
3644 3797 3780 3849 Θεοῦ
3818 3798 4034 3866 βούλη-

2443 3911 2527 3945 σιν
2552 3888 2691 3943 εἶναι
2721 3892 2812 3943 τὸν
2846 3892 3014 3942 κόπον
3036 3891 3143 3941 τῶν
3184 3890 3521 3951 ἀποστόλων,
3565 3891 3675 3942 οὐδ’
3702 3892 3887 3957 ἀξίους
3916 3896 3991 3943 αὖ
4010 3924 4035 3932 -

2439 3985 2565 4046 τοὺς
2601 3981 2835 4050 ἡγοῦντο
2863 3981 3312 4050 μισθαποδοσίας,
3344 3981 3480 4033 ἀλλά
3513 3981 3712 4049 μᾶλλον
3741 3984 4037 4043 κολάσεως

2442 4079 2535 4128 καὶ
2560 4075 2856 4144 τιμωρίας·
2897 4074 2986 4126 διὰ
3049 4074 3208 4125 τοῦτο
3256 4072 3483 4125 ἐδίωκον
3522 4075 3617 4126 καὶ
3645 4074 4039 4141 ἐτιμωροῦντο

2442 4169 2639 4230 αὐτούς
2670 4184 2683 4197 ⁸
2745 4170 2771 4220 ό
2828 4167 2881 4219 δὲ
2934 4165 3214 4234 ὁμολογῶν
3251 4165 3518 4234 λήψεσθαι
3554 4166 3742 4231 μισθὸν
3795 4168 4037 4221 παντως

2443 4262 2711 4331 πρότερον
2742 4260 2993 4327 ὁμολογεί
3044 4259 3126 4314 ὃτι
3166 4257 3490 4325 ἀποδέχεται
3535 4257 3839 4317 κοπιῶντας
3868 4256 4039 4325 ἡμᾶς

2440 4359 2468 4408 ὁ
2500 4354 2649 4416 Θεὸς,
2685 4353 2779 4404 καὶ
2816 4352 3006 4403 τούτου
3066 4350 3228 4420 χάριν
3282 4350 3468 4401 δίδωσι
3526 4349 3617 4399 τὸν
3661 4347 3885 4415 μισθόν⁶
3929 4352 4041 4400 καὶ

2443 4445 2573 4507 Θεὸς
2634 4445 2732 4511 μὲν
2787 4443 3113 4509 ἀποδέχεται
3148 4446 3247 4508 τὴν
3293 4440 3432 4508 ἐμὴν
3479 4439 3881 4509 ταλαιπωρίαν,
3930 4444 4039 4492 καί

767 4534 1014 4586 mercede
1045 4539 1291 4591 coronat,
1325 4541 1379 4581 tu
1413 4544 1539 4580 vero
1559 4564 1574 4586 ,
1633 4529 1796 4578 homo
1824 4538 1944 4577 cum
1970 4524 2181 4584 sis,nou
2216 4536 2337 4589 pro-

2444 4536 2833 4605 ἁνταμείὸεται
2862 4537 2958 4601 τῆς
2994 4532 3211 4593 δικαίας
3251 4531 3485 4600 κρίσεως
3516 4532 3682 4581 αὑτοῦ
3728 4535 3791 4600 τῇ
3820 4533 4039 4598 μισθα-

768 4622 965 4677 bares?
1010 4621 1143 4673 ticali
1181 4629 1233 4672 et
1263 4630 1421 4671 terra:
1456 4616 1717 4670 Dominus
1777 4624 1991 4666 nostros
2042 4628 2148 4664 non
2182 4610 2334 4662 dedi-

766 4729 964 4783 gnatur
1021 4713 1279 4777 labores;
1336 4712 1381 4763 si
1427 4710 1571 4762 enim
1628 4707 2031 4776 dedignaretur,
2066 4702 2338 4772 quomodo

768 4805 1071 4858 mercedem
1132 4801 1421 4855 redderet?
1467 4801 1545 4852 'l'u
1599 4813 1764 4861 vero,
1817 4802 1861 4851 si
1927 4796 2125 4865 populo
2188 4802 2340 4846 tanto

767 4898 1005 4963 imperas
1028 4906 1265 4962 quantus
1309 4906 1392 4946 est
1434 4893 1522 4960 qui
1558 4892 1650 4945 tibi
1674 4891 1983 4959 subjicitur,
2018 4895 2139 4956 post
2178 4886 2340 4939 breve

769 4978 952 5041 tamen
1010 4996 1223 5054 tempus
1256 4986 1324 5038 ab
1362 4984 1619 5039 omnibus
1669 4984 2339 5051 hominibussegregatus

767 5093 953 5133 coram
1006 5078 1385 5131 universorum
1416 5076 1648 5131 Domino
1701 5077 1925 5138 astabis,
1974 5086 2188 5129 nostras
2215 5076 2340 5126 lati-

769 5171 1016 5241 gatiunes
1072 5169 1466 5239 parvipeudes?
1503 5168 1607 5223 Sed
1636 5169 1911 5238 quomodo
1943 5169 2165 5238 dignum
2191 5167 2336 5223 istud

770 5275 867 5318 tuo
899 5263 1140 5331 ingenio,
1177 5272 1269 5315 tua
1309 5261 1504 5329 pietate
1533 5265 1746 5331 tuisque
1798 5263 1999 5329 ubique
2032 5263 2338 5331 praedicatis

770 5354 1055 5410 moribus?
1085 5355 1236 5418 Quod
1277 5372 1382 5409 non
1408 5356 1472 5410 ad
1497 5356 1916 5410 subvertendatn
1954 5364 2120 5417 tuam,
2141 5354 2211 5407 fili
2241 5354 2338 5417 mi,

769 5448 1202 5518 propositionem
1228 5448 1483 5510 dicimus.
1514 5449 1707 5504 sed‘ad
1736 5448 2337 5503 commonefaciendum

772 5552 827 5594 te
862 5550 919 5595 et
944 5542 1010 5593 ad
1034 5540 1269 5594 dandam
1303 5541 1396 5596 tibi
1429 5542 1682 5611 prudenti
1721 5544 2066 5597 occasionem
2119 5552 2176 5596 ut
2207 5557 2340 5611 pru-

765 5634 981 5687 dentior
1013 5638 1247 5699 evadas;
1285 5635 1430 5700 volo,
1476 5635 1546 5688 lili
1585 5635 1659 5689 mi
1704 5636 2079 5700 dilectissime,
2099 5638 2337 5691 sermoni

765 5722 945 5777 adhuc
1002 5728 1268 5790 attendas,
1322 5734 1377 5779 et
1433 5727 1886 5796 quemadmodum
1921 5729 2079 5783 nobis
2110 5744 2342 5798 praesen-

768 5815 910 5870 tibus
938 5828 1124 5871 nostra
1148 5817 1286 5871 dicta
1316 5818 1538 5875 cordate
1558 5820 1798 5886 audires,
1844 5821 1916 5877 ita
1956 5824 2194 5877 sermoni
2217 5837 2341 5880 ror-

2440 4629 2687 4697 ποδοσίᾳ,
2740 4628 2803 4681 σὺ
2836 4627 2891 4678 δὲ
2922 4625 3204 4694 ἅνθρωπος
3254 4622 3329 4674 ὢν
3360 4624 3461 4673 οὐκ
3514 4623 3790 4692 ἀποδέχῃς
3837 4624 3901 4674 Ὀ
3940 4624 4043 4676 δε-

2440 4720 2657 4783 σπόζων
2696 4717 2927 4789 οὐρανοῦ
2978 4718 3074 4769 καὶ
3109 4717 3210 4784 γῆς
3267 4716 3368 4768 οὐκ
3415 4715 3675 4781 ἀτιμάζει
3703 4716 3796 4765 τὸν
3844 4717 4042 4768 κόπον

2439 4815 2595 4883 ἡμῶν
2616 4829 2629 4841 ο
2656 4811 2769 4874 πῶς
2798 4812 2928 4879 γὰρ,
2954 4811 3001 4861 εί
3026 4807 3301 4876 ἀτιμάζει,
3329 4808 3512 4861 δίδωσι
3546 4806 3634 4858 τὸν
3670 4805 3860 4874 μιςθόν
3888 4822 3905 4867 ;
3951 4806 4042 4859 Σὺ

2439 4907 2517 4967 δὲ,
2543 4907 2591 4957 εἰ
2619 4907 2712 4957 καὶ
2742 4903 3027 4965 δεσπόζεις
3078 4899 3208 4954 λαοῦ
3239 4903 3366 4953 ὅσον
3405 4898 3537 4951 ποτὲ
3586 4898 3682 4950 καὶ
3706 4897 4040 4961 δεσπόζεις,

2438 4996 2577 5049 ἀλλά
2625 5012 2688 5060 γε
2756 4994 2873 5063 μετ’
2926 4993 3110 5059 ὀλίγον
3178 4992 3384 5059 γυμνὸς
3434 4991 3652 5044 πάντων
3712 4989 4045 5059 ἀνθρώπων

2441 5087 2817 5157 παρίστασθαι
2868 5084 3079 5154 μέλλων
3144 5085 3219 5149 τῷ
3252 5085 3495 5154 Δεσπότῃ
3539 5084 3647 5134 τῶν
3693 5082 3850 5142 ὅλων,
3884 5098 3967 5135 πα
3986 5086 4046 5153 ρ’

2439 5180 2591 5232 οὐδὲν
2642 5177 2800 5246 τίθης
2844 5178 2945 5246 τὴν
2996 5177 3276 5247 ἡμετέραν
3307 5175 3727 5244 ταλαιπωρίανς
3772 5175 3881 5226 Καὶ
3915 5179 4051 5229 ποῦ

2443 5272 2720 5342 προσῆκον
2744 5268 2900 5322 τοῦτό
2933 5286 2994 5336 γε
3026 5270 3145 5338 ῆτῇ
3182 5269 3396 5322 συνέσει
3436 5286 3551 5329 σου,
3591 5267 3623 5336 ἢ
3665 5271 3730 5338 τῇ
3764 5266 4049 5339 φὰοθεῖᾳ

2443 5383 2558 5428 σου,
2605 5364 2637 5433 ἦ
2675 5366 2740 5431 τῇ
2765 5362 2899 5432 ἄλλῃ
2939 5361 3192 5431 βοωμένῃ
3227 5361 3333 5414 τῶν
3368 5360 3587 5429 τρόπων
3611 5377 3705 5412 σου
3738 5365 4049 5413 καταστὰ-

2444 5476 2562 5523 σει;
2598 5456 2784 5510 Ταῦτα
2819 5458 2918 5508 οὐκ
2949 5453 3348 5524 ἀνατρέποντες
3392 5452 3623 5523 λέγομεν
3673 5452 3732 5503 τὸ
3768 5452 3857 5502 σον
3888 5459 4041 5521 πρέ-

2443 5551 2648 5619 6λημα,
2691 5548 2880 5601 τέκνον
2937 5545 3115 5616 ἡμῶν,
3173 5545 3290 5598 ἀλλ’
3352 5544 3864 5614 ὑπομιμνήσκοντες
3932 5549 4053 5597 καὶ

2440 5640 2673 5701 διδόντες
2708 5638 2964 5708 ἀφορμὴν
2991 5636 3241 5706 φρονίμῳ
3264 5635 3401 5689 Θεοῦ
3443 5636 3628 5705 χάριτι
3656 5634 3793 5698 ὄντι,
3825 5649 4007 5701 φρονι
4027 5666 4053 5675 -

2447 5732 2677 5801 μωτὲρῳ
2701 5731 2979 5798 γενέσθαι.
3004 5729 3276 5799 Βούλομαξ
3305 5745 3387 5792 σε,
3423 5727 3507 5780 υἰέ
3539 5744 3643 5796 μου
3667 5728 3939 5794 ἠγαπημὲ
3964 5773 3969 5775 .
3990 5745 4052 5787 ε,

2444 5828 2534 5879 καὶ
2582 5826 2661 5879 ἔτι
2690 5824 2766 5896 τῷ
2816 5824 2961 5893 λόγῳ
3005 5825 3372 5892 προσαγαγεῖν
3418 5821 3663 5885 σεαυτὸν,
3697 5822 3789 5871 καὶ
3828 5818 4055 5890 ὥσπερ
