4158 6430
708 424 808 485 139
1838 415 2143 474 NICOLAI
2186 414 2297 475 CP.
2337 413 2350 473 l

2337 412 2854 473 mmmam
3859 414 3962 479 ηο

702 540 909 601 minus,
942 534 1125 590 debito
1160 531 1357 596 ollicio,
1405 538 1673 600 quantum
1727 532 1779 581 in
1813 543 1899 580 me
1924 538 2029 589 est,
2060 528 2285 583 functus
2314 538 2344 593 Α

2322 538 2358 593 Α
2393 544 2548 581 σαντι
2604 525 2861 590 δέξασθαι
2914 529 3236 598 σωτηριώδη
3298 531 3657 600 παραίνεσιν
3696 533 3743 583 εἰ
3792 534 3848 586 δὲ
3885 534 3964 603 μὴ

701 628 874 684 fuero.
904 627 1181 693 Quantum
1224 631 1409 677 autem
1440 622 1494 676 in
1529 632 1582 676 te
1622 630 1726 681 est,
1754 634 1908 684 eave,
1947 629 2007 674 ut
2032 620 2117 674 vir
2152 636 2285 688 pru-

2388 620 2791 690 ώφελήσωμεν,
2822 620 2917 672 καὶ
2944 618 3117 681 οὕτως
3142 620 3431 690 εἴργασται
3458 625 3518 676 τδ
3547 623 3831 695 ἡμέτερον,
3867 629 3966 679 καὶ

699 724 858 787 dens,
900 736 970 775 ne
1000 720 1107 774 ulla
1155 733 1244 773 res
1278 717 1376 771 tibi
1430 717 1502 771 sit
1541 724 1667 769 ante
1705 712 1876 767 Deum
1918 716 2199 774 damnata,
2232 721 2287 766 et

2389 712 2417 764 ὃ
2440 712 2827 782 χρεωστοῦμεν
2864 712 3205 782 πληροῦμεν.
3234 713 3308 764 Τὸ
3339 713 3396 765 δὲ
3431 716 3547 780 σὸν,
3572 721 3759 769 τέκνον
3779 718 3962 785 ἡμῶν,

700 824 826 871 ante
860 815 1109 870 homines
1137 812 1496 881 reprehensa.
1534 806 1653 863 Hoc
1680 807 1735 861 in
1775 806 2020 876 epistola:
2057 803 2286 857 exordio

2386 803 2461 867 ὠς
2486 804 2755 872 φρόνιμος
2812 806 3090 869 κατανόει,
3121 807 3172 857 εἳ
3214 804 3331 856 ἔστι
3371 807 3466 857 καὶ
3496 807 3646 875 παρά
3673 806 3792 877 Θεῷ
3814 810 3968 859 ἀκα-

697 910 989 982 pulehrum
1028 904 1211 971 video,
1241 903 1412 974 quod,
1452 901 1699 957 divinam
1735 901 1957 956 imitans
1991 898 2286 969 indulgen-

2388 895 2651 964 τάκριτον
2708 897 2804 947 καὶ
2833 897 2990 967 παρά
3041 894 3355 967 ἀνθρώποις
3387 897 3753 966 ἀνεπίμωμον
3776 917 3790 930 ·
3826 901 3968 953 ἀλλά

698 1006 853 1067 tiam,
884 1002 1048 1056 vilem
1079 999 1356 1055 hominem
1387 996 1445 1051 in
1470 1005 1827 1065 conspectum
1859 1001 2013 1045 tuum
2045 991 2285 1045 admise—

2390 985 2531 1056 καλὴ
2562 986 2655 1039 τοῦ
2690 988 3077 1058 γράμματοςή
3115 991 3280 1059 ἀρχὴ,
3323 990 3658 1043 ταπείνωσιν
3693 996 3967 1063 μιμούμε-

699 1097 798 1161 ris,
838 1102 916 1159 et,
946 1109 1054 1147 non
1089 1092 1237 1147 celso
1265 1090 1481 1160 imperii
1513 1088 1681 1159 gradu
1713 1083 2064 1154 superbiens,
2096 1083 2291 1151 digna-

2387 1093 2477 1139 νος
2512 1076 2673 1141 Θεοῦ,
2726 1077 2933 1147 ήγαγες
2961 1080 3105 1131 κατά
3137 1082 3431 1151 πρόσωπον
3460 1079 3748 1149 ἄνθρωπον
3774 1098 3970 1133 ταπει-

699 1200 788 1246 tus
839 1188 1009 1244 fueris
1057 1200 1155 1240 ore
1208 1182 1435 1256 prOprio
1489 1179 1730 1249 colloqui
1788 1192 1913 1232 cum
1976 1177 2069 1229 illo
2122 1188 2283 1244 quem

2389 1166 2504 1229 νδν,
2538 1170 2636 1221 καὶ
2685 1168 2786 1221 οὐκ
2814 1168 2987 1238 ὲπῇρέ
3027 1184 3090 1219 σε
3127 1170 3188 1221 τδ
3219 1170 3451 1239 μέγεθος
3481 1170 3579 1238 τῆς
3616 1170 3812 1239 ἀρχῆς,
3843 1171 3968 1223 οὐδὲ

700 1294 915 1337 tantum
971 1289 1063 1334 tua
1104 1286 1329 1348 superat
1370 1273 1605 1345 gloriosa
1652 1271 1894 1326 celsitas.
1946 1267 2103 1334 Quod
2154 1281 2287 1318 sane

2391 1259 2623 1312 σεαυτοῦ
2652 1262 2850 1331 ἡγήσω
2872 1261 3091 1327 ἀνάξιον
3125 1262 3385 1330 ὁμιλῆσαι
3418 1264 3604 1333 οἰκείῳ
3628 1266 3856 1330 στόματι
3884 1262 3972 1329 τῷ

698 1371 995 1427 laudabile.
1044 1370 1428 1438 Congruenter
1470 1364 1618 1435 quod
1662 1364 1718 1417 in
1752 1361 1981 1432 epistola
2035 1359 2287 1429 sequitur

2390 1352 2745 1421 ἀσυγκρίτως
2802 1354 3224 1424 ἀπολειπομένῳ
3268 1353 3364 1405 τοῦ
3428 1356 3525 1408 σοῦ
3564 1355 3825 1426 μεγέθους
3858 1357 3970 1424 τῆς

694 1464 875 1518 eidem
929 1460 1284 1529 indulgentia:
1329 1464 1579 1520 assonat,
1634 1452 1841 1521 Deique
1891 1452 2174 1521 exemplo,
2228 1462 2288 1504 ut

2389 1444 2568 1511 δόξης.
2619 1443 2793 1497 Τοῦτο
2850 1446 3156 1511 ἐπαινετὸν,
3191 1446 3284 1498 καί
3330 1440 3399 1516 ἦν
3433 1445 3729 1499 ἀκόλουθον
3757 1446 3850 1498 καὶ
3896 1443 3974 1497 τὰ

695 1556 858 1620 dicis,
890 1555 1148 1607 adhaeret.
1184 1549 1477 1619 Reliquum
1508 1560 1637 1602 vero
1680 1559 1861 1615 neque
1891 1542 2285 1613 indulgentiam

2390 1538 2517 1606 ἑξῆς
2540 1536 2634 1589 τοῦ
2666 1536 3001 1607 γράμματος
3035 1542 3102 1608 τῇ
3133 1539 3271 1608 αὐτῇ
3326 1537 3733 1605 συνυφανθῆναι
3772 1556 3972 1591 ταπει-

699 1662 876 1717 neque
916 1644 1391 1703 convenientiam,
1436 1640 1531 1694 sed
1577 1639 1793 1693 animos
1824 1637 1983 1706 longe
2023 1636 2161 1688 alios
2195 1651 2288 1687 ex-

2391 1633 2597 1699 νότητι,
2632 1632 2725 1682 καὶ
2780 1630 2855 1700 μὴ
2910 1632 3269 1701 παρεξελθεῖν
3291 1631 3393 1700 τῆς
3423 1630 3517 1682 τοῦ
3557 1628 3694 1682 Θεοῦ
3722 1632 3794 1693 ὡς
3828 1633 3973 1700 ἔφης

696 1740 914 1810 promit.
971 1737 1017 1793 0
1062 1737 1353 1793 scelestum
1405 1734 1732 1796 daemonem,
1788 1731 1904 1799 qui,
1956 1730 2024 1781 ah
2074 1727 2285 1795 origine

2393 1725 2707 1793 μιμήσεως.
2754 1722 2867 1776 Νῦν
2906 1723 2963 1776 δὲ
3006 1723 3167 1777 ἄλλον
3201 1723 3315 1792 ἔχει
3359 1724 3686 1793 χαρακτῆρα
3720 1722 3786 1775 τά
3825 1726 3973 1791 μετά

700 1834 878 1888 bonos
924 1846 1058 1886 osus
1104 1828 1427 1899 pravitatem
1475 1840 1628 1880 suam
1688 1823 1851 1876 rectis
1898 1819 2172 1872 mentibus
2216 1832 2283 1870 ex
2319 1884 2342 1899 τ

2335 1884 2356 1899 Ἰ
2388 1817 2563 1868 ταῦτα
2590 1817 2686 1869 τοῦ
2720 1817 3044 1887 γράμματος
3070 1831 3084 1845 ·
3128 1816 3191 1868 οὐ
3231 1816 3639 1883 ταπεινότητος,
3673 1817 3771 1867 οὐκ
3795 1816 3977 1866 ἐπιει-

701 1926 904 1980 invidia
973 1919 1258 1977 contendit
1310 1922 1562 1973 miscere.
1616 1913 1815 1967 Multas
1868 1921 1959 1966 tua
2016 1884 2343 1980 epistola,E

2336 1884 2356 1938 Ξ
2387 1909 2566 1972 κείας,
2623 1910 2685 1960 οὐ
2721 1884 3159 1979 φιλανθρωπίας,
3210 1908 3349 1962 ἀλλά
3378 1923 3523 1969 τινος
3561 1905 3756 1975 ἑτέρας
3790 1906 3978 1958 διαθέ-

701 2036 734 2074 ο
767 2018 866 2083 ﬁli,
917 2016 1182 2087 ambages
1218 2014 1485 2073 centinet,
1539 2010 1649 2064 huc
1696 2016 1751 2062 et
1783 2006 1915 2061 illuc
1956 2015 2177 2060 vertens
2204 2018 2284 2058 se.

2390 2020 2550 2066 σεως.
2581 2000 2690 2054 Φεῦ
2736 2002 2833 2054 τοῦ
2877 2002 3131 2070 πονηροῦ
3182 2002 3441 2071 δαίμονος
3478 1998 3573 2052 τοῦ
3600 2002 3710 2060 τοῖς
3742 1998 3978 2066 ἀγαθοῖς

701 2107 816 2164 lloc
844 2108 995 2164 enim
1023 2105 1279 2161 diabolus
1305 2102 1643 2173 propositum
1675 2097 1861 2160 habet,
1894 2105 1952 2149 ut
1977 2096 2137 2150 rebus
2165 2110 2288 2164 quae

2392 2093 2450 2159 ἐξ
2485 2095 2657 2165 ἀρχῆς
2710 2093 3198 2163 διαφθονουμένου,
3242 2093 3340 2147 καὶ
3384 2094 3471 2145 ἀεὶ
3504 2093 3604 2159 τήν
3626 2092 3830 2143 οἰκείαν
3860 2106 3973 2141 κα-

700 2220 731 2258 a
774 2203 1050 2273 principio
1079 2200 1176 2254 tibi
1213 2198 1435 2251 luerunt
1475 2196 1615 2249 datae
1674 2206 1782 2245 non
1832 2197 2124 2245 contentus
2167 2203 2286 2241 ma-

2392 2187 2521 2241 κίαν
2554 2188 3054 2258 προσεπιμιγνύειν
3110 2186 3548 2255 φιλονεικοῦντος
3573 2186 3685 2247 τοῖς
3719 2184 3975 2251 ἀγαθοῖς.

704 2312 859 2359 neas,
883 2296 1203 2362 alienasque
1231 2289 1475 2345 moliaris
1502 2286 1781 2350 invadere,
1806 2283 2017 2339 scilicet
2040 2282 2288 2351 proprias

2393 2281 2503 2332 Καὶ
2562 2277 2766 2341 πολλάς
2822 2280 2921 2349 μὲν
2953 2278 3014 2331 τὸ
3043 2277 3300 2347 γράμμα,
3365 2277 3552 2329 τέκνον
3583 2273 3759 2345 ήμῶν,
3807 2289 3980 2341 περι-

704 2397 921 2459 patrum
956 2385 1050 2455 qui
1097 2388 1406 2450 genuerunt
1454 2394 1573 2442 vos,
1629 2390 1807 2446 neque
1854 2374 1989 2428 satis
2025 2371 2098 2425 sit
2139 2367 2283 2424 istud

2393 2370 2601 2433 πλοκάς
2624 2370 2817 2441 ἐδήλου
2848 2373 3005 2441 ἡμῖν,
3042 2373 3135 2423 καὶ
3173 2369 3268 2422 νῦν
3328 2368 3427 2438 μὲν
3461 2366 3713 2418 ἐντεῦθεν
3742 2365 3982 2434 στρέφε-

704 2454 867 2549 regiae
895 2454 1186 2548 potestatis
1218 2469 1590 2542 privilegium,
1631 2481 1740 2536 quo
1783 2464 2077 2517 universus
2108 2459 2287 2529 gentis

2392 2478 2507 2527 ται,
2534 2461 2630 2514 νῦν
2677 2461 2734 2513 δὲ
2776 2462 3011 2515 ἐκεῖθεν.
3062 2455 3154 2522 Εἷς
3188 2460 3245 2513 δὲ
3276 2460 3304 2511 ὁ
3334 2458 3536 2520 σκοπὸς
3566 2456 3717 2525 αὐτῷ
3746 2456 3805 2507 τὸ
3831 2454 3929 2523 βου
3948 2484 3988 2494 -

702 2547 809 2625 tuae
868 2547 1104 2639 populus
1151 2562 1383 2634 pedibus
1442 2563 1550 2614 tuis
1599 2558 1834 2627 adjacet.
1883 2552 2041 2606 Nulla
2100 2560 2281 2606 tatnen

2394 2554 2581 2608 λεσθαι
2611 2554 2709 2625 τήν
2757 2554 3032 2625 ὑμετέραν
3065 2553 3390 2623 προαίρεσιν
3430 2552 3505 2621 μὴ
3541 2547 3829 2620 ἀρκεῖσθαι
3859 2548 3988 2606 τοῖς

701 2676 856 2733 gens,
903 2675 972 2715 ex
1002 2674 1113 2729 quo
1155 2656 1526 2709 Romanorum
1577 2649 1819 2719 potentia
1869 2645 2125 2707 innotuit,
2172 2644 2289 2713 glo-

2402 2648 2578 2712 ἰδίοις,
2632 2648 2753 2716 μηδ’
2819 2646 3082 2717 ἐμμένειν
3131 2648 3247 2708 τοῖς
3326 2644 3384 2709 ἐξ
3442 2641 3618 2712 ἀρχῆς
3670 2638 3994 2706 δεδομένοις

705 2730 841 2807 riari
878 2752 1055 2822 potuit
1089 2763 1195 2802 non
1230 2745 1380 2800 illius
1406 2743 1539 2813 jugo
1568 2740 1769 2797 collum
1804 2737 2144 2793 submisisse.

2398 2740 2555 2808 (ty-3W
2620 2741 2738 2794 ἀλλ’
2784 2741 3056 2811 ἐπιπήδᾷν
3110 2740 3440 2809 πράγμασιν
3490 2732 3820 2802 ἀλλοτρίοις,
3880 2730 3996 2779 καὶ

705 2848 829 2902 τότε
856 2846 1060 2911 τίνων;
1113 2842 1379 2909 Πατέρων
1420 2835 1531 2889 τῶν
1587 2834 1971 2901 γεννησάντων
2008 2833 2174 2901 ὑμᾶς,
2213 2835 2307 2885 καὶ
2344 2833 2627 2903 προνομίῳ
2669 2832 2947 2902 βασιλείας
3008 2835 3043 2902 ἢ
3091 2835 3200 2886 πᾶν
3233 2832 3385 2893 έθνος
3413 2830 3517 2883 ὑπὸ
3580 2829 3746 2889 πόδας
3776 2825 3946 2893 ἔθηκε
3976 2837 3997 2853 ο

708 2940 807 2995 καὶ
838 2937 996 2993 οὐδὲν
1026 2934 1181 2998 ἔθνος
1210 2933 1269 2999 ἒξ
1300 2924 1361 2984 οὗ
1400 2927 1690 2997 Ῥωμαίων
1721 2924 1921 2995 κράτος
1951 2926 2285 2997 ἐγνωρίσθη,
2327 2925 2716 2995 καυχήσασθαι
2756 2925 2831 2996 μὴ
2862 2926 2987 2995 οὺχί
3011 2926 3101 2978 τὸν
3138 2923 3346 2993 αὐχένα
3378 2921 3559 2974 κλίναι
3592 2921 3760 2989 αὐτῷ.

780 3118 978 3175 Pacem
1028 3121 1279 3182 exoptas.
1333 3106 1569 3162 Pulchre
1603 3103 1858 3173 equidem
1890 3103 2140 3166 dictum;
2196 3102 2291 3156 sed

2475 3103 2717 3173 Εἰρήνην
2744 3104 3026 3172 ἐπιζητεῖς
3054 3119 3069 3134 ⁸
3102 3101 3268 3164 καλὸς
3303 3102 3331 3153 ὁ
3363 3101 3541 3169 λόγος,
3573 3099 3748 3163 δεῖξον
3779 3098 3873 3151 καὶ
3901 3096 4002 3166 τῷ

713 3210 1106 3271 convenienter
1159 3217 1321 3273 agere
1364 3209 1468 3255 est.
1522 3197 1635 3252 Pax
1684 3199 1831 3251 enim
1886 3207 2064 3264 neque
2115 3192 2292 3247 aliena

2401 3195 2549 3266 ἔργῳ
2580 3196 2672 3247 τὸν
2702 3196 2860 3262 λόγον
2884 3195 3199 3247 ἀκόλουθον.
3248 3193 3313 3246 Ἦ
3365 3194 3555 3262 εἰρήνη
3589 3190 3652 3244 οὑ
3682 3189 3788 3242 τῶν
3823 3189 4000 3241 ἀλλο-

716 3306 905 3367 ambit,
941 3306 1038 3355 aut
1085 3294 1315 3358 invadit,
1369 3304 1548 3361 neque
1595 3302 1791 3341 manus
1827 3286 1894 3339 ad
1944 3298 2096 3338 arma
2130 3283 2292 3348 tollit,
2322 3328 2358 3385 ε

2358 3329 2366 3383 ι
2400 3288 2569 3356 τρίων
2599 3286 2837 3354 ἐφίεται,
2872 3285 2935 3338 οὐ
2970 3287 3086 3347 τοῖς
3113 3284 3282 3353 μηδὲν
3305 3286 3677 3353 προσήκουσιν
3712 3281 4000 3349 ἑπιπηδᾷ,

716 3409 897 3468 neque
917 3392 1047 3447 belli
1063 3386 1447 3444 excusationes
1473 3378 1782 3452 praetendit,
1807 3392 1985 3447 neque
2012 3376 2295 3446 sanguinis
2326 3372 2358 3385 “

2359 3372 2366 3383 ’
2399 3379 2461 3432 οὑ
2496 3380 2687 3449 χεῖρας
2737 3378 2885 3448 αἴρει
2938 3378 3073 3447 πρὸς
3115 3376 3278 3439 ὅπλα,
3307 3375 3370 3428 οὗ
3405 3375 3637 3443 παρέχει
3679 3372 4001 3439 προφάσεις

714 3459 982 3545 eﬂdsione
1013 3478 1236 3553 gaudet,
1282 3489 1460 3545 neque
1495 3473 1595 3528 scit
1632 3472 1886 3525 homines
1919 3470 1974 3522 in
2009 3468 2296 3538 captivita-

2402 3472 2677 3542 πολέμων,
2731 3473 2794 3525 οὐ
2855 3471 3040 3540 χαίρει
3085 3468 3314 3539 χύσεσιν
3368 3470 3640 3536 αἱμάτων,
3686 3466 3785 3516 οὐκ
3838 3459 4002 3515 οἶδεν

717 3596 826 3639 tem
880 3579 1147 3649 redigere.
1186 3572 1245 3627 Si
1278 3570 1439 3625 talem
1490 3573 1717 3637 exeptes
1753 3579 1965 3635 pacem,
2017 3561 2297 3625 Christus,

2399 3562 2783 3632 αἰχμαλώτους
2808 3560 3131 3633 ἀνθρώπους
3162 3562 3363 3614 ποιεῖν.
3386 3560 3449 3612 Εἰ
3479 3557 3734 3625 τοιαύτην
3756 3556 4002 3624 εἰρήνην

719 3672 811 3728 ille
864 3637 1143 3734 DCIIquIIi
1194 3660 1518 3731 sanguinem
1559 3666 1733 3711 totttm
1783 3670 1885 3725 pro
1923 3668 2057 3725 pace
2105 3651 2298 3706 mundi

2405 3653 2613 3715 ποθεῖς,
2649 3651 2736 3720 εῐη
2785 3650 3020 3722 Χριστὸς
3048 3652 3075 3703 ὁ
3113 3649 3246 3711 Θεὸς
3270 3647 3431 3718 ήμῶν
3463 3646 3493 3697 ὁ
3527 3645 3586 3696 τὸ
3620 3645 3817 3694 οἰκεῖον
3843 3637 4003 3709 αἷμα

717 3763 935 3825 eﬂudit,
961 3758 1299 3815 voluntatem
1326 3761 1500 3815 tuam,
1533 3748 1839 3821 praesertim
1872 3757 1925 3802 et
1950 3758 2299 3801 communem

2408 3746 2551 3816 ὑπὲρ
2571 3746 2669 3814 τῆς
2691 3745 2912 3815 εἰρήνης
2935 3741 3030 3795 τοῦ
3059 3742 3267 3811 κόσμου
3281 3739 3528 3799 κενώσας
3553 3736 3612 3789 τὸ
3632 3737 3722 3788 σὸν
3748 3735 4002 3800 θέλημα,

720 3859 1081 3928 Bulgarorum
1110 3850 1603 3913 llomanorumque
1623 3842 1961 3894 voluntatem
1986 3835 2300 3906 adimpleat.

2414 3837 2616 3908 μᾶλλον
2658 3836 2715 3890 δὲ
2745 3836 2807 3888 τὸ
2855 3835 3034 3888 κοινὸν
3080 3836 3172 3886 καὶ
3205 3833 3535 3901 Βουλγάρων
3566 3829 3661 3882 καὶ
3694 3826 4005 3895 Ῥωμαίων

722 3950 781 4004 Si
813 3962 944 4003 vero
976 3945 1042 3999 ad
1088 3944 1232 3997 hanc
1266 3953 1455 4010 pacem
1497 3952 1604 3991 non
1658 3934 1916 4005 aspicias,
1959 3931 2091 4001 quid
2136 3928 2300 3983 verba

2409 3930 2726 3998 ἐκπληρῶν*
2752 3928 2872 3980 εἰδὲ
2894 3928 3027 4005 πρρς
3053 3926 3264 3993 ταύτην
3288 3926 3347 3976 οὐ
3372 3925 3591 3995 βλέπεις
3614 3922 3713 3991 τὴν
3736 3919 4004 3988 εἰρήνην,

722 4041 1054 4115 proﬁciunt,
1104 4050 1228 4090 cum
1291 4032 1476 4087 omnia
1533 4028 1734 4083 bellum
1788 4024 2032 4097 spirent?
2084 4022 2304 4092 Depone

2408 4024 2462 4077 τί
2493 4022 2588 4076 τοῦ
2646 4022 2894 4093 ῥήματος
2929 4021 3145 4089 ὄφελος,
3189 4020 3320 4073 ὅταν
3365 4020 3435 4071 τὰ
3495 4018 3801 4089 πράγματα
3864 4030 4010 4080 τυγο

722 4150 908 4200 arma;
940 4141 1161 4188 cessent
1180 4127 1469 4196 sanguinis
1496 4123 1817 4185 eﬂ'usiones,
1845 4120 2304 4189 captivorumque

2411 4116 2553 4185 χάνῃ
2580 4112 2855 4178 πολέμια;
2900 4112 3153 4174 Κατάθες
3198 4110 3267 4163 τά
3296 4109 3458 4173 ὅπλα,
3492 4107 3855 4160 παυέσθωσαν
3879 4103 4007 4155 τῶν

723 4229 1113 4291 calamitates;
1188 4228 1405 4277 cessent
1460 4218 1836 4288 orphanorum
1901 4212 2307 4278 viduarumque

2410 4205 2663 4274 αἱμάτων
2686 4206 2741 4258 αἰ
2777 4204 2987 4275 χύσεις,
3016 4204 3127 4256 τῶν
3179 4201 3547 4272 αἰχμαλώτων
3598 4200 3654 4250 αἰ
3685 4194 4003 4264 συμφοραὶ,

725 4325 1001 4393 lacrymz,
1052 4288 1109 4371 et
1161 4315 1264 4369 ista
1308 4312 1431 4383 plus
1470 4308 1732 4374 habendi,
1767 4302 2196 4372 dominandique
2249 4301 2304 4353 in

2408 4298 2518 4351 τῶν
2548 4297 2825 4369 ὀρφανῶν,
2874 4297 2983 4349 τῶν
3035 4295 3223 4367 χηρῶν
3273 4295 3344 4346 τά
3390 4293 3623 4362 δάκρυα,
3657 4292 3691 4361 ή
3722 4288 4010 4355 ἐπιθυμία

725 4381 862 4470 alios
892 4409 1190 4480 cupiditas.
1225 4381 1325 4459 Ita—
1350 4403 1445 4469 sit,
1479 4410 1533 4457 et
1564 4411 1679 4455 tum
1713 4413 1838 4453 vere
1868 4411 1975 4466 pax
2014 4394 2122 4447 Deo
2154 4402 2306 4462 grata

2409 4389 2506 4444 τοῦ
2561 4392 2928 4454 πλεονεκτεῖν,
2970 4389 3063 4442 τοῦ
3094 4389 3206 4442 τῶν
3233 4385 3530 4455 ἀλλοτρίων
3570 4381 3854 4452 βούλεσθαι
3894 4381 4013 4447 ἄρ-

726 4505 1120 4563 eonstituetur.
1174 4497 1231 4553 Si
1268 4511 1401 4552 vero
1439 4496 1594 4549 dicas
1624 4502 1677 4547 te
1722 4500 1929 4561 patres,
1972 4486 2068 4557 qui
2099 4500 2199 4539 vos
2242 4497 2309 4538 ex

2412 4499 2551 4553 χειν.
2612 4484 2799 4535 Ταῦτα
2850 4482 3115 4549 γενέσθω,
3163 4480 3258 4531 καὶ
3303 4479 3471 4538 ὅντως
3502 4477 3693 4544 εἰρήνη
3721 4472 3837 4539 Θεῴ
3863 4470 4020 4538 ἀρέ-

730 4595 1080 4650 tenebrarum
1130 4588 1395 4644 servitute
1442 4594 1567 4656 post
1612 4585 1781 4639 Deum
1834 4582 2207 4639 redemerunt,
2254 4575 2307 4627 in
2341 4600 2372 4660 Ε

2377 4592 2621 4653 ,σκουσα
2659 4574 3122 4645 βραϐευθήσεται.
3157 4571 3232 4623 Τὸ
3273 4570 3331 4622 δὲ
3373 4568 3555 4633 λέγειν
3586 4567 3712 4626 τοὺς
3749 4562 4019 4629 πατέρας

728 4689 990 4744 ditionem
1027 4694 1175 4739 luant
1221 4681 1362 4736 velle
1402 4678 1671 4748 redigere,
1704 4673 1986 4744 quomodo
2018 4670 2125 4725 erit
2164 4665 2313 4738 pax?
2344 4657 2370 4660 f

2413 4672 2541 4734 τοὺς
2574 4672 2638 4723 ἐκ
2662 4669 2763 4739 τῆς
2791 4668 3035 4730 δουλείας
3059 4664 3153 4718 τοῦ
3181 4665 3406 4726 σκότους
3438 4662 3577 4731 μετά
3603 4676 3667 4728 γε
3688 4659 3817 4711 Θεὸν
3838 4657 4018 4709 ἐλευ-

729 4779 920 4834 Nonne
964 4780 1110 4833 istud
1149 4785 1236 4830 est
1267 4770 1606 4829 infestissimi
1647 4771 1848 4831 hostis,
1894 4766 1987 4835 qui
2027 4774 2309 4832 nunquam

2416 4763 2765 4835 θερώσαντας
2798 4763 2964 4832 ὑμᾶς,
2990 4758 3213 4819 τούτους
3245 4756 3596 4825 ὑποχειρίους
3628 4754 3836 4813 λαϐεῖν,
3877 4751 4024 4814 πῶς

732 4874 886 4929 novit
918 4870 1148 4943 pacem?

2415 4858 2566 4909 ἐστιν
2600 4855 2861 4924 εἰρήνης;
2908 4850 3052 4904 Ἀλλ’
3083 4849 3205 4918 οὐχὶ
3238 4847 3349 4899 τῶν
3396 4844 3618 4896 πώποτε
3650 4843 4026 4909 πολεμιωτά--

2415 4964 2547 5013 των,
2589 4945 2686 4999 καί⁸
2723 4944 2996 5014 μηδέποτε
3039 4941 3267 5011 εἰρήνην
3290 4936 3553 5001 εἰδότων;

806 5059 915 5115 Sed
962 5058 1123 5120 dicis,
1173 5070 1210 5109 o
1248 5055 1349 5115 lili,
1402 5052 1531 5107 illud
1567 5066 1632 5105 ex
1688 5049 1781 5103 Dei
1833 5048 2118 5103 voluntate
2162 5058 2312 5101 esse.

2499 5036 2661 5090 Ἀλλά
2715 5035 2918 5103 λέγεις,
2946 5032 3136 5085 τέκνον
3190 5028 3368 5098 ήμῶν,
3400 5024 3546 5076 οὕτω
3578 5017 3868 5091 βούλεσθαι
3910 5018 4027 5071 τὶν

739 5152 1040 5223 Usquequo
1089 5146 1389 5202 mendaciis
1420 5143 1749 5214 perﬁdorum
1790 5151 1846 5195 tu
1876 5139 2120 5210 prudens
2154 5138 2317 5192 obse-

2416 5130 2573 5183 Θεόν.
2607 5127 2787 5197 Μέχρι
2824 5125 2973 5187 τίνος
3026 5122 3136 5175 τῶν
3185 5116 3522 5173 ἀπατεώνων
3572 5113 3856 5184 προσέξεις
3890 5116 4038 5177 τοῖς

739 5208 963 5316 quin-isi
1011 5238 1264 5308 Quandiu
1297 5208 1662 5297 illis-favebis,
1699 5234 1794 5304 qui
1844 5208 1909 5288 ex
1959 5230 2317 5301 inspiratione

2417 5224 2611 5295 λήροις
2668 5219 2938 5291 φρόνιμος
3007 5216 3121 5283 (iw;
3188 5214 3335 5277 Ἕως
3397 5211 3529 5265 πότε
3578 5208 4038 5279 παραχωρήσεις

739 5338 941 5394 diaboli
1000 5332 1153 5402 loqui
1198 5340 1468 5390 amantes,
1522 5328 1576 5381 in
1626 5342 1789 5381 aures
1835 5334 1962 5379 tuas
2014 5323 2313 5392 nequitiam

2420 5318 2533 5379 τοῖς
2590 5312 2882 5382 ἀγαπῶσιν
2937 5311 3002 5362 ὲκ
3048 5307 3144 5361 τοῦ
3196 5303 3438 5375 πονηροῦ
3476 5299 3808 5372 φθέγγεσθαι
3834 5298 4039 5348 πνεύ-

740 5425 1046 5484 inducunt?
1084 5422 1242 5487 Illud,
1297 5437 1331 5476 ο
1363 5420 1457 5485 ﬁli,
1504 5432 1613 5473 non
1654 5427 1738 5473 est
1781 5432 1970 5471 verum
2015 5391 2161 5485 quod
2204 5413 2318 5466 vult

2424 5423 2615 5476 ματος,
2645 5406 2766 5467 ταῖς
2800 5402 2922 5463 σαῖς
2952 5401 3146 5462 ἀκοαῖς
3186 5397 3285 5469 τὴν
3317 5395 3588 5465 πονηρίαν
3616 5391 3795 5444 αὐτῶν
3836 5391 4044 5441 ἔπαν-

741 5480 851 5577 non
892 5518 1061 5583 Deus,
1093 5515 1191 5573 sed
1222 5480 1324 5570 iste
1348 5529 1376 5568 a
1416 5480 1690 5584 principio
1734 5509 2013 5565 homicida
2034 5480 2315 5569 diabolus,

2421 5499 2607 5562 τλεῖν;
2638 5495 2753 5549 Οὐκ
2802 5494 2918 5546 ἐστι
2964 5491 3145 5556 τοῦτο,
3186 5492 3376 5542 τέκνον
3403 5487 3584 5558 ήμῶν,
3626 5483 3845 5553 ἀληθὲς,
3882 5480 4044 5533 οὐδὲ

741 5611 1206 5672 dissensionibus,
1264 5606 1486 5677 praeliis,
1538 5606 1715 5669 bellis,
1764 5601 2005 5657 caedibus
2046 5597 2317 5670 gaudens,

2427 5591 2676 5663 βούλεται
2705 5587 2867 5640 τοῦτο
2893 5585 3048 5650 Θεὸς,
3082 5584 3198 5639 ἀλλ’
3227 5587 3254 5637 ὁ
3281 5582 3376 5637 ἀπ’
3414 5580 3589 5650 ἀρχῆς
3617 5575 4046 5645 άνθρωποκτό-

742 5715 796 5761 et
827 5702 977 5759 omni
1017 5704 1160 5755 malo
1190 5700 1337 5772 quod
1370 5699 1425 5752 in
1462 5713 1601 5753 vana
1636 5696 1921 5750 hominum
1952 5692 2063 5746 vita
2097 5690 2322 5757 conspi-

2424 5701 2513 5746 νος
2539 5682 2812 5745 διάϐολος,
2850 5681 2879 5732 ὁ
2916 5681 3003 5732 ἀεὶ
3043 5678 3252 5748 χαίρων
3292 5677 3416 5736 ταῖς
3463 5674 3710 5731 στάσεσι,
3745 5670 3864 5730 ταῖς
3898 5668 4046 5735 μᾶ-

742 5801 907 5855 citur.
938 5797 1031 5851 llle
1056 5803 1140 5850 est
1170 5763 1263 5863 qui
1296 5792 1422 5847 talia
1454 5791 1747 5844 meditatur
1786 5798 1840 5842 et
1873 5784 2105 5854 perﬁvit,
2136 5798 2165 5836 a
2190 5796 2320 5850 qtto,

2426 5794 2576 5849 χαις,
2610 5778 2723 5840 τοῖς
2778 5775 3065 5843 πολέμοις,
3117 5774 3240 5834 ταῖς
3298 5767 3704 5839 ἀνδροφονίαις,
3745 5764 3838 5815 καὶ
3868 5763 3925 5814 εἰ
3956 5780 4053 5819 τι

748 5891 882 5958 proh
939 5887 1130 5942 dolor!
1202 5884 1318 5937 ista:
1374 5883 1715 5937 calamitates
1773 5878 2035 5947 Bulgaros
2087 5876 2227 5929 inter
2271 5881 2324 5927 ct

2430 5872 2560 5927 ἄλλο
2594 5871 2763 5926 κακὸν
2789 5870 2847 5922 ἐν
2885 5867 2963 5939 τῷ
3002 5867 3219 5938 ματαίῳ
3251 5864 3350 5935 βίῳ
3395 5864 3504 5917 τῶν
3533 5858 3836 5930 ἀνθρώπων
3864 5872 4053 5923 xm.
