4158 6430
756 404 855 466 143

1880 397 2180 457 NICDI.“
2229 396 2337 454 (ΣΡ.
2381 397 2900 459 ΡΑΤΙΠΑΒΟΙΙᾸΞ

3898 414 4003 476 1H

747 509 1001 579 colligere
1036 509 1194 574 velis.
1225 508 1423 565 similia
1466 508 1681 563 stiadet.
1715 506 1772 559 Si
1806 506 1857 559 in
1892 507 1994 563 hoc
2020 504 2317 560 Christiani

2431 504 2645 573 βούλοιο
2694 508 2930 579 συνορᾷν
2968 513 3080 573 τοῖς
3114 514 3424 585 ἔμπροσθεν
3467 520 3800 589 εἰρημένοις,
3842 524 4013 592 ὁμοία

745 610 1076 664 noscuntur,
1130 601 1271 672 quod
1327 601 1701 671 apostolorum
1750 608 1975 653 servant
2025 606 2320 669 praecepta,

744 709 1045 763 pacemque
1065 700 1270 754 ainant.
1296 692 1473 761 abjice
1496 706 1669 751 arma.
1698 690 1898 745 bellum
1925 704 2103 751 cessa,
2126 705 2322 744 manus

746 788 1012 857 sanguine
1065 785 1380 839 Christiano
1425 784 1601 840 [tedas
1646 783 1898 850 puriﬁca,
1936 791 2207 835 revertere
2254 782 2321 836 ad

746 880 983 949 priscum
1018 884 1247 943 statum,
1274 891 1508 947 agnosce
1545 884 1729 944 patres
1765 873 2093 942 fratresque,
2128 888 2322 928 rursus

749 970 973 1039 rapiens
1018 986 1237 1035 sensus,
1290 983 1427 1039 quos
1460 982 1772 1022 communis
1809 968 1861 1021 in
1916 967 2113 1037 spiritu
2164 968 2320 1034 origo

747 1061 1015 1130 praecipit,
1056 1069 1407 1128 mentemque
1440 1059 1723 1128 deponens
1752 1074 1914 1128 quam
1946 1056 2145 1111 diaboli
2177 1056 2318 1110 invi-

744 1152 833 1205 dia
894 1151 1291 1220 hominumque
1355 1151 1597 1220 nequitia
1656 1151 1993 1205 instruxere.
2055 1147 2181 1202 Haec
2234 1157 2319 1202 est

744 1241 1030 1297 verissima
1093 1257 1232 1312 pax,
1279 1255 1446 1310 quam
1503 1256 1609 1295 non
1662 1241 1807 1294 valet
1862 1255 2017 1294 error
2062 1238 2314 1304 auferre,

741 1331 955 1386 scilicet
990 1333 1149 1387 finem
1184 1332 1338 1387 bellis
1362 1333 1671 1399 imponere,
1694 1331 1978 1401 sanguinis
2001 1329 2317 1385 eﬂ’usionenr

743 1424 1015 1487 inhibere,
1048 1423 1243 1492 Opibus
1293 1421 1706 1490 honoribusque
1750 1432 2069 1497 contentum
2119 1421 2320 1485 vivere,

742 1531 883 1583 qua},
930 1516 1041 1567 Deo
1094 1513 1436 1583 providente,
1486 1528 1552 1567 ex
1605 1514 1844 1583 potentia
1892 1522 1948 1567 et
1989 1528 2018 1566 a
2072 1513 2321 1582 patribus

740 1606 1039 1677 accepiSti,
1102 1606 1238 1660 ﬁnes
1290 1620 1511 1661 servare
1561 1619 1591 1659 a
1652 1605 1901 1675 patribus
1953 1606 2317 1667 constitutos.

746 1715 1053 1769 paremque
1082 1699 1348 1767 Bulgaros
1391 1700 1534 1753 inter
1570 1706 1624 1750 ct
1657 1696 1933 1751 Romanos
1966 1699 2155 1752 ictam.
2193 1713 2318 1751 cum

741 1790 809 1844 ad
842 1792 1047 1844 Christi
1097 1790 1299 1859 Deique
1336 1790 1615 1843 notionem
1657 1788 1907 1843 venistis.
1941 1788 2051 1844 llas
2085 1794 2129 1844 si
2168 1793 2322 1861 cogi-

743 1881 981 1933 tatiOnes
1034 1878 1437 1948 acceperimus,
1486 1896 1595 1933 non
1651 1879 1849 1934 valebit
1894 1880 2144 1934 diabolus
2196 1898 2321 1935 tum

740 1981 854 2024 toto
878 1973 1124 2025 exercitu
1159 1987 1345 2041 pacetn
1378 1980 1619 2027 nostram
1656 1974 1891 2026 diruere.
1926 1971 2030 2028 Sed
2056 1976 2321 2043 (inquies)

745 2065 887 2118 ιιι-ηε
919 2066 1112 2119 statuit
1151 2080 1254 2119 nos
1301 2063 1609 2118 Romanum
1658 2064 1946 2133 imperium
1985 2076 2322 2136 expugnatu—

745 2171 852 2211 ros.
894 2155 1076 2210 Fallax
1111 2156 1483 2219 ratiocinium,
1521 2157 1775 2210 indecora
1818 2157 2097 2226 cogitatio,
2139 2160 2320 2213 incer-

743 2254 939 2313 tusque
968 2243 1089 2299 linis
1121 2244 1462 2313 propositus.
1496 2243 1651 2298 Multi
1689 2260 1877 2314 parum
1907 2249 2149 2300 contenti
2180 2264 2319 2318 prte-

745 2332 1017 2397 sentibus,
1069 2334 1445 2404 amplioraqne
1489 2336 1862 2397 obtenlantes,
1892 2351 1951 2389 ea
2002 2353 2123 2405 qute
2169 2342 2323 2408 prius

748 2424 1115 2493 possederant
1140 2424 1513 2494 perdiderunt.
1547 2426 1624 2479 Ita
1652 2441 1737 2480 res
1766 2428 2040 2490 humanae,
2074 2427 2319 2493 lubricat,

746 2518 1050 2572 instabiles.
1082 2517 1196 2572 Nisi
1230 2517 1377 2572 Deus
1406 2519 1564 2573 aliter
1594 2520 1851 2581 voluerit,
1894 2529 2110 2586 oportet
2141 2521 2320 2573 homi-

745 2624 868 2662 nem
898 2610 986 2678 qui
1014 2609 1241 2663 conlidit
1270 2624 1330 2664 se
1363 2623 1393 2662 a
1427 2608 1537 2663 Deo
1568 2608 1771 2679 aliquid
1821 2621 2195 2679 accepturum,
2230 2611 2322 2664 Dei

742 2702 1008 2772 “udicium
1030 2710 1368 2771 exspectare.
1396 2700 1475 2753 Ex
1502 2716 1568 2754 eo
1592 2702 1769 2754 solum
1794 2711 2007 2767 sperata
2030 2701 2321 2769 obtinebit,

746 2793 943 2847 nedum
985 2792 1040 2844 in
1088 2791 1475 2855 mactationes,
1508 2790 1704 2853 caedes,
1734 2791 1848 2842 sive
1889 2791 1993 2841 alia
2027 2805 2147 2858 quae
2186 2793 2324 2843 Deus

746 2884 942 2945 oderit,
975 2888 1316 2952 prorumpat.
1359 2880 1636 2944 Quasnam
1681 2879 1827 2933 enim
1867 2878 1949 2931 sic
1996 2878 2322 2948 aggredere-

748 2976 863 3030 ris?
916 2974 1033 3027 Non
1086 2983 1276 3043 gentes
1312 2971 1404 3024 Dei
1461 2972 1701 3039 ignaras,
1751 2984 1781 3022 a
1826 2968 2048 3022 Christo
2092 2969 2320 3033 alienas,

749 3069 903 3121 vobis
945 3066 1196 3131 infestas,
1249 3064 1339 3116 sed
1404 3072 1609 3131 patres,
1666 3060 1884 3124 fratres,
1933 3060 2180 3114 homines
2228 3061 2320 3125 qni

752 3161 923 3225 vobis,
965 3160 1119 3227 quasi
1176 3156 1304 3209 (iliis
1350 3156 1485 3217 suis,
1539 3153 1842 3207 consulturi
1871 3153 2088 3205 fuerunt
2138 3151 2321 3219 positi.

750 3250 909 3306 Tales
950 3250 1215 3303 adversus
1255 3246 1504 3300 homines
1540 3244 1773 3298 barbaro
1824 3244 1877 3296 in
1913 3243 2075 3295 tnodo
2121 3243 2323 3295 bellum

750 3342 1092 3410 suscepistis,
1116 3338 1405 3395 consilium
1431 3336 1755 3407 arripientes
1778 3335 1955 3389 standi
1978 3334 2031 3386 in
2055 3335 2245 3395 armis,
2275 3343 2330 3387 et

753 3433 1051 3502 usurpandi
1080 3432 1368 3499 imperium
1399 3427 1697 3483 Christiani
1722 3426 2005 3495 sanguinis
2038 3424 2323 3491 eiiusionc,

751 3526 1112 3598 impossibilia
1152 3526 1233 3581 sic
1268 3524 1601 3579 adorientes.

2422 604 2686 668 παραινεί
2716 617 2731 635 ο
2766 602 2815 656 εί
2854 602 2963 674 γάρ
2986 605 3045 656 ἐν
3082 608 3260 677 τούτῳ
3277 608 3638 678 γνωρίζονται
3664 615 4013 684 Χριστιανοὶ,

2420 694 2479 743 ἐν
2514 692 2591 761 τῷ
2642 694 2938 760 φυλάττειν
2960 696 3070 749 τῶν
3118 698 3438 755 ἀποστόλων
3481 703 3579 765 τὰς
3611 705 3907 773 διατάξεις,
3950 714 4014 761 ἐν

2424 782 2501 852 τῷ
2566 784 2789 853 ἀγαπᾷν
2848 787 3098 857 εἰρήνην,
3128 789 3284 856 ῥῖψον
3334 793 3404 844 τὰ
3453 792 3614 860 ὅπλα,
3647 801 3890 853 κατάθου
3920 802 4015 853 τον

2426 873 2682 945 πόλεμον,
2738 876 2980 946 κάθαρον
3003 880 3099 942 τὰς
3130 882 3316 950 χεῖρας
3358 884 3421 935 ἐκ
3455 885 3564 939 τῶν
3604 886 4015 955 Χριστιανικῶν

2425 968 2703 1034 αἱμάτων,
2756 968 3004 1039 ἐπάνηκε
3066 974 3147 1033 εἰς
3200 974 3300 1041 τὴν
3353 974 3589 1044 ἀρχαίαν
3651 982 4018 1049 κατάστασιν,

2424 1058 2695 1125 ἐπίγνωθι
2756 1062 2884 1123 τοῦς
2942 1062 3187 1132 πατέρας
3234 1066 3331 1118 καὶ
3390 1066 3685 1137 ἀδελφοὺς,
3720 1073 4015 1127 ἀναλαϐὼν

2424 1150 2670 1204 διάθεσιν
2700 1153 2766 1222 ἢν
2794 1155 2825 1223 ἡ
2872 1153 2937 1207 ἐκ
2967 1153 3061 1207 τοῦ
3087 1156 3403 1224 πνεύματος
3426 1160 3716 1227 συγγένεια
3738 1164 4013 1234 βούλεται,

2429 1243 2524 1293 καὶ
2560 1242 2830 1296 κατάλιπε
2868 1245 2967 1315 τὴν
2994 1246 3219 1316 γνώμην
3268 1248 3405 1319 πρὸς
3432 1250 3497 1319 ἧν
3520 1251 3786 1319 βασκανία
3819 1257 4015 1326 δαίμο-

2431 1349 2518 1395 νος
2554 1334 2649 1387 καὶ
2704 1334 3016 1405 ἀνθρώπων
3073 1341 3307 1409 πονηρία
3371 1345 3795 1402 κατεσκεύασεν.
3858 1350 4016 1421 Αὕτη

2422 1424 2571 1477 ἐστὶν
2594 1426 2668 1488 ώς
2688 1427 2906 1495 ἀληθῶς
2928 1428 3143 1497 εἰρήνη,
3166 1430 3233 1499 ἦν
3258 1431 3358 1485 οὐκ
3390 1432 3568 1502 ἰσχύει
3586 1437 3764 1507 πλάνη
3796 1438 4015 1509 ἐξᾶραι,

2427 1516 2489 1565 τὸ
2519 1515 2797 1586 παυθῆναι
2837 1516 2961 1579 τοὺς
2983 1516 3277 1585 πολέμους,
3306 1521 3366 1570 τὸ
3396 1523 3739 1590 ἀνακοπῆναι
3766 1527 3861 1587 τὰς
3898 1527 4013 1578 τῶν

2429 1604 2682 1672 αἱμάτων
2723 1606 2935 1674 χύσεις,
2972 1608 3032 1659 τὸ
3078 1608 3365 1676 ἀρκεῖσθαί
3397 1626 3455 1661 σε
3487 1614 3551 1681 τῇ
3596 1612 3748 1683 παρὰ
3776 1615 3909 1668 Θεοῦ
3954 1616 4017 1680 ἐξ

2430 1696 2606 1765 ἀρχῆς
2641 1695 2736 1748 καὶ
2764 1698 2826 1748 ἐκ
2852 1696 2961 1749 τῶν
2992 1700 3245 1768 πατέρων
3270 1699 3532 1771 δεδομένῃ
3556 1718 3637 1755 σοι
3670 1706 3886 1773 ἐξουσίᾳ
3919 1711 4017 1759 καὶ

2427 1792 2587 1859 τιμῇ,
2616 1789 2677 1841 τὺ
2712 1789 2788 1860 μὴ
2815 1791 3168 1860 ὑπερϐαίνειν
3211 1791 3334 1859 ὅρια
3371 1792 3406 1844 ἃ
3459 1794 3642 1847 ἔθεντο
3682 1798 3730 1849 οί
3766 1799 4016 1868 πατέρες

2432 1897 2547 1946 σου,
2584 1882 2678 1934 καὶ
2710 1882 2809 1949 τὴν
2835 1882 3044 1949 μεταξὺ
3083 1882 3409 1950 Βουλγάρων
3450 1885 3544 1936 καὶ
3586 1885 3891 1956 Ῥωμαίων,
3918 1889 4013 1941 ὅτε

2430 1973 2521 2022 τὸν
2580 1973 2815 2040 Χριστὸν
2845 1973 3122 2040 ἐπέγνωτε
3164 1973 3258 2026 καὶ
3286 1974 3442 2037 Θεὸν,
3490 1980 4019 2045 συμπεφωνημένην

2428 2061 2675 2132 εἰρήνην.
2719 2063 2779 2114 Εἰ
2836 2054 3011 2127 οὕτως
3056 2066 3387 2135 φρονοῦμεν,
3426 2067 3596 2131 ὅντως
3631 2066 3751 2119 οὐδὲ
3785 2069 3947 2131 αὐτὸς
3984 2072 4016 2120 ὁ

2425 2152 2673 2216 διάϐολος
2724 2155 2863 2224 μετὰ
2904 2156 3087 2225 πάσης
3131 2158 3299 2209 αὑτοῦ
3338 2162 3439 2228 τῆς
3494 2161 3758 2231 στρατιᾶς
3787 2176 4015 2229 κεκινη-

2436 2247 2598 2314 μένος
2634 2248 2991 2318 παρατρέψαι
3033 2248 3133 2317 τὴν
3152 2248 3291 2319 πρὸς
3317 2250 3374 2302 σὲ
3404 2251 3631 2318 εἰρήνην
3667 2252 3822 2321 ἡμῶν
3848 2252 4015 2322 δυνή-

2429 2351 2609 2387 σεται.
2648 2335 2779 2399 Ναὶ,
2811 2337 2947 2389 ἀλλὰ
2983 2337 3233 2408 βούλημα
3265 2337 3401 2390 Θεοῦ
3440 2337 3538 2408 τὴν
3566 2339 3675 2391 τῶν
3715 2340 4016 2407 Ῥωμαίων

2426 2426 2677 2491 ἐξουσίαν
2712 2430 2859 2496 ὑμᾶς
2904 2429 3125 2482 λαϐεῖν·
3158 2431 3483 2499 ἐπισφαλεῖς
3521 2433 3571 2484 οἱ
3601 2432 3873 2500 λογισμοὶ,
3908 2432 4015 2483 οὐκ

2424 2515 2705 2587 εὐπρεπὴς
2736 2519 2769 2586 ὴ
2800 2517 3122 2589 ἐνθύμησις,
3161 2520 3353 2589 ἄδηλον
3376 2521 3435 2572 τὸ
3466 2521 3617 2583 τέλος
3647 2522 3724 2583 εἰς
3746 2522 3772 2573 ὃ
3800 2539 4009 2574 καταν-

2429 2607 2680 2673 τήσεται.
2708 2607 2900 2660 Πολλοὶ
2924 2612 3035 2672 τοίς
3058 2611 3194 2672 τέως
3215 2610 3451 2679 παροῦσι
3483 2613 3558 2679 μὴ
3582 2611 4011 2679 ἐπαρκούμενοι,

2433 2695 2570 2746 ἀλλά
2615 2698 2754 2766 πρὸς
2786 2698 3012 2751 πλείονα
3046 2699 3527 2769 ὑπερεκτείιοντες
3565 2702 3815 2766 ἑαυτοὺς,
3845 2702 3940 2752 καὶ
3977 2700 4018 2752 5t

2414 2785 2564 2853 ,τέως
2597 2780 2763 2854 εἶχον.
2801 2789 3260 2855 προσαπώλεσαν.
3313 2791 3498 2853 Οῦτιυς
3538 2793 3660 2845 ἐστὶ
3687 2795 3753 2843 τά
3790 2793 4007 2859 ἀνθρώ-

2430 2894 2561 2929 πινα
2583 2880 2907 2947 πράγματα,
2930 2878 3105 2943 οὕτως
3135 2881 3413 2950 ἐπισφαλῆ
3444 2883 3537 2935 καὶ
3576 2882 3834 2935 ἀϐέϐαια·
3868 2887 4016 2951 πλὴν

2432 2968 2480 3018 εί
2522 2968 2775 3038 βούλημα
2798 2970 2959 3034 Θεοῦ,
2992 2972 3074 3023 δεῖ
3098 2972 3191 3023 τὸν
3232 2972 3375 3025 οῦτω
3416 2973 3715 3026 πεποιθότα
3740 2974 3814 3037 ὡς
3839 2975 4017 3044 λήψε-

2428 3061 2520 3111 ταί
2566 3077 2617 3111 τι
2651 3062 2804 3130 παρὰ
2856 3061 3022 3129 Θεοῦ,
3064 3063 3277 3117 ἐκείνου
3330 3065 3650 3135 περιμένειν
3680 3065 3779 3134 τὴν
3804 3068 4020 3133 κρίσιν,

2431 3150 2643 3203 ἐκεῖθεν
2682 3152 3004 3221 ἐκδέχεσθαι
3031 3156 3131 3222 τὴν
3155 3156 3433 3224 ἀπόληψιν
3464 3156 3575 3208 τῶν
3610 3156 4017 3225 ἐλπιζομένων.

2436 3243 2569 3295 ἀλλὰ
2615 3245 2692 3313 μὴ
2721 3244 2853 3313 πρὸς
2884 3247 2981 3308 τάς
3018 3248 3255 3314 σφαγάς,
3291 3246 3425 3315 πρὸς
3459 3247 3585 3309 τοῦς
3620 3250 3837 3315 φόνους,
3873 3250 4017 3316 πρὸς

2437 3332 2470 3384 ἃ
2502 3334 2812 3401 μεμίσηκεν
2841 3338 2867 3386 ὁ
2898 3335 3029 3395 θεὸς
3064 3338 3332 3406 ὲφορμᾷν.
3357 3339 3468 3389 Καὶ
3496 3338 3619 3389 τότε
3656 3336 3789 3406 πρὸς
3822 3336 4015 3402 τίνας;

2438 3425 2513 3477 υύ
2541 3427 2675 3494 πρὶς
2705 3427 2832 3496 ἔθνη
2889 3428 2955 3479 τά
2992 3429 3065 3497 μὴ
3098 3429 3275 3481 εἰδότα
3303 3429 3456 3494 Θεὸν,
3496 3429 3556 3481 οὐ
3590 3429 3725 3498 πρὸς
3762 3429 3886 3481 λαὸν
3919 3432 4020 3483 ἀλ-

2436 3518 2652 3587 λότριον
2677 3521 2770 3572 τοῦ
2800 3522 3065 3590 Χριστοῦ,
3116 3525 3177 3573 οὐ
3217 3524 3354 3591 πρὸς
3387 3523 3710 3591 ἀνθρώπους
3737 3522 4021 3590 διακειμέ-

756 3640 881 3686 νους
915 3620 1191 3692 πολεμίως
1213 3619 1349 3689 πρὸς
1383 3619 1546 3687 ὑμᾶς,
1577 3616 1712 3670 ἀλλὰ
1744 3615 1876 3685 πρὸς
1906 3615 2170 3686 πατέρας,
2201 3612 2336 3682 πρὸς
2372 3613 2659 3682 ἀδελφοὺς,
2721 3617 2857 3686 πρὸς
2890 3616 3163 3681 τοιούτους
3240 3617 3583 3688 ἀνθρώπους,
3624 3618 3671 3669 οἳ
3708 3619 3779 3679 ὠς
3807 3618 4019 3668 τέκνων

755 3713 910 3786 ὑμῶν
970 3712 1212 3765 ἐτίθεντο
1289 3712 1577 3782 πρόνοιαν,
1643 3708 1778 3778 πρὸς
1844 3706 2118 3769 τοιούτους
2181 3704 2693 3775 ἐξεϐαρϐαρώθητε,
2778 3708 3247 3779 ἐξεπολεμώθητε,
3322 3715 3417 3761 καί
3489 3711 3765 3780 ἡγήσασθε
3830 3710 3890 3761 τ),
3955 3710 4018 3759 έν

749 3810 863 3869 τοίς
918 3804 1203 3876 ὑμετέροις
1252 3802 1437 3865 ὅπλοις
1478 3801 1715 3862 κεῖσθαι,
1760 3803 1851 3852 καὶ
1920 3802 1987 3869 τῇ
2020 3798 2239 3868 ἐκχύσει
2277 3798 2385 3851 τῶν
2425 3800 2825 3868 Χριστιανικῶν
2870 3803 3120 3869 αἱμάτων
3190 3803 3526 3873 παρελέσθαι
3575 3806 3673 3872 τὴν
3706 3803 3877 3870 ἀρχὴν
3912 3807 4017 3855 καὶ

756 3898 1054 3968 βασιλείαν,
1093 3897 1373 3958 ἀδυνάτοις
1406 3898 1503 3966 μὲν
1536 3893 1968 3963 ἐπιχειροῦντες.

824 4076 882 4132 In
942 4079 1125 4130 animo
1192 4072 1487 4127 habueram
1542 4071 1755 4140 singula
1804 4083 2036 4139 qumque
2088 4066 2331 4136 epistola:

755 4181 862 4224 tua:
892 4166 1246 4238 perpendere;
1285 4166 1376 4219 sed
1422 4172 1711 4232 postquam
1754 4161 1902 4215 illius
1944 4161 2326 4214 verbositatcm

759 4259 995 4314 intellexi
1024 4258 1089 4310 ad
1126 4270 1292 4309 unum
1316 4264 1369 4309 et
1394 4254 1531 4308 idem
1557 4253 1795 4318 tendere,
1832 4252 1973 4319 quod
2006 4252 2097 4305 tibi
2127 4267 2155 4303 ιι
2180 4251 2328 4321 prin-

758 4352 900 4422 cipio
945 4364 1121 4420 usque
1178 4346 1356 4400 adhuc
1413 4345 1768 4415 proposuisti,
1816 4359 1922 4399 non
1959 4352 2326 4413 opportunum

758 4443 887 4497 duxi
938 4440 1249 4510 singulatim
1298 4438 1538 4506 epistola:
1594 4435 1942 4506 respondere,
1992 4450 2059 4489 ne
2106 4433 2159 4485 in
2209 4432 2329 4486 loco

2528 4064 2893 4134 Ἐϐουλόμεθα
2920 4066 3260 4119 καθέκαστον
3292 4065 3565 4130 ἐπεξιέναι
3598 4069 3677 4137 τῷ
3701 4069 4012 4137 γράμματι,

2434 4154 2551 4211 ἀλλ’
2584 4156 2667 4207 ὅτι
2704 4153 3022 4223 συνείδομεν
3060 4154 3161 4225 τὴν
3191 4152 3287 4205 τοῦ
3316 4154 3646 4224 γράμματος
3675 4156 3829 4225 ὑμῶν
3860 4160 4018 4211 7.03.9-

2434 4249 2622 4317 λογίαν
2639 4246 2777 4317 πρὸς
2807 4247 2903 4299 ἕνα
2926 4248 3021 4299 καὶ
3054 4246 3146 4299 τὸν
3181 4247 3343 4299 αὑτὸν
3374 4248 3577 4301 σκοπὸν
3608 4250 4012 4315 συντείνουσαν,

2435 4344 2603 4411 ὅνπερ
2633 4343 2727 4395 ἀπ’
2759 4342 2939 4412 ἀρχῆς
2958 4344 3054 4396 καὶ
3080 4344 3245 4411 μέχρι
3280 4342 3377 4395 τοῦ
3415 4342 3511 4395 νῦν
3536 4344 3877 4410 ἀνεδέξασθε,
3911 4348 4017 4400 οὐκ

2436 4432 2614 4497 ἔδοξεν
2647 4433 2791 4503 ἔχειν
2825 4434 3008 4496 καλῶς
3040 4435 3177 4504 πρὸς
3207 4434 3439 4487 ἕκαστον
3471 4435 3867 4505 ἀποκρίνεσθαι
3903 4440 4015 4489 τῶν

758 4532 999 4604 epistola:
1031 4532 1229 4584 librum
1285 4528 1520 4582 scribere
1565 4526 1798 4592 viderer,
1832 4526 1995 4580 nimia
2026 4534 2078 4578 te
2126 4522 2324 4577 verbo-

2438 4525 2863 4595 γεγραμμένων,
2896 4524 2981 4576 ῐνα
3010 4524 3085 4593 μὴ
3113 4525 3233 4576 ἀντὶ
3252 4527 3597 4595 γραμμάτων
3620 4528 3801 4597 βίϐλον
3830 4530 4015 4595 φανῶ·

762 4643 881 4683 rutn
908 4626 1065 4694 copia
1090 4625 1209 4678 sine
1231 4621 1461 4674 utilitate
1483 4617 1802 4687 defatigatis.
1832 4615 2039 4686 itaque,
2070 4616 2332 4684 prolixius

763 4720 1000 4775 scribere
1031 4716 1323 4777 desistens,
1371 4714 1486 4767 Ιιαιε
1533 4711 1879 4765 solummodo
1928 4708 2102 4764 dicam
2158 4729 2169 4763 :
2222 4708 2335 4764 Me-

763 4818 969 4875 mento,
1003 4824 1036 4863 o
1069 4808 1167 4872 ﬁli,
1211 4808 1369 4861 istius
1403 4805 1571 4874 elapsi
1618 4806 1903 4872 temporis,
1927 4819 2056 4873 quo,
2098 4804 2336 4872 Spiritus

762 4904 939 4959 sancti
974 4902 1195 4956 vinculo
1218 4898 1498 4961 astrictus,
1534 4898 1588 4951 in
1609 4909 1796 4950 amore
1829 4896 1999 4965 patris
2025 4905 2077 4949 et
2102 4895 2335 4963 impera-

763 4996 919 5059 toris,
946 5005 1003 5048 ut
1053 4994 1198 5047 lilius
1250 4991 1503 5053 dilectus,
1558 4988 1809 5053 vivebas;
1853 4996 2128 5042 memento
2188 4988 2332 5041 illius

762 5091 913 5156 pacis
947 5084 1323 5148 sanctissimae,
1357 5096 1477 5151 qua“:
1503 5088 1655 5135 tanto
1685 5096 1809 5133 cum
1851 5079 2054 5134 honore
2078 5078 2336 5149 Bulgaros

765 5184 905 5235 inter
948 5188 1003 5233 et
1045 5178 1322 5231 Romanos
1368 5174 1602 5244 vigebat,
1630 5188 1752 5228 cum
1798 5172 2208 5227 sanctissimum
2243 5172 2333 5226 Dei

768 5288 961 5325 nomen
994 5272 1060 5323 ab
1094 5280 1327 5337 utroque
1351 5266 1548 5336 popqu
1569 5280 1676 5319 una
1706 5273 1884 5319 mente
1914 5264 2333 5333 glorilicaretur,

764 5377 888 5416 cum
921 5360 1176 5413 diabolus
1236 5359 1465 5425 ejusque
1503 5355 1636 5409 socii
1674 5354 1944 5408 daemones
1990 5352 2333 5406 securitatem

766 5466 1025 5513 vestram,
1048 5451 1346 5504 fraternum
1382 5461 1647 5508 amorem,
1672 5451 1791 5514 pios
1811 5452 2135 5512 sanctosque
2160 5459 2336 5496 moi-es

766 5552 1048 5613 gemerent
1093 5552 1146 5595 et
1191 5542 1636 5600 lamentarentur,
1686 5552 1808 5589 cum
1852 5535 2136 5604 Bnlgaros,
2164 5548 2197 5586 o
2238 5534 2333 5595 liti,

765 5650 919 5689 suam
972 5645 1171 5686 terram
1235 5632 1511 5699 ingressos
1557 5626 1784 5681 Romani
1838 5642 1961 5678 cum
2019 5626 2217 5695 gaudio
2278 5633 2331 5676 et

770 5727 1102 5792 benignitate
1139 5721 1472 5789 exciperent,
1510 5733 1711 5787 vosque
1752 5715 2017 5770 Romanis
2047 5717 2334 5769 advenien-

770 5822 912 5877 tiuus
970 5834 1093 5873 cum
1155 5816 1341 5871 laetitia
1391 5823 1443 5865 et
1487 5811 1845 5865 exsultatione
1902 5808 2332 5862 oldectarernini.

2447 4635 2543 4687 μεν
2583 4616 2910 4686 γράφοντες,
2936 4616 3028 4667 καὶ
3060 4616 3461 4683 συγκόπτοντες
3486 4617 3587 4683 μὲν
3612 4618 3673 4670 σὲ
3708 4623 3773 4687 τῇ
3809 4619 4015 4691 πολυρο

2441 4707 2747 4778 ρημοσύνῃ,
2811 4706 2978 4777 μηδὲν
3014 4706 3067 4758 δέ
3109 4707 3241 4768 ἴσως
3290 4706 3648 4774 ὠφελοῦντες.
3697 4710 3797 4760 Δια
3852 4710 4015 4761 τοῦτο

2439 4798 2835 4860 καταλιπόντες
2866 4799 2925 4850 τὸ
2975 4797 3200 4851 πλείονα
3246 4800 3498 4869 γράφειν,
3530 4800 3690 4853 τοῦτό
3746 4819 3827 4853 σοι
3876 4805 4018 4871 γρά-

2438 4905 2645 4960 φομεν
2701 4890 3013 4960 Μνήσθητι,
3062 4891 3251 4943 τέκνον
3291 4891 3466 4959 ἡμῶν,
3518 4892 3739 4963 ἡμερῶν
3768 4894 4016 4963 ἀρχαίων

2439 4983 2690 5045 ἐκείνων,
2743 4981 2830 5033 ὅτε
2857 4980 2935 5050 τῷ
2968 4981 3153 5050 δεσμῷ
3176 4981 3269 5034 τοῦ
3297 4982 3452 5047 ἁγίου
3481 4982 3796 5051 Πνεύματος
3822 4984 4016 5035 συνδε-

2437 5072 2662 5141 δεμένος
2684 5070 2981 5141 ἐτύγχανε;
3010 5075 3076 5141 τῇ
3112 5074 3207 5124 τοῦ
3259 5074 3466 5143 πατρὶς
3509 5076 3602 5126 καὶ
3636 5075 3900 5143 βασιλέως
3938 5076 4017 5138 ὡς

2441 5167 2556 5229 uio;
2579 5165 2828 5229 ποθεινὸς
2854 5167 3075 5235 ἁγάπγγ
3120 5165 3390 5235 μνήσθητι
3424 5166 3523 5233 τῆς
3570 5166 3743 5235 καλῆς
3794 5167 4018 5233 ἐκείνης

2443 5260 2539 5311 καὶ
2604 5258 2766 5323 ἀγιας
2800 5256 3004 5326 μεταξὺ
3051 5255 3337 5325 Ῥωμαίων
3367 5256 3463 5308 καὶ
3498 5254 3825 5325 Βουλγάρων
3863 5258 4020 5324 εἰρή-

2440 5368 2560 5421 νης,
2598 5349 2699 5418 τῆς
2758 5348 3019 5416 γλυκείας
3079 5347 3548 5419 συναναστροφῆς,
3597 5348 3696 5416 τῆς
3734 5349 4020 5417 ἀταράχολ

2439 5440 2608 5510 ζωῆς,
2643 5442 2732 5493 ὅτε
2764 5440 2892 5503 Θεὸς
2929 5442 3213 5506 ἐδοξάζετο
3250 5442 3348 5511 μιᾷ
3381 5442 3475 5492 καὶ
3513 5439 3659 5509 ψυχῇ
3695 5438 3792 5491 καὶ
3818 5441 4023 5511 γνώμῃ

2438 5533 2766 5602 Βουλγάρων
2817 5533 2913 5586 καὶ
2945 5531 3235 5599 Ῥωμαίων
3280 5533 3338 5584 τὸ
3375 5532 3640 5599 πανάγιον
3672 5531 3841 5599 δνομα
3868 5532 4027 5596 δοξα.

2439 5629 2665 5692 ζόντων,
2693 5627 2779 5679 ὅτε
2802 5626 3047 5689 διάϐολος
3074 5629 3167 5678 καί
3189 5626 3238 5677 οἰ
3266 5626 3362 5677 σῦν
3386 5624 3535 5693 αὖτῷ
3562 5622 3817 5691 δαίμονες
3846 5626 4031 5691 ὀρῶν-

2437 5738 2527 5781 τες
2560 5721 2656 5788 τὴν
2689 5717 2844 5786 ὑμῶν
2873 5720 3173 5789 σωτηρίαν,
3206 5718 3264 5768 τὸ
3300 5716 3647 5785 φιλάδελφον,
3683 5717 3771 5767 τὸν
3810 5716 4028 5787 εὗσεεῆ

2440 5812 2531 5865 καὶ
2578 5812 2721 5866 ὅσιον
2790 5813 3016 5881 τρόπον,
3070 5812 3336 5882 ἐθρήνουν
3384 5826 3439 5861 τε
3483 5810 3575 5861 καὶ
3607 5809 3899 5867 ὠδύραντο,
3931 5810 4027 5863 ὅτε
