  <div class='ocr_page' id='page_1' title='image "/cluster/home/n/w/nwhite01/storage/ocr_20150623/111/nnc1.0046979743/081.png"; bbox 0 0 4158 6430; ppageno 0'>
   <div class='ocr_carea' id='block_1_1' title="bbox 740 344 837 410">
    <p class='ocr_par' dir='ltr' id='par_1_1' title="bbox 740 344 837 410">
     <span class='ocr_line' id='line_1_1' title="bbox 740 344 837 410; baseline 0 0"><span class='ocrx_word' id='word_1_1' title='bbox 740 344 837 410; x_wconf 75' lang='grc'><strong>147</strong></span> 
     </span>
    </p>
   </div>
   <div class='ocr_carea' id='block_1_2' title="bbox 1880 364 2900 437">
    <p class='ocr_par' dir='ltr' id='par_1_2' title="bbox 1880 364 2900 437">
     <span class='ocr_line' id='line_1_2' title="bbox 1880 364 2900 437; baseline 0.012 -12"><span class='ocrx_word' id='word_1_2' title='bbox 1880 364 2183 427; x_wconf 81' lang='lat' dir='ltr'><strong>NICOLAI</strong></span> <span class='ocrx_word' id='word_1_3' title='bbox 2229 370 2339 432; x_wconf 69' lang='grc' dir='ltr'><strong>(ΣΡ.</strong></span> <span class='ocrx_word' id='word_1_4' title='bbox 2386 372 2900 437; x_wconf 66' lang='grc' dir='ltr'><strong>ΡΑΤΒΙΑΒΕΗᾸί</strong></span> 
     </span>
    </p>
   </div>
   <div class='ocr_carea' id='block_1_3' title="bbox 3901 393 4007 459">
    <p class='ocr_par' dir='ltr' id='par_1_3' title="bbox 3901 393 4007 459">
     <span class='ocr_line' id='line_1_3' title="bbox 3901 393 4007 459; baseline 0.019 -2"><span class='ocrx_word' id='word_1_5' title='bbox 3901 393 4007 459; x_wconf 69' lang='grc'><strong>148</strong></span> 
     </span>
    </p>
   </div>
   <div class='ocr_carea' id='block_1_4' title="bbox 734 459 2282 572">
    <p class='ocr_par' dir='ltr' id='par_1_4' title="bbox 734 459 2282 572">
     <span class='ocr_line' id='line_1_4' title="bbox 734 459 2282 536; baseline 0.013 -26"><span class='ocrx_word' id='word_1_6' title='bbox 734 473 854 526; x_wconf 67' lang='lat' dir='ltr'><strong>qum</strong></span> <span class='ocrx_word' id='word_1_7' title='bbox 882 459 935 513; x_wconf 92' lang='lat' dir='ltr'><strong>in</strong></span> <span class='ocrx_word' id='word_1_8' title='bbox 964 460 1150 517; x_wconf 87' lang='lat' dir='ltr'><strong>animo</strong></span> <span class='ocrx_word' id='word_1_9' title='bbox 1175 462 1340 518; x_wconf 83' lang='lat' dir='ltr'><strong>habes</strong></span> <span class='ocrx_word' id='word_1_10' title='bbox 1367 462 1741 529; x_wconf 74' lang='lat' dir='ltr'><strong>manifestare.</strong></span> <span class='ocrx_word' id='word_1_11' title='bbox 1766 470 1868 525; x_wconf 84' lang='lat' dir='ltr'><strong>nisi</strong></span> <span class='ocrx_word' id='word_1_12' title='bbox 1892 471 2050 536; x_wconf 88' lang='lat' dir='ltr'><strong>duos,</strong></span> <span class='ocrx_word' id='word_1_13' title='bbox 2085 476 2282 530; x_wconf 82' lang='lat' dir='ltr'><strong>alterm</strong></span> 
     </span>
     <span class='ocr_line' id='line_1_5' title="bbox 734 548 2232 572; baseline 0 0"><span class='ocrx_word' id='word_1_14' title='bbox 734 548 919 572; x_wconf 52' lang='grc' dir='ltr'><strong>ηκΙιη...</strong></span> <span class='ocrx_word' id='word_1_15' title='bbox 965 566 1079 572; x_wconf 67' lang='lat'><strong>--__._</strong></span> <span class='ocrx_word' id='word_1_16' title='bbox 1122 554 1229 572; x_wconf 27' lang='lat' dir='ltr'><strong>“te-</strong></span> <span class='ocrx_word' id='word_1_17' title='bbox 1278 569 1367 572; x_wconf 27' lang='grc' dir='ltr'><strong>μή-</strong></span> <span class='ocrx_word' id='word_1_18' title='bbox 1399 555 1436 572; x_wconf 32' lang='grc' dir='ltr'>ιε</span> <span class='ocrx_word' id='word_1_19' title='bbox 1489 571 1495 572; x_wconf 59' lang='lat'><strong><em>,</em></strong></span> <span class='ocrx_word' id='word_1_20' title='bbox 1657 569 1665 572; x_wconf 84' lang='lat'><em>_</em></span> <span class='ocrx_word' id='word_1_21' title='bbox 1749 564 1758 571; x_wconf 92' lang='lat'><strong>.</strong></span> <span class='ocrx_word' id='word_1_22' title='bbox 1848 562 1889 572; x_wconf 74' lang='grc'><strong>,-</strong></span> <span class='ocrx_word' id='word_1_23' title='bbox 2059 565 2113 572; x_wconf 89' lang='grc'><strong>..-</strong></span> <span class='ocrx_word' id='word_1_24' title='bbox 2222 569 2232 572; x_wconf 86' lang='grc'><strong>-</strong></span> 
     </span>
    </p>
   </div>
   <div class='ocr_carea' id='block_1_5' title="bbox 2388 459 4005 572">
    <p class='ocr_par' dir='ltr' id='par_1_5' title="bbox 2388 485 4005 572">
     <span class='ocr_line' id='line_1_6' title="bbox 2388 485 4005 572; baseline 0.018 -40"><span class='ocrx_word' id='word_1_25' title='bbox 2388 485 2827 550; x_wconf 70' lang='grc' dir='ltr'><strong>,κατεχομένους</strong></span> <span class='ocrx_word' id='word_1_26' title='bbox 2855 489 3196 555; x_wconf 83' lang='grc' dir='ltr'>ἀποστεῖλαι,</span> <span class='ocrx_word' id='word_1_27' title='bbox 3240 498 3335 550; x_wconf 74' lang='grc' dir='ltr'><strong>καὶ</strong></span> <span class='ocrx_word' id='word_1_28' title='bbox 3383 496 3450 550; x_wconf 84' lang='grc' dir='ltr'><strong>δι’</strong></span> <span class='ocrx_word' id='word_1_29' title='bbox 3492 499 3719 553; x_wconf 75' lang='grc' dir='ltr'><strong>ἐκείνων</strong></span> <span class='ocrx_word' id='word_1_30' title='bbox 3757 503 4005 572; x_wconf 83' lang='grc' dir='ltr'>δηλῶσαι</span> 
     </span>
    </p>
   </div>
   <div class='ocr_carea' id='block_1_6' title="bbox 732 548 2311 623">
    <p class='ocr_par' dir='ltr' id='par_1_6' title="bbox 732 548 2311 623">
     <span class='ocr_line' id='line_1_7' title="bbox 732 548 2311 623; baseline 0.015 -23"><span class='ocrx_word' id='word_1_31' title='bbox 732 548 923 602; x_wconf 84' lang='lat' dir='ltr'><strong>saltem</strong></span> <span class='ocrx_word' id='word_1_32' title='bbox 958 566 1084 606; x_wconf 90' lang='lat' dir='ltr'><strong>cum</strong></span> <span class='ocrx_word' id='word_1_33' title='bbox 1121 554 1237 608; x_wconf 88' lang='lat' dir='ltr'><strong>viro</strong></span> <span class='ocrx_word' id='word_1_34' title='bbox 1267 555 1506 622; x_wconf 87' lang='lat' dir='ltr'><strong>quodam</strong></span> <span class='ocrx_word' id='word_1_35' title='bbox 1550 564 1811 616; x_wconf 79' lang='lat' dir='ltr'><strong>exstruis.</strong></span> <span class='ocrx_word' id='word_1_36' title='bbox 1848 562 1985 615; x_wconf 89' lang='lat' dir='ltr'><strong>Tum</strong></span> <span class='ocrx_word' id='word_1_37' title='bbox 2023 565 2113 619; x_wconf 83' lang='lat' dir='ltr'><strong>alii</strong></span> <span class='ocrx_word' id='word_1_38' title='bbox 2165 569 2311 623; x_wconf 83' lang='lat' dir='ltr'><strong>missi</strong></span> 
     </span>
    </p>
   </div>
   <div class='ocr_carea' id='block_1_7' title="bbox 731 637 2313 720">
    <p class='ocr_par' dir='ltr' id='par_1_7' title="bbox 731 637 2313 720">
     <span class='ocr_line' id='line_1_8' title="bbox 731 637 2313 720; baseline 0.013 -28"><span class='ocrx_word' id='word_1_39' title='bbox 731 637 964 697; x_wconf 72' lang='lat' dir='ltr'><strong>fuissent</strong></span> <span class='ocrx_word' id='word_1_40' title='bbox 993 659 1130 713; x_wconf 82' lang='lat' dir='ltr'><strong>quos</strong></span> <span class='ocrx_word' id='word_1_41' title='bbox 1188 646 1531 719; x_wconf 86' lang='lat' dir='ltr'><strong>interrogare</strong></span> <span class='ocrx_word' id='word_1_42' title='bbox 1580 662 1825 720; x_wconf 78' lang='lat' dir='ltr'><strong>exoptas.</strong></span> <span class='ocrx_word' id='word_1_43' title='bbox 1856 653 2009 708; x_wconf 76' lang='lat' dir='ltr'><strong>Nunc</strong></span> <span class='ocrx_word' id='word_1_44' title='bbox 2036 674 2165 711; x_wconf 83' lang='lat' dir='ltr'><strong>vero</strong></span> <span class='ocrx_word' id='word_1_45' title='bbox 2193 659 2313 713; x_wconf 86' lang='lat' dir='ltr'><strong>illos</strong></span> 
     </span>
    </p>
   </div>
   <div class='ocr_carea' id='block_1_8' title="bbox 730 731 2309 804">
    <p class='ocr_par' dir='ltr' id='par_1_8' title="bbox 730 731 2309 804">
     <span class='ocr_line' id='line_1_9' title="bbox 730 731 2309 804; baseline 0.013 -20"><span class='ocrx_word' id='word_1_46' title='bbox 730 731 966 788; x_wconf 83' lang='lat' dir='ltr'><strong>retinere</strong></span> <span class='ocrx_word' id='word_1_47' title='bbox 995 750 1132 803; x_wconf 90' lang='lat' dir='ltr'><strong>quos</strong></span> <span class='ocrx_word' id='word_1_48' title='bbox 1164 737 1417 795; x_wconf 89' lang='lat' dir='ltr'><strong>misimus</strong></span> <span class='ocrx_word' id='word_1_49' title='bbox 1449 757 1551 795; x_wconf 90' lang='lat' dir='ltr'><strong>non</strong></span> <span class='ocrx_word' id='word_1_50' title='bbox 1591 744 1787 798; x_wconf 90' lang='lat' dir='ltr'><strong>suadet</strong></span> <span class='ocrx_word' id='word_1_51' title='bbox 1812 747 1951 802; x_wconf 87' lang='lat' dir='ltr'><strong>alios</strong></span> <span class='ocrx_word' id='word_1_52' title='bbox 1983 751 2220 803; x_wconf 82' lang='lat' dir='ltr'><strong>mittere.</strong></span> <span class='ocrx_word' id='word_1_53' title='bbox 2253 749 2309 804; x_wconf 91' lang='lat' dir='ltr'><strong>Si</strong></span> 
     </span>
    </p>
   </div>
   <div class='ocr_carea' id='block_1_9' title="bbox 727 826 2305 896">
    <p class='ocr_par' dir='ltr' id='par_1_9' title="bbox 727 826 2305 896">
     <span class='ocr_line' id='line_1_10' title="bbox 727 826 2305 896; baseline 0.014 -22"><span class='ocrx_word' id='word_1_54' title='bbox 727 838 854 877; x_wconf 84' lang='lat' dir='ltr'><strong>vere</strong></span> <span class='ocrx_word' id='word_1_55' title='bbox 892 826 1040 892; x_wconf 87' lang='lat' dir='ltr'><strong>pacis</strong></span> <span class='ocrx_word' id='word_1_56' title='bbox 1096 830 1364 885; x_wconf 86' lang='lat' dir='ltr'><strong>mediator</strong></span> <span class='ocrx_word' id='word_1_57' title='bbox 1412 831 1663 890; x_wconf 86' lang='lat' dir='ltr'><strong>Christus</strong></span> <span class='ocrx_word' id='word_1_58' title='bbox 1714 847 1900 892; x_wconf 86' lang='lat' dir='ltr'><strong>noster</strong></span> <span class='ocrx_word' id='word_1_59' title='bbox 1940 839 2080 894; x_wconf 89' lang='lat' dir='ltr'><strong>Deus</strong></span> <span class='ocrx_word' id='word_1_60' title='bbox 2110 841 2203 894; x_wconf 89' lang='lat' dir='ltr'><strong>tibi</strong></span> <span class='ocrx_word' id='word_1_61' title='bbox 2255 843 2305 896; x_wconf 92' lang='lat' dir='ltr'><strong>in</strong></span> 
     </span>
    </p>
   </div>
   <div class='ocr_carea' id='block_1_10' title="bbox 722 925 2308 992">
    <p class='ocr_par' dir='ltr' id='par_1_10' title="bbox 722 925 2308 992">
     <span class='ocr_line' id='line_1_11' title="bbox 722 925 2308 992; baseline 0.013 -23"><span class='ocrx_word' id='word_1_62' title='bbox 722 927 957 971; x_wconf 84' lang='lat' dir='ltr'><strong>mentem</strong></span> <span class='ocrx_word' id='word_1_63' title='bbox 993 933 1180 975; x_wconf 86' lang='lat' dir='ltr'><strong>sancta</strong></span> <span class='ocrx_word' id='word_1_64' title='bbox 1226 925 1292 976; x_wconf 92' lang='lat' dir='ltr'><strong>de</strong></span> <span class='ocrx_word' id='word_1_65' title='bbox 1324 940 1454 992; x_wconf 86' lang='lat' dir='ltr'><strong>pace</strong></span> <span class='ocrx_word' id='word_1_66' title='bbox 1496 928 1727 982; x_wconf 81' lang='lat' dir='ltr'><strong>consilia</strong></span> <span class='ocrx_word' id='word_1_67' title='bbox 1759 929 1993 992; x_wconf 78' lang='lat' dir='ltr'><strong>induxit,</strong></span> <span class='ocrx_word' id='word_1_68' title='bbox 2026 932 2308 988; x_wconf 87' lang='lat' dir='ltr'><strong>remittan-</strong></span> 
     </span>
    </p>
   </div>
   <div class='ocr_carea' id='block_1_11' title="bbox 722 1015 2307 1095">
    <p class='ocr_par' dir='ltr' id='par_1_11' title="bbox 722 1015 2307 1095">
     <span class='ocr_line' id='line_1_12' title="bbox 722 1015 2307 1095; baseline 0.013 -35"><span class='ocrx_word' id='word_1_69' title='bbox 722 1021 810 1061; x_wconf 90' lang='lat' dir='ltr'><strong>tur</strong></span> <span class='ocrx_word' id='word_1_70' title='bbox 849 1026 988 1078; x_wconf 86' lang='lat' dir='ltr'><strong>quos</strong></span> <span class='ocrx_word' id='word_1_71' title='bbox 1051 1015 1272 1077; x_wconf 86' lang='lat' dir='ltr'><strong>retines,</strong></span> <span class='ocrx_word' id='word_1_72' title='bbox 1304 1026 1400 1070; x_wconf 88' lang='lat' dir='ltr'><strong>aut</strong></span> <span class='ocrx_word' id='word_1_73' title='bbox 1428 1033 1495 1072; x_wconf 80' lang='lat' dir='ltr'><strong>ex</strong></span> <span class='ocrx_word' id='word_1_74' title='bbox 1527 1020 1740 1075; x_wconf 87' lang='lat' dir='ltr'><strong>duobus</strong></span> <span class='ocrx_word' id='word_1_75' title='bbox 1768 1037 1933 1075; x_wconf 91' lang='lat' dir='ltr'><strong>unum</strong></span> <span class='ocrx_word' id='word_1_76' title='bbox 1957 1037 2080 1077; x_wconf 89' lang='lat' dir='ltr'><strong>cum</strong></span> <span class='ocrx_word' id='word_1_77' title='bbox 2122 1025 2307 1095; x_wconf 84' lang='lat' dir='ltr'><strong>aliquo</strong></span> 
     </span>
    </p>
   </div>
   <div class='ocr_carea' id='block_1_12' title="bbox 718 1110 2301 1183">
    <p class='ocr_par' dir='ltr' id='par_1_12' title="bbox 718 1110 2301 1183">
     <span class='ocr_line' id='line_1_13' title="bbox 718 1110 2301 1183; baseline 0.013 -31"><span class='ocrx_word' id='word_1_78' title='bbox 718 1114 784 1153; x_wconf 77' lang='lat' dir='ltr'><strong>ex</strong></span> <span class='ocrx_word' id='word_1_79' title='bbox 844 1111 1112 1170; x_wconf 83' lang='lat' dir='ltr'><strong>potestate</strong></span> <span class='ocrx_word' id='word_1_80' title='bbox 1171 1115 1263 1161; x_wconf 88' lang='lat' dir='ltr'><strong>tua</strong></span> <span class='ocrx_word' id='word_1_81' title='bbox 1317 1110 1736 1181; x_wconf 76' lang='lat' dir='ltr'><strong>gloriosissima.</strong></span> <span class='ocrx_word' id='word_1_82' title='bbox 1769 1112 1905 1165; x_wconf 79' lang='lat' dir='ltr'><strong>Cum</strong></span> <span class='ocrx_word' id='word_1_83' title='bbox 1958 1116 2301 1183; x_wconf 80' lang='lat' dir='ltr'><strong>advenerim,</strong></span> 
     </span>
    </p>
   </div>
   <div class='ocr_carea' id='block_1_13' title="bbox 720 1194 2296 1275">
    <p class='ocr_par' dir='ltr' id='par_1_13' title="bbox 720 1194 2296 1275">
     <span class='ocr_line' id='line_1_14' title="bbox 720 1194 2296 1275; baseline 0.013 -31"><span class='ocrx_word' id='word_1_84' title='bbox 720 1194 1070 1266; x_wconf 86' lang='lat' dir='ltr'><strong>rationesque</strong></span> <span class='ocrx_word' id='word_1_85' title='bbox 1156 1201 1261 1255; x_wconf 86' lang='lat' dir='ltr'><strong>sibi</strong></span> <span class='ocrx_word' id='word_1_86' title='bbox 1345 1204 1675 1259; x_wconf 84' lang='lat' dir='ltr'><strong>commissas</strong></span> <span class='ocrx_word' id='word_1_87' title='bbox 1757 1210 2114 1275; x_wconf 88' lang='lat' dir='ltr'><strong>protulerint,</strong></span> <span class='ocrx_word' id='word_1_88' title='bbox 2172 1212 2296 1266; x_wconf 90' lang='lat' dir='ltr'><strong>hinc</strong></span> 
     </span>
    </p>
   </div>
   <div class='ocr_carea' id='block_1_14' title="bbox 719 1285 2291 1369">
    <p class='ocr_par' dir='ltr' id='par_1_14' title="bbox 719 1285 2291 1369">
     <span class='ocr_line' id='line_1_15' title="bbox 719 1285 2291 1369; baseline 0.017 -34"><span class='ocrx_word' id='word_1_89' title='bbox 719 1285 1025 1357; x_wconf 87' lang='lat' dir='ltr'><strong>mittentur,</strong></span> <span class='ocrx_word' id='word_1_90' title='bbox 1065 1292 1162 1362; x_wconf 86' lang='lat' dir='ltr'><strong>qui</strong></span> <span class='ocrx_word' id='word_1_91' title='bbox 1210 1296 1382 1350; x_wconf 90' lang='lat' dir='ltr'><strong>nostri</strong></span> <span class='ocrx_word' id='word_1_92' title='bbox 1422 1311 1451 1349; x_wconf 89' lang='lat' dir='ltr'><strong>a</strong></span> <span class='ocrx_word' id='word_1_93' title='bbox 1509 1296 1621 1352; x_wconf 90' lang='lat' dir='ltr'><strong>Deo</strong></span> <span class='ocrx_word' id='word_1_94' title='bbox 1653 1301 1901 1353; x_wconf 86' lang='lat' dir='ltr'><strong>coronati</strong></span> <span class='ocrx_word' id='word_1_95' title='bbox 1928 1302 2291 1369; x_wconf 83' lang='lat' dir='ltr'><strong>imperatoris.</strong></span> 
     </span>
    </p>
   </div>
   <div class='ocr_carea' id='block_1_15' title="bbox 713 1388 1610 1453">
    <p class='ocr_par' dir='ltr' id='par_1_15' title="bbox 713 1388 1610 1453">
     <span class='ocr_line' id='line_1_16' title="bbox 713 1388 1610 1453; baseline 0.018 -24"><span class='ocrx_word' id='word_1_96' title='bbox 713 1390 1049 1453; x_wconf 88' lang='lat' dir='ltr'><strong>senatusque</strong></span> <span class='ocrx_word' id='word_1_97' title='bbox 1078 1388 1305 1441; x_wconf 86' lang='lat' dir='ltr'><strong>consilia</strong></span> <span class='ocrx_word' id='word_1_98' title='bbox 1337 1391 1610 1445; x_wconf 87' lang='lat' dir='ltr'><strong>nuntient.</strong></span> 
     </span>
    </p>
   </div>
   <div class='ocr_carea' id='block_1_16' title="bbox 2413 573 3998 669">
    <p class='ocr_par' dir='ltr' id='par_1_16' title="bbox 2413 573 3998 669">
     <span class='ocr_line' id='line_1_17' title="bbox 2413 573 3998 669; baseline 0.018 -47"><span class='ocrx_word' id='word_1_99' title='bbox 2413 574 2481 624; x_wconf 74' lang='grc' dir='ltr'>τὰ</span> <span class='ocrx_word' id='word_1_100' title='bbox 2515 573 2778 629; x_wconf 77' lang='grc' dir='ltr'>δοκοῦντα</span> <span class='ocrx_word' id='word_1_101' title='bbox 2816 593 2829 606; x_wconf 92' lang='grc'><strong>·</strong></span> <span class='ocrx_word' id='word_1_102' title='bbox 2869 582 2918 633; x_wconf 89' lang='grc' dir='ltr'><strong>εἰ</strong></span> <span class='ocrx_word' id='word_1_103' title='bbox 2950 582 3006 634; x_wconf 86' lang='grc' dir='ltr'><strong>δέ</strong></span> <span class='ocrx_word' id='word_1_104' title='bbox 3039 584 3112 653; x_wconf 81' lang='grc' dir='ltr'>μὴ</span> <span class='ocrx_word' id='word_1_105' title='bbox 3140 585 3267 649; x_wconf 79' lang='grc' dir='ltr'>τοὺς</span> <span class='ocrx_word' id='word_1_106' title='bbox 3314 589 3430 657; x_wconf 82' lang='grc' dir='ltr'>δύο,</span> <span class='ocrx_word' id='word_1_107' title='bbox 3481 594 3620 656; x_wconf 79' lang='grc' dir='ltr'>τέως</span> <span class='ocrx_word' id='word_1_108' title='bbox 3661 594 3755 647; x_wconf 84' lang='grc' dir='ltr'>τὸν</span> <span class='ocrx_word' id='word_1_109' title='bbox 3803 598 3998 669; x_wconf 72' lang='grc' dir='ltr'>ἕτερον</span> 
     </span>
    </p>
   </div>
   <div class='ocr_carea' id='block_1_17' title="bbox 2415 668 4001 756">
    <p class='ocr_par' dir='ltr' id='par_1_17' title="bbox 2415 668 4001 756">
     <span class='ocr_line' id='line_1_18' title="bbox 2415 668 4001 756; baseline 0.015 -40"><span class='ocrx_word' id='word_1_110' title='bbox 2415 668 2556 735; x_wconf 83' lang='grc' dir='ltr'>μετά</span> <span class='ocrx_word' id='word_1_111' title='bbox 2613 685 2758 732; x_wconf 82' lang='grc' dir='ltr'>τινος</span> <span class='ocrx_word' id='word_1_112' title='bbox 2821 671 3112 741; x_wconf 86' lang='grc' dir='ltr'>ἀνθρώπου</span> <span class='ocrx_word' id='word_1_113' title='bbox 3170 678 3348 748; x_wconf 82' lang='grc' dir='ltr'>ὑμῶν,</span> <span class='ocrx_word' id='word_1_114' title='bbox 3414 686 3506 736; x_wconf 70' lang='grc' dir='ltr'>καὶ</span> <span class='ocrx_word' id='word_1_115' title='bbox 3531 688 3651 737; x_wconf 88' lang='grc' dir='ltr'>τότε</span> <span class='ocrx_word' id='word_1_116' title='bbox 3710 668 4001 756; x_wconf 11' lang='grc' dir='ltr'>ἓτεροινᾶν</span> 
     </span>
    </p>
   </div>
   <div class='ocr_carea' id='block_1_18' title="bbox 2410 759 3999 840">
    <p class='ocr_par' dir='ltr' id='par_1_18' title="bbox 2410 759 3999 840">
     <span class='ocr_line' id='line_1_19' title="bbox 2410 759 3999 840; baseline 0.013 -29"><span class='ocrx_word' id='word_1_117' title='bbox 2410 759 2799 831; x_wconf 75' lang='grc' dir='ltr'><strong>ἀπεστάλησαν</strong></span> <span class='ocrx_word' id='word_1_118' title='bbox 2827 762 2922 827; x_wconf 88' lang='grc' dir='ltr'>οὓς</span> <span class='ocrx_word' id='word_1_119' title='bbox 2953 768 3239 840; x_wconf 78' lang='grc' dir='ltr'><strong>ἐπιζητεῖν</strong></span> <span class='ocrx_word' id='word_1_120' title='bbox 3280 773 3597 840; x_wconf 83' lang='grc' dir='ltr'>ἐγνώκειτε.</span> <span class='ocrx_word' id='word_1_121' title='bbox 3649 778 3764 831; x_wconf 81' lang='grc' dir='ltr'><strong>Νῦν</strong></span> <span class='ocrx_word' id='word_1_122' title='bbox 3820 779 3877 831; x_wconf 70' lang='grc' dir='ltr'>δὲ</span> <span class='ocrx_word' id='word_1_123' title='bbox 3931 781 3999 833; x_wconf 83' lang='lat'><strong>1:6</strong></span> 
     </span>
    </p>
   </div>
   <div class='ocr_carea' id='block_1_19' title="bbox 2408 848 3995 933">
    <p class='ocr_par' dir='ltr' id='par_1_19' title="bbox 2408 848 3995 933">
     <span class='ocr_line' id='line_1_20' title="bbox 2408 848 3995 933; baseline 0.013 -34"><span class='ocrx_word' id='word_1_124' title='bbox 2408 848 2738 915; x_wconf 83' lang='grc' dir='ltr'>κατέχεσθαι</span> <span class='ocrx_word' id='word_1_125' title='bbox 2773 853 2906 923; x_wconf 80' lang='grc' dir='ltr'>παρ’</span> <span class='ocrx_word' id='word_1_126' title='bbox 2947 855 3100 925; x_wconf 81' lang='grc' dir='ltr'>ὑμῶν</span> <span class='ocrx_word' id='word_1_127' title='bbox 3150 860 3280 925; x_wconf 83' lang='grc' dir='ltr'>τοὺς</span> <span class='ocrx_word' id='word_1_128' title='bbox 3334 866 3879 933; x_wconf 77' lang='grc' dir='ltr'>προαποσταλέντας,</span> <span class='ocrx_word' id='word_1_129' title='bbox 3926 868 3995 918; x_wconf 75' lang='grc' dir='ltr'>οὐ</span> 
     </span>
    </p>
   </div>
   <div class='ocr_carea' id='block_1_20' title="bbox 2409 940 3993 1018">
    <p class='ocr_par' dir='ltr' id='par_1_20' title="bbox 2409 940 3993 1018">
     <span class='ocr_line' id='line_1_21' title="bbox 2409 940 3993 1018; baseline 0.012 -27"><span class='ocrx_word' id='word_1_130' title='bbox 2409 940 2593 993; x_wconf 80' lang='grc' dir='ltr'>δίδωσι</span> <span class='ocrx_word' id='word_1_131' title='bbox 2625 943 2811 1014; x_wconf 84' lang='grc' dir='ltr'>χώραν</span> <span class='ocrx_word' id='word_1_132' title='bbox 2844 946 2904 999; x_wconf 79' lang='grc' dir='ltr'>τὸ</span> <span class='ocrx_word' id='word_1_133' title='bbox 2950 949 3171 1018; x_wconf 86' lang='grc' dir='ltr'>ἐτέρους</span> <span class='ocrx_word' id='word_1_134' title='bbox 3221 954 3735 1016; x_wconf 73' lang='grc' dir='ltr'>ἐξαποστέλλεσθαι.</span> <span class='ocrx_word' id='word_1_135' title='bbox 3780 961 3841 1012; x_wconf 82' lang='grc' dir='ltr'>Εἰ</span> <span class='ocrx_word' id='word_1_136' title='bbox 3893 957 3993 1011; x_wconf 75' lang='grc' dir='ltr'>οὖν</span> 
     </span>
    </p>
   </div>
   <div class='ocr_carea' id='block_1_21' title="bbox 2408 1028 3994 1117">
    <p class='ocr_par' dir='ltr' id='par_1_21' title="bbox 2408 1028 3994 1117">
     <span class='ocr_line' id='line_1_22' title="bbox 2408 1028 3994 1117; baseline 0.013 -37"><span class='ocrx_word' id='word_1_137' title='bbox 2408 1028 2627 1099; x_wconf 79' lang='grc' dir='ltr'>ἀληθῶς</span> <span class='ocrx_word' id='word_1_138' title='bbox 2649 1035 2677 1084; x_wconf 97' lang='lat'><strong>6</strong></span> <span class='ocrx_word' id='word_1_139' title='bbox 2707 1036 2804 1105; x_wconf 85' lang='grc' dir='ltr'>τῆς</span> <span class='ocrx_word' id='word_1_140' title='bbox 2834 1038 3057 1107; x_wconf 75' lang='grc' dir='ltr'><strong>εἰρήνης</strong></span> <span class='ocrx_word' id='word_1_141' title='bbox 3084 1042 3312 1112; x_wconf 81' lang='grc' dir='ltr'><strong>μεσίτης</strong></span> <span class='ocrx_word' id='word_1_142' title='bbox 3345 1046 3578 1113; x_wconf 76' lang='grc' dir='ltr'>Χριστὸς</span> <span class='ocrx_word' id='word_1_143' title='bbox 3608 1048 3636 1098; x_wconf 87' lang='grc' dir='ltr'>ὁ</span> <span class='ocrx_word' id='word_1_144' title='bbox 3670 1048 3800 1109; x_wconf 82' lang='grc' dir='ltr'>Θεὸς</span> <span class='ocrx_word' id='word_1_145' title='bbox 3830 1051 3994 1117; x_wconf 81' lang='grc' dir='ltr'>ἡμῶν</span> 
     </span>
    </p>
   </div>
   <div class='ocr_carea' id='block_1_22' title="bbox 2402 1122 3989 1209">
    <p class='ocr_par' dir='ltr' id='par_1_22' title="bbox 2402 1122 3989 1209">
     <span class='ocr_line' id='line_1_23' title="bbox 2402 1122 3989 1209; baseline 0.012 -36"><span class='ocrx_word' id='word_1_146' title='bbox 2402 1122 2701 1192; x_wconf 77' lang='grc' dir='ltr'>λογισμοὺς</span> <span class='ocrx_word' id='word_1_147' title='bbox 2734 1129 2925 1194; x_wconf 80' lang='grc' dir='ltr'>ἁγίους</span> <span class='ocrx_word' id='word_1_148' title='bbox 2954 1133 3082 1202; x_wconf 73' lang='grc' dir='ltr'>περὶ</span> <span class='ocrx_word' id='word_1_149' title='bbox 3110 1134 3213 1202; x_wconf 79' lang='grc' dir='ltr'>τῆς</span> <span class='ocrx_word' id='word_1_150' title='bbox 3237 1136 3463 1206; x_wconf 79' lang='grc' dir='ltr'><strong>εἰρήνης</strong></span> <span class='ocrx_word' id='word_1_151' title='bbox 3488 1138 3762 1191; x_wconf 76' lang='grc' dir='ltr'>ὑπέϐαλεν</span> <span class='ocrx_word' id='word_1_152' title='bbox 3818 1141 3875 1189; x_wconf 87' lang='grc' dir='ltr'><strong>ἐν</strong></span> <span class='ocrx_word' id='word_1_153' title='bbox 3916 1144 3989 1209; x_wconf 84' lang='grc' dir='ltr'><strong>τῇ</strong></span> 
     </span>
    </p>
   </div>
   <div class='ocr_carea' id='block_1_23' title="bbox 2405 1217 3990 1305">
    <p class='ocr_par' dir='ltr' id='par_1_23' title="bbox 2405 1217 3990 1305">
     <span class='ocr_line' id='line_1_24' title="bbox 2405 1217 3990 1305; baseline 0.009 -39"><span class='ocrx_word' id='word_1_154' title='bbox 2405 1219 2472 1285; x_wconf 80' lang='grc' dir='ltr'><strong>σῇ</strong></span> <span class='ocrx_word' id='word_1_155' title='bbox 2508 1217 2675 1288; x_wconf 74' lang='grc' dir='ltr'>ψυχῇ,</span> <span class='ocrx_word' id='word_1_156' title='bbox 2732 1220 3201 1294; x_wconf 82' lang='grc' dir='ltr'>ἀποσταλήτωσαν</span> <span class='ocrx_word' id='word_1_157' title='bbox 3253 1228 3302 1279; x_wconf 84' lang='grc' dir='ltr'><strong>οἰ</strong></span> <span class='ocrx_word' id='word_1_158' title='bbox 3352 1232 3732 1299; x_wconf 79' lang='grc' dir='ltr'><strong>κατεχόμενοι,</strong></span> <span class='ocrx_word' id='word_1_159' title='bbox 3790 1234 3823 1305; x_wconf 78' lang='grc' dir='ltr'>ἢ</span> <span class='ocrx_word' id='word_1_160' title='bbox 3872 1230 3990 1282; x_wconf 79' lang='grc' dir='ltr'><strong>τῶν</strong></span> 
     </span>
    </p>
   </div>
   <div class='ocr_carea' id='block_1_24' title="bbox 2401 1308 3988 1392">
    <p class='ocr_par' dir='ltr' id='par_1_24' title="bbox 2401 1308 3988 1392">
     <span class='ocr_line' id='line_1_25' title="bbox 2401 1308 3988 1392; baseline 0.008 -30"><span class='ocrx_word' id='word_1_161' title='bbox 2401 1308 2495 1362; x_wconf 69' lang='grc' dir='ltr'>δῦο</span> <span class='ocrx_word' id='word_1_162' title='bbox 2520 1311 2547 1361; x_wconf 78' lang='grc' dir='ltr'>ὁ</span> <span class='ocrx_word' id='word_1_163' title='bbox 2570 1311 2761 1383; x_wconf 74' lang='grc' dir='ltr'>ἕτερος</span> <span class='ocrx_word' id='word_1_164' title='bbox 2818 1315 2959 1382; x_wconf 82' lang='grc' dir='ltr'>μετά</span> <span class='ocrx_word' id='word_1_165' title='bbox 3008 1318 3301 1386; x_wconf 85' lang='grc' dir='ltr'>ἀνθρώπου</span> <span class='ocrx_word' id='word_1_166' title='bbox 3354 1321 3453 1390; x_wconf 81' lang='grc' dir='ltr'>τῆς</span> <span class='ocrx_word' id='word_1_167' title='bbox 3488 1322 3586 1391; x_wconf 77' lang='grc' dir='ltr'>σῆς</span> <span class='ocrx_word' id='word_1_168' title='bbox 3618 1325 3988 1392; x_wconf 79' lang='grc' dir='ltr'>μεγαλοδόξου</span> 
     </span>
    </p>
   </div>
   <div class='ocr_carea' id='block_1_25' title="bbox 2402 1403 3987 1479">
    <p class='ocr_par' dir='ltr' id='par_1_25' title="bbox 2402 1403 3987 1479">
     <span class='ocr_line' id='line_1_26' title="bbox 2402 1403 3987 1479; baseline 0.003 -7"><span class='ocrx_word' id='word_1_169' title='bbox 2402 1403 2598 1473; x_wconf 74' lang='grc' dir='ltr'><strong>ἀρχῆς.</strong></span> <span class='ocrx_word' id='word_1_170' title='bbox 2634 1407 2727 1458; x_wconf 79' lang='grc' dir='ltr'>καὶ</span> <span class='ocrx_word' id='word_1_171' title='bbox 2763 1408 3298 1478; x_wconf 76' lang='grc' dir='ltr'>καταλαμὸανόντων</span> <span class='ocrx_word' id='word_1_172' title='bbox 3356 1414 3560 1479; x_wconf 77' lang='grc' dir='ltr'>αὐτῶν,</span> <span class='ocrx_word' id='word_1_173' title='bbox 3590 1416 3686 1467; x_wconf 79' lang='grc' dir='ltr'>καὶ</span> <span class='ocrx_word' id='word_1_174' title='bbox 3725 1419 3852 1479; x_wconf 77' lang='grc' dir='ltr'>τοὺς</span> <span class='ocrx_word' id='word_1_175' title='bbox 3890 1419 3987 1469; x_wconf 86' lang='grc' dir='ltr'>λό-</span> 
     </span>
    </p>
   </div>
   <div class='ocr_carea' id='block_1_26' title="bbox 713 1476 3991 1577">
    <p class='ocr_par' dir='ltr' id='par_1_26' title="bbox 713 1476 3991 1577">
     <span class='ocr_line' id='line_1_27' title="bbox 713 1476 3991 1577; baseline 0.011 -52"><span class='ocrx_word' id='word_1_176' title='bbox 713 1486 845 1536; x_wconf 82' lang='grc' dir='ltr'>γους</span> <span class='ocrx_word' id='word_1_177' title='bbox 918 1476 1407 1546; x_wconf 80' lang='grc' dir='ltr'>άποκομιζόντων,</span> <span class='ocrx_word' id='word_1_178' title='bbox 1449 1481 1544 1546; x_wconf 76' lang='grc' dir='ltr'>οὓς</span> <span class='ocrx_word' id='word_1_179' title='bbox 1605 1482 1673 1535; x_wconf 82' lang='grc' dir='ltr'>ἂν</span> <span class='ocrx_word' id='word_1_180' title='bbox 1753 1484 2113 1555; x_wconf 72' lang='grc' dir='ltr'><strong>ἐπιτρέψητε,</strong></span> <span class='ocrx_word' id='word_1_181' title='bbox 2158 1490 2699 1566; x_wconf 80' lang='grc' dir='ltr'>ἐξαποσταλήσοντσι</span> <span class='ocrx_word' id='word_1_182' title='bbox 2751 1502 2799 1551; x_wconf 85' lang='grc' dir='ltr'>οἱ</span> <span class='ocrx_word' id='word_1_183' title='bbox 2844 1501 2911 1553; x_wconf 77' lang='grc' dir='ltr'><strong>τὰ</strong></span> <span class='ocrx_word' id='word_1_184' title='bbox 2946 1503 3093 1571; x_wconf 64' lang='grc' dir='ltr'>παρὰ</span> <span class='ocrx_word' id='word_1_185' title='bbox 3152 1502 3248 1555; x_wconf 77' lang='grc' dir='ltr'>τοῦ</span> <span class='ocrx_word' id='word_1_186' title='bbox 3300 1503 3627 1576; x_wconf 77' lang='grc' dir='ltr'>θεοστεφοῦς</span> <span class='ocrx_word' id='word_1_187' title='bbox 3715 1507 3991 1577; x_wconf 78' lang='grc' dir='ltr'>βασιλέως</span> 
     </span>
    </p>
   </div>
   <div class='ocr_carea' id='block_1_27' title="bbox 712 1565 1954 1644">
    <p class='ocr_par' dir='ltr' id='par_1_27' title="bbox 712 1565 1954 1644">
     <span class='ocr_line' id='line_1_28' title="bbox 712 1565 1954 1644; baseline 0.014 -29"><span class='ocrx_word' id='word_1_188' title='bbox 712 1565 870 1633; x_wconf 78' lang='grc' dir='ltr'>ἡμῶν</span> <span class='ocrx_word' id='word_1_189' title='bbox 894 1568 985 1619; x_wconf 81' lang='grc' dir='ltr'>καὶ</span> <span class='ocrx_word' id='word_1_190' title='bbox 1012 1570 1111 1639; x_wconf 85' lang='grc' dir='ltr'>τῆς</span> <span class='ocrx_word' id='word_1_191' title='bbox 1143 1574 1452 1643; x_wconf 82' lang='grc' dir='ltr'><strong>συγκλήτου</strong></span> <span class='ocrx_word' id='word_1_192' title='bbox 1484 1576 1954 1644; x_wconf 71' lang='grc' dir='ltr'><strong>ἀπαγγελοῦντες.</strong></span> 
     </span>
    </p>
   </div>
   <div class='ocr_carea' id='block_1_28' title="bbox 1297 1752 1712 1813">
    <p class='ocr_par' dir='ltr' id='par_1_28' title="bbox 1297 1752 1712 1813">
     <span class='ocr_line' id='line_1_29' title="bbox 1297 1752 1712 1813; baseline 0.019 -8"><span class='ocrx_word' id='word_1_193' title='bbox 1297 1752 1464 1809; x_wconf 75' lang='lat' dir='ltr'><strong>XXII.</strong></span> <span class='ocrx_word' id='word_1_194' title='bbox 1505 1755 1712 1813; x_wconf 74' lang='lat' dir='ltr'><strong>Eidem.</strong></span> 
     </span>
    </p>
   </div>
   <div class='ocr_carea' id='block_1_29' title="bbox 774 1930 2279 2017">
    <p class='ocr_par' dir='ltr' id='par_1_29' title="bbox 774 1930 2279 2017">
     <span class='ocr_line' id='line_1_30' title="bbox 774 1930 2279 2017; baseline 0.014 -35"><span class='ocrx_word' id='word_1_195' title='bbox 774 1930 851 1984; x_wconf 77' lang='lat' dir='ltr'><strong>Ex</strong></span> <span class='ocrx_word' id='word_1_196' title='bbox 884 1945 952 1985; x_wconf 92' lang='lat' dir='ltr'><strong>eo</strong></span> <span class='ocrx_word' id='word_1_197' title='bbox 983 1934 1281 2005; x_wconf 89' lang='lat' dir='ltr'><strong>doluimus,</strong></span> <span class='ocrx_word' id='word_1_198' title='bbox 1316 1939 1785 2000; x_wconf 85' lang='lat' dir='ltr'><strong>desideratissime</strong></span> <span class='ocrx_word' id='word_1_199' title='bbox 1836 1948 1937 2011; x_wconf 87' lang='lat' dir='ltr'><strong>fili,</strong></span> <span class='ocrx_word' id='word_1_200' title='bbox 1963 1949 2106 2017; x_wconf 90' lang='lat' dir='ltr'><strong>quod</strong></span> <span class='ocrx_word' id='word_1_201' title='bbox 2151 1964 2181 2001; x_wconf 91' lang='lat' dir='ltr'><strong>a</strong></span> <span class='ocrx_word' id='word_1_202' title='bbox 2228 1957 2279 2003; x_wconf 87' lang='lat' dir='ltr'><strong>te</strong></span> 
     </span>
    </p>
   </div>
   <div class='ocr_carea' id='block_1_30' title="bbox 705 2020 2285 2108">
    <p class='ocr_par' dir='ltr' id='par_1_30' title="bbox 705 2020 2285 2108">
     <span class='ocr_line' id='line_1_31' title="bbox 705 2020 2285 2108; baseline 0.014 -36"><span class='ocrx_word' id='word_1_203' title='bbox 705 2020 910 2076; x_wconf 87' lang='lat' dir='ltr'><strong>nullam</strong></span> <span class='ocrx_word' id='word_1_204' title='bbox 947 2030 1322 2096; x_wconf 88' lang='lat' dir='ltr'><strong>acceperimus</strong></span> <span class='ocrx_word' id='word_1_205' title='bbox 1361 2035 1682 2101; x_wconf 77' lang='lat' dir='ltr'><strong>epistolam;</strong></span> <span class='ocrx_word' id='word_1_206' title='bbox 1716 2046 1788 2100; x_wconf 89' lang='lat' dir='ltr'><strong>et,</strong></span> <span class='ocrx_word' id='word_1_207' title='bbox 1835 2043 2093 2104; x_wconf 85' lang='lat' dir='ltr'><strong>utdecet,</strong></span> <span class='ocrx_word' id='word_1_208' title='bbox 2124 2055 2285 2108; x_wconf 91' lang='lat' dir='ltr'><strong>repu-</strong></span> 
     </span>
    </p>
   </div>
   <div class='ocr_carea' id='block_1_31' title="bbox 706 2113 2281 2198">
    <p class='ocr_par' dir='ltr' id='par_1_31' title="bbox 706 2113 2281 2198">
     <span class='ocr_line' id='line_1_32' title="bbox 706 2113 2281 2198; baseline 0.015 -34"><span class='ocrx_word' id='word_1_209' title='bbox 706 2113 941 2172; x_wconf 86' lang='lat' dir='ltr'><strong>tavimus</strong></span> <span class='ocrx_word' id='word_1_210' title='bbox 976 2134 1077 2173; x_wconf 90' lang='lat' dir='ltr'><strong>nos</strong></span> <span class='ocrx_word' id='word_1_211' title='bbox 1126 2123 1176 2175; x_wconf 80' lang='lat' dir='ltr'><strong>in</strong></span> <span class='ocrx_word' id='word_1_212' title='bbox 1229 2134 1596 2195; x_wconf 75' lang='lat' dir='ltr'><strong>contemptum</strong></span> <span class='ocrx_word' id='word_1_213' title='bbox 1635 2137 1788 2182; x_wconf 90' lang='lat' dir='ltr'><strong>tuum</strong></span> <span class='ocrx_word' id='word_1_214' title='bbox 1838 2132 2084 2198; x_wconf 83' lang='lat' dir='ltr'><strong>venisse,</strong></span> <span class='ocrx_word' id='word_1_215' title='bbox 2133 2133 2281 2187; x_wconf 85' lang='lat' dir='ltr'><strong>ideo-</strong></span> 
     </span>
    </p>
   </div>
   <div class='ocr_carea' id='block_1_32' title="bbox 702 2212 2280 2287">
    <p class='ocr_par' dir='ltr' id='par_1_32' title="bbox 702 2212 2280 2287">
     <span class='ocr_line' id='line_1_33' title="bbox 702 2212 2280 2287; baseline 0.015 -31"><span class='ocrx_word' id='word_1_216' title='bbox 702 2220 808 2272; x_wconf 93' lang='lat' dir='ltr'><strong>que</strong></span> <span class='ocrx_word' id='word_1_217' title='bbox 860 2217 910 2261; x_wconf 91' lang='lat' dir='ltr'><strong>te</strong></span> <span class='ocrx_word' id='word_1_218' title='bbox 948 2212 1106 2265; x_wconf 87' lang='lat' dir='ltr'><strong>nobis</strong></span> <span class='ocrx_word' id='word_1_219' title='bbox 1159 2218 1400 2270; x_wconf 81' lang='lat' dir='ltr'><strong>scribere</strong></span> <span class='ocrx_word' id='word_1_220' title='bbox 1444 2221 1707 2276; x_wconf 88' lang='lat' dir='ltr'><strong>uoluisse.</strong></span> <span class='ocrx_word' id='word_1_221' title='bbox 1756 2220 1896 2287; x_wconf 84' lang='lat' dir='ltr'><strong>Quid</strong></span> <span class='ocrx_word' id='word_1_222' title='bbox 1946 2225 2090 2277; x_wconf 91' lang='lat' dir='ltr'><strong>enim</strong></span> <span class='ocrx_word' id='word_1_223' title='bbox 2132 2226 2280 2279; x_wconf 82' lang='lat' dir='ltr'><strong>aliud</strong></span> 
     </span>
    </p>
   </div>
   <div class='ocr_carea' id='block_1_33' title="bbox 702 2306 2281 2382">
    <p class='ocr_par' dir='ltr' id='par_1_33' title="bbox 702 2306 2281 2382">
     <span class='ocr_line' id='line_1_34' title="bbox 702 2306 2281 2382; baseline 0.011 -31"><span class='ocrx_word' id='word_1_224' title='bbox 702 2308 953 2364; x_wconf 75' lang='lat' dir='ltr'><strong>reputare</strong></span> <span class='ocrx_word' id='word_1_225' title='bbox 998 2306 1406 2368; x_wconf 85' lang='lat' dir='ltr'><strong>potuissemus?</strong></span> <span class='ocrx_word' id='word_1_226' title='bbox 1452 2309 1569 2365; x_wconf 87' lang='lat' dir='ltr'><strong>Non</strong></span> <span class='ocrx_word' id='word_1_227' title='bbox 1605 2312 1659 2365; x_wconf 92' lang='lat' dir='ltr'><strong>in</strong></span> <span class='ocrx_word' id='word_1_228' title='bbox 1696 2322 1918 2381; x_wconf 73' lang='lat' dir='ltr'><strong>accepto</strong></span> <span class='ocrx_word' id='word_1_229' title='bbox 1961 2322 2044 2368; x_wconf 84' lang='lat' dir='ltr'><strong>est</strong></span> <span class='ocrx_word' id='word_1_230' title='bbox 2086 2315 2281 2382; x_wconf 89' lang='lat' dir='ltr'><strong>tilium,</strong></span> 
     </span>
    </p>
   </div>
   <div class='ocr_carea' id='block_1_34' title="bbox 699 2394 2281 2478">
    <p class='ocr_par' dir='ltr' id='par_1_34' title="bbox 699 2394 2281 2478">
     <span class='ocr_line' id='line_1_35' title="bbox 699 2394 2281 2478; baseline 0.011 -34"><span class='ocrx_word' id='word_1_231' title='bbox 699 2394 796 2457; x_wconf 87' lang='lat' dir='ltr'><strong>qui</strong></span> <span class='ocrx_word' id='word_1_232' title='bbox 850 2403 1056 2462; x_wconf 85' lang='lat' dir='ltr'><strong>patrem</strong></span> <span class='ocrx_word' id='word_1_233' title='bbox 1088 2400 1176 2467; x_wconf 90' lang='lat' dir='ltr'><strong>pio</strong></span> <span class='ocrx_word' id='word_1_234' title='bbox 1211 2414 1397 2455; x_wconf 88' lang='lat' dir='ltr'><strong>amore</strong></span> <span class='ocrx_word' id='word_1_235' title='bbox 1430 2407 1802 2473; x_wconf 86' lang='lat' dir='ltr'><strong>prosequitur,</strong></span> <span class='ocrx_word' id='word_1_236' title='bbox 1844 2407 2087 2476; x_wconf 83' lang='lat' dir='ltr'><strong>epistolae</strong></span> <span class='ocrx_word' id='word_1_237' title='bbox 2118 2424 2281 2478; x_wconf 90' lang='lat' dir='ltr'><strong>quam</strong></span> 
     </span>
    </p>
   </div>
   <div class='ocr_carea' id='block_1_35' title="bbox 700 2487 2281 2565">
    <p class='ocr_par' dir='ltr' id='par_1_35' title="bbox 700 2487 2281 2565">
     <span class='ocr_line' id='line_1_36' title="bbox 700 2487 2281 2565; baseline 0.008 -25"><span class='ocrx_word' id='word_1_238' title='bbox 700 2487 871 2541; x_wconf 90' lang='lat' dir='ltr'><strong>abeo</strong></span> <span class='ocrx_word' id='word_1_239' title='bbox 928 2493 1202 2560; x_wconf 84' lang='lat' dir='ltr'><strong>acceperit</strong></span> <span class='ocrx_word' id='word_1_240' title='bbox 1249 2493 1385 2548; x_wconf 87' lang='lat' dir='ltr'><strong>nihil</strong></span> <span class='ocrx_word' id='word_1_241' title='bbox 1437 2496 1760 2554; x_wconf 82' lang='lat' dir='ltr'><strong>rescribere.</strong></span> <span class='ocrx_word' id='word_1_242' title='bbox 1793 2498 2067 2563; x_wconf 85' lang='lat' dir='ltr'><strong>Attamen,</strong></span> <span class='ocrx_word' id='word_1_243' title='bbox 2104 2515 2136 2554; x_wconf 93' lang='grc' dir='ltr'><strong>ο</strong></span> <span class='ocrx_word' id='word_1_244' title='bbox 2187 2499 2281 2565; x_wconf 82' lang='lat' dir='ltr'><strong>ﬁli,</strong></span> 
     </span>
    </p>
   </div>
   <div class='ocr_carea' id='block_1_36' title="bbox 698 2581 2281 2658">
    <p class='ocr_par' dir='ltr' id='par_1_36' title="bbox 698 2581 2281 2658">
     <span class='ocr_line' id='line_1_37' title="bbox 698 2581 2281 2658; baseline 0.009 -29"><span class='ocrx_word' id='word_1_245' title='bbox 698 2581 952 2648; x_wconf 77' lang='lat' dir='ltr'><strong>quamvis</strong></span> <span class='ocrx_word' id='word_1_246' title='bbox 988 2583 1053 2636; x_wconf 89' lang='lat' dir='ltr'><strong>ad</strong></span> <span class='ocrx_word' id='word_1_247' title='bbox 1094 2599 1178 2636; x_wconf 89' lang='lat' dir='ltr'><strong>me</strong></span> <span class='ocrx_word' id='word_1_248' title='bbox 1216 2601 1326 2639; x_wconf 90' lang='lat' dir='ltr'><strong>non</strong></span> <span class='ocrx_word' id='word_1_249' title='bbox 1370 2587 1448 2641; x_wconf 88' lang='lat' dir='ltr'><strong>sis</strong></span> <span class='ocrx_word' id='word_1_250' title='bbox 1495 2588 1752 2656; x_wconf 78' lang='lat' dir='ltr'><strong>dignatus</strong></span> <span class='ocrx_word' id='word_1_251' title='bbox 1796 2590 2144 2658; x_wconf 90' lang='lat' dir='ltr'><strong>respondere,</strong></span> <span class='ocrx_word' id='word_1_252' title='bbox 2182 2606 2281 2658; x_wconf 74' lang='lat' dir='ltr'><strong>ego</strong></span> 
     </span>
    </p>
   </div>
   <div class='ocr_carea' id='block_1_37' title="bbox 698 2670 2279 2752">
    <p class='ocr_par' dir='ltr' id='par_1_37' title="bbox 698 2670 2279 2752">
     <span class='ocr_line' id='line_1_38' title="bbox 698 2670 2279 2752; baseline 0.008 -29"><span class='ocrx_word' id='word_1_253' title='bbox 698 2670 895 2728; x_wconf 88' lang='lat' dir='ltr'><strong>iterum</strong></span> <span class='ocrx_word' id='word_1_254' title='bbox 932 2677 1137 2744; x_wconf 78' lang='lat' dir='ltr'><strong>scribo,</strong></span> <span class='ocrx_word' id='word_1_255' title='bbox 1170 2694 1510 2748; x_wconf 84' lang='lat' dir='ltr'><strong>nequaquam</strong></span> <span class='ocrx_word' id='word_1_256' title='bbox 1538 2697 1603 2735; x_wconf 82' lang='lat' dir='ltr'><strong>ex</strong></span> <span class='ocrx_word' id='word_1_257' title='bbox 1642 2682 1960 2752; x_wconf 84' lang='lat' dir='ltr'><strong>deceptione</strong></span> <span class='ocrx_word' id='word_1_258' title='bbox 1994 2691 2279 2751; x_wconf 75' lang='lat' dir='ltr'><strong>paternum</strong></span> 
     </span>
    </p>
   </div>
   <div class='ocr_carea' id='block_1_38' title="bbox 696 2777 2280 2837">
    <p class='ocr_par' dir='ltr' id='par_1_38' title="bbox 696 2777 2280 2837">
     <span class='ocr_line' id='line_1_39' title="bbox 696 2777 2280 2837; baseline 0.007 -19"><span class='ocrx_word' id='word_1_259' title='bbox 696 2778 823 2834; x_wconf 83' lang='lat' dir='ltr'><strong>erga</strong></span> <span class='ocrx_word' id='word_1_260' title='bbox 878 2777 929 2822; x_wconf 92' lang='lat' dir='ltr'><strong>te</strong></span> <span class='ocrx_word' id='word_1_261' title='bbox 979 2784 1221 2825; x_wconf 86' lang='lat' dir='ltr'><strong>amorem</strong></span> <span class='ocrx_word' id='word_1_262' title='bbox 1279 2782 1520 2837; x_wconf 84' lang='lat' dir='ltr'><strong>mutans,</strong></span> <span class='ocrx_word' id='word_1_263' title='bbox 1574 2778 1755 2829; x_wconf 82' lang='lat' dir='ltr'><strong>salvos</strong></span> <span class='ocrx_word' id='word_1_264' title='bbox 1805 2784 1998 2830; x_wconf 83' lang='lat' dir='ltr'><strong>contra</strong></span> <span class='ocrx_word' id='word_1_265' title='bbox 2054 2791 2280 2830; x_wconf 85' lang='lat' dir='ltr'><strong>servans</strong></span> 
     </span>
    </p>
   </div>
   <div class='ocr_carea' id='block_1_39' title="bbox 697 2859 2276 2931">
    <p class='ocr_par' dir='ltr' id='par_1_39' title="bbox 697 2859 2276 2931">
     <span class='ocr_line' id='line_1_40' title="bbox 697 2859 2276 2931; baseline 0.008 -27"><span class='ocrx_word' id='word_1_266' title='bbox 697 2868 895 2910; x_wconf 88' lang='lat' dir='ltr'><strong>sensus</strong></span> <span class='ocrx_word' id='word_1_267' title='bbox 951 2859 1277 2930; x_wconf 81' lang='lat' dir='ltr'><strong>animosque</strong></span> <span class='ocrx_word' id='word_1_268' title='bbox 1323 2865 1459 2930; x_wconf 86' lang='lat' dir='ltr'><strong>patri</strong></span> <span class='ocrx_word' id='word_1_269' title='bbox 1490 2876 1614 2931; x_wconf 75' lang='lat' dir='ltr'><strong>erga</strong></span> <span class='ocrx_word' id='word_1_270' title='bbox 1657 2862 1825 2916; x_wconf 82' lang='lat' dir='ltr'><strong>tilium</strong></span> <span class='ocrx_word' id='word_1_271' title='bbox 1870 2864 2276 2917; x_wconf 88' lang='lat' dir='ltr'><strong>convenientes.</strong></span> 
     </span>
    </p>
   </div>
   <div class='ocr_carea' id='block_1_40' title="bbox 2321 1681 2370 1738">
    <p class='ocr_par' dir='ltr' id='par_1_40' title="bbox 2321 1681 2370 1738">
     <span class='ocr_line' id='line_1_41' title="bbox 2321 1681 2370 1738; baseline 0 0"><span class='ocrx_word' id='word_1_272' title='bbox 2321 1681 2370 1738; x_wconf 92' lang='lat' dir='ltr'><strong>B</strong></span> 
     </span>
    </p>
   </div>
   <div class='ocr_carea' id='block_1_41' title="bbox 2950 1768 3412 1837">
    <p class='ocr_par' dir='ltr' id='par_1_41' title="bbox 2950 1768 3412 1837">
     <span class='ocr_line' id='line_1_42' title="bbox 2950 1768 3412 1837; baseline 0.006 -16"><span class='ocrx_word' id='word_1_273' title='bbox 2950 1770 3077 1821; x_wconf 79' lang='lat' dir='ltr'><strong>KB’.</strong></span> <span class='ocrx_word' id='word_1_274' title='bbox 3118 1768 3200 1835; x_wconf 86' lang='grc' dir='ltr'><strong>Τῷ</strong></span> <span class='ocrx_word' id='word_1_275' title='bbox 3231 1770 3412 1837; x_wconf 78' lang='grc' dir='ltr'>αὐτῷ.</span> 
     </span>
    </p>
   </div>
   <div class='ocr_carea' id='block_1_42' title="bbox 2472 1943 3987 2023">
    <p class='ocr_par' dir='ltr' id='par_1_42' title="bbox 2472 1943 3987 2023">
     <span class='ocr_line' id='line_1_43' title="bbox 2472 1943 3987 2023; baseline 0.007 -27"><span class='ocrx_word' id='word_1_276' title='bbox 2472 1943 2855 2013; x_wconf 81' lang='grc' dir='ltr'>Ἐλυπήθημεν</span> <span class='ocrx_word' id='word_1_277' title='bbox 2911 1945 2987 2015; x_wconf 82' lang='grc' dir='ltr'>μὴ</span> <span class='ocrx_word' id='word_1_278' title='bbox 3050 1948 3340 2016; x_wconf 77' lang='grc' dir='ltr'>δεξάμενοι</span> <span class='ocrx_word' id='word_1_279' title='bbox 3403 1951 3641 2021; x_wconf 83' lang='grc' dir='ltr'>γράμμα</span> <span class='ocrx_word' id='word_1_280' title='bbox 3700 1952 3793 2005; x_wconf 81' lang='grc' dir='ltr'>τοῦ</span> <span class='ocrx_word' id='word_1_281' title='bbox 3846 1954 3987 2023; x_wconf 74' lang='grc' dir='ltr'>ἡμιν</span> 
     </span>
    </p>
   </div>
   <div class='ocr_carea' id='block_1_43' title="bbox 2395 2036 3986 2116">
    <p class='ocr_par' dir='ltr' id='par_1_43' title="bbox 2395 2036 3986 2116">
     <span class='ocr_line' id='line_1_44' title="bbox 2395 2036 3986 2116; baseline 0.007 -28"><span class='ocrx_word' id='word_1_282' title='bbox 2395 2036 2781 2106; x_wconf 83' lang='grc' dir='ltr'>πεποθημένου</span> <span class='ocrx_word' id='word_1_283' title='bbox 2805 2040 3023 2103; x_wconf 78' lang='grc' dir='ltr'>τέκνου,</span> <span class='ocrx_word' id='word_1_284' title='bbox 3054 2042 3151 2093; x_wconf 75' lang='grc' dir='ltr'>καὶ</span> <span class='ocrx_word' id='word_1_285' title='bbox 3189 2041 3266 2104; x_wconf 83' lang='grc' dir='ltr'><strong>ὡς</strong></span> <span class='ocrx_word' id='word_1_286' title='bbox 3300 2044 3447 2104; x_wconf 81' lang='grc' dir='ltr'>εἰκὸς</span> <span class='ocrx_word' id='word_1_287' title='bbox 3483 2045 3851 2116; x_wconf 70' lang='grc' dir='ltr'><strong>ἐλογισάμεθα</strong></span> <span class='ocrx_word' id='word_1_288' title='bbox 3895 2048 3986 2099; x_wconf 77' lang='grc' dir='ltr'>ὅτι</span> 
     </span>
    </p>
   </div>
   <div class='ocr_carea' id='block_1_44' title="bbox 2394 2132 3981 2206">
    <p class='ocr_par' dir='ltr' id='par_1_44' title="bbox 2394 2132 3981 2206">
     <span class='ocr_line' id='line_1_45' title="bbox 2394 2132 3981 2206; baseline 0.005 -24"><span class='ocrx_word' id='word_1_289' title='bbox 2394 2132 2451 2182; x_wconf 86' lang='grc' dir='ltr'><strong>ἐν</strong></span> <span class='ocrx_word' id='word_1_290' title='bbox 2485 2132 3019 2202; x_wconf 77' lang='grc' dir='ltr'>καταπεφρονημένη</span> <span class='ocrx_word' id='word_1_291' title='bbox 3056 2133 3221 2203; x_wconf 81' lang='grc' dir='ltr'>μοίρᾳ</span> <span class='ocrx_word' id='word_1_292' title='bbox 3252 2135 3486 2203; x_wconf 81' lang='grc' dir='ltr'>κείμεθα</span> <span class='ocrx_word' id='word_1_293' title='bbox 3540 2138 3688 2206; x_wconf 72' lang='grc' dir='ltr'>παρὰ</span> <span class='ocrx_word' id='word_1_294' title='bbox 3738 2139 3841 2202; x_wconf 71' lang='grc' dir='ltr'>σοὶ,</span> <span class='ocrx_word' id='word_1_295' title='bbox 3878 2142 3981 2191; x_wconf 78' lang='grc' dir='ltr'>καὶ</span> 
     </span>
    </p>
   </div>
   <div class='ocr_carea' id='block_1_45' title="bbox 2386 2223 3984 2299">
    <p class='ocr_par' dir='ltr' id='par_1_45' title="bbox 2386 2223 3984 2299">
     <span class='ocr_line' id='line_1_46' title="bbox 2386 2223 3984 2299; baseline 0.003 -24"><span class='ocrx_word' id='word_1_296' title='bbox 2386 2223 2473 2275; x_wconf 78' lang='grc' dir='ltr'><strong>διὰ</strong></span> <span class='ocrx_word' id='word_1_297' title='bbox 2498 2224 2657 2276; x_wconf 78' lang='grc' dir='ltr'>τοῦτο</span> <span class='ocrx_word' id='word_1_298' title='bbox 2684 2226 2775 2276; x_wconf 78' lang='grc' dir='ltr'>καὶ</span> <span class='ocrx_word' id='word_1_299' title='bbox 2807 2226 3046 2292; x_wconf 67' lang='grc' dir='ltr'>γράφειν</span> <span class='ocrx_word' id='word_1_300' title='bbox 3084 2228 3222 2293; x_wconf 76' lang='grc' dir='ltr'>πρὸς</span> <span class='ocrx_word' id='word_1_301' title='bbox 3259 2228 3407 2295; x_wconf 74' lang='grc' dir='ltr'>ἡμᾶς</span> <span class='ocrx_word' id='word_1_302' title='bbox 3444 2229 3543 2280; x_wconf 77' lang='grc' dir='ltr'>οὐκ</span> <span class='ocrx_word' id='word_1_303' title='bbox 3591 2228 3853 2299; x_wconf 74' lang='grc' dir='ltr'>ἠξίωσας.</span> <span class='ocrx_word' id='word_1_304' title='bbox 3914 2230 3984 2279; x_wconf 83' lang='grc' dir='ltr'>Τί</span> 
     </span>
    </p>
   </div>
   <div class='ocr_carea' id='block_1_46' title="bbox 2386 2313 3985 2388">
    <p class='ocr_par' dir='ltr' id='par_1_46' title="bbox 2386 2313 3985 2388">
     <span class='ocr_line' id='line_1_47' title="bbox 2386 2313 3985 2388; baseline 0.002 -22"><span class='ocrx_word' id='word_1_305' title='bbox 2386 2313 2495 2383; x_wconf 86' lang='grc' dir='ltr'><strong>γάρ</strong></span> <span class='ocrx_word' id='word_1_306' title='bbox 2523 2331 2590 2382; x_wconf 87' lang='grc' dir='ltr'><strong>με</strong></span> <span class='ocrx_word' id='word_1_307' title='bbox 2621 2313 2749 2367; x_wconf 77' lang='grc' dir='ltr'>ἄλλο</span> <span class='ocrx_word' id='word_1_308' title='bbox 2794 2314 2902 2366; x_wconf 76' lang='grc' dir='ltr'>ἔδει</span> <span class='ocrx_word' id='word_1_309' title='bbox 2960 2315 3317 2381; x_wconf 76' lang='grc' dir='ltr'>λογίζεσθαις</span> <span class='ocrx_word' id='word_1_310' title='bbox 3354 2320 3490 2370; x_wconf 73' lang='grc' dir='ltr'><strong>Οὐδὲ</strong></span> <span class='ocrx_word' id='word_1_311' title='bbox 3539 2319 3650 2388; x_wconf 78' lang='grc' dir='ltr'><strong>γὰρ</strong></span> <span class='ocrx_word' id='word_1_312' title='bbox 3700 2320 3985 2387; x_wconf 76' lang='grc' dir='ltr'>ἐνδέχεται</span> 
     </span>
    </p>
   </div>
   <div class='ocr_carea' id='block_1_47' title="bbox 2387 2394 3986 2479">
    <p class='ocr_par' dir='ltr' id='par_1_47' title="bbox 2387 2408 3986 2479">
     <span class='ocr_line' id='line_1_48' title="bbox 2387 2408 3986 2479; baseline 0.002 -20"><span class='ocrx_word' id='word_1_313' title='bbox 2387 2408 2500 2459; x_wconf 82' lang='grc' dir='ltr'>υἰδν</span> <span class='ocrx_word' id='word_1_314' title='bbox 2561 2408 2862 2474; x_wconf 75' lang='grc' dir='ltr'><strong>ἀγαπῶντα</strong></span> <span class='ocrx_word' id='word_1_315' title='bbox 2932 2409 3150 2477; x_wconf 78' lang='grc' dir='ltr'>πατέρα</span> <span class='ocrx_word' id='word_1_316' title='bbox 3201 2411 3294 2460; x_wconf 76' lang='grc' dir='ltr'>καὶ</span> <span class='ocrx_word' id='word_1_317' title='bbox 3345 2411 3583 2479; x_wconf 71' lang='grc' dir='ltr'>στοργήν</span> <span class='ocrx_word' id='word_1_318' title='bbox 3622 2410 3986 2471; x_wconf 74' lang='grc' dir='ltr'>ἁποσώζοντα</span> 
     </span>
    </p>
   </div>
   <div class='ocr_carea' id='block_1_48' title="bbox 2385 2498 3985 2571">
    <p class='ocr_par' dir='ltr' id='par_1_48' title="bbox 2385 2498 3985 2571">
     <span class='ocr_line' id='line_1_49' title="bbox 2385 2498 3985 2571; baseline 0.001 -20"><span class='ocrx_word' id='word_1_319' title='bbox 2385 2499 2482 2568; x_wconf 82' lang='grc' dir='ltr'>τὴν</span> <span class='ocrx_word' id='word_1_320' title='bbox 2513 2498 2897 2568; x_wconf 72' lang='grc' dir='ltr'>ὀφειλομένην,</span> <span class='ocrx_word' id='word_1_321' title='bbox 2942 2502 3257 2570; x_wconf 77' lang='grc' dir='ltr'>γράμματα</span> <span class='ocrx_word' id='word_1_322' title='bbox 3281 2503 3433 2571; x_wconf 75' lang='grc' dir='ltr'>παρὰ</span> <span class='ocrx_word' id='word_1_323' title='bbox 3461 2501 3555 2553; x_wconf 83' lang='grc' dir='ltr'><strong>τοῦ</strong></span> <span class='ocrx_word' id='word_1_324' title='bbox 3586 2502 3794 2571; x_wconf 76' lang='grc' dir='ltr'>πατρὸς</span> <span class='ocrx_word' id='word_1_325' title='bbox 3826 2501 3985 2570; x_wconf 85' lang='grc' dir='ltr'>δεχό-</span> 
     </span>
    </p>
   </div>
   <div class='ocr_carea' id='block_1_49' title="bbox 2388 2589 3974 2661">
    <p class='ocr_par' dir='ltr' id='par_1_49' title="bbox 2388 2589 3974 2661">
     <span class='ocr_line' id='line_1_50' title="bbox 2388 2589 3974 2661; baseline 0.001 -21"><span class='ocrx_word' id='word_1_326' title='bbox 2388 2606 2569 2659; x_wconf 84' lang='grc' dir='ltr'>μενον,</span> <span class='ocrx_word' id='word_1_327' title='bbox 2602 2590 2674 2657; x_wconf 85' lang='grc' dir='ltr'>μὴ</span> <span class='ocrx_word' id='word_1_328' title='bbox 2700 2589 2863 2641; x_wconf 74' lang='grc' dir='ltr'>πάλιν</span> <span class='ocrx_word' id='word_1_329' title='bbox 2894 2591 3265 2656; x_wconf 77' lang='grc' dir='ltr'>άντιπέμπτειν</span> <span class='ocrx_word' id='word_1_330' title='bbox 3289 2593 3357 2643; x_wconf 71' lang='grc' dir='ltr'>τὰ</span> <span class='ocrx_word' id='word_1_331' title='bbox 3389 2593 3519 2661; x_wconf 83' lang='grc' dir='ltr'>παρ’</span> <span class='ocrx_word' id='word_1_332' title='bbox 3548 2592 3743 2644; x_wconf 84' lang='grc' dir='ltr'>ἐαυτοῦ</span> <span class='ocrx_word' id='word_1_333' title='bbox 3779 2591 3974 2661; x_wconf 83' lang='grc' dir='ltr'>γράμ-</span> 
     </span>
    </p>
   </div>
   <div class='ocr_carea' id='block_1_50' title="bbox 2388 2682 3981 2753">
    <p class='ocr_par' dir='ltr' id='par_1_50' title="bbox 2388 2682 3981 2753">
     <span class='ocr_line' id='line_1_51' title="bbox 2388 2682 3981 2753; baseline -0.001 -18"><span class='ocrx_word' id='word_1_334' title='bbox 2388 2700 2552 2752; x_wconf 88' lang='grc' dir='ltr'>ματα.</span> <span class='ocrx_word' id='word_1_335' title='bbox 2580 2683 2772 2752; x_wconf 84' lang='grc' dir='ltr'>Ὅμως</span> <span class='ocrx_word' id='word_1_336' title='bbox 2809 2682 2926 2739; x_wconf 78' lang='grc' dir='ltr'>οὖν.</span> <span class='ocrx_word' id='word_1_337' title='bbox 2996 2684 3191 2735; x_wconf 84' lang='grc' dir='ltr'>τέκνον</span> <span class='ocrx_word' id='word_1_338' title='bbox 3243 2684 3425 2751; x_wconf 61' lang='grc' dir='ltr'>ἡνιῶν,</span> <span class='ocrx_word' id='word_1_339' title='bbox 3476 2688 3523 2736; x_wconf 86' lang='grc' dir='ltr'><strong>εἰ</strong></span> <span class='ocrx_word' id='word_1_340' title='bbox 3549 2686 3642 2736; x_wconf 73' lang='grc' dir='ltr'>καὶ</span> <span class='ocrx_word' id='word_1_341' title='bbox 3670 2687 3733 2738; x_wconf 76' lang='grc' dir='ltr'>σὺ</span> <span class='ocrx_word' id='word_1_342' title='bbox 3763 2684 3981 2753; x_wconf 70' lang='grc' dir='ltr'>γράψαι</span> 
     </span>
    </p>
   </div>
   <div class='ocr_carea' id='block_1_51' title="bbox 2386 2775 3982 2845">
    <p class='ocr_par' dir='ltr' id='par_1_51' title="bbox 2386 2775 3982 2845">
     <span class='ocr_line' id='line_1_52' title="bbox 2386 2775 3982 2845; baseline 0.001 -20"><span class='ocrx_word' id='word_1_343' title='bbox 2386 2776 2525 2845; x_wconf 71' lang='grc' dir='ltr'>πρὸς</span> <span class='ocrx_word' id='word_1_344' title='bbox 2558 2777 2705 2843; x_wconf 79' lang='grc' dir='ltr'>ἡμᾶς</span> <span class='ocrx_word' id='word_1_345' title='bbox 2753 2775 2880 2836; x_wconf 25' lang='grc' dir='ltr'>οὐκὶ</span> <span class='ocrx_word' id='word_1_346' title='bbox 2916 2776 3178 2842; x_wconf 69' lang='grc' dir='ltr'>ἠξίωσας,</span> <span class='ocrx_word' id='word_1_347' title='bbox 3238 2776 3400 2844; x_wconf 77' lang='grc' dir='ltr'>ἡμεῖς</span> <span class='ocrx_word' id='word_1_348' title='bbox 3437 2777 3531 2827; x_wconf 77' lang='grc' dir='ltr'>καὶ</span> <span class='ocrx_word' id='word_1_349' title='bbox 3564 2775 3730 2826; x_wconf 84' lang='grc' dir='ltr'>πάλιν</span> <span class='ocrx_word' id='word_1_350' title='bbox 3760 2776 3982 2842; x_wconf 65' lang='grc' dir='ltr'>γράφο-</span> 
     </span>
    </p>
   </div>
   <div class='ocr_carea' id='block_1_52' title="bbox 2391 2865 3979 2937">
    <p class='ocr_par' dir='ltr' id='par_1_52' title="bbox 2391 2865 3979 2937">
     <span class='ocr_line' id='line_1_53' title="bbox 2391 2865 3979 2937; baseline 0 -19"><span class='ocrx_word' id='word_1_351' title='bbox 2391 2884 2511 2932; x_wconf 87' lang='grc' dir='ltr'>μεν,</span> <span class='ocrx_word' id='word_1_352' title='bbox 2547 2866 2699 2917; x_wconf 80' lang='grc' dir='ltr'>οὐδέν</span> <span class='ocrx_word' id='word_1_353' title='bbox 2751 2884 2805 2918; x_wconf 91' lang='grc' dir='ltr'><strong>τι</strong></span> <span class='ocrx_word' id='word_1_354' title='bbox 2849 2866 2938 2918; x_wconf 77' lang='grc' dir='ltr'><strong>διὰ</strong></span> <span class='ocrx_word' id='word_1_355' title='bbox 2975 2867 3036 2918; x_wconf 72' lang='grc' dir='ltr'><strong>τὸ</strong></span> <span class='ocrx_word' id='word_1_356' title='bbox 3088 2866 3567 2934; x_wconf 76' lang='grc' dir='ltr'>παραλογισθῆναι</span> <span class='ocrx_word' id='word_1_357' title='bbox 3619 2866 3719 2937; x_wconf 82' lang='grc' dir='ltr'>τὴν</span> <span class='ocrx_word' id='word_1_358' title='bbox 3744 2865 3881 2936; x_wconf 76' lang='grc' dir='ltr'>πρὸς</span> <span class='ocrx_word' id='word_1_359' title='bbox 3916 2867 3979 2918; x_wconf 76' lang='grc' dir='ltr'>σὲ</span> 
     </span>
    </p>
   </div>
   <div class='ocr_carea' id='block_1_53' title="bbox 698 2949 3980 3028">
    <p class='ocr_par' dir='ltr' id='par_1_53' title="bbox 698 2949 3980 3028">
     <span class='ocr_line' id='line_1_54' title="bbox 698 2949 3980 3028; baseline 0.002 -30"><span class='ocrx_word' id='word_1_360' title='bbox 698 2949 975 3019; x_wconf 82' lang='grc' dir='ltr'>πατρικὴν</span> <span class='ocrx_word' id='word_1_361' title='bbox 992 2953 1228 3021; x_wconf 78' lang='grc' dir='ltr'>στοργήν</span> <span class='ocrx_word' id='word_1_362' title='bbox 1254 2952 1678 3017; x_wconf 76' lang='grc' dir='ltr'>ἀλλοιώσαντες.</span> <span class='ocrx_word' id='word_1_363' title='bbox 1713 2954 1831 3009; x_wconf 80' lang='grc' dir='ltr'>ἀλλ’</span> <span class='ocrx_word' id='word_1_364' title='bbox 1851 2955 1981 3024; x_wconf 81' lang='grc' dir='ltr'><strong>ὑγιῆ</strong></span> <span class='ocrx_word' id='word_1_365' title='bbox 2008 2955 2272 3018; x_wconf 78' lang='grc' dir='ltr'>σώζοντες</span> <span class='ocrx_word' id='word_1_366' title='bbox 2311 2955 2409 3025; x_wconf 82' lang='grc' dir='ltr'>τὴν</span> <span class='ocrx_word' id='word_1_367' title='bbox 2440 2956 2628 3026; x_wconf 77' lang='grc' dir='ltr'>σχέσιν</span> <span class='ocrx_word' id='word_1_368' title='bbox 2662 2957 2822 3027; x_wconf 80' lang='grc' dir='ltr'>ἡμῶν</span> <span class='ocrx_word' id='word_1_369' title='bbox 2843 2958 2943 3028; x_wconf 85' lang='grc' dir='ltr'>τὴν</span> <span class='ocrx_word' id='word_1_370' title='bbox 2974 2958 3111 3028; x_wconf 66' lang='grc' dir='ltr'>πρὸς</span> <span class='ocrx_word' id='word_1_371' title='bbox 3141 2958 3223 3026; x_wconf 82' lang='grc' dir='ltr'>σὲ,</span> <span class='ocrx_word' id='word_1_372' title='bbox 3249 2961 3341 3011; x_wconf 70' lang='grc' dir='ltr'>καὶ</span> <span class='ocrx_word' id='word_1_373' title='bbox 3401 2961 3500 3027; x_wconf 82' lang='grc' dir='ltr'>τὴν</span> <span class='ocrx_word' id='word_1_374' title='bbox 3560 2960 3732 3027; x_wconf 68' lang='grc' dir='ltr'>πατρὶ</span> <span class='ocrx_word' id='word_1_375' title='bbox 3758 2957 3838 3025; x_wconf 78' lang='grc' dir='ltr'>ἐφ’</span> <span class='ocrx_word' id='word_1_376' title='bbox 3871 2954 3980 3023; x_wconf 82' lang='grc' dir='ltr'><strong>υἱῷ</strong></span> 
     </span>
    </p>
   </div>
   <div class='ocr_carea' id='block_1_54' title="bbox 704 3044 1314 3113">
    <p class='ocr_par' dir='ltr' id='par_1_54' title="bbox 704 3044 1314 3113">
     <span class='ocr_line' id='line_1_55' title="bbox 704 3044 1314 3113; baseline 0.018 -18"><span class='ocrx_word' id='word_1_377' title='bbox 704 3044 1020 3113; x_wconf 78' lang='grc' dir='ltr'>πρέπουσαν</span> <span class='ocrx_word' id='word_1_378' title='bbox 1048 3049 1314 3105; x_wconf 82' lang='grc' dir='ltr'>διάθεσιν.</span> 
     </span>
    </p>
   </div>
   <div class='ocr_carea' id='block_1_55' title="bbox 770 3228 2346 3303">
    <p class='ocr_par' dir='ltr' id='par_1_55' title="bbox 770 3228 2346 3303">
     <span class='ocr_line' id='line_1_56' title="bbox 770 3228 2346 3303; baseline 0.008 -23"><span class='ocrx_word' id='word_1_379' title='bbox 770 3228 1004 3284; x_wconf 81' lang='lat' dir='ltr'><strong>Litteras</strong></span> <span class='ocrx_word' id='word_1_380' title='bbox 1081 3231 1191 3300; x_wconf 79' lang='lat' dir='ltr'><strong>regi</strong></span> <span class='ocrx_word' id='word_1_381' title='bbox 1274 3234 1507 3299; x_wconf 87' lang='lat' dir='ltr'><strong>scriptas</strong></span> <span class='ocrx_word' id='word_1_382' title='bbox 1575 3250 1640 3286; x_wconf 76' lang='lat' dir='ltr'><strong>ex</strong></span> <span class='ocrx_word' id='word_1_383' title='bbox 1719 3234 1937 3289; x_wconf 78' lang='lat' dir='ltr'><strong>fortuna</strong></span> <span class='ocrx_word' id='word_1_384' title='bbox 2004 3237 2346 3303; x_wconf 77' lang='lat' dir='ltr'><strong>legimus,C</strong></span> 
     </span>
    </p>
   </div>
   <div class='ocr_carea' id='block_1_56' title="bbox 699 3324 2277 3399">
    <p class='ocr_par' dir='ltr' id='par_1_56' title="bbox 699 3324 2277 3399">
     <span class='ocr_line' id='line_1_57' title="bbox 699 3324 2277 3399; baseline 0.004 -23"><span class='ocrx_word' id='word_1_385' title='bbox 699 3325 1010 3393; x_wconf 87' lang='lat' dir='ltr'><strong>bonumque</strong></span> <span class='ocrx_word' id='word_1_386' title='bbox 1074 3324 1441 3378; x_wconf 77' lang='lat' dir='ltr'><strong>intelleximus</strong></span> <span class='ocrx_word' id='word_1_387' title='bbox 1474 3328 1763 3381; x_wconf 82' lang='lat' dir='ltr'><strong>COllSlllUlll</strong></span> <span class='ocrx_word' id='word_1_388' title='bbox 1806 3329 1979 3397; x_wconf 87' lang='lat' dir='ltr'><strong>quod,</strong></span> <span class='ocrx_word' id='word_1_389' title='bbox 2017 3330 2125 3383; x_wconf 80' lang='lat' dir='ltr'><strong>Deo</strong></span> <span class='ocrx_word' id='word_1_390' title='bbox 2154 3346 2277 3399; x_wconf 82' lang='lat' dir='ltr'><strong>pro-</strong></span> 
     </span>
    </p>
   </div>
   <div class='ocr_carea' id='block_1_57' title="bbox 700 3418 2280 3485">
    <p class='ocr_par' dir='ltr' id='par_1_57' title="bbox 700 3418 2280 3485">
     <span class='ocr_line' id='line_1_58' title="bbox 700 3418 2280 3485; baseline 0.004 -16"><span class='ocrx_word' id='word_1_391' title='bbox 700 3420 882 3485; x_wconf 84' lang='lat' dir='ltr'><strong>hante,</strong></span> <span class='ocrx_word' id='word_1_392' title='bbox 914 3418 1153 3472; x_wconf 81' lang='lat' dir='ltr'><strong>decrevit</strong></span> <span class='ocrx_word' id='word_1_393' title='bbox 1185 3430 1275 3473; x_wconf 88' lang='lat' dir='ltr'><strong>tua</strong></span> <span class='ocrx_word' id='word_1_394' title='bbox 1311 3435 1465 3473; x_wconf 88' lang='lat' dir='ltr'><strong>mens</strong></span> <span class='ocrx_word' id='word_1_395' title='bbox 1486 3421 1721 3474; x_wconf 90' lang='lat' dir='ltr'><strong>humana</strong></span> <span class='ocrx_word' id='word_1_396' title='bbox 1750 3432 1804 3475; x_wconf 91' lang='lat' dir='ltr'><strong>et</strong></span> <span class='ocrx_word' id='word_1_397' title='bbox 1835 3434 2144 3484; x_wconf 83' lang='lat' dir='ltr'><strong>mansueta,</strong></span> <span class='ocrx_word' id='word_1_398' title='bbox 2172 3423 2280 3476; x_wconf 80' lang='lat' dir='ltr'><strong>sci-</strong></span> 
     </span>
    </p>
   </div>
   <div class='ocr_carea' id='block_1_58' title="bbox 696 3509 2275 3582">
    <p class='ocr_par' dir='ltr' id='par_1_58' title="bbox 696 3509 2275 3582">
     <span class='ocr_line' id='line_1_59' title="bbox 696 3509 2275 3582; baseline 0.004 -21"><span class='ocrx_word' id='word_1_399' title='bbox 696 3509 823 3562; x_wconf 83' lang='lat' dir='ltr'><strong>licet</strong></span> <span class='ocrx_word' id='word_1_400' title='bbox 867 3509 1020 3563; x_wconf 89' lang='lat' dir='ltr'><strong>bellis</strong></span> <span class='ocrx_word' id='word_1_401' title='bbox 1053 3510 1404 3581; x_wconf 62' lang='lat' dir='ltr'><strong>caedibusque</strong></span> <span class='ocrx_word' id='word_1_402' title='bbox 1463 3513 1621 3566; x_wconf 86' lang='lat' dir='ltr'><strong>finem</strong></span> <span class='ocrx_word' id='word_1_403' title='bbox 1657 3516 1961 3581; x_wconf 85' lang='lat' dir='ltr'><strong>imponere,</strong></span> <span class='ocrx_word' id='word_1_404' title='bbox 2025 3517 2275 3582; x_wconf 80' lang='lat' dir='ltr'><strong>sanguini</strong></span> 
     </span>
    </p>
   </div>
   <div class='ocr_carea' id='block_1_59' title="bbox 696 3603 2278 3673">
    <p class='ocr_par' dir='ltr' id='par_1_59' title="bbox 696 3603 2278 3673">
     <span class='ocr_line' id='line_1_60' title="bbox 696 3603 2278 3673; baseline 0.006 -24"><span class='ocrx_word' id='word_1_405' title='bbox 696 3614 938 3668; x_wconf 84' lang='lat' dir='ltr'><strong>parcere,</strong></span> <span class='ocrx_word' id='word_1_406' title='bbox 1016 3616 1317 3670; x_wconf 80' lang='lat' dir='ltr'><strong>pacemque</strong></span> <span class='ocrx_word' id='word_1_407' title='bbox 1375 3603 1651 3657; x_wconf 73' lang='lat' dir='ltr'><strong>Romanos</strong></span> <span class='ocrx_word' id='word_1_408' title='bbox 1712 3604 1851 3658; x_wconf 91' lang='lat' dir='ltr'><strong>inter</strong></span> <span class='ocrx_word' id='word_1_409' title='bbox 1912 3615 1963 3659; x_wconf 89' lang='lat' dir='ltr'><strong>et</strong></span> <span class='ocrx_word' id='word_1_410' title='bbox 2016 3603 2278 3673; x_wconf 73' lang='lat' dir='ltr'><strong>Bnlgarus</strong></span> 
     </span>
    </p>
   </div>
   <div class='ocr_carea' id='block_1_60' title="bbox 696 3694 2273 3765">
    <p class='ocr_par' dir='ltr' id='par_1_60' title="bbox 696 3694 2273 3765">
     <span class='ocr_line' id='line_1_61' title="bbox 696 3694 2273 3765; baseline 0.004 -22"><span class='ocrx_word' id='word_1_411' title='bbox 696 3707 981 3757; x_wconf 82' lang='lat' dir='ltr'><strong>renovare,</strong></span> <span class='ocrx_word' id='word_1_412' title='bbox 1031 3708 1194 3762; x_wconf 86' lang='lat' dir='ltr'><strong>quam</strong></span> <span class='ocrx_word' id='word_1_413' title='bbox 1232 3709 1262 3747; x_wconf 89' lang='lat' dir='ltr'><strong>a</strong></span> <span class='ocrx_word' id='word_1_414' title='bbox 1296 3695 1513 3749; x_wconf 85' lang='lat' dir='ltr'><strong>Christo</strong></span> <span class='ocrx_word' id='word_1_415' title='bbox 1548 3694 1767 3765; x_wconf 88' lang='lat' dir='ltr'><strong>Deoque</strong></span> <span class='ocrx_word' id='word_1_416' title='bbox 1797 3706 1987 3751; x_wconf 89' lang='lat' dir='ltr'><strong>nostro</strong></span> <span class='ocrx_word' id='word_1_417' title='bbox 2019 3697 2273 3751; x_wconf 84' lang='lat' dir='ltr'><strong>donatam</strong></span> 
     </span>
    </p>
   </div>
   <div class='ocr_carea' id='block_1_61' title="bbox 692 3786 2279 3857">
    <p class='ocr_par' dir='ltr' id='par_1_61' title="bbox 692 3786 2279 3857">
     <span class='ocr_line' id='line_1_62' title="bbox 692 3786 2279 3857; baseline 0.003 -18"><span class='ocrx_word' id='word_1_418' title='bbox 692 3786 949 3841; x_wconf 80' lang='lat' dir='ltr'><strong>diabolus</strong></span> <span class='ocrx_word' id='word_1_419' title='bbox 998 3787 1296 3841; x_wconf 80' lang='lat' dir='ltr'><strong>exiuvidia</strong></span> <span class='ocrx_word' id='word_1_420' title='bbox 1358 3801 1605 3857; x_wconf 90' lang='lat' dir='ltr'><strong>ruperat,</strong></span> <span class='ocrx_word' id='word_1_421' title='bbox 1631 3798 1690 3841; x_wconf 91' lang='lat' dir='ltr'><strong>ut</strong></span> <span class='ocrx_word' id='word_1_422' title='bbox 1741 3805 1805 3843; x_wconf 80' lang='lat' dir='ltr'><strong>ex</strong></span> <span class='ocrx_word' id='word_1_423' title='bbox 1849 3806 1910 3844; x_wconf 90' lang='lat' dir='ltr'><strong>ea</strong></span> <span class='ocrx_word' id='word_1_424' title='bbox 1964 3790 2279 3843; x_wconf 69' lang='lat' dir='ltr'><strong>hmreditate</strong></span> 
     </span>
    </p>
   </div>
   <div class='ocr_carea' id='block_1_62' title="bbox 694 3876 2275 3951">
    <p class='ocr_par' dir='ltr' id='par_1_62' title="bbox 694 3876 2275 3951">
     <span class='ocr_line' id='line_1_63' title="bbox 694 3876 2275 3951; baseline 0.003 -23"><span class='ocrx_word' id='word_1_425' title='bbox 694 3876 958 3946; x_wconf 74' lang='lat' dir='ltr'><strong>Bulgaros</strong></span> <span class='ocrx_word' id='word_1_426' title='bbox 1000 3886 1054 3932; x_wconf 85' lang='lat' dir='ltr'><strong>et</strong></span> <span class='ocrx_word' id='word_1_427' title='bbox 1116 3878 1397 3934; x_wconf 79' lang='lat' dir='ltr'><strong>Romanos</strong></span> <span class='ocrx_word' id='word_1_428' title='bbox 1433 3895 1499 3934; x_wconf 91' lang='lat' dir='ltr'><strong>eo</strong></span> <span class='ocrx_word' id='word_1_429' title='bbox 1554 3881 1962 3951; x_wconf 68' lang='lat' dir='ltr'><strong>prrecipitaret,</strong></span> <span class='ocrx_word' id='word_1_430' title='bbox 2020 3882 2164 3936; x_wconf 89' lang='lat' dir='ltr'><strong>unde</strong></span> <span class='ocrx_word' id='word_1_431' title='bbox 2223 3883 2275 3934; x_wconf 92' lang='lat' dir='ltr'><strong>in</strong></span> 
     </span>
    </p>
   </div>
   <div class='ocr_carea' id='block_1_63' title="bbox 693 3973 2277 4045">
    <p class='ocr_par' dir='ltr' id='par_1_63' title="bbox 693 3973 2277 4045">
     <span class='ocr_line' id='line_1_64' title="bbox 693 3973 2277 4045; baseline 0.003 -22"><span class='ocrx_word' id='word_1_432' title='bbox 693 3980 959 4039; x_wconf 68' lang='lat' dir='ltr'><strong>praesente</strong></span> <span class='ocrx_word' id='word_1_433' title='bbox 1008 3973 1116 4026; x_wconf 79' lang='lat' dir='ltr'><strong>vita</strong></span> <span class='ocrx_word' id='word_1_434' title='bbox 1157 3988 1364 4045; x_wconf 74' lang='lat' dir='ltr'><strong>magna:</strong></span> <span class='ocrx_word' id='word_1_435' title='bbox 1395 3975 1671 4028; x_wconf 85' lang='lat' dir='ltr'><strong>orirentur</strong></span> <span class='ocrx_word' id='word_1_436' title='bbox 1718 3974 2059 4029; x_wconf 70' lang='lat' dir='ltr'><strong>difﬁcultates</strong></span> <span class='ocrx_word' id='word_1_437' title='bbox 2094 3975 2277 4044; x_wconf 82' lang='lat' dir='ltr'><strong>perui-</strong></span> 
     </span>
    </p>
   </div>
   <div class='ocr_carea' id='block_1_64' title="bbox 691 4064 2275 4134">
    <p class='ocr_par' dir='ltr' id='par_1_64' title="bbox 691 4064 2275 4134">
     <span class='ocr_line' id='line_1_65' title="bbox 691 4064 2275 4134; baseline 0.002 -17"><span class='ocrx_word' id='word_1_438' title='bbox 691 4064 946 4131; x_wconf 86' lang='lat' dir='ltr'><strong>ciesqne,</strong></span> <span class='ocrx_word' id='word_1_439' title='bbox 980 4079 1260 4134; x_wconf 87' lang='lat' dir='ltr'><strong>nunquam</strong></span> <span class='ocrx_word' id='word_1_440' title='bbox 1310 4065 1376 4118; x_wconf 90' lang='lat' dir='ltr'><strong>ad</strong></span> <span class='ocrx_word' id='word_1_441' title='bbox 1430 4066 1625 4119; x_wconf 83' lang='lat' dir='ltr'><strong>melius</strong></span> <span class='ocrx_word' id='word_1_442' title='bbox 1676 4081 1995 4120; x_wconf 61' lang='lat' dir='ltr'><strong>recessurae.</strong></span> <span class='ocrx_word' id='word_1_443' title='bbox 2055 4064 2275 4120; x_wconf 88' lang='lat' dir='ltr'><strong>Gratias</strong></span> 
     </span>
    </p>
   </div>
   <div class='ocr_carea' id='block_1_65' title="bbox 695 4157 2277 4229">
    <p class='ocr_par' dir='ltr' id='par_1_65' title="bbox 695 4157 2277 4229">
     <span class='ocr_line' id='line_1_66' title="bbox 695 4157 2277 4229; baseline 0.004 -23"><span class='ocrx_word' id='word_1_444' title='bbox 695 4158 861 4223; x_wconf 72' lang='lat' dir='ltr'><strong>igitur</strong></span> <span class='ocrx_word' id='word_1_445' title='bbox 892 4157 1105 4227; x_wconf 79' lang='lat' dir='ltr'><strong>agimus</strong></span> <span class='ocrx_word' id='word_1_446' title='bbox 1136 4157 1263 4215; x_wconf 86' lang='lat' dir='ltr'><strong>Deo.</strong></span> <span class='ocrx_word' id='word_1_447' title='bbox 1300 4159 1393 4228; x_wconf 90' lang='lat' dir='ltr'><strong>qui</strong></span> <span class='ocrx_word' id='word_1_448' title='bbox 1434 4159 1539 4212; x_wconf 86' lang='lat' dir='ltr'><strong>tale</strong></span> <span class='ocrx_word' id='word_1_449' title='bbox 1588 4158 1879 4212; x_wconf 88' lang='lat' dir='ltr'><strong>consilium</strong></span> <span class='ocrx_word' id='word_1_450' title='bbox 1911 4160 2139 4229; x_wconf 68' lang='lat' dir='ltr'><strong>egregia:</strong></span> <span class='ocrx_word' id='word_1_451' title='bbox 2171 4170 2277 4212; x_wconf 70' lang='lat' dir='ltr'><strong>ture</strong></span> 
     </span>
    </p>
   </div>
   <div class='ocr_carea' id='block_1_66' title="bbox 695 4248 2276 4319">
    <p class='ocr_par' dir='ltr' id='par_1_66' title="bbox 695 4248 2276 4319">
     <span class='ocr_line' id='line_1_67' title="bbox 695 4248 2276 4319; baseline 0.003 -19"><span class='ocrx_word' id='word_1_452' title='bbox 695 4248 999 4318; x_wconf 70' lang='lat' dir='ltr'><strong>prudentiae</strong></span> <span class='ocrx_word' id='word_1_453' title='bbox 1074 4250 1390 4318; x_wconf 74' lang='lat' dir='ltr'><strong>inspiravit,</strong></span> <span class='ocrx_word' id='word_1_454' title='bbox 1478 4252 1860 4319; x_wconf 86' lang='lat' dir='ltr'><strong>concessitque</strong></span> <span class='ocrx_word' id='word_1_455' title='bbox 1943 4252 2276 4306; x_wconf 78' lang='lat' dir='ltr'><strong>salutaribus</strong></span> 
     </span>
    </p>
   </div>
   <div class='ocr_carea' id='block_1_67' title="bbox 697 4341 2271 4413">
    <p class='ocr_par' dir='ltr' id='par_1_67' title="bbox 697 4341 2271 4413">
     <span class='ocr_line' id='line_1_68' title="bbox 697 4341 2271 4413; baseline 0.001 -20"><span class='ocrx_word' id='word_1_456' title='bbox 697 4342 849 4409; x_wconf 80' lang='lat' dir='ltr'><strong>pacis</strong></span> <span class='ocrx_word' id='word_1_457' title='bbox 889 4341 1160 4396; x_wconf 87' lang='lat' dir='ltr'><strong>fructibus</strong></span> <span class='ocrx_word' id='word_1_458' title='bbox 1210 4342 1490 4397; x_wconf 75' lang='lat' dir='ltr'><strong>Romanos</strong></span> <span class='ocrx_word' id='word_1_459' title='bbox 1520 4355 1573 4396; x_wconf 93' lang='lat' dir='ltr'><strong>et</strong></span> <span class='ocrx_word' id='word_1_460' title='bbox 1603 4342 1868 4411; x_wconf 79' lang='lat' dir='ltr'><strong>Bulgaros</strong></span> <span class='ocrx_word' id='word_1_461' title='bbox 1903 4342 2271 4413; x_wconf 86' lang='lat' dir='ltr'><strong>congaudcrc,</strong></span> 
     </span>
    </p>
   </div>
   <div class='ocr_carea' id='block_1_68' title="bbox 693 4432 2271 4503">
    <p class='ocr_par' dir='ltr' id='par_1_68' title="bbox 693 4432 2271 4503">
     <span class='ocr_line' id='line_1_69' title="bbox 693 4432 2271 4503; baseline -0.001 -14"><span class='ocrx_word' id='word_1_462' title='bbox 693 4436 759 4489; x_wconf 85' lang='lat' dir='ltr'><strong>ad</strong></span> <span class='ocrx_word' id='word_1_463' title='bbox 797 4435 882 4489; x_wconf 90' lang='lat' dir='ltr'><strong>sui</strong></span> <span class='ocrx_word' id='word_1_464' title='bbox 917 4434 1156 4488; x_wconf 89' lang='lat' dir='ltr'><strong>nominis</strong></span> <span class='ocrx_word' id='word_1_465' title='bbox 1203 4435 1456 4503; x_wconf 73' lang='lat' dir='ltr'><strong>gloriam,</strong></span> <span class='ocrx_word' id='word_1_466' title='bbox 1489 4434 1553 4486; x_wconf 81' lang='lat' dir='ltr'><strong>ad</strong></span> <span class='ocrx_word' id='word_1_467' title='bbox 1588 4434 1850 4487; x_wconf 85' lang='lat' dir='ltr'><strong>honorem</strong></span> <span class='ocrx_word' id='word_1_468' title='bbox 1885 4435 1985 4497; x_wconf 89' lang='lat' dir='ltr'><strong>tui,</strong></span> <span class='ocrx_word' id='word_1_469' title='bbox 2032 4432 2105 4487; x_wconf 87' lang='lat' dir='ltr'><strong>fili</strong></span> <span class='ocrx_word' id='word_1_470' title='bbox 2138 4449 2271 4487; x_wconf 91' lang='lat' dir='ltr'><strong>con-</strong></span> 
     </span>
    </p>
   </div>
   <div class='ocr_carea' id='block_1_69' title="bbox 692 4525 2271 4591">
    <p class='ocr_par' dir='ltr' id='par_1_69' title="bbox 692 4525 2271 4591">
     <span class='ocr_line' id='line_1_70' title="bbox 692 4525 2271 4591; baseline -0.003 -10"><span class='ocrx_word' id='word_1_471' title='bbox 692 4537 871 4581; x_wconf 86' lang='lat' dir='ltr'><strong>stante</strong></span> <span class='ocrx_word' id='word_1_472' title='bbox 905 4526 1171 4581; x_wconf 87' lang='lat' dir='ltr'><strong>memoria</strong></span> <span class='ocrx_word' id='word_1_473' title='bbox 1221 4526 1595 4591; x_wconf 86' lang='lat' dir='ltr'><strong>dilectissime,</strong></span> <span class='ocrx_word' id='word_1_474' title='bbox 1651 4535 1705 4580; x_wconf 91' lang='lat' dir='ltr'><strong>et</strong></span> <span class='ocrx_word' id='word_1_475' title='bbox 1764 4526 1831 4579; x_wconf 88' lang='lat' dir='ltr'><strong>ad</strong></span> <span class='ocrx_word' id='word_1_476' title='bbox 1892 4525 2271 4581; x_wconf 84' lang='lat' dir='ltr'><strong>confusionem</strong></span> 
     </span>
    </p>
   </div>
   <div class='ocr_carea' id='block_1_70' title="bbox 2466 3230 3974 3301">
    <p class='ocr_par' dir='ltr' id='par_1_70' title="bbox 2466 3230 3974 3301">
     <span class='ocr_line' id='line_1_71' title="bbox 2466 3230 3974 3301; baseline -0.007 -16"><span class='ocrx_word' id='word_1_477' title='bbox 2466 3233 2824 3301; x_wconf 77' lang='grc' dir='ltr'>Ἐνετύχομεν</span> <span class='ocrx_word' id='word_1_478' title='bbox 2858 3234 2971 3293; x_wconf 75' lang='grc' dir='ltr'>τοῖς</span> <span class='ocrx_word' id='word_1_479' title='bbox 3003 3230 3306 3299; x_wconf 79' lang='grc' dir='ltr'>βασιλικοῖς</span> <span class='ocrx_word' id='word_1_480' title='bbox 3332 3231 3649 3297; x_wconf 72' lang='grc' dir='ltr'>γράμμασι,</span> <span class='ocrx_word' id='word_1_481' title='bbox 3682 3231 3773 3281; x_wconf 79' lang='grc' dir='ltr'>καὶ</span> <span class='ocrx_word' id='word_1_482' title='bbox 3807 3249 3974 3282; x_wconf 74' lang='grc' dir='ltr'>κατε.</span> 
     </span>
    </p>
   </div>
   <div class='ocr_carea' id='block_1_71' title="bbox 2386 3323 3976 3394">
    <p class='ocr_par' dir='ltr' id='par_1_71' title="bbox 2386 3323 3976 3394">
     <span class='ocr_line' id='line_1_72' title="bbox 2386 3323 3976 3394; baseline -0.002 -17"><span class='ocrx_word' id='word_1_483' title='bbox 2386 3330 2664 3394; x_wconf 69' lang='grc' dir='ltr'>νοήσαιμεν</span> <span class='ocrx_word' id='word_1_484' title='bbox 2696 3328 2753 3377; x_wconf 80' lang='grc' dir='ltr'><strong>ἐν</strong></span> <span class='ocrx_word' id='word_1_485' title='bbox 2785 3326 2966 3385; x_wconf 80' lang='grc' dir='ltr'>αὐτοῖς</span> <span class='ocrx_word' id='word_1_486' title='bbox 2994 3325 3093 3394; x_wconf 77' lang='grc' dir='ltr'>τὴν</span> <span class='ocrx_word' id='word_1_487' title='bbox 3125 3324 3222 3393; x_wconf 79' lang='grc' dir='ltr'><strong>σὴν</strong></span> <span class='ocrx_word' id='word_1_488' title='bbox 3254 3323 3468 3391; x_wconf 77' lang='grc' dir='ltr'>ἀγαθὴν</span> <span class='ocrx_word' id='word_1_489' title='bbox 3492 3324 3838 3393; x_wconf 76' lang='grc' dir='ltr'>προαίρεσιν,</span> <span class='ocrx_word' id='word_1_490' title='bbox 3872 3326 3976 3375; x_wconf 75' lang='grc' dir='ltr'>καὶ</span> 
     </span>
    </p>
   </div>
   <div class='ocr_carea' id='block_1_72' title="bbox 2380 3417 3969 3487">
    <p class='ocr_par' dir='ltr' id='par_1_72' title="bbox 2380 3417 3969 3487">
     <span class='ocr_line' id='line_1_73' title="bbox 2380 3417 3969 3487; baseline -0.002 -16"><span class='ocrx_word' id='word_1_491' title='bbox 2380 3420 2461 3471; x_wconf 85' lang='grc' dir='ltr'>ὅτι</span> <span class='ocrx_word' id='word_1_492' title='bbox 2491 3419 2625 3470; x_wconf 78' lang='grc' dir='ltr'>Θεοῦ</span> <span class='ocrx_word' id='word_1_493' title='bbox 2658 3417 3007 3479; x_wconf 73' lang='grc' dir='ltr'>εὐδοκοῦντος</span> <span class='ocrx_word' id='word_1_494' title='bbox 3033 3420 3289 3487; x_wconf 83' lang='grc' dir='ltr'>φρόνημα</span> <span class='ocrx_word' id='word_1_495' title='bbox 3320 3417 3560 3485; x_wconf 77' lang='grc' dir='ltr'>κατέστη</span> <span class='ocrx_word' id='word_1_496' title='bbox 3585 3417 3798 3468; x_wconf 83' lang='grc' dir='ltr'>τοιοῦτο</span> <span class='ocrx_word' id='word_1_497' title='bbox 3831 3420 3860 3482; x_wconf 73' lang='grc' dir='ltr'>ἡ</span> <span class='ocrx_word' id='word_1_498' title='bbox 3897 3417 3969 3486; x_wconf 76' lang='grc' dir='ltr'>σὴ</span> 
     </span>
    </p>
   </div>
   <div class='ocr_carea' id='block_1_73' title="bbox 2383 3506 3974 3580">
    <p class='ocr_par' dir='ltr' id='par_1_73' title="bbox 2383 3506 3974 3580">
     <span class='ocr_line' id='line_1_74' title="bbox 2383 3506 3974 3580; baseline -0.002 -17"><span class='ocrx_word' id='word_1_499' title='bbox 2383 3513 2766 3580; x_wconf 74' lang='grc' dir='ltr'>φιλάνθρωπος</span> <span class='ocrx_word' id='word_1_500' title='bbox 2806 3512 2899 3562; x_wconf 76' lang='grc' dir='ltr'>καὶ</span> <span class='ocrx_word' id='word_1_501' title='bbox 2922 3510 3255 3578; x_wconf 84' lang='grc' dir='ltr'>ἡμερωτάτη</span> <span class='ocrx_word' id='word_1_502' title='bbox 3286 3510 3433 3577; x_wconf 74' lang='grc' dir='ltr'>ψυχή</span> <span class='ocrx_word' id='word_1_503' title='bbox 3474 3527 3486 3539; x_wconf 92' lang='grc'><strong>·</strong></span> <span class='ocrx_word' id='word_1_504' title='bbox 3522 3506 3663 3560; x_wconf 85' lang='grc' dir='ltr'>ὥστε</span> <span class='ocrx_word' id='word_1_505' title='bbox 3692 3509 3974 3576; x_wconf 65' lang='grc' dir='ltr'>παυθῆναι</span> 
     </span>
    </p>
   </div>
   <div class='ocr_carea' id='block_1_74' title="bbox 2382 3599 3975 3670">
    <p class='ocr_par' dir='ltr' id='par_1_74' title="bbox 2382 3599 3975 3670">
     <span class='ocr_line' id='line_1_75' title="bbox 2382 3599 3975 3670; baseline -0.003 -16"><span class='ocrx_word' id='word_1_506' title='bbox 2382 3603 2507 3664; x_wconf 74' lang='grc' dir='ltr'>τοὺς</span> <span class='ocrx_word' id='word_1_507' title='bbox 2543 3601 2836 3670; x_wconf 79' lang='grc' dir='ltr'>πολέμους,</span> <span class='ocrx_word' id='word_1_508' title='bbox 2893 3601 3051 3668; x_wconf 70' lang='grc' dir='ltr'>λῆξιι</span> <span class='ocrx_word' id='word_1_509' title='bbox 3114 3600 3214 3663; x_wconf 77' lang='grc' dir='ltr'><strong>τὰς</strong></span> <span class='ocrx_word' id='word_1_510' title='bbox 3269 3600 3508 3666; x_wconf 74' lang='grc' dir='ltr'>σφαγὰς,</span> <span class='ocrx_word' id='word_1_511' title='bbox 3554 3599 3831 3669; x_wconf 70' lang='grc' dir='ltr'>ἠρεμῆσαι</span> <span class='ocrx_word' id='word_1_512' title='bbox 3871 3600 3975 3660; x_wconf 66' lang='grc' dir='ltr'><strong>τὰς</strong></span> 
     </span>
    </p>
   </div>
   <div class='ocr_carea' id='block_1_75' title="bbox 2380 3691 3969 3762">
    <p class='ocr_par' dir='ltr' id='par_1_75' title="bbox 2380 3691 3969 3762">
     <span class='ocr_line' id='line_1_76' title="bbox 2380 3691 3969 3762; baseline -0.002 -16"><span class='ocrx_word' id='word_1_513' title='bbox 2380 3694 2488 3747; x_wconf 82' lang='grc' dir='ltr'>τῶν</span> <span class='ocrx_word' id='word_1_514' title='bbox 2528 3694 2780 3762; x_wconf 74' lang='grc' dir='ltr'>αἱμάτων</span> <span class='ocrx_word' id='word_1_515' title='bbox 2812 3692 3016 3761; x_wconf 86' lang='grc' dir='ltr'>χύσεις,</span> <span class='ocrx_word' id='word_1_516' title='bbox 3054 3693 3150 3744; x_wconf 63' lang='grc' dir='ltr'><strong>κα)⁸</strong></span> <span class='ocrx_word' id='word_1_517' title='bbox 3179 3691 3635 3760; x_wconf 86' lang='grc' dir='ltr'>ἁνακαινισθῆναι</span> <span class='ocrx_word' id='word_1_518' title='bbox 3670 3691 3831 3743; x_wconf 78' lang='grc' dir='ltr'>πάλιν</span> <span class='ocrx_word' id='word_1_519' title='bbox 3860 3693 3969 3760; x_wconf 65' lang='grc' dir='ltr'>τὴν</span> 
     </span>
    </p>
   </div>
   <div class='ocr_carea' id='block_1_76' title="bbox 2384 3782 3972 3857">
    <p class='ocr_par' dir='ltr' id='par_1_76' title="bbox 2384 3782 3972 3857">
     <span class='ocr_line' id='line_1_77' title="bbox 2384 3782 3972 3857; baseline -0.003 -18"><span class='ocrx_word' id='word_1_520' title='bbox 2384 3787 2482 3857; x_wconf 76' lang='grc' dir='ltr'>σὴν</span> <span class='ocrx_word' id='word_1_521' title='bbox 2511 3788 2733 3855; x_wconf 80' lang='grc' dir='ltr'>εἰρήνην</span> <span class='ocrx_word' id='word_1_522' title='bbox 2763 3784 2968 3854; x_wconf 77' lang='grc' dir='ltr'>μεταξὺ</span> <span class='ocrx_word' id='word_1_523' title='bbox 3010 3784 3307 3851; x_wconf 85' lang='grc' dir='ltr'>Ῥωμαίων</span> <span class='ocrx_word' id='word_1_524' title='bbox 3347 3786 3443 3836; x_wconf 78' lang='grc' dir='ltr'>καὶ</span> <span class='ocrx_word' id='word_1_525' title='bbox 3483 3782 3833 3851; x_wconf 84' lang='grc' dir='ltr'>Βουλγάρων,</span> <span class='ocrx_word' id='word_1_526' title='bbox 3896 3784 3972 3851; x_wconf 81' lang='grc' dir='ltr'>ἣν</span> 
     </span>
    </p>
   </div>
   <div class='ocr_carea' id='block_1_77' title="bbox 2383 3874 3973 3946">
    <p class='ocr_par' dir='ltr' id='par_1_77' title="bbox 2383 3874 3973 3946">
     <span class='ocr_line' id='line_1_78' title="bbox 2383 3874 3973 3946; baseline -0.004 -15"><span class='ocrx_word' id='word_1_527' title='bbox 2383 3880 2583 3931; x_wconf 73' lang='grc' dir='ltr'>ἔδωκεν</span> <span class='ocrx_word' id='word_1_528' title='bbox 2622 3878 2720 3945; x_wconf 78' lang='grc' dir='ltr'>μὲν</span> <span class='ocrx_word' id='word_1_529' title='bbox 2759 3877 2787 3928; x_wconf 92' lang='lat'><strong>6</strong></span> <span class='ocrx_word' id='word_1_530' title='bbox 2825 3876 3058 3946; x_wconf 76' lang='grc' dir='ltr'>Χριστὸς</span> <span class='ocrx_word' id='word_1_531' title='bbox 3087 3876 3178 3927; x_wconf 70' lang='grc' dir='ltr'>καὶ</span> <span class='ocrx_word' id='word_1_532' title='bbox 3210 3874 3343 3937; x_wconf 79' lang='grc' dir='ltr'>Θεὸς</span> <span class='ocrx_word' id='word_1_533' title='bbox 3377 3875 3532 3945; x_wconf 79' lang='grc' dir='ltr'>ἡμῶν</span> <span class='ocrx_word' id='word_1_534' title='bbox 3565 3876 3593 3927; x_wconf 90' lang='lat'><strong>6</strong></span> <span class='ocrx_word' id='word_1_535' title='bbox 3619 3876 3798 3937; x_wconf 88' lang='grc' dir='ltr'>κοινὸς</span> <span class='ocrx_word' id='word_1_536' title='bbox 3852 3875 3973 3926; x_wconf 86' lang='grc' dir='ltr'><strong>Πα-</strong></span> 
     </span>
    </p>
   </div>
   <div class='ocr_carea' id='block_1_78' title="bbox 2375 3966 3970 4040">
    <p class='ocr_par' dir='ltr' id='par_1_78' title="bbox 2375 3966 3970 4040">
     <span class='ocr_line' id='line_1_79' title="bbox 2375 3966 3970 4040; baseline -0.005 -16"><span class='ocrx_word' id='word_1_537' title='bbox 2375 3974 2504 4040; x_wconf 65' lang='grc' dir='ltr'>τὴρ,</span> <span class='ocrx_word' id='word_1_538' title='bbox 2563 3973 2591 4022; x_wconf 91' lang='lat'><strong>6</strong></span> <span class='ocrx_word' id='word_1_539' title='bbox 2640 3971 2867 4022; x_wconf 83' lang='grc' dir='ltr'>πάντων</span> <span class='ocrx_word' id='word_1_540' title='bbox 2911 3968 3210 4035; x_wconf 78' lang='grc' dir='ltr'>Δεσπότης,</span> <span class='ocrx_word' id='word_1_541' title='bbox 3266 3968 3647 4035; x_wconf 80' lang='grc' dir='ltr'>ἐφιλονείκησε</span> <span class='ocrx_word' id='word_1_542' title='bbox 3675 3966 3731 4019; x_wconf 78' lang='grc' dir='ltr'>δὲ</span> <span class='ocrx_word' id='word_1_543' title='bbox 3786 3969 3813 4019; x_wconf 89' lang='lat'><strong>6</strong></span> <span class='ocrx_word' id='word_1_544' title='bbox 3865 3966 3970 4018; x_wconf 82' lang='grc' dir='ltr'><strong>ἀπ’</strong></span> 
     </span>
    </p>
   </div>
   <div class='ocr_carea' id='block_1_79' title="bbox 2379 4054 3974 4130">
    <p class='ocr_par' dir='ltr' id='par_1_79' title="bbox 2379 4054 3974 4130">
     <span class='ocr_line' id='line_1_80' title="bbox 2379 4054 3974 4130; baseline -0.006 -16"><span class='ocrx_word' id='word_1_545' title='bbox 2379 4060 2552 4130; x_wconf 72' lang='grc' dir='ltr'>ἀρχῆς</span> <span class='ocrx_word' id='word_1_546' title='bbox 2584 4056 3033 4125; x_wconf 82' lang='grc' dir='ltr'>ἀνθρωποκτόνος</span> <span class='ocrx_word' id='word_1_547' title='bbox 3064 4056 3308 4117; x_wconf 75' lang='grc' dir='ltr'>διάϐολος</span> <span class='ocrx_word' id='word_1_548' title='bbox 3340 4055 3525 4119; x_wconf 83' lang='grc' dir='ltr'>λύσαι,</span> <span class='ocrx_word' id='word_1_549' title='bbox 3577 4056 3669 4106; x_wconf 82' lang='grc' dir='ltr'>καὶ</span> <span class='ocrx_word' id='word_1_550' title='bbox 3704 4056 3827 4107; x_wconf 72' lang='grc' dir='ltr'>ἀντὶ</span> <span class='ocrx_word' id='word_1_551' title='bbox 3864 4054 3974 4122; x_wconf 68' lang='grc' dir='ltr'>τῆς</span> 
     </span>
    </p>
   </div>
   <div class='ocr_carea' id='block_1_80' title="bbox 2380 4145 3974 4220">
    <p class='ocr_par' dir='ltr' id='par_1_80' title="bbox 2380 4145 3974 4220">
     <span class='ocr_line' id='line_1_81' title="bbox 2380 4145 3974 4220; baseline -0.004 -18"><span class='ocrx_word' id='word_1_552' title='bbox 2380 4148 2746 4220; x_wconf 65' lang='grc' dir='ltr'>κληρονομίας</span> <span class='ocrx_word' id='word_1_553' title='bbox 2806 4147 3020 4213; x_wconf 77' lang='grc' dir='ltr'>ἐκείνης</span> <span class='ocrx_word' id='word_1_554' title='bbox 3095 4148 3439 4213; x_wconf 78' lang='grc' dir='ltr'>καταστῆσαι</span> <span class='ocrx_word' id='word_1_555' title='bbox 3506 4146 3587 4207; x_wconf 88' lang='grc' dir='ltr'><strong>εἰς</strong></span> <span class='ocrx_word' id='word_1_556' title='bbox 3658 4145 3974 4212; x_wconf 81' lang='grc' dir='ltr'>πράγματα</span> 
     </span>
    </p>
   </div>
   <div class='ocr_carea' id='block_1_81' title="bbox 2380 4236 3977 4311">
    <p class='ocr_par' dir='ltr' id='par_1_81' title="bbox 2380 4236 3977 4311">
     <span class='ocr_line' id='line_1_82' title="bbox 2380 4236 3977 4311; baseline -0.006 -16"><span class='ocrx_word' id='word_1_557' title='bbox 2380 4243 2723 4311; x_wconf 76' lang='grc' dir='ltr'>Βουλγάρους</span> <span class='ocrx_word' id='word_1_558' title='bbox 2768 4242 2863 4292; x_wconf 75' lang='grc' dir='ltr'>καὶ</span> <span class='ocrx_word' id='word_1_559' title='bbox 2921 4237 3250 4308; x_wconf 83' lang='grc' dir='ltr'>Ῥωμαίους,</span> <span class='ocrx_word' id='word_1_560' title='bbox 3280 4237 3348 4289; x_wconf 89' lang='grc' dir='ltr'>δι’</span> <span class='ocrx_word' id='word_1_561' title='bbox 3383 4236 3457 4290; x_wconf 84' lang='grc' dir='ltr'>ὧν</span> <span class='ocrx_word' id='word_1_562' title='bbox 3504 4242 3597 4289; x_wconf 70' lang='grc' dir='ltr'>καὶ</span> <span class='ocrx_word' id='word_1_563' title='bbox 3639 4238 3697 4289; x_wconf 86' lang='grc' dir='ltr'><strong>ἐν</strong></span> <span class='ocrx_word' id='word_1_564' title='bbox 3725 4241 3789 4303; x_wconf 79' lang='grc' dir='ltr'>τῇ</span> <span class='ocrx_word' id='word_1_565' title='bbox 3823 4253 3977 4305; x_wconf 83' lang='grc' dir='ltr'>παρ-</span> 
     </span>
    </p>
   </div>
   <div class='ocr_carea' id='block_1_82' title="bbox 2390 4328 3969 4406">
    <p class='ocr_par' dir='ltr' id='par_1_82' title="bbox 2390 4328 3969 4406">
     <span class='ocr_line' id='line_1_83' title="bbox 2390 4328 3969 4406; baseline -0.003 -20"><span class='ocrx_word' id='word_1_566' title='bbox 2390 4334 2528 4406; x_wconf 74' lang='grc' dir='ltr'>δύσῃ</span> <span class='ocrx_word' id='word_1_567' title='bbox 2591 4334 2703 4402; x_wconf 80' lang='grc' dir='ltr'><strong>ζωῇ</strong></span> <span class='ocrx_word' id='word_1_568' title='bbox 2737 4332 2906 4401; x_wconf 80' lang='grc' dir='ltr'>πολλὴ</span> <span class='ocrx_word' id='word_1_569' title='bbox 2935 4333 3214 4401; x_wconf 80' lang='grc' dir='ltr'>ἀπήντησε</span> <span class='ocrx_word' id='word_1_570' title='bbox 3242 4331 3551 4399; x_wconf 82' lang='grc' dir='ltr'>χαλεπότης</span> <span class='ocrx_word' id='word_1_571' title='bbox 3574 4331 3665 4382; x_wconf 75' lang='grc' dir='ltr'><strong>καὶ</strong></span> <span class='ocrx_word' id='word_1_572' title='bbox 3690 4328 3969 4392; x_wconf 80' lang='grc' dir='ltr'>ἀπώλεια,</span> 
     </span>
    </p>
   </div>
   <div class='ocr_carea' id='block_1_83' title="bbox 2384 4423 3970 4495">
    <p class='ocr_par' dir='ltr' id='par_1_83' title="bbox 2384 4423 3970 4495">
     <span class='ocr_line' id='line_1_84' title="bbox 2384 4423 3970 4495; baseline -0.003 -18"><span class='ocrx_word' id='word_1_573' title='bbox 2384 4426 2687 4495; x_wconf 72' lang='grc' dir='ltr'>μεταϐολὴν</span> <span class='ocrx_word' id='word_1_574' title='bbox 2712 4429 2791 4489; x_wconf 79' lang='grc' dir='ltr'><strong>εἰς</strong></span> <span class='ocrx_word' id='word_1_575' title='bbox 2824 4427 2883 4475; x_wconf 77' lang='grc' dir='ltr'>τὸ</span> <span class='ocrx_word' id='word_1_576' title='bbox 2915 4428 3163 4493; x_wconf 80' lang='grc' dir='ltr'>κρεῖττον</span> <span class='ocrx_word' id='word_1_577' title='bbox 3198 4425 3297 4474; x_wconf 77' lang='grc' dir='ltr'>οὐκ</span> <span class='ocrx_word' id='word_1_578' title='bbox 3330 4425 3552 4491; x_wconf 74' lang='grc' dir='ltr'>ἔχουσα.</span> <span class='ocrx_word' id='word_1_579' title='bbox 3587 4423 3970 4494; x_wconf 78' lang='grc' dir='ltr'>Εὐχαριστοῦ-</span> 
     </span>
    </p>
   </div>
   <div class='ocr_carea' id='block_1_84' title="bbox 2384 4514 3973 4589">
    <p class='ocr_par' dir='ltr' id='par_1_84' title="bbox 2384 4514 3973 4589">
     <span class='ocr_line' id='line_1_85' title="bbox 2384 4514 3973 4589; baseline -0.003 -18"><span class='ocrx_word' id='word_1_580' title='bbox 2384 4536 2484 4589; x_wconf 87' lang='grc' dir='ltr'><strong>μεν</strong></span> <span class='ocrx_word' id='word_1_581' title='bbox 2542 4514 2637 4570; x_wconf 72' lang='grc' dir='ltr'>οὖν</span> <span class='ocrx_word' id='word_1_582' title='bbox 2688 4516 2767 4584; x_wconf 83' lang='grc' dir='ltr'><strong>τῷ</strong></span> <span class='ocrx_word' id='word_1_583' title='bbox 2822 4516 2942 4584; x_wconf 83' lang='grc' dir='ltr'><strong>Θεῷ</strong></span> <span class='ocrx_word' id='word_1_584' title='bbox 3001 4516 3079 4582; x_wconf 78' lang='grc' dir='ltr'>τῷ</span> <span class='ocrx_word' id='word_1_585' title='bbox 3150 4514 3414 4582; x_wconf 72' lang='grc' dir='ltr'>λογισμὸν</span> <span class='ocrx_word' id='word_1_586' title='bbox 3472 4515 3719 4566; x_wconf 79' lang='grc' dir='ltr'>τοιοῦτον</span> <span class='ocrx_word' id='word_1_587' title='bbox 3774 4518 3831 4567; x_wconf 87' lang='grc' dir='ltr'><strong>ἐν</strong></span> <span class='ocrx_word' id='word_1_588' title='bbox 3895 4520 3973 4585; x_wconf 82' lang='grc' dir='ltr'>τῇ</span> 
     </span>
    </p>
   </div>
   <div class='ocr_carea' id='block_1_85' title="bbox 690 4590 2282 4691">
    <p class='ocr_par' dir='ltr' id='par_1_85' title="bbox 690 4620 2271 4691">
     <span class='ocr_line' id='line_1_86' title="bbox 690 4620 2271 4691; baseline -0.001 -18"><span class='ocrx_word' id='word_1_589' title='bbox 690 4621 922 4684; x_wconf 86' lang='lat' dir='ltr'><strong>diaboli,</strong></span> <span class='ocrx_word' id='word_1_590' title='bbox 954 4620 1047 4691; x_wconf 85' lang='lat' dir='ltr'><strong>qui</strong></span> <span class='ocrx_word' id='word_1_591' title='bbox 1100 4636 1198 4675; x_wconf 88' lang='lat' dir='ltr'><strong>sua</strong></span> <span class='ocrx_word' id='word_1_592' title='bbox 1238 4620 1574 4688; x_wconf 76' lang='lat' dir='ltr'><strong>malignitate</strong></span> <span class='ocrx_word' id='word_1_593' title='bbox 1627 4635 1722 4687; x_wconf 90' lang='lat' dir='ltr'><strong>per</strong></span> <span class='ocrx_word' id='word_1_594' title='bbox 1761 4630 1841 4674; x_wconf 94' lang='lat' dir='ltr'><strong>tot</strong></span> <span class='ocrx_word' id='word_1_595' title='bbox 1895 4635 2067 4674; x_wconf 88' lang='lat' dir='ltr'><strong>annos</strong></span> <span class='ocrx_word' id='word_1_596' title='bbox 2100 4634 2271 4686; x_wconf 85' lang='lat' dir='ltr'><strong>usque</strong></span> 
     </span>
    </p>
   </div>
   <div class='ocr_carea' id='block_1_86' title="bbox 2388 4590 3978 4691">
    <p class='ocr_par' dir='ltr' id='par_1_86' title="bbox 2388 4605 3978 4681">
     <span class='ocr_line' id='line_1_87' title="bbox 2388 4605 3978 4681; baseline -0.004 -18"><span class='ocrx_word' id='word_1_597' title='bbox 2388 4611 2617 4681; x_wconf 73' lang='grc' dir='ltr'>ἑμφρονί</span> <span class='ocrx_word' id='word_1_598' title='bbox 2658 4627 2751 4661; x_wconf 81' lang='grc' dir='ltr'><strong>σου</strong></span> <span class='ocrx_word' id='word_1_599' title='bbox 2788 4610 2881 4660; x_wconf 86' lang='grc' dir='ltr'><strong>καί</strong></span> <span class='ocrx_word' id='word_1_600' title='bbox 2928 4607 3273 4675; x_wconf 74' lang='grc' dir='ltr'>συνετωτάτη</span> <span class='ocrx_word' id='word_1_601' title='bbox 3344 4605 3543 4675; x_wconf 78' lang='grc' dir='ltr'>καρδίᾳ</span> <span class='ocrx_word' id='word_1_602' title='bbox 3582 4605 3821 4674; x_wconf 81' lang='grc' dir='ltr'>θεμένῳ,</span> <span class='ocrx_word' id='word_1_603' title='bbox 3874 4608 3978 4657; x_wconf 78' lang='grc' dir='ltr'>καὶ</span> 
     </span>
    </p>
   </div>
   <div class='ocr_carea' id='block_1_87' title="bbox 692 4709 2267 4767">
    <p class='ocr_par' dir='ltr' id='par_1_87' title="bbox 692 4709 2267 4767">
     <span class='ocr_line' id='line_1_88' title="bbox 692 4709 2267 4767; baseline -0.001 -3"><span class='ocrx_word' id='word_1_604' title='bbox 692 4712 758 4764; x_wconf 87' lang='lat' dir='ltr'><strong>ad</strong></span> <span class='ocrx_word' id='word_1_605' title='bbox 809 4711 1050 4767; x_wconf 87' lang='lat' dir='ltr'><strong>furorem</strong></span> <span class='ocrx_word' id='word_1_606' title='bbox 1102 4712 1397 4767; x_wconf 86' lang='lat' dir='ltr'><strong>concitavit</strong></span> <span class='ocrx_word' id='word_1_607' title='bbox 1429 4712 1780 4767; x_wconf 86' lang='lat' dir='ltr'><strong>Christianos</strong></span> <span class='ocrx_word' id='word_1_608' title='bbox 1815 4712 2080 4766; x_wconf 82' lang='lat' dir='ltr'><strong>adversus</strong></span> <span class='ocrx_word' id='word_1_609' title='bbox 2109 4709 2267 4764; x_wconf 85' lang='lat' dir='ltr'><strong>Chri-</strong></span> 
     </span>
    </p>
   </div>
   <div class='ocr_carea' id='block_1_88' title="bbox 693 4804 2276 4871">
    <p class='ocr_par' dir='ltr' id='par_1_88' title="bbox 693 4804 2276 4871">
     <span class='ocr_line' id='line_1_89' title="bbox 693 4804 2276 4871; baseline -0.001 -13"><span class='ocrx_word' id='word_1_610' title='bbox 693 4806 923 4869; x_wconf 90' lang='lat' dir='ltr'><strong>stianos,</strong></span> <span class='ocrx_word' id='word_1_611' title='bbox 958 4808 1169 4862; x_wconf 85' lang='lat' dir='ltr'><strong>amicos</strong></span> <span class='ocrx_word' id='word_1_612' title='bbox 1202 4807 1469 4861; x_wconf 81' lang='lat' dir='ltr'><strong>adversus</strong></span> <span class='ocrx_word' id='word_1_613' title='bbox 1501 4808 1734 4871; x_wconf 89' lang='lat' dir='ltr'><strong>amicos,</strong></span> <span class='ocrx_word' id='word_1_614' title='bbox 1761 4821 1872 4859; x_wconf 89' lang='lat' dir='ltr'><strong>uno</strong></span> <span class='ocrx_word' id='word_1_615' title='bbox 1928 4806 2120 4869; x_wconf 78' lang='lat' dir='ltr'><strong>verbo,</strong></span> <span class='ocrx_word' id='word_1_616' title='bbox 2162 4804 2276 4859; x_wconf 88' lang='lat' dir='ltr'><strong>fra-</strong></span> 
     </span>
    </p>
   </div>
   <div class='ocr_carea' id='block_1_89' title="bbox 696 4896 2273 4964">
    <p class='ocr_par' dir='ltr' id='par_1_89' title="bbox 696 4896 2273 4964">
     <span class='ocr_line' id='line_1_90' title="bbox 696 4896 2273 4964; baseline -0.001 -15"><span class='ocrx_word' id='word_1_617' title='bbox 696 4906 809 4950; x_wconf 86' lang='lat' dir='ltr'><strong>tres</strong></span> <span class='ocrx_word' id='word_1_618' title='bbox 884 4896 1151 4950; x_wconf 85' lang='lat' dir='ltr'><strong>adversus</strong></span> <span class='ocrx_word' id='word_1_619' title='bbox 1217 4896 1454 4959; x_wconf 78' lang='lat' dir='ltr'><strong>fratres.</strong></span> <span class='ocrx_word' id='word_1_620' title='bbox 1521 4898 1659 4950; x_wconf 84' lang='lat' dir='ltr'><strong>filios</strong></span> <span class='ocrx_word' id='word_1_621' title='bbox 1738 4897 2003 4950; x_wconf 87' lang='lat' dir='ltr'><strong>adversus</strong></span> <span class='ocrx_word' id='word_1_622' title='bbox 2070 4904 2273 4964; x_wconf 86' lang='lat' dir='ltr'><strong>patres.</strong></span> 
     </span>
    </p>
   </div>
   <div class='ocr_carea' id='block_1_90' title="bbox 694 4989 2273 5058">
    <p class='ocr_par' dir='ltr' id='par_1_90' title="bbox 694 4989 2273 5058">
     <span class='ocr_line' id='line_1_91' title="bbox 694 4989 2273 5058; baseline -0.001 -15"><span class='ocrx_word' id='word_1_623' title='bbox 694 4990 858 5044; x_wconf 88' lang='lat' dir='ltr'><strong>Deum</strong></span> <span class='ocrx_word' id='word_1_624' title='bbox 909 4990 1280 5058; x_wconf 78' lang='lat' dir='ltr'><strong>eximiamque</strong></span> <span class='ocrx_word' id='word_1_625' title='bbox 1349 5000 1496 5042; x_wconf 90' lang='lat' dir='ltr'><strong>tuam</strong></span> <span class='ocrx_word' id='word_1_626' title='bbox 1544 4989 1934 5043; x_wconf 83' lang='lat' dir='ltr'><strong>conscientiam</strong></span> <span class='ocrx_word' id='word_1_627' title='bbox 1994 5003 2273 5056; x_wconf 85' lang='lat' dir='ltr'><strong>rogamus.</strong></span> 
     </span>
    </p>
   </div>
   <div class='ocr_carea' id='block_1_91' title="bbox 692 5081 2275 5150">
    <p class='ocr_par' dir='ltr' id='par_1_91' title="bbox 692 5081 2275 5150">
     <span class='ocr_line' id='line_1_92' title="bbox 692 5081 2275 5150; baseline 0.001 -17"><span class='ocrx_word' id='word_1_628' title='bbox 692 5083 796 5135; x_wconf 85' lang='lat' dir='ltr'><strong>ista</strong></span> <span class='ocrx_word' id='word_1_629' title='bbox 824 5084 974 5150; x_wconf 87' lang='lat' dir='ltr'><strong>pacis</strong></span> <span class='ocrx_word' id='word_1_630' title='bbox 1031 5081 1282 5143; x_wconf 88' lang='lat' dir='ltr'><strong>consilia.</strong></span> <span class='ocrx_word' id='word_1_631' title='bbox 1334 5091 1392 5137; x_wconf 92' lang='lat' dir='ltr'><strong>ut</strong></span> <span class='ocrx_word' id='word_1_632' title='bbox 1445 5097 1592 5135; x_wconf 90' lang='lat' dir='ltr'><strong>nunc</strong></span> <span class='ocrx_word' id='word_1_633' title='bbox 1643 5081 1900 5134; x_wconf 79' lang='lat' dir='ltr'><strong>videntur</strong></span> <span class='ocrx_word' id='word_1_634' title='bbox 1932 5081 2156 5145; x_wconf 76' lang='lat' dir='ltr'><strong>exoriri,</strong></span> <span class='ocrx_word' id='word_1_635' title='bbox 2194 5081 2275 5134; x_wconf 92' lang='lat' dir='ltr'><strong>sic</strong></span> 
     </span>
    </p>
   </div>
   <div class='ocr_carea' id='block_1_92' title="bbox 692 5173 2272 5245">
    <p class='ocr_par' dir='ltr' id='par_1_92' title="bbox 692 5173 2272 5245">
     <span class='ocr_line' id='line_1_93' title="bbox 692 5173 2272 5245; baseline 0.001 -20"><span class='ocrx_word' id='word_1_636' title='bbox 692 5173 885 5227; x_wconf 90' lang='lat' dir='ltr'><strong>lumini</strong></span> <span class='ocrx_word' id='word_1_637' title='bbox 953 5174 1138 5228; x_wconf 86' lang='lat' dir='ltr'><strong>cordis</strong></span> <span class='ocrx_word' id='word_1_638' title='bbox 1207 5176 1281 5228; x_wconf 88' lang='lat' dir='ltr'><strong>tui</strong></span> <span class='ocrx_word' id='word_1_639' title='bbox 1334 5191 1511 5245; x_wconf 86' lang='lat' dir='ltr'><strong>usque</strong></span> <span class='ocrx_word' id='word_1_640' title='bbox 1562 5174 1629 5229; x_wconf 87' lang='lat' dir='ltr'><strong>ad</strong></span> <span class='ocrx_word' id='word_1_641' title='bbox 1690 5177 1852 5228; x_wconf 88' lang='lat' dir='ltr'><strong>linem</strong></span> <span class='ocrx_word' id='word_1_642' title='bbox 1886 5176 1993 5227; x_wconf 91' lang='lat' dir='ltr'><strong>vim</strong></span> <span class='ocrx_word' id='word_1_643' title='bbox 2050 5173 2272 5228; x_wconf 88' lang='lat' dir='ltr'><strong>addere.</strong></span> 
     </span>
    </p>
   </div>
   <div class='ocr_carea' id='block_1_93' title="bbox 693 5266 2274 5337">
    <p class='ocr_par' dir='ltr' id='par_1_93' title="bbox 693 5266 2274 5337">
     <span class='ocr_line' id='line_1_94' title="bbox 693 5266 2274 5337; baseline 0.002 -19"><span class='ocrx_word' id='word_1_644' title='bbox 693 5266 962 5330; x_wconf 83' lang='lat' dir='ltr'><strong>Quoniam</strong></span> <span class='ocrx_word' id='word_1_645' title='bbox 986 5277 1189 5323; x_wconf 83' lang='lat' dir='ltr'><strong>autent.</strong></span> <span class='ocrx_word' id='word_1_646' title='bbox 1223 5281 1256 5321; x_wconf 94' lang='lat' dir='ltr'><strong>o</strong></span> <span class='ocrx_word' id='word_1_647' title='bbox 1287 5268 1380 5332; x_wconf 91' lang='lat' dir='ltr'><strong>lili,</strong></span> <span class='ocrx_word' id='word_1_648' title='bbox 1407 5277 1499 5322; x_wconf 87' lang='lat' dir='ltr'><strong>tua</strong></span> <span class='ocrx_word' id='word_1_649' title='bbox 1531 5268 1856 5335; x_wconf 78' lang='lat' dir='ltr'><strong>significavit</strong></span> <span class='ocrx_word' id='word_1_650' title='bbox 1883 5268 2110 5337; x_wconf 85' lang='lat' dir='ltr'><strong>epistola</strong></span> <span class='ocrx_word' id='word_1_651' title='bbox 2140 5267 2274 5321; x_wconf 88' lang='lat' dir='ltr'><strong>mis-</strong></span> 
     </span>
    </p>
   </div>
   <div class='ocr_carea' id='block_1_94' title="bbox 692 5359 2270 5432">
    <p class='ocr_par' dir='ltr' id='par_1_94' title="bbox 692 5359 2270 5432">
     <span class='ocr_line' id='line_1_95' title="bbox 692 5359 2270 5432; baseline 0.002 -19"><span class='ocrx_word' id='word_1_652' title='bbox 692 5376 815 5414; x_wconf 92' lang='lat' dir='ltr'><strong>sum</strong></span> <span class='ocrx_word' id='word_1_653' title='bbox 848 5359 1014 5416; x_wconf 86' lang='lat' dir='ltr'><strong>fuisse</strong></span> <span class='ocrx_word' id='word_1_654' title='bbox 1043 5363 1341 5421; x_wconf 91' lang='lat' dir='ltr'><strong>hominem.</strong></span> <span class='ocrx_word' id='word_1_655' title='bbox 1380 5378 1473 5431; x_wconf 91' lang='lat' dir='ltr'><strong>per</strong></span> <span class='ocrx_word' id='word_1_656' title='bbox 1503 5379 1666 5432; x_wconf 90' lang='lat' dir='ltr'><strong>quem</strong></span> <span class='ocrx_word' id='word_1_657' title='bbox 1699 5363 1795 5416; x_wconf 90' lang='lat' dir='ltr'><strong>tibi</strong></span> <span class='ocrx_word' id='word_1_658' title='bbox 1824 5374 1963 5417; x_wconf 77' lang='lat' dir='ltr'><strong>noue</strong></span> <span class='ocrx_word' id='word_1_659' title='bbox 1988 5364 2094 5416; x_wconf 85' lang='lat' dir='ltr'><strong>sint</strong></span> <span class='ocrx_word' id='word_1_660' title='bbox 2123 5364 2270 5432; x_wconf 87' lang='lat' dir='ltr'><strong>pacis</strong></span> 
     </span>
    </p>
   </div>
   <div class='ocr_carea' id='block_1_95' title="bbox 692 5451 2270 5524">
    <p class='ocr_par' dir='ltr' id='par_1_95' title="bbox 692 5451 2270 5524">
     <span class='ocr_line' id='line_1_96' title="bbox 692 5451 2270 5524; baseline 0.003 -20"><span class='ocrx_word' id='word_1_661' title='bbox 692 5451 1035 5507; x_wconf 90' lang='lat' dir='ltr'><strong>conditiones</strong></span> <span class='ocrx_word' id='word_1_662' title='bbox 1058 5495 1073 5519; x_wconf 93' lang='lat'><strong>,</strong></span> <span class='ocrx_word' id='word_1_663' title='bbox 1113 5463 1175 5507; x_wconf 88' lang='lat' dir='ltr'><strong>ut</strong></span> <span class='ocrx_word' id='word_1_664' title='bbox 1225 5454 1359 5508; x_wconf 90' lang='lat' dir='ltr'><strong>nihil</strong></span> <span class='ocrx_word' id='word_1_665' title='bbox 1397 5454 1451 5507; x_wconf 92' lang='lat' dir='ltr'><strong>in</strong></span> <span class='ocrx_word' id='word_1_666' title='bbox 1486 5455 1695 5509; x_wconf 82' lang='lat' dir='ltr'><strong>incerto</strong></span> <span class='ocrx_word' id='word_1_667' title='bbox 1726 5454 1883 5508; x_wconf 86' lang='lat' dir='ltr'><strong>nobis</strong></span> <span class='ocrx_word' id='word_1_668' title='bbox 1907 5455 2270 5524; x_wconf 86' lang='lat' dir='ltr'><strong>relinquatur,</strong></span> 
     </span>
    </p>
   </div>
   <div class='ocr_carea' id='block_1_96' title="bbox 694 5546 2271 5613">
    <p class='ocr_par' dir='ltr' id='par_1_96' title="bbox 694 5546 2271 5613">
     <span class='ocr_line' id='line_1_97' title="bbox 694 5546 2271 5613; baseline 0.001 -14"><span class='ocrx_word' id='word_1_669' title='bbox 694 5547 857 5600; x_wconf 90' lang='lat' dir='ltr'><strong>homo</strong></span> <span class='ocrx_word' id='word_1_670' title='bbox 920 5561 1081 5613; x_wconf 88' lang='lat' dir='ltr'><strong>quem</strong></span> <span class='ocrx_word' id='word_1_671' title='bbox 1143 5547 1392 5601; x_wconf 87' lang='lat' dir='ltr'><strong>misimus</strong></span> <span class='ocrx_word' id='word_1_672' title='bbox 1453 5564 1594 5601; x_wconf 90' lang='lat' dir='ltr'><strong>unus</strong></span> <span class='ocrx_word' id='word_1_673' title='bbox 1639 5556 1797 5603; x_wconf 89' lang='lat' dir='ltr'><strong>este</strong></span> <span class='ocrx_word' id='word_1_674' title='bbox 1856 5548 2061 5601; x_wconf 86' lang='lat' dir='ltr'><strong>nostris</strong></span> <span class='ocrx_word' id='word_1_675' title='bbox 2125 5546 2271 5607; x_wconf 86' lang='lat' dir='ltr'><strong>ﬁliis,</strong></span> 
     </span>
    </p>
   </div>
   <div class='ocr_carea' id='block_1_97' title="bbox 694 5637 2275 5704">
    <p class='ocr_par' dir='ltr' id='par_1_97' title="bbox 694 5637 2275 5704">
     <span class='ocr_line' id='line_1_98' title="bbox 694 5637 2275 5704; baseline 0.001 -17"><span class='ocrx_word' id='word_1_676' title='bbox 694 5637 980 5691; x_wconf 86' lang='lat' dir='ltr'><strong>nobiscum</strong></span> <span class='ocrx_word' id='word_1_677' title='bbox 1048 5653 1075 5689; x_wconf 73' lang='grc' dir='ltr'>θ</span> <span class='ocrx_word' id='word_1_678' title='bbox 1136 5638 1433 5691; x_wconf 83' lang='lat' dir='ltr'><strong>tenerrima</strong></span> <span class='ocrx_word' id='word_1_679' title='bbox 1482 5648 1640 5693; x_wconf 68' lang='lat' dir='ltr'><strong>aetate</strong></span> <span class='ocrx_word' id='word_1_680' title='bbox 1691 5647 1963 5704; x_wconf 80' lang='lat' dir='ltr'><strong>versatus,</strong></span> <span class='ocrx_word' id='word_1_681' title='bbox 2015 5654 2043 5690; x_wconf 88' lang='lat' dir='ltr'><strong>a</strong></span> <span class='ocrx_word' id='word_1_682' title='bbox 2109 5637 2275 5689; x_wconf 85' lang='lat' dir='ltr'><strong>nobis</strong></span> 
     </span>
    </p>
   </div>
   <div class='ocr_carea' id='block_1_98' title="bbox 698 5727 2275 5801">
    <p class='ocr_par' dir='ltr' id='par_1_98' title="bbox 698 5727 2275 5801">
     <span class='ocr_line' id='line_1_99' title="bbox 698 5727 2275 5801; baseline -0.001 -21"><span class='ocrx_word' id='word_1_683' title='bbox 698 5728 993 5791; x_wconf 70' lang='lat' dir='ltr'><strong>educatus,</strong></span> <span class='ocrx_word' id='word_1_684' title='bbox 1064 5727 1373 5797; x_wconf 78' lang='lat' dir='ltr'><strong>dignusque</strong></span> <span class='ocrx_word' id='word_1_685' title='bbox 1432 5731 1680 5801; x_wconf 74' lang='lat' dir='ltr'><strong>angelico</strong></span> <span class='ocrx_word' id='word_1_686' title='bbox 1757 5732 2079 5784; x_wconf 71' lang='lat' dir='ltr'><strong>vestimento</strong></span> <span class='ocrx_word' id='word_1_687' title='bbox 2131 5729 2275 5797; x_wconf 79' lang='lat' dir='ltr'><strong>judi-</strong></span> 
     </span>
    </p>
   </div>
   <div class='ocr_carea' id='block_1_99' title="bbox 695 5823 2272 5895">
    <p class='ocr_par' dir='ltr' id='par_1_99' title="bbox 695 5823 2272 5895">
     <span class='ocr_line' id='line_1_100' title="bbox 695 5823 2272 5895; baseline 0 -18"><span class='ocrx_word' id='word_1_688' title='bbox 695 5830 872 5886; x_wconf 80' lang='lat' dir='ltr'><strong>catus,</strong></span> <span class='ocrx_word' id='word_1_689' title='bbox 899 5823 993 5893; x_wconf 87' lang='lat' dir='ltr'><strong>qui</strong></span> <span class='ocrx_word' id='word_1_690' title='bbox 1044 5839 1073 5879; x_wconf 78' lang='grc' dir='ltr'><strong>ο</strong></span> <span class='ocrx_word' id='word_1_691' title='bbox 1108 5831 1295 5879; x_wconf 81' lang='lat' dir='ltr'><strong>nostra</strong></span> <span class='ocrx_word' id='word_1_692' title='bbox 1348 5824 1436 5879; x_wconf 88' lang='lat' dir='ltr'><strong>vili</strong></span> <span class='ocrx_word' id='word_1_693' title='bbox 1470 5841 1632 5880; x_wconf 83' lang='lat' dir='ltr'><strong>manu</strong></span> <span class='ocrx_word' id='word_1_694' title='bbox 1677 5826 2272 5895; x_wconf 70' lang='lat' dir='ltr'><strong>archipresbytertuum</strong></span> 
     </span>
    </p>
   </div>
   <div class='ocr_carea' id='block_1_100' title="bbox 2378 4694 3975 4771">
    <p class='ocr_par' dir='ltr' id='par_1_100' title="bbox 2378 4694 3975 4771">
     <span class='ocr_line' id='line_1_101' title="bbox 2378 4694 3975 4771; baseline -0.006 -17"><span class='ocrx_word' id='word_1_695' title='bbox 2378 4701 2671 4771; x_wconf 71' lang='grc' dir='ltr'>εὐχόμεθα,</span> <span class='ocrx_word' id='word_1_696' title='bbox 2726 4701 2773 4751; x_wconf 83' lang='grc' dir='ltr'><strong>εἰ</strong></span> <span class='ocrx_word' id='word_1_697' title='bbox 2827 4699 2920 4750; x_wconf 76' lang='grc' dir='ltr'>καὶ</span> <span class='ocrx_word' id='word_1_698' title='bbox 2972 4697 3314 4766; x_wconf 67' lang='grc' dir='ltr'>ἁμαρτωλοὶ,</span> <span class='ocrx_word' id='word_1_699' title='bbox 3365 4694 3562 4747; x_wconf 77' lang='grc' dir='ltr'>ἐτικαὶ</span> <span class='ocrx_word' id='word_1_700' title='bbox 3592 4695 3672 4746; x_wconf 76' lang='grc' dir='ltr'>ἔτι</span> <span class='ocrx_word' id='word_1_701' title='bbox 3700 4695 3778 4764; x_wconf 82' lang='grc' dir='ltr'>τῷ</span> <span class='ocrx_word' id='word_1_702' title='bbox 3806 4696 3975 4763; x_wconf 82' lang='grc' dir='ltr'>εἰρη-</span> 
     </span>
    </p>
   </div>
   <div class='ocr_carea' id='block_1_101' title="bbox 2379 4787 3973 4863">
    <p class='ocr_par' dir='ltr' id='par_1_101' title="bbox 2379 4787 3973 4863">
     <span class='ocr_line' id='line_1_102' title="bbox 2379 4787 3973 4863; baseline -0.006 -16"><span class='ocrx_word' id='word_1_703' title='bbox 2379 4793 2514 4863; x_wconf 87' lang='grc' dir='ltr'><strong>νικῷ</strong></span> <span class='ocrx_word' id='word_1_704' title='bbox 2541 4793 2816 4861; x_wconf 79' lang='grc' dir='ltr'>πνεύματι</span> <span class='ocrx_word' id='word_1_705' title='bbox 2870 4789 2968 4860; x_wconf 83' lang='grc' dir='ltr'>τὴν</span> <span class='ocrx_word' id='word_1_706' title='bbox 3020 4789 3120 4858; x_wconf 78' lang='grc' dir='ltr'><strong>σὴν</strong></span> <span class='ocrx_word' id='word_1_707' title='bbox 3152 4788 3343 4856; x_wconf 85' lang='grc' dir='ltr'>τιμίαν</span> <span class='ocrx_word' id='word_1_708' title='bbox 3396 4787 3973 4856; x_wconf 78' lang='grc' dir='ltr'>ψυχὴνέμπνέεσθαι,</span> 
     </span>
    </p>
   </div>
   <div class='ocr_carea' id='block_1_102' title="bbox 2379 4881 3977 4952">
    <p class='ocr_par' dir='ltr' id='par_1_102' title="bbox 2379 4881 3977 4952">
     <span class='ocr_line' id='line_1_103' title="bbox 2379 4881 3977 4952; baseline -0.006 -11"><span class='ocrx_word' id='word_1_709' title='bbox 2379 4890 2473 4941; x_wconf 75' lang='grc' dir='ltr'>καὶ</span> <span class='ocrx_word' id='word_1_710' title='bbox 2506 4887 2690 4941; x_wconf 76' lang='grc' dir='ltr'>δοῦναι</span> <span class='ocrx_word' id='word_1_711' title='bbox 2723 4886 2832 4937; x_wconf 80' lang='grc' dir='ltr'>τῶν</span> <span class='ocrx_word' id='word_1_712' title='bbox 2872 4884 3159 4952; x_wconf 77' lang='grc' dir='ltr'>σωτηρίων</span> <span class='ocrx_word' id='word_1_713' title='bbox 3183 4881 3416 4951; x_wconf 82' lang='grc' dir='ltr'>καρπῶν</span> <span class='ocrx_word' id='word_1_714' title='bbox 3446 4882 3547 4948; x_wconf 77' lang='grc' dir='ltr'>τῆς</span> <span class='ocrx_word' id='word_1_715' title='bbox 3594 4882 3818 4949; x_wconf 75' lang='grc' dir='ltr'>εἰρήνης</span> <span class='ocrx_word' id='word_1_716' title='bbox 3850 4896 3977 4931; x_wconf 79' lang='grc' dir='ltr'>κοι-</span> 
     </span>
    </p>
   </div>
   <div class='ocr_carea' id='block_1_103' title="bbox 2380 4973 3979 5043">
    <p class='ocr_par' dir='ltr' id='par_1_103' title="bbox 2380 4973 3979 5043">
     <span class='ocr_line' id='line_1_104' title="bbox 2380 4973 3979 5043; baseline -0.006 -10"><span class='ocrx_word' id='word_1_717' title='bbox 2380 4982 2487 5042; x_wconf 81' lang='grc' dir='ltr'>νῶς</span> <span class='ocrx_word' id='word_1_718' title='bbox 2545 4979 2853 5032; x_wconf 69' lang='grc' dir='ltr'>ἀπολαῦσαι</span> <span class='ocrx_word' id='word_1_719' title='bbox 2918 4975 3231 5043; x_wconf 81' lang='grc' dir='ltr'>Ῥωμαίους</span> <span class='ocrx_word' id='word_1_720' title='bbox 3291 4975 3387 5026; x_wconf 68' lang='grc' dir='ltr'>καὶ</span> <span class='ocrx_word' id='word_1_721' title='bbox 3441 4973 3823 5041; x_wconf 84' lang='grc' dir='ltr'>Βουλγάρους,</span> <span class='ocrx_word' id='word_1_722' title='bbox 3888 4976 3979 5036; x_wconf 86' lang='grc' dir='ltr'><strong>εἰς</strong></span> 
     </span>
    </p>
   </div>
   <div class='ocr_carea' id='block_1_104' title="bbox 2387 5065 3976 5142">
    <p class='ocr_par' dir='ltr' id='par_1_104' title="bbox 2387 5065 3976 5142">
     <span class='ocr_line' id='line_1_105' title="bbox 2387 5065 3976 5142; baseline -0.006 -17"><span class='ocrx_word' id='word_1_723' title='bbox 2387 5074 2544 5138; x_wconf 79' lang='grc' dir='ltr'>δόξαν</span> <span class='ocrx_word' id='word_1_724' title='bbox 2583 5072 2682 5142; x_wconf 76' lang='grc' dir='ltr'>μὲν</span> <span class='ocrx_word' id='word_1_725' title='bbox 2735 5070 2829 5122; x_wconf 79' lang='grc' dir='ltr'><strong>τοῦ</strong></span> <span class='ocrx_word' id='word_1_726' title='bbox 2882 5069 3085 5123; x_wconf 74' lang='grc' dir='ltr'>οἰκείου</span> <span class='ocrx_word' id='word_1_727' title='bbox 3129 5068 3415 5135; x_wconf 80' lang='grc' dir='ltr'>ὀνόματος.</span> <span class='ocrx_word' id='word_1_728' title='bbox 3445 5067 3524 5128; x_wconf 89' lang='grc' dir='ltr'><strong>εἰς</strong></span> <span class='ocrx_word' id='word_1_729' title='bbox 3555 5065 3715 5130; x_wconf 81' lang='grc' dir='ltr'>δόξαν</span> <span class='ocrx_word' id='word_1_730' title='bbox 3740 5066 3797 5117; x_wconf 89' lang='grc' dir='ltr'>δὲ</span> <span class='ocrx_word' id='word_1_731' title='bbox 3847 5065 3976 5136; x_wconf 72' lang='grc' dir='ltr'>σὴν,</span> 
     </span>
    </p>
   </div>
   <div class='ocr_carea' id='block_1_105' title="bbox 2385 5162 3976 5235">
    <p class='ocr_par' dir='ltr' id='par_1_105' title="bbox 2385 5162 3976 5235">
     <span class='ocr_line' id='line_1_106' title="bbox 2385 5162 3976 5235; baseline -0.009 -13"><span class='ocrx_word' id='word_1_732' title='bbox 2385 5172 2577 5222; x_wconf 81' lang='grc' dir='ltr'>τέκνον</span> <span class='ocrx_word' id='word_1_733' title='bbox 2604 5183 2705 5235; x_wconf 90' lang='grc' dir='ltr'><strong>μου</strong></span> <span class='ocrx_word' id='word_1_734' title='bbox 2737 5164 3097 5234; x_wconf 76' lang='grc' dir='ltr'>ἠγαπημένον</span> <span class='ocrx_word' id='word_1_735' title='bbox 3129 5162 3479 5231; x_wconf 84' lang='grc' dir='ltr'>ἀείμνηστον,</span> <span class='ocrx_word' id='word_1_736' title='bbox 3520 5163 3614 5212; x_wconf 69' lang='grc' dir='ltr'>καὶ</span> <span class='ocrx_word' id='word_1_737' title='bbox 3643 5162 3723 5222; x_wconf 90' lang='grc' dir='ltr'><strong>εἰς</strong></span> <span class='ocrx_word' id='word_1_738' title='bbox 3774 5162 3976 5230; x_wconf 82' lang='grc' dir='ltr'>αἰσχύ..</span> 
     </span>
    </p>
   </div>
   <div class='ocr_carea' id='block_1_106' title="bbox 2388 5255 3981 5332">
    <p class='ocr_par' dir='ltr' id='par_1_106' title="bbox 2388 5255 3981 5332">
     <span class='ocr_line' id='line_1_107' title="bbox 2388 5255 3981 5332; baseline -0.004 -18"><span class='ocrx_word' id='word_1_739' title='bbox 2388 5279 2486 5332; x_wconf 88' lang='grc' dir='ltr'><strong>νην</strong></span> <span class='ocrx_word' id='word_1_740' title='bbox 2515 5260 2611 5313; x_wconf 80' lang='grc' dir='ltr'>τοῦ</span> <span class='ocrx_word' id='word_1_741' title='bbox 2639 5260 2896 5328; x_wconf 88' lang='grc' dir='ltr'>δαίμονος</span> <span class='ocrx_word' id='word_1_742' title='bbox 2934 5257 2991 5320; x_wconf 83' lang='grc' dir='ltr'>ὃς</span> <span class='ocrx_word' id='word_1_743' title='bbox 3022 5260 3090 5327; x_wconf 79' lang='grc' dir='ltr'><strong>τῇ</strong></span> <span class='ocrx_word' id='word_1_744' title='bbox 3121 5255 3319 5308; x_wconf 73' lang='grc' dir='ltr'>ἐαυτοῦ</span> <span class='ocrx_word' id='word_1_745' title='bbox 3368 5255 3713 5323; x_wconf 82' lang='grc' dir='ltr'>κακοτροπίᾳ</span> <span class='ocrx_word' id='word_1_746' title='bbox 3750 5255 3845 5306; x_wconf 71' lang='grc' dir='ltr'>ἐπὶ</span> <span class='ocrx_word' id='word_1_747' title='bbox 3882 5274 3981 5308; x_wconf 83' lang='grc' dir='ltr'>το-</span> 
     </span>
    </p>
   </div>
   <div class='ocr_carea' id='block_1_107' title="bbox 2388 5352 3980 5425">
    <p class='ocr_par' dir='ltr' id='par_1_107' title="bbox 2388 5352 3980 5425">
     <span class='ocr_line' id='line_1_108' title="bbox 2388 5352 3980 5425; baseline -0.004 -15"><span class='ocrx_word' id='word_1_748' title='bbox 2388 5358 2599 5420; x_wconf 84' lang='grc' dir='ltr'>σούτοις</span> <span class='ocrx_word' id='word_1_749' title='bbox 2630 5358 2807 5409; x_wconf 82' lang='grc' dir='ltr'>ἔτεσιν</span> <span class='ocrx_word' id='word_1_750' title='bbox 2839 5356 3075 5425; x_wconf 77' lang='grc' dir='ltr'>ἐξέμηνε</span> <span class='ocrx_word' id='word_1_751' title='bbox 3122 5356 3242 5406; x_wconf 81' lang='grc' dir='ltr'>κατ’</span> <span class='ocrx_word' id='word_1_752' title='bbox 3292 5352 3566 5421; x_wconf 77' lang='grc' dir='ltr'>ἀλλήλων,</span> <span class='ocrx_word' id='word_1_753' title='bbox 3600 5353 3980 5422; x_wconf 66' lang='grc' dir='ltr'>Χριστιανοὺς</span> 
     </span>
    </p>
   </div>
   <div class='ocr_carea' id='block_1_108' title="bbox 2387 5442 3970 5522">
    <p class='ocr_par' dir='ltr' id='par_1_108' title="bbox 2387 5442 3970 5522">
     <span class='ocr_line' id='line_1_109' title="bbox 2387 5442 3970 5522; baseline -0.006 -18"><span class='ocrx_word' id='word_1_754' title='bbox 2387 5452 2521 5522; x_wconf 72' lang='grc' dir='ltr'>πρὸς</span> <span class='ocrx_word' id='word_1_755' title='bbox 2585 5449 2969 5521; x_wconf 71' lang='grc' dir='ltr'>Χριστιανοὺς,</span> <span class='ocrx_word' id='word_1_756' title='bbox 3023 5446 3211 5515; x_wconf 81' lang='grc' dir='ltr'>φίλους</span> <span class='ocrx_word' id='word_1_757' title='bbox 3263 5444 3402 5513; x_wconf 69' lang='grc' dir='ltr'>πρὸς</span> <span class='ocrx_word' id='word_1_758' title='bbox 3454 5442 3664 5512; x_wconf 81' lang='grc' dir='ltr'>φίλους,</span> <span class='ocrx_word' id='word_1_759' title='bbox 3730 5443 3824 5495; x_wconf 69' lang='grc' dir='ltr'>καὶ</span> <span class='ocrx_word' id='word_1_760' title='bbox 3879 5444 3970 5495; x_wconf 80' lang='grc' dir='ltr'>ἵνα</span> 
     </span>
    </p>
   </div>
   <div class='ocr_carea' id='block_1_109' title="bbox 2383 5537 3967 5613">
    <p class='ocr_par' dir='ltr' id='par_1_109' title="bbox 2383 5537 3967 5613">
     <span class='ocr_line' id='line_1_110' title="bbox 2383 5537 3967 5613; baseline -0.004 -17"><span class='ocrx_word' id='word_1_761' title='bbox 2383 5546 2664 5613; x_wconf 80' lang='grc' dir='ltr'>συντόμως</span> <span class='ocrx_word' id='word_1_762' title='bbox 2694 5542 2853 5601; x_wconf 80' lang='grc' dir='ltr'>εἴπω,</span> <span class='ocrx_word' id='word_1_763' title='bbox 2886 5540 3153 5608; x_wconf 80' lang='grc' dir='ltr'>ἀδελφοὺς</span> <span class='ocrx_word' id='word_1_764' title='bbox 3184 5539 3323 5605; x_wconf 76' lang='grc' dir='ltr'>πρὸς</span> <span class='ocrx_word' id='word_1_765' title='bbox 3357 5538 3643 5605; x_wconf 76' lang='grc' dir='ltr'>ἀδελφοὺς,</span> <span class='ocrx_word' id='word_1_766' title='bbox 3678 5539 3773 5589; x_wconf 67' lang='grc' dir='ltr'>καὶ</span> <span class='ocrx_word' id='word_1_767' title='bbox 3795 5537 3967 5589; x_wconf 66' lang='grc' dir='ltr'>τέκνα</span> 
     </span>
    </p>
   </div>
   <div class='ocr_carea' id='block_1_110' title="bbox 2382 5627 3975 5706">
    <p class='ocr_par' dir='ltr' id='par_1_110' title="bbox 2382 5627 3975 5706">
     <span class='ocr_line' id='line_1_111' title="bbox 2382 5627 3975 5706; baseline -0.005 -18"><span class='ocrx_word' id='word_1_768' title='bbox 2382 5639 2516 5706; x_wconf 73' lang='grc' dir='ltr'>πρὸς</span> <span class='ocrx_word' id='word_1_769' title='bbox 2541 5636 2804 5705; x_wconf 85' lang='grc' dir='ltr'>πατέρας.</span> <span class='ocrx_word' id='word_1_770' title='bbox 2838 5633 3023 5685; x_wconf 82' lang='grc' dir='ltr'>Ταῦτα</span> <span class='ocrx_word' id='word_1_771' title='bbox 3058 5630 3333 5700; x_wconf 76' lang='grc' dir='ltr'>εὐχόμεθα</span> <span class='ocrx_word' id='word_1_772' title='bbox 3364 5630 3458 5681; x_wconf 75' lang='grc' dir='ltr'>καὶ</span> <span class='ocrx_word' id='word_1_773' title='bbox 3494 5627 3836 5693; x_wconf 77' lang='grc' dir='ltr'>πεποίθαμεν</span> <span class='ocrx_word' id='word_1_774' title='bbox 3872 5629 3975 5680; x_wconf 70' lang='grc' dir='ltr'>καὶ</span> 
     </span>
    </p>
   </div>
   <div class='ocr_carea' id='block_1_111' title="bbox 2380 5719 3976 5799">
    <p class='ocr_par' dir='ltr' id='par_1_111' title="bbox 2380 5719 3976 5799">
     <span class='ocr_line' id='line_1_112' title="bbox 2380 5719 3976 5799; baseline -0.009 -18"><span class='ocrx_word' id='word_1_775' title='bbox 2380 5728 2499 5799; x_wconf 81' lang='grc' dir='ltr'><strong>Θεῷ</strong></span> <span class='ocrx_word' id='word_1_776' title='bbox 2526 5730 2619 5781; x_wconf 77' lang='grc' dir='ltr'>καὶ</span> <span class='ocrx_word' id='word_1_777' title='bbox 2648 5730 2711 5797; x_wconf 79' lang='grc' dir='ltr'><strong>τῇ</strong></span> <span class='ocrx_word' id='word_1_778' title='bbox 2745 5729 2810 5796; x_wconf 82' lang='grc' dir='ltr'>σῇ</span> <span class='ocrx_word' id='word_1_779' title='bbox 2848 5725 3025 5794; x_wconf 76' lang='grc' dir='ltr'>ἀγαθῇ</span> <span class='ocrx_word' id='word_1_780' title='bbox 3060 5722 3387 5792; x_wconf 76' lang='grc' dir='ltr'>συνειδήσει,</span> <span class='ocrx_word' id='word_1_781' title='bbox 3420 5721 3503 5772; x_wconf 84' lang='grc' dir='ltr'><strong>δτι</strong></span> <span class='ocrx_word' id='word_1_782' title='bbox 3534 5721 3581 5771; x_wconf 85' lang='grc' dir='ltr'>οἱ</span> <span class='ocrx_word' id='word_1_783' title='bbox 3616 5719 3713 5787; x_wconf 73' lang='grc' dir='ltr'>τῆς</span> <span class='ocrx_word' id='word_1_784' title='bbox 3738 5720 3976 5787; x_wconf 65' lang='grc' dir='ltr'>εἰρήνης</span> 
     </span>
    </p>
   </div>
   <div class='ocr_carea' id='block_1_112' title="bbox 2377 5810 3971 5894">
    <p class='ocr_par' dir='ltr' id='par_1_112' title="bbox 2377 5810 3971 5894">
     <span class='ocr_line' id='line_1_113' title="bbox 2377 5810 3971 5894; baseline -0.008 -17"><span class='ocrx_word' id='word_1_785' title='bbox 2377 5823 2633 5894; x_wconf 73' lang='grc' dir='ltr'>λογισμοὶ</span> <span class='ocrx_word' id='word_1_786' title='bbox 2695 5823 2753 5875; x_wconf 79' lang='grc' dir='ltr'><strong>ἐν</strong></span> <span class='ocrx_word' id='word_1_787' title='bbox 2801 5823 2866 5891; x_wconf 81' lang='grc' dir='ltr'><strong>τῇ</strong></span> <span class='ocrx_word' id='word_1_788' title='bbox 2928 5822 2992 5889; x_wconf 81' lang='grc' dir='ltr'>σῇ</span> <span class='ocrx_word' id='word_1_789' title='bbox 3036 5810 3233 5890; x_wconf 68' lang='grc' dir='ltr'>καρδία</span> <span class='ocrx_word' id='word_1_790' title='bbox 3282 5816 3470 5886; x_wconf 77' lang='grc' dir='ltr'>ὥσπερ</span> <span class='ocrx_word' id='word_1_791' title='bbox 3532 5812 3625 5867; x_wconf 74' lang='grc' dir='ltr'>νῦν</span> <span class='ocrx_word' id='word_1_792' title='bbox 3677 5812 3971 5882; x_wconf 66' lang='grc' dir='ltr'>φαίνονται</span> 
     </span>
    </p>
   </div>
  </div>
