4158 6430
697 386 803 448 155

1831 401 2139 463 ΝιιῖυιΑι
2180 409 2293 469 CP.
2333 410 2843 472 PA'I‘RIARCHAl‘.

3835 417 3945 479 156

693 497 923 551 invaluit
946 498 1113 555 animi
1145 501 1220 555 tui
1248 503 1557 560 acerbitas?
1586 506 1736 563 Unde
1762 512 1896 566 adeo
1926 517 2258 585 perstititira1

2379 521 2631 576 παιδόθεν
2686 525 2899 588 τούτοις
2951 527 3278 597 ὲντραφείςς
3321 524 3454 581 Οἶδα
3500 528 3607 597 γάρ
3639 529 3721 582 δτι
3750 530 3946 601 ὥσπερ

693 598 747 640 et
804 589 907 643 soli
956 600 1064 644 tam
1098 591 1189 646 diu
1256 594 1566 651 miseranda
1616 600 1865 657 dedimus
1926 610 2265 676 spectacula,

689 679 894 746 quibus
972 681 1167 737 accidit
1218 694 1277 738 ut
1362 686 1732 745 llomanormn
1798 693 2268 770 Bulgarorumque

690 769 890 825 infesta
932 772 1164 827 invicem
1210 791 1357 830 arma
1392 778 1638 835 videret?

2374 613 2541 679 φυτὸν
2576 614 2635 666 ὲν
2668 615 2928 680 διεξόδοις
2959 617 3167 671 ὑδάτων
3207 617 3452 683 εὐθαλὲς,
3498 619 3642 672 οὕτω
3666 620 3763 674 καὶ
3803 622 3836 690 ἡ
3874 622 3947 690 σὴ

2372 704 2430 754 ὲν
2457 702 2670 768 τούτοις
2692 706 2973 777 ἀνετράφη
3003 708 3169 779 ψυχή.
3221 709 3320 761 Δια
3345 709 3396 762 τί
3423 709 3678 764 τοσοῦτον
3700 712 3948 780 ἐκράτη-

2371 811 2464 846 σεν
2490 795 2522 863 ἡ
2550 796 2648 864 τῆς
2671 796 2849 867 ψυχῆς
2876 800 3106 869 πικρίας
3137 800 3223 853 διὰ
3246 799 3297 852 τί
3331 801 3425 853 ἐπὶ
3456 801 3711 854 τοσοῦτον
3738 802 3945 867 ἐξέτει-

692 864 1016 935 νενὴόργὴ,
1052 869 1147 921 καὶ
1178 869 1397 938 βλέπειν
1432 874 1714 945 ἐδώκαμεν
1764 880 1841 948 τῷ
1906 882 2041 951 ἡλίῳ
2102 885 2195 937 ἐπὶ
2237 886 2494 939 τοσοῦτον
2562 889 2773 957 μακρὸν
2811 891 3002 961 χρόνον
3040 892 3108 944 τά
3162 892 3371 944 ἐλεεινά
3427 893 3598 946 ταῦτα
3666 893 3939 963 θεάματα,

687 960 789 1012 ὅσα
818 962 887 1013 τὰ
917 964 1212 1033 κινούμενα
1232 966 1372 1020 ὅπλα
1406 971 1609 1038 μεταξὺ
1647 972 1934 1042 Ῥωμαίων
1962 978 2055 1029 καὶ
2083 979 2412 1052 Βουλγάρων
2445 981 2742 1035 θεάσασθαι
2773 984 3047 1053 παρέσχεν
3081 983 3264 1051 αὑτῷς

763 1053 1054 1108 Sufﬁciunt
1080 1072 1201 1123 qua:
1230 1075 1399 1128 usque
1428 1061 1609 1116 adhuc
1633 1064 1949 1120 ealatnitosa
1982 1068 2268 1137 tristiaque

689 1147 975 1212 spectavit.
1015 1145 1366 1211 Convertere,
1405 1160 1465 1203 ut
1512 1152 1884 1209 Christianum
1916 1158 2265 1225 prudentem-

690 1252 796 1303 que
824 1237 1000 1290 virum
1032 1238 1205 1292 decet.
1241 1240 1528 1297 Revertere
1553 1245 1618 1297 ad
1653 1246 1865 1315 planam
1900 1250 2049 1317 pacis
2098 1252 2264 1305 semi-

687 1337 819 1387 tam.
858 1331 998 1383 viam
1034 1331 1156 1385 belli
1215 1348 1465 1402 asperam
1512 1339 1790 1404 deserens,
1825 1341 2041 1410 plenam
2088 1345 2262 1412 spinis

685 1429 739 1470 et
777 1421 1083 1475 homicidiis
1114 1424 1418 1489 horridam,
1449 1443 1610 1496 quam
1661 1430 1995 1488 indicaverat
2046 1437 2261 1492 invidus

687 1510 957 1570 diabolus.
1007 1513 1109 1567 iste
1146 1514 1216 1567 ab
1263 1517 1469 1584 origine
1495 1519 1761 1576 scelestus
1790 1523 2079 1579 homicida.
2106 1524 2261 1579 Nunc

685 1600 849 1652 etiam
880 1601 1173 1671 imperator
1204 1607 1530 1663 Christicola
1583 1625 1833 1681 prompte
1872 1631 1930 1668 se
1964 1616 2059 1669 tibi
2096 1619 2257 1671 veluti

686 1689 796 1742 lilio
828 1702 923 1745 aut
958 1695 1132 1757 lratri,
1181 1697 1396 1753 vinculo
1430 1701 1579 1769 pacis
1625 1703 1901 1773 colligabit
1931 1717 1982 1760 et
2017 1708 2071 1761 in
2109 1710 2256 1763 omni

2456 1072 2641 1140 Ἀρκεί
2671 1072 2764 1125 οὖν
2796 1074 2894 1126 ὅσα
2929 1075 3091 1143 μέχρι
3135 1074 3228 1126 τοῦ
3269 1073 3361 1126 νῦν
3410 1075 3671 1128 ἐθεάσατο
3724 1082 3943 1151 ποιηρὶι

2365 1164 2457 1215 καὶ
2491 1165 2702 1233 χαλεπά
2730 1166 3055 1234 πράγματα.
3095 1165 3280 1230 Δεῖξον
3323 1167 3629 1235 μεταϐολὴν
3668 1169 3768 1238 τὴν
3802 1174 3939 1240 πρέ-

2363 1272 2570 1307 πουσαν
2610 1258 3032 1327 Χριστιανισμῷ
3086 1259 3180 1311 καὶ
3236 1260 3302 1327 τῇ
3360 1260 3426 1329 σῇ
3481 1264 3766 1329 φρονήσει·
3817 1266 3940 1315 ἐπι-

2361 1343 2636 1412 στράφηθι
2695 1346 2833 1409 πρὸς
2886 1346 2987 1414 τὴν
3036 1347 3248 1418 ὁμαλὴν
3295 1347 3394 1416 τῆς
3448 1351 3675 1418 εἰρήνης
3722 1352 3933 1421 τρίϐον·

2367 1436 2635 1488 κατάλιπε
2673 1436 2773 1504 τὴν
2803 1440 3061 1506 τραχεῖαν
3092 1437 3186 1491 τοῦ
3226 1439 3466 1508 πολέμου
3496 1441 3613 1495 ὁδὸν
3647 1445 3741 1496 καὶ
3763 1445 3939 1498 ἀκαν-

2367 1522 2617 1593 θοῳόρον,
2664 1526 2865 1595 μᾶλλον
2896 1527 2954 1579 δὲ
3005 1526 3485 1600 ἀνθρωποφθὸρον,
3539 1533 3605 1603 ῆν
3653 1535 3681 1586 ὁ
3731 1533 3822 1587 τοῦ
3877 1535 3943 1599 ἐξ

2364 1615 2540 1685 ἀρχῆς
2580 1616 3031 1685 ἀνθρωποκτόνου
3056 1619 3152 1673 καὶ
3179 1621 3416 1691 πονηροῦ
3444 1623 3696 1692 δαίμονος
3722 1625 3941 1677 ὑπέδειο

2363 1706 2421 1773 ξε
2471 1708 2678 1775 φθόνος.
2739 1710 2860 1761 Ἐτι
2913 1709 3007 1763 καὶ
3056 1711 3150 1764 νῦν
3198 1714 3227 1765 ὁ
3282 1713 3629 1783 φιλόχριστος
3683 1716 3939 1785 βασιλεὺς

686 1788 740 1832 et
776 1783 1020 1850 qualibet
1046 1787 1337 1842 occasione
1385 1791 1728 1846 convenienti
1770 1797 1979 1851 ratione
2003 1808 2056 1852 et
2087 1803 2257 1868 gratia

2372 1799 2589 1869 ἕτοιμος
2638 1799 2716 1869 τῷ
2747 1800 3030 1873 συνδέσμῳ
3060 1803 3160 1872 τῆς
3210 1805 3434 1874 εἰρήνης
3482 1806 3556 1869 ὡς
3592 1808 3692 1877 υἰῷ
3728 1826 3808 1860 σοι
3843 1811 3947 1862 καὶ

688 1871 919 1940 imperio
959 1883 1052 1929 tuo
1085 1890 1392 1934 succurret.
1419 1881 1501 1936 Ne
1528 1881 1640 1949 jam
1676 1888 1999 1954 perniciosis
2029 1892 2261 1950 velimus

687 1961 892 2015 instare
925 1967 1197 2035 consiliis;
1259 1985 1459 2040 neque,
1495 1974 1623 2027 dum
1668 1984 1747 2029 tot
1779 1987 2052 2048 tantaeque
2081 1986 2260 2035 natio-

686 2069 787 2106 nes
843 2067 935 2108 aut
989 2073 1047 2113 se
1104 2060 1251 2128 ipsas
1284 2064 1526 2131 perdere,
1564 2076 1657 2120 aut
1704 2078 1913 2135 gentem
1971 2070 2258 2143 Bnlgaram

685 2145 903 2214 abolere
954 2151 1304 2214 meditemur.
1358 2156 1722 2214 anteferamus
1749 2161 1894 2215 inter
1926 2180 2025 2219 nos
2071 2167 2262 2222 coiilli-

685 2246 807 2290 ctus
860 2249 912 2291 et
957 2241 1091 2295 bella
1147 2259 1484 2310 permanere.
1523 2250 1576 2302 In
1615 2250 1851 2304 obscuro
1886 2254 2007 2307 belli
2042 2256 2258 2324 exitus;

683 2328 776 2381 sed
802 2331 981 2396 potius
1008 2347 1107 2387 nos
1126 2333 1178 2386 in
1206 2336 1463 2402 obscuro,
1486 2350 1749 2406 quantum
1772 2342 1897 2396 licet
1929 2358 1991 2397 ex
2019 2344 2260 2401 humano

685 2420 978 2476 ratiocinio
1038 2424 1409 2481 advertentem
1463 2429 1554 2483 Dei
1607 2431 1907 2488 vindictam
1963 2437 2258 2505 conjicere.

683 2508 928 2565 Certiora
965 2517 1336 2582 attendamus,
1363 2534 1541 2589 neque
1586 2523 1854 2578 adversus
1908 2526 2027 2581 illas
2076 2539 2261 2598 gentes

685 2600 739 2653 in
789 2601 1144 2670 discrimina,
1193 2608 1379 2676 praelia
1436 2618 1757 2682 stragesque
1816 2618 2130 2681 irruamus,
2194 2635 2260 2674 ne

682 2691 860 2758 forte,
898 2708 1181 2767 postquam
1235 2700 1639 2768 devicerimus,
1681 2708 1734 2759 in
1795 2723 1976 2763 rerum
2022 2712 2260 2781 pericula

680 2785 916 2850 incidas,
972 2791 1118 2846 unde
1166 2794 1514 2863 vituperatio,
1548 2797 1850 2866 ignominia
1900 2812 1953 2857 et
1984 2807 2261 2873 pomiten-

682 2880 754 2933 tia
802 2884 1170 2941 exorirentur.
1200 2885 1398 2942 Nescio
1430 2899 1612 2944 autem
1643 2908 1711 2947 an
1754 2896 1965 2951 etiamsi
2005 2909 2054 2953 te
2088 2900 2261 2967 ρωπί-

681 2975 871 3030 tuerit.
946 2975 1015 3029 ab
1059 2978 1247 3048 aliquo
1324 2990 1541 3050 potente
1610 2989 1910 3054 quamlibet
1989 2992 2256 3047 malorum

680 3069 991 3134 urgentium
1032 3080 1080 3124 te
1110 3072 1545 3128 consolationem
1576 3078 1653 3131 sis
1689 3080 2040 3137 obtenturus.

2362 1890 2580 1961 ἀδελφῷ
2648 1893 3022 1954 συνδεδέσθαι.
3082 1896 3177 1947 καὶ
3226 1896 3404 1950 πάντα
3460 1899 3782 1967 χαρίζεσθαι
3842 1904 3946 1952 καὶ

2364 1983 2628 2053 πράττειν
2669 1985 2770 2036 ὅσα
2825 1989 2964 2053 μετά
2994 1984 3089 2040 τοῦ
3130 1987 3432 2056 πρέποντος
3471 1989 3633 2055 λόγου
3677 1994 3774 2060 τὴν
3806 1992 3947 2061 ὑμε-

2363 2078 2532 2147 τέραν
2580 2073 2691 2129 οἶδε
2730 2078 3058 2149 θεραπεύειν
3110 2082 3377 2147 ἐξουσίαν.
3439 2083 3530 2153 Μὴ
3587 2083 3946 2156 βουληθῶμεν

2364 2168 2649 2238 ἐπιμένειν
2682 2173 2803 2233 ταῖς
2835 2172 3187 2225 ὲπιϐλαϐέσιν
3251 2175 3515 2237 ἐπινοίαις
3544 2193 3557 2206 ο
3618 2177 3749 2245 μηδὲ
3804 2183 3948 2249 πρὸς

2364 2260 2634 2314 τοσούτων
2672 2262 2873 2332 πλῆθος
2899 2264 3067 2316 ἐθνῶν
3091 2256 3324 2334 ἑτοίμων
3355 2266 3545 2330 ὅντων,
3596 2269 3626 2338 ἢ
3663 2270 3760 2333 τάς
3812 2271 3947 2322 έαυ·

2362 2353 2473 2407 τῶν
2529 2355 2752 2423 ἀφεῖναι
2806 2359 3007 2427 ψυχας,
3049 2358 3081 2428 ἣ
3117 2362 3362 2429 παγγενῆ
3404 2359 3652 2425 ἐξολέσαι
3704 2362 3952 2429 Βουλγά-

2369 2464 2514 2517 ρους,
2547 2450 2965 2521 προαιρεὺὦμεν
2995 2453 3329 2522 παρατάξεις
3363 2455 3623 2524 συνιστᾷν
3656 2454 3748 2506 καὶ
3774 2455 3949 2508 πολέ-

2368 2559 2522 2609 μους.
2579 2542 2811 2613 ’Λδηλος
2863 2546 2898 2612 ἡ
2929 2544 3024 2598 τοῦ
3058 2546 3297 2612 πολέμου
3353 2545 3600 2609 ἔκϐασις·
3642 2546 3838 2615 μᾶλλον
3882 2549 3946 2600 δὲ

2363 2633 2461 2685 οὐκ
2487 2633 2700 2704 ἄδηλος,
2719 2636 2840 2687 ὅσον
2862 2637 2976 2689 ἐστὶ
2993 2637 3089 2689 καὶ
3111 2637 3465 2708 ἀνθρωπίνως
3492 2639 3821 2706 λογίζεσθαι,
3846 2643 3950 2691 καὶ

2364 2723 2500 2791 πρὸς
2539 2725 2637 2793 τὴν
2667 2725 2760 2777 τοῦ
2794 2726 2928 2780 Θεοῦ
2972 2727 3186 2781 δικαίαν
3236 2730 3457 2798 νέμεσιν
3486 2730 3806 2798 ἀφορῶντας
3850 2731 3950 2780 ὲ)-

2366 2815 2564 2880 πίζειν.
2599 2818 2935 2888 Σκεψώμεθα
2982 2820 3044 2873 τὸ
3094 2821 3358 2889 ἀσφαλὲς,
3409 2823 3505 2875 καὶ
3540 2822 3614 2891 μὴ
3650 2822 3949 2889 προπετῶς

2367 2907 2627 2977 ἐμϐὦμεν
2659 2911 2737 2971 εἰς
2768 2911 2867 2973 τάς
2913 2912 3045 2980 πρὸς
3072 2912 3320 2975 ἐκείνους
3354 2912 3686 2980 συμπλοκὰς
3722 2912 3814 2964 καὶ
3838 2914 3952 2973 τὰς

2369 3000 2546 3067 μάχας
2574 3002 2669 3053 καὶ
2696 2995 2807 3064 τάξ
2831 3004 3070 3071 σφαγὰς,
3106 3006 3178 3074 μή
3226 3020 3356 3056 ποτε
3402 3005 3522 3074 μετ’
3572 3004 3798 3057 ἐκείνων
3838 3003 3953 3073 τῆς

2365 3089 2525 3158 νίκης
2553 3092 2858 3161 γενομένης
2885 3096 3191 3166 περιπέσῃς
3248 3096 3519 3159 κινδύνοις
3555 3099 3648 3148 καὶ
3679 3095 3955 3164 πράγμα-

680 3174 784 3220 σιν,
827 3158 887 3222 ὲξ
919 3154 995 3213 ὧν
1036 3160 1264 3231 ὕστερον
1316 3166 1691 3235 ἀπαντήσεται
1722 3174 1823 3241 μὲν
1850 3173 2022 3244 βλάϐη
2064 3179 2157 3228 καὶ
2221 3181 2451 3250 αἰσχύνη
2484 3184 2577 3235 καὶ
2616 3183 2971 3253 μεταμέλεια.
3027 3187 3143 3239 Οὐκ
3204 3184 3319 3241 οἶδα
3356 3188 3412 3241 δὲ
3473 3190 3521 3240 εἰ
3570 3189 3665 3242 καὶ
3700 3205 3954 3256 μεταμε-

675 3246 904 3318 λόμενος
933 3253 1192 3325 ἐπιτεύξῃ
1221 3259 1366 3321 τινος
1402 3261 1511 3312 τῶν
1533 3262 1847 3331 δυναμένων
1902 3269 2262 3337 παραμυθίαν
2295 3275 2417 3327 τινὰ
2442 3275 2551 3328 τῶν
2598 3277 3121 3346 περιστοιχιξόντων
3152 3280 3403 3348 χαλεπῶν
3468 3280 3949 3351 περιποιήσασθαι

680 3342 830 3411 ὑμῖν.

748 3439 879 3504 Ista,
909 3455 942 3493 ο
970 3442 1065 3509 (ili,
1099 3445 1300 3513 scripsi
1335 3448 1470 3501 ﬂens
1501 3460 1553 3504 et
1586 3468 1829 3521 gemens,
1857 3457 2242 3525 anxietateque
2283 3465 2326 3522 C

677 3547 743 3586 ac
789 3545 936 3586 metu
985 3534 1265 3601 perfusus,
1316 3556 1383 3594 ne
1418 3558 1643 3613 quoquo
1695 3548 1858 3600 modo
1910 3548 1963 3601 in
1996 3564 2057 3602 ea
2111 3553 2250 3604 mala

677 3637 813 3691 gens
866 3623 1100 3695 Bulgara
1168 3627 1439 3694 incurrat,
1497 3632 1550 3685 in
1605 3649 1728 3701 qua:
1782 3644 1889 3689 tam
1944 3639 2120 3697 inulti.
2157 3641 2252 3707 qui

678 3725 969 3783 postquam
1004 3719 1072 3770 ad
1105 3727 1319 3789 tempus
1346 3721 1485 3776 bona
1538 3726 1613 3779 uti
1649 3726 1866 3781 fortuna
1896 3729 2253 3786 existimave-

680 3818 830 3871 rant,
859 3807 927 3859 ad
952 3809 1112 3863 ﬁnem
1148 3811 1203 3864 in
1233 3814 1503 3880 pessimos
1543 3831 1704 3870 casus
1738 3819 2065 3875 inciderunt.
2097 3822 2255 3877 Anti-

679 3915 785 3965 qua
853 3911 1120 3967 prmtereo
1173 3905 1423 3973 exempla
1481 3924 1603 3976 qua:
1666 3909 1956 3965 historiam
2020 3914 2256 3981 legentes

677 3992 1014 4060 accepimus;
1064 3994 1159 4049 sed
1191 3999 1433 4051 recentia
1474 3999 1737 4067 referam,
1779 4018 2014 4071 quorum
2053 4004 2253 4061 [ainant

676 4084 746 4137 ad
790 4094 911 4138 tuas
945 4102 1110 4141 aures
1154 4091 1470 4156 pervenisse
1509 4093 1748 4159 conﬁdo,
1787 4094 1896 4149 Leo
1930 4099 2020 4152 ille
2060 4097 2257 4168 Tripo-

678 4176 907 4237 litanus,
959 4182 1052 4247 qui
1113 4179 1523 4237 Thessalonica:
1564 4187 1781 4239 excidio
1835 4190 1997 4257 culpa
2067 4204 2253 4245 nostra

679 4277 890 4321 tantum
946 4270 1050 4323 sibi
1103 4287 1300 4326 nomen
1346 4273 1516 4339 fecit,
1574 4290 1627 4331 et
1684 4295 1750 4332 co
1800 4282 2091 4349 superbia},
2147 4300 2256 4352 quo

678 4362 863 4412 nescio
889 4376 957 4412 an
995 4361 1148 4427 alter,
1189 4366 1532 4429 ascenderat,
1588 4372 1894 4424 exercitum
1928 4374 2096 4426 movit
2129 4376 2255 4428 talia

673 4446 945 4514 jactans:
1006 4470 1024 4502 t
1076 4450 1191 4522 Ego
1253 4471 1427 4524 usque
1484 4459 1552 4511 ad
1608 4461 2013 4529 imperatoriam
2072 4465 2254 4519 urbem

679 4541 1021 4609 progrediar,
1059 4544 1323 4613 illamque
1373 4562 1439 4601 ex
1473 4547 1692 4604 fortuna
1746 4556 2096 4623 expugnabo.
2158 4554 2253 4609 Sin

680 4643 895 4697 contra,
931 4637 1067 4690 satis
1099 4639 1284 4705 gloria:
1316 4657 1449 4696 mea:
1468 4644 1736 4713 eritquud
1774 4649 2030 4715 usquead
2068 4651 2253 4703 urbem

678 4723 893 4792 imperii
928 4729 1140 4781 romani
1178 4742 1341 4799 caput
1375 4738 1740 4801 pervenerim,
1784 4740 1999 4808 telaque
2030 4743 2081 4793 in
2135 4744 2255 4811 ejus

680 4820 884 4871 muenia
915 4819 1194 4888 jaculatus
1234 4824 1454 4880 fuerim.
1506 4846 1525 4879 ι
1560 4829 1654 4884 llle
1696 4840 1903 4895 tamen,
1953 4835 2044 4900 qui
2105 4844 2254 4891 tanta

680 4912 1073 4982 somniaverat,
1104 4926 1431 4989 tantumque
1463 4937 1522 4977 se
1568 4924 1889 4988 extollebat,
1934 4944 2255 4996 progressus

680 5006 904 5073 quidem
940 5018 1026 5062 est
1070 4999 1231 5065 adeo'
1263 5029 1439 5083 usque
1470 5016 1649 5085 quoad
1681 5017 1831 5071 illum
1875 5020 2130 5074 voluntas
2161 5022 2254 5078 υνςί

679 5100 1027 5165 compressit.
1060 5101 1237 5159 Locus
1263 5116 1347 5161 est
1368 5108 1626 5163 insularis
1650 5108 1886 5166 Lemnos
1908 5113 2142 5167 nomine.
2166 5114 2256 5167 Ille

678 5206 745 5241 eo
780 5191 1099 5258 adveniens,
1138 5198 1289 5264 talia,
1324 5210 1377 5253 ul
1411 5201 1545 5263 dixi,
1578 5203 1884 5267 somnians,
1918 5204 2124 5272 justam
2158 5204 2251 5259 Dei

682 5285 1180 5341 remunerationem
1218 5290 1452 5345 invenit.
1502 5292 1569 5346 Et
1595 5293 1782 5348 videas
1811 5296 2072 5363 quamdiu
2110 5295 2252 5351 Deus

679 5384 1002 5439 exspectans
1033 5376 1470 5451 longanimisque
1499 5392 1601 5447 est,
1633 5399 1665 5438 ο
1704 5383 1776 5437 [ili
1803 5385 2021 5439 dilecte.
2052 5383 2253 5440 Trans-

681 5466 831 5531 gredi
856 5468 999 5522 enim
1034 5472 1208 5539 potuit
1231 5488 1400 5541 usque
1423 5474 1490 5528 ad
1525 5476 1814 5545 septimum
1850 5485 1941 5529 aut
1996 5487 2251 5529 octavum

682 5565 740 5610 et
787 5557 1063 5614 decimum
1123 5579 1361 5630 annum;
1401 5568 1534 5631 sed,
1583 5575 1706 5637 post
1738 5577 1943 5621 tantam
1990 5569 2255 5636 temporis

683 5647 1030 5713 dilationem,
1082 5667 1189 5706 non
1218 5654 1407 5721 cﬂ‘ugit
1442 5655 1533 5710 Dei
1568 5656 1858 5725 judicium,
1886 5672 2062 5727 neque
2084 5657 2256 5711 licen-

2431 3457 2638 3521 Ταῦτα,
2674 3459 2862 3512 τέκνον
2894 3460 3074 3529 ἡμῶν,
3126 3460 3341 3530 ἔγραψα
3385 3461 3635 3530 δακρύων
3689 3466 3783 3517 καὶ
3816 3466 3956 3519 ὀδυ-

2359 3550 2590 3619 ρόμενος
2623 3549 2720 3602 καὶ
2746 3552 2996 3618 ἀγωνιῶν
3030 3554 3125 3604 καὶ
3153 3553 3303 3623 φόϐῳ
3347 3553 3529 3623 πολλῷ
3552 3556 3957 3625 συνεχόμενος,

2359 3642 2432 3707 μή
2462 3657 2577 3702 πως
2605 3642 2901 3694 καταλάϐοι
2930 3642 2988 3694 τὸ
3012 3642 3334 3711 Βουλγάριιιν
3365 3644 3518 3709 γένος
3541 3644 3763 3698 τοιαῦτα
3788 3650 3953 3721 πάθη

2356 3726 2445 3783 οἷα
2483 3732 2713 3793 πολλοὺς
2749 3732 3039 3796 κατέλαϐε,
3098 3734 3356 3799 δόξαντας
3396 3736 3494 3803 μὲν
3554 3737 3689 3805 πρὸς
3747 3741 3959 3807 καιρὸν

2357 3822 2610 3892 εὐτυχίαν
2643 3823 2764 3876 τινα
2809 3824 3222 3891 περιϐαλέσθαι,
3290 3826 3590 3894 μετέπειτα
3636 3828 3692 3881 δὲ
3727 3833 3790 3900 τῇ
3840 3832 3950 3882 ἐσ-

2364 3916 2503 3985 χάτῃ
2548 3916 2813 3985 δυστυχίᾳ⁵
2851 3917 3278 3986 περιπεσόντας.
3325 3918 3554 3988 Ἀφίημι
3590 3924 3657 3975 τά
3704 3924 3957 3991 παλαιὰ,

2359 4009 2454 4061 καὶ
2500 4002 2572 4061 ὧν
2610 4008 2669 4072 ἐξ
2704 4011 2950 4079 ἱστορίας
3008 4011 3101 4062 καὶ
3157 4011 3520 4078 ἀναγνώσεως
3580 4015 3677 4084 τὴν
3730 4018 3956 4082 γνῶσιν

2360 4100 2703 4169 κεκτήμεθα,
2736 4101 2853 4155 ἀλλ’
2886 4103 3020 4172 ὅπερ
3065 4101 3159 4154 νῦν
3191 4105 3403 4169 γέγονε,
3447 4104 3664 4167 πάντως
3695 4106 3751 4158 δὲ
3780 4109 3954 4175 νομί-

2360 4193 2437 4256 ξω
2471 4194 2564 4244 καὶ
2616 4194 2781 4262 μέχρι
2811 4192 2919 4244 τῶν
2976 4193 3083 4244 σῶν
3143 4194 3322 4245 ἀκοῶν
3355 4196 3556 4261 φθάσαι
3607 4197 3701 4248 τὸν
3754 4198 3950 4265 λόγον.

2360 4284 2510 4334 Λέων
2536 4285 2740 4345 ἐκεῖνος
2768 4285 2795 4335 ὁ
2819 4282 3146 4352 Τριπολίτης
3172 4284 3199 4333 ὁ
3232 4285 3326 4334 ἐπὶ
3349 4287 3413 4354 τῇ
3453 4285 3651 4337 ἀλώσει
3683 4289 3778 4355 τῆς
3808 4290 3958 4341 Θεσ-

2363 4372 2661 4442 σαλονίκης
2703 4372 2780 4444 (1)
2811 4375 2900 4426 διὰ
2925 4376 3025 4436 τὰς
3071 4374 3352 4444 ἁμαρτίας
3398 4376 3553 4445 ἡμῶν
3588 4376 3762 4444 ὄνομα
3800 4396 3954 4447 κτη-

2363 4463 2599 4531 σάμενος
2676 4466 2841 4533 μέγα,
2898 4465 2994 4517 καὶ
3041 4465 3402 4533 ἀναϐεϐηκὼς
3459 4467 3595 4533 πρὸς
3641 4468 3811 4535 ὀφρῦν
3857 4472 3956 4534 εἰς

2360 4553 2479 4606 οἵαν
2502 4554 2605 4607 οὐκ
2636 4551 2755 4608 οἶδα
2784 4555 2838 4607 εί
2859 4572 2940 4617 τις
2966 4556 3126 4618 ἄλλος
3156 4556 3213 4607 ἐν
3245 4558 3367 4613 ταῖς
3398 4557 3638 4635 ἡμέραις
3674 4558 3944 4626 ταύταις,

2362 4647 2754 4715 ἐξεστράτευσε
2810 4646 3039 4699 τοιαῦτα
3098 4647 3649 4717 καυχησάμενος,ὠ;
3708 4669 3725 4699 ι
3758 4652 3954 4720 Μέχρι

2361 4740 2460 4808 τῆς
2490 4739 2762 4808 βασιλίδος
2790 4740 3059 4807 ἀφίξομαι
3107 4738 3336 4800 πόλεως,
3388 4740 3480 4791 καὶ
3509 4740 3672 4809 τυχὸν
3705 4743 3806 4811 μὲν
3831 4745 3956 4798 ἐλῶ

2292 4820 2332 4873 ί)
2361 4833 2588 4901 ταύτην·
2620 4833 2669 4883 εἰ
2702 4830 2757 4882 δὲ
2793 4829 2867 4900 μὴ
2895 4830 3073 4896 τοῦτο,
3109 4830 3295 4883 ἱκανόν
3325 4848 3416 4900 μοι
3449 4832 3828 4900 καυχήσασθαι
3856 4837 3956 4887 ὅτι

2361 4922 2495 4990 πρὸς
2524 4921 2624 4993 τὴν
2678 4921 2923 4991 βασιλίδα
2974 4924 3072 4991 τῆς
3124 4920 3437 4990 Ῥωμαῖκῆς
3472 4921 3726 4984 ἐξουσίας
3767 4941 3955 4993 παρε-

2354 5013 2594 5082 γενόμην
2638 5013 2815 5074 πόλιν,
2874 5016 2969 5064 καὶ
3006 5011 3139 5081 βέλη
3172 5012 3294 5063 κατ’
3342 5010 3513 5078 αὐτῆς
3544 5010 3877 5076 ὲξεκένωσα.
3926 5037 3948 5065 ι

2366 5105 2526 5158 Ἀλλά
2561 5106 2673 5175 γὰρ
2717 5097 2875 5168 οὗτος
2908 5106 2936 5156 ὁ
2985 5105 3244 5173 τοιαύτην
3301 5103 3483 5155 λαϐὼν
3535 5105 3867 5172 φαντασίαν,
3920 5112 3955 5161 ὀ

2350 5196 2523 5258 οὕτως
2580 5183 2909 5267 ἐπηρμένος,
2958 5196 3126 5266 ἤλασε
3188 5194 3287 5264 μὲν
3339 5195 3531 5263 μέχρις
3581 5193 3641 5247 οὗ
3673 5194 3863 5249 τοῦτον
3908 5200 3952 5269 ἡ

2361 5287 2456 5340 τοῦ
2483 5287 2618 5339 Θεοῦ
2672 5288 2945 5359 συνήλασε
2993 5288 3191 5356 ψῆφος.
3231 5288 3390 5339 Ἐστι
3419 5287 3462 5339 δ’
3497 5290 3524 5339 ὀ
3557 5288 3723 5350 τόπος
3772 5290 3955 5359 νῆσος

2365 5379 2396 5446 ἡ
2450 5379 2718 5447 λεγομένη
2778 5378 3017 5446 Λῆμνος
3053 5380 3168 5429 ἐκεῖ
3202 5377 3383 5429 τοίνυν
3433 5377 3776 5443 καταλαϐὼν,
3844 5384 3955 5434 καὶ

2357 5459 2769 5540 φανταζόμενος
2799 5465 2893 5524 οἷα
2926 5468 3280 5539 ἐφαντάζετο,
3317 5469 3471 5540 ἔτυχε
3510 5472 3607 5542 τῆς
3651 5474 3802 5540 παρὰ
3837 5475 3952 5525 τοῦ

2364 5562 2500 5615 Θεοῦ
2552 5564 2771 5625 δικαίας
2818 5562 3252 5626 ἀνταποδόσεως.
3315 5564 3423 5616 Καὶ
3478 5565 3578 5634 ὅρα
3627 5583 3717 5635 μοι
3750 5567 3877 5630 ὅσος
3916 5572 3955 5621 ὁ

2364 5653 2553 5724 χρόνος
2611 5652 2715 5722 τῆς
2769 5653 2863 5706 τοῦ
2927 5653 3063 5706 Θεοῦ
3116 5654 3315 5723 ἀνοχῆς
3384 5655 3478 5707 καὶ
3529 5656 3950 5727 μακροθυμίας,

755 5813 831 5881 (l)
865 5814 937 5872 De
973 5817 1073 5873 hoc
1105 5816 1509 5877 Thessalonica:
1543 5822 1756 5876 excidio
1779 5831 1997 5878 exstant
2039 5818 2160 5874 Joh.
2185 5817 2518 5876 Caincniatac
2569 5830 2621 5875 et
2656 5818 2910 5875 Demetrii
2942 5818 3166 5887 Cyllenii
3206 5817 3446 5871 historim
3504 5818 3785 5885 lugubres.
