4182 6428
766 366 866 433 Ῑῖιθ

767 478 860 537 Dei
893 486 1066 541 nostri
1116 491 1299 560 populi
1355 494 1751 564 calamitatem,
1809 508 2120 575 tantasque,

760 574 1277 647 umleirrcpscrint.
1318 595 1527 652 pestes,
1580 605 1721 659 quas
1763 593 1977 647 tlzenion
2012 574 2193 654 nobis
2229 603 2351 658 sine

760 664 1127 727 intolerabilis
1163 673 1381 730 malitiae
1403 679 1658 736 satietate
1701 683 1971 755 impingit.

757 756 881 828 θῇς,
913 761 996 813 υίέ
1028 780 1130 830 μου
1167 766 1444 839 ἁγαπητὲ,
1497 774 1755 828 ἀπελθεῖν
1814 780 1967 848 ἡμᾶς
2021 784 2083 836 ἐκ
2146 785 2244 854 τῆς
2271 756 2763 870 παρούσηςζωής,

759 854 900 920 μετὰ
934 856 1024 908 τοῦ
1055 857 1274 927 ἄλγους,
1309 867 1449 933 μετά
1480 868 1573 921 τοῦ
1609 876 1945 944 σπαραγμοῦ
1993 879 2093 949 τῆς
2140 888 2407 956 ταπεινῆς

760 941 1002 997 κακώσει
1033 948 1128 1001 τοῦ
1176 954 1359 1008 κοινοῦ
1416 958 1545 1012 λαοῦ
1592 962 1687 1014 τοῦ
1737 965 1981 1034 Χριστοῦ
2042 973 2133 1024 καὶ

700 1076 703 1077 ν
755 1032 825 1100 ἧν
858 1038 887 1088 ὁ
916 1040 1152 1110 πονηρὸς
1192 1044 1402 1114 δαίμων
1440 1050 1695 1119 ἐμϐαλὼν
1735 1032 1815 1120 iis

831 1127 909 1183 Ne
940 1132 1095 1197 velis,
1145 1135 1342 1192 iterum
1376 1142 1499 1194 dico
1527 1183 1542 1208 ,
1590 1162 1693 1203 nos
1744 1150 1977 1207 humiles
2004 1174 2033 1208 e
2085 1162 2342 1223 praesenti

755 1220 867 1275 vita
899 1224 1054 1302 exire
1104 1230 1341 1295 graviter
1392 1233 1646 1303 allectos,
1702 1244 1997 1313 animaque
2044 1249 2343 1308 dilacerata

756 1311 868 1368 illis
895 1316 1305 1375 calamitatibus
1361 1341 1504 1395 quae,
1537 1345 1567 1383 a
1592 1346 1702 1399 quo
1736 1342 1981 1403 tempore
2018 1342 2188 1403 nosti,
2231 1343 2345 1397 Ro-

757 1422 951 1462 manos
976 1419 1029 1462 et
1063 1409 1333 1481 Bnlgaros
1388 1418 1664 1476 dividunt.
1720 1425 1836 1479 lloc
1886 1431 1951 1482 ad
1995 1448 2081 1486 me
2114 1446 2344 1503 spectat.

756 1494 1017 1548 Praeterea
1037 1508 1220 1555 autem
1238 1499 1326 1558 lac
1352 1514 1410 1558 ut
1427 1506 1494 1561 de
1528 1517 1579 1563 te
1595 1510 1714 1566 sine
1734 1516 1960 1571 tristitia
1991 1494 2341 1586 sing-dolore

754 1587 972 1657 loquar,
1004 1599 1059 1645 et
1093 1601 1148 1646 tu
1180 1607 1373 1653 contra
1407 1616 1493 1655 me
1527 1603 1838 1673 loquentem
1867 1626 1975 1664 non
2010 1611 2339 1683 indigneris.

754 1679 1040 1737 Instabilis
1093 1685 1201 1740 vita
1237 1690 1474 1744 humana
1520 1702 1625 1757 est,
1665 1710 1697 1747 ο
1730 1696 1827 1763 lili,
1865 1715 1971 1754 non
2016 1679 2179 1759 modo
2228 1709 2340 1763 cito

759 1782 936 1825 morte
982 1777 1365 1846 corripiuntur
1394 1782 1513 1850 qui,
1549 1792 1608 1837 ut
1646 1801 1771 1856 ego,
1803 1799 1933 1844 sunt
1963 1801 2119 1848 zelate
2145 1812 2341 1865 prove-

752 1966 903 2018 runt,
954 1967 1009 2011 et
1047 1960 1098 2012 in
1147 1962 1267 2029 ipso
1308 1963 1440 2020 ﬂore
1477 1970 1655 2024 aetatis
1697 1973 1962 2043 quidquid
2010 1978 2339 2036 ﬂorentissi-

756 2067 903 2104 mum
964 2054 1229 2112 incisione
1259 2062 1443 2128 periit.
1500 2062 1637 2128 Quis
1673 2069 1827 2121 novit
1861 2081 2000 2138 quot
2047 2084 2099 2126 et
2145 2078 2338 2146 quales

754 2141 980 2198 humani
1039 2164 1205 2206 casus
1255 2155 1468 2220 possint
1515 2156 1680 2211 simul
1726 2159 2019 2231 imperium
2084 2177 2263 2235 tuum,
2307 2187 2336 2224 a

754 2234 865 2289 Deo
899 2248 1058 2291 antea
1103 2240 1457 2311 honoratum,
1510 2248 1771 2318 alﬂigcre.
1836 2254 1947 2309 lmo
1990 2260 2329 2327 Spiritualem

752 2335 902 2380 tuam
934 2329 1167 2385 salutem
1204 2350 1529 2407 pacemque,
1570 2357 1692 2411 qua:
1740 2345 1794 2399 in
1835 2346 2017 2401 futura
2080 2355 2186 2404 vita
2225 2369 2342 2407 ma—

754 2428 847 2473 net
888 2435 1154 2491 reputans
1192 2428 1391 2483 addam
1432 2448 1446 2484 :
1501 2450 1519 2483 ι
1561 2433 1701 2498 Quid
1739 2438 1961 2505 prodest
2002 2441 2234 2507 homini,
2290 2446 2335 2499 si

753 2515 1020 2568 mundum
1089 2527 1263 2572 totum
1328 2521 1614 2590 lucretur,
1676 2528 1915 2584 animam
1954 2542 2135 2586 autem
2191 2552 2346 2590 suam

752 2606 1090 2671 perdiderit’
1121 2609 1143 2662 ?
1182 2630 1200 2663 ι
1229 2610 1626 2683 Quisdubitat,
1660 2635 1692 2673 o
1721 2622 1818 2686 tili,
1858 2640 1885 2676 a
1920 2626 2027 2679 Deo
2060 2627 2347 2693 honorate,

748 2699 998 2766 fratrem,
1037 2702 1392 2775 quifratrem,
1417 2711 1705 2778 occiderit,
1756 2716 1962 2771 suimet
2016 2719 2196 2787 ipsius
2224 2723 2347 2774 ani-

751 2804 895 2843 mam
955 2794 1231 2851 occidisse
1266 2796 1289 2849 ?
1318 2796 1530 2868 Reputa
1564 2801 1731 2873 igitur
1774 2806 1970 2862 fratres
2030 2812 2079 2862 in
2113 2810 2335 2867 Christo

746 2896 871 2937 esse
907 2883 1179 2956 Bulgaros
1214 2899 1270 2944 et
1300 2892 1601 2959 Romanos,
1645 2908 1698 2950 et
1731 2911 1868 2964 quot
1902 2902 2100 2957 fratres
2133 2905 2335 2960 utrius-

746 2990 854 3043 quc
887 2981 1062 3046 gentis
1098 2980 1338 3037 fraterna
1370 3001 1534 3039 manu
1564 2987 1772 3043 fuerint
1810 2993 2095 3046 trucidati.

1900 392 2211 459 NlCOLAI
2250 401 2363 465 ΟΡ.
2408 405 2924 477 PATRIARCIUE

3930 439 4035 505 160

2163 512 2350 568 nescio
2380 533 2423 588 Α
2463 517 2754 588 Ῥωμαίων
2779 529 2874 583 καὶ
2896 528 3227 601 Βουλγὰρων
3253 535 3499 610 εἰρήνην,
3537 540 3669 596 ίδεῖν
3697 545 3798 615 τὴν
3827 549 4037 604 ἀνακο-

2461 610 2567 681 πὴν
2605 614 2713 666 τῶν
2760 624 3152 689 χριστιανικῶν
3183 628 3433 696 αἱμάτων
3489 634 3588 703 τῆς
3619 635 3894 707 ἑκχύσεως
3927 645 4027 697 ὐπξ

2459 711 2840 776 χριστιανικῆς
2870 711 3055 779 δεξιᾶς
3105 720 3533 791 ἐνεργουμένην.
3583 729 3693 780 Kal.
3728 728 3800 800 μὴ
3836 729 4029 799 βουλη-

2824 802 2926 873 ήδη
2962 808 3072 877 γὰρ
3136 813 3217 874 εἰς
3246 813 3338 865 τὸν
3401 816 3572 884 τάφον
3610 823 4033 892 προκύπτομεν.

2464 893 2624 961 ἡμῶν
2694 897 2941 967 καρδίας.
2976 900 3038 953 δν
3108 905 3485 978 ὲπιφερόμεθα
3545 912 3637 964 ἐπὶ
3693 919 3758 985 τῇ
3788 917 4034 988 τοσαύτῃ

2191 975 2329 1029 Θεοῦ
2385 982 2561 1050 ήμῶν,
2597 988 2692 1041 ἐπὶ
2732 994 2797 1061 τῇ
2858 992 3098 1065 τοσαύτῃ
3172 999 3273 1052 οὐκ
3299 998 3417 1055 οἶδα
3484 1002 3648 1055 πόθεν
3684 1010 4032 1082 ποινηλασὶᾳ·

1839 1062 1900 1111 τὸ
1927 1061 2090 1129 μέσον
2125 1065 2184 1115 οὐ
2208 1065 2436 1122 δύναται
2478 1074 2640 1141 κόρον
2665 1080 2851 1133 λαϐεῖν
2880 1083 2978 1153 τῆς
3024 1085 3308 1156 ἀφορήτου
3356 1091 3671 1153 κακώσεως.

2519 1169 2610 1239 Μὴ
2645 1171 2939 1246 βουληθῇς,
2978 1178 3070 1231 καὶ
3103 1180 3266 1233 πάλιν
3292 1187 3457 1251 φημὶ,
3499 1188 3558 1238 τὸ
3586 1188 3846 1240 ἀπελθεῖν
3875 1191 4034 1259 ἡμᾶς

2444 1260 2571 1320 τοὺς
2592 1266 2888 1328 ταπεινοὺς
2920 1270 2984 1320 ὲκ
3008 1267 3103 1320 τοῦ
3135 1273 3407 1339 παρόντος
3440 1273 3556 1341 βίου
3581 1279 4033 1348 κεκακωμένους,

2444 1350 2538 1403 καὶ
2564 1351 2662 1421 τὴν
2697 1352 2875 1424 ψυχὴν
2900 1358 3032 1428 ὃλην
3066 1361 3581 1432 διεσπαραγμένους
3610 1369 3702 1421 ἐπὶ
3729 1372 3851 1433 ταῖς
3890 1389 4016 1423 κοι-

2447 1446 2567 1506 ναῖς
2606 1449 2938 1516 συμφοραῖς,
2976 1449 3058 1514 αἳ,
3119 1454 3311 1521 χρόνος
3345 1456 3477 1525 ὁρᾷς
3510 1456 3659 1519 ὅσος.
3717 1460 4032 1530 Ῥωμαίους

2450 1535 2546 1584 καὶ
2588 1535 2930 1608 Βουλγάρους
2960 1539 3392 1611 διαμερίζονται.
3452 1547 3615 1600 Ἀλλά
3660 1550 3721 1601 τὸ
3756 1554 3853 1619 μὲν
3893 1557 4035 1624 ὲμδν

2445 1626 2710 1678 τοιοῦτονο
2742 1629 2832 1693 δδς
2865 1630 2921 1683 δέ
2952 1635 3160 1702 μοικαὶ
3186 1637 3314 1705 περὶ
3346 1638 3442 1690 σοῦ
3476 1641 3651 1693 εἰπεῖν
3683 1641 3906 1708 ἀλύπως
3930 1649 4035 1699 καὶ

2444 1715 2789 1786 ἀνεπαχθῶς,
2821 1722 2918 1773 καὶ
2954 1723 3122 1792 μηδὲν
3167 1725 3251 1793 ἐφ’
3298 1720 3383 1789 οἷς
3426 1726 3663 1797 λέγομεν
3712 1732 4036 1804 ἀγανακτήα

2445 1826 2563 1880 σης.

750 1864 978 1929 eli;sed
1037 1867 1203 1919 etiam
1256 1871 1626 1941 vigentissimi
1679 1878 1820 1934 falce
1877 1886 2071 1940 mortis
2129 1892 2341 1944 cecide-
2375 1875 2479 1967 δή

2616 1813 2992 1883 Ἀστάθμητός
3034 1820 3184 1871 ἐστιν
3214 1821 3246 1889 ἠ
3281 1821 3604 1892 ἀνθρωπίνη
3654 1824 3790 1891 ζωὴ,
3835 1827 4036 1879 τέκνον

2489 1902 2638 1969 μῶν·
2675 1906 2735 1955 οὐ
2768 1907 2931 1972 μόνον
2982 1911 3029 1961 οἱ
3071 1914 3446 1980 γεγηρακότες
3487 1908 3597 1974 οἷος
3637 1916 3747 1980 ἐγὼ
3797 1920 3900 1971 ὑπὸ
3930 1920 4035 1971 τοῦ

2448 1989 2680 2044 θανάτου
2709 1994 2920 2063 ταχέως
2955 1998 3497 2066 καταλαμϐάνονται,
3527 1999 3663 2052 ἀλλὰ
3714 2005 3808 2053 καὶ
3839 2005 4039 2056 πολλοὶ

2445 2081 2555 2131 τῶν
2598 2083 2960 2152 ἀκμαζόντων
2999 2088 3055 2138 ὲν
3092 2090 3228 2160 αὐτῇ
3259 2092 3323 2159 τῇ
3354 2090 3504 2160 ἀκμῇ
3535 2089 3629 2142 τοῦ
3663 2091 3895 2143 θανάτου
3951 2097 4035 2158 τῷ

2445 2172 2698 2243 δρεπάνῳ
2724 2178 3026 2243 ὑπέπεσον,
3056 2181 3151 2231 καὶ
3186 2180 3242 2230 ὲν
3273 2179 3424 2248 αὐτῷ
3469 2181 3547 2252 τῷ
3577 2181 3729 2235 ἄνθει
3761 2184 3860 2251 τῆς
3906 2182 4040 2249 ἡλι-

2447 2266 2572 2330 κίας
2609 2268 2884 2333 διεδέξατο
2907 2272 2967 2324 τὸ
3001 2273 3241 2343 ἀνθηρὸν
3278 2276 3310 2343 ή
3353 2277 3516 2343 τομή.
3558 2274 3655 2336 Τίς
3698 2270 3838 2327 οἶδεν
3865 2274 3920 2325 εί
3971 2290 4043 2337 γε

2441 2353 2529 2409 οἷα
2555 2359 2728 2412 πολλὰ
2762 2365 2830 2413 τὰ
2865 2363 3184 2432 ἀνθρώπινα
3240 2366 3335 2418 καὶ
3388 2366 3480 2420 ἐπὶ
3534 2366 3633 2436 τῆς
3664 2365 3820 2435 ὑμῶν
3862 2366 4047 2418 θεοτι-

2448 2451 2618 2517 μήτου
2639 2450 2815 2521 ἀρχῆς
2848 2457 2944 2505 καὶ
2973 2454 3227 2519 ἐξουσίας
3259 2461 3671 2525 συμπεσεῖταις
3702 2454 3797 2509 Εἷτ
3863 2475 4046 2526 προσ-

2450 2542 2605 2612 θήσω
2638 2545 2747 2614 γὰρ
2804 2548 2898 2598 καὶ
2949 2546 3110 2600 τοῦτο
3146 2549 3248 2618 τῆς
3288 2550 3387 2615 σῆς
3428 2550 3674 2619 ψυχικῆς
3723 2547 4046 2618 φροντίζων

2451 2638 2547 2688 καὶ
2591 2637 2872 2706 σωτηρίας
2909 2638 3004 2690 καὶ
3045 2640 3142 2708 τῆς
3173 2642 3231 2693 ἐν
3265 2644 3330 2710 τῇ
3381 2641 3652 2712 μελλούσῃ
3687 2641 3840 2711 βιοτῇ
3899 2640 4047 2691 ἀνα-

2448 2725 2727 2787 παύσεως·
2773 2745 2791 2775 ‹
2823 2727 2888 2778 Τί
2943 2728 3219 2799 ὠφελήσει
3241 2730 3550 2801 ἄνθρωπον,
3579 2733 3674 2783 ὲάν
3702 2731 3794 2783 τὸν
3826 2731 4046 2797 κόσμον

2442 2816 2580 2873 ὅλως
2610 2817 2872 2891 κερδήσῃ.
2904 2819 3001 2871 καὶ⁵
3029 2821 3128 2889 τήν
3154 2820 3333 2890 ψυχὴν
3350 2822 3516 2873 αὐτοῦ
3544 2820 3838 2889 ζημιωθῇ;
3880 2838 3898 2869 ›
3940 2817 4047 2879 Τίς

2442 2908 2498 2961 δὲ
2532 2909 3197 2982 ἀμφιδάλλει,θεοτίμητέ
3226 2931 3328 2983 μου
3362 2912 3465 2972 υἱὲ,
3492 2912 3575 2965 ὅτι
3607 2910 3833 2977 ἁδελφὸς
3882 2909 4051 2960 ἀδελ-

2445 3000 2543 3067 φὺν
2573 3002 2924 3065 ἀποκτείνας,
2982 3004 3041 3054 οῦ
3074 3003 3370 3073 ζημιοῦται
3418 3003 3518 3070 τὴν
3550 3000 3762 3053 οἰκείαν
3798 2998 3986 3068 ψυχήν
4019 3014 4039 3061 ς

758 3068 1127 3144 Ἐνθυμήθητι
1191 3077 1285 3131 οὖν
1330 3081 1429 3144 τὴν
1484 3081 1543 3133 ἐν
1588 3084 1813 3154 Χριστῷ
1846 3086 2188 3158 ἀδελφότητα
2247 3092 2579 3164 Βουλγάρων
2616 3098 2712 3149 καὶ
2771 3098 3086 3167 Ῥωμαίων,
3128 3068 3228 3151 καὶ
3259 3098 3374 3150 ὅσοι
3429 3068 3654 3165 ἀδελφοὶ
3686 3095 3744 3159 ἐξ
3769 3096 4047 3162 ἐκατέρου

747 3160 939 3230 γένους
981 3164 1089 3218 ὑπὸ
1119 3166 1416 3241 ἀδελφικῆς
1460 3174 1786 3244 ἐσφάγησαν
1829 3179 2033 3241 δεξιᾶς.

818 3256 945 3313 Seio
974 3263 1230 3330 equidem
1286 3267 1435 3334 quod
1478 3276 1536 3323 te
1593 3282 1880 3328 auctorem
1929 3285 2011 3331 tot
2060 3277 2334 3330 malorum

2514 3277 2625 3328 Καὶ
2658 3276 2863 3330 τούτων
2900 3281 3121 3348 οἴδαμεν
3149 3278 3224 3341 ὡς
3260 3277 3456 3332 ἑαυτὸν
3487 3278 3593 3342 ἔξω
3623 3283 3796 3344 ποιεῖς
3823 3284 4041 3346 αἰτίας.

749 3366 875 3406 csse
931 3368 1124 3423 negas,
1184 3358 1431 3428 aliosque
1485 3361 1731 3418 incusas.
1772 3365 1909 3421 Vera
1970 3369 2239 3438 loqueris,
2285 3380 2339 3423 et

748 3445 933 3499 lateor
968 3446 1187 3502 illorum
1220 3448 1645 3519 imprudentiam
1679 3456 1985 3525 hominum,
2014 3478 2153 3531 quos
2176 3463 2344 3516 inter-

746 3536 878 3590 dum
901 3535 1114 3593 daamon
1145 3543 1430 3621 compulit,
1468 3545 1594 3602 belli
1627 3564 1849 3605 causam
1880 3553 2200 3621 praebuisse.
2230 3554 2337 3609 Sed

750 3628 877 3683 illos
902 3630 1087 3685 divina
1116 3617 1348 3701 iustitia,
1381 3652 1506 3691 cum
1527 3640 1722 3705 voluit,
1752 3643 2039 3711 judicavit,
2070 3646 2339 3701 factorum

750 3722 930 3788 puellis
962 3723 1167 3789 alTecit,
1203 3727 1299 3780 tibi
1343 3737 1526 3783 autem
1562 3734 1755 3787 tribuit
1794 3744 1852 3788 ut
1895 3738 1963 3791 ab
1991 3738 2098 3792 illis
2134 3740 2341 3809 majora

751 3825 919 3878 quam
946 3828 1070 3882 quae
1103 3831 1299 3884 passus
1322 3819 1525 3885 l'ueras,
1584 3835 1880 3893 repeteres.
1918 3826 2065 3883 Satis
2091 3831 2200 3883 sint
2244 3832 2339 3884 tibi

752 3919 877 3972 qua:
908 3905 961 3959 in
996 3922 1290 3965 conuuune
1324 3911 1715 3970 detrimentum
1754 3934 1927 3988 usque
1951 3923 2018 3974 ad
2061 3921 2167 3975 hoc
2196 3932 2337 3976 tem-

752 4011 857 4066 pus
911 4014 1296 4057 consummata
1352 4019 1503 4060 sunt.
1557 4006 1673 4063 Non
1723 4022 1911 4071 contra
1963 4013 2161 4082 impios
2187 4030 2341 4070 arma

756 4091 927 4157 tollis,
964 4104 1061 4148 aut
1103 4096 1255 4151 cruci
1297 4095 1503 4154 Christi
1533 4102 1925 4171 adversantes,
1984 4121 2089 4160 non
2149 4119 2338 4162 contra

754 4186 988 4255 populos
1019 4187 1114 4243 Dei
1157 4205 1357 4247 nomen
1407 4193 1749 4264 ignorantes,
1784 4199 1878 4252 sed
1919 4211 2109 4253 contra
2138 4213 2337 4270 patres,

758 4292 871 4331 uno
904 4282 1071 4335 verbo
1097 4322 1113 4347 ,
1151 4283 1375 4350 fratres,
1416 4288 1910 4360 cognationemque
1949 4307 2113 4362 quam
2168 4309 2342 4363 neque

755 4386 888 4427 caro
924 4390 1099 4444 neque
1132 4381 1385 4449 sanguis,
1420 4383 1513 4437 sed
1557 4392 1788 4439 sanctus
1815 4386 2055 4454 Spiritus
2096 4388 2186 4442 Dei
2212 4406 2343 4443 con-

753 4463 955 4530 junxit.
1002 4466 1303 4539 lisqueqno
1351 4472 1571 4529 diabolo
1614 4475 1874 4546 illiusque
1914 4480 2124 4548 angelis
2152 4482 2336 4535 exsul-

756 4559 908 4613 tandi
942 4559 1123 4615 locum
1175 4564 1589 4631 praebebimus?
1636 4568 1759 4625 Non
1796 4579 1847 4625 le
1880 4569 2020 4641 fugit
2051 4572 2206 4627 illum
2240 4590 2337 4627 ex—

2453 3369 2549 3421 καὶ
2587 3369 2769 3438 λέγεις
2800 3371 2994 3433 ἄλλους
3028 3372 3193 3441 ἄρξαι
3217 3373 3329 3424 τῶν
3378 3371 3653 3423 τοσούτων
3680 3376 3886 3428 κακῶν·
3938 3378 4049 3429 καὶ

2450 3459 2629 3529 ἀληθῆ
2665 3461 2845 3527 λέγεις
2877 3464 2971 3514 καὶ
3002 3463 3161 3531 ἡμεῖς
3192 3462 3589 3534 ὁμολογοῦμεν,
3619 3466 3693 3528 ὡς
3724 3465 4044 3533 ἀνθρώπων

2452 3553 2737 3623 ἀφροσύνη
2761 3552 2871 3605 τῶν
2903 3553 3047 3606 κατά
3080 3556 3309 3624 καιροὺς
3342 3559 3422 3619 είς
3443 3556 3602 3609 τοῦτο
3629 3556 4046 3610 συνελαθέντων

2453 3646 2558 3699 om
2586 3646 2682 3698 τοῦ
2712 3646 2969 3715 δαίμονος
3016 3646 3262 3717 παρέσχε
3295 3647 3392 3702 τοῦ
3426 3647 3669 3717 πολέμου
3698 3649 3799 3719 τὴν
3827 3649 4044 3705 αἰτίαν.

2464 3739 2603 3791 Ἀλλ’
2635 3742 2877 3802 ἐκείνους
2928 3741 3028 3809 μὲν
3068 3742 3101 3811 ἡ
3147 3739 3269 3793 θεία
3320 3741 3444 3812 δίκη
3476 3742 3747 3797 δικάσασα
3780 3743 3857 3804 ὠς
3881 3742 4054 3794 {60(-

2451 3830 2595 3896 λετο,
2626 3832 2738 3884 τῶν
2801 3832 3215 3901 πεπραγμένων
3267 3832 3518 3904 ἀπῄτησε
3563 3835 3664 3903 τὴν
3700 3840 3913 3903 ποινήν,
3955 3837 4048 3887 σοὶ

2453 3921 2511 3975 δὲ
2546 3921 2859 3991 παρέσχετο
2921 3921 3365 3976 πολλαπλασίονα
3400 3921 3477 3976 ὧν
3529 3927 3732 3989 ἔπαθες
3772 3925 4045 3993 ἀντιδρά-

2452 4032 2542 4067 σαι
2570 4013 2789 4077 αὐτούς.
2859 4014 3272 4085 Ἀρκεσθῶμεν,
3302 4017 3493 4069 τέκνον
3521 4018 3703 4087 ήμῶν,
3732 4020 3893 4087 μέχρι
3938 4021 4045 4070 τοῦ

2452 4107 2549 4162 νῦν
2581 4109 2664 4170 εἰς
2697 4106 2886 4176 κοινὴν
2948 4105 3154 4177 βλάϐην
3200 4106 3736 4179 διαπεπραγμένοις·
3771 4106 3833 4158 ού
3889 4108 4045 4158 κατὰ

2448 4198 2668 4252 ἀσεϐῶν
2733 4196 2955 4268 ὁπλίζῃ,
3010 4198 3073 4250 οὐ
3125 4198 3246 4251 κατ’
3284 4198 3495 4267 ἐχθρῶν
3530 4196 3623 4249 τοῦ
3664 4193 3903 4265 σταυροῦ
3938 4194 4045 4246 τοῦ

2450 4289 2713 4361 Χριστοῦ,
2756 4290 2818 4343 οὐ
2854 4290 2977 4343 κατ’
3012 4289 3185 4345 ἐθνῶν
3222 4290 3297 4360 μὴ
3346 4290 3567 4343 εἰδότων
3612 4289 3671 4341 τὸ
3715 4289 3887 4356 δνομα
3938 4287 4046 4339 τοῦ

2448 4384 2609 4447 Θεοῦ,
2638 4382 2774 4436 ἀλλὰ
2817 4382 2959 4435 κατὰ
3010 4381 3283 4452 πατέρων,
3328 4383 3468 4435 κατά
3510 4379 3778 4449 ἀδελφῶν,
3813 4377 4047 4443 ἁπλῶς,

2450 4475 2595 4529 κατὰ
2630 4473 2975 4541 συγγενείας,
3028 4473 3097 4543 ῆν
3131 4472 3192 4524 ού
3246 4472 3384 4541 σὰρξ
3439 4471 3533 4523 καὶ
3577 4465 3741 4536 αἷμα,
3788 4465 3927 4520 ἀλλᾶ
3979 4467 4050 4519 τὸ

2451 4570 2718 4636 πανάγιον
2774 4565 3000 4635 Πνεῦμα
3042 4565 3221 4634 ῆνωσε
3257 4563 3352 4615 τοῦ
3396 4562 3556 4614 Θεοῦ.
3603 4561 3749 4622 Ἕως
3780 4558 3912 4611 πότε
3949 4576 4053 4627 χοι

759 4651 1109 4707 sultationem
1149 4652 1378 4710 fundare
1406 4656 1459 4710 in
1491 4657 1647 4713 bellis
1675 4676 1794 4728 quae
1827 4661 1967 4715 inter
2018 4679 2076 4718 se
2111 4667 2343 4719 invicem

2455 4662 2634 4732 ρεύειν
2670 4659 2748 4728 τῷ
2770 4657 3003 4725 διαϐόλῳ
3043 4657 3141 4709 καὶ
3183 4657 3297 4717 τοῖς
3331 4654 3499 4706 αὑτοῦ
3554 4653 3871 4722 παρέξομεν
3920 4653 4051 4704 δαί-

760 4744 1057 4798 Christiani
1093 4759 1309 4815 gerunt,
1369 4758 1425 4803 et
1466 4751 1520 4804 in
1560 4761 1749 4806 mutua
1789 4753 2008 4808 illorum
2059 4758 2343 4826 sanguinis

759 4834 1052 4894 ell‘usiune.
1106 4838 1313 4896 Caetera
1362 4856 1633 4912 prretereo
1681 4848 1962 4918 dispersas
2014 4848 2291 4905 Ecclesias
2326 4891 2342 4917 ,

762 4926 987 4997 fugatos
1021 4933 1352 4997 monachos,
1383 4936 1608 4994 aﬂectas
1641 4938 1903 4995 violentia
1929 4943 2169 5011 virgines
2200 4957 2254 4998 et
2291 4945 2343 5011 in

762 5020 983 5088 templis
1013 5022 1188 5077 sacris
1227 5024 1554 5095 hymnorum
1592 5029 2123 5102 doxolugiarunique
2148 5039 2342 5088 cantn's

759 5112 1089 5169 exstinctos.
1121 5115 1419 5187 llsquequo
1447 5118 1672 5177 Christo
1708 5123 1819 5178 Deo
1850 5133 2060 5188 nostro,
2092 5129 2184 5194 qni
2220 5144 2344 5197 pro-

762 5214 885 5275 pter
912 5215 1157 5261 nostram
1194 5210 1425 5265 salutem
1453 5224 1853 5283 paupertatem,
1888 5229 2259 5287 contemptum
2292 5230 2348 5274 et

764 5312 983 5352 crucem
1015 5314 1210 5369 passus
1241 5311 1348 5364 est,
1385 5312 1438 5357 et
1497 5304 1643 5361 illius
1686 5309 2140 5366 misericordibus
2181 5328 2347 5379 ange-

772 5388 842 5441 lis
876 5391 1246 5453 nra-hebimus
1288 5395 1469 5450 luctus
1511 5406 1566 5451 ct
1620 5400 2019 5456 humiliationis
2084 5406 2350 5458 causam?

768 5477 907 5531 Num
932 5482 1146 5537 dubitas
1173 5486 1196 5536 ί
1225 5486 1317 5540 sed
1378 5495 1429 5540 te
1463 5503 1570 5542 non
1601 5490 1853 5546 dubitare
1898 5494 2034 5557 scio,
2066 5495 2345 5550 Christum

771 5572 940 5622 Deum
977 5583 1229 5627 nostrum
1260 5574 1384 5630 istis
1412 5579 1674 5647 graviter,
1708 5591 1845 5637 etut
1873 5584 1947 5637 ita
1988 5582 2191 5650 dicam,
2228 5600 2353 5651 gra-

770 5676 892 5717 v:us
932 5681 1097 5733 quam
1134 5669 1315 5722 crucis
1346 5672 1514 5726 clavis
1549 5672 1711 5740 allici,
1749 5677 2134 5748 angelicasquc
2192 5689 2347 5749 pote-

842 5822 862 5853 ³
885 5821 1074 5882 Matth.
1107 5840 1214 5892 xvi,
1248 5826 1339 5881 26.

2456 4772 2613 4823 μοσιν
2638 4771 2652 4816 ;
2702 4754 2816 4806 υύκ
2842 4753 3059 4820 ἀγνοεῖς
3086 4750 3142 4802 δὲ
3168 4749 3249 4801 ὃτι
3277 4746 3499 4818 χορείαν
3530 4748 3742 4806 ἐκεῖνος
3778 4746 4053 4814 συνίστη-

2453 4864 2540 4900 σιν
2590 4847 2683 4899 sui.
2726 4848 2793 4916 τῇ
2843 4844 2953 4896 τῶν
2989 4840 3340 4911 Χριστιανῶν
3391 4839 3528 4909 πρὸς
3563 4838 3831 4908 ἀλλήλους
3864 4840 4051 4891 ἔκπο-

2451 4938 2695 5007 λεμὼσει
2730 4938 2827 4990 καὶ
2868 4938 2933 5006 τῇ
2963 4935 3071 4987 τῶν
3108 4934 3362 5004 αἱμάτων
3417 4932 3601 4983 αὐτῶν
3648 4930 3741 4983 ὑπ’
3784 4930 4049 4999 ἀλλή)ων

2449 5030 2712 5101 γινομένῃ
2756 5026 2934 5099 χύσει.
2970 5027 3081 5079 Καὶ
3125 5023 3262 5090 σιγῶ
3303 5024 3372 5075 τὰ
3416 5020 3600 5086 λοιπὰ,
3646 5021 3756 5074 τῶν
3799 5020 4049 5089 Ἐκκλη-

2453 5127 2585 5177 σιῶν
2608 5124 2706 5193 τὴν
2733 5121 3030 5181 ἀπώλειαν,
3067 5119 3176 5171 τῶν
3204 5117 3548 5188 μοναζόντων
3576 5116 3669 5168 τὸν
3700 5116 4049 5181 σκεδασμὸν,

2456 5216 2564 5269 τῶν
2590 5214 2875 5285 παρθένων
2905 5213 3005 5281 τὴν
3031 5211 3359 5282 διαφθορὰν,
3384 5210 3492 5263 τῶν
3520 5209 3825 5278 γινομένων
3849 5206 4049 5275 ὓμνων

2450 5307 2549 5360 καὶ
2568 5305 2888 5373 δοξολογιῶν
2921 5307 2978 5357 ὲν
3023 5305 3134 5367 τοῖς
3169 5305 3337 5374 ἱεροῖς
3366 5306 3514 5364 ναοῖς
3543 5300 3644 5369 τὴν
3698 5300 4036 5354 ἀπόσδεσιν.

2452 5402 2599 5458 Ἕως
2620 5401 2751 5451 πδτε
2768 5398 2845 5467 τῷ
2866 5396 3085 5469 Χριστῷ
3109 5396 3205 5450 καὶ
3228 5395 3348 5467 Θεῷ
3367 5394 3523 5463 ἡμῶν
3547 5392 3625 5461 τῷ
3646 5394 3733 5447 διὰ
3753 5393 3852 5465 τὴν
3877 5395 4053 5463 ήμῶν

2453 5493 2729 5563 σωτηρίαν
2777 5488 3274 5560 πτωχεύσαντι,τιῖ›
3315 5486 3651 5559 ὑδρισθέντι,
3679 5503 3756 5555 τῳ
3788 5503 3924 5538 σταυ
3939 5503 4054 5554 ρω-

2454 5585 2623 5650 θέντι,
2677 5584 2769 5636 καὶ
2809 5586 2924 5646 τοῖς
2959 5581 3369 5652 φιλανθρώποις
3400 5578 3654 5647 ἀγγέλοις
3699 5576 3869 5631 αὐτοῦ
3902 5578 4054 5629 ὑπὸ-

2450 5679 2601 5732 θεσιν
2627 5677 2807 5748 λύπης
2834 5678 2926 5730 καὶ
2957 5676 3266 5746 κατηφείας
3300 5674 3557 5743 διδόαμεν
3589 5688 3604 5736 ;
3653 5672 3722 5723 ἸΙ
3751 5670 4055 5740 ἀμφιεάλ-
