4182 6428
785 399 890 466 l63
967 375 970 379 ’

1911 385 2223 452 NICOLAI
2265 385 2374 448 ΕΡ.
2419 387 2929 454 ΡΑΤΒῙΑΒΩΗΕ
3010 378 3013 385 ’

3929 408 4035 475 164

773 515 919 572 tione
978 515 1178 573 amota,
1225 501 1525 568 eademque
1582 515 1763 574 agere.
1812 509 1865 555 et
1917 515 2024 558 non
2077 501 2180 557 ista
2234 514 2349 571 qua

2455 497 2558 566 τῆς
2617 501 2760 557 κατὰ
2815 503 3157 575 Χριστιανῶν
3212 509 3452 582 σφαγῆς,
3497 511 3560 566 σὺ
3605 511 3680 578 ὡς
3725 519 3898 589 τιμῶν
3936 523 4035 576 τὸν

771 615 943 672 nuper
984 592 1289 654 miserrima
1321 599 1439 646 acta
1486 599 1637 648 sunt.
1675 588 1749 645 Te
1790 589 2068 661 interrogo
2099 609 2112 645 :
2144 590 2226 646 l‘ac
2261 604 2346 644 re-

771 705 1034 763 sponsum
1069 681 1492 742 mansuetudine
1525 685 1578 737 et
1610 680 1946 752 benignitate
1978 691 2068 739 tua
2099 684 2345 754 dignum.

773 785 830 841 Si
865 783 917 837 in
951 782 1051 835 hac
1078 777 1186 832 vita
1219 785 1365 831 esset
1394 773 1488 845 qui
1536 787 1680 827 nunc
1720 789 1842 827 cum
1875 776 2085 829 sanctis
2126 774 2174 827 in
2209 776 2349 831 coelo

775 875 922 938 vivit,
955 881 1114 941 teque
1149 876 1361 938 strages
1382 876 1435 922 et
1463 866 1602 921 bella
1641 865 1719 920 uti
1749 866 1891 936 agis,
1925 875 2345 936 persequentem

772 966 996 1027 videret,
1043 960 1175 1032 quid
1233 959 1302 1014 ad
1352 969 1404 1013 te
1453 955 1700 1011 diceret?
1740 955 1888 1022 Quas
1943 957 2019 1011 illi
2067 957 2120 1009 in
2165 968 2347 1012 mente

770 1065 928 1123 putas
966 1051 1321 1123 cogitationes
1367 1047 1649 1103 orituras?
1700 1045 1894 1102 Nonne
1934 1049 2204 1119 lacrymas
2253 1063 2343 1101 co-

770 1148 919 1215 piose
963 1138 1305 1196 effunderet?
1349 1133 1542 1191 Nonne
1587 1137 1737 1192 illum
1781 1136 2041 1191 maestitia
2077 1146 2130 1190 et
2176 1136 2344 1190 ruhor

771 1232 1127 1289 invaderent?
1183 1227 1377 1284 Nonne
1432 1228 1508 1282 illi
1566 1227 1931 1282 intolerabilis
1991 1228 2100 1281 vita
2157 1229 2346 1282 esset?

773 1326 962 1384 Nonne
995 1322 1218 1393 capillos
1274 1321 1610 1382 barbamque
1643 1317 1859 1373 duabus
1910 1319 2162 1374 manibus
2201 1321 2346 1374 evel-

772 1421 890 1474 lens
913 1414 1260 1471 lamentando
1289 1412 1618 1468 exclamaret
1646 1429 1658 1465 :
1686 1409 1828 1477 Quid
1859 1411 1996 1480 agis,
2038 1426 2072 1464 ο
2103 1411 2206 1465 illi?
2235 1412 2346 1466 Cur

770 1509 996 1581 gloriam
1040 1521 1216 1562 meam
1263 1503 1563 1575 inquiuas?
1591 1501 1703 1557 Cur
1735 1517 1872 1572 opus
1905 1503 2166 1568 destruis,
2198 1503 2346 1572 quod

773 1601 885 1654 Deo
919 1600 1212 1669 adjuvante
1239 1604 1533 1651 exsecutus
1565 1610 1709 1657 sum,
1744 1604 1797 1646 et
1824 1593 1891 1647 de
1915 1608 2024 1661 quo
2051 1607 2153 1663 ego
2183 1608 2346 1663 gens-

769 1707 877 1763 que
932 1706 1049 1745 mea
1112 1685 1518 1757 gloriabantur?
1563 1685 1675 1736 (ἰηι-
1721 1683 2071 1745 luctationes,
2123 1693 2346 1752 propter

769 1799 908 1851 quas
957 1783 1200 1837 homines
1265 1793 1350 1831 me
1398 1786 1450 1831 et
1506 1787 1721 1843 gentem
1780 1791 1956 1830 meam
2024 1775 2342 1832 beatiﬁcare

769 1846 1056 1932 debebant,
1096 1885 1264 1924 vanas
1310 1868 1503 1932 ellicis,
1557 1867 1748 1937 sicque
1779 1867 2036 1921 damnum
2080 1867 2240 1922 nobis
2287 1879 2341 1923 et

2450 1846 2664 1946 πλήρης
2699 1846 2802 1932 καὶ.
2844 1846 3027 1952 κατηφ

769 1965 864 2018 tibi
899 1963 1128 2033 inﬂigis?

2454 590 2706 661 πατέρα,
2762 593 2838 657 ὡς
2892 596 3102 650 ἐκείνου
3155 596 3419 672 ὑπάρχων
3490 604 3712 676 γνήσιος
3757 610 3868 674 υίὸς
3935 615 4027 667 καὶ

2453 680 2791 752 κληρονόμος
2819 685 2910 738 τοῦ
2937 687 3188 754 φιλοθέου
3212 690 3442 761 τρόπον,
3480 695 3714 764 ὀφείλεις
3748 704 4031 770 παντελῶς

2455 773 2593 826 αὖτά
2627 773 2842 845 ῥίπτειν
2877 775 2954 839 ὡς
2992 781 3268 853 ἀκρησίαν
3314 782 3412 852 τῆς
3442 787 3697 860 τοιαύτης
3721 790 4027 862 ἐνεργείας,

2451 863 2620 916 Τοῦτο
2672 866 2953 935 προσῆκόν
2999 869 3116 924 ἐστι
3167 877 3385 945 φρονεῖν
3434 879 3500 946 τῇ
3571 883 3634 949 σῇ
3684 883 4035 950 μεγαλοδόξῳ

2450 957 2644 1026 ἀρετῇ,
2674 957 2835 1008 τοῦτο
2868 962 3044 1011 ποιεῖν
3093 965 3187 1018 καὶ
3215 967 3386 1036 χωρὶς
3413 967 3511 1036 τῆς
3540 968 3811 1041 ἑτέρωθεν
3839 991 4034 1040 παρα-

2449 1047 2717 1116 κλήσεως,
2783 1049 2896 1102 ἀλλ’
2944 1052 3065 1121 οὐχὶ
3114 1051 3338 1110 τοιαῦτα
3395 1050 3484 1113 οἷά
3518 1076 3624 1132 περ
3661 1066 3755 1118 νῦν
3809 1067 4029 1121 ἐλεεινὰ

2450 1140 2761 1208 πράγματα
2817 1141 3048 1209 γίνεται.
3108 1143 3326 1215 Ἐρωτῶ
3366 1168 3445 1215 σε,
3498 1152 3684 1205 τέκνον
3733 1157 3884 1221 ἐμὸν,
3924 1163 4029 1212 καὶ

2447 1232 2778 1305 ἀποκρίθητι
2805 1236 2970 1302 ἀξίως
3002 1238 3099 1309 τῆς
3137 1240 3234 1308 σῆς
3275 1243 3575 1309 ἐπιεικείας
3614 1249 3706 1300 καὶ
3752 1251 4033 1324 ἁγαϐότη-

2447 1339 2572 1386 τοςο
2602 1327 2649 1377 εί
2681 1327 2758 1394 τῷ
2790 1329 2892 1400 βίῳ
2940 1331 3021 1385 ἔτι
3062 1333 3242 1406 παρῆν
3289 1338 3316 1388 ὁ
3357 1337 3452 1392 νῦν
3504 1344 3644 1410 μετὰ
3703 1345 3809 1396 τῶν
3845 1347 4027 1414 ἁγίων

2449 1416 2508 1469 ὲν
2562 1418 2813 1487 οὐρανοῖς
2863 1426 3340 1498 συνδιαιτώμενος,
3405 1434 3500 1484 καὶ
3557 1437 3727 1490 ταῦτα
3774 1438 3920 1498 ἐώρα
3963 1457 4028 1492 σε

2445 1509 2938 1582 διαπραττόμενον,
2977 1521 3072 1570 καὶ
3104 1523 3202 1586 τὰς
3237 1526 3450 1593 σφαγὰς
3477 1527 3719 1594 καὶτοὺς
3752 1534 4030 1602 πολέμους

2448 1601 2800 1670 ἐνεργοῦντα,
2843 1606 2994 1670 τίνας
3018 1609 3084 1662 ἂν
3117 1611 3222 1682 ἔφη
3262 1618 3398 1685 πρὸς
3426 1620 3483 1672 σὲ
3514 1620 3705 1687 λόγους
3736 1642 3749 1688 ;
3778 1601 3897 1687 Πῶς
3923 1629 4032 1679 οἴει

2448 1693 2640 1789 τού-εον
2687 1696 3057 1789 διατεθεῖσθαι
3080 1703 3179 1774 τὴν
3218 1707 3399 1776 ψυχήν
3427 1727 3441 1774 ;
3478 1706 3604 1782 Ἆρ’
3632 1715 3733 1766 οὐκ
3759 1717 3823 1768 ἂν
3852 1719 4031 1789 ἐπλη·

2457 1783 2616 1854 ροῦτο
2683 1787 2972 1859 δακρύων;
3057 1796 3192 1865 Οὐχὶ
3257 1800 3716 1873 σκυθρωπότητος
3779 1783 4032 1874 ἐγεγόνει

3034 1885 3175 1951 είας,
3218 1890 3312 1942 καὶ
3340 1890 3574 1944 ἀϐίωτον
3600 1889 3715 1962 εἶχε
3747 1896 3834 1948 τὸν
3864 1896 4024 1964 βίον;

2445 1969 2564 2035 οὐχὶ
2596 1970 2696 2031 τὰς
2746 1975 2934 2040 τιμίας
2967 1978 3162 2044 τρίχας
3204 1982 3303 2048 τῆς
3341 1984 3586 2051 κεφαλῆς
3625 1988 3718 2039 καὶ
3770 1988 3861 2042 τοῦ
3913 1989 4036 2041 πώ-

776 2075 937 2125 γωνος
964 2060 1158 2112 τίλλων
1188 2057 1525 2128 ἀμφοτέραις
1549 2054 1708 2124 χερσὶ
1757 2051 1897 2121 μετὰ
1935 2050 2136 2123 Θρήνου
2158 2052 2382 2109 τοιαῦτα
2420 2059 2724 2129 ὲκέκραγε·
2785 2064 2850 2115 Τί
2903 2067 3099 2133 ποιεῖς,
3151 2070 3340 2124 τέκνον
3388 2050 3554 2141 ἑμὸνξ
3608 2076 3661 2128 τί
3719 2080 3818 2145 τὴν
3872 2081 4039 2143 δόξαν

774 2152 926 2222 ἡμῶν
957 2151 1277 2223 καθαιρεϊς;
1329 2151 1395 2203 Τί
1447 2151 1507 2203 τὸ
1542 2148 1756 2219 ἔργονό
1788 2147 1884 2201 σὺν
1920 2148 2041 2218 Θεῷ
2103 2150 2478 2223 εἰργασάμην,
2552 2161 2644 2210 καὶ
2689 2160 2775 2226 ἐφ’
2828 2155 2873 2227 ᾧ
2919 2162 2980 2214 τὸ
3053 2164 3318 2235 καύχημα
3369 2164 3437 2239 ἦν
3493 2172 3620 2238 ἐμοὶ
3671 2174 3766 2224 καὶ
3822 2172 3906 2224 σοὶ
3935 2173 4041 2225 καὶ

769 2243 934 2294 παντὶ
977 2241 1054 2312 τῷ
1085 2243 1339 2314 ἡμετέρῳ
1390 2242 1539 2333 γένει
1585 2239 1886 2333 καταλύεις
1914 2254 1928 2301 ;
1957 2239 2021 2333 τί
2058 2240 2212 2333 -τοὺς
2256 2244 2559 2314 ἡμετέρους
2583 2247 2798 2314 ἀγῶνας
2828 2251 2896 2305 δι’
2932 2245 3009 2306 ὧν
3055 2258 3083 2308 ὁ
3135 2257 3360 2327 σύμπας
3431 2261 3541 2314 τῶν
3585 2261 3891 2333 ἀνθρώπων
3919 2263 4038 2331 βίος

767 2333 961 2405 εμελλε
1030 2335 1358 2406 μακαρίζειν
1403 2332 1504 2424 έμέ
1560 2349 1619 2385 τε
1670 2330 1766 2384 καὶ
1827 2333 1926 2401 τὴν
1978 2331 2117 2402 ἐμὴν
2147 2335 2343 2400 γενεὰν
2384 2338 2577 2402 κενοὺς
2628 2341 2942 2414 άπεργάζῃ,
2989 2348 3083 2400 καὶ
3167 2348 3375 2420 ζημίαν
3428 2353 3604 2417 οὕτως
3692 2330 4034 2424 άσύγκριτον

770 2426 982 2496 σεαυτῷ
1018 2428 1111 2478 καὶ
1137 2428 1269 2496 ἡμῖν
1310 2423 1538 2491 ἐπάγεις
1568 2439 1583 2486 ;

837 2606 978 2674 Quid
1028 2606 1194 2674 ergo?
1236 2603 1294 2658 Si
1343 2605 1563 2674 quidem
1611 2605 1702 2660 hic
1753 2616 1921 2672 esset,
1971 2609 2160 2663 vivens
2215 2625 2340 2663 cum

768 2699 1109 2761 hominibus,
1141 2697 1223 2750 sic
1255 2697 1538 2766 cogitaret,
1572 2696 1653 2750 sic
1682 2696 2034 2753 lamentando
2065 2700 2349 2754 exclama-

770 2798 873 2844 ret.
910 2787 1062 2842 Nunc
1097 2797 1277 2840 autem
1331 2802 1458 2840 cum
1507 2789 1712 2842 sanctis
1764 2803 1949 2841 curam
2003 2788 2112 2843 Deo
2156 2801 2342 2854 stans,

769 2883 971 2950 dignus
997 2880 1216 2948 CtrpiOsa
1248 2880 1687 2934 remuneratione
1719 2880 1996 2949 judicatus
2024 2892 2244 2950 propter
2280 2896 2341 2935 ea

768 2989 912 3043 (μιαί,
948 2971 1060 3026 Deo
1088 2971 1451 3041 praecedente,
1490 2969 1846 3039 Bulgarorum
1878 2973 2051 3041 gratia
2083 2981 2344 3041 operatus

768 3075 876 3128 est,
921 3071 1140 3134 prepter
1171 3063 1588 3116 fundamentum
1639 3061 1786 3125 ﬁdei,
1845 3074 1900 3117 et
1949 3063 2075 3118 inde
2124 3064 2344 3134 quidem

770 3153 1177 3209 venerationem
1217 3161 1432 3215 nactus,
1471 3167 1654 3207 nonne
1696 3167 1824 3206 cum
1857 3165 2050 3208 cuncta
2096 3154 2183 3209 his
2211 3169 2345 3209 con-

769 3247 936 3302 traria
971 3245 1266 3316 perspiciat
1311 3259 1500 3308 sensu,
1579 3259 1684 3298 non
1731 3244 1842 3313 jam
1894 3246 2130 3307 dubitas,
2168 3261 2200 3297 ο
2250 3247 2345 3310 iiIi,

768 3340 904 3410 quin
935 3339 1109 3393 sancti
1155 3337 1210 3391 in
1243 3337 1384 3391 ctelo
1434 3352 1521 3390 res
1547 3350 1669 3405 quas
1705 3337 1758 3389 in
1791 3345 1932 3389 terra
1966 3337 2102 3390 ﬁunt
2146 3352 2349 3406 cogno—

771 3441 948 3496 scant,
999 3431 1108 3491 ille,
1157 3428 1440 3498 superiore
1474 3428 1584 3482 vita
1631 3428 1841 3493 vivens,
1883 3429 2056 3483 multo
2091 3432 2345 3499 graviore

770 3523 957 3576 dolore
990 3520 1216 3581 dolebit,
1249 3529 1301 3571 et
1337 3518 1502 3572 simul
1551 3517 1808 3572 ineﬂ'abili
1846 3518 2106 3572 maestitia
2138 3518 2347 3572 videbi-

771 3623 859 3666 tur
881 3612 1184 3674 coul'ectus,
1213 3609 1376 3663 modo
1402 3624 1543 3678 opus
1571 3623 1730 3662 suum
1762 3610 2092 3677 recogitans,
2121 3623 2217 3678 pro
2241 3624 2348 3678 quo

771 3705 938 3758 vitam
970 3712 1248 3774 posuerat,
1274 3717 1589 3772 quanquam
1624 3699 1736 3756 Deo
1771 3711 2086 3771 protegente
2127 3700 2348 3755 interie-

772 3805 953 3851 ctores
989 3795 1354 3862 superaverit,
1390 3794 1556 3847 modo
1587 3792 1859 3848 sollicitus
1893 3797 1957 3846 de
1991 3801 2041 3846 te
2076 3790 2188 3844 lilio
2223 3805 2346 3856 suo,

773 3887 1057 3959 Deumque
1112 3903 1343 3958 precaris
1410 3905 1469 3942 lii.
1528 3887 1622 3943 tibi
1685 3888 1912 3959 gloriam
1969 3897 2021 3943 et
2093 3888 2345 3942 virtutem

773 3981 1058 4043 concedat,
1089 3979 1365 4047 donetque
1391 3987 1575 4048 postea
1603 3978 1846 4033 caelestis
1885 3977 2072 4048 glorias
2099 3976 2346 4031 obtinere

775 4067 1192 4125 hereditatem?
1266 4065 1420 4121 illum
1482 4067 1578 4121 tibi
1630 4069 1808 4137 ipsum
1874 4067 2066 4121 adesse
2117 4065 2342 4138 eiIlnge,

774 4176 807 4216 ο
837 4161 932 4226 illi,
975 4164 1056 4215 sle
1087 4158 1435 4214 miseratione
1461 4157 1665 4212 factum
1697 4158 1946 4227 dignum,
1977 4167 2031 4211 et
2061 4172 2167 4211 non
2197 4171 2226 4210 a
2262 4171 2347 4210 me

775 4255 869 4307 sed
911 4254 980 4305 ab
1013 4255 1129 4319 ipso
1167 4252 1309 4304 dicta
1357 4266 1477 4320 qua:
1524 4250 1620 4304 tibi
1668 4250 1984 4304 scribimus.
2023 4249 2157 4314 Quis
2201 4251 2345 4303 enim

2521 2612 2586 2664 Τί
2619 2611 2750 2677 oin;
2777 2613 2840 2666 Εί
2883 2615 2984 2682 μὲν
3031 2615 3267 2670 ἐνταῦθα
3322 2621 3505 2690 παρῆν
3547 2621 3640 2676 καὶ
3693 2623 3790 2676 σὺν
3820 2623 4042 2696 ἀνθρώ-

2449 2718 2574 2763 ποις
2630 2698 2744 2774 εῐχε
2794 2706 2895 2775 τὴν
2949 2706 3249 2778 διαγωγὴν,
3306 2708 3480 2772 οὕτως
3527 2711 3595 2764 ἂν
3646 2713 3883 2783 διετέθη,
3936 2718 4038 2770 καὶ

2448 2794 2675 2846 τοιαῦτα
2708 2794 2926 2864 Ορηνῶν
2943 2798 3239 2866 ἐκεκράγει
3261 2815 3274 2830 ο
3307 2800 3402 2854 νῦν
3423 2801 3478 2854 δὲ
3503 2805 3614 2864 τοῖς
3643 2804 3819 2870 ἁγίοις
3851 2806 4037 2861 συνὼν

2447 2885 2541 2936 καὶ
2565 2883 2686 2956 Θεῷ
2709 2887 3138 2956 παριστάμενος.
3177 2892 3270 2942 καὶ
3307 2890 3512 2960 πολλῆς
3543 2895 3819 2963 ἀποδοχῆς
3850 2897 4033 2961 ἠξιω-

2452 2976 2611 3045 μένος
2663 2977 2850 3031 ἒνεκεν
2902 2979 2996 3032 τοῦ
3038 2979 3224 3049 ἔργου,
3253 2981 3281 3032 δ
3323 2983 3462 3048 μετὰ
3515 2982 3649 3034 Θεὸν
3693 2985 4036 3057 Βουλγάροις

2450 3067 2769 3135 εἰργάσατο,
2827 3070 2921 3120 καὶ
2951 3068 3045 3122 τοῦ
3097 3070 3354 3138 Θεμελίου
3394 3075 3492 3140 τῆς
3522 3074 3779 3136 πίστεως,
3815 3078 3912 3129 καὶ
3954 3080 4038 3131 εί-

2452 3156 2624 3220 κδτως
2648 3158 2735 3209 ἐπ’
2767 3158 2916 3227 αύτῷ
2940 3162 3360 3230 σεμνυνόμενος,
3395 3163 3616 3216 καὶτῶν
3645 3164 3738 3217 νῦν
3767 3168 4037 3222 ἐναντίων

2453 3251 2801 3318 πραγμάτων
2835 3250 3129 3318 λαμϐάνων
3155 3253 3254 3320 τὴν
3278 3254 3556 3323 αι’σοησιν,
3594 3257 3812 3321 πάντως
3844 3260 3900 3312 δὲ
3927 3261 4039 3314 οὐκ

2451 3336 2839 3404 ἀμφιϐάλλεις,
2894 3339 3086 3392 τέκνον
3128 3341 3300 3408 ἰμδν,
3348 3342 3423 3402 ὼς
3477 3343 3594 3398 ἐστι
3655 3349 3767 3409 τοῖς
3817 3349 4037 3402 ἐκεῖθεν

2453 3428 2664 3499 βιοῦσιν
2686 3430 2865 3498 ἁγίοις
2895 3433 2927 3500 ή
2955 3431 3062 3482 τῶν
3096 3433 3152 3483 ἐν
3190 3431 3382 3502 κόσμῳ
3416 3438 3718 3503 γινομένων
3750 3439 4036 3509 αἴσθησις,

2450 3523 2511 3573 οὐ
2568 3521 2748 3588 πολλῷ
2804 3523 2966 3575 πλέον
2997 3522 3091 3575 καί
3129 3540 3210 3575 τοι
3254 3523 3432 3594 λύπης
3465 3526 3702 3595 ἁπάσης,
3748 3531 4036 3600 άνωτέρας

2448 3612 2547 3679 τῆς
2605 3612 2818 3666 ἐκεῖθεν
2874 3613 3020 3678 ζωῆς
3072 3613 3472 3683 τυγχανούσης,
3526 3616 3878 3685 ὁδυνήσεται,
3933 3622 4036 3671 καὶ

2453 3700 2662 3768 μεταξὺ
2685 3702 2784 3771 τῆς
2815 3702 3219 3772 ἁνεκδιηγήτου
3261 3703 3475 3773 ἐκείνης
3509 3704 3863 3775 φαιδρότητος
3892 3724 4036 3760 σκυ-

2451 3791 2762 3863 θρωπάζων
2814 3793 3150 3862 δφθήσεταις
3205 3794 3378 3848 Τοῦτο
3433 3795 3552 3866 μὶν,
3592 3797 3685 3852 καὶ
3732 3798 3793 3850 τὸ
3828 3801 4038 3852 οἰκεῖον

2448 3883 2613 3954 ἔργον
2647 3883 2791 3955 ὑπὲρ
2823 3880 2884 3938 οὗ
2916 3884 3014 3953 τὴν
3066 3883 3246 3957 ψυχὴν
3292 3885 3454 3948 αὐτὸς
3489 3887 3707 3956 έθηκεν,
3747 3891 3794 3941 εἱ
3824 3891 3916 3943 καὶ
3943 3891 4037 3944 διὰ

2448 3977 2548 4043 τῆς
2588 3977 2739 4038 Θείας
2768 3975 3054 4044 δυνάμεως
3108 3977 3416 4048 ὑπέρτερος
3455 3980 3646 4047 γέγονε
3687 3980 3793 4033 τῶν
3827 4000 4030 4050 φονευ-

2446 4067 2590 4122 τῶν·
2632 4065 2793 4121 τοῦτο
2846 4067 2903 4120 δὲ
2933 4068 3028 4120 καὶ
3064 4067 3204 4139 ὑπὲρ
3254 4068 3348 4122 τοῦ
3380 4069 3584 4123 οίκείου
3635 4071 3848 4132 τέκνου,
3884 4076 4035 4145 ὑπὲρ

2447 4153 2508 4212 οὗ
2558 4158 2801 4212 δυσωπεί
2852 4157 2943 4210 τὸν
2979 4157 3132 4219 Θεὸν,
3180 4162 3310 4222 πᾶν,
3351 4161 3405 4213 εί
3428 4178 3480 4213 τι
3511 4160 3676 4215 καλὸν
3705 4164 3795 4214 καὶ
3827 4164 4036 4231 ἀρετῆς

2449 4249 2673 4312 ἔνδειξιν
2704 4248 2848 4317 ἔχον,
2885 4249 3302 4325 παρασχεθῆναί
3331 4268 3435 4314 σοι,
3469 4255 3563 4304 καὶ
3602 4256 3740 4321 μετά
3757 4253 3913 4305 τοῦτο
3937 4260 4040 4308 καὶ

775 4344 984 4397 dubitet
1026 4343 1155 4412 quin
1207 4343 1294 4396 ille
1344 4343 1448 4406 vir,
1482 4342 1575 4411 qui
1631 4357 1698 4395 ex
1749 4341 1877 4404 Deo,
1917 4356 1979 4395 ex
2013 4342 2178 4395 rebus
2225 4355 2346 4408 quae.

777 4451 924 4489 nunc
968 4452 995 4487 ιι
1030 4446 1083 4487 te
1116 4445 1244 4488 sunt
1280 4432 1439 4487 facta:
1471 4431 1868 4486 contristetur?
1902 4432 2110 4499 Itaque,
2146 4432 2190 4486 si
2229 4432 2342 4484 ﬁeri

2447 4339 2546 4401 τῆς
2579 4340 2691 4392 ἄνω
2722 4338 2878 4409 δόξης
2918 4342 3470 4410 προσεπικτὴσασϐαι
3501 4344 3599 4411 τὴν
3633 4345 4036 4412 κληρονομίαν.

2457 4429 2628 4480 Αὑτὸν
2655 4429 3005 4497 παρεῖναίσοι
3035 4431 3251 4494 νόμιζε,
3276 4431 3466 4484 τέκνον
3493 4433 3831 4500 ὲμὺν,οὖτως
3860 4435 4040 4487 ἐλεει-

778 4535 964 4596 possct
1009 4525 1161 4576 illum
1207 4539 1272 4576 ex
1314 4523 1471 4576 beata
1525 4522 1633 4575 vita
1666 4523 1732 4574 ad
1765 4522 1905 4574 hanc
1941 4521 2194 4574 miserant
2249 4533 2346 4570 no—

2454 4522 2556 4580 νῶς
2620 4521 3047 4589 διατεθειμένον,
3118 4522 3212 4572 καὶ
3255 4522 3291 4575 ἂ
3349 4523 3638 4592 γράφομεν
3703 4525 3778 4594 μὴ
3839 4526 4042 4593 λόγους

778 4629 946 4671 etram
981 4618 1147 4670 vitam
1177 4614 1397 4673 reverti.
1434 4628 1542 4668 non
1574 4614 1746 4668 solum
1779 4614 1844 4666 ad
1877 4622 1927 4666 te
1959 4613 2142 4677 verba,
2175 4611 2349 4680 qualia

2455 4612 2756 4682 ἡμετέρους
2787 4607 2948 4672 εἶναι,
2986 4611 3103 4664 ἀλλ’
3136 4613 3344 4664 ἐκεῖνον
3369 4613 3443 4674 ὡς
3485 4614 3699 4684 άληθῶς
3738 4615 3908 4668 ταῦτά
3955 4636 4044 4670 σοι

779 4724 904 4776 ego.
940 4710 1030 4761 sed
1081 4709 1252 4761 multo
1285 4707 1440 4775 plura
1473 4707 1663 4760 dicens
1693 4706 1991 4768 videretur,
2026 4705 2222 4772 quippe
2263 4704 2349 4771 qui

2453 4704 2821 4771 διαλέγεσθαι.
2861 4704 2956 4766 Τίς
3016 4704 3126 4772 γὰρ
3170 4704 3306 4766 ὅλως
3367 4705 3721 4773 ἁμφιὸάλλει,
3757 4707 3830 4769 ὡς
3865 4710 3890 4759 ὁ
3941 4709 4042 4760 τοῦ

781 4814 1114 4866 magnopere
1148 4799 1344 4861 Valeat,
1401 4811 1539 4849 vana
1580 4795 1886 4850 mobilitate
1931 4795 2215 4853 liberatus,
2267 4807 2349 4845 su-

2453 4795 2588 4848 Θεοῦ
2614 4795 2902 4863 ἄνθρωπος
2941 4796 3148 4857 ἐκεῖνος
3184 4798 3276 4848 ἐπὶ
3309 4799 3419 4858 τοῖς
3453 4798 3696 4865 σήμερον
3729 4799 4044 4865 γινομένοις

781 4904 968 4960 preuta
1021 4904 1143 4944 cum
1210 4889 1567 4957 intelligentia
1625 4902 1982 4954 eonversans,
2042 4887 2349 4954 lumiuequa

2455 4887 2608 4956 παρὰ
2637 4885 2730 4939 σοῦ
2783 4887 2842 4938 οὐ
2900 4886 3148 4956 σφοδρῶς
3196 4887 3450 4951 άνιᾶταις
3489 4889 3595 4939 Καὶ
3624 4889 3678 4940 εί
3718 4905 3777 4954 γε
3809 4887 4045 4941 δυνατὸν

784 4986 974 5051 plenus
997 4983 1203 5035 divino.

2452 4973 2520 5048 ἦν
2555 4980 2618 5031 ὲκ
2645 4978 2745 5047 τῆς
2777 4977 2989 5030 ἐκεῖθεν
3025 4978 3306 5048 μακαρίας
3349 4978 3496 5048 ζωῆς
3540 4980 3677 5048 πρὸς
3707 4981 3806 5049 τὴν
3841 4980 4044 5032 delia»

783 5076 988 5146 ταύτην
1044 5075 1140 5128 καὶ
1191 5074 1469 5144 ἡμετέραν
1533 5073 1965 5142 παραγενέσθαι,
2016 5068 2149 5144 ἧκεν
2185 5071 2250 5125 ἂν
2297 5073 2358 5126 οὐ
2398 5069 2557 5140 μόνον
2613 5071 2836 5123 τοιαῦτα
2865 5070 2999 5140 πρὸς
3054 5065 3250 5136 σὲ,οἷα
3286 5073 3499 5140 ἔφημεν
3555 5071 3748 5138 λέγων,
3771 5073 3905 5125 ἀλλὰ
3945 5077 4046 5126 καὶ

783 5168 918 5220 πολὺ
953 5165 1122 5218 πλείω
1145 5166 1368 5232 τούτων,
1402 5165 1519 5218 ἆτε
1551 5169 1644 5218 καὶ
1679 5165 1879 5234 πολλὴν
1909 5164 2046 5235 ἔχων
2070 5165 2356 5236 εὐπορίαν,
2420 5162 2495 5224 ὼς
2536 5161 2961 5232 ἀπηλλαγμένος
3020 5163 3120 5230 τῆς
3188 5161 3425 5230 ματαίας
3478 5161 3685 5230 ταύτης
3738 5179 4042 5234 περιστρο-

785 5261 911 5330 φῆς,
946 5261 1044 5313 καὶ
1101 5256 1182 5330 τῷ
1228 5258 1432 5327 πρώτῳ
1476 5256 1557 5310 νοῒ
1597 5259 1933 5328 πλησιάζων,
1970 5258 2066 5311 καὶ
2091 5235 2226 5321 ὅλως
2256 5259 2352 5325 τῆς
2388 5255 2598 5307 ἐκεῖθεν
2638 5254 3072 5324 πεπληρωμένος
3101 5235 3444 5324 ὲλλάμψεως.

856 5419 993 5483 'l‘ua,
1017 5433 1050 5471 ο
1074 5417 1168 5481 (ili,
1193 5430 1357 5485 quem
1383 5413 1525 5469 Deus
1552 5415 1812 5477 honorat,
1838 5429 2094 5481 magnum
2123 5411 2356 5482 epistola

786 5513 989 5567 Mosetn
1027 5509 1314 5579 allegabat,
1347 5518 1401 5561 et
1434 5509 1579 5576 quod
1630 5508 1922 5576 scripsisti,
1957 5506 2087 5560 illud
2141 5521 2204 5558 ex
2237 5505 2357 5572 ejus

788 5606 1063 5659 ltlctllione
1091 5594 1383 5670 scripsisti.
1423 5599 1528 5653 Sed
1556 5598 1686 5668 quid
1717 5600 1885 5669 Moysi
1919 5607 1972 5652 et
2003 5599 2207 5672 nobis?
2237 5612 2390 5678 (ιιιειε¹

788 5714 822 5752 a
855 5697 963 5751 Deo
993 5695 1213 5750 oracula
1247 5693 1544 5762 accepisti?
1576 5693 1675 5747 Ubi
1711 5694 1952 5747 divinam
1981 5679 2357 5758 contemplanti

792 5794 1020 5865 gloriam
1083 5800 1133 5844 te
1186 5787 1250 5842 ad
1302 5788 1428 5842 talin
1488 5789 1692 5859 agenda
1751 5788 2135 5841 indurrntem?
2189 5784 2360 5852 Cujus

2527 5410 2862 5478 Προέφερεν,
2924 5407 3005 5461 υἱέ
3071 5426 3172 5478 μου
3230 5407 3541 5475 θεοτίμητε,
3581 5410 3640 5460 τὸ
3669 5408 3756 5461 σὺν
3801 5411 4044 5479 γράμμα

2457 5501 2548 5552 τὸν
2589 5502 2761 5568 μέγαν
2821 5501 3050 5567 Μωσῆν,
3080 5500 3173 5550 καὶ
3208 5501 3520 5567 τῇέκείνου
3556 5503 3748 5571 μνήμζ⁸
3791 5501 4045 5570 ἒγεαᾴας

2457 5588 2544 5646 οἷα
2579 5594 2641 5660 δὴ
2683 5575 2782 5645 καί
2810 5592 3078 5662 ἔγραψας.
3115 5592 3223 5643 Καὶ
3252 5593 3375 5644 τίνα
3409 5594 3543 5661 πρὸς
3574 5593 3661 5643 τὸν
3684 5594 3889 5659 Μωσῆν
3924 5585 4044 5661 ξλέι

2459 5688 2527 5738 τὰ
2557 5687 2800 5755 ἡμέτερα
2857 5686 3177 5749 κοινωνία-λς
3230 5685 3419 5746 Ποίους
3472 5685 3636 5749 ἐδέξω
3692 5687 3843 5752 παρὰ
3897 5687 4042 5738 Θεοῦ

2461 5779 2779 5850 χρηστιούςς
2827 5777 2932 5831 [Ιοῦ
2961 5778 3015 5830 δὲ
3048 5777 3146 5848 τὴν
3185 5777 3338 5827 Θείαν
3375 5777 3586 5832 ἐθεάτω
3613 5777 3770 5838 δόξαν
3805 5779 4036 5831 τοιαῦτα
