4182 6428
801 391 898 463 ΠΙ
1925 383 2230 447 NICOI.AI
2280 384 2391 447 Ci‘.
2433 383 2709 447 PATliiA
2723 383 2941 447 ιὶίῖῐΗΞ
3934 382 4033 454 173

790 506 1037 579 diligere,
1063 510 1140 570 et,
1172 510 1231 558 ut
1270 497 1337 554 de
1388 495 1683 558 Romanis.
1735 493 1814 550 sic
1850 494 1917 549 de
1954 492 2205 567 Bulgaria
2262 496 2355 553 do-
2396 504 2441 562 Α

2396 504 2441 562 Α
2472 495 2661 563 ἑπάξει
2720 499 3076 568 μιαιφονίαςι
3123 496 3234 552 Καὶ
3272 499 3353 563 τίς
3406 499 3472 555 ἀν
3539 499 3763 574 λογικὴν
3823 503 4031 557 σύνεσιν

790 592 919 656 lem,
2470 586 2772 653 ἁποςώζων
2815 590 2875 642 οὐ
2932 589 3289 661 συνθήσιταις
3361 590 3699 648 Ἐπάκουσον
3736 593 3915 665 ἡμῶν,
3946 595 4038 650 ἀν-

787 693 972 763 θρωπε
1035 684 1128 741 τοῦ
1189 681 1349 747 Θεοῦ,
1398 679 1633 735 ἄκουσον
1693 676 1907 747 [ἰατρὸς
1958 677 2285 747 ἀγαπῶντάς
2345 694 2405 733 σε
2432 679 2527 734 καὶ
2575 679 2632 733 τὸ
2686 678 2778 732 σὸν
2826 676 3015 743 ιθνος·
3084 681 3113 734 ό
3156 678 3288 745 Θεὸς
3341 678 3450 751 γάρ
3498 677 3641 737 οἶδεν
3696 684 3779 738 ὅτι
3838 687 4039 753 ἀγαπῶ

787 788 953 857 ὑμᾶς,
986 784 1079 834 καλ⁸
1110 776 1263 846 ἀλγῶ
1294 773 1475 839 καθὼς
1509 772 1649 843 ὐπὶρ
1692 769 1801 825 τῶν
1845 771 2156 842 Ῥωμαίων,
2191 771 2366 837 οὕτως
2400 774 2495 828 καὶ
2525 771 2664 843 ὑπὲρ
2688 771 3040 842 Βουλγάρων.

851 878 1105 931 Attamen
1140 871 1206 926 de
1235 866 1493 923 Romanis
1519 864 1718 918 bonam
1747 864 2043 933 quamdam
2077 881 2226 936 spem
2265 865 2365 918 lia-

2548 865 2711 918 Ἀλλά
2746 866 2873 933 περὶ
2914 863 3014 934 μὶν
3042 864 3153 917 τῶν
3184 864 3475 937 Ῥωμαίων
3506 867 3615 938 ιχω
3644 871 3799 935 τινὰς
3821 872 4041 938 ἐλπίδας

762 946 913 1029 ibeo,
956 981 1081 1022 cum
1116 963 1237 1017 illos
1271 956 1561 1015 considero
1609 954 1813 1023 injusta
1864 956 2153 1026 patientes,
2188 956 2368 1011 sciens

2467 956 2863 1029 χρηστοτέρας,
2932 955 3271 1011 ἀποϐλέπων
3319 959 3396 1024 ὡς
3435 960 3598 1015 ἄδικα
3628 962 3920 1032 πάσχουσι,
3949 968 4045 1018 καὶ

785 1063 955 1119 Deum
1016 1060 1218 1128 injuste
1280 1050 1619 1123 patientibus
1678 1050 1732 1103 in
1809 1050 2081 1104 auxilium
2145 1049 2363 1113 venire,

2467 1049 2626 1113 εἰδὼς
2654 1050 2736 1103 ὃτι
2776 1049 2863 1101 ἀεὶ
2892 1050 3004 1110 τοῖς
3040 1047 3429 1117 ἀδικουμένοις
3457 1051 3591 1115 Θεὸς
3624 1051 3884 1124 ὑπερέχει
3916 1056 4043 1128 βοη-

784 1152 1078 1225 quandoex
1100 1143 1508 1217 sapientissimo
1522 1141 1733 1213 judicio
1750 1141 1946 1212 placet,
1966 1150 2019 1197 et
2037 1140 2366 1210 quandoque

2468 1141 2620 1205 θείας
2668 1144 2850 1212 χεῖρα,
2910 1141 3071 1195 ὁπότε
3122 1145 3383 1212 παραστῇ
3418 1147 3484 1215 τῇ
3519 1145 3711 1199 τούτου
3748 1147 4047 1220 ὑπερσόφῳ

783 1244 994 1300 diutius
1024 1248 1368 1311 exspectare,
1421 1245 1481 1290 ut
1527 1234 1834 1289 reveientur
1861 1232 2179 1302 patientium
2224 1234 2365 1304 inju-

2470 1232 2672 1303 κρίσει.
2713 1235 2823 1287 Καὶ
2846 1234 3020 1288 ἐνίοτε
3038 1234 3407 1289 ἀναϐάλλεται
3427 1239 3527 1307 τὴν
3550 1238 3848 1310 ὑπομονὴν,
3875 1240 4048 1293 ἐκκα-

785 1338 901 1391 riae.
945 1334 1020 1389 De
1051 1331 1300 1400 Bulgaria
1320 1342 1451 1382 vero
1486 1326 1691 1380 nullam
1724 1324 1943 1388 bonam,
1972 1323 2074 1378 etsi
2108 1323 2363 1379 conside-

2470 1323 2699 1377 λύπτειν
2734 1326 3063 1394 βουλόμενος
3104 1326 3213 1380 τῶν
3237 1326 3655 1398 πασχόντων.τά
3695 1330 3877 1385 ἄδικα.
3912 1332 4049 1403 Περὶ

784 1439 983 1490 ratam,
1022 1439 1170 1495 spem
1201 1423 1393 1477 habeo.
1429 1417 1681 1487 Undique
1715 1418 1860 1472 enim
1896 1416 2052 1471 vobis
2081 1414 2360 1470 fortunam

2472 1416 2802 1486 Βουλγάρων
2824 1418 2927 1469 οὐκ
2962 1418 3074 1488 ἔχω
3112 1418 3239 1473 τινα
3279 1420 3659 1489 χρηστοτέραν
3686 1423 3878 1475 ἐλπίδα
3913 1424 4051 1476 θεω-

785 1523 970 1577 favere
996 1516 1347 1590 praesumitis.
1374 1511 1517 1579 Quid
1563 1520 1743 1565 autem
1784 1525 1875 1564 res
1924 1524 2197 1580 prosperae
2248 1509 2367 1564 sine

2467 1510 2777 1582 ρουμένην·
2835 1512 3055 1583 ἐδόξατε
3108 1516 3220 1584 γὰρ
3269 1515 3527 1584 εὐτυχίαν
3569 1518 3691 1570 τινὰ
3762 1519 4053 1588 περιϐαλέο

780 1614 1007 1684 iustitia:
1068 1607 1272 1664 auxilio
1309 1606 1456 1660 Asia:
1518 1602 1670 1657 fuere
1719 1612 1928 1671 gentes,
1960 1618 2081 1671 quae
2111 1616 2371 1672 prospere

2468 1604 2616 1661 σθαι.
2663 1602 2824 1658 Ἀλλά
2846 1604 2901 1657 τί
2941 1605 3003 1657 τὸ
3035 1606 3346 1676 εὐτύχημα,
3378 1609 3509 1662 ὅταν
3536 1610 3637 1661 οὐκ
3670 1607 3782 1678 ἔχει
3811 1629 4053 1681 στρατη-

785 1709 853 1763 ad
885 1717 1099 1774 tempus
1129 1716 1215 1756 res
1239 1714 1368 1755 suas
1391 1702 1665 1767 gerentes,
1693 1693 1823 1747 dum
1863 1693 2199 1747 incrementa
2231 1708 2370 1746 nova

2468 1696 2672 1765 γοῦσαν
2689 1696 2788 1765 τὴν
2811 1697 3194 1767 δικαιοσύνην;
3227 1698 3433 1769 Συνέϐη
3470 1701 3562 1752 καὶ
3592 1701 3727 1755 ἀλλα
3756 1701 3887 1772 ἔθνη
3913 1708 4056 1758 κατά

786 1804 1107 1870 sperarent,
1180 1794 1313 1861 ipsis
1365 1789 1582 1842 demum
1642 1784 1943 1839 bellatoriis
1994 1783 2253 1839 consiliis
2317 1785 2371 1837 in

2470 1790 2701 1860 καιρούς
2736 1808 2892 1853 τινας
2933 1791 3254 1861 εὐτυχῆσαι,
3293 1792 3389 1844 καὶ
3422 1792 3499 1855 ὼς
3540 1794 3798 1863 ἐνόμισαν
3824 1793 4058 1863 αὔξησίν

787 1894 1000 1948 ruinam
1034 1894 1163 1941 sunt
1207 1882 1497 1954 prolapsa.
1530 1888 1585 1932 et
1615 1894 1683 1931 ne
1713 1878 1953 1947 ipsarum
1998 1877 2220 1945 quidem
2266 1891 2370 1930 no-
2402 1874 2438 1932 ll

2414 1874 2443 1931 Β
2473 1900 2597 1935 τινα
2627 1884 2981 1952 προσλαϐεῖν,
3033 1883 3171 1936 ὀλλά
3214 1886 3279 1954 τῇ
3324 1883 3677 1955 φιλοπολέμῳ
3727 1887 4065 1957 προαιρέσει

784 1999 909 2040 men
937 1991 1129 2036 notum
1161 1974 1485 2031 hominibus
1506 1971 1797 2039 reliquere,
1822 1969 1924 2023 nisi
1958 1969 2051 2037 qui
2077 1967 2367 2029 historias,

2469 1975 2819 2043 κατέστησαν
2855 1978 2936 2037 εἰς
2983 1977 3200 2028 τελείαν
3250 1976 3555 2041 ἀπώλειαν,
3609 1979 3701 2031 καὶ
3733 1979 3845 2032 οὐδ’
3882 1980 4065 2050 διομα

787 2078 1053 2147 colligunt
1098 2083 1291 2126 earum
1344 2064 1666 2120 memoriam
1710 2060 2042 2129 quandoque
2085 2067 2367 2112 revocant.

2467 2067 2849 2140 περιλείπεται
2881 2072 3065 2123 αὐτῶν
3104 2071 3174 2123 τὰ
3209 2070 3304 2124 νῦν
3344 2074 3400 2125 ἐν
3430 2074 3744 2143 ἀνθρώποις
3787 2078 4066 2143 γινωσκό-

789 2170 919 2224 Scio
955 2177 1027 2230 te,
1048 2180 1081 2217 ο
1113 2162 1187 2215 ﬁli
1220 2160 1418 2213 dilecte
1444 2153 1688 2210 scientia
1717 2160 2071 2220 veterumque
2106 2149 2371 2204 librorum

2474 2180 2659 2232 μενον,
2690 2164 2832 2235 πλὴν
2866 2166 2966 2218 ὅσα
2996 2167 3046 2218 οἰ
3087 2165 3185 2228 τὰς
3227 2166 3471 2235 ἱστορίας
3518 2168 3911 2238 ἀναλεγόμενοι
3961 2171 4068 2239 τὴν

787 2258 1100 2318 studiosum
1127 2268 1192 2308 ea
1221 2265 1343 2321 qua;
1379 2247 1678 2302 scribimus
1730 2257 1840 2297 non
1881 2242 2152 2312 ignorare.
2205 2241 2375 2310 Igitur

2476 2255 2702 2325 μνήμην
2740 2256 2921 2309 αὐτῶν
2968 2258 3385 2326 περιφέρουσιν.
3444 2258 3573 2311 Οἶδα
3613 2262 3694 2312 ὅτι
3740 2263 3833 2312 καὶ
3866 2262 4066 2323 αὐτὸς,

789 2367 915 2408 cum
968 2360 1114 2404 metu
1164 2346 1456 2413 deprecor,
1508 2352 1596 2401 ne,
1630 2336 1761 2389 dum
1815 2334 2054 2389 caedibus
2105 2334 2372 2402 bellisque

2470 2347 2553 2399 υίέ
2592 2365 2692 2417 μου
2722 2350 3074 2417 ήγαπημένε,
3099 2351 3408 2422 φιλομαθὴς
3434 2352 3510 2405 ὢν
3535 2353 3632 2406 καὶ
3662 2356 3771 2407 τᾶν
3808 2356 4069 2409 παλαιῶν

787 2440 1183 2502 incubueritis,
1226 2433 1361 2488 nihil
1429 2440 1554 2485 vota
1607 2436 1789 2483 vestra
1849 2424 2162 2495 profecerit,
2205 2425 2371 2478 male—

2467 2438 2822 2508 διερχόμενος
2856 2441 2955 2501 τὰς
2995 2439 3217 2509 βίϐλους
3254 2442 3643 2509 ἐπιγινώσκεις
3673 2445 3711 2497 ἃ
3741 2447 4070 2515 γράφομεν.

789 2552 898 2607 que
928 2535 997 2589 sit
1042 2530 1219 2583 vobis.
1273 2524 1388 2578 Non
1438 2524 1510 2576 ita
1559 2521 1651 2582 sit.
1689 2532 1866 2587 neque
1899 2517 2057 2571 vobis
2104 2517 2265 2570 talem
2314 2517 2367 2570 in

2482 2530 2823 2601 Ἀττεύχομαι
2872 2532 3079 2593 τοίνυν,
3127 2534 3401 2604 ᾳοϐοὖμαι
3440 2537 3496 2588 δὲ
3551 2538 3648 2607 μὴ,
3686 2538 4072 2608 ἐπιμενόντων

793 2631 954 2684 ﬁnem
982 2623 1201 2679 eveniat
1255 2619 1559 2677 incurrere,
1613 2614 1707 2667 sed
1752 2621 1945 2666 contra
1983 2626 2013 2665 e
2048 2611 2226 2664 medio
2263 2612 2368 2663 tolo

2472 2622 2629 2691 ὑμῶν
2673 2626 2792 2685 ταῖς
2844 2627 3081 2692 σφαγαῖς
3128 2628 3361 2689 καὶτοῖς
3391 2628 3672 2699 πολέμοις,
3704 2631 3992 2700 ἄπρακτος
4032 2637 4069 2701 ἡ

790 2726 974 2779 lantur
1007 2715 1216 2773 inimici
1260 2709 1545 2771 scandala,
1580 2709 1964 2774 seminataque
2008 2704 2078 2759 ab
2106 2704 2200 2759 illo
2228 2705 2372 2758 αἰτε-

2470 2715 2605 2784 eam
2631 2718 2903 2784 καταστῇ,
2924 2716 3086 2769 τοῦτο
3111 2718 3206 2770 καὶ
3228 2718 3312 2786 ἐφ’
3337 2719 3468 2788 ὑμῖν
3503 2722 3687 2792 συμϐἡ
3699 2739 3867 2775 σεται.
3889 2725 4073 2777 Ἀλλα

789 2821 899 2874 nia.
928 2814 1285 2883 Bulgarorutn
1322 2820 1455 2875 gens
1500 2815 1693 2855 rursus
1743 2799 1947 2852 Christi
2007 2810 2194 2867 pacem
2247 2810 2372 2849 ain-

2472 2808 2548 2875 μὴ
2606 2807 2695 2875 εἴη
2767 2808 2971 2871 τοῦτο,
3039 2810 3178 2878 μηδὲ
3237 2812 3504 2880 γένηται,
3577 2816 3700 2883 μηδ’
3763 2817 4078 2888 ἀπαντήσῃ

789 2916 1054 2984 plectens,
1082 2922 1109 2959 a
1135 2900 1357 2957 Christo
1393 2897 1502 2950 Deo
1551 2904 1743 2948 nostro
1788 2892 1965 2960 capite
1994 2890 2179 2954 unico,
2211 2890 2371 2958 cujus

2469 2898 2821 2967 Χριστιανοῖς
2871 2895 3024 2953 οὖσιν
3073 2901 3205 2969 ὑμῖν
3244 2903 3381 2971 πρὸς
3434 2904 3677 2956 τοιοῦτον
3718 2908 4075 2975 καταντῆσαι

790 2983 1023 3062 Romani
1056 3007 1111 3053 et
1142 2993 1360 3065 Bulgari
1390 3004 1592 3058 corpus
1636 2996 1785 3053 sunt,
1818 2987 1872 3040 in
1901 2983 2231 3054 benignitate
2257 2984 2371 3037 ser-

2469 2984 2644 3049 τέλος,
2677 2985 2813 3037 ἀλλά
2845 2987 3049 3053 μᾶλλον
3087 2989 3150 3041 ὲκ
3183 2989 3354 3059 μέσου
3395 2992 3649 3059 γενέσθαι
3674 2996 3742 3045 τα
3782 2994 4077 3047 σκάνδαλα

789 3109 912 3153 vata
944 3103 999 3147 et
1033 3102 1192 3145 aucta
1234 3089 1391 3141 beate
1422 3083 1589 3135 vitam
1620 3079 1805 3149 degat.

2470 3074 2506 3127 ἃ
2537 3075 2813 3128 ὑπέϐαλεν
2872 3080 2899 3128 ὁ
2932 3080 3194 3149 πονηρὸς,
3237 3082 3335 3133 καὶ
3374 3084 3471 3150 τῆς
3507 3088 3717 3149 σπορᾶς
3745 3087 3966 3138 ἐκείνου
3998 3088 4076 3138 τὰ

793 3185 1047 3252 ζιζάνια·
1104 3181 1199 3235 καὶ
1249 3179 1310 3230 τὸ
1360 3176 1686 3245 Βουλγάρων
1724 3172 1878 3230 ἔθνος
1932 3172 2095 3224 πάλιν
2162 3171 2262 3238 τὴν
2300 3168 2395 3221 τοῦ
2450 3170 2692 3241 Χριστιιῦ
2772 3174 2996 3241 εἰρήνην
3059 3174 3491 3243 ἐπανελομένους
3558 3177 3615 3228 ἐν
3673 3178 3968 3248 εὐπαθείᾳ,
4012 3186 4081 3239 ἐν

793 3280 998 3347 “cmi;
1017 3272 1284 3330 διατελεῖν
1308 3272 1378 3342 τῇ
1410 3268 1509 3339 μιᾷ
1537 3263 1749 3335 κεφαλῇ
1793 3262 1871 3334 τῷ
1892 3261 2117 3335 Χριστῷ
2146 3262 2239 3315 καὶ
2268 3260 2388 3331 Θεῷ
2418 3263 2598 3332 ἡμῶν,
2652 3258 2862 3324 οὗτινος
2913 3263 3008 3315 καὶ
3067 3263 3331 3335 Ῥωμαῖοι
3389 3268 3484 3319 καὶ
3560 3270 3862 3340 Βούλγαροι
3897 3276 4081 3344 σῶμα

793 3377 1163 3448 τυγχάνουσι,
1237 3367 1335 3421 καλ⁴
1402 3362 1841 3433 φυλαττομένους
1900 3357 1994 3410 καὶ
2066 3356 2485 3425 αὐξανομένους.

1359 3500 1579 3558 XXVII.
1615 3499 1825 3554 Eidem.
2396 3458 2441 3520 C

2396 3458 2441 3520 C
3044 3498 3169 3549 KZ'.
3203 3494 3285 3561 Τῷ
3312 3497 3494 3563 αὐτῷ.

870 3644 1099 3716 Quoties
1143 3637 1211 3694 ad
1241 3648 1315 3704 te,
1350 3636 1422 3690 liii
1461 3636 1747 3697 honorate,
1790 3629 2032 3686 scribere
2063 3626 2371 3699 aggredior,

2558 3633 2780 3697 ὐσάκις
2816 3635 2883 3688 ἂν
2914 3636 3147 3707 ὁρμήσω
3176 3636 3310 3706 πρὸς
3366 3638 3449 3701 σὲ,
3474 3638 3557 3690 υἱέ
3593 3657 3694 3709 μου
3744 3640 4082 3714 θεοτίμητε,

799 3756 923 3812 spes
954 3736 1146 3792 melior
1172 3746 1269 3786 cor
1304 3728 1513 3783 invadit
1541 3724 1931 3794 benignitatem
1961 3731 2019 3776 et
2064 3719 2374 3812 humanitas

2476 3726 2733 3797 γράφειν,
2761 3726 2976 3792 ἐλπίδες
3027 3730 3392 3800 χρηστότεραι
3418 3730 3517 3801 τὴν
3545 3731 3686 3803 ἐμὴν
3715 3735 4086 3803 περιλαμϐά-

800 3810 907 3888 tem
956 3840 1102 3885 tuam
1161 3822 1390 3893 epistola
1441 3832 1561 3873 mea
1608 3814 1837 3871 omnino
1893 3812 2238 3875 ﬂectendam,
2306 3810 2373 3864 ad

2477 3829 2626 3866 νουσι
2651 3813 2852 3883 ψυχὴν,
2880 3816 2962 3866 ὅτι
2988 3816 3203 3877 πάντως
3220 3817 3316 3886 τὴν
3350 3817 3448 3886 σὴν
3466 3820 3783 3890 ἡμερότητα
3812 3824 3905 3874 καὶ
3939 3821 4082 3890 φιλ-

801 3936 989 3996 pacem
1022 3912 1411 3972 iuclinandam,
1433 3922 1628 3979 meque
1652 3908 1813 3962 tinem
1846 3903 2251 3974 deprecationis
2283 3916 2374 3955 as-

2478 3904 2796 3973 ανθρωπίαν
2826 3905 2882 3957 τὸ
2926 3904 3162 3976 γράμμα
3192 3908 3587 3977 παρακαλέσει.
3620 3912 3713 3963 καὶ
3743 3914 3879 3983 πρὸς
3910 3918 4085 3988 εἰρή-

802 3993 1145 4072 secuturum.
1170 4005 1323 4060 Dulei
1352 4000 1588 4073 quodam
1611 4013 1775 4054 sensu
1800 3995 2228 4058 allicior,levato
2260 3993 2378 4046 ani-

2481 4013 2583 4064 νην
2603 3996 2992 4059 ὲκκαλέσεται,
3017 3998 3109 4047 καὶ
3133 3998 3193 4049 τὸ
3223 3999 3397 4067 πέρας
3424 4003 3523 4069 τῆς
3545 4004 3811 4073 αἰτήσεως
3837 4006 4088 4074 ἕξομεν,

806 4123 906 4162 mae
942 4106 1157 4160 dolore,
1193 4100 1285 4169 qui
1312 4112 1397 4149 me
1441 4095 1507 4148 de
1527 4090 1913 4147 communibus
1940 4087 2214 4141 Romanos
2237 4087 2378 4139 inter

2481 4086 2673 4153 ὥσπερ
2719 4087 2873 4149 τινὸς
2926 4090 3191 4155 γλυκείας
3244 4091 3573 4159 αίσθάνομαι
3600 4094 3915 4156 διαθέσεως,
3972 4100 4093 4150 καὶ

803 4212 856 4255 et
898 4197 1163 4265 Bulgaros
1198 4191 1269 4244 ab
1305 4187 1502 4242 infesto
1534 4184 1751 4238 diabolo
1784 4181 2071 4236 suscitatis
2103 4178 2376 4233 discrimi-

2479 4180 2577 4249 τὴν
2615 4178 2796 4251 ψυχὴν
2858 4180 3238 4250 ὲὶαςρρύνομαι
3278 4182 3376 4248 τῆς
3432 4182 3624 4251 ὀδύνης
3687 4184 3755 4253 ῆν
3816 4188 3907 4237 ἐπὶ
3945 4192 4092 4250 ταῖς

806 4292 966 4345 nibus
1001 4290 1235 4353 occupat
1292 4297 1306 4333 :
1370 4277 1559 4346 sicque
1613 4273 1860 4327 anxietas
1888 4283 1943 4326 et
1970 4271 2188 4325 amictio
2223 4268 2380 4339 quasi

2481 4275 2689 4335 κοιναῖς
2721 4276 3036 4341 συμφοραῖς
3075 4274 3372 4343 Ῥωμαίων
3402 4276 3495 4326 καὶ
3527 4275 3854 4345 Βουλγὰρων
3882 4280 4088 4346 φέρω,

804 4390 1128 4435 evanescere
1160 4372 1432 4425 videntur.
1472 4364 1703 4431 Quando
1734 4375 1918 4418 autem
1949 4362 2237 4431 epistolam
2261 4360 2381 4430 glo-

2480 4366 2548 4427 ἀς
2578 4368 2605 4417 ὁ
2630 4366 3017 4435 μισάνθρωπος
3074 4364 3287 4433 δαίμων
3319 4366 3399 4426 εἰς
3436 4366 3601 4433 μέσον
3654 4366 3833 4419 αὐτῶν
3881 4369 4092 4438 ἀττέρ-

809 4469 1125 4528 iiosissimze
1162 4473 1265 4515 tua:
1300 4459 1608 4527 maiestatis
1652 4458 1891 4526 perlego,
1926 4454 2210 4522 multiplex
2245 4452 2381 4505 mihi

2486 4459 2636 4528 ριψε,
2675 4460 2769 4511 καὶ
2796 4459 2856 4510 τὸ
2908 4457 3234 4527 σκυθρωπὸν
3265 4457 3360 4508 καὶ
3392 4460 3424 4526 ἡ
3459 4458 3731 4527 κατήφεια
3758 4461 3790 4527 ἡ
3819 4459 3909 4509 ἐπὶ
3943 4462 4095 4512 τού-

809 4565 1072 4622 anxietas,
1125 4567 1179 4611 et
1219 4556 1273 4609 in
1310 4550 1755 4621 profundioribus
1787 4548 2191 4616 desperationis
2230 4554 2385 4599 tene-

2485 4565 2599 4611 τοις
2617 4548 2805 4618 ὥσπερ
2823 4547 2972 4599 δοκ.ῖ
2998 4547 3443 4601 ἀναστέλλεσθαι.
3480 4548 3648 4600 Ὅταν
3666 4549 3722 4600 δὲ
3740 4550 3799 4601 τὸ
3821 4551 4096 4622 γράμμα

808 4656 920 4709 bris
952 4652 1166 4705 animus
1211 4654 1492 4701 curvatus.
1550 4642 1624 4696 ita
1665 4654 1797 4693 sane
1843 4648 1948 4692 est.
1984 4638 2056 4693 Ut
2093 4637 2237 4691 enim
2267 4636 2382 4690 clri-

2484 4639 2582 4707 τῆς
2614 4639 2713 4706 σῆς
2752 4638 3109 4707 μεγαλοδόξου
3160 4638 3337 4708 ἀρχῆς
3392 4634 3786 4704 ἀναγινώσκων
3832 4642 4098 4715 διέρχω-

810 4758 1028 4813 rursus,
1080 4740 1350 4809 applicato
1403 4735 1571 4804 plaga:
1619 4732 2035 4791 medicamento,
2070 4728 2382 4783 inﬂamma-

2490 4748 2608 4799 μαι,
2637 4730 3173 4792 πολλαπλασιαςεταί
3204 4747 3297 4799 μοι
3325 4732 3385 4783 τὸ
3416 4731 3603 4797 ἄλγος,
3639 4734 3731 4784 καὶ
3758 4733 4098 4803 βαθύτερος

809 4836 957 4888 tione
1012 4838 1193 4885 autem
1237 4835 1537 4884 crescente,
1588 4824 1939 4891 desperatae
1996 4821 2270 4883 turbatur,
2304 4819 2385 4873 sic
2418 4821 2460 4873 ι)

2445 4823 2460 4872 δ
2488 4824 2517 4873 ό
2546 4824 2745 4891 γνόφος
2778 4822 2876 4888 τῆς
2905 4821 3143 4891 ἀθυμίας
3175 4822 3275 4890 τὴν
3300 4824 3437 4893 ἐμὴν
3478 4824 3823 4892 ὲπικάμπτει
3853 4824 4096 4898 ψυχήν.

810 4935 862 4981 et
893 4940 992 4979 nos
1044 4921 1299 4980 humiles,
1344 4918 1585 4987 quando,
1634 4915 1878 4969 eonsiliis
1929 4912 2039 4968 Deo
2068 4914 2243 4979 notis,
2295 4928 2384 4966 re-

2485 4915 2594 4965 Καὶ
2638 4914 2747 4983 γὰρ
2795 4914 2968 4976 οὕτως
3001 4914 3137 4982 ἔχει.
3184 4914 3337 4966 Ἐπεὶ
3367 4916 3460 4967 καὶ
3523 4916 3702 4984 ἰατρὸς
3762 4916 4100 4986 φάρμακον

814 5018 1047 5070 medium
1086 5012 1244 5067 malis
1274 5010 1581 5063 animarum
1614 5007 1967 5075 applicantes,
2001 5021 2185 5070 curas,
2212 4992 2386 5073 quan-

2484 5001 2745 5062 ἐπιτιθεὶς
2776 5004 2917 5055 κατά
2946 5004 3280 5071 τραύματος,
3312 5005 3407 5056 καὶ
3448 5004 3662 5073 βλέπων
3692 5008 3790 5076 τὴν
3819 5008 4104 5078 φλεγμο-

813 5122 897 5164 tas
933 5119 1249 5176 possumus,
1272 5101 1402 5155 nihil
1431 5099 1692 5169 proiicere
1720 5099 1982 5162 videmus,
2006 5099 2099 5152 sed
2135 5099 2385 5162 vulnera,

2484 5096 2582 5163 νὴν
2633 5096 2723 5146 ἐπὶ
2758 5096 2921 5147 πλέον
2974 5097 3426 5166 ἀγριαινομέντιν,
3488 5097 3787 5168 πληροῦται
3819 5098 4103 5169 ἀθυμίας

815 5200 901 5254 hei
933 5198 1066 5251 milii
1103 5195 1338 5249 misero!
1370 5204 1573 5260 quanta
1599 5192 1819 5244 vulnera
1855 5193 1867 5244 l
1904 5192 1957 5244 in
1988 5192 2142 5261 pejus
2170 5193 2384 5255 cadere,

2484 5187 2579 5237 καὶ
2612 5187 2925 5255 συγχύσεως
2951 5206 2963 5218 ·
2996 5190 3087 5239 καὶ
3112 5191 3274 5257 ἡμεῖς
3301 5185 3393 5241 οὖν
3410 5191 3456 5241 οί
3486 5193 3757 5254 ταπεινοὶ,
3790 5192 4105 5260 κρίμασιν

815 5298 947 5343 tunc
1001 5286 1313 5346 amictionc,
1366 5282 1583 5335 tristitia
1631 5289 1683 5336 ct
1736 5284 1931 5345 turba,
1992 5285 2164 5353 magis
2216 5297 2379 5351 quam

2488 5271 2569 5336 οἷς
2600 5277 2893 5329 ἐπίσταται
2919 5278 2945 5327 ὁ
2980 5277 3135 5340 Θεὸς,
3186 5282 3265 5339 εἰς
3303 5279 3365 5331 τὸ
3394 5280 3461 5331 τὰ
3510 5280 3619 5330 τῶν
3675 5280 3862 5349 ψυχῶν
3911 5288 4102 5358 πάθη

818 5382 924 5435 dici
965 5390 1174 5447 potest,
1204 5378 1509 5444 implemur,
1544 5392 1610 5431 eo
1642 5377 1810 5446 magis
1844 5377 1990 5445 quod
2034 5386 2201 5438 tuam,
2239 5392 2271 5428 ο
2310 5376 2379 5430 ﬁli

2489 5367 2817 5436 θεραπεύειν
2877 5369 3337 5434 κατασταθέντες,
3384 5372 3614 5441 ἐπείπερ
3677 5373 3898 5442 ὁρῶμεν
3975 5381 4108 5449 ’τὴν

822 5485 851 5522 a
883 5473 987 5522 lleo
1016 5473 1299 5532 honorate,
1323 5467 1634 5535 praeclaram
1664 5466 2077 5533 intelligentiam
2108 5480 2213 5518 non
2240 5464 2383 5518 fama

2486 5463 2628 5514 κατά
2660 5462 2891 5531 δύναμιν
2920 5463 3340 5533 προσαγομένην
3374 5463 3678 5531 θεραπείαν
3738 5464 4106 5530 ὠψελοῦσαν

822 5556 919 5611 sed
950 5567 1135 5609 nostra
1160 5556 1491 5623 experientia
1520 5557 1826 5619 noscimus;
1862 5568 2076 5623 tempus
2106 5556 2246 5607 enim
2276 5570 2385 5624 quo

2487 5556 2660 5615 οὐδὲν,
2685 5555 2822 5607 ἀλλά
2853 5556 2913 5607 τὸ
2947 5554 3189 5625 τραῦμα,
3221 5556 3367 5621 οῖμοι
3402 5555 3479 5624 τῷ
3509 5555 3699 5622 ἀθλίῳ,
3733 5556 3828 5607 καὶ
3875 5557 4111 5625 ἡλίκον

819 5648 980 5703 simul
1021 5647 1326 5700 conversati
1366 5662 1579 5707 sumus,
1616 5647 1741 5700 licet
1794 5647 1979 5711 breve,
2014 5647 2169 5701 nobis
2203 5657 2383 5701 tamen

2487 5648 2731 5719 τραῦμα,
2764 5650 2857 5701 ἐπὶ
2891 5649 2949 5699 τὸ
2979 5652 3164 5719 χεῖρον
3214 5649 3545 5716 προκόπτον,
3586 5648 3721 5708 ὅλως
3758 5654 4112 5719 κατηφείας

820 5740 1119 5808 perfectum
1152 5738 1391 5790 animum
1431 5748 1584 5791 tuum
1618 5748 1805 5790 notum
1838 5739 1991 5792 fecit.

2488 5744 2580 5793 καῖ
2645 5741 3103 5812 σκυθρωπότητος
3140 5742 3233 5793 καλ
3273 5739 3613 5808 συγχύσεως,
3644 5738 3920 5807 οὔμενουν
3984 5748 4118 5800 οὐκ

820 5830 967 5885 ἔστιν
1012 5832 1210 5897 εἰπεῖν,
1240 5831 1365 5884 ὅσου
1398 5830 1785 5903 πληρούμεθα·
1839 5834 2073 5903 μάλιστα
2134 5836 2233 5904 μὲν
2283 5837 2382 5906 τὴν
2441 5838 2561 5907 σὴν,
2611 5838 2692 5889 υἱέ
2734 5856 2835 5908 μου
2874 5838 3185 5909 θεοτίμητε,
3241 5835 3489 5909 μεγάλην
3536 5834 3827 5906 φρόνησιν,
3864 5836 3929 5887 οὐ
3975 5845 4119 5913 φή..
