4182 6428
827 440 926 499 179

1951 433 2262 494 NICOLAI
2303 433 2413 492 (ΣΡ.
2455 434 2970 493 ΡΑΤΡιΙᾹΒΟΗΕ

3965 428 4071 491 180

822 550 1318 620 stantinopolitante
1351 547 1605 603 Ecclesia:
1632 547 1761 600 unio
1798 546 2067 615 speranda
2126 554 2230 599 est.
2268 543 2393 599 Hch

2509 543 2717 612 Ἐλῡμα
2779 541 2875 595 τοῦ
2927 543 3103 612 μάγου
3158 546 3286 608 τοὺς
3336 543 3647 615 ὀφθαλμοὺς
3712 544 4071 613 ⁴ίγμειύρωσεν,

820 644 886 697 ad
917 651 971 697 te
999 643 1342 711 scripsimus,
1410 649 1546 695 utet
1606 640 1740 707 ipse,
1788 638 1929 691 sicut
1960 652 2081 698 nos,
2136 637 2204 690 de
2249 646 2391 689 statu

820 736 1173 789 ecclesiarum
1223 732 1484 800 gaudeas.
1534 731 1859 785 Persuasum
1920 730 2063 784 enim
2100 729 2388 791 habemus,

825 837 875 879 te
926 834 1108 892 utpote
1166 822 1369 876 Christi
1400 820 1610 874 ﬁdelem
1648 824 1714 874 de
1762 821 1901 873 bono
1962 818 2216 872 Ecclesiae
2246 828 2387 873 statu

823 916 1016 976 lzctari,
1045 914 1193 967 nulla
1228 914 1412 967 habita
1474 911 1691 966 ratione
1730 910 2202 980 perturbationum
2246 926 2387 977 quae,

821 1006 1038 1061 diabolo
1069 1015 1347 1074 cperante,
1402 1004 1547 1058 inter
1587 1003 1848 1072 Bulgaros
1876 1016 1940 1056 ac
1973 999 2248 1056 Romanos
2304 1001 2387 1053 in-

2501 632 2688 701 ὲπειδὴ
2746 633 2907 700 μόνον
2955 632 3137 697 ἔδοξεν
3179 633 3208 685 δ
3247 636 3596 705 ταλαίπωρος
3666 634 3872 694 ἐκεῖνος
3923 632 4063 700 πρὸς

2500 727 2847 794 ἐναντιότητα
2910 727 3169 796 φέρεσθαι
3225 726 3319 780 τοῦ
3389 727 3736 780 Ἀποστόλου.
3766 726 3948 777 Ταῦτα
3975 724 4075 777 οὖν

2499 814 2857 885 ἐνθυμήθητι,
2917 820 3105 868 τέκνον
3165 816 3344 884 ἡμῶν,
3405 816 3499 869 καὶ
3561 817 3919 883 «summa,
3976 818 4076 867 καὶ

2502 910 2702 979 φρίκην
2758 907 2854 959 καὶ
2915 908 3081 975 φόϐον
3142 908 3416 960 ἀναλαϐοὗ
3458 909 3538 970 είς
3584 908 3646 959 τὸ
3686 906 3868 968 καθὼς
3898 908 4073 973 ἡμᾶς.

2498 999 2641 1051 οὕτω
2700 999 2794 1050 καὶ
2838 999 2931 1050 τοῦ
2988 999 3153 1051 nam
3213 998 3312 1068 τὴν
3353 998 3704 1051 διδασκαλίαν
3771 996 4075 1067 παραλογί-

821 1101 1129 1154 tcrcedunt.

2505 1090 2735 1142 sasOa'.’
2771 1090 3004 1159 μάλιστα
3053 1090 3134 1142 ὅτι
3183 1090 3276 1141 καὶ
3328 1091 3488 1151 αὐτὸς
3550 1089 3613 1141 σὺ
3653 1088 3727 1150 ὥς
3764 1105 3826 1154 γε
3867 1085 4079 1156 μανθά-

823 1225 987 1274 νομεν
1016 1210 1142 1275 περὶ
1202 1207 1397 1261 πολλοῦ
1443 1209 1570 1276 ποιῇ
1599 1204 1694 1259 τοῦ
1728 1207 1899 1276 τιμᾷν
1927 1204 2058 1267 τοὺς
2105 1204 2293 1271 ἁγίους
2329 1202 2424 1254 καὶ
2486 1202 2817 1273 κορυφαίους
2866 1201 2975 1255 τῶν
3034 1202 3310 1275 μαθητῶν,
3352 1200 3446 1264 οὓς
3503 1202 3553 1254 εί
3616 1202 3829 1271 άληθῶς
3885 1200 4079 1269 τιμᾷς,

821 1308 1037 1365 πάντως
1073 1308 1174 1357 οὐκ
1235 1306 1525 1374 ἀτιμάσεις
1582 1303 1673 1355 τὸν
1716 1304 1774 1355 ὲν
1817 1302 1896 1372 τῷ
1957 1303 2131 1372 θρόνῳ
2192 1302 2398 1353 τούτων
2451 1299 2781 1368 καθήμενον.
2834 1298 2996 1352 Ἀλλά
3058 1300 3231 1351 ταῦτα
3289 1299 3387 1369 μὲν
3440 1300 3727 1367 γράφομεν
3792 1299 3921 1365 περὶ
3969 1297 4081 1347 τῶν

833 1397 1125 1464 Ῥωμαίων
1166 1396 1327 1449 ἕνεκα
1377 1397 1474 1465 τῆς
1521 1395 1657 1465 πρδς
1695 1394 1754 1447 σὲ
1813 1393 2138 1460 ἀποστολῆς.
2191 1391 2537 1462 Γνωρίζομεν
2588 1389 2646 1442 δέ
2679 1408 2760 1443 σοι
2814 1392 2908 1443 καὶ
2964 1389 3143 1454 τοῦτο,
3198 1391 3281 1443 ὅτι
3311 1389 3491 1460 χάριτι
3544 1388 3680 1441 Θεοῦ
3721 1392 3790 1439 τά
3844 1384 4082 1438 ἐνταῦθα

820 1488 1244 1551 καταλαϐόντες,
1299 1488 1354 1539 εί
1406 1504 1459 1540 τι
1503 1487 1800 1541 σκάνδαλον
1866 1487 1929 1538 ὲκ
1962 1485 2058 1538 τοῦ
2100 1485 2363 1554 τετάρτου
2414 1482 2595 1552 γάμου
2631 1483 2689 1534 ἐν
2735 1485 2803 1553 τῇ
2845 1482 3142 1551 Ἐκκλησία
3184 1481 3523 1551 συμϐέϐηκε,
3580 1479 3740 1532 τοῦτο
3787 1478 3925 1547 μετὰ
3977 1478 4079 1547 τῆς

817 1580 978 1647 ημῶν
1010 1580 1396 1650 ταπεινότητος
1434 1578 1512 1648 τῷ
1541 1579 1844 1647 άναθέματι
1880 1575 2300 1646 παραδεδώκασι
2337 1574 2436 1641 (1),
2474 1574 2570 1627 καὶ
2608 1576 2787 1628 πάντα
2832 1574 2933 1627 ὃσα
2972 1574 3140 1627 ἐδεῖτο
3171 1573 3490 1642 θεραπείας,
3530 1572 3684 1641 ἔτυχε
3715 1576 3815 1641 τῆς
3864 1571 4081 1638 ὀφειλοο

822 1671 989 1742 μένης
1045 1673 1263 1734 ἰάσεως,
1296 1672 1389 1724 καὶ
1442 1671 1629 1724 λοιπὸν
1659 1671 1813 1739 κοινῇ
1866 1672 1977 1729 τοῖς
2020 1669 2311 1738 ἀκράντοις
2368 1666 2793 1736 ὑπηρετήσαμεν
2851 1664 3201 1735 μυστηρίοις,
3257 1664 3351 1717 καὶ
3408 1664 3508 1732 τῆς
3568 1663 3851 1724 κοινωνίας
3896 1663 4083 1714 αὐτῶν

822 1762 1158 1832 μετέσχομεν
1190 1762 1283 1814 καὶ
1330 1760 1423 1813 τοῦ
1476 1758 1776 1829 ἀγιασμοῦ,
1820 1759 1916 1812 καὶ
1960 1758 2152 1825 γέγονε
2212 1756 2397 1808 λοιπον
2453 1759 2486 1827 ἡ
2526 1757 2814 1825 Ῥωμαίων
2850 1758 2943 1806 καὶ
2988 1757 3020 1824 ἡ
3069 1755 3720 1808 Κωνσταντινουπολιτῶν
3784 1752 4086 1821 Ἐκκλησία

820 1857 952 1923 μιᾶς
1020 1855 1321 1923 συμπνοίας
1357 1854 1452 1905 καὶ
1509 1854 1784 1922 ὁμονοίας.
1831 1849 2187 1921 Ἐγράψαμεν
2227 1849 2321 1902 οὖν
2353 1851 2445 1902 καὶ
2472 1849 2603 1919 περὶ
2628 1848 2838 1913 τούτου,
2875 1847 2970 1900 τοῦ
3010 1847 3107 1914 μὲν
3163 1848 3249 1900 ἵνα
3315 1848 3410 1899 καὶ
3470 1847 3633 1911 αὐτὸς
3685 1848 3896 1916 χαίρειν
3926 1845 4083 1917 ἔχῃς,

819 1949 1007 2015 ὥσπερ
1040 1950 1132 1999 καὶ
1153 1949 1333 2017 ἡμεῖς,
1366 1947 1457 1999 ἐπὶ
1482 1948 1549 2016 τῇ
1575 1948 1910 1999 καταστάσει
1933 1942 2043 1995 τῶν
2065 1942 2391 2012 ἐκκλησιῶν.
2424 1939 2555 1995 Οἶδα
2588 1942 2697 2010 γὰρ
2744 1943 2825 1994 δτι
2857 1957 2963 2008 περ
3030 1940 3076 1991 εἰ
3102 1939 3196 1991 καὶ
3261 1941 3288 1991 ὁ
3322 1941 3566 2002 Σατανᾶς
3603 1940 3671 1992 τὰ
3719 1940 3854 1993 ἄλλα
3896 1940 4085 2001 κακῶς

815 2037 1032 2107 διέθηκε
1082 2038 1285 2108 μεταξὺ
1348 2040 1641 2106 Ῥωμαίων

817 2136 1149 2188 καταστάσει
1174 2136 1271 2204 τῆς
1302 2133 1467 2187 αὑτοῦ
1503 2132 1832 2204 Ἐκκλησίας
1867 2133 1966 2203 (Ξ).

887 2292 1021 2348 Illud
1078 2292 1273 2356 miror,
1320 2306 1353 2344 ο
1398 2289 1496 2353 lili,
1547 2289 1693 2360 quod
1729 2299 1880 2343 tanta
1932 2288 2221 2357 prudentia
2270 2303 2403 2357 prae-
2433 2295 2476 2349 Β

820 2395 973 2439 stans
1008 2399 1120 2437 rem
1152 2391 1244 2436 tua
1280 2381 1571 2452 prudentia
1608 2380 1885 2450 indignam
1920 2378 2110 2433 facias.
2160 2376 2397 2446 Recepta

818 2477 887 2528 ab
923 2474 1029 2528 illis
1067 2474 1158 2543 qui
1196 2473 1290 2528 Dei
1340 2471 1683 2542 providentia
1729 2470 2019 2539 imperium
2054 2478 2247 2524 tenent
2281 2468 2401 2537 epi-

819 2568 984 2630 stola,
1021 2566 1101 2620 eis
1132 2581 1238 2619 non
1278 2564 1601 2634 respondes,
1648 2564 1741 2618 sed
1794 2563 2031 2627 senatui,
2087 2562 2231 2631 quod
2266 2576 2398 2615 sane

820 2664 1119 2725 insuetum,
1143 2661 1442 2729 audituque
1462 2659 1804 2722 indecorum,
1826 2658 1877 2711 in
1906 2668 1957 2712 te
1973 2656 2303 2725 vituperium
2333 2669 2401 2708 ne

822 2752 1132 2807 suscitaret.
1167 2750 1304 2817 Quis
1338 2752 1483 2806 enim
1518 2750 1683 2804 homo
1715 2749 1855 2803 inter
1882 2762 2074 2802 omnes
2105 2746 2391 2816 epistolam

823 2844 892 2895 ah
947 2843 1253 2911 imperante
1301 2841 1615 2910 accipiens,
1666 2856 1791 2895 eum
1855 2840 2117 2911 negligit,
2171 2838 2395 2892 scribit-

822 2947 930 3002 que
985 2932 1049 2986 ad
1094 2932 1219 2988 illos
1274 2934 1367 3003 qui
1418 2934 1519 2988 sub
1570 2933 1688 3002 ejus
1738 2942 2004 3002 potestate
2048 2932 2215 2986 sunt?
2265 2930 2402 2996 Quis

821 3041 1062 3095 unquam
1111 3040 1290 3095 regem
1336 3025 1618 3095 negligens
1656 3025 1744 3078 cui
1791 3033 2032 3094 potestas
2066 3024 2400 3094 approbandi

822 3127 916 3170 aut
945 3117 1283 3185 improbandi
1310 3132 1433 3186 quae
1462 3117 1606 3170 dicta
1638 3125 1786 3176 sunt,
1822 3131 1944 3170 cum
1983 3115 2249 3170 ministris
2281 3116 2403 3184 ejus

822 3209 1217 3272 communicat,
1253 3216 1306 3262 et
1342 3210 1411 3262 ab
1460 3207 1569 3262 illis
1604 3206 1915 3277 opinionem
1968 3206 2251 3260 sciscitare
2295 3220 2402 3258 non

823 3301 1189 3369 dedignatur?
1232 3300 1461 3354 Ubinam
1498 3300 1740 3371 gentium
1795 3298 1926 3352 illud
1980 3297 2181 3352 factum
2232 3296 2402 3351 fuisse

822 3390 1080 3444 audisti?
1151 3389 1286 3444 lllud
1344 3390 1543 3443 rationi
1606 3403 1739 3443 sane
1800 3388 2065 3442 absonum
2131 3402 2399 3455 nusquam

823 3497 997 3551 usque
1035 3480 1213 3536 adhuc
1242 3482 1445 3544 evenit,
1479 3494 1655 3549 neque
1682 3487 1768 3533 est
1806 3478 1897 3547 qui
1933 3470 2164 3532 audiens
2195 3478 2275 3531 sic
2311 3493 2404 3531 co-

824 3575 1083 3645 gitantem
1135 3590 1245 3629 non
1287 3576 1635 3629 condemnet.
1686 3572 1876 3641 Abjice
1921 3586 2077 3640 ergo,
2112 3584 2143 3621 ο
2173 3571 2269 3632 lili,
2299 3571 2403 3623 tale

1731 2038 1822 2089 καὶ
1884 2036 2232 2103 Βουλγάρων,
2302 2036 2414 2088 ἀλλ’
2469 2037 2618 2103 ὅμως
2685 2035 2757 2096 ὼς
2805 2033 2898 2086 τοῦ
2965 2030 3201 2105 Χριστοῦ
3251 2032 3573 2103 λατρευτὴς,
3630 2036 3841 2103 χαίρεις
3883 2035 3976 2086 ἐπὶ
4018 2038 4086 2105 τῇ

2588 2288 2795 2339 Ἐκεῖνο
2828 2288 2884 2340 δὲ
2928 2284 3217 2355 θαυμάζω,
3250 2285 3440 2336 τέκνον
3468 2281 3649 2350 ἡμῶν,
3674 2281 3815 2345 πῶς,
3839 2283 4087 2349 τοσαύτῃ

2502 2379 2720 2431 συνέσει
2743 2378 3093 2446 διαπρέπων,
3131 2377 3363 2446 πρᾶγμα
3390 2377 3564 2437 ποιεῖς
3600 2372 3819 2438 ἀνάξιον
3854 2375 3953 2441 τῆς
3983 2375 4088 2442 σῆς

2503 2472 2795 2535 συνέσεως.
2842 2472 3142 2541 Δεχόμενος
3201 2470 3307 2537 γὰρ
3352 2468 3588 2538 γράμμα
3644 2467 3796 2537 παρὰ
3847 2468 3959 2520 τῶν
3990 2469 4091 2519 λα-

2500 2564 2706 2636 χόντων
2762 2566 2827 2617 ὲκ
2889 2563 3026 2616 Θεοῦ
3065 2564 3375 2633 βασιλεύειν
3414 2560 3507 2614 τοῦ
3560 2560 3873 2628 Ῥωμαῖκοῦ
3930 2562 4089 2623 λαοῦ,

2501 2657 2862 2728 άντιγράφεις
2892 2658 2953 2709 οὐ
2994 2657 3130 2726 πρὸς
3174 2654 3440 2718 ἐκείνους,
3472 2654 3607 2707 ἀλλὰ
3646 2654 3779 2723 πρὸς
3821 2654 3916 2723 τὴν
3948 2653 4089 2718 65-:-

2504 2752 2725 2820 κλητον,
2762 2750 2790 2803 δ
2828 2750 2926 2803 καὶ
2955 2749 3261 2820 παρέδοξον
3292 2749 3525 2801 ἀκοῦσαι
3555 2749 3649 2800 καὶ
3683 2748 3952 2818 ἀπρεπὲς,
3987 2751 4091 2799 καὶ

2506 2846 2566 2897 σὲ
2602 2845 2681 2908 εἰς
2716 2844 2923 2915 μέμψιν
2969 2843 3259 2912 ὲμόάλλον.
3303 2843 3397 2903 Τίς
3428 2842 3539 2912 γάρ
3570 2860 3699 2893 ποτε
3726 2841 3834 2893 τῶν
3864 2842 4093 2892 πάντων

2504 2936 2834 3005 ἀνθρώπων,
2873 2937 2937 2988 ὲκ
2966 2936 3058 2988 τοῦ
3093 2934 3350 3004 λαχόντος
3371 2934 3561 3003 ἄρχειν
3582 2934 3815 3002 γράμμα
3854 2933 4093 3000 δεχὸμε·

2504 3043 2616 3089 νος,
2649 3028 2866 3079 ἐκεῖνον
2901 3026 3001 3093 μὲν
3055 3025 3402 3084 καταλείπει,
3436 3025 3640 3092 γράφει
3695 3024 3750 3075 δὲ
3783 3022 3918 3092 πρὸς
3950 3023 4087 3081 τοὺς

2505 3120 2610 3171 ὑπὸ
2639 3123 2796 3188 χεῖρα
2823 3119 3112 3178 τελοῦντας
3134 3136 3148 3179 ς
3168 3118 3263 3179 Τίς
3315 3133 3467 3178 ποτε,
3497 3116 3586 3167 τὸν
3609 3114 3874 3182 δεσπότην
3895 3114 4091 3180 ἀφεὶς,

2503 3210 2562 3271 ὃς
2608 3212 2796 3280 κύριος
2839 3208 3078 3279 ὑπάρχει
3111 3209 3241 3276 περὶ
3276 3208 3383 3259 τῶν
3424 3206 3736 3274 λεγομένων
3775 3205 3868 3257 καὶ
3910 3222 4093 3257 κατα-

2505 3304 2683 3356 νεύειν
2742 3302 2835 3354 καὶ
2900 3302 2994 3370 μὴ,
3047 3303 3157 3364 τοῖς
3184 3300 3393 3358 δούλοις
3436 3299 3768 3365 διαλέγεται,
3826 3298 3921 3348 καὶ
3953 3298 4095 3365 παρ’

2507 3394 2733 3448 ἐκείνων
2767 3393 2908 3456 άξιοί
2938 3392 3165 3460 γνώμην
3212 3390 3555 3460 λαμῦάνεινς
3604 3388 3711 3441 Ποῦ
3747 3387 3902 3440 τοῦτο
3932 3388 4093 3455 γινό-

2508 3505 2672 3558 μενον
2696 3488 2937 3557 ἤκουσας
2969 3488 3026 3537 ἐν
3054 3487 3219 3537 πᾶσιν
3236 3482 3550 3553 ἀνθρώποις
3567 3500 3580 3544 ;
3600 3482 3673 3533 Οὐ
3697 3480 3886 3547 γέγονε
3917 3480 4095 3549 μέχρι

2506 3581 2601 3634 καὶ
2632 3579 2727 3633 νῦν
2761 3577 2999 3648 οὐδαμοῦ
3034 3578 3093 3630 τὸ
3132 3577 3443 3648 παράλογον
3471 3576 3650 3637 τοῦτο,
3678 3573 3786 3626 οὐδ’
3817 3573 3967 3623 ἔστιν
3998 3572 4093 3638 ὃς,

826 3669 1188 3735 propositum,
1243 3665 1389 3734 quod
1442 3664 1679 3733 iocantis
1714 3671 1820 3727 est,
1875 3677 1982 3716 non
2013 3661 2112 3715 viri
2147 3662 2299 3715 serii.
2340 3662 2396 3715 Si

2508 3671 2667 3723 τοῦτο
2697 3670 2968 3735 ἀκούσας,
3027 3670 3148 3739 οὐχὶ
3196 3669 3399 3738 πολλὴν
3434 3667 3780 3733 κατάγνωσιν
3818 3665 3964 3719 κατὰ
3990 3665 4096 3716 τοῦ

827 3774 977 3821 vero,
1012 3757 1123 3813 Deo
1154 3758 1394 3824 alllaute,
1442 3760 1755 3813 meditando
1794 3757 1994 3812 ductus
2023 3757 2100 3811 sis
2140 3757 2206 3810 ad
2252 3755 2400 3809 dam-

824 3852 1003 3905 nanda
1055 3852 1511 3920 abliorrendaque
1565 3868 1628 3905 ea
1704 3866 1824 3918 qua:
1878 3851 2146 3920 patrasti.
2195 3851 2404 3904 scilicet

825 3941 1022 4003 uedes,
1049 3942 1269 3995 urbium
1292 3942 1564 4005 incendia,
1592 3950 1924 4010 craterasque
1966 3940 2320 4002 vastationes,
2348 3950 2402 3994 et

824 4032 891 4084 ad
913 4034 1049 4086 bona
1074 4034 1223 4103 pacis
1240 4034 1511 4088 advertas.
1529 4035 1709 4088 scribe
1726 4033 1791 4086 ad
1807 4049 1902 4087 eos
1924 4032 2016 4101 Qui
2043 4047 2071 4084 a
2100 4033 2204 4085 Deo
2225 4038 2407 4085 tenent

821 4124 1108 4193 imperium
1129 4127 1424 4197 populique
1443 4142 1627 4180 curam
1654 4143 1670 4192 ;
1698 4135 1774 4192 et,
1798 4127 1844 4180 si
1874 4126 2105 4189 videtur,
2131 4125 2307 4179 locum
2332 4125 2409 4177 in-

823 4219 943 4272 dica
978 4221 1028 4274 in
1086 4236 1246 4288 quem
1281 4220 1607 4276 convenient
1635 4221 1727 4289 qui
1755 4222 1823 4274 de
1852 4235 1985 4289 pace
2006 4219 2312 4274 consuleut.

2502 3762 2732 3816 τοιαῦτα
2758 3762 3082 3832 φρονοῦντος
3105 3761 3415 3831 ποιήσεται.
3444 3760 3726 3812 Κατάλιπε
3750 3756 3864 3823 οὖν,
3890 3758 4097 3810 τέκνον

2508 3854 2684 3923 ἡμῶν,
2720 3853 2819 3924 τὴν
2840 3854 3096 3923 τοιαύτην
3131 3854 3376 3906 ἐπίνοιαν
3399 3870 3412 3884 ο
3454 3853 3516 3904 οὐ
3558 3852 3667 3920 γάρ
3692 3853 3809 3902 ἐστι
3849 3849 4097 3901 σπουδα-

2505 3947 2729 4011 ζόντων,
2748 3944 2881 3998 άλλὰ
2900 3944 3224 4008 παιζόντων.
3246 3945 3354 3996 Καὶ
3379 3943 3442 3995 σὺ
3466 3940 3583 4003 οἷον,
3605 3945 3731 4010 εἴγε
3757 3940 3939 3993 λαϐὼν
3967 3941 4101 3994 θεός

2508 4037 2600 4088 θεν
2628 4036 2867 4088 διάνοιαν
2895 4038 2974 4097 εὶς
3005 4037 3353 4102 κατάγνωσιν
3372 4030 3536 4103 ἦλθες
3582 4036 3678 4086 καὶ
3720 4032 4101 4102 μεταμέλειαν

2512 4128 2619 4180 τῶν
2663 4128 2814 4197 παρᾶ
2846 4127 2939 4179 σοῦ
2967 4127 3292 4196 γενομένων,
3312 4128 3420 4179 τῶν
3449 4127 3645 4193 φόνων,
3673 4125 3780 4177 τῶν
3803 4125 4102 4194 πυρπολήο

2512 4235 2669 4281 σεων,
2710 4219 2811 4287 τῆς
2848 4217 3014 4285 ἄλλης
3067 4218 3419 4287 ἐρημώσεως,
3464 4218 3558 4271 καὶ
3622 4217 3689 4268 τά
3722 4216 3821 4284 τῆς
3858 4217 4099 4285 εἰρήνης

824 4316 1043 4383 φρονεῖς
1071 4312 1307 4385 άληθῶς,
1327 4314 1508 4385 γράφε
1536 4314 1673 4383 πρὸς
1708 4316 1831 4375 τοὺς
1857 4313 2119 4375 λαόὁντας
2152 4312 2300 4380 παρὰ
2338 4310 2472 4363 Θεοῦ
2500 4310 2593 4363 καὶ
2614 4311 2712 4380 τὴν
2752 4310 3029 4380 βασιλείαν
3069 4313 3168 4363 καὶ
3194 4309 3292 4379 τὴν
3322 4312 3580 4380 πρόνοιαν
3608 4310 3703 4362 τοῦ
3726 4310 3855 4363 λαοῦ
3880 4307 4057 4361 αὑτοῦ
4082 4330 4095 4340 ·

823 4411 921 4465 καὶ
942 4408 996 4461 εί
1045 4426 1108 4479 γε
1166 4410 1328 4465 τοῦτο
1359 4410 1529 4473 δοκεῖ,
1595 4409 1688 4461 καὶ
1716 4409 1808 4460 τὸν
1870 4408 2035 4460 τόπον
2095 4408 2151 4460 ἐν
2191 4400 2236 4475 ᾧ
2271 4406 2708 4478 συναφθησονται
2748 4410 2796 4461 οἱ
2835 4407 2902 4459 τά
2925 4407 3025 4476 τῆς
3055 4406 3280 4476 εἰρήνης
3317 4404 3731 4476 συνθησόμενοι.

899 4566 964 4617 lit
1014 4564 1058 4618 si
1106 4573 1164 4618 tu
1216 4564 1335 4634 ipse
1378 4564 1675 4619 convenire
1708 4564 1861 4627 velis,
1900 4565 2135 4618 declara.
2191 4562 2254 4615 Et
2301 4576 2403 4632 ego

827 4655 1071 4718 humilis,
1102 4655 1203 4710 etsi
1244 4670 1411 4710 senex
1455 4669 1519 4709 ac
1562 4654 1777 4718 debilis,
1831 4654 2186 4707 nihilominus
2254 4655 2319 4707 ad
2354 4665 2403 4707 te

2586 4561 2695 4614 Καὶ
2722 4564 2769 4613 εἰ
2807 4562 2905 4630 μὲν
2947 4562 3109 4624 αὐτὸς
3140 4561 3323 4632 βούλει
3369 4564 3458 4616 διὰ
3507 4562 3738 4616 σεαυτοῦ
3774 4565 4101 4632 παραγενέ-

2514 4654 2658 4719 σθαι,
2711 4654 3003 4708 καὶτοῦτο
3057 4656 3287 4726 ποίησον
3347 4657 3543 4726 δῆλον·
3603 4656 3743 4709 ὥστε
3791 4659 3886 4709 καὶ
3944 4658 4103 4729 ἐμὴν

828 4744 1155 4813 congrediar
1184 4760 1310 4798 cum
1360 4747 1688 4814 proceribus
1731 4761 1876 4813 quos
1929 4745 2102 4798 nostri
2151 4753 2401 4799 amantes

2507 4749 2899 4817 ταπεινότητα,
2945 4751 2994 4800 εἰ
3028 4750 3123 4802 καὶ
3150 4750 3332 4818 γέρων
3364 4752 3458 4802 καὶ⁵
3499 4750 3754 4820 ἀσθενὴς,
3793 4750 3910 4803 ἀλλ’
3933 4752 4101 4821 ὅμως

828 4834 1105 4887 Christum
1133 4832 1481 4902 imperatoris
1505 4835 1855 4904 delegabunt.
1892 4835 1982 4888 Sic
2014 4850 2135 4901 age,
2167 4836 2214 4890 si
2258 4852 2404 4901 vere,

825 4925 966 4981 bella
997 4934 1049 4979 ct
1080 4926 1257 4989 caedes
1299 4926 1502 4990 oderis,
1554 4929 1599 4983 si
1653 4928 1804 4997 pacis
1839 4928 2141 4983 desiderico
2201 4932 2409 4984 teneari

827 5019 923 5074 Sin
967 5029 1156 5073 contra
1189 5035 1313 5089 qua:
1332 5020 1531 5076 scribis
1563 5036 1671 5075 non
1704 5021 1805 5076 viri
1840 5036 1966 5076 vere
1996 5022 2216 5077 solliciti
2253 5032 2407 5090 sunt,

828 5126 1003 5178 neque
1030 5126 1216 5179 pacem
1251 5113 1576 5180 appetentis,
1631 5115 1723 5170 sed
1779 5130 1931 5168 vanae
1977 5115 2329 5184 allegationes
2354 5127 2409 5171 et

824 5202 990 5257 verba
1042 5204 1106 5255 ad
1139 5204 1325 5273 jocum
1377 5220 1659 5275 expressa,
1711 5208 1894 5276 ponus
1944 5216 2028 5261 est
2075 5208 2127 5260 in
2180 5209 2399 5264 silentio

827 5311 1067 5359 manere,
1123 5313 1223 5351 nec
1271 5298 1400 5356 talia
1447 5300 1710 5365 scribere,
1758 5316 1933 5369 neque
1986 5318 2084 5355 nos
2142 5301 2207 5355 ad
2258 5316 2398 5356 vana

829 5388 982 5440 vanis
1030 5388 1251 5457 scriptis
1274 5392 1619 5446 rescribenda
1671 5407 1990 5462 provocare.
2040 5394 2309 5449 (Laterum
2348 5406 2400 5449 te

827 5477 1064 5534 validum
1128 5481 1385 5538 Christus
1430 5482 1573 5537 Deus
1613 5495 1803 5543 noster
1852 5485 2147 5550 custodiat,
2224 5502 2400 5556 eoque

901 5680 979 5748 (l)
1018 5681 1250 5736 Deerant
1279 5686 1494 5740 verbaa
1525 5685 1686 5739 τοῦτο
1742 5690 1809 5741 ad
1870 5686 2287 5748 παραδεδώκασι
2341 5690 2393 5742 in

826 5752 1122 5820 exemplari
1184 5770 1292 5819 quo
1326 5771 1459 5810 usus
1487 5756 1589 5810 fuit
1622 5757 1910 5812 Baronius.
1954 5752 2089 5809 Num
2126 5758 2237 5813 haec
2263 5759 2389 5812 item

831 5830 955 5873 sunt
1004 5823 1183 5878 addita
1248 5839 1275 5878 a
1308 5825 1530 5881 librario
1580 5827 1769 5882 Grasco
1810 5838 1869 5882 ut
1917 5828 2202 5883 damnatas
2234 5845 2264 5883 a
2292 5828 2397 5884 Ro-

2506 4840 2784 4909 ὑπεριδεῖν
2834 4843 3040 4895 τούτων
3075 4843 3170 4895 καὶ
3206 4843 3340 4913 πρὸς
3386 4844 3444 4896 σὲ
3493 4843 3924 4913 παραγενέσθαι,
3963 4846 4103 4911 μεθ’

2504 4926 2580 4985 ὧν
2631 4932 2697 4985 ἂν
2746 4934 3091 5001 δοκιμάσωσι
3148 4936 3462 5005 προκρίτων
3529 4936 3628 5003 τῆς
3698 4935 3984 4999 πολιτείας
4041 4939 4105 4990 οἱ

2507 5025 2845 5094 φιλόχριστοι
2874 5026 3118 5096 βασιλεῖς
3150 5027 3331 5096 ἡμῶν.
3375 5026 3548 5079 Τοῦτο
3579 5026 3828 5097 ποίησον,
3865 5029 3912 5080 εί
3944 5027 4104 5095 άλη-

2507 5115 2614 5178 θῶς
2669 5118 2985 5188 μεμίσηκας
3019 5120 3292 5188 πολέμους
3319 5121 3415 5173 καὶ
3448 5120 3549 5183 τὰς
3590 5120 3825 5188 σφαγὰς.
3857 5119 3951 5173 καὶ
3987 5122 4106 5191 τῆς

2509 5209 2734 5277 εἰρήνης
2764 5210 2822 5261 εν
2868 5209 3133 5280 ἐπιθυμία
3166 5210 3461 5279 κατέστης.
3492 5211 3555 5265 Εἰ
3584 5211 3627 5263 δ’
3658 5210 3695 5265 ἃ
3721 5210 3956 5280 γράφεις
3988 5212 4107 5267 οὐκ

2508 5302 2625 5355 ἔστι
2650 5304 3074 5372 σπουδάζοντος,
3107 5306 3229 5359 οὐδὲ
3275 5308 3374 5377 τὴν
3416 5308 3643 5378 εἰρήνην
3670 5306 4105 5377 ἐπιζητοῦντος,

2507 5396 2645 5450 ἀλλὰ
2676 5400 2982 5469 προφάσεις
3012 5401 3106 5455 καὶ
3132 5400 3282 5468 λόγοι
3297 5402 3488 5473 παιδιᾷ
3522 5402 3873 5471 μεμιγμένοι,
3902 5404 4109 5472 κρεῖτ-

2505 5491 2597 5542 τόν
2644 5493 2763 5544 ὲστι
2822 5492 3035 5563 σιωπὴν
3104 5495 3452 5563 κτήσασθαι,
3504 5494 3599 5547 καὶ
3660 5495 3797 5564 μήτε
3849 5494 4107 5563 γράφειν

2508 5705 2669 5743 mana
2693 5706 2921 5814 7quoque
2958 5691 3198 5748 Ecclesia
3241 5701 3469 5761 quartas
3495 5693 3712 5762 nuptias
3760 5691 3899 5747 falso
3944 5692 4102 5747 amr-

2508 5772 2675 5813 maret

2504 5772 2675 5813 maret

2579 5831 2655 5899 (‘2)
2693 5830 2962 5888 Hactenus
2994 5833 3138 5904 apud
3171 5832 3487 5888 baronium.
