4182 6428
127 336 212 409 ῙΞῙ
915 349 925 355 ’
1589 351 1995 412 EPIS’l‘Ol..E.

3297 345 3401 411 182

124 463 371 530 rauim,
410 463 553 535 μήτε
616 463 741 519 ἀντὶ
774 463 1171 533 ματαιολογίας
1211 463 1353 534 map"
1391 462 1549 533 ὑμῶν
1585 481 1722 535 γρα-

1849 466 1999 535 uagis
2033 467 2311 531 extendat,
2367 465 2724 522 succurrendi
2756 480 2947 528 causa,
2999 480 3245 529 manuni,
3291 482 3399 534 quo

127 572 171 619 φ’
191 554 391 623 μένης,
416 557 859 627 ἁντιγρὰφεσθαξ
890 575 973 610 σοι
994 556 1391 625 ματαιολογίας
1420 557 1721 625 ἐπιζητεῖν.

128 640 194 691 Τὰ
225 641 272 692 δ’
300 642 445 695 ἄλλα
476 644 793 715 ἐρρωμένον
828 663 885 699 σε
918 646 1241 715 διαφυλάξοι
1266 646 1505 717 Χριστὸς
1540 649 1568 701 ό
1591 648 1723 710 Θεὸς

128 734 297 801 ἡμῶν,
344 735 521 789 πλέον
556 737 889 791 ἔπεκτείνων
919 738 1017 808 τὴν
1053 742 1210 809 χεῖρα
1236 740 1317 801 είς
1348 738 1600 810 βοήθειαν
1628 738 1723 793 τοῦ

128 826 305 887 καλῶς
366 828 467 881 τὸν
528 830 643 898 βίον
692 832 931 901 περᾶσαι
991 832 1088 885 καὶ
1141 832 1548 897 ἀκατακρίτως,
1612 832 1722 903 ὅσῳ

131 910 289 966 πλέον’
346 917 486 987 ὑμῖν
534 919 595 971 τὸ
632 921 858 989 φορτίον
895 922 1007 975 τῶν
1054 922 1340 991 κοσμιγῶν
1375 923 1723 993 πραγμάτων

1825 561 2047 630 gravius
2076 559 2478 612 mundanorum
2529 558 2872 629 negotiorum
2924 573 3067 612 onus
3118 556 3399 625 imposuit.

1832 665 2009 719 neque
2053 652 2329 719 permittat
2379 650 2489 704 vim
2546 652 2623 704 tui
2669 650 2840 705 animi
2885 649 2990 704 isto
3022 664 3191 704 onere
3241 647 3405 711 llectt,

1828 743 2018 812 sicque
2070 744 2136 796 ad
2190 744 2447 798 indecora
2482 742 2701 805 delet-ri,
2758 740 2907 811 quod
2944 745 3145 810 saepius
3208 739 3409 794 accidit

1822 834 1930 889 illis
1960 834 2051 904 qui
2084 834 2326 904 imperiis
2373 844 2633 905 pnesuut,
2659 846 2711 889 et
2744 820 2944 905 quibus
2978 834 3032 887 in
3066 833 3169 887 hoc
3206 833 3410 886 mundo

1829 937 2077 997 potestas
2111 929 2519 998 auctoritasque
2550 928 2703 982 fuere
2732 927 3063 981 commissae.

129 1010 387 1075 ἐπέθηκε,
414 1012 510 1063 καὶ
536 1014 612 1082 μὴ
646 1018 998 1088 συγχωρήσω
1032 1018 1109 1087 τῷ
1131 1019 1339 1074 τούτων
1380 1020 1537 1091 βάρει
1569 1019 1665 1073 τοῦ
1726 1020 1819 1074 νοῦ
1860 1025 2202 1095 χαλασθῆναι
2233 1027 2293 1078 τὸ
2318 1026 2553 1088 ἔντονον,
2580 1024 2676 1078 καὶ
2706 1022 2793 1077 διὰ
2827 1022 2985 1077 τοῦτο
3007 1022 3147 1093 πρὸς
3186 1020 3415 1090 ἀπρεπῆ

132 1103 446 1171 πράγματα
472 1106 856 1177 ἐξενεχθῆναι,
898 1110 1037 1181 ὅπερ
1077 1111 1155 1176 ὡς
1181 1112 1253 1166 τὰ
1285 1112 1456 1167 πολλὰ
1494 1112 1785 1183 συμϐαίνει
1845 1120 1958 1181 τοῖς
1985 1118 2083 1182 τὰς
2154 1118 2332 1189 ἀρχὰς
2361 1118 2628 1185 διέπουσι,
2695 1119 2793 1171 καὶ
2866 1118 3185 1172 δυναστείαν
3220 1130 3416 1183 κοσμι-

129 1200 223 1265 κὴν
258 1204 363 1255 καὶ
396 1203 652 1267 ἐξουσίαν
684 1209 1219 1281 ὲγκεχειρισμένοις.

697 1393 827 1449 ΚΘ’.
866 1395 952 1461 Τῷ
983 1398 1165 1463 αὐτῷ.

203 1547 464 1617 Ἐσιωπή
475 1566 674 1620 σαμεν,
691 1552 885 1606 τέκνον
911 1553 1074 1623 ἡμῶν
1096 1573 1159 1606 πε
1170 1553 1309 1624 ποθη
1320 1555 1500 1623 μένον,
1531 1557 1725 1625 χρόνον

133 1642 336 1701 ἱκανὸν,
385 1646 487 1695 καὶ
526 1644 944 1715 συνεστάλημεν
970 1646 1069 1699 τοῦ
1102 1648 1242 1717 πρὸς
1280 1648 1426 1717 ὑμᾶς
1468 1650 1725 1717 γράφειν.

134 1733 285 1785 τοῦτο
343 1734 455 1802 μὲν
503 1734 707 1809 βαρείᾳ.
753 1739 1068 1808 πιεζόμενοι
1135 1739 1344 1809 θλίψει,
1380 1741 1466 1794 ὅτι
1514 1742 1579 1793 ἐκ
1616 1740 1728 1793 τῶν

2394 1395 2585 1451 XXIX.
2620 1394 2825 1451 Eidem.

1906 1553 2054 1607 Satis
2089 1554 2341 1608 siluimus
2364 1594 2377 1618 ,
2432 1568 2464 1607 ο
2498 1553 2572 1607 ﬁli
2609 1552 2943 1618 desiderate,
2981 1562 3037 1608 et
3065 1568 3091 1607 a
3125 1554 3421 1610 scribendo

1836 1646 2229 1711 ahstinuimus,
2291 1645 2512 1715 gravius
2563 1644 2813 1701 dolentes
2858 1644 3006 1716 quod
3042 1660 3107 1700 ex
3160 1646 3419 1716 frequen-

1840 1737 1987 1790 tibus
2074 1752 2211 1807 quas
2281 1736 2349 1790 ad
2404 1744 2457 1791 te
2528 1736 2856 1806 scripsimus
2943 1737 3145 1793 litteris
3216 1740 3420 1793 nullam

136 1825 344 1894 raptim
413 1830 791 1897 γραμμάτων,
846 1822 923 1882 ὧν
986 1832 1421 1902 πρωγράψαμεν
1472 1832 1732 1901 οὐδεμίαν

1849 1830 2134 1899 procedere
2179 1829 2466 1882 utilitatem
2497 1828 2846 1883 videremus.
2900 1828 3175 1900 simulque
3215 1831 3281 1884 ad
3330 1829 3422 1885 Fi-

136 1918 349 1988 εἴδομεν
402 1921 685 1990 ὠφέλειαν
736 1926 1158 1996 ἁπαντήσασαν,
1187 1926 1345 1980 τοῦτο
1386 1927 1442 1980 δὲ
1472 1927 1568 1979 καὶ
1594 1926 1729 1997 πρὸς

138 2012 224 2060 τὸν
244 2010 346 2063 τοῦ
376 2012 525 2065 Θεοῦ
558 2015 651 2066 τὸν
666 2014 768 2085 τῆς
793 2017 1022 2087 εἰρήνης
1044 2017 1221 2070 αἴτιον
1243 2017 1335 2070 καὶ
1360 2016 1599 2086 χορηγὸν
1631 2019 1730 2079 τὰς

137 2105 410 2169 ταπεινὰς
489 2106 655 2177 ἡμῶν
699 2108 915 2179 δεήσεις
978 2109 1402 2173 ἀνατεθεικότες
1449 2110 1544 2163 καὶ
1594 2109 1732 2179 πρὸς

139 2196 311 2264 μόνην
356 2199 469 2268 τήν
500 2199 636 2269 παρ’
672 2200 887 2254 ἐκείνου
930 2201 1248 2271 ἀφορῶντες
1282 2201 1596 2272 εὐμένειαν,
1638 2200 1733 2255 καὶ

137 2288 229 2359 τὴν
266 2292 603 2363 σωτηριώδη
630 2293 912 2364 πρόνοιαν,
935 2295 1059 2364 ἥτις
1090 2294 1179 2348 ἐπ’
1206 2295 1383 2349 οὐδενὶ
1412 2294 1582 2365 ἄλλῳ,
1608 2295 1736 2348 ὅσον

139 2380 230 2433 ἐπὶ
262 2384 333 2451 τῇ
370 2382 474 2435 τοῦ
539 2385 751 2456 κόσμου
795 2386 1168 2457 θεραπεύεται
1222 2388 1436 2461 είρήνῃ.
1494 2386 1609 2440 Νῦν
1656 2385 1732 2451 δὲ,

140 2473 325 2526 τέκνον
381 2476 573 2547 ἡμῶν,
631 2478 823 2549 ἐπειδὴ
873 2478 1065 2550 ῶσπερ
1089 2480 1154 2533 τὸ
1198 2480 1336 2533 πολὺ
1367 2480 1531 2550 βάρος
1560 2481 1735 2534 ἐκεῖνο

140 2565 232 2632 τῆς
254 2565 504 2635 θλίψεως
546 2572 610 2623 ὲκ
634 2572 733 2642 τῆς
764 2572 996 2643 καρδίας
1030 2573 1192 2642 ἡμῶν
1240 2573 1731 2643 ἁπογεγενημένον

140 2657 452 2727 ᾐσθόμεθα,
484 2662 582 2715 καὶ
641 2666 781 2734 πρὸς
833 2665 1055 2728 ἐλπίδας
1091 2664 1305 2733 ἀγαθὰς
1356 2665 1734 2734 κατέστημεν,

142 2751 229 2801 καὶ
256 2753 346 2821 εἴη
378 2756 462 2821 μὴ
490 2753 890 2826 διαψευσθῆναι
922 2759 1070 2828 ἡμᾶς
1100 2759 1197 2827 τῆς
1234 2756 1444 2810 ἄνωθεν
1487 2756 1739 2815 εὐδοκίας

140 2844 300 2899 τοῦτο
352 2850 857 2921 προμηθουμένης,
907 2852 1071 2904 πάλιν
1120 2852 1213 2903 ἐπὶ
1246 2851 1305 2903 τὸ
1335 2850 1569 2920 γράφειν
1602 2850 1739 2919 πρὸς

142 2939 236 3011 τὴν
260 2941 425 3011 ὑμῶν
454 2942 821 3012 μεγαλόδοξον
844 2944 1188 3014 ὡρμήσαμεν
1203 2946 1518 3013 τιμιότητα,
1548 2943 1739 2995 τέκνον

145 3032 324 3099 ἡμῶν,
366 3033 458 3085 υίέ
492 3050 599 3102 μου
634 3035 890 3105 ἀγαπητέ
912 3051 925 3064 °
960 3035 1269 3104 ἀγαπῶμεν
1295 3037 1404 3104 γάρ
1437 3051 1519 3095 σε,
1549 3034 1645 3087 καὶ
1675 3034 1741 3085 σὺ

144 3124 230 3176 te,
292 3125 523 3194 πατέρα
562 3126 662 3178 οὐκ
696 3128 956 3195 ἀγαπᾷς⁹
994 3129 1042 3179 εί
1071 3128 1183 3197 γὰρ
1226 3127 1471 3195 ἠγάπας,
1501 3125 1742 3195 ἤκουσας

1840 1923 1973 1976 lituu
2025 1920 2143 1988 Dei,
2192 1920 2343 1990 pacis
2374 1928 2653 1973 auctorem
2687 1929 2742 1975 et
2776 1920 3098 1991 magistrum
3145 1922 3425 1978 humiliter

1840 2026 2061 2070 nostras
2134 2029 2324 2084 preces
2379 2013 2705 2069 extollentes
2782 2024 3033 2084 respectu
3106 2016 3221 2070 solo
3277 2016 3423 2071 illius

1841 2107 2265 2172 benevolentitc,
2299 2106 2669 2177 salutarisque
2712 2106 3103 2175 providentize,
3165 2124 3286 2180 qua:
3340 2110 3423 2162 ui~

1844 2197 1919 2251 hil
1980 2210 2135 2266 teque
2200 2211 2265 2250 ac
2330 2210 2518 2265 pacem
2555 2196 2744 2251 mundi
2792 2207 2969 2257 curat.
3020 2199 3175 2255 Nunc
3219 2209 3422 2268 autem,

1842 2287 2018 2351 oﬁli,
2067 2286 2328 2357 quoniam
2380 2286 2642 2353 majorem
2716 2288 2893 2357 gravis
2960 2292 3149 2347 oneris
3216 2305 3424 2361 partem

1843 2378 2137 2434 evanuisse
2172 2376 2464 2442 sentimus,
2513 2388 2567 2432 et
2592 2378 2658 2432 ad
2694 2394 2843 2449 spem
2896 2380 3095 2435 bonam
3141 2383 3425 2448 rediimus,

1844 2473 2049 2527 utinam
2102 2471 2156 2525 in
2210 2486 2475 2537 errorem,
2504 2471 2709 2527 ctelesti
2751 2473 3084 2542 benignitate
3110 2475 3425 2545 adjuvantc.

1845 2581 1957 2620 non
2008 2565 2186 2620 simus
2233 2564 2479 2621 inducti!
2538 2564 2727 2621 Denuo
2770 2566 2836 2621 ad
2874 2569 3223 2637 magnilicum
3271 2578 3425 2624 tuum

1847 2658 2112 2713 honorem
2144 2658 2387 2713 scribere
2418 2658 2773 2727 suscipimus,
2803 2675 2836 2714 ο
2865 2658 2960 2725 ﬁli,
2999 2660 3072 2715 ﬁli
3104 2661 3178 2716 mi
3209 2661 3428 2717 dilecte.

1847 2750 1923 2805 Te
1946 2751 2093 2805 enim
2118 2751 2525 2821 diligimus,qui
2550 2760 2759 2820 patrem
2798 2768 2906 2808 non
2959 2754 3163 2824 diligis.
3191 2752 3248 2808 Si
3283 2756 3429 2811 enim

1848 2844 2128 2913 diligeres,
2173 2850 2431 2913 paternas
2476 2844 2891 2901 adhortationes
2937 2845 3261 2901 audivisses.
3299 2846 3430 2912 Sed,

1848 2937 1885 2991 li
1936 2937 2009 2991 mi
2040 2936 2236 2993 dilecte
2264 2979 2279 3001 ,
2309 2952 2599 3007 quousque
2629 2939 2764 2992 tales
2816 2938 3048 3003 erimus,
3085 2940 3247 2994 Deum
3301 2956 3438 2995 con‘

1851 3030 2133 3085 tristantes
2168 3028 2347 3095 malis,
2384 3030 2586 3099 quibus
2616 3030 2937 3099 perniciem,
2966 3045 3089 3084 cum
3112 3040 3303 3085 nostro
3338 3033 3435 3086 de-

1852 3122 2049 3177 decore
2068 3162 2083 3187 ,
2111 3131 2313 3177 sanctae
2334 3123 2452 3192 ejus
2474 3121 2775 3177 haereditati
2796 3122 3073 3179 aﬁ‘erimus
3094 3124 3243 3179 ?Nos
3266 3125 3433 3188 enim,

145 3217 207 3267 ἂν
258 3218 654 3286 παραινέσεως
684 3220 978 3289 πατρικῆς.
1028 3218 1210 3284 Ἀλλὰ,
1249 3219 1442 3270 τέκνον
1472 3234 1575 3283 μου
1609 3218 1744 3285 ἢγα-

1851 3223 2059 3285 quanto
2088 3231 2153 3268 cx
2200 3223 2446 3285 tempore
2493 3214 2799 3270 Christiani
2852 3231 2977 3273 sese
3023 3218 3231 3273 mutuis
3269 3218 3437 3272 caedi-

146 3311 419 3380 πημένον,
466 3314 631 3383 μέχρι
669 3312 813 3374 τίνος
840 3312 986 3365 οὕτω
1003 3310 1419 3381 διακεισόμεθα,
1442 3309 1747 3372 λυποῦντες

148 3406 244 3471 μὲν
278 3404 449 3466 Θεδν,
472 3406 559 3474 ἐφ’
584 3400 667 3467 οἷς
693 3404 916 3475 ὄλεθρον
951 3404 1325 3474 προξενοῦμεν
1338 3405 1405 3475 τῇ
1436 3404 1570 3474 ἁγίᾳ
1609 3402 1743 3455 τού-

1848 3309 1950 3364 bus
1986 3308 2216 3371 foedant,
2272 3325 2338 3363 ne
2364 3307 2630 3378 judicium
2668 3309 2889 3379 quidem
2944 3311 3038 3365 Dei
3082 3312 3434 3367 metuendum

1848 3402 2301 3473 recogitavimus.

144 3520 239 3556 του
296 3500 674 3573 κληρονομία,
715 3504 797 3564 εἰς
839 3500 1043 3564 ὄνειδος
1084 3502 1141 3554 δὲ
1190 3500 1424 3565 ἑαυτῶν,
1460 3500 1544 3552 ὃτι
1590 3500 1783 3573 χρόνον
1823 3499 1915 3553 ἐπὶ
1977 3497 2237 3553 τοσοῦτον
2265 3500 2385 3562 ταῖς
2408 3498 2528 3552 κατ’
2557 3498 2803 3581 ἀλλήλων
2844 3502 3083 3573 σθφαγαῖς
3115 3499 3437 3571 Χριστιανοὶ

149 3599 505 3665 μολύνονται,
536 3595 637 3650 οὐκ
690 3597 1031 3667 ὲννοήσαμεν
1074 3597 1138 3650 τὸ
1173 3595 1407 3667 φοϐερὸν
1439 3592 1729 3664 κριτήριον
1766 3593 1861 3648 τοῦ
1889 3591 2064 3657 Θεοῦ’;
2892 3588 2899 3595 ”

216 3774 361 3833 υἷδα
418 3763 527 3843 δτι,
593 3778 688 3831 ἐὰν
744 3778 932 3851 βούλῃ,
964 3780 1182 3844 οὐδενὸς
1226 3780 1338 3834 τῶν
1365 3778 1461 3833 ἐπὶ
1488 3780 1751 3849 φρονήσει

147 3872 554 3941 ειαϐοωμένων
576 3872 636 3923 τὸ
674 3871 769 3924 τοῦ
798 3873 1023 3943 ,Κριτοῦ
1074 3871 1371 3942 γινώσκεις
1402 3872 1751 3942 κατάκριμα.

152 3968 301 4029 ⁹Εως
380 3967 515 4019 πότε
567 3965 940 4037 προστίθεμεν
990 3966 1138 4020 κακὰ
1190 3969 1306 4030 τοῖς
1337 3967 1572 4029 κακοῖςς
1606 3964 1755 4028 Ἕως

149 4063 299 4123 τίνος
382 4060 870 4130 παραχωρήσομεν
943 4060 1333 4132 καωρχεῖσθαι
1388 4057 1467 4129 τῷ
1517 4057 1756 4126 διαϐόλῳ

148 4160 269 4218 ταῖς
294 4154 416 4207 τῶν
438 4154 787 4229 Χριστιανῶν
815 4155 938 4208 κατ’
968 4153 1215 4225 ἀλλήλων
1238 4154 1477 4223 σφαγαῖς
1504 4169 1523 4217 ;
1565 4150 1751 4204 Ἐνθυ-

153 4251 394 4320 μήθητι,
425 4250 621 4301 τέκνον
652 4249 832 4319 ἡμῶν,
862 4250 945 4302 ὅτι
968 4234 1111 4318 τάχα
1137 4247 1235 4300 καὶ
1263 4247 1365 4317 τῆς
1401 4245 1550 4315 ζωῆς
1585 4246 1746 4316 ἡμῶν

147 4348 177 4397 ὁ
209 4349 413 4415 χρόνος
451 4343 762 4413 παρήλασε,
806 4345 903 4397 καὶ
938 4345 1070 4406 ῐσως
1098 4344 1161 4395 οὐ
1207 4343 1399 4413 μακρὰ
1436 4340 1749 4412 προθεσμία

149 4432 243 4486 τοῦ
296 4432 630 4501 διαλυθῆναι
679 4432 779 4502 τὴν
826 4432 1008 4503 ψυχὴν
1042 4433 1108 4486 ὲκ
1148 4432 1243 4486 τοῦ
1274 4432 1546 4501 σώματος.
1611 4425 1746 4484 Εἶτα

155 4529 296 4595 μετὰ
340 4526 513 4614 ποίας
560 4526 871 4596 ἀπαίρομεν
901 4527 1263 4598 συνειδήσεως
1313 4528 1377 4578 ἐκ
1410 4525 1506 4595 τῆς
1534 4524 1746 4595 παρούο
1783 4567 1828 4622 D

153 4637 253 4688 σης
283 4612 473 4686 ζωῆς,
493 4617 589 4670 ἐὰν
616 4617 777 4670 τοῦτο
794 4618 979 4688 συμϐῇ
1014 4612 1105 4670 οἷα
1128 4618 1198 4671 τὰ
1224 4616 1549 4687 ἀνθρώπινα
1582 4634 1598 4682 ;
1633 4617 1751 4669 Κᾶν

150 4715 381 4776 ἐλπίδες
405 4712 666 4766 ἀπατῶσι
701 4713 963 4775 πολλάκις
1009 4714 1256 4782 μάταιαι,
1289 4712 1372 4765 ὅτι
1401 4710 1750 4781 προσμενοῦ·

156 4828 259 4880 μεν
293 4809 399 4865 ἐστὶ
434 4808 627 4861 πλεῖον
658 4811 724 4879 τῇ
760 4808 1017 4880 παρούσῃ
1047 4806 1161 4878 ζωῇ
1186 4822 1203 4838 ⁸
1228 4807 1280 4859 τί
1326 4804 1562 4877 ἐροῦμεν
1590 4806 1748 4870 τότε;

153 4906 220 4957 τί
292 4900 716 4970 διανοηθῶμεν,
762 4900 851 4954 ὅτε
901 4900 1089 4964 στενὸς
1126 4902 1154 4954 ό
1184 4900 1397 4971 καιρὸς,
1443 4901 1536 4953 καὶ
1561 4900 1611 4952 ot
1651 4899 1754 4970 τὴν

154 4997 339 5067 ψυχὴν
387 4992 757 5057 ἀπαιτοῦντες
814 4992 1036 5062 ἄγγελοι
1105 4993 1499 5064 ἐφεστήκασιν,
1557 4992 1640 5045 ὅτι
1690 4993 1752 5046 οὐ

161 5092 326 5156 μόνον
388 5085 600 5152 ζῶντες
656 5085 1002 5157 ἐπράξαμεν,
1037 5082 1128 5141 οἷα
1185 5086 1543 5158 ὲπράξαμενς
1586 5081 1754 5151 Οἶδας

157 5182 215 5234 δὲ
246 5183 478 5241 πάντως
504 5172 594 5231 οἶα
625 5179 901 5251 ἐπράχθη,
963 5180 1065 5250 ὅση
1111 5181 1444 5252 Βουλγάρων
1479 5181 1571 5235 καὶ
1612 5182 1755 5235 Ῥω-

162 5278 347 5343 μαίων
426 5274 702 5336 ἀπώλεια,
765 5273 877 5327 τῶν
924 5275 1356 5345 υίοθετηθέντων
1390 5275 1509 5345 Θεῷ
1537 5275 1627 5329 διὰ
1658 5276 1753 5329 τοῦ

160 5372 551 5439 βαπτίσματος
576 5384 592 5400 ’
621 5370 720 5438 ὅση
750 5367 862 5422 τῶν
900 5368 1208 5439 ἐκκλησιῶν
1237 5370 1332 5422 τοῦ
1363 5370 1501 5424 Θεοῦ
1525 5370 1752 5441 ἐρημία,

161 5465 262 5516 καὶ
282 5463 386 5529 τῆς
415 5462 631 5514 ἐκείνου
671 5458 987 5527 δοξολογίας
1015 5462 1110 5515 καὶ
1141 5460 1250 5514 τῶν
1280 5462 1623 5532 τελουμένων
1656 5479 1759 5531 μυ-

167 5553 415 5624 στηρίων
437 5557 520 5615 εἰς
542 5552 924 5623 ἀποκάθαρσιν
944 5554 1053 5607 τῶν
1082 5556 1373 5626 ἁμαρτιῶν
1401 5558 1429 5623 ἡ
1443 5555 1581 5625 μῶν,
1611 5555 1757 5625 οἴμοι

166 5648 281 5700 τῶν
314 5648 473 5716 ἐμῶν
510 5644 702 5699 παθῶν
729 5645 789 5699 τὸ
811 5646 1140 5717 βαρύτατον,
1170 5651 1477 5717 ἀφανισμός
1504 5651 1599 5702 καὶ
1622 5648 1758 5702 ἁπό-

168 5757 401 5803 παυσις.
488 5738 843 5807 Ἀναλογίζου
899 5757 990 5808 μοι
1052 5740 1165 5794 τῶν
1222 5740 1604 5813 μοναστηρίων
1656 5743 1755 5811 τὴν

172 5833 476 5894 ἀπώλειαν,
512 5832 620 5885 τῶν
659 5833 1029 5886 ἐπισκοπείων
1074 5833 1174 5901 τὴν
1216 5832 1613 5905 ὲξολόθρευσιν,
1650 5831 1758 5887 τῶν

1922 3773 2203 3840 €oncedo,
2241 3774 2285 3828 si
2322 3774 2482 3842 velis,
2518 3784 2569 3831 te
2598 3776 2773 3834 ullum
2794 3790 2859 3830 ex
2882 3775 3130 3833 consiliis
3154 3791 3277 3847 qua:
3292 3779 3438 3836 circa

1852 3866 2245 3921 conscientiam
2302 3876 2454 3921 tuam
2491 3869 2812 3923 volutantur
2860 3883 2890 3923 a
2939 3884 3199 3939 supremo
3248 3871 3439 3941 judico

1854 3955 2155 4027 improbari
2185 3958 2548 4028 ignoravisse.
2600 3959 2707 4015 Sed
2762 3975 3054 4030 quousque
3088 3962 3249 4018 malis
3294 3965 3438 4018 mala

1855 4052 2267 4121 cougeretnus?
2311 4052 2614 4124 Quousque
2662 4053 2887 4109 diabolo
2917 4054 3171 4110 dabimus
3225 4058 3436 4112 mutuis

1854 4142 2295 4199 Christianorum
2325 4144 2564 4201 caedibus
2603 4146 2921 4202 exsultare?
2959 4147 3245 4219 Recogita,
3276 4165 3310 4206 o
3339 4151 3438 4214 ﬁli.

1859 4244 2073 4303 tempus
2110 4237 2233 4291 vita:
2268 4246 2470 4293 nostra:
2498 4238 2747 4293 celeriter
2769 4238 3011 4305 eﬂluere,
3067 4256 3130 4296 ac
3166 4258 3273 4297 non
3304 4244 3443 4299 mul-

1860 4335 1972 4380 tum
2002 4327 2197 4384 abesse
2217 4330 2361 4385 diem
2389 4346 2499 4400 quo
2526 4339 2791 4387 statutum
2819 4341 2905 4387 est
2930 4333 3167 4389 animam
3192 4308 3437 4393 nostram

1854 4433 2059 4489 corpus
2120 4421 2452 4493 relinquere.
2502 4453 2573 4463 -—-
2614 4425 2683 4480 Et
2732 4433 2869 4481 tunc
2914 4426 3063 4497 quali
3105 4430 3440 4485 conscientia

1857 4527 1924 4567 ex
1985 4513 2091 4570 bac
2144 4516 2252 4570 vita
2305 4517 2585 4580 cedemus,
2623 4518 2670 4573 si
2718 4533 2828 4585 res,
2876 4528 2934 4574 ut
2987 4520 3147 4586 solet,
3206 4524 3438 4591 accidat,

1856 4622 2169 4676 quanquam
2226 4624 2361 4664 vana
2417 4625 2513 4679 spe
2559 4592 2875 4687 illudamur,
2908 4625 3008 4667 nos
3070 4611 3189 4668 dies
3250 4614 3441 4687 longos

1856 4700 1984 4753 vitae
2014 4701 2339 4757 habituros?
2387 4702 2529 4768 Quid
2564 4685 2832 4770 dicemus,
2879 4704 3011 4774 quid
3043 4714 3226 4761 mente
3258 4685 3440 4764 volve-

1858 4808 2001 4856 tuus,
2030 4809 2155 4849 cum
2193 4809 2294 4850 nos
2342 4795 2473 4849 hora
2538 4796 2808 4866 stringet,
2860 4798 3149 4869 angelique
3200 4800 3437 4857 animam

1857 4896 2209 4954 reposcentes
2279 4886 2412 4957 (non
2469 4889 2633 4943 modo
2680 4904 2803 4970 qua:
2842 4891 3089 4947 viventes
3144 4892 3438 4955 fecerimus

1855 4979 2168 5047 exquir'ent,
2220 4981 2317 5037 sed
2357 4981 2630 5051 qualia‘)?
2683 4968 2791 5038 Sed
2847 4998 2955 5038 non
2991 4994 3042 5041 te
3089 4985 3222 5057 fugit
3251 4982 3437 5060 Qualia

1857 5070 1995 5127 facta
2030 5072 2254 5143 fuerint,
2303 5060 2509 5146 quanta
2555 5074 2928 5133 Romanorum
2974 5087 3029 5135 et
3073 5079 3433 5153 Bulgarorum

1859 5162 2235 5237 iuteremptio,
2270 5176 2408 5237 quos
2438 5167 2585 5223 Deus
2617 5184 2711 5238 per
2742 5169 3013 5238 baptisma
3060 5172 3437 5243 adoptaverat,

1860 5276 1982 5331 quae
2031 5262 2385 5316 ecclesiarqu
2456 5264 2730 5327 vastatio,
2782 5263 2967 5335 hymni
3033 5267 3210 5334 ipsum
3274 5269 3453 5337 κιονί-¹

1862 5357 2092 5410 ﬁcantes
2122 5354 2424 5424 suppressi,
2463 5357 2969 5427 tnysteriaquejam
3006 5372 3113 5411 non
3145 5360 3199 5412 in
3248 5376 3467 5429 pecra-'

1861 5458 2040 5503 torum
2074 5456 2388 5503 nostrorum
2420 5450 2800 5504 remissionetn
2837 5450 3135 5530 celebrata.
3192 5452 3439 5523 Supputa

1863 5557 2075 5597 mecum
2114 5542 2459 5617 monasteria
2508 5543 2809 5609 destructa,
2863 5544 3201 5615 episcopales
3247 5533 3442 5601 domos

1862 5654 2106 5702 eversas,
2137 5637 2521 5705 desolatasque
2556 5638 2716 5701 alias,
2774 5646 3041 5708 quotquot
3103 5639 3158 5693 in
3219 5641 3440 5709 regione

1863 5734 2101 5799 stabant,
2146 5732 2428 5795 ecclesias,
2465 5740 2629 5801 atque
2682 5732 3013 5787 exstinctum
3067 5733 3298 5795 cultum,
3348 5737 3439 5803 qui

1866 5831 1916 5886 in
1952 5831 2059 5886 illis
2093 5830 2155 5890 ad
2186 5829 2414 5901 gloriam
2451 5827 2543 5883 Dei
2583 5827 2760 5883 fuerat
2813 5828 3117 5885 institutus.
3156 5830 3272 5884 Alia
3306 5846 3438 5899 pne-
