4182 6428
761 385 862 454 183

1891 384 2200 447 NICOLAI
2238 384 2352 447 ΟΡ.
2393 382 2905 448 PATRIARCII/E

3920 388 4018 454 1Βὶ

761 499 1026 564 termitto,
1076 498 1287 555 scilicet
1316 497 1587 566 virginum
1627 497 2053 563 stuprationem,
2095 496 2317 551 debitan

2443 498 2620 552 ἄλλων
2650 501 2771 553 ὅσαι
2797 498 2939 554 κατά
2967 501 3149 570 χώρας
3181 502 3426 571 ὑπῆρχον
3452 501 3764 571 ἐκκλησίαι,
3808 503 3901 555 καὶ
3924 505 4026 569 τῆς

758 592 1045 651 monachis
1082 599 1319 649 amotam
1356 588 1738 651 reverentiam,
1785 603 2115 658 sacrumque
2149 603 2334 642 sacer-

754 686 945 738 dotum
1001 682 1093 736 Dei
1142 682 1388 735 ordinem
1444 681 1775 748 captivitate,
1804 692 1862 735 ut
1894 680 2050 745 solet,
2084 681 2338 735 humana:

756 773 1118 830 institutionis
1162 775 1353 835 instar,
1416 772 1470 824 in
1510 772 1969 840 contemptionem
2006 770 2275 840 deiectum
2316 789 2330 823 :

755 865 886 931 Qua!
919 865 1100 917 omnia
1147 862 1404 921 scandala
1455 864 1611 931 quasi
1665 877 1768 916 non
1802 861 1937 915 satis
1982 860 2216 915 fuissent
2265 859 2332 914 ad

754 957 1189 1011 centristaudum
1226 954 1504 1009 Christum
1542 954 1709 1008 Deum
1738 962 2008 1013 ucstrum,
2039 952 2225 1018 etiam,
2282 958 2335 1006 te

673 1032 675 1035 V
754 1062 995 1113 mortuo,
1042 1051 1158 1104 sine
1189 1064 1285 1119 spe
1309 1048 1671 1117 reparationis
1703 1047 2021 1116 persistent.
2064 1044 2334 1101 Juventus

750 1144 861 1212 jam
902 1154 990 1208 tua
1050 1144 1220 1196 evasit
1268 1160 1282 1197 ε
1340 1142 1488 1209 atqui
1544 1140 1679 1211 ipsis
1723 1140 2018 1207 juvenibus
2073 1154 2196 1207 spes
2249 1139 2333 1192 vi-

757 1208 910 1287 vendi
969 1234 1200 1287 incerta.
1254 1230 1384 1294 Sed,
1420 1208 1597 1294 cum,
1655 1231 1941 1299 juventute
1996 1228 2205 1298 elapsa,
2261 1229 2330 1283 ad

749 1324 1149 1392 sexagesimum
1200 1338 1402 1377 annum
1450 1323 1782 1386 accedimus,
1805 1330 1859 1374 tu
1903 1319 2048 1373 enim
2094 1321 2327 1380 accedis.

748 1426 839 1465 ant
895 1415 1085 1468 saltem
1141 1429 1248 1467 non
1306 1414 1540 1469 multum
1598 1413 1665 1466 ab
1700 1426 1767 1466 eo
1815 1410 2015 1473 distas,
2065 1410 2194 1480 quid
2248 1418 2332 1463 est

748 1508 1161 1571 repntamlum?
1208 1507 1289 1561 Ad
1323 1507 1785 1576 septuagesimum
1818 1504 1925 1558 rari
1962 1502 2327 1571 perveniunt;

749 1612 876 1650 nam
934 1599 1239 1670 saepissime
1294 1600 1545 1655 videmus
1601 1598 1904 1652 humanum
1964 1609 2139 1664 genus
2193 1595 2327 1648 citra

2446 594 2506 643 ἐν
2548 594 2740 657 αὐταῖς
2799 595 3100 663 γινομένης
3152 597 3231 659 εἱς
3266 595 3425 659 δόξαν
3451 595 3590 649 Θεοῦ
3632 597 3894 665 λατρείας
3914 597 4024 665 ϊὴν

2445 684 2812 756 ἐξερήμωσιν.
2858 687 2962 739 Ἐῶ
3013 688 3083 740 τὰ
3109 687 3266 751 ἄλλα,
3310 690 3409 757 τὴν
3452 689 3661 759 φθορὰν
3682 688 3792 741 τῶν
3816 688 4023 757 παροέ-

2444 794 2570 839 νων,
2623 780 2724 847 τῆς
2777 779 3136 850 ὀφειλομένης
3194 780 3523 850 μονάζουσιν
3579 780 3870 840 εὐλαϐείας
3920 779 4020 847 τὴν

2438 867 2737 933 ἔκπτωσιν,
2806 873 2915 924 τῶν
2961 873 3153 943 ἱερέων
3185 873 3281 926 τοῦ
3316 872 3453 926 Θεοῦ
3487 873 3606 943 τὴν,
3639 872 3714 935 ὡς
3757 871 3904 932 εἰκὸς
3931 870 4019 920 διὰ

2435 957 2536 1027 τὴν
2562 960 2965 1029 αἰχμαλωσίαν,
3007 957 3097 1015 οἷα
3124 963 3191 1015 τὰ
3226 961 3570 1032 ἀνθρώπινα,
3599 962 3697 1028 τῆς
3732 958 4022 1029 ἱερατικῆς

2433 1049 2645 1113 τάξεως
2677 1054 3094 1122 καταφρόνησιν
3117 1070 3130 1083 ’
3169 1054 3265 1106 καὶ
3317 1054 3527 1106 τούτων
3558 1052 3799 1116 πάντων,
3827 1050 4021 1117 ὥσπερ

2434 1141 2533 1212 οὐχ
2562 1144 2762 1195 ἱκανῶν
2785 1144 3147 1213 ὑπαρχόντων
3185 1147 3266 1208 εἰς
3297 1144 3479 1214 θλίψιν
3499 1143 3594 1197 τοῦ
3634 1141 3875 1212 Χριστοῦ
3922 1142 4019 1192 καὶ

2433 1230 2571 1283 Θεοῦ
2602 1232 2780 1302 ήμῶν,
2815 1234 2979 1286 πάλιν
3012 1235 3153 1304 μετὰ
3175 1233 3281 1303 τὴν
3314 1235 3413 1304 σὴν
3445 1234 3752 1287 ἀποϐίωσιν
3783 1232 3889 1284 ὑπὸ
3920 1229 4018 1281 σοῦ

2431 1322 2998 1393 καταλιμπανομένων
3038 1326 3353 1378 σκανδάλων
3400 1326 3644 1379 ἀνιάτων
3679 1324 3775 1377 καὶ
3816 1322 4022 1389 6.0291-

2431 1412 2667 1467 πεύτων.
2711 1418 2852 1487 *Ἤδη
2882 1416 2982 1486 τὴν
3004 1419 3231 1487 νεότητα
3248 1418 3625 1489 ὑπερήλασας·
3660 1417 3891 1474 ἄπιστος
3917 1413 4021 1493 μὲν

2431 1504 2540 1575 γὰρ
2562 1508 2778 1575 νεότητι
2815 1509 2875 1560 τδ
2913 1510 3260 1579 παραμένειν
3302 1511 3379 1580 τῷ
3429 1510 3530 1580 βίῳ
3562 1511 3595 1580 ἡ
3630 1508 3818 1570 ἑλπίς”
3852 1506 4020 1559 ὁπότε

2428 1598 2616 1668 δὲτὴν
2663 1599 2895 1668 νεότητα
2953 1601 3304 1672 ὑπερϐῶμεν,
3336 1603 3429 1654 καὶ
3481 1602 3717 1671 μάλιστα
3758 1598 3895 1667 πρὸς
3928 1596 4017 1659 ἐξ·

744 1689 867 1744 vitze
903 1695 1172 1749 terminos
1210 1694 1384 1747 ﬁnire.

2436 1694 2670 1760 ηκοστὸν
2733 1694 3164 1764 καταντήσωμεν
3210 1693 3351 1757 ἔτος,
3379 1687 3534 1761 ᾧτινι
3569 1695 3667 1746 καὶ
3696 1693 3759 1746 σὺ
3778 1688 3943 1758 τυχὸν
3980 1687 4016 1754 ἦ

742 1786 889 1852 πλησ
917 1786 1068 1848 άζεις
1106 1787 1135 1855 ἢ
1192 1787 1254 1838 οὐ
1304 1786 1438 1839 πολὺ
1495 1785 1687 1857 πόρρω
1747 1784 2093 1854 ἀφέστηκας,
2148 1783 2201 1836 τί
2246 1782 2328 1835 δεῖ
2364 1784 2893 1856 λογίζεσθαι;ῐῐρὸς
2951 1788 3061 1859 γὰρ
3085 1787 3145 1841 τὸ
3189 1786 3595 1860 ἑϐδομηκοστὸν
3660 1786 3881 1839 σπάνιοι
3905 1782 4026 1833 τιττν

740 1880 1045 1951 ἀνθρώπων
1095 1882 1507 1948 ἀναϐαίνουσιν,
1537 1883 1613 1947 ὼς
1654 1882 1747 1935 ἐπὶ
1776 1882 2029 1937 πλεῖστον
2065 1882 2123 1934 δὲ
2173 1880 2394 1951 ὁρῶμεν
2456 1884 2516 1935 τὸ
2577 1884 2929 1956 ἀνθρώπινον
2962 1888 3121 1954 γένος
3175 1886 3425 1940 κάτωθεν
3488 1885 3680 1940 τουτου
3737 1882 3838 1951 τὴν
3869 1879 4023 1948 ζωὴν

739 1972 1143 2043 καταστρέφον.

813 2130 955 2195 Quid
1003 2129 1098 2183 tibi
1146 2127 1367 2200 prodest
1418 2129 1472 2185 in
1524 2129 1682 2185 istam
1733 2130 2065 2186 descendere
2141 2131 2320 2198 perni-

735 2222 876 2276 ciem
911 2221 1034 2275 belli
1080 2221 1361 2276 Romanos
1408 2222 1549 2275 inter
1584 2232 1639 2276 et
1674 2223 1936 2292 Bulgaros
1982 2221 2322 2293 perstantis?

738 2312 880 2380 Quid
911 2314 1056 2369 aluid
1090 2314 1325 2378 eveniet,
1376 2315 1481 2369 nisi
1520 2330 1623 2369 nos
1669 2329 1776 2368 non
1808 2315 1970 2369 modo
2005 2324 2227 2385 propter
2256 2329 2318 2369 ea

739 2425 862 2482 qua:
892 2408 1054 2473 male,
1108 2410 1237 2464 dum
1286 2411 1616 2472 viveremus,
1664 2408 1977 2475 fecerimus,
2033 2409 2176 2478 apud
2226 2422 2321 2461 su-

746 2516 976 2577 pernum
1028 2500 1120 2555 Dei
1163 2501 1433 2571 judicium
1491 2502 1545 2555 in
1599 2517 1818 2556 causam
1872 2504 2047 2555 simus
2076 2501 2315 2567 venturi,

735 2594 827 2659 sed
854 2596 1016 2650 etiam
1049 2602 1275 2665 propter
1301 2610 1363 2650 ea
1398 2610 1519 2665 qua:
1538 2594 1631 2651 alii
1669 2605 1792 2664 post
1814 2605 2042 2649 mortem
2073 2604 2315 2648 nostram

740 2687 1075 2756 patraverint
1118 2702 1310 2757 poenas
1362 2688 1535 2747 simus
1591 2688 1791 2742 daturi.
1830 2688 2036 2757 Itaque,
2099 2686 2172 2741 (ili
2220 2688 2314 2753 mi,

734 2780 893 2849 quasi
937 2795 1178 2848 praesens
1212 2788 1437 2843 ante‘te,
1481 2780 1702 2834 osculor
1735 2796 1797 2833 os
1822 2790 2003 2843 tuum,
2037 2780 2229 2835 oculos
2264 2790 2318 2833 et

735 2881 909 2928 totum
949 2882 1030 2938 te;
1080 2873 1381 2941 amplector
1431 2887 1622 2942 genua,
1673 2872 1975 2941 deprecans
2029 2881 2085 2926 ut
2134 2874 2314 2926 anima

737 2974 826 3018 tua
879 2963 1292 3034 benignissima,
1334 2964 1594 3033 quoniam
1647 2979 1829 3018 rerum
1889 2964 2133 3032 nequitia
2167 2962 2310 3018 illam

2501 2127 2597 2191 Τίς
2624 2122 2719 2181 οὖν
2750 2127 2992 2197 ὠφέλεια
3024 2129 3082 2180 ἐν
3116 2128 3193 2198 τῷ
3230 2146 3288 2181 σε
3320 2128 3629 2197 καταϐῆναι
3673 2130 3755 2191 εἰς
3788 2128 4021 2198 δια-τεθο-

2432 2220 2530 2288 ράν
2575 2221 2669 2273 τοῦ
2722 2223 2843 2274 κατ’
2896 2219 3149 2290 ἀλλήλων
3208 2220 3448 2289 πολέμου
3486 2218 3780 2288 Ῥωμαίων
3825 2237 3885 2272 τε
3917 2223 4021 2272 καὶ

2428 2311 2756 2383 Βουλγάρων
2785 2313 2889 2381 τῆς
2924 2330 3072 2382 παρα
3083 2311 3289 2381 μονῆς;
3318 2312 3384 2363 Τί
3413 2311 3543 2365 ἄλλο
3586 2312 3620 2383 ἢ
3654 2313 3714 2364 τὸ
3745 2312 3821 2383 μὴ
3851 2314 4022 2379 μόνον

2425 2407 2485 2459 ἐν
2534 2408 2599 2477 τῇ
2665 2406 2778 2477 ζωῇ
2828 2406 2990 2475 ἡμῶν
3036 2406 3147 2460 τῶν
3202 2407 3390 2469 κακῶς
3424 2405 3812 2475 γεγενημένων
3842 2406 3900 2457 ἑν
3931 2404 4023 2475 τῷ

2424 2498 2636 2550 ἐκεῖθεν
2663 2498 2758 2551 τοῦ
2781 2497 2918 2551 Θεοῦ
2947 2498 3221 2569 κριτηρίῳ
3242 2499 3341 2563 τὰς
3363 2498 3516 2560 δίκας
3558 2500 3837 2569 ὑποσχεῖν,
3868 2498 4016 2549 ἀλλὰ

2425 2589 2520 2642 καὶ
2570 2590 2677 2642 τῶν
2737 2590 2879 2659 μετὰ
2921 2590 3156 2644 θάνατον
3204 2590 3388 2653 ἄλλοις
3432 2590 3829 2659 πραττομένων
3857 2589 4016 2656 ἡμᾶς

2425 2682 2733 2752 ὑποστῆναι
2774 2680 2873 2752 τὴν
2910 2682 3169 2749 κόλασινς
3204 2682 3305 2735 Διὰ
3357 2681 3539 2747 τοῦτο,
3583 2684 3775 2736 τέκνον
3825 2681 4017 2752 ἡμῶν,

2422 2770 2510 2828 οἷα
2536 2774 2729 2844 παρὼν
2753 2774 3239 2845 προσπτύσσομαι,
3258 2775 3546 2843 καταφιλῶ
3575 2775 3637 2827 τὸ
3662 2775 3859 2844 στόμα,
3881 2774 4019 2836 τοὺς

2420 2868 2757 2937 ὀφθαλμοὺς,
2790 2867 2886 2920 καὶ
2941 2869 3049 2920 πᾶν
3102 2869 3231 2922 ἄλλο
3272 2867 3475 2938 μέλος·
3531 2867 3852 2936 ἐφάπτομαι
3896 2867 4020 2918 τῶν

2420 2961 2668 3029 γονάτων
2702 2960 2794 3012 καὶ
2825 2958 3063 3012 δυσωπῶ
3092 2959 3511 3029 ὲπικαμφϐῆναι
3543 2959 3642 3030 τὴν
3666 2960 3764 3028 σὴν
3786 2960 4018 3029 ἡμερω-

735 3070 765 3108 e
793 3054 1058 3123 peculiari
1090 3062 1280 3108 natura
1311 3055 1572 3116 excussit,
1601 3054 1665 3112 ad
1699 3068 1889 3122 pacem
1923 3052 2307 3107 seseinclinct.

2422 3052 2587 3122 τάτην
2622 3051 2838 3123 ψυχὴν,
2902 3053 2952 3104 εἰ
3002 3052 3098 3105 καὶ
3141 3053 3487 3122 πραγμάτων
3551 3053 3725 3106 κακία
3797 3051 4016 3119 ταύτην

738 3144 889 3215 satis
935 3145 1046 3198 sint
1096 3160 1215 3213 qme
1259 3145 1372 3214 jam
1411 3144 1626 3207 funesta
1677 3145 2029 3208 acciderunt;
2103 3153 2317 3198 cessent

734 3236 1177 3300 Christianorum
1228 3236 1369 3291 bella
1422 3246 1477 3290 et
1523 3236 1740 3303 caedes;
1805 3250 1986 3304 neque
2038 3236 2315 3305 relinquas

738 3328 1108 3382 miserandum
1144 3329 1655 3399 exsecrandumque
1678 3338 2120 3391 monumentum,
2155 3329 2315 3395 quale

739 3419 962 3475 Simeon
996 3421 1103 3484 ille,
1129 3420 1224 3489 qui
1256 3438 1319 3475 ex
1350 3436 1549 3492 genere
1572 3421 1722 3475 omni
1761 3420 2083 3490 prudentiae,
2115 3421 2313 3489 judicii

731 3510 1061 3583 virtutisque
1108 3511 1272 3566 laude
1315 3512 1627 3582 perelarus,
1677 3522 1730 3566 et
1782 3514 1937 3582 quasi
1998 3512 2088 3565 lux
2134 3512 2311 3581 gentis

732 3600 1000 3671 Bulgarae,
1048 3618 1234 3672 pacem
1263 3604 1628 3667 conculcavit,
1664 3619 1785 3673 quae
1830 3605 1899 3658 ab
1953 3605 2128 3674 ipsius
2158 3612 2311 3672 patre

732 3694 837 3748 icta
868 3694 1069 3759 fuerat,
1106 3694 1435 3765 itederaque,
1494 3697 1829 3765 jnramenta,
1861 3707 1915 3750 et
1942 3698 2311 3767 quodcunque

732 3796 950 3855 pactum
980 3804 1103 3841 cum
1140 3788 1402 3844 Romanis
1435 3790 1677 3855 violavit,
1726 3792 1806 3846 sic
1834 3792 2108 3845 crudelior
2138 3792 2311 3845 hostis

733 3878 909 3931 tactus
938 3893 1101 3946 quam
1134 3878 1369 3947 majores
1400 3879 1490 3949 qui
1532 3879 1816 3934 Christum
1856 3881 2022 3935 Deum
2058 3891 2307 3936 nostrum

734 3984 840 4022 non
900 3971 1221 4026 noscebant.
1274 3971 1391 4025 Non
1447 3972 1609 4026 modo
1665 3972 1791 4027 talis
1826 3974 1974 4028 visus
2025 3984 2129 4038 est,
2182 3974 2311 4029 dum

735 4062 960 4125 viveret,
992 4062 1086 4117 sed
1121 4062 1283 4116 etiam
1317 4073 1437 4134 post
1470 4076 1703 4120 mortem
1732 4066 1933 4120 bellum
1973 4066 2317 4135 implacabile

733 4153 977 4222 reliquit,
1008 4154 1218 4209 strictis
1244 4154 1617 4209 Romanorum
1650 4164 1702 4210 et
1729 4154 2091 4225 Bulgarorum
2124 4157 2316 4226 gladiis

731 4246 1037 4315 stragisque
1073 4261 1328 4301 cruorem
1363 4248 1702 4304 stillantibus
1738 4249 1988 4319 gavisus.

2416 3144 2678 3215 ἐξέστησε
2718 3143 2812 3196 τοῦ
2853 3144 3063 3196 οἰκείου
3110 3145 3284 3213 αὐτῆς
3350 3144 3670 3214 ἰδιώματος,
3719 3143 3855 3214 πρὸς
3906 3143 4019 3211 τὴν

2415 3238 2681 3308 εἰρήνην·
2740 3235 3079 3306 ἀρκεσοῆναι
3127 3238 3241 3299 τοῖς
3297 3236 3399 3306 ήδη
3449 3235 3848 3305 γεγενημένοις
3882 3234 4016 3285 ὀλε-

2413 3329 2585 3397 θρίοις
2615 3327 2961 3397 πράγμασιν,
2995 3327 3269 3394 ἁπολῆξαι
3292 3330 3417 3390 τοὺς
3451 3328 3571 3380 κατ’
3605 3326 3854 3395 ἀλλήλων
3886 3327 4010 3378 τῶν

2413 3419 2759 3489 Χριστιανῶν
2787 3419 3060 3489 πολέμους
3101 3421 3195 3471 καὶ
3221 3420 3320 3482 τάς
3354 3419 3592 3487 σφαγάς,
3638 3420 3773 3488 μηδὲ
3832 3436 4016 3472 κατα-

2417 3514 2594 3565 λιπεῖν
2653 3512 3004 3584 μνημόσυνον
3029 3512 3263 3564 ἐλεεινὸν
3292 3513 3388 3564 καὶ
3430 3515 3680 3582 κατάρας
3705 3511 3877 3577 ἄξιον,
3914 3514 4008 3565 ὅτι

2419 3603 2645 3671 Συμεὼν
2699 3605 2907 3665 ἐκεῖνος
2945 3605 2972 3655 ὁ
2999 3604 3145 3656 κατὰ
3187 3603 3289 3673 τὴν
3341 3602 3538 3655 ἑαυτοῦ
3563 3604 3762 3670 γενεάν
3791 3604 3889 3655 ὅσα
3940 3618 4014 3669 γε

2418 3696 2487 3747 τὰ
2516 3695 2581 3746 ὲκ
2608 3694 2949 3763 φρονήσεως,
2983 3693 3054 3747 τὰ
3084 3693 3145 3757 ἐξ
3177 3693 3347 3763 ὀρθῆς
3380 3693 3641 3764 κρίσεως,
3674 3696 3741 3746 τά
3772 3694 3836 3746 ἐκ
3863 3710 4015 3747 παν-

2420 3787 2512 3846 τὸς
2568 3786 2739 3846 εἴδους
2792 3787 2996 3856 ἀρετῆς
3040 3787 3330 3856 γενόμενος
3381 3787 3859 3857 ὑπεροαύμαστος.
3907 3788 4017 3841 καὶ

2418 3874 2531 3930 οἷον
2562 3878 2790 3947 φωστὴρ
2816 3879 2911 3930 τοῦ
2946 3876 3273 3949 Βουλγάρων
3302 3878 3522 3945 γένους,
3557 3877 3730 3941 οὕτως
3766 3881 4020 3931 κατεπά-

2412 3987 2547 4041 τησε
2576 3972 2674 4040 τὴν
2700 3971 2928 4041 εἰρήνην
2962 3970 3060 4041 τὴν
3091 3972 3199 4024 ὑπὸ
3232 3969 3330 4024 τοῦ
3360 3972 3567 4033 οἰκείου
3595 3970 3805 4040 πατρὸς
3847 3987 4015 4038 γενο-

2418 4065 2610 4135 μένην,
2670 4048 2941 4133 ἠθέτησεν
2986 4067 3162 4117 οἰκεία
3212 4063 3485 4134 σύμφωνα
3534 4065 3627 4116 καὶ
3666 4064 3867 4133 ὅρκους
3908 4067 4017 4129 καὶ

2418 4156 2721 4225 συμϐάσεις
2754 4156 2891 4223 πρὸς
2930 4157 3058 4219 τοὺς
3106 4155 3436 4227 Ῥωμαίους,
3473 4159 3567 4211 καὶ
3599 4158 3793 4225 γέγονε
3836 4158 4016 4213 πολέ-

2421 4268 2543 4319 μιος
2583 4250 2961 4321 ἀπηνέστερος
3016 4250 3126 4307 τῶν
3159 4253 3527 4322 προπατόρων
3577 4251 3768 4318 αὐτοῦ,
3810 4250 3859 4302 οἳ
3912 4251 4016 4304 τὸν

732 4344 972 4412 Χριστὸν
1028 4344 1125 4396 καὶ
1181 4343 1316 4397 Θεὸν
1346 4344 1503 4415 ἡμῶν
1564 4345 1666 4398 οὐκ
1720 4344 2049 4414 ἐγνώρισαν.
2108 4348 2219 4399 Καὶ
2246 4346 2307 4399 οὐ
2351 4348 2513 4417 μόνον
2544 4348 2603 4398 ἐν
2663 4350 2777 4411 τοῖς
2804 4346 2971 4411 ζῶσιν
3026 4347 3289 4417 ὑπάρχων
3355 4346 3598 4409 τοιοῦτος
3648 4345 3827 4415 ὤφθη,
3862 4344 4017 4399 ἀλλὰ

731 4439 826 4489 καὶ
855 4434 992 4507 μετὰ
1050 4434 1141 4488 τὸν
1186 4438 1383 4492 ἑαυτοῦ
1438 4438 1673 4491 θάνατον
1724 4437 1991 4492 ἄσπονδον
2040 4440 2306 4493 κατέλιπε
2348 4442 2610 4509 πόλεμον,
2638 4444 2732 4495 καὶ
2755 4442 2853 4511 τὴν
2895 4442 3017 4496 κατ’
3082 4440 3331 4510 ἀλλήλων
3387 4442 3666 4513 μάχαιραν
3707 4439 4015 4511 Ῥωμαίων

731 4533 825 4585 καὶ
858 4531 1188 4602 Βουλγάρων
1216 4532 1312 4586 τοῦ
1337 4535 1435 4605 τῆς
1464 4536 1681 4605 σφαγῆς
1709 4532 1947 4603 αἵματος
1969 4536 2304 4604 ἀποστάζειν
2344 4536 2627 4606 ἠγάπησε.

801 4693 908 4765 ista
943 4693 1037 4745 tibi
1066 4692 1281 4761 scripsi,
1337 4706 1370 4745 ο
1399 4690 1495 4755 tili,
1542 4693 1851 4747 lamentans
1884 4692 2202 4763 dolensque.
2253 4703 2306 4748 et

2486 4694 2675 4757 Ταῦτά
2714 4711 2795 4747 σοι
2859 4690 3096 4760 ἔγραψα,
3146 4692 3338 4745 τέκνον
3386 4690 3583 4761 ἡμῶν,
3634 4690 3851 4763 Θρηνῶν
3902 4696 4015 4747 καὶ

731 4800 896 4854 super
927 4800 1032 4842 me.
1085 4786 1211 4855 quia
1260 4785 1471 4856 longior
1505 4794 1761 4840 senectus
1812 4800 1930 4840 mea
1974 4800 2153 4839 rerum
2195 4794 2304 4839 tam

733 4870 1175 4930 miserandarum
1214 4875 1316 4928 fuit
1349 4878 1523 4941 testis,
1557 4885 1611 4931 et
1640 4891 1804 4945 super
1831 4886 1883 4931 te
1915 4892 1979 4930 ac
2003 4875 2306 4938 Romanos,

732 4978 953 5039 propter
1006 4984 1068 5023 ea
1127 4984 1248 5038 qua:
1313 4969 1546 5045 invicem
1604 4969 1870 5024 bellantes
1924 4969 2195 5038 patimini,
2252 4980 2308 5023 et

729 5071 952 5132 propter
996 5060 1355 5114 teter-nitatem
1381 5099 1397 5123 ,
1425 5062 1478 5115 in
1520 5076 1624 5129 qua
1673 5078 1954 5130 nunquam
2006 5062 2309 5116 cessaturis

730 5154 907 5221 pretiis
940 5151 1269 5216 alliciemini,
1321 5153 1521 5223 quippe
1587 5154 1678 5223 qui
1730 5169 1830 5223 pro
1882 5153 2054 5208 nihilo
2096 5153 2306 5208 habue-

730 5248 853 5300 ritis
869 5246 1072 5300 Cbristi
1105 5244 1197 5299 Dei
1233 5246 1402 5300 nostri
1434 5246 1779 5315 sanguinem,
1820 5262 1917 5316 per
1943 5262 2105 5317 quem
2141 5247 2303 5313 salvi,

726 5346 782 5392 et
816 5339 935 5407 ejus
975 5338 1207 5407 populus
1259 5336 1387 5391 facti
1415 5353 1628 5393 sumus.
1680 5339 1933 5391 Attamen
1991 5338 2163 5391 nostri
2204 5338 2306 5391 im-

730 5440 1012 5500 peratores
1064 5446 1092 5484 a
1150 5429 1256 5485 Deo
1308 5433 1582 5497 coronati,
1647 5441 1705 5484 ut
1737 5447 1910 5499 saepe,
1952 5432 2022 5483 ita
2070 5438 2124 5483 et
2166 5445 2312 5486 nunc

730 5539 918 5593 pacem
964 5523 1241 5583 invocant,
1289 5523 1549 5593 omnique
1588 5526 1750 5577 modo
1782 5524 1922 5578 mala
1954 5540 1983 5577 a
2015 5523 2311 5591 majoribus

732 5616 881 5668 illata
944 5615 1123 5668 levare.
1183 5624 1405 5669 strenue
1464 5616 1764 5669 enituntur.
1835 5616 2202 5681 Quamobrem
2257 5622 2312 5668 et

731 5724 877 5763 utine
931 5708 1180 5763 homines
1240 5710 1523 5779 miserunt,
1579 5710 1672 5779 qui
1723 5709 1790 5764 de
1840 5723 1974 5777 pace
2028 5706 2308 5761 vobiscum

733 5800 1136 5869 collo-piantur.
1186 5796 1363 5853 Tuum
1415 5799 1575 5868 igitur
1625 5810 1707 5855 est
1759 5808 1971 5869 tumque
2022 5798 2308 5869 perfectis-

2417 4787 2748 4855 ὀδυρόμενος
2793 4784 3009 4854 πρῶτον
3032 4784 3134 4852 μὲν
3162 4783 3418 4853 ἐμαυτὸν,
3442 4784 3525 4836 δτι
3551 4784 3716 4853 μέχρι
3737 4782 4013 4839 τοσούτου

2416 4879 2704 4949 παρέτεινε
2751 4877 2814 4930 τὸ
2869 4879 3002 4945 ἐμὸν
3068 4875 3254 4929 ἄθλιον
3310 4875 3527 4946 γῆρας,
3584 4878 3681 4929 καὶ
3733 4876 4014 4933 τοιούτων

2417 4972 2667 5025 ἐλεεινῶν
2692 4971 3038 5041 πραγμάτων
3065 4970 3339 5039 ἐγενόμην
3365 4970 3424 5021 ὲν
3465 4970 3682 5041 ἱστορίᾳ
3713 4985 3729 5000 ο
3776 4969 4013 5040 θρηνῶν

2417 5067 2477 5121 δὲ
2519 5066 2613 5119 καὶ
2642 5066 2810 5135 ὑμᾶς,
2859 5063 2949 5117 ναὶ
3001 5063 3066 5133 δὴ
3115 5066 3211 5125 καὶ
3255 5062 3316 5114 τδ
3370 5061 3666 5128 Ῥωμαίων
3696 5060 3873 5129 γένος,
3926 5056 4015 5116 ὧν

2417 5160 2583 5213 ἕνεκα
2610 5160 2710 5212 καὶ
2774 5157 2869 5211 νῦν
2914 5156 3036 5210 κατ’
3093 5156 3344 5225 ἀλλήλων
3372 5154 3687 5223 κινούμενοι
3726 5154 4015 5229 πάσχετε,

2418 5253 2513 5304 καὶ
2546 5254 2626 5314 εἰς
2678 5251 2773 5303 τὸν
2813 5250 3078 5316 μέλλοντα
3112 5248 3306 5313 αἰῶνα,
3339 5248 3428 5301 ὅτε
3456 5248 3525 5301 τὰ
3567 5246 3718 5316 πάθη
3748 5247 3848 5300 οὐκ
3877 5246 4015 5319 ἔχει

2414 5344 2751 5407 άπόπαυσιν,
2774 5344 3000 5413 πικραῖς
3019 5340 3472 5409 ὑποδληθήσεσθε
3495 5338 3911 5407 τιμωρίαις,ὠς
3941 5342 4017 5396 τὸ

2408 5426 2554 5503 αἷμα
2584 5430 2681 5483 τοῦ
2711 5430 2949 5499 Χριστοῦ
2982 5432 3077 5483 καὶ
3097 5429 3234 5482 Θεοῦ
3261 5429 3444 5500 ἡμῶν,
3481 5427 3552 5481 δι’
3578 5422 3651 5495 ,οὗ
3679 5430 4013 5503 ἠγοράσθη-

2413 5542 2535 5594 μεν,
2593 5525 2691 5577 καὶ
2740 5524 2868 5586 λαδς
2898 5522 3066 5576 αὐτοῦ
3099 5520 3474 5591 γεγενήμεθα,
3518 5522 3601 5583 εἰς
3648 5520 3807 5575 οὐδὲν
3844 5522 4018 5591 λογι-

2409 5616 2650 5685 ζόμενοι.
2693 5614 2840 5683 Πλὴν
2866 5614 2916 5667 οἱ
2950 5613 3267 5683 θεοστεφεῖς
3307 5613 3466 5683 ἡμῶν
3499 5611 3768 5683 βασιλεῖς,
3799 5614 4007 5683 καθὼς

2410 5708 2692 5771 πολλάκις,
2726 5705 2870 5760 οὕτω
2895 5707 2990 5761 καὶ
3015 5706 3113 5763 νῦν
3133 5706 3233 5779 τὴν
3260 5709 3486 5778 εἰρήνην
3517 5708 3863 5777 ἔπιζητοῦσι,
3899 5716 4010 5767 καὶ

2410 5799 2580 5855 παντὶ
2638 5801 2828 5870 τροπῳ
2888 5801 2954 5858 τὰ
2986 5802 3050 5854 ἐκ
3099 5799 3207 5853 τῶν
3243 5798 3628 5870 προλαϐόντων
3679 5800 4009 5860 ἁνθοώπων
