  <div class='ocr_page' id='page_1' title='image "/cluster/home/n/w/nwhite01/storage/ocr_20150623/111/nnc1.0046979743/100.png"; bbox 0 0 4182 6428; ppageno 0'>
   <div class='ocr_carea' id='block_1_1' title="bbox 129 370 223 436">
    <p class='ocr_par' dir='ltr' id='par_1_1' title="bbox 129 370 223 436">
     <span class='ocr_line' id='line_1_1' title="bbox 129 370 223 436; baseline 0.032 -3"><span class='ocrx_word' id='word_1_1' title='bbox 129 370 223 436; x_wconf 76' lang='grc'><strong>185</strong></span> 
     </span>
    </p>
   </div>
   <div class='ocr_carea' id='block_1_2' title="bbox 1594 371 2623 433">
    <p class='ocr_par' dir='ltr' id='par_1_2' title="bbox 1594 371 2623 433">
     <span class='ocr_line' id='line_1_2' title="bbox 1594 371 2623 433; baseline 0 0"><span class='ocrx_word' id='word_1_2' title='bbox 1594 375 1639 433; x_wconf 86' lang='grc' dir='ltr'><strong>Ε</strong></span> <span class='ocrx_word' id='word_1_3' title='bbox 1650 371 2001 433; x_wconf 63' lang='lat' dir='ltr'><strong>PlSTOLJ‘I.</strong></span> <span class='ocrx_word' id='word_1_4' title='bbox 2620 410 2623 433; x_wconf 88' lang='grc' dir='ltr'><strong>ι</strong></span> 
     </span>
    </p>
   </div>
   <div class='ocr_carea' id='block_1_3' title="bbox 3285 369 3386 436">
    <p class='ocr_par' dir='ltr' id='par_1_3' title="bbox 3285 369 3386 436">
     <span class='ocr_line' id='line_1_3' title="bbox 3285 369 3386 436; baseline 0.059 -6"><span class='ocrx_word' id='word_1_5' title='bbox 3285 369 3386 436; x_wconf 79' lang='grc'><strong>186</strong></span> 
     </span>
    </p>
   </div>
   <div class='ocr_carea' id='block_1_4' title="bbox 123 478 1711 558">
    <p class='ocr_par' dir='ltr' id='par_1_4' title="bbox 123 486 1698 558">
     <span class='ocr_line' id='line_1_4' title="bbox 123 486 1698 558; baseline 0.002 -22"><span class='ocrx_word' id='word_1_6' title='bbox 123 486 697 556; x_wconf 78' lang='grc' dir='ltr'><strong>παρακολουθήσαντα</strong></span> <span class='ocrx_word' id='word_1_7' title='bbox 744 487 1039 557; x_wconf 74' lang='grc' dir='ltr'><strong>σφάλματα</strong></span> <span class='ocrx_word' id='word_1_8' title='bbox 1091 488 1497 558; x_wconf 72' lang='grc' dir='ltr'><strong>θεραπευθῆναι</strong></span> <span class='ocrx_word' id='word_1_9' title='bbox 1532 504 1698 540; x_wconf 86' lang='grc' dir='ltr'><strong>σπου-</strong></span> 
     </span>
    </p>
   </div>
   <div class='ocr_carea' id='block_1_5' title="bbox 1812 478 3385 558">
    <p class='ocr_par' dir='ltr' id='par_1_5' title="bbox 1812 478 3385 553">
     <span class='ocr_line' id='line_1_5' title="bbox 1812 478 3385 553; baseline 0.002 -16"><span class='ocrx_word' id='word_1_10' title='bbox 1812 488 1954 538; x_wconf 70' lang='lat' dir='ltr'><strong>simm</strong></span> <span class='ocrx_word' id='word_1_11' title='bbox 1995 482 2293 551; x_wconf 68' lang='lat' dir='ltr'><strong>prudentiae</strong></span> <span class='ocrx_word' id='word_1_12' title='bbox 2317 497 2657 553; x_wconf 64' lang='lat' dir='ltr'><strong>quareunque</strong></span> <span class='ocrx_word' id='word_1_13' title='bbox 2687 492 2811 538; x_wconf 87' lang='lat' dir='ltr'><strong>sunt</strong></span> <span class='ocrx_word' id='word_1_14' title='bbox 2845 478 3385 548; x_wconf 56' lang='lat' dir='ltr'><strong>convenientia,’Deo</strong></span> 
     </span>
    </p>
   </div>
   <div class='ocr_carea' id='block_1_6' title="bbox 122 578 1704 651">
    <p class='ocr_par' dir='ltr' id='par_1_6' title="bbox 122 578 1704 651">
     <span class='ocr_line' id='line_1_6' title="bbox 122 578 1704 651; baseline 0.003 -24"><span class='ocrx_word' id='word_1_15' title='bbox 122 578 367 638; x_wconf 74' lang='grc' dir='ltr'><strong>δαζουσι.</strong></span> <span class='ocrx_word' id='word_1_16' title='bbox 401 580 502 630; x_wconf 74' lang='grc' dir='ltr'><strong>Διά</strong></span> <span class='ocrx_word' id='word_1_17' title='bbox 532 579 693 631; x_wconf 87' lang='grc' dir='ltr'><strong>τοῦτο</strong></span> <span class='ocrx_word' id='word_1_18' title='bbox 725 582 819 632; x_wconf 75' lang='grc' dir='ltr'><strong>καὶ</strong></span> <span class='ocrx_word' id='word_1_19' title='bbox 859 579 952 631; x_wconf 83' lang='grc' dir='ltr'><strong>νῦν</strong></span> <span class='ocrx_word' id='word_1_20' title='bbox 987 580 1319 633; x_wconf 74' lang='grc' dir='ltr'><strong>ἀπέστειλαν</strong></span> <span class='ocrx_word' id='word_1_21' title='bbox 1362 580 1704 651; x_wconf 77' lang='grc' dir='ltr'><strong>ἀνθρώπους,</strong></span> 
     </span>
    </p>
   </div>
   <div class='ocr_carea' id='block_1_7' title="bbox 122 669 1708 742">
    <p class='ocr_par' dir='ltr' id='par_1_7' title="bbox 122 669 1708 742">
     <span class='ocr_line' id='line_1_7' title="bbox 122 669 1708 742; baseline 0.004 -25"><span class='ocrx_word' id='word_1_22' title='bbox 122 669 163 718; x_wconf 77' lang='grc' dir='ltr'><strong>οἳ</strong></span> <span class='ocrx_word' id='word_1_23' title='bbox 218 670 485 736; x_wconf 71' lang='grc' dir='ltr'><strong>περὶτῆς</strong></span> <span class='ocrx_word' id='word_1_24' title='bbox 536 673 765 741; x_wconf 80' lang='grc' dir='ltr'><strong>εἰρήνης</strong></span> <span class='ocrx_word' id='word_1_25' title='bbox 812 671 942 740; x_wconf 82' lang='grc' dir='ltr'><strong>ὑμῖν</strong></span> <span class='ocrx_word' id='word_1_26' title='bbox 988 671 1387 742; x_wconf 83' lang='grc' dir='ltr'><strong>συλλαλήσουσι</strong></span> <span class='ocrx_word' id='word_1_27' title='bbox 1418 688 1433 702; x_wconf 77' lang='grc' dir='ltr'><strong>ο</strong></span> <span class='ocrx_word' id='word_1_28' title='bbox 1465 674 1559 725; x_wconf 76' lang='grc' dir='ltr'><strong>καὶ</strong></span> <span class='ocrx_word' id='word_1_29' title='bbox 1592 673 1708 724; x_wconf 80' lang='grc' dir='ltr'><strong>ἔστι</strong></span> 
     </span>
    </p>
   </div>
   <div class='ocr_carea' id='block_1_8' title="bbox 130 756 1711 828">
    <p class='ocr_par' dir='ltr' id='par_1_8' title="bbox 130 756 1711 828">
     <span class='ocr_line' id='line_1_8' title="bbox 130 756 1711 828; baseline 0.006 -23"><span class='ocrx_word' id='word_1_30' title='bbox 130 756 215 806; x_wconf 74' lang='grc' dir='ltr'><strong>σὸν</strong></span> <span class='ocrx_word' id='word_1_31' title='bbox 251 760 349 807; x_wconf 75' lang='grc' dir='ltr'><strong>καὶ</strong></span> <span class='ocrx_word' id='word_1_32' title='bbox 395 758 495 827; x_wconf 72' lang='grc' dir='ltr'><strong>τῆς</strong></span> <span class='ocrx_word' id='word_1_33' title='bbox 525 759 622 825; x_wconf 73' lang='grc' dir='ltr'><strong>σῆς</strong></span> <span class='ocrx_word' id='word_1_34' title='bbox 650 759 1002 828; x_wconf 78' lang='grc' dir='ltr'><strong>τελειοτάτης</strong></span> <span class='ocrx_word' id='word_1_35' title='bbox 1039 762 1309 823; x_wconf 74' lang='grc' dir='ltr'><strong>συνέσεως</strong></span> <span class='ocrx_word' id='word_1_36' title='bbox 1341 762 1418 824; x_wconf 84' lang='grc' dir='ltr'><strong>είς</strong></span> <span class='ocrx_word' id='word_1_37' title='bbox 1448 761 1547 824; x_wconf 72' lang='grc' dir='ltr'><strong>τάς</strong></span> <span class='ocrx_word' id='word_1_38' title='bbox 1578 778 1711 828; x_wconf 80' lang='grc' dir='ltr'><strong>πρε-</strong></span> 
     </span>
    </p>
   </div>
   <div class='ocr_carea' id='block_1_9' title="bbox 123 847 1709 921">
    <p class='ocr_par' dir='ltr' id='par_1_9' title="bbox 123 847 1709 921">
     <span class='ocr_line' id='line_1_9' title="bbox 123 847 1709 921; baseline 0.005 -26"><span class='ocrx_word' id='word_1_39' title='bbox 123 847 330 908; x_wconf 60' lang='grc' dir='ltr'><strong>πούσας</strong></span> <span class='ocrx_word' id='word_1_40' title='bbox 359 850 675 917; x_wconf 70' lang='grc' dir='ltr'><strong>συμϐάσεις</strong></span> <span class='ocrx_word' id='word_1_41' title='bbox 705 852 801 902; x_wconf 73' lang='grc' dir='ltr'><strong>καὶ</strong></span> <span class='ocrx_word' id='word_1_42' title='bbox 834 851 953 921; x_wconf 83' lang='grc' dir='ltr'><strong>Θεῷ</strong></span> <span class='ocrx_word' id='word_1_43' title='bbox 1005 852 1353 919; x_wconf 75' lang='grc' dir='ltr'><strong>εὐαρέστους,</strong></span> <span class='ocrx_word' id='word_1_44' title='bbox 1387 853 1484 904; x_wconf 74' lang='grc' dir='ltr'><strong>καὶ</strong></span> <span class='ocrx_word' id='word_1_45' title='bbox 1515 853 1709 915; x_wconf 80' lang='grc' dir='ltr'><strong>κοινῶς</strong></span> 
     </span>
    </p>
   </div>
   <div class='ocr_carea' id='block_1_10' title="bbox 123 941 1702 1012">
    <p class='ocr_par' dir='ltr' id='par_1_10' title="bbox 123 941 1702 1012">
     <span class='ocr_line' id='line_1_10' title="bbox 123 941 1702 1012; baseline 0.003 -21"><span class='ocrx_word' id='word_1_46' title='bbox 123 941 521 1009; x_wconf 71' lang='grc' dir='ltr'><strong>συμφερούσας</strong></span> <span class='ocrx_word' id='word_1_47' title='bbox 557 941 851 1012; x_wconf 84' lang='grc' dir='ltr'><strong>Ῥωμαίοις</strong></span> <span class='ocrx_word' id='word_1_48' title='bbox 895 944 988 996; x_wconf 80' lang='grc' dir='ltr'><strong>καὶ</strong></span> <span class='ocrx_word' id='word_1_49' title='bbox 1023 945 1357 1012; x_wconf 85' lang='grc' dir='ltr'><strong>Βουλγάροις</strong></span> <span class='ocrx_word' id='word_1_50' title='bbox 1392 944 1667 997; x_wconf 80' lang='grc' dir='ltr'><strong>συνελθεῖν</strong></span> <span class='ocrx_word' id='word_1_51' title='bbox 1689 962 1702 974; x_wconf 82' lang='grc'><em>’</em></span> 
     </span>
    </p>
   </div>
   <div class='ocr_carea' id='block_1_11' title="bbox 123 1033 1705 1096">
    <p class='ocr_par' dir='ltr' id='par_1_11' title="bbox 123 1033 1705 1096">
     <span class='ocr_line' id='line_1_11' title="bbox 123 1033 1705 1096; baseline 0.004 -15"><span class='ocrx_word' id='word_1_52' title='bbox 123 1033 203 1083; x_wconf 71' lang='grc' dir='ltr'><strong>ἵνα</strong></span> <span class='ocrx_word' id='word_1_53' title='bbox 232 1036 333 1085; x_wconf 77' lang='grc' dir='ltr'><strong>καὶ</strong></span> <span class='ocrx_word' id='word_1_54' title='bbox 367 1036 399 1085; x_wconf 86' lang='grc' dir='ltr'>ὁ</span> <span class='ocrx_word' id='word_1_55' title='bbox 435 1035 686 1096; x_wconf 77' lang='grc' dir='ltr'><strong>Σατανᾶς</strong></span> <span class='ocrx_word' id='word_1_56' title='bbox 725 1036 753 1086; x_wconf 81' lang='grc' dir='ltr'><strong>ὁ</strong></span> <span class='ocrx_word' id='word_1_57' title='bbox 784 1037 891 1087; x_wconf 91' lang='grc' dir='ltr'><strong>τῶν</strong></span> <span class='ocrx_word' id='word_1_58' title='bbox 927 1037 1238 1089; x_wconf 75' lang='grc' dir='ltr'><strong>σκανδάλων</strong></span> <span class='ocrx_word' id='word_1_59' title='bbox 1279 1036 1376 1089; x_wconf 76' lang='grc' dir='ltr'><strong>καὶ</strong></span> <span class='ocrx_word' id='word_1_60' title='bbox 1408 1038 1517 1088; x_wconf 90' lang='grc' dir='ltr'><strong>τῶν</strong></span> <span class='ocrx_word' id='word_1_61' title='bbox 1545 1036 1705 1088; x_wconf 84' lang='grc' dir='ltr'><strong>πολέ-</strong></span> 
     </span>
    </p>
   </div>
   <div class='ocr_carea' id='block_1_12' title="bbox 124 1126 1707 1199">
    <p class='ocr_par' dir='ltr' id='par_1_12' title="bbox 124 1126 1707 1199">
     <span class='ocr_line' id='line_1_12' title="bbox 124 1126 1707 1199; baseline 0.005 -24"><span class='ocrx_word' id='word_1_62' title='bbox 124 1143 230 1192; x_wconf 83' lang='grc' dir='ltr'><strong>μων</strong></span> <span class='ocrx_word' id='word_1_63' title='bbox 258 1126 448 1188; x_wconf 83' lang='grc' dir='ltr'><strong>αῐτιος</strong></span> <span class='ocrx_word' id='word_1_64' title='bbox 482 1130 879 1198; x_wconf 78' lang='grc' dir='ltr'><strong>καταισχυνθῇ,</strong></span> <span class='ocrx_word' id='word_1_65' title='bbox 924 1129 1015 1180; x_wconf 83' lang='grc' dir='ltr'><strong>καὶ</strong></span> <span class='ocrx_word' id='word_1_66' title='bbox 1042 1130 1115 1192; x_wconf 84' lang='grc' dir='ltr'><strong>ὡς</strong></span> <span class='ocrx_word' id='word_1_67' title='bbox 1142 1130 1203 1181; x_wconf 79' lang='grc' dir='ltr'><strong>τὸ</strong></span> <span class='ocrx_word' id='word_1_68' title='bbox 1228 1130 1289 1195; x_wconf 74' lang='grc' dir='ltr'>ἐξ</span> <span class='ocrx_word' id='word_1_69' title='bbox 1321 1128 1498 1199; x_wconf 81' lang='grc' dir='ltr'><strong>ἀρχῆς</strong></span> <span class='ocrx_word' id='word_1_70' title='bbox 1538 1130 1707 1199; x_wconf 75' lang='grc' dir='ltr'><strong>ἐϐρά-</strong></span> 
     </span>
    </p>
   </div>
   <div class='ocr_carea' id='block_1_13' title="bbox 123 1216 1713 1290">
    <p class='ocr_par' dir='ltr' id='par_1_13' title="bbox 123 1216 1713 1290">
     <span class='ocr_line' id='line_1_13' title="bbox 123 1216 1713 1290; baseline 0.005 -24"><span class='ocrx_word' id='word_1_71' title='bbox 123 1216 278 1268; x_wconf 84' lang='grc' dir='ltr'><strong>6;υσε</strong></span> <span class='ocrx_word' id='word_1_72' title='bbox 301 1216 446 1280; x_wconf 78' lang='grc' dir='ltr'><strong>Θεὸς</strong></span> <span class='ocrx_word' id='word_1_73' title='bbox 480 1219 583 1289; x_wconf 80' lang='grc' dir='ltr'><strong>τὴν</strong></span> <span class='ocrx_word' id='word_1_74' title='bbox 609 1222 835 1289; x_wconf 78' lang='grc' dir='ltr'><strong>εἰρήνην</strong></span> <span class='ocrx_word' id='word_1_75' title='bbox 861 1222 1069 1289; x_wconf 78' lang='grc' dir='ltr'><strong>μεταξὺ</strong></span> <span class='ocrx_word' id='word_1_76' title='bbox 1103 1221 1389 1290; x_wconf 85' lang='grc' dir='ltr'><strong>Ῥωμαίων</strong></span> <span class='ocrx_word' id='word_1_77' title='bbox 1418 1224 1511 1274; x_wconf 68' lang='grc' dir='ltr'><strong>καὶ</strong></span> <span class='ocrx_word' id='word_1_78' title='bbox 1549 1222 1713 1274; x_wconf 86' lang='grc' dir='ltr'><strong>Βουλ-</strong></span> 
     </span>
    </p>
   </div>
   <div class='ocr_carea' id='block_1_14' title="bbox 122 1310 1711 1385">
    <p class='ocr_par' dir='ltr' id='par_1_14' title="bbox 122 1310 1711 1385">
     <span class='ocr_line' id='line_1_14' title="bbox 122 1310 1711 1385; baseline 0.006 -28"><span class='ocrx_word' id='word_1_79' title='bbox 122 1314 326 1374; x_wconf 71' lang='grc' dir='ltr'><strong>γαρων,</strong></span> <span class='ocrx_word' id='word_1_80' title='bbox 370 1310 544 1363; x_wconf 76' lang='grc' dir='ltr'><strong>πάλιν</strong></span> <span class='ocrx_word' id='word_1_81' title='bbox 574 1311 737 1383; x_wconf 77' lang='grc' dir='ltr'><strong>ἔχητε</strong></span> <span class='ocrx_word' id='word_1_82' title='bbox 779 1313 875 1381; x_wconf 75' lang='grc' dir='ltr'><strong>τὴν</strong></span> <span class='ocrx_word' id='word_1_83' title='bbox 903 1315 1149 1382; x_wconf 76' lang='grc' dir='ltr'><strong>εἰρήνην.</strong></span> <span class='ocrx_word' id='word_1_84' title='bbox 1186 1314 1297 1367; x_wconf 71' lang='grc' dir='ltr'><strong>Καὶ</strong></span> <span class='ocrx_word' id='word_1_85' title='bbox 1321 1315 1479 1383; x_wconf 80' lang='grc' dir='ltr'><strong>ὑμεῖς</strong></span> <span class='ocrx_word' id='word_1_86' title='bbox 1511 1315 1609 1385; x_wconf 82' lang='grc' dir='ltr'><strong>μὲν</strong></span> <span class='ocrx_word' id='word_1_87' title='bbox 1636 1315 1711 1377; x_wconf 84' lang='grc' dir='ltr'><strong>ὡς</strong></span> 
     </span>
    </p>
   </div>
   <div class='ocr_carea' id='block_1_15' title="bbox 120 1400 1710 1475">
    <p class='ocr_par' dir='ltr' id='par_1_15' title="bbox 120 1400 1710 1475">
     <span class='ocr_line' id='line_1_15' title="bbox 120 1400 1710 1475; baseline 0.018 -27"><span class='ocrx_word' id='word_1_88' title='bbox 120 1403 281 1451; x_wconf 71' lang='grc' dir='ltr'><strong>τέκνα</strong></span> <span class='ocrx_word' id='word_1_89' title='bbox 311 1403 453 1463; x_wconf 72' lang='grc' dir='ltr'><strong>τοὺς</strong></span> <span class='ocrx_word' id='word_1_90' title='bbox 484 1406 732 1473; x_wconf 77' lang='grc' dir='ltr'><strong>πατέρας</strong></span> <span class='ocrx_word' id='word_1_91' title='bbox 759 1404 1178 1472; x_wconf 68' lang='grc' dir='ltr'><strong>ἐπιγινώσκετε.</strong></span> <span class='ocrx_word' id='word_1_92' title='bbox 1206 1406 1337 1475; x_wconf 82' lang='grc' dir='ltr'><strong>παρ’</strong></span> <span class='ocrx_word' id='word_1_93' title='bbox 1362 1400 1437 1459; x_wconf 71' lang='grc' dir='ltr'>ὧν</span> <span class='ocrx_word' id='word_1_94' title='bbox 1456 1406 1710 1471; x_wconf 62' lang='grc' dir='ltr'><strong>ἐδέξασθε</strong></span> 
     </span>
    </p>
   </div>
   <div class='ocr_carea' id='block_1_16' title="bbox 122 1490 1562 1567">
    <p class='ocr_par' dir='ltr' id='par_1_16' title="bbox 122 1490 1562 1567">
     <span class='ocr_line' id='line_1_16' title="bbox 122 1490 1562 1567; baseline 0.006 -27"><span class='ocrx_word' id='word_1_95' title='bbox 122 1490 326 1543; x_wconf 73' lang='grc' dir='ltr'><strong>καὶτοῦ</strong></span> <span class='ocrx_word' id='word_1_96' title='bbox 380 1493 549 1560; x_wconf 71' lang='grc' dir='ltr'><strong>ἁγίου</strong></span> <span class='ocrx_word' id='word_1_97' title='bbox 595 1494 977 1564; x_wconf 75' lang='grc' dir='ltr'><strong>βαπτίσματος</strong></span> <span class='ocrx_word' id='word_1_98' title='bbox 1002 1497 1101 1565; x_wconf 80' lang='grc' dir='ltr'><strong>τὴν</strong></span> <span class='ocrx_word' id='word_1_99' title='bbox 1144 1498 1325 1567; x_wconf 81' lang='grc' dir='ltr'><strong>χάριν,</strong></span> <span class='ocrx_word' id='word_1_100' title='bbox 1394 1498 1489 1551; x_wconf 80' lang='grc' dir='ltr'><strong>καὶ</strong></span> <span class='ocrx_word' id='word_1_101' title='bbox 1512 1499 1562 1550; x_wconf 88' lang='grc' dir='ltr'><strong>οἱ</strong></span> 
     </span>
    </p>
   </div>
   <div class='ocr_carea' id='block_1_17' title="bbox 1802 576 3381 647">
    <p class='ocr_par' dir='ltr' id='par_1_17' title="bbox 1802 576 3381 647">
     <span class='ocr_line' id='line_1_17' title="bbox 1802 576 3381 647; baseline 0.001 -17"><span class='ocrx_word' id='word_1_102' title='bbox 1802 576 2067 645; x_wconf 82' lang='lat' dir='ltr'><strong>jucunda,</strong></span> <span class='ocrx_word' id='word_1_103' title='bbox 2100 576 2363 645; x_wconf 89' lang='lat' dir='ltr'><strong>ttliliaque</strong></span> <span class='ocrx_word' id='word_1_104' title='bbox 2409 576 2669 631; x_wconf 74' lang='lat' dir='ltr'><strong>Romanis</strong></span> <span class='ocrx_word' id='word_1_105' title='bbox 2700 592 2803 629; x_wconf 90' lang='lat' dir='ltr'><strong>una</strong></span> <span class='ocrx_word' id='word_1_106' title='bbox 2829 587 2880 629; x_wconf 89' lang='lat' dir='ltr'><strong>et</strong></span> <span class='ocrx_word' id='word_1_107' title='bbox 2906 576 3176 647; x_wconf 83' lang='lat' dir='ltr'><strong>Bulgaris,</strong></span> <span class='ocrx_word' id='word_1_108' title='bbox 3212 577 3381 632; x_wconf 90' lang='lat' dir='ltr'><strong>inire:</strong></span> 
     </span>
    </p>
   </div>
   <div class='ocr_carea' id='block_1_18' title="bbox 1807 666 3383 729">
    <p class='ocr_par' dir='ltr' id='par_1_18' title="bbox 1807 666 3383 729">
     <span class='ocr_line' id='line_1_18' title="bbox 1807 666 3383 729; baseline -0.003 -5"><span class='ocrx_word' id='word_1_109' title='bbox 1807 671 1879 724; x_wconf 92' lang='lat' dir='ltr'><strong>ita</strong></span> <span class='ocrx_word' id='word_1_110' title='bbox 1912 679 1967 721; x_wconf 90' lang='lat' dir='ltr'><strong>ut</strong></span> <span class='ocrx_word' id='word_1_111' title='bbox 1998 666 2253 721; x_wconf 82' lang='lat' dir='ltr'><strong>Satanam</strong></span> <span class='ocrx_word' id='word_1_112' title='bbox 2276 706 2291 729; x_wconf 98' lang='lat'><strong>,</strong></span> <span class='ocrx_word' id='word_1_113' title='bbox 2327 668 2710 721; x_wconf 88' lang='lat' dir='ltr'><strong>scamlalorum</strong></span> <span class='ocrx_word' id='word_1_114' title='bbox 2769 676 2822 719; x_wconf 84' lang='grc' dir='ltr'><strong>ιιι</strong></span> <span class='ocrx_word' id='word_1_115' title='bbox 2870 668 3133 719; x_wconf 89' lang='lat' dir='ltr'><strong>bellorum</strong></span> <span class='ocrx_word' id='word_1_116' title='bbox 3189 676 3383 720; x_wconf 86' lang='lat' dir='ltr'><strong>aucto-</strong></span> 
     </span>
    </p>
   </div>
   <div class='ocr_carea' id='block_1_19' title="bbox 1808 746 3381 828">
    <p class='ocr_par' dir='ltr' id='par_1_19' title="bbox 1808 746 3381 828">
     <span class='ocr_line' id='line_1_19' title="bbox 1808 746 3381 828; baseline -0.001 -16"><span class='ocrx_word' id='word_1_117' title='bbox 1808 775 1943 819; x_wconf 87' lang='lat' dir='ltr'><strong>rem,</strong></span> <span class='ocrx_word' id='word_1_118' title='bbox 1974 746 2275 828; x_wconf 85' lang='lat' dir='ltr'><strong>ignominia</strong></span> <span class='ocrx_word' id='word_1_119' title='bbox 2308 758 2602 812; x_wconf 76' lang='lat' dir='ltr'><strong>allicientes</strong></span> <span class='ocrx_word' id='word_1_120' title='bbox 2625 800 2638 820; x_wconf 83' lang='lat'><strong>,</strong></span> <span class='ocrx_word' id='word_1_121' title='bbox 2689 759 2847 812; x_wconf 85' lang='lat' dir='ltr'><strong>istam</strong></span> <span class='ocrx_word' id='word_1_122' title='bbox 2877 774 3038 827; x_wconf 84' lang='lat' dir='ltr'><strong>quam</strong></span> <span class='ocrx_word' id='word_1_123' title='bbox 3072 758 3140 812; x_wconf 85' lang='lat' dir='ltr'><strong>ab</strong></span> <span class='ocrx_word' id='word_1_124' title='bbox 3169 758 3381 826; x_wconf 80' lang='lat' dir='ltr'><strong>Origine</strong></span> 
     </span>
    </p>
   </div>
   <div class='ocr_carea' id='block_1_20' title="bbox 1811 849 3383 921">
    <p class='ocr_par' dir='ltr' id='par_1_20' title="bbox 1811 849 3383 921">
     <span class='ocr_line' id='line_1_20' title="bbox 1811 849 3383 921; baseline -0.002 -16"><span class='ocrx_word' id='word_1_125' title='bbox 1811 853 1952 907; x_wconf 86' lang='lat' dir='ltr'><strong>Deus</strong></span> <span class='ocrx_word' id='word_1_126' title='bbox 1983 862 2363 921; x_wconf 75' lang='lat' dir='ltr'><strong>composuerat</strong></span> <span class='ocrx_word' id='word_1_127' title='bbox 2396 850 2575 905; x_wconf 87' lang='lat' dir='ltr'><strong>denuo</strong></span> <span class='ocrx_word' id='word_1_128' title='bbox 2616 852 2878 913; x_wconf 68' lang='lat' dir='ltr'><strong>habentis,</strong></span> <span class='ocrx_word' id='word_1_129' title='bbox 2930 865 3136 918; x_wconf 87' lang='lat' dir='ltr'><strong>vosque</strong></span> <span class='ocrx_word' id='word_1_130' title='bbox 3180 849 3383 902; x_wconf 84' lang='lat' dir='ltr'><strong>Roma-</strong></span> 
     </span>
    </p>
   </div>
   <div class='ocr_carea' id='block_1_21' title="bbox 1812 942 3381 1012">
    <p class='ocr_par' dir='ltr' id='par_1_21' title="bbox 1812 942 3381 1012">
     <span class='ocr_line' id='line_1_21' title="bbox 1812 942 3381 1012; baseline -0.003 -14"><span class='ocrx_word' id='word_1_131' title='bbox 1812 959 1945 1009; x_wconf 89' lang='lat' dir='ltr'><strong>nos,</strong></span> <span class='ocrx_word' id='word_1_132' title='bbox 1994 952 2053 995; x_wconf 90' lang='lat' dir='ltr'><strong>ut</strong></span> <span class='ocrx_word' id='word_1_133' title='bbox 2099 943 2216 1007; x_wconf 82' lang='lat' dir='ltr'><strong>ﬁlii,</strong></span> <span class='ocrx_word' id='word_1_134' title='bbox 2275 953 2459 1012; x_wconf 78' lang='lat' dir='ltr'><strong>patres</strong></span> <span class='ocrx_word' id='word_1_135' title='bbox 2491 943 2821 1011; x_wconf 84' lang='lat' dir='ltr'><strong>agnoscatis,</strong></span> <span class='ocrx_word' id='word_1_136' title='bbox 2871 942 3125 1011; x_wconf 84' lang='lat' dir='ltr'><strong>aquibus</strong></span> <span class='ocrx_word' id='word_1_137' title='bbox 3153 943 3381 1008; x_wconf 83' lang='lat' dir='ltr'><strong>gratiam</strong></span> 
     </span>
    </p>
   </div>
   <div class='ocr_carea' id='block_1_22' title="bbox 1812 1034 3382 1104">
    <p class='ocr_par' dir='ltr' id='par_1_22' title="bbox 1812 1034 3382 1104">
     <span class='ocr_line' id='line_1_22' title="bbox 1812 1034 3382 1104; baseline -0.001 -15"><span class='ocrx_word' id='word_1_138' title='bbox 1812 1035 2154 1104; x_wconf 81' lang='lat' dir='ltr'><strong>baptismatis</strong></span> <span class='ocrx_word' id='word_1_139' title='bbox 2184 1037 2508 1104; x_wconf 83' lang='lat' dir='ltr'><strong>accepistis;</strong></span> <span class='ocrx_word' id='word_1_140' title='bbox 2549 1034 2778 1088; x_wconf 85' lang='lat' dir='ltr'><strong>Romani</strong></span> <span class='ocrx_word' id='word_1_141' title='bbox 2828 1044 3034 1100; x_wconf 88' lang='lat' dir='ltr'><strong>autem,</strong></span> <span class='ocrx_word' id='word_1_142' title='bbox 3092 1043 3151 1088; x_wconf 90' lang='lat' dir='ltr'><strong>ut</strong></span> <span class='ocrx_word' id='word_1_143' title='bbox 3180 1045 3382 1102; x_wconf 89' lang='lat' dir='ltr'><strong>patres,</strong></span> 
     </span>
    </p>
   </div>
   <div class='ocr_carea' id='block_1_23' title="bbox 1807 1127 3381 1196">
    <p class='ocr_par' dir='ltr' id='par_1_23' title="bbox 1807 1127 3381 1196">
     <span class='ocr_line' id='line_1_23' title="bbox 1807 1127 3381 1196; baseline -0.001 -16"><span class='ocrx_word' id='word_1_144' title='bbox 1807 1128 2070 1196; x_wconf 86' lang='lat' dir='ltr'><strong>Bulgaros</strong></span> <span class='ocrx_word' id='word_1_145' title='bbox 2104 1143 2235 1181; x_wconf 90' lang='lat' dir='ltr'><strong>suos</strong></span> <span class='ocrx_word' id='word_1_146' title='bbox 2264 1129 2317 1180; x_wconf 90' lang='lat' dir='ltr'><strong>in</strong></span> <span class='ocrx_word' id='word_1_147' title='bbox 2348 1127 2568 1181; x_wconf 86' lang='lat' dir='ltr'><strong>Christo</strong></span> <span class='ocrx_word' id='word_1_148' title='bbox 2599 1127 2739 1180; x_wconf 80' lang='lat' dir='ltr'><strong>ﬁlios</strong></span> <span class='ocrx_word' id='word_1_149' title='bbox 2770 1136 3104 1193; x_wconf 80' lang='lat' dir='ltr'><strong>agnoscant;</strong></span> <span class='ocrx_word' id='word_1_150' title='bbox 3159 1127 3299 1180; x_wconf 88' lang='lat' dir='ltr'><strong>Deus</strong></span> <span class='ocrx_word' id='word_1_151' title='bbox 3330 1132 3381 1179; x_wconf 90' lang='lat' dir='ltr'><strong>in</strong></span> 
     </span>
    </p>
   </div>
   <div class='ocr_carea' id='block_1_24' title="bbox 1810 1218 3384 1291">
    <p class='ocr_par' dir='ltr' id='par_1_24' title="bbox 1810 1218 3384 1291">
     <span class='ocr_line' id='line_1_24' title="bbox 1810 1218 3384 1291; baseline -0.003 -16"><span class='ocrx_word' id='word_1_152' title='bbox 1810 1222 1930 1275; x_wconf 90' lang='lat' dir='ltr'><strong>istis</strong></span> <span class='ocrx_word' id='word_1_153' title='bbox 1979 1221 2349 1291; x_wconf 86' lang='lat' dir='ltr'><strong>gloriiicetur;</strong></span> <span class='ocrx_word' id='word_1_154' title='bbox 2399 1235 2597 1289; x_wconf 84' lang='lat' dir='ltr'><strong>resque</strong></span> <span class='ocrx_word' id='word_1_155' title='bbox 2628 1220 2751 1273; x_wconf 75' lang='lat' dir='ltr'><strong>vita:</strong></span> <span class='ocrx_word' id='word_1_156' title='bbox 2783 1221 3091 1274; x_wconf 90' lang='lat' dir='ltr'><strong>communis</strong></span> <span class='ocrx_word' id='word_1_157' title='bbox 3123 1218 3384 1272; x_wconf 81' lang='lat' dir='ltr'><strong>Romanis</strong></span> 
     </span>
    </p>
   </div>
   <div class='ocr_carea' id='block_1_25' title="bbox 1809 1312 3384 1382">
    <p class='ocr_par' dir='ltr' id='par_1_25' title="bbox 1809 1312 3384 1382">
     <span class='ocr_line' id='line_1_25' title="bbox 1809 1312 3384 1382; baseline -0.003 -13"><span class='ocrx_word' id='word_1_158' title='bbox 1809 1314 1970 1369; x_wconf 80' lang='lat' dir='ltr'><strong>simul</strong></span> <span class='ocrx_word' id='word_1_159' title='bbox 2020 1329 2084 1367; x_wconf 88' lang='lat' dir='ltr'><strong>ae</strong></span> <span class='ocrx_word' id='word_1_160' title='bbox 2135 1312 2385 1382; x_wconf 83' lang='lat' dir='ltr'><strong>Bulgaris</strong></span> <span class='ocrx_word' id='word_1_161' title='bbox 2434 1313 2486 1365; x_wconf 92' lang='lat' dir='ltr'><strong>in</strong></span> <span class='ocrx_word' id='word_1_162' title='bbox 2540 1314 2718 1381; x_wconf 88' lang='lat' dir='ltr'><strong>prisca</strong></span> <span class='ocrx_word' id='word_1_163' title='bbox 2771 1312 3032 1368; x_wconf 81' lang='lat' dir='ltr'><strong>felicitate</strong></span> <span class='ocrx_word' id='word_1_164' title='bbox 3107 1313 3384 1381; x_wconf 86' lang='lat' dir='ltr'><strong>veterique</strong></span> 
     </span>
    </p>
   </div>
   <div class='ocr_carea' id='block_1_26' title="bbox 1805 1406 2565 1477">
    <p class='ocr_par' dir='ltr' id='par_1_26' title="bbox 1805 1406 2565 1477">
     <span class='ocr_line' id='line_1_26' title="bbox 1805 1406 2565 1477; baseline -0.004 -16"><span class='ocrx_word' id='word_1_165' title='bbox 1805 1408 2151 1477; x_wconf 88' lang='lat' dir='ltr'><strong>jucunditate</strong></span> <span class='ocrx_word' id='word_1_166' title='bbox 2185 1406 2565 1461; x_wconf 81' lang='lat' dir='ltr'><strong>restituantur.</strong></span> 
     </span>
    </p>
   </div>
   <div class='ocr_carea' id='block_1_27' title="bbox 1640 1497 3385 1569">
    <p class='ocr_par' dir='ltr' id='par_1_27' title="bbox 1640 1497 3385 1569">
     <span class='ocr_line' id='line_1_27' title="bbox 1640 1497 3385 1569; baseline 0.001 -19"><span class='ocrx_word' id='word_1_167' title='bbox 1640 1498 1903 1566; x_wconf 84' lang='grc' dir='ltr'><strong>Ῥωμαῖοι</strong></span> <span class='ocrx_word' id='word_1_168' title='bbox 1969 1498 2047 1561; x_wconf 82' lang='grc' dir='ltr'><strong>ὼς</strong></span> <span class='ocrx_word' id='word_1_169' title='bbox 2116 1498 2351 1569; x_wconf 77' lang='grc' dir='ltr'><strong>πατέρες</strong></span> <span class='ocrx_word' id='word_1_170' title='bbox 2381 1497 2451 1551; x_wconf 85' lang='grc' dir='ltr'><strong>τά</strong></span> <span class='ocrx_word' id='word_1_171' title='bbox 2492 1498 2669 1551; x_wconf 81' lang='grc' dir='ltr'><strong>οἰκεῖα</strong></span> <span class='ocrx_word' id='word_1_172' title='bbox 2713 1500 2768 1551; x_wconf 69' lang='grc' dir='ltr'><strong>ἰν</strong></span> <span class='ocrx_word' id='word_1_173' title='bbox 2802 1498 3027 1568; x_wconf 83' lang='grc' dir='ltr'><strong>Χριστῷ</strong></span> <span class='ocrx_word' id='word_1_174' title='bbox 3055 1499 3223 1551; x_wconf 86' lang='grc' dir='ltr'><strong>τέκνα</strong></span> <span class='ocrx_word' id='word_1_175' title='bbox 3260 1498 3385 1561; x_wconf 72' lang='grc' dir='ltr'><strong>τοὺς</strong></span> 
     </span>
    </p>
   </div>
   <div class='ocr_carea' id='block_1_28' title="bbox 123 1578 3386 1676">
    <p class='ocr_par' dir='ltr' id='par_1_28' title="bbox 123 1578 3386 1676">
     <span class='ocr_line' id='line_1_28' title="bbox 123 1578 3386 1676; baseline 0.003 -44"><span class='ocrx_word' id='word_1_176' title='bbox 123 1578 472 1676; x_wconf 68' lang='grc' dir='ltr'><strong>Βουλγάρους</strong></span> <span class='ocrx_word' id='word_1_177' title='bbox 529 1582 961 1648; x_wconf 72' lang='grc' dir='ltr'><strong>ἐπιγινώσκωσι,</strong></span> <span class='ocrx_word' id='word_1_178' title='bbox 1011 1586 1105 1637; x_wconf 79' lang='grc' dir='ltr'><strong>καὶ</strong></span> <span class='ocrx_word' id='word_1_179' title='bbox 1162 1585 1295 1649; x_wconf 65' lang='grc' dir='ltr'><strong>Θεὸς</strong></span> <span class='ocrx_word' id='word_1_180' title='bbox 1351 1588 1445 1639; x_wconf 82' lang='grc' dir='ltr'><strong>ὲπὶ</strong></span> <span class='ocrx_word' id='word_1_181' title='bbox 1492 1586 1706 1650; x_wconf 77' lang='grc' dir='ltr'><strong>τούτοις</strong></span> <span class='ocrx_word' id='word_1_182' title='bbox 1744 1588 2059 1658; x_wconf 76' lang='grc' dir='ltr'><strong>δοξάζηται,</strong></span> <span class='ocrx_word' id='word_1_183' title='bbox 2120 1590 2212 1642; x_wconf 79' lang='grc' dir='ltr'><strong>καὶ</strong></span> <span class='ocrx_word' id='word_1_184' title='bbox 2266 1591 2335 1642; x_wconf 71' lang='grc' dir='ltr'><strong>τὶ</strong></span> <span class='ocrx_word' id='word_1_185' title='bbox 2388 1588 2483 1642; x_wconf 88' lang='grc' dir='ltr'><strong>τοῦ</strong></span> <span class='ocrx_word' id='word_1_186' title='bbox 2535 1588 2720 1642; x_wconf 86' lang='grc' dir='ltr'><strong>κοινοῦ</strong></span> <span class='ocrx_word' id='word_1_187' title='bbox 2786 1589 2903 1659; x_wconf 89' lang='grc' dir='ltr'><strong>βίου</strong></span> <span class='ocrx_word' id='word_1_188' title='bbox 2977 1591 3070 1642; x_wconf 75' lang='grc' dir='ltr'><strong>καὶ</strong></span> <span class='ocrx_word' id='word_1_189' title='bbox 3108 1590 3207 1658; x_wconf 81' lang='grc' dir='ltr'><strong>τῆς</strong></span> <span class='ocrx_word' id='word_1_190' title='bbox 3237 1589 3386 1657; x_wconf 77' lang='grc' dir='ltr'><strong>ζωῆς</strong></span> 
     </span>
    </p>
   </div>
   <div class='ocr_carea' id='block_1_29' title="bbox 122 1674 3205 1751">
    <p class='ocr_par' dir='ltr' id='par_1_29' title="bbox 122 1674 3205 1751">
     <span class='ocr_line' id='line_1_29' title="bbox 122 1674 3205 1751; baseline 0.004 -28"><span class='ocrx_word' id='word_1_191' title='bbox 122 1674 430 1741; x_wconf 78' lang='grc' dir='ltr'><strong>πράγματα</strong></span> <span class='ocrx_word' id='word_1_192' title='bbox 496 1675 790 1743; x_wconf 87' lang='grc' dir='ltr'><strong>Ῥωμαίοις</strong></span> <span class='ocrx_word' id='word_1_193' title='bbox 827 1679 922 1729; x_wconf 80' lang='grc' dir='ltr'><strong>καὶ</strong></span> <span class='ocrx_word' id='word_1_194' title='bbox 957 1676 1291 1749; x_wconf 71' lang='grc' dir='ltr'><strong>Βουλγάροις</strong></span> <span class='ocrx_word' id='word_1_195' title='bbox 1325 1679 1461 1750; x_wconf 80' lang='grc' dir='ltr'><strong>πρὸς</strong></span> <span class='ocrx_word' id='word_1_196' title='bbox 1504 1681 1604 1750; x_wconf 78' lang='grc' dir='ltr'><strong>τὴν</strong></span> <span class='ocrx_word' id='word_1_197' title='bbox 1645 1681 1704 1747; x_wconf 77' lang='grc' dir='ltr'>ἐξ</span> <span class='ocrx_word' id='word_1_198' title='bbox 1741 1682 1917 1751; x_wconf 85' lang='grc' dir='ltr'><strong>ἀρχῆς</strong></span> <span class='ocrx_word' id='word_1_199' title='bbox 1946 1683 2302 1750; x_wconf 79' lang='grc' dir='ltr'><strong>ἀποκαταστῇ</strong></span> <span class='ocrx_word' id='word_1_200' title='bbox 2338 1683 2638 1751; x_wconf 79' lang='grc' dir='ltr'><strong>εὐκληρίαν</strong></span> <span class='ocrx_word' id='word_1_201' title='bbox 2673 1699 2730 1733; x_wconf 93' lang='grc' dir='ltr'><strong>τε</strong></span> <span class='ocrx_word' id='word_1_202' title='bbox 2754 1682 2848 1747; x_wconf 66' lang='grc' dir='ltr'><strong>καὶ</strong></span> <span class='ocrx_word' id='word_1_203' title='bbox 2879 1681 3205 1734; x_wconf 85' lang='grc' dir='ltr'><strong>ἀπόλαυσιν.</strong></span> 
     </span>
    </p>
   </div>
   <div class='ocr_carea' id='block_1_30' title="bbox 194 1763 1711 1842">
    <p class='ocr_par' dir='ltr' id='par_1_30' title="bbox 194 1763 1705 1838">
     <span class='ocr_line' id='line_1_30' title="bbox 194 1763 1705 1838; baseline 0.007 -24"><span class='ocrx_word' id='word_1_204' title='bbox 194 1763 322 1827; x_wconf 78' lang='grc' dir='ltr'><strong>Ἐπὶ</strong></span> <span class='ocrx_word' id='word_1_205' title='bbox 345 1763 570 1825; x_wconf 80' lang='grc' dir='ltr'><strong>τούτοις</strong></span> <span class='ocrx_word' id='word_1_206' title='bbox 588 1766 769 1818; x_wconf 73' lang='grc' dir='ltr'><strong>έκεῖνο</strong></span> <span class='ocrx_word' id='word_1_207' title='bbox 798 1768 1189 1838; x_wconf 81' lang='grc' dir='ltr'><strong>προστίθεμεν,</strong></span> <span class='ocrx_word' id='word_1_208' title='bbox 1213 1769 1285 1831; x_wconf 80' lang='grc' dir='ltr'><strong>ὡς</strong></span> <span class='ocrx_word' id='word_1_209' title='bbox 1310 1768 1507 1833; x_wconf 81' lang='grc' dir='ltr'><strong>ἀνάξια</strong></span> <span class='ocrx_word' id='word_1_210' title='bbox 1532 1774 1705 1833; x_wconf 85' lang='grc' dir='ltr'><strong>ποιεῖς</strong></span> 
     </span>
    </p>
   </div>
   <div class='ocr_carea' id='block_1_31' title="bbox 1812 1763 3390 1842">
    <p class='ocr_par' dir='ltr' id='par_1_31' title="bbox 1884 1772 3390 1841">
     <span class='ocr_line' id='line_1_31' title="bbox 1884 1772 3390 1841; baseline -0.001 -15"><span class='ocrx_word' id='word_1_211' title='bbox 1884 1772 1997 1827; x_wconf 85' lang='lat' dir='ltr'><strong>Hoc</strong></span> <span class='ocrx_word' id='word_1_212' title='bbox 2034 1790 2197 1828; x_wconf 91' lang='lat' dir='ltr'><strong>unum</strong></span> <span class='ocrx_word' id='word_1_213' title='bbox 2261 1772 2546 1836; x_wconf 85' lang='lat' dir='ltr'><strong>addemus,</strong></span> <span class='ocrx_word' id='word_1_214' title='bbox 2581 1774 2788 1827; x_wconf 86' lang='lat' dir='ltr'><strong>scilicet</strong></span> <span class='ocrx_word' id='word_1_215' title='bbox 2824 1784 2874 1826; x_wconf 84' lang='lat' dir='ltr'><strong>te</strong></span> <span class='ocrx_word' id='word_1_216' title='bbox 2935 1774 3168 1840; x_wconf 84' lang='lat' dir='ltr'><strong>gloriosa</strong></span> <span class='ocrx_word' id='word_1_217' title='bbox 3218 1773 3390 1841; x_wconf 80' lang='lat' dir='ltr'><strong>digni-</strong></span> 
     </span>
    </p>
   </div>
   <div class='ocr_carea' id='block_1_32' title="bbox 121 1856 1706 1930">
    <p class='ocr_par' dir='ltr' id='par_1_32' title="bbox 121 1856 1706 1930">
     <span class='ocr_line' id='line_1_32' title="bbox 121 1856 1706 1930; baseline 0.006 -26"><span class='ocrx_word' id='word_1_218' title='bbox 121 1858 210 1922; x_wconf 72' lang='grc' dir='ltr'><strong>τῆς</strong></span> <span class='ocrx_word' id='word_1_219' title='bbox 246 1856 350 1925; x_wconf 74' lang='grc' dir='ltr'><strong>σῆς</strong></span> <span class='ocrx_word' id='word_1_220' title='bbox 392 1856 764 1923; x_wconf 67' lang='grc' dir='ltr'><strong>μεγαλοδόξου</strong></span> <span class='ocrx_word' id='word_1_221' title='bbox 822 1859 1025 1927; x_wconf 78' lang='grc' dir='ltr'><strong>ἀρχῆς,</strong></span> <span class='ocrx_word' id='word_1_222' title='bbox 1085 1859 1275 1929; x_wconf 82' lang='grc' dir='ltr'><strong>ὖῦρεις</strong></span> <span class='ocrx_word' id='word_1_223' title='bbox 1327 1863 1561 1930; x_wconf 81' lang='grc' dir='ltr'><strong>γράφων</strong></span> <span class='ocrx_word' id='word_1_224' title='bbox 1610 1866 1706 1915; x_wconf 74' lang='grc' dir='ltr'><strong>καὶ</strong></span> 
     </span>
    </p>
   </div>
   <div class='ocr_carea' id='block_1_33' title="bbox 123 1946 1707 2027">
    <p class='ocr_par' dir='ltr' id='par_1_33' title="bbox 123 1946 1707 2027">
     <span class='ocr_line' id='line_1_33' title="bbox 123 1946 1707 2027; baseline 0.008 -30"><span class='ocrx_word' id='word_1_225' title='bbox 123 1946 562 2016; x_wconf 73' lang='grc' dir='ltr'><strong>παραλογισμῶν</strong></span> <span class='ocrx_word' id='word_1_226' title='bbox 615 1949 836 2018; x_wconf 74' lang='grc' dir='ltr'><strong>ῥήματα</strong></span> <span class='ocrx_word' id='word_1_227' title='bbox 873 1951 998 2004; x_wconf 76' lang='grc' dir='ltr'><strong>ἀντὶ</strong></span> <span class='ocrx_word' id='word_1_228' title='bbox 1034 1952 1143 2004; x_wconf 87' lang='grc' dir='ltr'><strong>τῶν</strong></span> <span class='ocrx_word' id='word_1_229' title='bbox 1198 1956 1278 2016; x_wconf 86' lang='grc' dir='ltr'><strong>είς</strong></span> <span class='ocrx_word' id='word_1_230' title='bbox 1324 1955 1384 2008; x_wconf 78' lang='grc' dir='ltr'><strong>σὲ</strong></span> <span class='ocrx_word' id='word_1_231' title='bbox 1423 1957 1707 2027; x_wconf 83' lang='grc' dir='ltr'><strong>γραφομέ-</strong></span> 
     </span>
    </p>
   </div>
   <div class='ocr_carea' id='block_1_34' title="bbox 121 2038 1706 2118">
    <p class='ocr_par' dir='ltr' id='par_1_34' title="bbox 121 2038 1706 2118">
     <span class='ocr_line' id='line_1_34' title="bbox 121 2038 1706 2118; baseline 0.008 -31"><span class='ocrx_word' id='word_1_232' title='bbox 121 2055 215 2089; x_wconf 84' lang='grc' dir='ltr'><strong>νων</strong></span> <span class='ocrx_word' id='word_1_233' title='bbox 234 2038 484 2106; x_wconf 82' lang='grc' dir='ltr'><strong>φιλικῶν</strong></span> <span class='ocrx_word' id='word_1_234' title='bbox 512 2042 863 2111; x_wconf 85' lang='grc' dir='ltr'><strong>γραμμάτων</strong></span> <span class='ocrx_word' id='word_1_235' title='bbox 890 2044 983 2096; x_wconf 80' lang='grc' dir='ltr'><strong>καὶ</strong></span> <span class='ocrx_word' id='word_1_236' title='bbox 1004 2046 1293 2115; x_wconf 81' lang='grc' dir='ltr'><strong>τιμώντων</strong></span> <span class='ocrx_word' id='word_1_237' title='bbox 1314 2047 1412 2117; x_wconf 83' lang='grc' dir='ltr'><strong>τὴν</strong></span> <span class='ocrx_word' id='word_1_238' title='bbox 1434 2050 1706 2118; x_wconf 79' lang='grc' dir='ltr'><strong>ὑμετέραν</strong></span> 
     </span>
    </p>
   </div>
   <div class='ocr_carea' id='block_1_35' title="bbox 122 2132 1707 2212">
    <p class='ocr_par' dir='ltr' id='par_1_35' title="bbox 122 2132 1707 2212">
     <span class='ocr_line' id='line_1_35' title="bbox 122 2132 1707 2212; baseline 0.008 -30"><span class='ocrx_word' id='word_1_239' title='bbox 122 2132 367 2193; x_wconf 74' lang='grc' dir='ltr'><strong>ἐξουσίαν</strong></span> <span class='ocrx_word' id='word_1_240' title='bbox 435 2134 590 2204; x_wconf 80' lang='grc' dir='ltr'><strong>παρά</strong></span> <span class='ocrx_word' id='word_1_241' title='bbox 647 2135 743 2187; x_wconf 87' lang='grc' dir='ltr'><strong>τοῦ</strong></span> <span class='ocrx_word' id='word_1_242' title='bbox 788 2135 1137 2206; x_wconf 81' lang='grc' dir='ltr'><strong>φιλοχρίστου</strong></span> <span class='ocrx_word' id='word_1_243' title='bbox 1203 2142 1299 2193; x_wconf 80' lang='grc' dir='ltr'><strong>καὶ</strong></span> <span class='ocrx_word' id='word_1_244' title='bbox 1351 2142 1432 2203; x_wconf 85' lang='grc' dir='ltr'><strong>είς</strong></span> <span class='ocrx_word' id='word_1_245' title='bbox 1482 2142 1707 2212; x_wconf 82' lang='grc' dir='ltr'><strong>εἰρήνην</strong></span> 
     </span>
    </p>
   </div>
   <div class='ocr_carea' id='block_1_36' title="bbox 123 2225 1706 2301">
    <p class='ocr_par' dir='ltr' id='par_1_36' title="bbox 123 2225 1706 2301">
     <span class='ocr_line' id='line_1_36' title="bbox 123 2225 1706 2301; baseline 0.008 -26"><span class='ocrx_word' id='word_1_246' title='bbox 123 2225 575 2294; x_wconf 67' lang='grc' dir='ltr'><strong>προκαλουμένου</strong></span> <span class='ocrx_word' id='word_1_247' title='bbox 637 2244 697 2279; x_wconf 84' lang='grc' dir='ltr'><strong>σε</strong></span> <span class='ocrx_word' id='word_1_248' title='bbox 748 2229 1037 2298; x_wconf 80' lang='grc' dir='ltr'><strong>βασιλέως.</strong></span> <span class='ocrx_word' id='word_1_249' title='bbox 1091 2231 1261 2300; x_wconf 79' lang='grc' dir='ltr'><strong>Οἶμαι</strong></span> <span class='ocrx_word' id='word_1_250' title='bbox 1319 2231 1467 2301; x_wconf 83' lang='grc' dir='ltr'><strong>γάρ,</strong></span> <span class='ocrx_word' id='word_1_251' title='bbox 1515 2233 1706 2287; x_wconf 85' lang='grc' dir='ltr'><strong>τέκνον</strong></span> 
     </span>
    </p>
   </div>
   <div class='ocr_carea' id='block_1_37' title="bbox 121 2316 1707 2394">
    <p class='ocr_par' dir='ltr' id='par_1_37' title="bbox 121 2316 1707 2394">
     <span class='ocr_line' id='line_1_37' title="bbox 121 2316 1707 2394; baseline 0.006 -27"><span class='ocrx_word' id='word_1_252' title='bbox 121 2316 293 2384; x_wconf 60' lang='grc' dir='ltr'><strong>ἡμῶν,</strong></span> <span class='ocrx_word' id='word_1_253' title='bbox 362 2317 448 2381; x_wconf 83' lang='grc' dir='ltr'><strong>ὡς</strong></span> <span class='ocrx_word' id='word_1_254' title='bbox 502 2318 605 2371; x_wconf 88' lang='grc' dir='ltr'><strong>ούκ</strong></span> <span class='ocrx_word' id='word_1_255' title='bbox 666 2320 879 2386; x_wconf 80' lang='grc' dir='ltr'><strong>ἀγνοεῖς</strong></span> <span class='ocrx_word' id='word_1_256' title='bbox 931 2323 1037 2385; x_wconf 83' lang='grc' dir='ltr'><strong>ὅτι,</strong></span> <span class='ocrx_word' id='word_1_257' title='bbox 1079 2324 1128 2373; x_wconf 89' lang='grc' dir='ltr'><strong>εί</strong></span> <span class='ocrx_word' id='word_1_258' title='bbox 1166 2324 1261 2376; x_wconf 71' lang='grc' dir='ltr'><strong>καὶ</strong></span> <span class='ocrx_word' id='word_1_259' title='bbox 1290 2324 1421 2378; x_wconf 80' lang='grc' dir='ltr'><strong>ἄλλο</strong></span> <span class='ocrx_word' id='word_1_260' title='bbox 1448 2324 1707 2394; x_wconf 84' lang='grc' dir='ltr'><strong>φρόνημα</strong></span> 
     </span>
    </p>
   </div>
   <div class='ocr_carea' id='block_1_38' title="bbox 120 2408 1706 2487">
    <p class='ocr_par' dir='ltr' id='par_1_38' title="bbox 120 2408 1706 2487">
     <span class='ocr_line' id='line_1_38' title="bbox 120 2408 1706 2487; baseline 0.007 -29"><span class='ocrx_word' id='word_1_261' title='bbox 120 2408 217 2459; x_wconf 84' lang='grc' dir='ltr'><strong>τῶν</strong></span> <span class='ocrx_word' id='word_1_262' title='bbox 264 2412 555 2462; x_wconf 78' lang='grc' dir='ltr'><strong>ταπεινῶν</strong></span> <span class='ocrx_word' id='word_1_263' title='bbox 601 2413 699 2465; x_wconf 77' lang='grc' dir='ltr'><strong>καὶ</strong></span> <span class='ocrx_word' id='word_1_264' title='bbox 759 2412 997 2482; x_wconf 79' lang='grc' dir='ltr'><strong>χυδαίων</strong></span> <span class='ocrx_word' id='word_1_265' title='bbox 1044 2414 1385 2485; x_wconf 86' lang='grc' dir='ltr'><strong>ἀνθρώπων,</strong></span> <span class='ocrx_word' id='word_1_266' title='bbox 1424 2419 1479 2469; x_wconf 88' lang='grc' dir='ltr'><strong>αἱ</strong></span> <span class='ocrx_word' id='word_1_267' title='bbox 1518 2416 1706 2487; x_wconf 73' lang='grc' dir='ltr'><strong>ῦδρεις</strong></span> 
     </span>
    </p>
   </div>
   <div class='ocr_carea' id='block_1_39' title="bbox 122 2500 1708 2579">
    <p class='ocr_par' dir='ltr' id='par_1_39' title="bbox 122 2500 1708 2579">
     <span class='ocr_line' id='line_1_39' title="bbox 122 2500 1708 2579; baseline 0.008 -30"><span class='ocrx_word' id='word_1_268' title='bbox 122 2500 427 2569; x_wconf 70' lang='grc' dir='ltr'><strong>ἀνθρώπων</strong></span> <span class='ocrx_word' id='word_1_269' title='bbox 455 2502 599 2555; x_wconf 79' lang='grc' dir='ltr'><strong>είσὶν</strong></span> <span class='ocrx_word' id='word_1_270' title='bbox 636 2504 872 2557; x_wconf 82' lang='grc' dir='ltr'><strong>εὐτελῶν</strong></span> <span class='ocrx_word' id='word_1_271' title='bbox 910 2507 1004 2558; x_wconf 80' lang='grc' dir='ltr'><strong>καὶ</strong></span> <span class='ocrx_word' id='word_1_272' title='bbox 1050 2510 1399 2577; x_wconf 80' lang='grc' dir='ltr'><strong>φρονήματος</strong></span> <span class='ocrx_word' id='word_1_273' title='bbox 1431 2508 1708 2579; x_wconf 72' lang='grc' dir='ltr'><strong>ἀπερριμ-</strong></span> 
     </span>
    </p>
   </div>
   <div class='ocr_carea' id='block_1_40' title="bbox 124 2594 1705 2667">
    <p class='ocr_par' dir='ltr' id='par_1_40' title="bbox 124 2594 1705 2667">
     <span class='ocr_line' id='line_1_40' title="bbox 124 2594 1705 2667; baseline 0.006 -25"><span class='ocrx_word' id='word_1_274' title='bbox 124 2594 322 2659; x_wconf 70' lang='grc' dir='ltr'><strong>μένων·</strong></span> <span class='ocrx_word' id='word_1_275' title='bbox 358 2595 545 2663; x_wconf 75' lang='grc' dir='ltr'><strong>ἀρχῆς</strong></span> <span class='ocrx_word' id='word_1_276' title='bbox 576 2595 631 2647; x_wconf 76' lang='grc' dir='ltr'><strong>δὲ</strong></span> <span class='ocrx_word' id='word_1_277' title='bbox 662 2598 711 2649; x_wconf 88' lang='grc' dir='ltr'><strong>οί</strong></span> <span class='ocrx_word' id='word_1_278' title='bbox 756 2595 1017 2660; x_wconf 73' lang='grc' dir='ltr'><strong>λαϐόντες</strong></span> <span class='ocrx_word' id='word_1_279' title='bbox 1052 2599 1205 2667; x_wconf 81' lang='grc' dir='ltr'><strong>παρὰ</strong></span> <span class='ocrx_word' id='word_1_280' title='bbox 1250 2599 1340 2650; x_wconf 80' lang='grc' dir='ltr'><strong>τοῦ</strong></span> <span class='ocrx_word' id='word_1_281' title='bbox 1381 2598 1515 2651; x_wconf 88' lang='grc' dir='ltr'><strong>Θεοῦ</strong></span> <span class='ocrx_word' id='word_1_282' title='bbox 1568 2599 1705 2653; x_wconf 83' lang='grc' dir='ltr'><strong>ἀνά-</strong></span> 
     </span>
    </p>
   </div>
   <div class='ocr_carea' id='block_1_41' title="bbox 121 2684 1704 2759">
    <p class='ocr_par' dir='ltr' id='par_1_41' title="bbox 121 2684 1704 2759">
     <span class='ocr_line' id='line_1_41' title="bbox 121 2684 1704 2759; baseline 0.006 -26"><span class='ocrx_word' id='word_1_283' title='bbox 121 2684 292 2756; x_wconf 79' lang='grc' dir='ltr'><strong>6ασιν,</strong></span> <span class='ocrx_word' id='word_1_284' title='bbox 318 2688 422 2738; x_wconf 58' lang='lat' dir='ltr'><strong>{iv</strong></span> <span class='ocrx_word' id='word_1_285' title='bbox 450 2688 919 2742; x_wconf 81' lang='grc' dir='ltr'><strong>συναισθάνωνται</strong></span> <span class='ocrx_word' id='word_1_286' title='bbox 950 2690 1048 2757; x_wconf 80' lang='grc' dir='ltr'><strong>τῆς</strong></span> <span class='ocrx_word' id='word_1_287' title='bbox 1090 2690 1299 2743; x_wconf 74' lang='grc' dir='ltr'><strong>ἑαυτῶν</strong></span> <span class='ocrx_word' id='word_1_288' title='bbox 1334 2691 1517 2759; x_wconf 76' lang='grc' dir='ltr'><strong>δόξης,</strong></span> <span class='ocrx_word' id='word_1_289' title='bbox 1553 2692 1704 2743; x_wconf 77' lang='grc' dir='ltr'><strong>οὐδέ-</strong></span> 
     </span>
    </p>
   </div>
   <div class='ocr_carea' id='block_1_42' title="bbox 126 2778 1707 2850">
    <p class='ocr_par' dir='ltr' id='par_1_42' title="bbox 126 2778 1707 2850">
     <span class='ocr_line' id='line_1_42' title="bbox 126 2778 1707 2850; baseline 0.003 -22"><span class='ocrx_word' id='word_1_290' title='bbox 126 2794 243 2829; x_wconf 82' lang='grc' dir='ltr'><strong>ποτε</strong></span> <span class='ocrx_word' id='word_1_291' title='bbox 277 2778 741 2836; x_wconf 76' lang='grc' dir='ltr'><strong>καταϐαίνουσιν.</strong></span> <span class='ocrx_word' id='word_1_292' title='bbox 789 2780 974 2850; x_wconf 79' lang='grc' dir='ltr'><strong>Ὁρᾷς,</strong></span> <span class='ocrx_word' id='word_1_293' title='bbox 1007 2781 1197 2833; x_wconf 80' lang='grc' dir='ltr'><strong>τέκνον</strong></span> <span class='ocrx_word' id='word_1_294' title='bbox 1228 2780 1408 2849; x_wconf 79' lang='grc' dir='ltr'><strong>ἡμῶν,</strong></span> <span class='ocrx_word' id='word_1_295' title='bbox 1442 2784 1538 2847; x_wconf 70' lang='grc' dir='ltr'><strong>τὴν</strong></span> <span class='ocrx_word' id='word_1_296' title='bbox 1568 2783 1707 2850; x_wconf 70' lang='grc' dir='ltr'><strong>ἠμε-</strong></span> 
     </span>
    </p>
   </div>
   <div class='ocr_carea' id='block_1_43' title="bbox 122 2868 1706 2941">
    <p class='ocr_par' dir='ltr' id='par_1_43' title="bbox 122 2868 1706 2941">
     <span class='ocr_line' id='line_1_43' title="bbox 122 2868 1706 2941; baseline 0.005 -25"><span class='ocrx_word' id='word_1_297' title='bbox 122 2868 279 2935; x_wconf 70' lang='grc' dir='ltr'><strong>τέραν</strong></span> <span class='ocrx_word' id='word_1_298' title='bbox 310 2869 458 2937; x_wconf 65' lang='grc' dir='ltr'><strong>προς</strong></span> <span class='ocrx_word' id='word_1_299' title='bbox 503 2869 563 2924; x_wconf 81' lang='grc' dir='ltr'><strong>σὲ</strong></span> <span class='ocrx_word' id='word_1_300' title='bbox 604 2869 846 2938; x_wconf 79' lang='grc' dir='ltr'><strong>ἀγάπην,</strong></span> <span class='ocrx_word' id='word_1_301' title='bbox 879 2871 958 2922; x_wconf 82' lang='grc' dir='ltr'><strong>ὅτι</strong></span> <span class='ocrx_word' id='word_1_302' title='bbox 996 2871 1089 2923; x_wconf 78' lang='grc' dir='ltr'><strong>καὶ</strong></span> <span class='ocrx_word' id='word_1_303' title='bbox 1122 2872 1180 2922; x_wconf 79' lang='grc' dir='ltr'><strong>ὲν</strong></span> <span class='ocrx_word' id='word_1_304' title='bbox 1221 2871 1453 2935; x_wconf 75' lang='grc' dir='ltr'><strong>τούτοις,</strong></span> <span class='ocrx_word' id='word_1_305' title='bbox 1476 2872 1573 2939; x_wconf 62' lang='grc' dir='ltr'><strong>τῆς</strong></span> <span class='ocrx_word' id='word_1_306' title='bbox 1606 2872 1706 2941; x_wconf 78' lang='grc' dir='ltr'><strong>σῆς</strong></span> 
     </span>
    </p>
   </div>
   <div class='ocr_carea' id='block_1_44' title="bbox 125 2960 1703 3033">
    <p class='ocr_par' dir='ltr' id='par_1_44' title="bbox 125 2960 1703 3033">
     <span class='ocr_line' id='line_1_44' title="bbox 125 2960 1703 3033; baseline 0.001 -23"><span class='ocrx_word' id='word_1_307' title='bbox 125 2961 508 3025; x_wconf 69' lang='grc' dir='ltr'><strong>φροντίζοντες</strong></span> <span class='ocrx_word' id='word_1_308' title='bbox 536 2961 717 3031; x_wconf 81' lang='grc' dir='ltr'><strong>δόξης,</strong></span> <span class='ocrx_word' id='word_1_309' title='bbox 748 2960 823 3023; x_wconf 83' lang='grc' dir='ltr'><strong>ὡς</strong></span> <span class='ocrx_word' id='word_1_310' title='bbox 866 2964 1105 3033; x_wconf 83' lang='grc' dir='ltr'><strong>πατέρες</strong></span> <span class='ocrx_word' id='word_1_311' title='bbox 1150 2963 1596 3033; x_wconf 75' lang='grc' dir='ltr'><strong>ἐπανορθούμεθα</strong></span> <span class='ocrx_word' id='word_1_312' title='bbox 1623 2964 1703 3025; x_wconf 80' lang='grc' dir='ltr'><strong>τὸ,</strong></span> 
     </span>
    </p>
   </div>
   <div class='ocr_carea' id='block_1_45' title="bbox 124 3044 1707 3122">
    <p class='ocr_par' dir='ltr' id='par_1_45' title="bbox 124 3044 1707 3122">
     <span class='ocr_line' id='line_1_45' title="bbox 124 3044 1707 3122; baseline 0.003 -23"><span class='ocrx_word' id='word_1_313' title='bbox 124 3050 212 3100; x_wconf 71' lang='grc' dir='ltr'><strong>οὐκ</strong></span> <span class='ocrx_word' id='word_1_314' title='bbox 244 3044 367 3102; x_wconf 84' lang='grc' dir='ltr'><strong>οῖδα</strong></span> <span class='ocrx_word' id='word_1_315' title='bbox 405 3050 552 3112; x_wconf 77' lang='grc' dir='ltr'><strong>πῶς,</strong></span> <span class='ocrx_word' id='word_1_316' title='bbox 586 3052 993 3105; x_wconf 76' lang='grc' dir='ltr'><strong>ἐπακολουθοῦν</strong></span> <span class='ocrx_word' id='word_1_317' title='bbox 1040 3070 1122 3106; x_wconf 92' lang='grc' dir='ltr'><strong>σοι</strong></span> <span class='ocrx_word' id='word_1_318' title='bbox 1156 3056 1427 3122; x_wconf 78' lang='grc' dir='ltr'><strong>πταῖσμα,</strong></span> <span class='ocrx_word' id='word_1_319' title='bbox 1471 3055 1566 3105; x_wconf 71' lang='grc' dir='ltr'><strong>καὶ</strong></span> <span class='ocrx_word' id='word_1_320' title='bbox 1608 3054 1707 3122; x_wconf 80' lang='grc' dir='ltr'><strong>τὴν</strong></span> 
     </span>
    </p>
   </div>
   <div class='ocr_carea' id='block_1_46' title="bbox 1808 1864 3389 1933">
    <p class='ocr_par' dir='ltr' id='par_1_46' title="bbox 1808 1864 3389 1933">
     <span class='ocr_line' id='line_1_46' title="bbox 1808 1864 3389 1933; baseline 0.001 -16"><span class='ocrx_word' id='word_1_321' title='bbox 1808 1873 1917 1918; x_wconf 83' lang='lat' dir='ltr'><strong>tate</strong></span> <span class='ocrx_word' id='word_1_322' title='bbox 1951 1875 2040 1919; x_wconf 87' lang='lat' dir='ltr'><strong>tua</strong></span> <span class='ocrx_word' id='word_1_323' title='bbox 2074 1866 2290 1933; x_wconf 87' lang='lat' dir='ltr'><strong>indigna</strong></span> <span class='ocrx_word' id='word_1_324' title='bbox 2323 1864 2534 1920; x_wconf 75' lang='lat' dir='ltr'><strong>fecisse.</strong></span> <span class='ocrx_word' id='word_1_325' title='bbox 2556 1879 2677 1917; x_wconf 87' lang='lat' dir='ltr'><strong>cum</strong></span> <span class='ocrx_word' id='word_1_326' title='bbox 2738 1865 2918 1919; x_wconf 74' lang='lat' dir='ltr'><strong>verbis</strong></span> <span class='ocrx_word' id='word_1_327' title='bbox 2973 1864 3389 1919; x_wconf 80' lang='lat' dir='ltr'><strong>contumeliosis</strong></span> 
     </span>
    </p>
   </div>
   <div class='ocr_carea' id='block_1_47' title="bbox 1808 1941 3385 2027">
    <p class='ocr_par' dir='ltr' id='par_1_47' title="bbox 1808 1941 3385 2027">
     <span class='ocr_line' id='line_1_47' title="bbox 1808 1941 3385 2027; baseline -0.002 -17"><span class='ocrx_word' id='word_1_328' title='bbox 1808 1970 1872 2011; x_wconf 85' lang='lat' dir='ltr'><strong>ac</strong></span> <span class='ocrx_word' id='word_1_329' title='bbox 1906 1956 2152 2012; x_wconf 85' lang='lat' dir='ltr'><strong>subdolis</strong></span> <span class='ocrx_word' id='word_1_330' title='bbox 2178 1941 2501 2025; x_wconf 58' lang='lat' dir='ltr'><strong>respondisti</strong></span> <span class='ocrx_word' id='word_1_331' title='bbox 2535 1956 2601 2009; x_wconf 89' lang='lat' dir='ltr'><strong>ad</strong></span> <span class='ocrx_word' id='word_1_332' title='bbox 2628 1955 2834 2009; x_wconf 82' lang='lat' dir='ltr'><strong>litteras</strong></span> <span class='ocrx_word' id='word_1_333' title='bbox 2876 1956 3167 2010; x_wconf 82' lang='lat' dir='ltr'><strong>amicitiam</strong></span> <span class='ocrx_word' id='word_1_334' title='bbox 3199 1958 3385 2027; x_wconf 74' lang='lat' dir='ltr'><strong>expri.</strong></span> 
     </span>
    </p>
   </div>
   <div class='ocr_carea' id='block_1_48' title="bbox 1809 2046 3384 2119">
    <p class='ocr_par' dir='ltr' id='par_1_48' title="bbox 1809 2046 3384 2119">
     <span class='ocr_line' id='line_1_48' title="bbox 1809 2046 3384 2119; baseline -0.001 -17"><span class='ocrx_word' id='word_1_335' title='bbox 1809 2058 2039 2115; x_wconf 89' lang='lat' dir='ltr'><strong>mentes,</strong></span> <span class='ocrx_word' id='word_1_336' title='bbox 2089 2060 2143 2104; x_wconf 91' lang='lat' dir='ltr'><strong>et</strong></span> <span class='ocrx_word' id='word_1_337' title='bbox 2181 2048 2434 2119; x_wconf 79' lang='lat' dir='ltr'><strong>dignitati</strong></span> <span class='ocrx_word' id='word_1_338' title='bbox 2489 2058 2619 2102; x_wconf 90' lang='lat' dir='ltr'><strong>tunc</strong></span> <span class='ocrx_word' id='word_1_339' title='bbox 2670 2046 3051 2109; x_wconf 77' lang='lat' dir='ltr'><strong>inservientes,</strong></span> <span class='ocrx_word' id='word_1_340' title='bbox 3106 2064 3242 2115; x_wconf 81' lang='lat' dir='ltr'><strong>quas</strong></span> <span class='ocrx_word' id='word_1_341' title='bbox 3289 2049 3384 2100; x_wconf 85' lang='lat' dir='ltr'><strong>tibi</strong></span> 
     </span>
    </p>
   </div>
   <div class='ocr_carea' id='block_1_49' title="bbox 1809 2128 3384 2209">
    <p class='ocr_par' dir='ltr' id='par_1_49' title="bbox 1809 2128 3384 2209">
     <span class='ocr_line' id='line_1_49' title="bbox 1809 2128 3384 2209; baseline -0.001 -16"><span class='ocrx_word' id='word_1_342' title='bbox 1809 2142 2107 2209; x_wconf 86' lang='lat' dir='ltr'><strong>imperator</strong></span> <span class='ocrx_word' id='word_1_343' title='bbox 2139 2139 2356 2194; x_wconf 87' lang='lat' dir='ltr'><strong>Christo</strong></span> <span class='ocrx_word' id='word_1_344' title='bbox 2408 2137 2581 2192; x_wconf 84' lang='lat' dir='ltr'><strong>ﬁdelis</strong></span> <span class='ocrx_word' id='word_1_345' title='bbox 2622 2152 2809 2207; x_wconf 76' lang='lat' dir='ltr'><strong>pacem</strong></span> <span class='ocrx_word' id='word_1_346' title='bbox 2854 2128 3086 2207; x_wconf 76' lang='lat' dir='ltr'><strong>prccans</strong></span> <span class='ocrx_word' id='word_1_347' title='bbox 3145 2138 3384 2205; x_wconf 88' lang='lat' dir='ltr'><strong>scripsit.</strong></span> 
     </span>
    </p>
   </div>
   <div class='ocr_carea' id='block_1_50' title="bbox 1810 2229 3390 2297">
    <p class='ocr_par' dir='ltr' id='par_1_50' title="bbox 1810 2229 3390 2297">
     <span class='ocr_line' id='line_1_50' title="bbox 1810 2229 3390 2297; baseline -0.002 -12"><span class='ocrx_word' id='word_1_348' title='bbox 1810 2232 2074 2287; x_wconf 81' lang='lat' dir='ltr'><strong>Existimo</strong></span> <span class='ocrx_word' id='word_1_349' title='bbox 2102 2233 2347 2297; x_wconf 37' lang='lat' dir='ltr'><strong>enimho</strong></span> <span class='ocrx_word' id='word_1_350' title='bbox 2381 2231 2476 2294; x_wconf 80' lang='lat' dir='ltr'><strong>ﬁli,</strong></span> <span class='ocrx_word' id='word_1_351' title='bbox 2520 2238 2574 2284; x_wconf 88' lang='lat' dir='ltr'><strong>te</strong></span> <span class='ocrx_word' id='word_1_352' title='bbox 2607 2246 2713 2283; x_wconf 92' lang='lat' dir='ltr'><strong>non</strong></span> <span class='ocrx_word' id='word_1_353' title='bbox 2743 2230 3017 2297; x_wconf 82' lang='lat' dir='ltr'><strong>ignorare,</strong></span> <span class='ocrx_word' id='word_1_354' title='bbox 3057 2231 3179 2283; x_wconf 89' lang='lat' dir='ltr'><strong>licet</strong></span> <span class='ocrx_word' id='word_1_355' title='bbox 3233 2229 3390 2282; x_wconf 75' lang='lat' dir='ltr'><strong>aliter</strong></span> 
     </span>
    </p>
   </div>
   <div class='ocr_carea' id='block_1_51' title="bbox 1810 2314 3390 2392">
    <p class='ocr_par' dir='ltr' id='par_1_51' title="bbox 1810 2314 3390 2392">
     <span class='ocr_line' id='line_1_51' title="bbox 1810 2314 3390 2392; baseline -0.001 -15"><span class='ocrx_word' id='word_1_356' title='bbox 1810 2324 2153 2378; x_wconf 88' lang='lat' dir='ltr'><strong>miserandus</strong></span> <span class='ocrx_word' id='word_1_357' title='bbox 2200 2323 2395 2392; x_wconf 86' lang='lat' dir='ltr'><strong>vulgus</strong></span> <span class='ocrx_word' id='word_1_358' title='bbox 2451 2314 2689 2384; x_wconf 77' lang='lat' dir='ltr'><strong>sentiat,</strong></span> <span class='ocrx_word' id='word_1_359' title='bbox 2739 2320 2991 2375; x_wconf 86' lang='lat' dir='ltr'><strong>homines</strong></span> <span class='ocrx_word' id='word_1_360' title='bbox 3047 2322 3390 2376; x_wconf 62' lang='lat' dir='ltr'><strong>solummodo</strong></span> 
     </span>
    </p>
   </div>
   <div class='ocr_carea' id='block_1_52' title="bbox 1808 2412 3384 2483">
    <p class='ocr_par' dir='ltr' id='par_1_52' title="bbox 1808 2412 3384 2483">
     <span class='ocr_line' id='line_1_52' title="bbox 1808 2412 3384 2483; baseline -0.003 -15"><span class='ocrx_word' id='word_1_361' title='bbox 1808 2414 2049 2483; x_wconf 81' lang='lat' dir='ltr'><strong>ahjectos</strong></span> <span class='ocrx_word' id='word_1_362' title='bbox 2083 2429 2356 2483; x_wconf 87' lang='lat' dir='ltr'><strong>sensuque</strong></span> <span class='ocrx_word' id='word_1_363' title='bbox 2386 2423 2633 2468; x_wconf 85' lang='lat' dir='ltr'><strong>carentes</strong></span> <span class='ocrx_word' id='word_1_364' title='bbox 2677 2414 2744 2465; x_wconf 89' lang='lat' dir='ltr'><strong>ad</strong></span> <span class='ocrx_word' id='word_1_365' title='bbox 2780 2412 3143 2466; x_wconf 68' lang='lat' dir='ltr'><strong>contumelias</strong></span> <span class='ocrx_word' id='word_1_366' title='bbox 3175 2428 3233 2465; x_wconf 88' lang='lat' dir='ltr'><strong>se</strong></span> <span class='ocrx_word' id='word_1_367' title='bbox 3263 2428 3384 2465; x_wconf 81' lang='lat' dir='ltr'><strong>ver-</strong></span> 
     </span>
    </p>
   </div>
   <div class='ocr_carea' id='block_1_53' title="bbox 1812 2504 3388 2575">
    <p class='ocr_par' dir='ltr' id='par_1_53' title="bbox 1812 2504 3388 2575">
     <span class='ocr_line' id='line_1_53' title="bbox 1812 2504 3388 2575; baseline -0.002 -16"><span class='ocrx_word' id='word_1_368' title='bbox 1812 2516 1961 2569; x_wconf 89' lang='lat' dir='ltr'><strong>tere;</strong></span> <span class='ocrx_word' id='word_1_369' title='bbox 1994 2506 2059 2560; x_wconf 93' lang='lat' dir='ltr'><strong>ad</strong></span> <span class='ocrx_word' id='word_1_370' title='bbox 2112 2522 2251 2575; x_wconf 86' lang='lat' dir='ltr'><strong>quas</strong></span> <span class='ocrx_word' id='word_1_371' title='bbox 2307 2514 2499 2560; x_wconf 87' lang='lat' dir='ltr'><strong>contra</strong></span> <span class='ocrx_word' id='word_1_372' title='bbox 2562 2519 2841 2573; x_wconf 85' lang='lat' dir='ltr'><strong>nunquam</strong></span> <span class='ocrx_word' id='word_1_373' title='bbox 2900 2505 3236 2557; x_wconf 76' lang='lat' dir='ltr'><strong>descendunt</strong></span> <span class='ocrx_word' id='word_1_374' title='bbox 3296 2504 3388 2571; x_wconf 93' lang='lat' dir='ltr'><strong>qui</strong></span> 
     </span>
    </p>
   </div>
   <div class='ocr_carea' id='block_1_54' title="bbox 1807 2588 3387 2665">
    <p class='ocr_par' dir='ltr' id='par_1_54' title="bbox 1807 2588 3387 2665">
     <span class='ocr_line' id='line_1_54' title="bbox 1807 2588 3387 2665; baseline -0.001 -15"><span class='ocrx_word' id='word_1_375' title='bbox 1807 2588 2083 2650; x_wconf 66' lang='lat' dir='ltr'><strong>summuin</strong></span> <span class='ocrx_word' id='word_1_376' title='bbox 2117 2596 2402 2665; x_wconf 83' lang='lat' dir='ltr'><strong>imperium</strong></span> <span class='ocrx_word' id='word_1_377' title='bbox 2447 2604 2628 2650; x_wconf 87' lang='lat' dir='ltr'><strong>tenent</strong></span> <span class='ocrx_word' id='word_1_378' title='bbox 2651 2636 2666 2659; x_wconf 93' lang='lat'><strong>,</strong></span> <span class='ocrx_word' id='word_1_379' title='bbox 2700 2596 2743 2655; x_wconf 85' lang='lat' dir='ltr'><strong>si</strong></span> <span class='ocrx_word' id='word_1_380' title='bbox 2777 2596 3007 2665; x_wconf 70' lang='lat' dir='ltr'><strong>propria:</strong></span> <span class='ocrx_word' id='word_1_381' title='bbox 3032 2596 3213 2663; x_wconf 79' lang='lat' dir='ltr'><strong>gloria:</strong></span> <span class='ocrx_word' id='word_1_382' title='bbox 3261 2610 3387 2650; x_wconf 84' lang='lat' dir='ltr'><strong>sen-</strong></span> 
     </span>
    </p>
   </div>
   <div class='ocr_carea' id='block_1_55' title="bbox 1809 2682 3422 2756">
    <p class='ocr_par' dir='ltr' id='par_1_55' title="bbox 1809 2682 3422 2756">
     <span class='ocr_line' id='line_1_55' title="bbox 1809 2682 3422 2756; baseline -0.002 -13"><span class='ocrx_word' id='word_1_383' title='bbox 1809 2706 1930 2743; x_wconf 89' lang='lat' dir='ltr'><strong>sum</strong></span> <span class='ocrx_word' id='word_1_384' title='bbox 1966 2689 2221 2743; x_wconf 83' lang='lat' dir='ltr'><strong>habeant.</strong></span> <span class='ocrx_word' id='word_1_385' title='bbox 2250 2682 2522 2753; x_wconf 69' lang='lat' dir='ltr'><strong>VidesJ‘tli</strong></span> <span class='ocrx_word' id='word_1_386' title='bbox 2556 2689 2651 2751; x_wconf 91' lang='lat' dir='ltr'><strong>mi,</strong></span> <span class='ocrx_word' id='word_1_387' title='bbox 2677 2703 2855 2741; x_wconf 82' lang='lat' dir='ltr'><strong>meum</strong></span> <span class='ocrx_word' id='word_1_388' title='bbox 2882 2702 3007 2755; x_wconf 77' lang='lat' dir='ltr'><strong>erga</strong></span> <span class='ocrx_word' id='word_1_389' title='bbox 3041 2698 3092 2741; x_wconf 90' lang='lat' dir='ltr'><strong>te</strong></span> <span class='ocrx_word' id='word_1_390' title='bbox 3122 2702 3386 2750; x_wconf 88' lang='lat' dir='ltr'><strong>amorem,</strong></span> <span class='ocrx_word' id='word_1_391' title='bbox 3415 2749 3422 2756; x_wconf 40' lang='grc'><strong>,</strong></span> 
     </span>
    </p>
   </div>
   <div class='ocr_carea' id='block_1_56' title="bbox 1808 2770 3387 2865">
    <p class='ocr_par' dir='ltr' id='par_1_56' title="bbox 1808 2770 3387 2865">
     <span class='ocr_line' id='line_1_56' title="bbox 1808 2770 3387 2865; baseline -0.001 -30"><span class='ocrx_word' id='word_1_392' title='bbox 1808 2792 1861 2835; x_wconf 92' lang='lat' dir='ltr'><strong>ct</strong></span> <span class='ocrx_word' id='word_1_393' title='bbox 1890 2783 2031 2851; x_wconf 87' lang='lat' dir='ltr'><strong>quod</strong></span> <span class='ocrx_word' id='word_1_394' title='bbox 2089 2782 2262 2865; x_wconf 49' lang='lat' dir='ltr'><strong>ita’in</strong></span> <span class='ocrx_word' id='word_1_395' title='bbox 2310 2782 2431 2835; x_wconf 90' lang='lat' dir='ltr'><strong>istis</strong></span> <span class='ocrx_word' id='word_1_396' title='bbox 2480 2781 2665 2850; x_wconf 73' lang='lat' dir='ltr'><strong>gloriae</strong></span> <span class='ocrx_word' id='word_1_397' title='bbox 2713 2790 2813 2834; x_wconf 79' lang='lat' dir='ltr'><strong>tmr</strong></span> <span class='ocrx_word' id='word_1_398' title='bbox 2846 2770 3033 2834; x_wconf 77' lang='lat' dir='ltr'><strong>curam</strong></span> <span class='ocrx_word' id='word_1_399' title='bbox 3092 2780 3287 2847; x_wconf 83' lang='lat' dir='ltr'><strong>habeo,</strong></span> <span class='ocrx_word' id='word_1_400' title='bbox 3328 2790 3387 2834; x_wconf 91' lang='lat' dir='ltr'><strong>ut</strong></span> 
     </span>
    </p>
   </div>
   <div class='ocr_carea' id='block_1_57' title="bbox 1810 2870 3460 2943">
    <p class='ocr_par' dir='ltr' id='par_1_57' title="bbox 1810 2870 3460 2943">
     <span class='ocr_line' id='line_1_57' title="bbox 1810 2870 3460 2943; baseline -0.002 -17"><span class='ocrx_word' id='word_1_401' title='bbox 1810 2873 1966 2943; x_wconf 86' lang='lat' dir='ltr'><strong>quasi</strong></span> <span class='ocrx_word' id='word_1_402' title='bbox 2000 2881 2155 2942; x_wconf 90' lang='lat' dir='ltr'><strong>pater</strong></span> <span class='ocrx_word' id='word_1_403' title='bbox 2190 2881 2240 2925; x_wconf 90' lang='lat' dir='ltr'><strong>te</strong></span> <span class='ocrx_word' id='word_1_404' title='bbox 2305 2873 2414 2942; x_wconf 84' lang='lat' dir='ltr'><strong>jam</strong></span> <span class='ocrx_word' id='word_1_405' title='bbox 2469 2872 2752 2926; x_wconf 81' lang='lat' dir='ltr'><strong>cadentem</strong></span> <span class='ocrx_word' id='word_1_406' title='bbox 2798 2886 3018 2939; x_wconf 83' lang='lat' dir='ltr'><strong>quoquo</strong></span> <span class='ocrx_word' id='word_1_407' title='bbox 3069 2870 3231 2925; x_wconf 89' lang='lat' dir='ltr'><strong>modo</strong></span> <span class='ocrx_word' id='word_1_408' title='bbox 3274 2872 3385 2924; x_wconf 86' lang='lat' dir='ltr'><strong>eri-</strong></span> <span class='ocrx_word' id='word_1_409' title='bbox 3452 2892 3460 2900; x_wconf 92' lang='grc'><strong>·</strong></span> 
     </span>
    </p>
   </div>
   <div class='ocr_carea' id='block_1_58' title="bbox 1808 2963 3386 3034">
    <p class='ocr_par' dir='ltr' id='par_1_58' title="bbox 1808 2963 3386 3034">
     <span class='ocr_line' id='line_1_58' title="bbox 1808 2963 3386 3034; baseline 0.002 -19"><span class='ocrx_word' id='word_1_410' title='bbox 1808 2980 1953 3034; x_wconf 84' lang='lat' dir='ltr'><strong>gam.</strong></span> <span class='ocrx_word' id='word_1_411' title='bbox 2000 2980 2086 3026; x_wconf 90' lang='lat' dir='ltr'><strong>ne,</strong></span> <span class='ocrx_word' id='word_1_412' title='bbox 2137 2964 2380 3026; x_wconf 84' lang='lat' dir='ltr'><strong>cadendo</strong></span> <span class='ocrx_word' id='word_1_413' title='bbox 2418 2965 2651 3034; x_wconf 80' lang='lat' dir='ltr'><strong>gloriosa</strong></span> <span class='ocrx_word' id='word_1_414' title='bbox 2688 2976 2777 3017; x_wconf 88' lang='lat' dir='ltr'><strong>ttta</strong></span> <span class='ocrx_word' id='word_1_415' title='bbox 2823 2963 3060 3033; x_wconf 59' lang='lat' dir='ltr'><strong>dignitas</strong></span> <span class='ocrx_word' id='word_1_416' title='bbox 3109 2964 3162 3017; x_wconf 93' lang='lat' dir='ltr'><strong>in</strong></span> <span class='ocrx_word' id='word_1_417' title='bbox 3194 2978 3386 3033; x_wconf 89' lang='lat' dir='ltr'><strong>oppro-</strong></span> 
     </span>
    </p>
   </div>
   <div class='ocr_carea' id='block_1_59' title="bbox 1812 3054 3376 3124">
    <p class='ocr_par' dir='ltr' id='par_1_59' title="bbox 1812 3054 3376 3124">
     <span class='ocr_line' id='line_1_59' title="bbox 1812 3054 3376 3124; baseline 0.001 -17"><span class='ocrx_word' id='word_1_418' title='bbox 1812 3054 1988 3107; x_wconf 89' lang='lat' dir='ltr'><strong>briutn</strong></span> <span class='ocrx_word' id='word_1_419' title='bbox 2027 3056 2227 3110; x_wconf 72' lang='lat' dir='ltr'><strong>veniat.</strong></span> <span class='ocrx_word' id='word_1_420' title='bbox 2258 3054 2331 3108; x_wconf 92' lang='lat' dir='ltr'><strong>De</strong></span> <span class='ocrx_word' id='word_1_421' title='bbox 2362 3056 2718 3124; x_wconf 70' lang='lat' dir='ltr'><strong>prresentihns</strong></span> <span class='ocrx_word' id='word_1_422' title='bbox 2760 3056 2921 3109; x_wconf 90' lang='lat' dir='ltr'><strong>rebus</strong></span> <span class='ocrx_word' id='word_1_423' title='bbox 2956 3056 3157 3117; x_wconf 89' lang='lat' dir='ltr'><strong>scribe,</strong></span> <span class='ocrx_word' id='word_1_424' title='bbox 3191 3055 3376 3123; x_wconf 88' lang='lat' dir='ltr'><strong>qualia</strong></span> 
     </span>
    </p>
   </div>
   <div class='ocr_carea' id='block_1_60' title="bbox 128 3140 1711 3219">
    <p class='ocr_par' dir='ltr' id='par_1_60' title="bbox 128 3142 1706 3219">
     <span class='ocr_line' id='line_1_60' title="bbox 128 3142 1706 3219; baseline 0.003 -27"><span class='ocrx_word' id='word_1_425' title='bbox 128 3145 215 3210; x_wconf 69' lang='grc' dir='ltr'><strong>σὴν</strong></span> <span class='ocrx_word' id='word_1_426' title='bbox 245 3142 645 3206; x_wconf 78' lang='grc' dir='ltr'><strong>κατευτελίζον</strong></span> <span class='ocrx_word' id='word_1_427' title='bbox 679 3144 1034 3213; x_wconf 77' lang='grc' dir='ltr'><strong>μεγαλόδοξον</strong></span> <span class='ocrx_word' id='word_1_428' title='bbox 1070 3146 1363 3219; x_wconf 73' lang='grc' dir='ltr'><strong>ύπεροχήν.</strong></span> <span class='ocrx_word' id='word_1_429' title='bbox 1402 3146 1440 3197; x_wconf 87' lang='grc' dir='ltr'><strong><em>Γ</em></strong></span> <span class='ocrx_word' id='word_1_430' title='bbox 1446 3146 1586 3215; x_wconf 80' lang='grc' dir='ltr'><strong>ράφε</strong></span> <span class='ocrx_word' id='word_1_431' title='bbox 1614 3146 1706 3198; x_wconf 75' lang='grc' dir='ltr'><strong>καὶ</strong></span> 
     </span>
    </p>
   </div>
   <div class='ocr_carea' id='block_1_61' title="bbox 1812 3140 3388 3219">
    <p class='ocr_par' dir='ltr' id='par_1_61' title="bbox 1812 3146 3388 3211">
     <span class='ocr_line' id='line_1_61' title="bbox 1812 3146 3388 3211; baseline 0.002 -12"><span class='ocrx_word' id='word_1_432' title='bbox 1812 3146 2112 3202; x_wconf 85' lang='lat' dir='ltr'><strong>honoribus</strong></span> <span class='ocrx_word' id='word_1_433' title='bbox 2146 3149 2452 3211; x_wconf 86' lang='lat' dir='ltr'><strong>decoratus,</strong></span> <span class='ocrx_word' id='word_1_434' title='bbox 2483 3148 2932 3201; x_wconf 87' lang='lat' dir='ltr'><strong>restaurationem</strong></span> <span class='ocrx_word' id='word_1_435' title='bbox 2965 3163 3144 3201; x_wconf 91' lang='lat' dir='ltr'><strong>rerum</strong></span> <span class='ocrx_word' id='word_1_436' title='bbox 3184 3149 3388 3202; x_wconf 84' lang='lat' dir='ltr'><strong>utilita-</strong></span> 
     </span>
    </p>
   </div>
   <div class='ocr_carea' id='block_1_62' title="bbox 128 3218 1776 3306">
    <p class='ocr_par' dir='ltr' id='par_1_62' title="bbox 128 3218 1776 3306">
     <span class='ocr_line' id='line_1_62' title="bbox 128 3218 1776 3306; baseline 0.002 -22"><span class='ocrx_word' id='word_1_437' title='bbox 128 3236 246 3301; x_wconf 68' lang='grc' dir='ltr'><strong>περὶ</strong></span> <span class='ocrx_word' id='word_1_438' title='bbox 284 3235 402 3285; x_wconf 87' lang='grc' dir='ltr'><strong>τῶν</strong></span> <span class='ocrx_word' id='word_1_439' title='bbox 434 3238 815 3303; x_wconf 82' lang='grc' dir='ltr'><strong>προκειμένων</strong></span> <span class='ocrx_word' id='word_1_440' title='bbox 863 3230 1206 3305; x_wconf 83' lang='grc' dir='ltr'><strong>πραγμάτων</strong></span> <span class='ocrx_word' id='word_1_441' title='bbox 1251 3233 1339 3289; x_wconf 82' lang='grc' dir='ltr'><strong>οἷα</strong></span> <span class='ocrx_word' id='word_1_442' title='bbox 1366 3237 1445 3289; x_wconf 85' lang='grc' dir='ltr'><strong>δεῖ</strong></span> <span class='ocrx_word' id='word_1_443' title='bbox 1475 3237 1708 3306; x_wconf 83' lang='grc' dir='ltr'><strong>γράφειν</strong></span> <span class='ocrx_word' id='word_1_444' title='bbox 1750 3218 1776 3245; x_wconf 54' lang='grc' dir='ltr'><strong>δ’</strong></span> 
     </span>
    </p>
   </div>
   <div class='ocr_carea' id='block_1_63' title="bbox 128 3323 1706 3397">
    <p class='ocr_par' dir='ltr' id='par_1_63' title="bbox 128 3323 1706 3397">
     <span class='ocr_line' id='line_1_63' title="bbox 128 3323 1706 3397; baseline 0.002 -21"><span class='ocrx_word' id='word_1_445' title='bbox 128 3323 415 3394; x_wconf 68' lang='grc' dir='ltr'><strong>ἄνθρωπον</strong></span> <span class='ocrx_word' id='word_1_446' title='bbox 448 3324 864 3393; x_wconf 77' lang='grc' dir='ltr'><strong>δεδοξασμένον,</strong></span> <span class='ocrx_word' id='word_1_447' title='bbox 923 3327 1201 3396; x_wconf 70' lang='grc' dir='ltr'><strong>ἐπιζητῶν</strong></span> <span class='ocrx_word' id='word_1_448' title='bbox 1233 3327 1328 3397; x_wconf 72' lang='grc' dir='ltr'><strong>τὴν</strong></span> <span class='ocrx_word' id='word_1_449' title='bbox 1353 3328 1706 3389; x_wconf 86' lang='grc' dir='ltr'><strong>κατάστασιν,</strong></span> 
     </span>
    </p>
   </div>
   <div class='ocr_carea' id='block_1_64' title="bbox 128 3415 1709 3489">
    <p class='ocr_par' dir='ltr' id='par_1_64' title="bbox 128 3415 1709 3489">
     <span class='ocr_line' id='line_1_64' title="bbox 128 3415 1709 3489; baseline 0.003 -25"><span class='ocrx_word' id='word_1_450' title='bbox 128 3416 402 3485; x_wconf 71' lang='grc' dir='ltr'><strong>ὶπιζητῖν</strong></span> <span class='ocrx_word' id='word_1_451' title='bbox 437 3415 497 3466; x_wconf 73' lang='grc' dir='ltr'><strong>τὲ</strong></span> <span class='ocrx_word' id='word_1_452' title='bbox 544 3415 844 3486; x_wconf 82' lang='grc' dir='ltr'><strong>συμφέρον,</strong></span> <span class='ocrx_word' id='word_1_453' title='bbox 883 3416 1158 3486; x_wconf 75' lang='grc' dir='ltr'><strong>ἐπιζητῶν</strong></span> <span class='ocrx_word' id='word_1_454' title='bbox 1206 3418 1304 3486; x_wconf 81' lang='grc' dir='ltr'><strong>τὴν</strong></span> <span class='ocrx_word' id='word_1_455' title='bbox 1357 3419 1603 3489; x_wconf 76' lang='grc' dir='ltr'><strong>εἰρήνην,</strong></span> <span class='ocrx_word' id='word_1_456' title='bbox 1635 3419 1709 3480; x_wconf 81' lang='grc' dir='ltr'><strong>ὡς</strong></span> 
     </span>
    </p>
   </div>
   <div class='ocr_carea' id='block_1_65' title="bbox 128 3506 1710 3581">
    <p class='ocr_par' dir='ltr' id='par_1_65' title="bbox 128 3506 1710 3581">
     <span class='ocr_line' id='line_1_65' title="bbox 128 3506 1710 3581; baseline 0.004 -24"><span class='ocrx_word' id='word_1_457' title='bbox 128 3511 269 3575; x_wconf 70' lang='grc' dir='ltr'><strong>παρὰ</strong></span> <span class='ocrx_word' id='word_1_458' title='bbox 319 3506 467 3560; x_wconf 85' lang='grc' dir='ltr'><strong>Θεοῦ</strong></span> <span class='ocrx_word' id='word_1_459' title='bbox 530 3508 711 3561; x_wconf 73' lang='grc' dir='ltr'><strong>λαϐὼν</strong></span> <span class='ocrx_word' id='word_1_460' title='bbox 766 3510 827 3562; x_wconf 87' lang='grc' dir='ltr'><strong>τὸ</strong></span> <span class='ocrx_word' id='word_1_461' title='bbox 876 3511 1088 3581; x_wconf 81' lang='grc' dir='ltr'><strong>ἄρχειν,</strong></span> <span class='ocrx_word' id='word_1_462' title='bbox 1129 3510 1205 3573; x_wconf 86' lang='grc' dir='ltr'><strong>ὡς</strong></span> <span class='ocrx_word' id='word_1_463' title='bbox 1243 3510 1590 3579; x_wconf 64' lang='grc' dir='ltr'><strong>Χριστιανὸς,</strong></span> <span class='ocrx_word' id='word_1_464' title='bbox 1634 3510 1710 3573; x_wconf 84' lang='grc' dir='ltr'><strong>ὡς</strong></span> 
     </span>
    </p>
   </div>
   <div class='ocr_carea' id='block_1_66' title="bbox 130 3602 1707 3676">
    <p class='ocr_par' dir='ltr' id='par_1_66' title="bbox 130 3602 1707 3676">
     <span class='ocr_line' id='line_1_66' title="bbox 130 3602 1707 3676; baseline 0.001 -21"><span class='ocrx_word' id='word_1_465' title='bbox 130 3604 337 3669; x_wconf 62' lang='grc' dir='ltr'><strong>μέλλων</strong></span> <span class='ocrx_word' id='word_1_466' title='bbox 375 3602 461 3673; x_wconf 86' lang='grc' dir='ltr'><strong>τῷ</strong></span> <span class='ocrx_word' id='word_1_467' title='bbox 489 3603 706 3673; x_wconf 74' lang='grc' dir='ltr'><strong>φοϐερῷ</strong></span> <span class='ocrx_word' id='word_1_468' title='bbox 748 3604 841 3656; x_wconf 84' lang='grc' dir='ltr'><strong>τοῦ</strong></span> <span class='ocrx_word' id='word_1_469' title='bbox 873 3604 1007 3656; x_wconf 89' lang='grc' dir='ltr'><strong>Θεοῦ</strong></span> <span class='ocrx_word' id='word_1_470' title='bbox 1039 3604 1306 3676; x_wconf 84' lang='grc' dir='ltr'><strong>κριτηρίῳ</strong></span> <span class='ocrx_word' id='word_1_471' title='bbox 1336 3606 1707 3675; x_wconf 75' lang='grc' dir='ltr'><strong>παραστῆναι,</strong></span> 
     </span>
    </p>
   </div>
   <div class='ocr_carea' id='block_1_67' title="bbox 127 3697 1710 3769">
    <p class='ocr_par' dir='ltr' id='par_1_67' title="bbox 127 3697 1710 3769">
     <span class='ocr_line' id='line_1_67' title="bbox 127 3697 1710 3769; baseline 0.001 -20"><span class='ocrx_word' id='word_1_472' title='bbox 127 3701 211 3751; x_wconf 72' lang='grc' dir='ltr'><strong>καὶ</strong></span> <span class='ocrx_word' id='word_1_473' title='bbox 231 3698 400 3765; x_wconf 77' lang='grc' dir='ltr'><strong>λόγον</strong></span> <span class='ocrx_word' id='word_1_474' title='bbox 432 3697 739 3751; x_wconf 79' lang='grc' dir='ltr'><strong>ἀποδώσειν</strong></span> <span class='ocrx_word' id='word_1_475' title='bbox 761 3699 901 3769; x_wconf 73' lang='grc' dir='ltr'><strong>ὑπὲρ</strong></span> <span class='ocrx_word' id='word_1_476' title='bbox 923 3700 1017 3767; x_wconf 70' lang='grc' dir='ltr'><strong>τῆς</strong></span> <span class='ocrx_word' id='word_1_477' title='bbox 1041 3700 1137 3767; x_wconf 81' lang='grc' dir='ltr'><strong>σῆς</strong></span> <span class='ocrx_word' id='word_1_478' title='bbox 1159 3699 1351 3768; x_wconf 74' lang='grc' dir='ltr'><strong>ἀρχῆς,</strong></span> <span class='ocrx_word' id='word_1_479' title='bbox 1374 3698 1578 3768; x_wconf 73' lang='grc' dir='ltr'><strong>καὶτῆς</strong></span> <span class='ocrx_word' id='word_1_480' title='bbox 1602 3697 1710 3751; x_wconf 85' lang='grc' dir='ltr'><strong>τῶν</strong></span> 
     </span>
    </p>
   </div>
   <div class='ocr_carea' id='block_1_68' title="bbox 124 3789 1711 3861">
    <p class='ocr_par' dir='ltr' id='par_1_68' title="bbox 124 3789 1711 3861">
     <span class='ocr_line' id='line_1_68' title="bbox 124 3789 1711 3861; baseline 0.002 -22"><span class='ocrx_word' id='word_1_481' title='bbox 124 3791 462 3861; x_wconf 64' lang='grc' dir='ltr'><strong>ὑποχειρίων</strong></span> <span class='ocrx_word' id='word_1_482' title='bbox 490 3790 815 3859; x_wconf 75' lang='grc' dir='ltr'><strong>διοικήσεως</strong></span> <span class='ocrx_word' id='word_1_483' title='bbox 871 3791 961 3843; x_wconf 74' lang='grc' dir='ltr'><strong>καὶ</strong></span> <span class='ocrx_word' id='word_1_484' title='bbox 1008 3790 1301 3860; x_wconf 76' lang='grc' dir='ltr'><strong>σωτηρίας.</strong></span> <span class='ocrx_word' id='word_1_485' title='bbox 1336 3790 1445 3843; x_wconf 74' lang='grc' dir='ltr'><strong>Καὶ</strong></span> <span class='ocrx_word' id='word_1_486' title='bbox 1481 3789 1555 3859; x_wconf 79' lang='grc' dir='ltr'><strong>μὴ</strong></span> <span class='ocrx_word' id='word_1_487' title='bbox 1578 3790 1711 3857; x_wconf 80' lang='grc' dir='ltr'><strong>γρά-</strong></span> 
     </span>
    </p>
   </div>
   <div class='ocr_carea' id='block_1_69' title="bbox 127 3880 1709 3951">
    <p class='ocr_par' dir='ltr' id='par_1_69' title="bbox 127 3880 1709 3951">
     <span class='ocr_line' id='line_1_69' title="bbox 127 3880 1709 3951; baseline -0.001 -18"><span class='ocrx_word' id='word_1_488' title='bbox 127 3901 218 3948; x_wconf 54' lang='lat' dir='ltr'><strong>gr,-</strong></span> <span class='ocrx_word' id='word_1_489' title='bbox 255 3880 578 3951; x_wconf 73' lang='grc' dir='ltr'><strong>εἰρωνείας.</strong></span> <span class='ocrx_word' id='word_1_490' title='bbox 608 3883 741 3950; x_wconf 77' lang='grc' dir='ltr'><strong>μηδὲ</strong></span> <span class='ocrx_word' id='word_1_491' title='bbox 769 3880 956 3950; x_wconf 79' lang='grc' dir='ltr'><strong>ῦὸρεις</strong></span> <span class='ocrx_word' id='word_1_492' title='bbox 1000 3883 1093 3934; x_wconf 73' lang='grc' dir='ltr'><strong>καὶ</strong></span> <span class='ocrx_word' id='word_1_493' title='bbox 1123 3880 1368 3949; x_wconf 82' lang='grc' dir='ltr'><strong>ἀτιμίας,</strong></span> <span class='ocrx_word' id='word_1_494' title='bbox 1403 3880 1562 3932; x_wconf 76' lang='grc' dir='ltr'><strong>ἆτινι</strong></span> <span class='ocrx_word' id='word_1_495' title='bbox 1610 3880 1709 3931; x_wconf 86' lang='grc' dir='ltr'><strong>ούκ</strong></span> 
     </span>
    </p>
   </div>
   <div class='ocr_carea' id='block_1_70' title="bbox 128 3970 1711 4042">
    <p class='ocr_par' dir='ltr' id='par_1_70' title="bbox 128 3970 1711 4042">
     <span class='ocr_line' id='line_1_70' title="bbox 128 3970 1711 4042; baseline -0.001 -19"><span class='ocrx_word' id='word_1_496' title='bbox 128 3974 499 4042; x_wconf 78' lang='grc' dir='ltr'><strong>ατιμάζουσιν</strong></span> <span class='ocrx_word' id='word_1_497' title='bbox 530 3973 773 4036; x_wconf 76' lang='grc' dir='ltr'><strong>ἐκείνους</strong></span> <span class='ocrx_word' id='word_1_498' title='bbox 807 3973 941 4042; x_wconf 66' lang='grc' dir='ltr'><strong>πρέις</strong></span> <span class='ocrx_word' id='word_1_499' title='bbox 989 3972 1083 4035; x_wconf 85' lang='grc' dir='ltr'><strong>οῦς</strong></span> <span class='ocrx_word' id='word_1_500' title='bbox 1120 3972 1374 4042; x_wconf 83' lang='grc' dir='ltr'><strong>γράφεις,</strong></span> <span class='ocrx_word' id='word_1_501' title='bbox 1406 3970 1542 4023; x_wconf 85' lang='grc' dir='ltr'><strong>άλλά</strong></span> <span class='ocrx_word' id='word_1_502' title='bbox 1578 3970 1711 4040; x_wconf 77' lang='grc' dir='ltr'><strong>μᾶλ-</strong></span> 
     </span>
    </p>
   </div>
   <div class='ocr_carea' id='block_1_71' title="bbox 128 4056 1711 4134">
    <p class='ocr_par' dir='ltr' id='par_1_71' title="bbox 128 4056 1711 4134">
     <span class='ocr_line' id='line_1_71' title="bbox 128 4056 1711 4134; baseline 0.002 -23"><span class='ocrx_word' id='word_1_503' title='bbox 128 4066 208 4115; x_wconf 69' lang='grc' dir='ltr'><strong>λον</strong></span> <span class='ocrx_word' id='word_1_504' title='bbox 240 4070 327 4127; x_wconf 75' lang='grc' dir='ltr'><strong>εἰς</strong></span> <span class='ocrx_word' id='word_1_505' title='bbox 363 4064 469 4134; x_wconf 81' lang='grc' dir='ltr'><strong>τὴν</strong></span> <span class='ocrx_word' id='word_1_506' title='bbox 506 4065 801 4132; x_wconf 80' lang='grc' dir='ltr'><strong>ὑμετέραν,</strong></span> <span class='ocrx_word' id='word_1_507' title='bbox 848 4065 950 4116; x_wconf 82' lang='grc' dir='ltr'><strong>ούκ</strong></span> <span class='ocrx_word' id='word_1_508' title='bbox 992 4056 1183 4133; x_wconf 71' lang='grc' dir='ltr'><strong>ἠθελον</strong></span> <span class='ocrx_word' id='word_1_509' title='bbox 1225 4065 1401 4115; x_wconf 81' lang='grc' dir='ltr'><strong>εἰπεῖν</strong></span> <span class='ocrx_word' id='word_1_510' title='bbox 1443 4062 1583 4115; x_wconf 79' lang='grc' dir='ltr'><strong>αίδοῖ</strong></span> <span class='ocrx_word' id='word_1_511' title='bbox 1610 4062 1711 4130; x_wconf 78' lang='grc' dir='ltr'><strong>τῆς</strong></span> 
     </span>
    </p>
   </div>
   <div class='ocr_carea' id='block_1_72' title="bbox 128 4154 1712 4226">
    <p class='ocr_par' dir='ltr' id='par_1_72' title="bbox 128 4154 1712 4226">
     <span class='ocr_line' id='line_1_72' title="bbox 128 4154 1712 4226; baseline 0 -19"><span class='ocrx_word' id='word_1_512' title='bbox 128 4159 256 4225; x_wconf 64' lang='grc' dir='ltr'><strong>πρὶς</strong></span> <span class='ocrx_word' id='word_1_513' title='bbox 287 4157 354 4209; x_wconf 79' lang='grc' dir='ltr'><strong>σὲ</strong></span> <span class='ocrx_word' id='word_1_514' title='bbox 399 4157 648 4224; x_wconf 73' lang='grc' dir='ltr'><strong>ἀγάπης,</strong></span> <span class='ocrx_word' id='word_1_515' title='bbox 677 4156 791 4208; x_wconf 80' lang='grc' dir='ltr'><strong>ἀλλ’</strong></span> <span class='ocrx_word' id='word_1_516' title='bbox 815 4158 960 4226; x_wconf 83' lang='grc' dir='ltr'><strong>ὅμως</strong></span> <span class='ocrx_word' id='word_1_517' title='bbox 991 4158 1094 4209; x_wconf 68' lang='grc' dir='ltr'><strong>ὑπὸ</strong></span> <span class='ocrx_word' id='word_1_518' title='bbox 1118 4156 1215 4224; x_wconf 85' lang='grc' dir='ltr'><strong>τῆς</strong></span> <span class='ocrx_word' id='word_1_519' title='bbox 1246 4156 1501 4224; x_wconf 85' lang='grc' dir='ltr'><strong>ἀληθείας</strong></span> <span class='ocrx_word' id='word_1_520' title='bbox 1532 4154 1712 4207; x_wconf 83' lang='grc' dir='ltr'><strong>κινού-</strong></span> 
     </span>
    </p>
   </div>
   <div class='ocr_carea' id='block_1_73' title="bbox 130 4246 1489 4316">
    <p class='ocr_par' dir='ltr' id='par_1_73' title="bbox 130 4246 1489 4316">
     <span class='ocr_line' id='line_1_73' title="bbox 130 4246 1489 4316; baseline 0 -18"><span class='ocrx_word' id='word_1_521' title='bbox 130 4265 278 4314; x_wconf 76' lang='grc' dir='ltr'><strong>μενος</strong></span> <span class='ocrx_word' id='word_1_522' title='bbox 319 4247 497 4315; x_wconf 76' lang='grc' dir='ltr'><strong>λέγω,</strong></span> <span class='ocrx_word' id='word_1_523' title='bbox 527 4249 870 4316; x_wconf 76' lang='grc' dir='ltr'><strong>κατάγνωσιν</strong></span> <span class='ocrx_word' id='word_1_524' title='bbox 903 4246 1427 4316; x_wconf 70' lang='grc' dir='ltr'><strong>ἐπαναστρέφουσιν.</strong></span> <span class='ocrx_word' id='word_1_525' title='bbox 1482 4302 1489 4309; x_wconf 51' lang='grc'><strong><em>,</em></strong></span> 
     </span>
    </p>
   </div>
   <div class='ocr_carea' id='block_1_74' title="bbox 715 4382 1128 4449">
    <p class='ocr_par' dir='ltr' id='par_1_74' title="bbox 715 4382 1128 4449">
     <span class='ocr_line' id='line_1_74' title="bbox 715 4382 1128 4449; baseline 0 -12"><span class='ocrx_word' id='word_1_526' title='bbox 715 4385 795 4438; x_wconf 84' lang='lat' dir='ltr'><strong>A&#39;.</strong></span> <span class='ocrx_word' id='word_1_527' title='bbox 839 4382 922 4449; x_wconf 84' lang='grc' dir='ltr'><strong>Τῷ</strong></span> <span class='ocrx_word' id='word_1_528' title='bbox 947 4383 1128 4448; x_wconf 83' lang='grc' dir='ltr'><strong>αὐτῷ.</strong></span> 
     </span>
    </p>
   </div>
   <div class='ocr_carea' id='block_1_75' title="bbox 190 4517 1711 4594">
    <p class='ocr_par' dir='ltr' id='par_1_75' title="bbox 190 4517 1711 4594">
     <span class='ocr_line' id='line_1_75' title="bbox 190 4517 1711 4594; baseline -0.004 -18"><span class='ocrx_word' id='word_1_529' title='bbox 190 4524 283 4594; x_wconf 77' lang='grc' dir='ltr'><strong>Μὴ</strong></span> <span class='ocrx_word' id='word_1_530' title='bbox 326 4522 621 4591; x_wconf 75' lang='grc' dir='ltr'><strong>δεξάμενοι</strong></span> <span class='ocrx_word' id='word_1_531' title='bbox 674 4517 912 4589; x_wconf 79' lang='grc' dir='ltr'><strong>γράμμα</strong></span> <span class='ocrx_word' id='word_1_532' title='bbox 962 4520 1114 4589; x_wconf 77' lang='grc' dir='ltr'><strong>παρὰ</strong></span> <span class='ocrx_word' id='word_1_533' title='bbox 1162 4517 1279 4583; x_wconf 88' lang='grc' dir='ltr'><strong>σοῦ,</strong></span> <span class='ocrx_word' id='word_1_534' title='bbox 1310 4518 1499 4570; x_wconf 84' lang='grc' dir='ltr'><strong>τέκνον</strong></span> <span class='ocrx_word' id='word_1_535' title='bbox 1530 4518 1711 4587; x_wconf 72' lang='grc' dir='ltr'><strong>ἡμῶν,</strong></span> 
     </span>
    </p>
   </div>
   <div class='ocr_carea' id='block_1_76' title="bbox 132 4611 1716 4686">
    <p class='ocr_par' dir='ltr' id='par_1_76' title="bbox 132 4611 1716 4686">
     <span class='ocr_line' id='line_1_76' title="bbox 132 4611 1716 4686; baseline -0.003 -19"><span class='ocrx_word' id='word_1_536' title='bbox 132 4620 274 4671; x_wconf 65' lang='lat' dir='ltr'><strong>:Szo‘:</strong></span> <span class='ocrx_word' id='word_1_537' title='bbox 300 4615 605 4686; x_wconf 75' lang='grc' dir='ltr'><strong>γράφομεν</strong></span> <span class='ocrx_word' id='word_1_538' title='bbox 632 4612 738 4665; x_wconf 82' lang='grc' dir='ltr'><strong>ύπδ</strong></span> <span class='ocrx_word' id='word_1_539' title='bbox 770 4612 868 4680; x_wconf 80' lang='grc' dir='ltr'><strong>τῆς</strong></span> <span class='ocrx_word' id='word_1_540' title='bbox 900 4611 1161 4674; x_wconf 85' lang='grc' dir='ltr'><strong>πολλάκις</strong></span> <span class='ocrx_word' id='word_1_541' title='bbox 1201 4612 1503 4681; x_wconf 74' lang='grc' dir='ltr'><strong>κινησάσης</strong></span> <span class='ocrx_word' id='word_1_542' title='bbox 1534 4612 1716 4672; x_wconf 82' lang='grc' dir='ltr'><strong>αἰτίας</strong></span> 
     </span>
    </p>
   </div>
   <div class='ocr_carea' id='block_1_77' title="bbox 130 4701 1716 4776">
    <p class='ocr_par' dir='ltr' id='par_1_77' title="bbox 130 4701 1716 4776">
     <span class='ocr_line' id='line_1_77' title="bbox 130 4701 1716 4776; baseline -0.005 -14"><span class='ocrx_word' id='word_1_543' title='bbox 130 4713 270 4776; x_wconf 61' lang='grc' dir='ltr'><strong>ἡμᾶς</strong></span> <span class='ocrx_word' id='word_1_544' title='bbox 308 4709 608 4776; x_wconf 76' lang='grc' dir='ltr'><strong>πρότερον,</strong></span> <span class='ocrx_word' id='word_1_545' title='bbox 638 4707 733 4757; x_wconf 75' lang='grc' dir='ltr'><strong>καὶ</strong></span> <span class='ocrx_word' id='word_1_546' title='bbox 762 4704 858 4756; x_wconf 79' lang='grc' dir='ltr'><strong>νῦν</strong></span> <span class='ocrx_word' id='word_1_547' title='bbox 896 4705 1130 4772; x_wconf 79' lang='grc' dir='ltr'><strong>γράφειν</strong></span> <span class='ocrx_word' id='word_1_548' title='bbox 1158 4704 1541 4771; x_wconf 82' lang='grc' dir='ltr'><strong>κεκινημένοι·</strong></span> <span class='ocrx_word' id='word_1_549' title='bbox 1575 4701 1716 4771; x_wconf 81' lang='grc' dir='ltr'><strong>αῦτη</strong></span> 
     </span>
    </p>
   </div>
   <div class='ocr_carea' id='block_1_78' title="bbox 130 4794 1719 4868">
    <p class='ocr_par' dir='ltr' id='par_1_78' title="bbox 130 4794 1719 4868">
     <span class='ocr_line' id='line_1_78' title="bbox 130 4794 1719 4868; baseline -0.004 -17"><span class='ocrx_word' id='word_1_550' title='bbox 130 4803 175 4852; x_wconf 73' lang='grc' dir='ltr'><em>δέ</em></span> <span class='ocrx_word' id='word_1_551' title='bbox 206 4806 328 4855; x_wconf 76' lang='grc' dir='ltr'><strong>ἐστι</strong></span> <span class='ocrx_word' id='word_1_552' title='bbox 367 4800 469 4868; x_wconf 79' lang='grc' dir='ltr'><strong>τῆς</strong></span> <span class='ocrx_word' id='word_1_553' title='bbox 513 4796 788 4868; x_wconf 83' lang='grc' dir='ltr'><strong>μακαρίας</strong></span> <span class='ocrx_word' id='word_1_554' title='bbox 825 4796 917 4847; x_wconf 72' lang='grc' dir='ltr'><strong>καὶ</strong></span> <span class='ocrx_word' id='word_1_555' title='bbox 968 4794 1221 4864; x_wconf 79' lang='grc' dir='ltr'><strong>ποθεινῆς</strong></span> <span class='ocrx_word' id='word_1_556' title='bbox 1275 4795 1497 4863; x_wconf 70' lang='grc' dir='ltr'><strong>εἰρήνης</strong></span> <span class='ocrx_word' id='word_1_557' title='bbox 1536 4794 1719 4864; x_wconf 80' lang='grc' dir='ltr'><strong>ὴὲπι-</strong></span> 
     </span>
    </p>
   </div>
   <div class='ocr_carea' id='block_1_79' title="bbox 132 4885 1715 4962">
    <p class='ocr_par' dir='ltr' id='par_1_79' title="bbox 132 4885 1715 4962">
     <span class='ocr_line' id='line_1_79' title="bbox 132 4885 1715 4962; baseline -0.036 -9"><span class='ocrx_word' id='word_1_558' title='bbox 132 4894 387 4962; x_wconf 55' lang='grc' dir='ltr'><strong>ζήτησις,</strong></span> <span class='ocrx_word' id='word_1_559' title='bbox 432 4893 503 4959; x_wconf 83' lang='grc' dir='ltr'><strong>ἦν</strong></span> <span class='ocrx_word' id='word_1_560' title='bbox 550 4889 906 4959; x_wconf 78' lang='grc' dir='ltr'><strong>ἀποσυλήσας</strong></span> <span class='ocrx_word' id='word_1_561' title='bbox 959 4890 986 4941; x_wconf 77' lang='grc' dir='ltr'>ὁ</span> <span class='ocrx_word' id='word_1_562' title='bbox 1027 4887 1253 4959; x_wconf 35' lang='lat' dir='ltr'><strong>ammte:</strong></span> <span class='ocrx_word' id='word_1_563' title='bbox 1280 4887 1388 4938; x_wconf 72' lang='grc' dir='ltr'><strong>τῶν</strong></span> <span class='ocrx_word' id='word_1_564' title='bbox 1410 4885 1715 4954; x_wconf 64' lang='grc' dir='ltr'><strong>ἀνθρώπων</strong></span> 
     </span>
    </p>
   </div>
   <div class='ocr_carea' id='block_1_80' title="bbox 133 4980 1715 5056">
    <p class='ocr_par' dir='ltr' id='par_1_80' title="bbox 133 4980 1715 5056">
     <span class='ocr_line' id='line_1_80' title="bbox 133 4980 1715 5056; baseline -0.003 -21"><span class='ocrx_word' id='word_1_565' title='bbox 133 4988 321 5056; x_wconf 47' lang='lat' dir='ltr'><strong>mea;</strong></span> <span class='ocrx_word' id='word_1_566' title='bbox 361 4983 686 5047; x_wconf 72' lang='grc' dir='ltr'><strong>δδιάδολος,</strong></span> <span class='ocrx_word' id='word_1_567' title='bbox 735 4982 1008 5052; x_wconf 90' lang='grc' dir='ltr'><strong>μεγίστων</strong></span> <span class='ocrx_word' id='word_1_568' title='bbox 1040 4981 1140 5051; x_wconf 77' lang='grc' dir='ltr'><strong>μὲν</strong></span> <span class='ocrx_word' id='word_1_569' title='bbox 1180 4981 1401 5049; x_wconf 78' lang='grc' dir='ltr'><strong>ἀγαθῶν</strong></span> <span class='ocrx_word' id='word_1_570' title='bbox 1443 4980 1715 5049; x_wconf 75' lang='grc' dir='ltr'><strong>ἐζημίωσε</strong></span> 
     </span>
    </p>
   </div>
   <div class='ocr_carea' id='block_1_81' title="bbox 132 5064 1715 5148">
    <p class='ocr_par' dir='ltr' id='par_1_81' title="bbox 132 5064 1715 5148">
     <span class='ocr_line' id='line_1_81' title="bbox 132 5064 1715 5148; baseline -0.004 -17"><span class='ocrx_word' id='word_1_571' title='bbox 132 5083 183 5131; x_wconf 58' lang='grc' dir='ltr'><strong>τὸ</strong></span> <span class='ocrx_word' id='word_1_572' title='bbox 219 5079 560 5148; x_wconf 79' lang='grc' dir='ltr'><strong>Βουλγάρων</strong></span> <span class='ocrx_word' id='word_1_573' title='bbox 581 5078 735 5143; x_wconf 77' lang='grc' dir='ltr'><strong>γένος</strong></span> <span class='ocrx_word' id='word_1_574' title='bbox 764 5075 858 5128; x_wconf 73' lang='grc' dir='ltr'><strong>καὶ</strong></span> <span class='ocrx_word' id='word_1_575' title='bbox 901 5075 1218 5144; x_wconf 86' lang='grc' dir='ltr'><strong>Ῥωμαίων,</strong></span> <span class='ocrx_word' id='word_1_576' title='bbox 1246 5064 1380 5127; x_wconf 73' lang='grc' dir='ltr'><strong>πολὺ</strong></span> <span class='ocrx_word' id='word_1_577' title='bbox 1408 5074 1463 5126; x_wconf 83' lang='grc' dir='ltr'><strong>δὲ</strong></span> <span class='ocrx_word' id='word_1_578' title='bbox 1493 5074 1715 5143; x_wconf 79' lang='grc' dir='ltr'><strong>ἄλγημα</strong></span> 
     </span>
    </p>
   </div>
   <div class='ocr_carea' id='block_1_82' title="bbox 134 5166 1713 5243">
    <p class='ocr_par' dir='ltr' id='par_1_82' title="bbox 134 5166 1713 5243">
     <span class='ocr_line' id='line_1_82' title="bbox 134 5166 1713 5243; baseline -0.005 -16"><span class='ocrx_word' id='word_1_579' title='bbox 134 5175 203 5242; x_wconf 78' lang='grc' dir='ltr'><strong>τῷ</strong></span> <span class='ocrx_word' id='word_1_580' title='bbox 227 5171 464 5243; x_wconf 81' lang='grc' dir='ltr'><strong>Χριστῷ</strong></span> <span class='ocrx_word' id='word_1_581' title='bbox 508 5169 601 5223; x_wconf 79' lang='grc' dir='ltr'><strong>καὶ</strong></span> <span class='ocrx_word' id='word_1_582' title='bbox 644 5168 762 5238; x_wconf 78' lang='grc' dir='ltr'><strong>Θεῷ</strong></span> <span class='ocrx_word' id='word_1_583' title='bbox 791 5169 945 5238; x_wconf 71' lang='grc' dir='ltr'><strong>ἡμῶν</strong></span> <span class='ocrx_word' id='word_1_584' title='bbox 974 5168 1281 5237; x_wconf 71' lang='grc' dir='ltr'><strong>ἐνεποίησε,</strong></span> <span class='ocrx_word' id='word_1_585' title='bbox 1309 5167 1380 5220; x_wconf 80' lang='grc' dir='ltr'><strong>τά</strong></span> <span class='ocrx_word' id='word_1_586' title='bbox 1407 5166 1463 5219; x_wconf 75' lang='grc' dir='ltr'><strong>δί</strong></span> <span class='ocrx_word' id='word_1_587' title='bbox 1505 5167 1713 5219; x_wconf 80' lang='grc' dir='ltr'><strong>ἐκείνου</strong></span> 
     </span>
    </p>
   </div>
   <div class='ocr_carea' id='block_1_83' title="bbox 135 5258 1715 5335">
    <p class='ocr_par' dir='ltr' id='par_1_83' title="bbox 135 5258 1715 5335">
     <span class='ocr_line' id='line_1_83' title="bbox 135 5258 1715 5335; baseline -0.006 -17"><span class='ocrx_word' id='word_1_588' title='bbox 135 5270 366 5335; x_wconf 74' lang='grc' dir='ltr'><strong>ποίμνια</strong></span> <span class='ocrx_word' id='word_1_589' title='bbox 420 5262 505 5324; x_wconf 80' lang='grc' dir='ltr'><strong>εἰς</strong></span> <span class='ocrx_word' id='word_1_590' title='bbox 557 5261 651 5313; x_wconf 80' lang='grc' dir='ltr'><strong>τὸν</strong></span> <span class='ocrx_word' id='word_1_591' title='bbox 720 5259 846 5312; x_wconf 79' lang='grc' dir='ltr'><strong>κατ’</strong></span> <span class='ocrx_word' id='word_1_592' title='bbox 910 5259 1155 5329; x_wconf 84' lang='grc' dir='ltr'><strong>ἀλλήλων</strong></span> <span class='ocrx_word' id='word_1_593' title='bbox 1199 5258 1423 5327; x_wconf 77' lang='grc' dir='ltr'><strong>δλεθρον</strong></span> <span class='ocrx_word' id='word_1_594' title='bbox 1475 5258 1715 5329; x_wconf 79' lang='grc' dir='ltr'><strong>ὁρμῆσαι</strong></span> 
     </span>
    </p>
   </div>
   <div class='ocr_carea' id='block_1_84' title="bbox 136 5350 1713 5428">
    <p class='ocr_par' dir='ltr' id='par_1_84' title="bbox 136 5350 1713 5428">
     <span class='ocr_line' id='line_1_84' title="bbox 136 5350 1713 5428; baseline -0.004 -21"><span class='ocrx_word' id='word_1_595' title='bbox 136 5354 727 5428; x_wconf 70' lang='grc' dir='ltr'><strong>παρεσκευασάμενοῖ.</strong></span> <span class='ocrx_word' id='word_1_596' title='bbox 778 5351 949 5420; x_wconf 77' lang='grc' dir='ltr'><strong>Ὑπὲρ</strong></span> <span class='ocrx_word' id='word_1_597' title='bbox 994 5350 1186 5403; x_wconf 84' lang='grc' dir='ltr'><strong>τούτου</strong></span> <span class='ocrx_word' id='word_1_598' title='bbox 1227 5350 1487 5413; x_wconf 87' lang='grc' dir='ltr'><strong>πολλάκις</strong></span> <span class='ocrx_word' id='word_1_599' title='bbox 1544 5350 1713 5419; x_wconf 76' lang='grc' dir='ltr'><strong>ἐγρά-</strong></span> 
     </span>
    </p>
   </div>
   <div class='ocr_carea' id='block_1_85' title="bbox 134 5441 1715 5519">
    <p class='ocr_par' dir='ltr' id='par_1_85' title="bbox 134 5441 1715 5519">
     <span class='ocr_line' id='line_1_85' title="bbox 134 5441 1715 5519; baseline -0.005 -18"><span class='ocrx_word' id='word_1_600' title='bbox 134 5451 335 5519; x_wconf 56' lang='grc' dir='ltr'><strong>ψαμεν,</strong></span> <span class='ocrx_word' id='word_1_601' title='bbox 361 5447 461 5500; x_wconf 74' lang='grc' dir='ltr'><strong>καὶ</strong></span> <span class='ocrx_word' id='word_1_602' title='bbox 484 5445 581 5498; x_wconf 83' lang='grc' dir='ltr'><strong>νῦν</strong></span> <span class='ocrx_word' id='word_1_603' title='bbox 604 5446 885 5515; x_wconf 69' lang='grc' dir='ltr'><strong>γράφομεν</strong></span> <span class='ocrx_word' id='word_1_604' title='bbox 910 5442 1285 5505; x_wconf 85' lang='grc' dir='ltr'><strong>δυσωποῦντες</strong></span> <span class='ocrx_word' id='word_1_605' title='bbox 1303 5460 1319 5475; x_wconf 75' lang='grc' dir='ltr'><strong><em>ο</em></strong></span> <span class='ocrx_word' id='word_1_606' title='bbox 1356 5443 1451 5495; x_wconf 67' lang='grc' dir='ltr'><strong>κα)⁸</strong></span> <span class='ocrx_word' id='word_1_607' title='bbox 1483 5441 1715 5510; x_wconf 72' lang='grc' dir='ltr'><strong>μάλιστα</strong></span> 
     </span>
    </p>
   </div>
   <div class='ocr_carea' id='block_1_86' title="bbox 134 5534 1713 5607">
    <p class='ocr_par' dir='ltr' id='par_1_86' title="bbox 134 5534 1713 5607">
     <span class='ocr_line' id='line_1_86' title="bbox 134 5534 1713 5607; baseline -0.004 -14"><span class='ocrx_word' id='word_1_608' title='bbox 134 5545 256 5603; x_wconf 67' lang='grc' dir='ltr'><strong>τοὺς</strong></span> <span class='ocrx_word' id='word_1_609' title='bbox 295 5543 427 5602; x_wconf 69' lang='grc' dir='ltr'><strong>σοὺς</strong></span> <span class='ocrx_word' id='word_1_610' title='bbox 455 5539 677 5607; x_wconf 79' lang='grc' dir='ltr'><strong>γλυκεῖς</strong></span> <span class='ocrx_word' id='word_1_611' title='bbox 706 5538 896 5605; x_wconf 85' lang='grc' dir='ltr'><strong>λόγους</strong></span> <span class='ocrx_word' id='word_1_612' title='bbox 919 5538 975 5589; x_wconf 80' lang='grc' dir='ltr'><strong>ὲν</strong></span> <span class='ocrx_word' id='word_1_613' title='bbox 1002 5540 1113 5599; x_wconf 84' lang='grc' dir='ltr'><strong>τοῖς</strong></span> <span class='ocrx_word' id='word_1_614' title='bbox 1144 5536 1275 5588; x_wconf 67' lang='grc' dir='ltr'><strong>ὠσὶν</strong></span> <span class='ocrx_word' id='word_1_615' title='bbox 1299 5534 1458 5606; x_wconf 79' lang='grc' dir='ltr'><strong>ἡμῶν</strong></span> <span class='ocrx_word' id='word_1_616' title='bbox 1478 5535 1713 5604; x_wconf 78' lang='grc' dir='ltr'><strong>ἔχοντες,</strong></span> 
     </span>
    </p>
   </div>
   <div class='ocr_carea' id='block_1_87' title="bbox 138 5628 1715 5698">
    <p class='ocr_par' dir='ltr' id='par_1_87' title="bbox 138 5628 1715 5698">
     <span class='ocr_line' id='line_1_87' title="bbox 138 5628 1715 5698; baseline -0.005 -12"><span class='ocrx_word' id='word_1_617' title='bbox 138 5637 228 5689; x_wconf 74' lang='grc' dir='ltr'><strong>καὶ</strong></span> <span class='ocrx_word' id='word_1_618' title='bbox 250 5634 482 5697; x_wconf 83' lang='grc' dir='ltr'><strong>τούτους</strong></span> <span class='ocrx_word' id='word_1_619' title='bbox 508 5631 629 5686; x_wconf 85' lang='grc' dir='ltr'><strong>καθ’</strong></span> <span class='ocrx_word' id='word_1_620' title='bbox 657 5632 897 5698; x_wconf 79' lang='grc' dir='ltr'><strong>ἑκάστην</strong></span> <span class='ocrx_word' id='word_1_621' title='bbox 931 5631 1284 5698; x_wconf 85' lang='grc' dir='ltr'><strong>μελετῶντες,</strong></span> <span class='ocrx_word' id='word_1_622' title='bbox 1310 5631 1469 5689; x_wconf 85' lang='grc' dir='ltr'><strong>ὅσους</strong></span> <span class='ocrx_word' id='word_1_623' title='bbox 1497 5644 1552 5679; x_wconf 90' lang='grc' dir='ltr'><strong>τε</strong></span> <span class='ocrx_word' id='word_1_624' title='bbox 1580 5628 1715 5697; x_wconf 67' lang='grc' dir='ltr'><strong>πρὸς</strong></span> 
     </span>
    </p>
   </div>
   <div class='ocr_carea' id='block_1_88' title="bbox 137 5722 1713 5796">
    <p class='ocr_par' dir='ltr' id='par_1_88' title="bbox 137 5722 1713 5796">
     <span class='ocr_line' id='line_1_88' title="bbox 137 5722 1713 5796; baseline -0.005 -16"><span class='ocrx_word' id='word_1_625' title='bbox 137 5729 280 5793; x_wconf 68' lang='grc' dir='ltr'><strong>ἡμᾶς</strong></span> <span class='ocrx_word' id='word_1_626' title='bbox 311 5730 344 5794; x_wconf 78' lang='grc' dir='ltr'>ἡ</span> <span class='ocrx_word' id='word_1_627' title='bbox 376 5727 440 5795; x_wconf 81' lang='grc' dir='ltr'><strong>σὴ</strong></span> <span class='ocrx_word' id='word_1_628' title='bbox 474 5725 712 5796; x_wconf 70' lang='grc' dir='ltr'><strong>φρονίμη</strong></span> <span class='ocrx_word' id='word_1_629' title='bbox 740 5723 957 5787; x_wconf 79' lang='grc' dir='ltr'><strong>ἐδέξατο</strong></span> <span class='ocrx_word' id='word_1_630' title='bbox 987 5723 1225 5788; x_wconf 82' lang='grc' dir='ltr'><strong>γλῶσσα,</strong></span> <span class='ocrx_word' id='word_1_631' title='bbox 1265 5723 1356 5775; x_wconf 74' lang='grc' dir='ltr'><strong>καὶ</strong></span> <span class='ocrx_word' id='word_1_632' title='bbox 1386 5723 1541 5781; x_wconf 71' lang='grc' dir='ltr'><strong>ὅσους</strong></span> <span class='ocrx_word' id='word_1_633' title='bbox 1579 5722 1713 5789; x_wconf 74' lang='grc' dir='ltr'><strong>πρὸς</strong></span> 
     </span>
    </p>
   </div>
   <div class='ocr_carea' id='block_1_89' title="bbox 136 5812 1709 5890">
    <p class='ocr_par' dir='ltr' id='par_1_89' title="bbox 136 5812 1709 5890">
     <span class='ocr_line' id='line_1_89' title="bbox 136 5812 1709 5890; baseline -0.002 -19"><span class='ocrx_word' id='word_1_634' title='bbox 136 5822 221 5873; x_wconf 59' lang='grc' dir='ltr'><strong>τι»</strong></span> <span class='ocrx_word' id='word_1_635' title='bbox 249 5820 603 5890; x_wconf 73' lang='grc' dir='ltr'><strong>φιλόχριστον</strong></span> <span class='ocrx_word' id='word_1_636' title='bbox 640 5818 798 5888; x_wconf 75' lang='grc' dir='ltr'><strong>ἡμῶν</strong></span> <span class='ocrx_word' id='word_1_637' title='bbox 843 5817 1085 5886; x_wconf 73' lang='grc' dir='ltr'><strong>βασιλέα,</strong></span> <span class='ocrx_word' id='word_1_638' title='bbox 1124 5816 1180 5871; x_wconf 84' lang='grc' dir='ltr'><strong>ὃν</strong></span> <span class='ocrx_word' id='word_1_639' title='bbox 1214 5812 1331 5870; x_wconf 77' lang='grc' dir='ltr'><strong>οἶδα</strong></span> <span class='ocrx_word' id='word_1_640' title='bbox 1368 5815 1599 5884; x_wconf 69' lang='grc' dir='ltr'><strong>βεϐαίως</strong></span> <span class='ocrx_word' id='word_1_641' title='bbox 1631 5816 1709 5870; x_wconf 78' lang='grc' dir='ltr'><strong>ὅτι</strong></span> 
     </span>
    </p>
   </div>
   <div class='ocr_carea' id='block_1_90' title="bbox 1813 3238 3384 3308">
    <p class='ocr_par' dir='ltr' id='par_1_90' title="bbox 1813 3238 3384 3308">
     <span class='ocr_line' id='line_1_90' title="bbox 1813 3238 3384 3308; baseline 0.002 -19"><span class='ocrx_word' id='word_1_642' title='bbox 1813 3246 2030 3304; x_wconf 89' lang='lat' dir='ltr'><strong>temque</strong></span> <span class='ocrx_word' id='word_1_643' title='bbox 2061 3250 2124 3289; x_wconf 84' lang='lat' dir='ltr'><strong>ac</strong></span> <span class='ocrx_word' id='word_1_644' title='bbox 2160 3252 2345 3304; x_wconf 89' lang='lat' dir='ltr'><strong>pacem</strong></span> <span class='ocrx_word' id='word_1_645' title='bbox 2372 3248 2658 3305; x_wconf 81' lang='lat' dir='ltr'><strong>exoptans,</strong></span> <span class='ocrx_word' id='word_1_646' title='bbox 2700 3238 2856 3291; x_wconf 86' lang='lat' dir='ltr'><strong>debet</strong></span> <span class='ocrx_word' id='word_1_647' title='bbox 2885 3239 3144 3301; x_wconf 89' lang='lat' dir='ltr'><strong>scribere,</strong></span> <span class='ocrx_word' id='word_1_648' title='bbox 3190 3249 3247 3291; x_wconf 87' lang='grc' dir='ltr'><strong>ιιι</strong></span> <span class='ocrx_word' id='word_1_649' title='bbox 3292 3240 3384 3308; x_wconf 90' lang='lat' dir='ltr'><strong>qui</strong></span> 
     </span>
    </p>
   </div>
   <div class='ocr_carea' id='block_1_91' title="bbox 1810 3327 3385 3400">
    <p class='ocr_par' dir='ltr' id='par_1_91' title="bbox 1810 3327 3385 3400">
     <span class='ocr_line' id='line_1_91' title="bbox 1810 3327 3385 3400; baseline 0.003 -21"><span class='ocrx_word' id='word_1_650' title='bbox 1810 3343 1839 3379; x_wconf 88' lang='lat' dir='ltr'><strong>a</strong></span> <span class='ocrx_word' id='word_1_651' title='bbox 1875 3327 1984 3382; x_wconf 86' lang='lat' dir='ltr'><strong>Deo</strong></span> <span class='ocrx_word' id='word_1_652' title='bbox 2024 3330 2309 3397; x_wconf 87' lang='lat' dir='ltr'><strong>imperium</strong></span> <span class='ocrx_word' id='word_1_653' title='bbox 2346 3331 2643 3399; x_wconf 80' lang='lat' dir='ltr'><strong>acceperis,</strong></span> <span class='ocrx_word' id='word_1_654' title='bbox 2707 3340 2764 3385; x_wconf 91' lang='lat' dir='ltr'><strong>ut</strong></span> <span class='ocrx_word' id='word_1_655' title='bbox 2807 3333 2897 3400; x_wconf 86' lang='lat' dir='ltr'><strong>qui</strong></span> <span class='ocrx_word' id='word_1_656' title='bbox 2927 3330 3272 3386; x_wconf 76' lang='lat' dir='ltr'><strong>ChriStianus</strong></span> <span class='ocrx_word' id='word_1_657' title='bbox 3331 3331 3385 3383; x_wconf 92' lang='lat' dir='ltr'><strong>in</strong></span> 
     </span>
    </p>
   </div>
   <div class='ocr_carea' id='block_1_92' title="bbox 1813 3418 3387 3490">
    <p class='ocr_par' dir='ltr' id='par_1_92' title="bbox 1813 3418 3387 3490">
     <span class='ocr_line' id='line_1_92' title="bbox 1813 3418 3387 3490; baseline 0.001 -18"><span class='ocrx_word' id='word_1_658' title='bbox 1813 3418 2223 3474; x_wconf 72' lang='lat' dir='ltr'><strong>formidandum</strong></span> <span class='ocrx_word' id='word_1_659' title='bbox 2258 3422 2349 3475; x_wconf 82' lang='lat' dir='ltr'><strong>Dei</strong></span> <span class='ocrx_word' id='word_1_660' title='bbox 2379 3422 2647 3490; x_wconf 88' lang='lat' dir='ltr'><strong>judicium</strong></span> <span class='ocrx_word' id='word_1_661' title='bbox 2674 3423 2750 3477; x_wconf 85' lang='lat' dir='ltr'><strong>sis</strong></span> <span class='ocrx_word' id='word_1_662' title='bbox 2774 3432 3050 3486; x_wconf 87' lang='lat' dir='ltr'><strong>venturus,</strong></span> <span class='ocrx_word' id='word_1_663' title='bbox 3091 3424 3387 3476; x_wconf 85' lang='lat' dir='ltr'><strong>rationem-</strong></span> 
     </span>
    </p>
   </div>
   <div class='ocr_carea' id='block_1_93' title="bbox 1812 3512 3388 3583">
    <p class='ocr_par' dir='ltr' id='par_1_93' title="bbox 1812 3512 3388 3583">
     <span class='ocr_line' id='line_1_93' title="bbox 1812 3512 3388 3583; baseline 0.001 -19"><span class='ocrx_word' id='word_1_664' title='bbox 1812 3525 1921 3579; x_wconf 88' lang='lat' dir='ltr'><strong>que</strong></span> <span class='ocrx_word' id='word_1_665' title='bbox 1960 3512 2270 3581; x_wconf 72' lang='lat' dir='ltr'><strong>potestatis,</strong></span> <span class='ocrx_word' id='word_1_666' title='bbox 2305 3528 2368 3568; x_wconf 89' lang='lat' dir='ltr'><strong>ac</strong></span> <span class='ocrx_word' id='word_1_667' title='bbox 2397 3513 2740 3567; x_wconf 87' lang='lat' dir='ltr'><strong>subditorum</strong></span> <span class='ocrx_word' id='word_1_668' title='bbox 2774 3514 3187 3583; x_wconf 87' lang='lat' dir='ltr'><strong>gubernationis</strong></span> <span class='ocrx_word' id='word_1_669' title='bbox 3220 3523 3275 3566; x_wconf 87' lang='lat' dir='ltr'><strong>et</strong></span> <span class='ocrx_word' id='word_1_670' title='bbox 3299 3528 3388 3567; x_wconf 59' lang='lat' dir='ltr'><strong>sae</strong></span> 
     </span>
    </p>
   </div>
   <div class='ocr_carea' id='block_1_94' title="bbox 1813 3594 3391 3673">
    <p class='ocr_par' dir='ltr' id='par_1_94' title="bbox 1813 3594 3391 3673">
     <span class='ocr_line' id='line_1_94' title="bbox 1813 3594 3391 3673; baseline 0.002 -20"><span class='ocrx_word' id='word_1_671' title='bbox 1813 3600 1941 3656; x_wconf 90' lang='lat' dir='ltr'><strong>lutis</strong></span> <span class='ocrx_word' id='word_1_672' title='bbox 1973 3603 2306 3657; x_wconf 89' lang='lat' dir='ltr'><strong>redditurus.</strong></span> <span class='ocrx_word' id='word_1_673' title='bbox 2363 3594 2440 3657; x_wconf 81' lang='lat' dir='ltr'><strong>Ne</strong></span> <span class='ocrx_word' id='word_1_674' title='bbox 2493 3604 2703 3659; x_wconf 83' lang='lat' dir='ltr'><strong>scribas</strong></span> <span class='ocrx_word' id='word_1_675' title='bbox 2762 3604 3157 3665; x_wconf 81' lang='lat' dir='ltr'><strong>cavillationes,</strong></span> <span class='ocrx_word' id='word_1_676' title='bbox 3212 3618 3391 3673; x_wconf 85' lang='lat' dir='ltr'><strong>neque</strong></span> 
     </span>
    </p>
   </div>
   <div class='ocr_carea' id='block_1_95' title="bbox 1810 3694 3473 3764">
    <p class='ocr_par' dir='ltr' id='par_1_95' title="bbox 1810 3694 3473 3764">
     <span class='ocr_line' id='line_1_95' title="bbox 1810 3694 3473 3764; baseline 0.004 -18"><span class='ocrx_word' id='word_1_677' title='bbox 1810 3694 2208 3747; x_wconf 87' lang='lat' dir='ltr'><strong>contumeliosa</strong></span> <span class='ocrx_word' id='word_1_678' title='bbox 2251 3706 2343 3748; x_wconf 85' lang='lat' dir='ltr'><strong>aut</strong></span> <span class='ocrx_word' id='word_1_679' title='bbox 2376 3696 2655 3762; x_wconf 85' lang='lat' dir='ltr'><strong>probrosa,</strong></span> <span class='ocrx_word' id='word_1_680' title='bbox 2692 3711 2812 3764; x_wconf 63' lang='lat' dir='ltr'><strong>quae</strong></span> <span class='ocrx_word' id='word_1_681' title='bbox 2844 3711 2952 3748; x_wconf 84' lang='lat' dir='ltr'><strong>non</strong></span> <span class='ocrx_word' id='word_1_682' title='bbox 2989 3695 3151 3749; x_wconf 92' lang='lat' dir='ltr'><strong>modo</strong></span> <span class='ocrx_word' id='word_1_683' title='bbox 3175 3696 3387 3748; x_wconf 89' lang='lat' dir='ltr'><strong>illorum</strong></span> <span class='ocrx_word' id='word_1_684' title='bbox 3459 3735 3473 3752; x_wconf 60' lang='grc' dir='ltr'><strong>ι</strong></span> 
     </span>
    </p>
   </div>
   <div class='ocr_carea' id='block_1_96' title="bbox 1812 3785 3389 3853">
    <p class='ocr_par' dir='ltr' id='par_1_96' title="bbox 1812 3785 3389 3853">
     <span class='ocr_line' id='line_1_96' title="bbox 1812 3785 3389 3853; baseline 0.001 -15"><span class='ocrx_word' id='word_1_685' title='bbox 1812 3785 1880 3838; x_wconf 88' lang='lat' dir='ltr'><strong>ad</strong></span> <span class='ocrx_word' id='word_1_686' title='bbox 1913 3800 2051 3853; x_wconf 85' lang='lat' dir='ltr'><strong>quos</strong></span> <span class='ocrx_word' id='word_1_687' title='bbox 2084 3785 2280 3839; x_wconf 87' lang='lat' dir='ltr'><strong>scribis</strong></span> <span class='ocrx_word' id='word_1_688' title='bbox 2309 3787 2569 3840; x_wconf 90' lang='lat' dir='ltr'><strong>honorem</strong></span> <span class='ocrx_word' id='word_1_689' title='bbox 2606 3788 2744 3840; x_wconf 85' lang='lat' dir='ltr'><strong>male</strong></span> <span class='ocrx_word' id='word_1_690' title='bbox 2772 3785 3031 3850; x_wconf 74' lang='lat' dir='ltr'><strong>alliciunt,</strong></span> <span class='ocrx_word' id='word_1_691' title='bbox 3071 3786 3164 3840; x_wconf 89' lang='lat' dir='ltr'><strong>sed</strong></span> <span class='ocrx_word' id='word_1_692' title='bbox 3197 3787 3389 3851; x_wconf 89' lang='lat' dir='ltr'><strong>etiam,</strong></span> 
     </span>
    </p>
   </div>
   <div class='ocr_carea' id='block_1_97' title="bbox 1814 3877 3390 3949">
    <p class='ocr_par' dir='ltr' id='par_1_97' title="bbox 1814 3877 3390 3949">
     <span class='ocr_line' id='line_1_97' title="bbox 1814 3877 3390 3949; baseline 0.001 -20"><span class='ocrx_word' id='word_1_693' title='bbox 1814 3877 1936 3932; x_wconf 88' lang='lat' dir='ltr'><strong>licet</strong></span> <span class='ocrx_word' id='word_1_694' title='bbox 1991 3893 2075 3932; x_wconf 91' lang='lat' dir='ltr'><strong>me</strong></span> <span class='ocrx_word' id='word_1_695' title='bbox 2131 3878 2313 3933; x_wconf 84' lang='lat' dir='ltr'><strong>dicere</strong></span> <span class='ocrx_word' id='word_1_696' title='bbox 2393 3880 2677 3948; x_wconf 85' lang='lat' dir='ltr'><strong>prohibeat</strong></span> <span class='ocrx_word' id='word_1_697' title='bbox 2724 3889 3003 3949; x_wconf 86' lang='lat' dir='ltr'><strong>respectus</strong></span> <span class='ocrx_word' id='word_1_698' title='bbox 3056 3879 3160 3932; x_wconf 91' lang='lat' dir='ltr'><strong>mei</strong></span> <span class='ocrx_word' id='word_1_699' title='bbox 3220 3878 3274 3932; x_wconf 93' lang='lat' dir='ltr'><strong>in</strong></span> <span class='ocrx_word' id='word_1_700' title='bbox 3337 3885 3390 3931; x_wconf 91' lang='lat' dir='ltr'><strong>te</strong></span> 
     </span>
    </p>
   </div>
   <div class='ocr_carea' id='block_1_98' title="bbox 1812 3970 3382 4034">
    <p class='ocr_par' dir='ltr' id='par_1_98' title="bbox 1812 3970 3382 4034">
     <span class='ocr_line' id='line_1_98' title="bbox 1812 3970 3382 4034; baseline -0.001 -10"><span class='ocrx_word' id='word_1_701' title='bbox 1812 3972 2039 4033; x_wconf 89' lang='lat' dir='ltr'><strong>amoris,</strong></span> <span class='ocrx_word' id='word_1_702' title='bbox 2075 3971 2301 4025; x_wconf 83' lang='lat' dir='ltr'><strong>veritate</strong></span> <span class='ocrx_word' id='word_1_703' title='bbox 2333 3980 2511 4024; x_wconf 86' lang='lat' dir='ltr'><strong>tamen</strong></span> <span class='ocrx_word' id='word_1_704' title='bbox 2547 3981 2725 4025; x_wconf 88' lang='lat' dir='ltr'><strong>motus</strong></span> <span class='ocrx_word' id='word_1_705' title='bbox 2762 3971 2961 4034; x_wconf 90' lang='lat' dir='ltr'><strong>dicam,</strong></span> <span class='ocrx_word' id='word_1_706' title='bbox 2994 3970 3046 4023; x_wconf 92' lang='lat' dir='ltr'><strong>in</strong></span> <span class='ocrx_word' id='word_1_707' title='bbox 3084 3978 3232 4022; x_wconf 86' lang='lat' dir='ltr'><strong>tuam</strong></span> <span class='ocrx_word' id='word_1_708' title='bbox 3260 3985 3382 4023; x_wconf 84' lang='lat' dir='ltr'><strong>con-</strong></span> 
     </span>
    </p>
   </div>
   <div class='ocr_carea' id='block_1_99' title="bbox 1813 4064 2562 4119">
    <p class='ocr_par' dir='ltr' id='par_1_99' title="bbox 1813 4064 2562 4119">
     <span class='ocr_line' id='line_1_99' title="bbox 1813 4064 2562 4119; baseline -0.001 -1"><span class='ocrx_word' id='word_1_709' title='bbox 1813 4064 2217 4119; x_wconf 84' lang='lat' dir='ltr'><strong>dentnationem</strong></span> <span class='ocrx_word' id='word_1_710' title='bbox 2259 4071 2562 4119; x_wconf 80' lang='lat' dir='ltr'><strong>vertuntur.</strong></span> 
     </span>
    </p>
   </div>
   <div class='ocr_carea' id='block_1_100' title="bbox 2411 4385 2827 4443">
    <p class='ocr_par' dir='ltr' id='par_1_100' title="bbox 2411 4385 2827 4443">
     <span class='ocr_line' id='line_1_100' title="bbox 2411 4385 2827 4443; baseline -0.002 0"><span class='ocrx_word' id='word_1_711' title='bbox 2411 4386 2579 4443; x_wconf 74' lang='lat' dir='ltr'><strong>XXX.</strong></span> <span class='ocrx_word' id='word_1_712' title='bbox 2618 4385 2827 4442; x_wconf 76' lang='lat' dir='ltr'><strong>Eidem.</strong></span> 
     </span>
    </p>
   </div>
   <div class='ocr_carea' id='block_1_101' title="bbox 1890 4518 3395 4591">
    <p class='ocr_par' dir='ltr' id='par_1_101' title="bbox 1890 4518 3395 4591">
     <span class='ocr_line' id='line_1_101' title="bbox 1890 4518 3395 4591; baseline -0.007 -12"><span class='ocrx_word' id='word_1_713' title='bbox 1890 4524 2157 4591; x_wconf 84' lang='lat' dir='ltr'><strong>Quoniam</strong></span> <span class='ocrx_word' id='word_1_714' title='bbox 2193 4539 2221 4576; x_wconf 90' lang='lat' dir='ltr'><strong>a</strong></span> <span class='ocrx_word' id='word_1_715' title='bbox 2254 4530 2377 4585; x_wconf 88' lang='lat' dir='ltr'><strong>te,o</strong></span> <span class='ocrx_word' id='word_1_716' title='bbox 2409 4522 2647 4585; x_wconf 79' lang='lat' dir='ltr'><strong>lili,-non</strong></span> <span class='ocrx_word' id='word_1_717' title='bbox 2678 4520 2856 4587; x_wconf 81' lang='lat' dir='ltr'><strong>accepi</strong></span> <span class='ocrx_word' id='word_1_718' title='bbox 2892 4519 3122 4580; x_wconf 86' lang='lat' dir='ltr'><strong>litteras,</strong></span> <span class='ocrx_word' id='word_1_719' title='bbox 3156 4518 3271 4588; x_wconf 80' lang='lat' dir='ltr'><strong>ipse</strong></span> <span class='ocrx_word' id='word_1_720' title='bbox 3303 4532 3395 4570; x_wconf 87' lang='lat' dir='ltr'><strong>ca-</strong></span> 
     </span>
    </p>
   </div>
   <div class='ocr_carea' id='block_1_102' title="bbox 1818 4610 3395 4693">
    <p class='ocr_par' dir='ltr' id='par_1_102' title="bbox 1818 4610 3395 4693">
     <span class='ocr_line' id='line_1_102' title="bbox 1818 4610 3395 4693; baseline -0.008 -18"><span class='ocrx_word' id='word_1_721' title='bbox 1818 4621 1964 4683; x_wconf 90' lang='lat' dir='ltr'><strong>dem,</strong></span> <span class='ocrx_word' id='word_1_722' title='bbox 1996 4634 2115 4689; x_wconf 72' lang='lat' dir='ltr'><strong>qua:</strong></span> <span class='ocrx_word' id='word_1_723' title='bbox 2148 4625 2390 4671; x_wconf 73' lang='lat' dir='ltr'><strong>moverat</strong></span> <span class='ocrx_word' id='word_1_724' title='bbox 2424 4630 2531 4679; x_wconf 88' lang='lat' dir='ltr'><strong>me,</strong></span> <span class='ocrx_word' id='word_1_725' title='bbox 2556 4629 2720 4668; x_wconf 78' lang='lat' dir='ltr'><strong>causa</strong></span> <span class='ocrx_word' id='word_1_726' title='bbox 2751 4622 2805 4667; x_wconf 89' lang='lat' dir='ltr'><strong>et</strong></span> <span class='ocrx_word' id='word_1_727' title='bbox 2836 4628 2982 4667; x_wconf 88' lang='lat' dir='ltr'><strong>nunc</strong></span> <span class='ocrx_word' id='word_1_728' title='bbox 3004 4621 3182 4693; x_wconf 81' lang='lat' dir='ltr'><strong>motus</strong></span> <span class='ocrx_word' id='word_1_729' title='bbox 3210 4610 3395 4664; x_wconf 85' lang='lat' dir='ltr'><strong>scribo</strong></span> 
     </span>
    </p>
   </div>
   <div class='ocr_carea' id='block_1_103' title="bbox 1819 4704 3388 4773">
    <p class='ocr_par' dir='ltr' id='par_1_103' title="bbox 1819 4704 3388 4773">
     <span class='ocr_line' id='line_1_103' title="bbox 1819 4704 3388 4773; baseline -0.006 -6"><span class='ocrx_word' id='word_1_730' title='bbox 1819 4714 2027 4768; x_wconf 82' lang='lat' dir='ltr'><strong>scilicet</strong></span> <span class='ocrx_word' id='word_1_731' title='bbox 2070 4710 2244 4764; x_wconf 74' lang='lat' dir='ltr'><strong>felicis</strong></span> <span class='ocrx_word' id='word_1_732' title='bbox 2272 4724 2335 4762; x_wconf 88' lang='lat' dir='ltr'><strong>ac</strong></span> <span class='ocrx_word' id='word_1_733' title='bbox 2377 4706 2754 4761; x_wconf 82' lang='lat' dir='ltr'><strong>desiderabilis</strong></span> <span class='ocrx_word' id='word_1_734' title='bbox 2790 4706 2937 4773; x_wconf 86' lang='lat' dir='ltr'><strong>pacis</strong></span> <span class='ocrx_word' id='word_1_735' title='bbox 2991 4704 3193 4768; x_wconf 90' lang='lat' dir='ltr'><strong>studio,</strong></span> <span class='ocrx_word' id='word_1_736' title='bbox 3224 4718 3388 4772; x_wconf 89' lang='lat' dir='ltr'><strong>quam</strong></span> 
     </span>
    </p>
   </div>
   <div class='ocr_carea' id='block_1_104' title="bbox 1820 4796 3393 4869">
    <p class='ocr_par' dir='ltr' id='par_1_104' title="bbox 1820 4796 3393 4869">
     <span class='ocr_line' id='line_1_104' title="bbox 1820 4796 3393 4869; baseline -0.006 -11"><span class='ocrx_word' id='word_1_737' title='bbox 1820 4805 2014 4858; x_wconf 88' lang='lat' dir='ltr'><strong>tollens</strong></span> <span class='ocrx_word' id='word_1_738' title='bbox 2094 4802 2353 4869; x_wconf 90' lang='lat' dir='ltr'><strong>antiquus</strong></span> <span class='ocrx_word' id='word_1_739' title='bbox 2417 4798 2697 4852; x_wconf 88' lang='lat' dir='ltr'><strong>hominum</strong></span> <span class='ocrx_word' id='word_1_740' title='bbox 2770 4798 3023 4851; x_wconf 82' lang='lat' dir='ltr'><strong>inimicus</strong></span> <span class='ocrx_word' id='word_1_741' title='bbox 3093 4796 3393 4856; x_wconf 87' lang='lat' dir='ltr'><strong>diabolus,</strong></span> 
     </span>
    </p>
   </div>
   <div class='ocr_carea' id='block_1_105' title="bbox 1821 4888 3395 4967">
    <p class='ocr_par' dir='ltr' id='par_1_105' title="bbox 1821 4888 3395 4967">
     <span class='ocr_line' id='line_1_105' title="bbox 1821 4888 3395 4967; baseline -0.01 -12"><span class='ocrx_word' id='word_1_742' title='bbox 1821 4914 2025 4967; x_wconf 79' lang='lat' dir='ltr'><strong>magno</strong></span> <span class='ocrx_word' id='word_1_743' title='bbox 2067 4899 2336 4953; x_wconf 90' lang='lat' dir='ltr'><strong>bonorum</strong></span> <span class='ocrx_word' id='word_1_744' title='bbox 2370 4892 2699 4948; x_wconf 89' lang='lat' dir='ltr'><strong>detrimento</strong></span> <span class='ocrx_word' id='word_1_745' title='bbox 2724 4891 2989 4960; x_wconf 81' lang='lat' dir='ltr'><strong>Bulgaros</strong></span> <span class='ocrx_word' id='word_1_746' title='bbox 3018 4899 3071 4943; x_wconf 91' lang='lat' dir='ltr'><strong>et</strong></span> <span class='ocrx_word' id='word_1_747' title='bbox 3092 4888 3395 4949; x_wconf 77' lang='lat' dir='ltr'><strong>Romanos,</strong></span> 
     </span>
    </p>
   </div>
   <div class='ocr_carea' id='block_1_106' title="bbox 1818 4977 3391 5058">
    <p class='ocr_par' dir='ltr' id='par_1_106' title="bbox 1818 4977 3391 5058">
     <span class='ocr_line' id='line_1_106' title="bbox 1818 4977 3391 5058; baseline -0.011 -14"><span class='ocrx_word' id='word_1_748' title='bbox 1818 5005 2013 5058; x_wconf 87' lang='lat' dir='ltr'><strong>magno</strong></span> <span class='ocrx_word' id='word_1_749' title='bbox 2056 4988 2244 5043; x_wconf 80' lang='lat' dir='ltr'><strong>dolore</strong></span> <span class='ocrx_word' id='word_1_750' title='bbox 2295 4986 2574 5041; x_wconf 83' lang='lat' dir='ltr'><strong>Christum</strong></span> <span class='ocrx_word' id='word_1_751' title='bbox 2617 4985 2785 5039; x_wconf 91' lang='lat' dir='ltr'><strong>Deum</strong></span> <span class='ocrx_word' id='word_1_752' title='bbox 2853 4991 3100 5035; x_wconf 91' lang='lat' dir='ltr'><strong>nostrum</strong></span> <span class='ocrx_word' id='word_1_753' title='bbox 3170 4977 3391 5037; x_wconf 79' lang='lat' dir='ltr'><strong>all‘eeit,</strong></span> 
     </span>
    </p>
   </div>
   <div class='ocr_carea' id='block_1_107' title="bbox 1818 5069 3390 5150">
    <p class='ocr_par' dir='ltr' id='par_1_107' title="bbox 1818 5069 3390 5150">
     <span class='ocr_line' id='line_1_107' title="bbox 1818 5069 3390 5150; baseline -0.01 -15"><span class='ocrx_word' id='word_1_754' title='bbox 1818 5081 2013 5135; x_wconf 80' lang='lat' dir='ltr'><strong>ovibus</strong></span> <span class='ocrx_word' id='word_1_755' title='bbox 2064 5081 2185 5150; x_wconf 87' lang='lat' dir='ltr'><strong>ejus</strong></span> <span class='ocrx_word' id='word_1_756' title='bbox 2228 5078 2508 5133; x_wconf 87' lang='lat' dir='ltr'><strong>suadendo</strong></span> <span class='ocrx_word' id='word_1_757' title='bbox 2562 5086 2621 5129; x_wconf 94' lang='lat' dir='ltr'><strong>ut</strong></span> <span class='ocrx_word' id='word_1_758' title='bbox 2685 5075 2736 5127; x_wconf 93' lang='lat' dir='ltr'><strong>in</strong></span> <span class='ocrx_word' id='word_1_759' title='bbox 2801 5082 3042 5128; x_wconf 90' lang='lat' dir='ltr'><strong>mutuam</strong></span> <span class='ocrx_word' id='word_1_760' title='bbox 3097 5069 3390 5140; x_wconf 86' lang='lat' dir='ltr'><strong>perniciem</strong></span> 
     </span>
    </p>
   </div>
   <div class='ocr_carea' id='block_1_108' title="bbox 1816 5164 3390 5235">
    <p class='ocr_par' dir='ltr' id='par_1_108' title="bbox 1816 5164 3390 5235">
     <span class='ocr_line' id='line_1_108' title="bbox 1816 5164 3390 5235; baseline -0.01 -7"><span class='ocrx_word' id='word_1_761' title='bbox 1816 5173 2225 5229; x_wconf 83' lang='lat' dir='ltr'><strong>contenderent.</strong></span> <span class='ocrx_word' id='word_1_762' title='bbox 2280 5169 2397 5235; x_wconf 84' lang='lat' dir='ltr'><strong>Qua</strong></span> <span class='ocrx_word' id='word_1_763' title='bbox 2442 5167 2508 5221; x_wconf 87' lang='lat' dir='ltr'><strong>de</strong></span> <span class='ocrx_word' id='word_1_764' title='bbox 2566 5182 2625 5221; x_wconf 80' lang='lat' dir='ltr'><strong>re</strong></span> <span class='ocrx_word' id='word_1_765' title='bbox 2678 5165 2877 5235; x_wconf 68' lang='lat' dir='ltr'><strong>saepius</strong></span> <span class='ocrx_word' id='word_1_766' title='bbox 2907 5164 3101 5232; x_wconf 86' lang='lat' dir='ltr'><strong>scripsi</strong></span> <span class='ocrx_word' id='word_1_767' title='bbox 3148 5170 3202 5215; x_wconf 90' lang='lat' dir='ltr'><strong>et</strong></span> <span class='ocrx_word' id='word_1_768' title='bbox 3244 5174 3390 5213; x_wconf 92' lang='lat' dir='ltr'><strong>nunc</strong></span> 
     </span>
    </p>
   </div>
   <div class='ocr_carea' id='block_1_109' title="bbox 1816 5250 3394 5333">
    <p class='ocr_par' dir='ltr' id='par_1_109' title="bbox 1816 5250 3394 5333">
     <span class='ocr_line' id='line_1_109' title="bbox 1816 5250 3394 5333; baseline -0.01 -15"><span class='ocrx_word' id='word_1_769' title='bbox 1816 5264 2043 5333; x_wconf 80' lang='lat' dir='ltr'><strong>supplex</strong></span> <span class='ocrx_word' id='word_1_770' title='bbox 2088 5261 2292 5325; x_wconf 87' lang='lat' dir='ltr'><strong>scribo,</strong></span> <span class='ocrx_word' id='word_1_771' title='bbox 2330 5259 2604 5329; x_wconf 73' lang='lat' dir='ltr'><strong>perceptis</strong></span> <span class='ocrx_word' id='word_1_772' title='bbox 2628 5258 2792 5311; x_wconf 89' lang='lat' dir='ltr'><strong>etiam</strong></span> <span class='ocrx_word' id='word_1_773' title='bbox 2843 5269 2993 5309; x_wconf 89' lang='lat' dir='ltr'><strong>nunc</strong></span> <span class='ocrx_word' id='word_1_774' title='bbox 3047 5267 3179 5306; x_wconf 87' lang='lat' dir='ltr'><strong>aure</strong></span> <span class='ocrx_word' id='word_1_775' title='bbox 3225 5250 3394 5320; x_wconf 86' lang='lat' dir='ltr'><strong>gratis</strong></span> 
     </span>
    </p>
   </div>
   <div class='ocr_carea' id='block_1_110' title="bbox 1817 5346 3396 5419">
    <p class='ocr_par' dir='ltr' id='par_1_110' title="bbox 1817 5346 3396 5419">
     <span class='ocr_line' id='line_1_110' title="bbox 1817 5346 3396 5419; baseline -0.008 -9"><span class='ocrx_word' id='word_1_776' title='bbox 1817 5358 1926 5410; x_wconf 87' lang='lat' dir='ltr'><strong>tnis</strong></span> <span class='ocrx_word' id='word_1_777' title='bbox 1975 5353 2345 5414; x_wconf 87' lang='lat' dir='ltr'><strong>sermonibus,</strong></span> <span class='ocrx_word' id='word_1_778' title='bbox 2382 5365 2521 5419; x_wconf 90' lang='lat' dir='ltr'><strong>quos</strong></span> <span class='ocrx_word' id='word_1_779' title='bbox 2551 5349 2814 5403; x_wconf 89' lang='lat' dir='ltr'><strong>continuo</strong></span> <span class='ocrx_word' id='word_1_780' title='bbox 2844 5346 3098 5411; x_wconf 91' lang='lat' dir='ltr'><strong>meditor,</strong></span> <span class='ocrx_word' id='word_1_781' title='bbox 3129 5352 3396 5414; x_wconf 87' lang='lat' dir='ltr'><strong>quotquot</strong></span> 
     </span>
    </p>
   </div>
   <div class='ocr_carea' id='block_1_111' title="bbox 1818 5436 3390 5517">
    <p class='ocr_par' dir='ltr' id='par_1_111' title="bbox 1818 5436 3390 5517">
     <span class='ocr_line' id='line_1_111' title="bbox 1818 5436 3390 5517; baseline -0.009 -16"><span class='ocrx_word' id='word_1_782' title='bbox 1818 5450 2001 5517; x_wconf 77' lang='lat' dir='ltr'><strong>lingua</strong></span> <span class='ocrx_word' id='word_1_783' title='bbox 2034 5444 2271 5515; x_wconf 88' lang='lat' dir='ltr'><strong>prudens</strong></span> <span class='ocrx_word' id='word_1_784' title='bbox 2306 5452 2394 5495; x_wconf 82' lang='lat' dir='ltr'><strong>tua</strong></span> <span class='ocrx_word' id='word_1_785' title='bbox 2443 5456 2549 5495; x_wconf 92' lang='lat' dir='ltr'><strong>non</strong></span> <span class='ocrx_word' id='word_1_786' title='bbox 2587 5440 2761 5493; x_wconf 90' lang='lat' dir='ltr'><strong>solum</strong></span> <span class='ocrx_word' id='word_1_787' title='bbox 2790 5440 2855 5493; x_wconf 88' lang='lat' dir='ltr'><strong>ad</strong></span> <span class='ocrx_word' id='word_1_788' title='bbox 2892 5453 3011 5502; x_wconf 91' lang='lat' dir='ltr'><strong>nos,</strong></span> <span class='ocrx_word' id='word_1_789' title='bbox 3047 5437 3138 5491; x_wconf 90' lang='lat' dir='ltr'><strong>sed</strong></span> <span class='ocrx_word' id='word_1_790' title='bbox 3174 5436 3242 5489; x_wconf 90' lang='lat' dir='ltr'><strong>ad</strong></span> <span class='ocrx_word' id='word_1_791' title='bbox 3283 5436 3390 5488; x_wconf 90' lang='lat' dir='ltr'><strong>im-</strong></span> 
     </span>
    </p>
   </div>
   <div class='ocr_carea' id='block_1_112' title="bbox 1816 5529 3387 5609">
    <p class='ocr_par' dir='ltr' id='par_1_112' title="bbox 1816 5529 3387 5609">
     <span class='ocr_line' id='line_1_112' title="bbox 1816 5529 3387 5609; baseline -0.007 -18"><span class='ocrx_word' id='word_1_792' title='bbox 1816 5549 2119 5609; x_wconf 80' lang='lat' dir='ltr'><strong>peratorem</strong></span> <span class='ocrx_word' id='word_1_793' title='bbox 2158 5545 2404 5588; x_wconf 87' lang='lat' dir='ltr'><strong>nostrum</strong></span> <span class='ocrx_word' id='word_1_794' title='bbox 2437 5534 2599 5585; x_wconf 85' lang='lat' dir='ltr'><strong>Deunt</strong></span> <span class='ocrx_word' id='word_1_795' title='bbox 2647 5542 2917 5585; x_wconf 88' lang='lat' dir='ltr'><strong>amantem</strong></span> <span class='ocrx_word' id='word_1_796' title='bbox 2947 5529 3194 5600; x_wconf 85' lang='lat' dir='ltr'><strong>protulit,</strong></span> <span class='ocrx_word' id='word_1_797' title='bbox 3223 5541 3387 5598; x_wconf 87' lang='lat' dir='ltr'><strong>quem</strong></span> 
     </span>
    </p>
   </div>
   <div class='ocr_carea' id='block_1_113' title="bbox 1817 5622 3386 5696">
    <p class='ocr_par' dir='ltr' id='par_1_113' title="bbox 1817 5622 3386 5696">
     <span class='ocr_line' id='line_1_113' title="bbox 1817 5622 3386 5696; baseline -0.008 -11"><span class='ocrx_word' id='word_1_798' title='bbox 1817 5632 1929 5685; x_wconf 82' lang='lat' dir='ltr'><strong>scio</strong></span> <span class='ocrx_word' id='word_1_799' title='bbox 1957 5645 1985 5682; x_wconf 90' lang='lat' dir='ltr'><strong>a</strong></span> <span class='ocrx_word' id='word_1_800' title='bbox 2019 5639 2087 5693; x_wconf 89' lang='lat' dir='ltr'><strong>te,</strong></span> <span class='ocrx_word' id='word_1_801' title='bbox 2106 5643 2167 5682; x_wconf 79' lang='lat' dir='ltr'><strong>es</strong></span> <span class='ocrx_word' id='word_1_802' title='bbox 2194 5642 2304 5696; x_wconf 90' lang='lat' dir='ltr'><strong>quo</strong></span> <span class='ocrx_word' id='word_1_803' title='bbox 2335 5626 2485 5680; x_wconf 90' lang='lat' dir='ltr'><strong>illum</strong></span> <span class='ocrx_word' id='word_1_804' title='bbox 2520 5625 2698 5679; x_wconf 65' lang='lat' dir='ltr'><strong>vidisti</strong></span> <span class='ocrx_word' id='word_1_805' title='bbox 2724 5624 2975 5693; x_wconf 88' lang='lat' dir='ltr'><strong>illiusque</strong></span> <span class='ocrx_word' id='word_1_806' title='bbox 2995 5622 3386 5692; x_wconf 85' lang='lat' dir='ltr'><strong>benignitatem</strong></span> 
     </span>
    </p>
   </div>
   <div class='ocr_carea' id='block_1_114' title="bbox 1816 5714 3389 5791">
    <p class='ocr_par' dir='ltr' id='par_1_114' title="bbox 1816 5714 3389 5791">
     <span class='ocr_line' id='line_1_114' title="bbox 1816 5714 3389 5791; baseline -0.005 -17"><span class='ocrx_word' id='word_1_807' title='bbox 1816 5732 2074 5791; x_wconf 76' lang='lat' dir='ltr'><strong>expertus</strong></span> <span class='ocrx_word' id='word_1_808' title='bbox 2102 5736 2161 5775; x_wconf 88' lang='lat' dir='ltr'><strong>cs</strong></span> <span class='ocrx_word' id='word_1_809' title='bbox 2193 5719 2363 5773; x_wconf 80' lang='lat' dir='ltr'><strong>fuisse</strong></span> <span class='ocrx_word' id='word_1_810' title='bbox 2393 5725 2632 5770; x_wconf 85' lang='lat' dir='ltr'><strong>amatum</strong></span> <span class='ocrx_word' id='word_1_811' title='bbox 2665 5727 2715 5771; x_wconf 88' lang='lat' dir='ltr'><strong>et</strong></span> <span class='ocrx_word' id='word_1_812' title='bbox 2749 5733 2892 5771; x_wconf 87' lang='lat' dir='ltr'><strong>nunc</strong></span> <span class='ocrx_word' id='word_1_813' title='bbox 2931 5717 3122 5770; x_wconf 86' lang='lat' dir='ltr'><strong>amari.</strong></span> <span class='ocrx_word' id='word_1_814' title='bbox 3154 5714 3389 5778; x_wconf 75' lang='lat' dir='ltr'><strong>Etenim,</strong></span> 
     </span>
    </p>
   </div>
   <div class='ocr_carea' id='block_1_115' title="bbox 1815 5809 3373 5883">
    <p class='ocr_par' dir='ltr' id='par_1_115' title="bbox 1815 5809 3373 5883">
     <span class='ocr_line' id='line_1_115' title="bbox 1815 5809 3373 5883; baseline -0.005 -14"><span class='ocrx_word' id='word_1_815' title='bbox 1815 5818 1886 5869; x_wconf 85' lang='lat' dir='ltr'><strong>liii</strong></span> <span class='ocrx_word' id='word_1_816' title='bbox 1953 5817 2023 5871; x_wconf 92' lang='lat' dir='ltr'><strong>mi</strong></span> <span class='ocrx_word' id='word_1_817' title='bbox 2061 5855 2074 5875; x_wconf 86' lang='lat'><strong>,</strong></span> <span class='ocrx_word' id='word_1_818' title='bbox 2130 5828 2313 5883; x_wconf 79' lang='lat' dir='ltr'><strong>pacem</strong></span> <span class='ocrx_word' id='word_1_819' title='bbox 2376 5812 2423 5867; x_wconf 80' lang='lat' dir='ltr'><strong>ei</strong></span> <span class='ocrx_word' id='word_1_820' title='bbox 2482 5810 2779 5881; x_wconf 75' lang='lat' dir='ltr'><strong>promisisti</strong></span> <span class='ocrx_word' id='word_1_821' title='bbox 2827 5818 2879 5864; x_wconf 80' lang='lat' dir='ltr'><strong>ct</strong></span> <span class='ocrx_word' id='word_1_822' title='bbox 2935 5811 3161 5865; x_wconf 77' lang='lat' dir='ltr'><strong>czcdium</strong></span> <span class='ocrx_word' id='word_1_823' title='bbox 3211 5809 3373 5867; x_wconf 76' lang='lat' dir='ltr'><strong>tinem</strong></span> 
     </span>
    </p>
   </div>
  </div>
