4182 6428
776 398 873 463 191

773 606 827 658 in
856 615 906 658 te
942 605 1185 660 clemens
1219 605 1338 670 fuit,
1371 616 1425 661 et
1454 610 1691 678 gladium
1724 613 1907 683 iniqua
1942 626 1993 669 et
2022 618 2226 686 injusta
2260 637 2354 691 ag-

770 700 1054 767 gressione
1086 701 1346 766 agitatum
1377 718 1403 755 a
1436 714 1487 757 te
1526 704 1578 757 in
1604 721 1807 774 equum
1856 711 2027 765 averti
2070 715 2263 779 voluit,
2299 727 2359 769 ut

772 793 1077 845 Inonereris
1126 808 1234 847 non
1264 795 1488 848 victoria
1518 799 1809 853 iuunodice
1839 803 2085 870 gloriari.
2120 808 2216 861 sed
2252 809 2352 863 hu-

770 892 997 931 ntanaru
1009 895 1056 930 m
1082 896 1262 933 rerum
1282 883 1621 949 meminisse,
1642 892 2025 963 modestosque
2043 910 2239 953 sensus
2259 900 2355 954 ha-

771 970 917 1031 bere,
956 986 1132 1041 neque
1166 972 1327 1027 rebus
1360 990 1483 1043 quae
1514 979 1767 1034 videntur
1815 998 2088 1054 prospera:
2126 993 2353 1047 omnino

769 1078 902 1116 oecu
912 1065 1050 1132 pari,
1063 1068 1154 1120 sed
1179 1068 1341 1121 etiam
1366 1072 1429 1123 ad
1442 1073 1610 1127 versis
1624 1090 1744 1141 quae
1760 1091 1821 1130 su
1833 1077 1943 1133 bito
1965 1081 2215 1138 homines
2230 1101 2351 1139 cor-

773 1153 977 1222 ripiunt
1012 1158 1311 1216 intendere.
1337 1160 1482 1214 Cave
1500 1164 1633 1216 nein
1658 1164 1800 1219 bello
1819 1170 1963 1237 quod
1987 1186 2051 1225 ex
2072 1173 2351 1231 voluntate

771 1247 825 1300 in
851 1250 1061 1314 mperis
1090 1266 1106 1316 ;
1131 1250 1346 1319 gladius
1370 1264 1440 1314 te.
1474 1257 1619 1323 quod
1647 1257 1714 1311 de
1737 1274 1954 1328 precor,
1997 1279 2104 1318 non
2135 1281 2334 1336 equum

776 1339 980 1393 animal
1056 1342 1360 1411 insipiens,
1435 1347 1691 1403 incutiat.
1751 1356 2022 1409 Accurate
2069 1356 2188 1428 lege
2232 1376 2355 1429 qua:

768 1433 992 1501 scripsi,
1024 1443 1077 1489 et
1107 1450 1170 1490 ex
1208 1438 1437 1506 epistola
1492 1441 1559 1495 ad
1607 1451 1850 1497 veterum
1898 1447 2185 1518 historias,
2219 1470 2356 1523 quas

768 1528 885 1580 seio
926 1540 977 1581 te
1006 1544 1243 1593 versare,
1280 1535 1599 1601 rctrocede;
1633 1544 1687 1589 et
1717 1549 1907 1607 reputa
1934 1543 2216 1601 victoriam
2250 1566 2355 1603 non

769 1634 984 1689 semper
1045 1630 1191 1676 tuam
1233 1624 1488 1693 futuram,
1534 1630 1629 1684 sed
1680 1640 1736 1685 et
1795 1635 2004 1691 cladem
2060 1655 2227 1710 prope
2282 1644 2360 1698 in-

768 1720 934 1765 stare.
966 1712 1055 1769 Sic
1100 1717 1164 1768 ad
1207 1718 1618 1788 objurgationes
1660 1726 1985 1794 respondeo.

1911 411 2218 473 NiCOLAl
2260 417 2373 479 (ΣΡ.
2414 421 2925 488 PA'l‘llIAllCll/E

773 513 1116 581 imperabant
1138 522 1325 569 contra
1353 515 1619 571 rationem
1655 518 1874 576 fuerant
1907 530 2173 595 aggressi.
2209 528 2348 583 Deus

2458 537 2700 607 Ιιρόσχες
2732 538 2815 604 οἷς
2848 543 3105 615 λέγομεν,

3942 430 4049 495 ιο]

3154 546 3284 612 ἴσως
3320 550 3429 621 γὰρ
3479 551 3537 603 ἐν
3561 555 3733 619 τούτῳ
3764 552 4047 620 φρονίμως

2462 630 2554 680 καὶ
2603 633 2977 702 στοχαζόμεθα
3006 638 3100 689 καὶ
3158 639 3534 708 φθεγγόμεθα.
3588 642 3809 712 Ἐπειδὴ
3852 642 3959 712 γὰρ
3993 644 4045 694 οἱ

2460 722 2603 773 κατὰ
2641 722 2733 773 τὸν
2769 726 2961 793 καιρὸν
3004 728 3214 780 ἐκεῖνον
3272 728 3384 781 τῶν
3416 731 3761 799 πραγμάτων
3793 732 3890 800 τὴν
3935 750 4036 784 κυ-

2464 814 2688 884 ριότητα
2714 817 3187 889 ἐγκεχειρισμένοι
3243 823 3574 892 παραλόγως
3626 824 3726 894 τὴν
3777 824 3917 877 κατά
3943 822 4044 876 σοῦ

2462 907 2788 977 ἐποιήσαντο
2820 910 3058 981 κίνησιν,
3095 912 3289 982 ἔτυχες
3337 916 3439 983 τῆς
3490 914 3701 968 ἄνωθεν
3730 916 4043 983 εὐμενείας,

2462 998 2559 1051 καὶ
2582 1001 2681 1069 τὴν
2712 1001 2925 1073 πληγὴν
2963 1004 3055 1056 τοῦ
3106 1005 3295 1075 ξίφους
3348 1007 3696 1079 ἀπέστρεψεν
3734 1009 3842 1060 ἀπὸ
3874 1009 3967 1061 σού
4010 1013 4044 1079 ἡ

2460 1089 2569 1142 τῶν
2594 1094 2972 1161 κεκινημένων
2998 1097 3119 1149 τότε
3154 1097 3467 1166 παράλογος
3498 1097 3644 1169 ὁρμὴ
3686 1102 3779 1152 καὶ
3810 1102 3959 1169 παρά
3984 1100 4049 1153 τὸ

2457 1182 2685 1250 δίκαιον,
2717 1188 2916 1258 ἠνέχθη
2958 1188 3014 1241 δὲ
3036 1190 3176 1242 κατά
3201 1190 3296 1243 τοῦ
3353 1193 3584 1261 κτήνους
3626 1194 3658 1263 ή
3690 1194 3870 1263 πληγή
3909 1210 3923 1224 θ
3954 1195 4042 1246 ἵνα

2460 1276 2625 1329 πάλιν
2656 1278 2947 1350 παιδευθῇς
2980 1281 3054 1351 μὴ
3086 1281 3357 1353 ἀλογίστῳ
3397 1284 3629 1354 ἐπάρσει
3658 1287 3931 1356 ἐντρυτᾷν
3972 1290 4039 1354 τῇ

2454 1370 2603 1440 νίκῃ,
2642 1370 2779 1423 ἀλλά
2813 1373 3129 1442 μεμνῆσθαι
3164 1374 3273 1427 τῶν
3308 1374 3668 1445 ἀνθρωπίνων
3696 1379 4046 1447 πραγμάτων

2456 1462 2552 1513 καὶ
2584 1465 3019 1531 μετριοφρονεῖν’
3052 1464 3147 1516 καὶ
3171 1465 3246 1533 μὴ
3274 1464 3410 1528 ὅλως
3430 1466 3677 1532 γίνεσθαι
3705 1467 3800 1518 τοῦ
3826 1466 4049 1519 δοκοῦνο

2455 1571 2545 1616 τος
2586 1555 2989 1623 εὐτυχήματος,
3040 1555 3176 1607 ἀλλά
3211 1557 3306 1608 καὶ
3358 1558 3493 1626 προς
3544 1560 3610 1611 τὰ
3672 1560 4051 1627 συμϐαίνοντα

2465 1649 2580 1708 τοῖς
2628 1645 2941 1717 ἀνθρώποις
2969 1647 3362 1717 δυστυχήματα
3392 1652 3485 1701 τὶν
3514 1651 3638 1703 νοῦν
3670 1651 4047 1717 ἐπιστρέφειν.

2396 1741 2437 1795 Β
2468 1739 2673 1808 Σκέψαι
2708 1739 2771 1805 δὴ
2804 1741 3034 1807 μήποτε
3059 1738 3153 1790 τοῦ
3219 1740 3461 1809 πολέμου
3502 1743 3599 1795 νῦν
3645 1742 3928 1810 μέλλοντος
3958 1742 4057 1795 διὰ

771 1808 828 1861 σὲ
882 1808 981 1878 τὴν
1058 1810 1237 1864 αἰτίαν
1285 1814 1611 1881 λαμϐάνειν;
1660 1821 1759 1872 οὐκ
1813 1823 1907 1875 ἐπὶ
1954 1827 2046 1878 τὸν
2084 1829 2271 1897 ἵππον,
2299 1836 2399 1889 ούκ
2431 1839 2525 1889 ἐπὶ
2584 1838 2644 1889 τὸ
2682 1835 2901 1903 κτῆνος,
2933 1835 3048 1886 ἀλλ’
3080 1837 3172 1887 ἐπὶ
3197 1836 3276 1899 as,
3307 1838 3443 1905 ὅπερ
3474 1838 3814 1906 ἀπεύχομαι,
3847 1840 3878 1905 ἡ
3908 1837 4055 1905 πλη-

768 1902 840 1967 γὴ
870 1902 1086 1970 φθᾶσει.
1144 1908 1491 1974 ’Λνάγνωτον
1540 1910 1880 1980 ἐπιμελῶςᾶ
1935 1919 2216 1989 γέγραφα,
2263 1927 2357 1979 καὶ
2395 1928 2461 1979 ἐκ
2491 1926 2700 1980 τούτων
2734 1902 2871 1997 πρὸς
2902 1928 3001 1989 τὰς
3064 1902 3429 1999 παλαιοτέρας
3472 1902 3712 1999 ἱστορίας
3748 1947 3761 1959 ⁸
3794 1927 3910 1984 οἶδα
3936 1933 4057 2001 γὰρ

766 1998 847 2048 ὅτι
901 2001 993 2050 καὶ
1041 2000 1246 2064 ταύτας
1321 2004 1379 2055 ἐν
1433 2003 1637 2075 μελέτῃ
1696 2011 1846 2078 ποιῇ,
1894 2010 2131 2083 ἀνάϐηθι
2170 2034 2184 2047 ·

2236 2020 2330 2071 καὶ
2385 2020 2458 2089 μὴ
2545 2022 2733 2089 νόμιζε
2812 2020 3045 2072 πάντοτε
3110 2021 3250 2088 μετά
3320 2020 3414 2073 σοῦ
3481 2024 3579 2090 τὴν
3659 2024 3816 2091 νίκην
3885 2021 4062 2081 εἶναι,

765 2082 901 2139 ἀλλά
955 2092 1051 2144 καὶ
1126 2088 1296 2165 ἧτταν
1350 2096 1565 2163 λογίζου
1633 2102 1776 2152 κατά
1840 2103 2007 2166 πόδας
2071 2107 2435 2164 ἀκολουθεῖν
2509 2113 2646 2166 ἀλλά
2688 2113 2945 2166 τοσοῦτον
2999 2112 3098 2183 μὲν
3162 2113 3291 2181 περὶ
3328 2112 3426 2180 τῆς
3484 2114 3620 2166 καθ’
3672 2115 3820 2183 ἡμᾶς
3886 2117 4065 2185 εἰρω-

768 2198 937 2245 νειας.

834 2278 1069 2350 Jamjam
1123 2295 1303 2341 autem
1337 2287 1404 2342 ad
1440 2296 1491 2344 te
1547 2291 1841 2349 scribimus
1889 2300 2042 2363 talia,
2093 2305 2355 2372 qualibus

766 2389 951 2428 coram
988 2378 1077 2445 pio
1108 2392 1171 2433 ac
1203 2381 1461 2449 religioso
1500 2384 1829 2450 imperatore
1879 2401 2072 2448 nostro
2101 2395 2355 2467 illiusque

767 2479 960 2525 senatu
1014 2471 1194 2538 ipsum
1228 2474 1616 2541 imperatorem
1665 2478 1731 2533 de
1757 2481 1902 2535 caede
1945 2487 2128 2552 pepuli
2165 2489 2250 2542 sui
2304 2500 2359 2546 et

768 2572 961 2631 gentes
1004 2562 1361 2631 Bulgarorum
1418 2567 1704 2622 hortamur
1739 2571 2236 2650 deprecamurquc,
2298 2595 2356 2638 ut

767 2650 1049 2719 patientire
1096 2663 1151 2708 et
1180 2654 1618 2725 longanimitate,
1678 2661 1791 2718 Deo
1819 2666 2134 2736 adjuvante,
2174 2674 2353 2729 indul—

766 2751 913 2809 geat,
945 2759 1119 2812 neque
1152 2762 1284 2802 suos
1307 2763 1500 2804 omnes
1539 2753 1603 2805 ad
1634 2757 2057 2825 aggrediendum
2087 2762 2348 2834 Bulgaros

767 2847 820 2885 m
845 2845 1003 2887 iveat.
1040 2834 1285 2891 Prmdico
1322 2840 1514 2905 Deum,
1538 2843 1755 2898 illorum
1780 2862 2108 2914 procurante
2143 2856 2353 2922 patien-

768 2924 864 2986 tia,
907 2940 1002 2978 cor
1056 2929 1199 2998 regis
1232 2930 1593 3000 Bulgarorum
1629 2944 2066 3009 lacturum,.qui
2106 2955 2350 2999 mentem

768 3016 837 3070 ad
890 3018 1030 3071 bona
1083 3023 1233 3090 pacis
1265 3036 1570 3090 convertet,
1633 3031 1922 3100 priseoque
1978 3048 2160 3088 rerum
2209 3046 2351 3090 statu

774 3109 991 3163 reddito
1022 3114 1301 3180 gaudebit.
1332 3114 1527 3171 Noster
1551 3132 1730 3173 autem
1762 3122 2058 3188 humanus,
2096 3142 2353 3184 mansuc-

769 3208 861 3253 tus
896 3203 1431 3275 benignissimusque
1474 3210 1770 3277 imperator
1820 3217 2027 3279 (verbis
2060 3221 2199 3273 meis
2229 3237 2352 3276 cre-

768 3289 885 3356 des,
906 3293 999 3359 qui
1028 3304 1122 3348 tuo
1148 3300 1525 3366 experimento
1550 3303 1693 3357 illius
1727 3306 2004 3369 ingenium
2034 3310 2348 3379 benignum,

766 3395 1111 3440 mansuetum
1143 3389 1380 3459 miteque
1412 3395 1635 3465 novisti)
1665 3396 2070 3457 hortationibus
2123 3406 2349 3471 annuit;

766 3476 949 3533 omnis
1008 3495 1139 3532 vero
1169 3493 1430 3551 senatus,
1478 3489 1768 3559 omnisque
1813 3492 2030 3557 civitas,
2087 3497 2182 3550 sed
2215 3500 2347 3566 quid

767 3567 913 3626 dico.
946 3571 1142 3626 civitas
1168 3573 1191 3625 ?
1217 3590 1411 3631 omnes
1444 3578 1658 3647 imperii
1687 3584 1868 3651 populi
1895 3598 2223 3655 repugnant,
2256 3606 2351 3645 ne-

769 3668 962 3725 gantes
1013 3675 1073 3714 se
1121 3660 1328 3718 diutius
1363 3675 1566 3720 tantam
1606 3670 1961 3741 Bulgarorum
2015 3675 2346 3734 dementiam

770 3749 1146 3817 toleraturos,
1201 3763 1294 3807 aut.
1351 3773 1574 3813 suorum
1628 3764 2177 3837 propinquorumque
2233 3772 2349 3824 rui-

765 3854 916 3906 nam,
958 3856 1022 3897 ac
1072 3847 1352 3913 regionum
1401 3866 1627 3903 suorum
1664 3858 2083 3924 occupationem
2131 3861 2341 3914 oblituc

767 3946 889 3997 ros;
928 3934 1249 4006 dicuntque,
1284 3943 1503 4008 quando
1543 3946 1765 4014 quidem
1796 3952 2136 4017 pereundum
2173 3965 2340 4018 esset,

766 4038 826 4077 se
865 4023 1226 4095 Bulgarorum
1262 4035 1574 4101 superbiam
1601 4039 1912 4096 attrituros.
1947 4041 2221 4098 Cancrum
2250 4064 2349 4116 pro

770 4122 921 4168 certo
946 4114 1151 4173 habeas
1188 4124 1464 4179 exercitus
1487 4166 1501 4189 ,
1538 4142 1843 4198 omnesque
1900 4134 2104 4203 quibus
2158 4154 2353 4194 manus

767 4214 855 4259 sat
908 4210 1123 4277 validae,
1150 4227 1341 4269 contra
1373 4225 1443 4281 te,
1489 4219 1532 4271 si
1580 4229 1670 4273 tua
1711 4222 1763 4274 in
1798 4224 1923 4277 belli
1958 4228 2198 4295 pernicie
2231 4246 2357 4299 per-

767 4300 969 4368 stiterit
1002 4305 1271 4373 voluntas,
1296 4326 1418 4362 cum
1451 4312 1601 4379 justo
1618 4314 1708 4368 Dei
1740 4318 1945 4371 auxilio
1972 4334 2357 4386 processuros.

2530 2305 2608 2358 Τὰ
2633 2305 2690 2357 δὲ
2724 2303 2977 2355 ἐντεῦθεν
3017 2303 3243 2356 τοιαῦτα
3295 2304 3433 2371 πρὸς
3476 2304 3535 2356 σὲ
3598 2306 3910 2374 γράφομεν,
3960 2304 4063 2359 οἷα

2457 2397 2551 2448 καὶ
2594 2395 2731 2465 πρὸς
2751 2396 2839 2447 τὸν
2871 2395 3071 2464 εὐσεϐῆ
3100 2396 3195 2448 καὶ
3224 2394 3575 2466 φιλόχριστον
3612 2397 3767 2466 ήμῶν
3794 2398 4054 2467 βασιλέα,

2458 2492 2549 2539 καὶ
2588 2488 2725 2558 πρὸς
2753 2488 2852 2558 τὴν
2886 2488 3192 2556 σύγκλητον
3258 2487 3427 2539 αὑτοῦ
3481 2490 3616 2540 καθ’
3647 2490 3888 2558 ἑκάστην
3950 2494 4062 2543 καὶ

2459 2581 2838 2649 παραινοῦμεν
2870 2582 2964 2631 καὶ
3001 2579 3319 2645 ἱκετεύομεν
3375 2581 3473 2632 τὸν
3508 2581 3854 2651 φιλόχριστον
3885 2583 4060 2652 ἡμῶν

2464 2671 2691 2740 βασιλέα
2715 2674 2808 2724 καὶ
2838 2672 2939 2740 τῆς
2984 2673 3199 2741 σφαγῆς
3242 2672 3338 2724 τοῦ
3367 2672 3503 2724 λαοῦ
3553 2674 3742 2739 αὑτοῦ,
3792 2675 3886 2727 καὶ
3945 2678 4061 2746 τῆς

2463 2764 2678 2833 συαγῆς
2740 2763 2835 2815 τοῦ
2888 2765 3215 2833 Βουλγάρων
3277 2764 3494 2832 γένους,
3555 2768 3650 2819 καὶ
3710 2768 3895 2820 δοὶναι
3949 2773 4061 2823 καὶ

2458 2856 2539 2907 ἐτι
2571 2858 2737 2924 ἀνοχῇ
2770 2856 2865 2907 καὶ
2904 2856 3262 2928 μακροθυμίᾳ
3323 2857 3419 2910 σὺν
3453 2861 3519 2928 τῇ
3554 2859 3760 2912 ἀνωθεν
3818 2862 4060 2933 προνοίᾳ⁵

2452 2949 2514 2997 τὸ
2546 2945 2929 3014 φιλάνθρωπον
2959 2945 3124 2998 αὐτοῦ
3158 2946 3439 3015 φρόνημα,
3488 2949 3579 2997 καὶ
3621 2947 3695 3017 μὴ
3754 2949 4053 3016 πάνδημον

2455 3037 2816 3106 ἐκστρατείαν
2872 3037 3094 3105 ποιῆσαι
3132 3036 3271 3089 κατά
3325 3036 3419 3089 τοῦ
3461 3034 3781 3103 Βουλγάρων
3830 3036 4055 3098 ἔθνους.

2455 3132 2610 3199 Τάχα
2665 3131 2754 3183 διὰ
2788 3129 2890 3198 τῆς
2924 3129 3078 3197 ὑμῶν
3118 3128 3503 3199 μακροθυμίας
3532 3128 3727 3195 ἅψεται
3759 3128 3891 3189 Θεὸς
3944 3129 4057 3196 τῆς

2459 3223 2685 3293 καρδίας
2718 3221 2812 3274 τοῦ
2843 3221 2953 3273 τῶν
2986 3221 3314 3291 Βουλγάρων
3347 3221 3775 3284 ὲξουσιάζοντος,
3798 3220 3893 3272 καὶ
3912 3222 4056 3273 ἀπο⁴

2459 3314 2646 3385 ϐλέψει
2680 3314 2816 3383 πρὸς
2859 3313 2919 3366 τὸ
2969 3314 3133 3365 καλὸν
3165 3315 3262 3380 τῆς
3294 3314 3541 3382 εἰρήνης,
3607 3314 3700 3365 καὶ
3756 3314 4053 3380 ἀγαπήσει

2456 3408 2555 3478 τὴν
2581 3408 2818 3477 ἀρχαίαν
2864 3404 3070 3476 ταύτης
3131 3404 3489 3457 κατάστασιν.
3523 3404 3634 3457 Καὶ
3669 3404 3697 3456 ὃ
3736 3420 3797 3466 γε
3851 3403 4060 3472 φιλάν-

2456 3500 2673 3571 θρωπος
2727 3500 2819 3551 καὶ
2871 3499 3118 3568 ἐπιεικὴς
3176 3498 3269 3549 καὶ
3314 3496 3517 3564 ἀγαθὸς
3575 3495 3730 3565 ήμῶν
3765 3495 4055 3564 βασιλεὺς,

2456 3591 2675 3653 πάντως
2708 3589 2765 3642 δὲ
2801 3589 2898 3658 οὐχ
2931 3587 3262 3651 ὑποπτεύεις
3314 3587 3349 3641 ἀ
3402 3587 3635 3656 λέγομεν
3670 3602 3684 3615 ·
3710 3586 3888 3653 εγνως
3936 3588 4059 3656 γὰρ

2455 3679 2552 3729 καὶ
2645 3677 2810 3741 αὐτὸς
2883 3678 3052 3748 πείρᾳ
3138 3678 3245 3746 ἰδία
3346 3677 3445 3747 τὴν
3513 3676 3680 3729 αὑτοῦ
3766 3678 4059 3730 ἐπιείκιαν

2453 3772 2548 3821 καὶ
2630 3770 2691 3822 τὸ
2763 3771 2938 3840 πρᾶον
3016 3772 3109 3823 καὶ
3173 3771 3386 3840 ἥμερον
3458 3769 3558 3837 τῆς
3639 3769 3819 3839 ψυχῆς
3857 3808 3874 3832 ,
3948 3774 4062 3822 καὶ

2452 3859 2699 3912 πείθεται
2771 3862 2866 3914 καὶ
2940 3862 3158 3913 ὑπείκει
3225 3864 3340 3923 τοῖς
3411 3861 3586 3928 λόγοις
3661 3862 3848 3931 ἡμῶν.
3909 3860 4060 3915 Ἀλλ’

2450 3955 2482 4024 ή
2514 3951 2815 4022 σύγκλητος
2848 3953 3055 4017 ἅπασα,
3084 3956 3178 4008 καὶ
3203 3953 3341 4024 eeo-3
3372 3956 3521 4007 πᾶσα
3552 3957 3584 4024 ή
3616 3955 3793 4017 πόλις,
3852 3955 3955 4006 καὶ
3995 3957 4060 4008 τί

2448 4046 2597 4113 λέγω
2659 4046 2758 4115 τὴν
2813 4047 3005 4114 πόλιν;
3039 4049 3186 4100 ἀπαν
3248 4048 3311 4099 τὸ
3357 4047 3671 4117 ὑποχείριον
3735 4049 3833 4115 τῆς
3872 4048 4059 4100 αὐτοῦ

2455 4139 2736 4210 βασιλείας
2782 4139 3096 4208 κινούμενοι
3118 4140 3301 4192 οὐκέτι
3324 4138 3578 4207 λέγουσιν
3615 4139 3916 4209 ὑπομένειν
3945 4142 4058 4210 τὴν

2454 4232 2727 4299 τοσαύτην
2766 4232 2876 4286 τῶν
2905 4231 3239 4302 Βουλγάρων
3268 4232 3550 4291 ἀπόνοιαν.
3608 4233 3733 4286 οὐδὲ
3768 4250 4064 4302 καταφρο-

2459 4327 2571 4378 νεῖν
2617 4324 2727 4377 τών
2751 4324 2972 4377 οἰκείων
3013 4326 3108 4377 καὶ
3160 4324 3443 4392 συγγενῶν
3472 4325 3573 4393 τὴν
3595 4324 3895 4389 ἀπώλεεαν,
3925 4328 4068 4380 οὐδὲ

766 4386 876 4440 τῶν
920 4392 1139 4446 οἰκείων
1163 4397 1347 4450 τόπων
1381 4398 1480 4469 τὴν
1529 4402 1929 4469 αἰχμαλωσίαν.
1966 4408 2121 4460 Ἀλλ’
2167 4414 2217 4463 εἰ
2254 4414 2349 4464 καὶ
2406 4413 2591 4482 δεήσει
2643 4417 2862 4478 πάντως
2887 4416 3204 4506 ἀποθανεῖν,
3238 4416 3440 4477 μᾶλλον
3471 4418 3633 4469 τοῦτο
3672 4420 3982 4488 ἀγαπητὸν,
4020 4420 4059 4487 ἢ

767 4484 822 4506 ,λ
864 4485 883 4506 ,9
901 4500 986 4506 --Α
1025 4488 1039 4506 ι
1087 4505 1092 4506 ,
1239 4491 1261 4505 σο
1441 4495 1451 4506 ι
1590 4498 1611 4506 -
1649 4499 1684 4506 _
1759 4500 1771 4506 -
1844 4503 1853 4506 -

766 4484 827 4537 τὸ
864 4485 1157 4555 ὑπομένειν
1206 4491 1381 4554 οὕτως
1402 4495 1500 4566 τὴν
1522 4498 1615 4550 τοῦ
1647 4499 1957 4571 Βουλγάρου
2003 4505 2257 4573 ἔπαρσιν.
2280 4512 2389 4563 Καὶ
2419 4511 2608 4565 λοιπὸν
2634 4514 2996 4582 πεπεισμένος
3018 4513 3197 4581 γενοῦ,
3260 4513 3335 4576 ὡς
3404 4514 3622 4571 ἅπαντα
3651 4518 3719 4569 τὰ
3788 4517 4067 4584 στρατεύ-

770 4594 936 4643 ματα,
977 4580 1071 4632 καὶ
1107 4582 1306 4647 πάντες
1346 4586 1460 4639 ὅσοι
1505 4591 1661 4659 χεῖρα
1732 4595 2059 4665 κινουμένην
2092 4599 2420 4668 ἐχουσιμετά
2473 4602 2572 4671 τῆς
2596 4604 2813 4666 δικαίας
2847 4603 2943 4657 τοῦ
2958 4604 3095 4658 Θεοῦ
3127 4607 3445 4677 συμμαχίας
3476 4609 3859 4680 ἐπιστήσονται
3911 4612 4065 4680 πρὶς

770 4674 937 4742 ὑμᾶς,
983 4675 1064 4727 ἔτι
1127 4680 1485 4747 ἐπιμένοντος
1545 4683 1640 4736 σοῦ
1689 4687 1786 4738 καὶ
1832 4688 2153 4776 ἀγαπριντος
2185 4694 2253 4746 τὰ
2292 4698 2356 4748 ἐκ
2403 4696 2499 4750 τοῦ
2540 4700 2779 4769 πολέμου
2811 4701 2978 4754 κακά.

844 4765 1344 4827 Vcrunienimvero
1397 4791 1519 4844 qua:
1585 4792 1848 4847 parantur
1909 4765 2003 4837 tibi
2041 4786 2107 4838 ad
2152 4790 2350 4843 verita-
2380 4798 2430 4855 ι)

774 4870 880 4916 tem
913 4866 1155 4930 expressi
1186 4904 1202 4928 ,
1257 4876 1315 4919 ut
1376 4877 1433 4921 tu
1488 4870 1816 4941 obsequaris
1852 4877 2059 4932 homini
2108 4881 2251 4942 seni.
2302 4893 2358 4936 et

773 4956 909 5010 nihil
951 4959 1065 5027 jam
1117 4961 1221 5014 nisi
1261 4966 1576 5029 sepulcrum
1628 4978 1915 5036 spectant;
1963 4971 2073 5027 imo
2101 4982 2177 5038 et,
2230 4975 2357 5030 licet

771 5049 1020 5119 indigno,
1054 5054 1195 5107 sacri
1235 5055 1425 5109 altaris
1475 5058 1751 5127 ministro,
1779 5062 1825 5115 si
1871 5064 2001 5133 quid
2036 5067 2202 5121 verba
2236 5084 2354 5124 mea

774 5143 871 5195 tibi
896 5155 1111 5211 gratum
1150 5144 1461 5203 habuerint.
1511 5148 1815 5207 Considera
1856 5170 2018 5222 quam
2061 5157 2222 5229 longo
2252 5160 2353 5215 ab-

778 5234 910 5288 hinc
967 5247 1211 5305 tempore
1248 5239 1376 5294 facti
1412 5243 1589 5298 simus
1634 5247 1794 5300 amici
1827 5264 1842 5299 :
1873 5250 2061 5319 accipe
2099 5254 2354 5307 adhorta-

778 5327 959 5381 tiones
991 5344 1129 5395 quas
1158 5343 1511 5402 accepturum
1538 5351 1597 5389 se
1629 5338 1921 5406 religiosus
1952 5354 2138 5396 noster
2174 5345 2350 5415 impe-

778 5430 926 5476 rator
944 5422 1215 5490 pollicitus
1228 5437 1330 5488 est.
1350 5433 1616 5495 promissa
1648 5442 1986 5499 servaturus,
2007 5436 2051 5490 si
2071 5436 2257 5490 eadem
2288 5454 2354 5493 ac

781 5513 869 5567 ille
898 5514 1103 5571 sentire
1137 5518 1291 5572 velis.
1320 5518 1513 5576 Pacem
1557 5523 1758 5579 habeas
1801 5525 1853 5578 in
1889 5541 2099 5591 amore,
2149 5530 2351 5583 bellum

776 5619 969 5664 contra
1017 5611 1071 5664 in
1123 5614 1270 5667 odio.
1296 5612 1456 5668 Pravi
1493 5618 1637 5670 enim
1673 5626 1801 5672 sunt
1830 5619 1922 5689 qui
1960 5623 2222 5677 adversus
2258 5623 2358 5677 lm-

777 5712 889 5757 stes
920 5713 1172 5759 externos
1215 5720 1539 5777 gerunnaur.
1596 5708 1699 5764 Sed
1752 5712 1881 5781 quid
1911 5712 2085 5767 dicam
2132 5715 2199 5768 de
2229 5714 2358 5780 illis,

779 5797 871 5865 qui
910 5799 1175 5852 adversus
1199 5808 1401 5868 patres,
1425 5800 1644 5863 fratres,
1667 5801 1894 5866 amicos,
1930 5805 2175 5859 eamdem
2201 5807 2360 5862 ﬁdem

784 5889 1065 5959 habentes,
1093 5894 1459 5964 eumdemque
1484 5897 1801 5955 invn-antcs
1833 5890 2022 5963 Dedin,
2049 5898 2358 5969 Dominum,

2540 4792 2702 4845 Ἀλλά
2765 4794 2904 4862 μετά
2948 4794 3128 4864 πάσης
3170 4795 3434 4866 ἀληθείας
3477 4798 3779 4869 ἀνήγγειλά
3836 4817 3919 4854 σοι
3979 4806 4064 4858 τὰ

2459 4883 2695 4937 ἐνταῦθα
2726 4883 3285 4954 παρασκευαζόμενα·
3327 4888 3394 4940 σὺ
3415 4887 3471 4939 δὲ
3508 4890 3592 4941 ὅτι
3625 4891 3791 4963 πείθῃ
3824 4894 4065 4962 πρῶτον

2461 4974 2559 5043 μὲν
2595 4974 2872 5046 ἀνθρώπῳ
2919 4976 3225 5049 πρεσϐύτῃ,
3254 4979 3351 5031 καὶ
3401 4979 3556 5032 οὐδὲν
3612 4981 3799 5051 ἕτερον
3854 4983 3887 5053 ἢ
3950 4984 4062 5037 τὸν

2455 5067 2627 5136 τάφον
2668 5067 2891 5137 δρῶντι,
2942 5069 3134 5124 ἔπειτα
3164 5070 3242 5130 δὲ,
3296 5073 3344 5123 εἰ
3379 5073 3472 5125 καὶ
3510 5074 3715 5144 ἀναξίῳ
3742 5074 3859 5143 μὲν,
3887 5076 4059 5146 ὅμως

2456 5157 2513 5211 δέ
2552 5159 2853 5230 λειτουργῷ
2885 5160 2978 5214 τοῦ
3014 5162 3171 5229 ἀγίου
3215 5162 3629 5233 θυσιαστηρίου,
3669 5170 3764 5220 καὶ
3813 5167 3952 5221 εἴτι
3981 5169 4059 5223 ἐν

2456 5250 2599 5319 λόγῳ
2632 5269 2713 5304 σοι
2747 5253 3041 5322 γεγένηται
3071 5254 3132 5307 τὸ
3167 5256 3440 5325 ἡμέτερον
3496 5257 3739 5328 φίλτρον,
3800 5262 3894 5312 καὶ
3936 5262 4057 5332 ὅρα

2456 5345 2621 5408 πόσος
2649 5347 2677 5399 ό
2703 5348 2895 5415 χρόνος
2925 5346 2985 5410 ἐξ
3018 5344 3080 5403 οὗ
3121 5348 3267 5416 φίλοι
3298 5350 3629 5420 γεγόναμεν·
3661 5351 3809 5418 δέξαι
3834 5356 4060 5424 παραῑ-

2456 5451 2604 5488 νεσιν
2634 5435 2703 5506 ἥν
2746 5437 2841 5489 καὶ
2872 5440 2900 5490 ὁ
2930 5438 3276 5508 φιλόχριστος
3306 5439 3466 5508 ήμῶν
3492 5440 3747 5509 βασιλεὺς
3783 5442 4060 5512 δέχεσθαι

2454 5527 2741 5596 ὑπέσχετο,
2802 5530 2895 5581 καὶ
2923 5530 2983 5581 οὐ
3014 5529 3278 5598 ψεύσεται
3313 5532 3413 5602 τὴν
3447 5533 3762 5603 ὑπόσχεσιν,
3792 5536 3890 5588 ἐὰν
3944 5543 4061 5593 καὶ

2458 5620 2522 5672 σὺ
2566 5620 2835 5691 βουληθῇς
2863 5622 2932 5675 τὰ
2964 5624 3056 5675 ἴσα
3087 5624 3278 5694 ἐκείνῳ
3310 5629 3554 5695 φρονεῖν.
3594 5628 3909 5699 ’Δγάπησον
3940 5632 4061 5703 τὴν

2460 5714 2705 5783 εἰρήνην,
2739 5715 2972 5783 μίσησον
3029 5717 3155 5777 τοὺς
3203 5717 3510 5787 πολέμους·
3568 5724 3726 5774 κακοὶ
3775 5722 3885 5791 γάρ
3942 5729 4061 5779 καὶ

2461 5806 2509 5856 οἱ
2531 5806 2662 5875 πρὸς
2688 5808 2813 5870 τοὺς
2843 5808 3045 5873 ἔξωθεν
3070 5808 3298 5879 ἐχθροὺς
3335 5811 3583 5880 πόλεμοι.
3615 5812 3776 5866 Ὀσοι
3804 5813 3861 5867 δὲ
3899 5816 4062 5885 πρὸς

2468 5897 2729 5969 πατέρας,
2766 5899 2899 5969 πρὸς
2941 5898 3229 5970 ἀδελφοὺς,
3270 5902 3403 5969 προς
3434 5902 3641 5973 φίλους,
3679 5905 3813 5973 πρὸς
3840 5907 4063 5975 ὁμοπίο
