4182 6428
792 382 894 444 199

1923 384 1973 445 Ν
1980 386 2230 447 ICOLAl
2272 388 2380 448 (ΣΡ.
2423 387 2937 451 ΡᾹΤΗΙΑΒΟΗΕ

3936 400 4042 461 Ξυι)

789 496 1012 551 deberet
1060 504 1115 550 et
1171 496 1562 551 administrare
1592 511 1678 551 res
1714 510 1906 552 omnes
1937 514 2060 567 quze
2091 501 2372 557 ministro-

2494 502 2725 574 ταλατίῳ
2778 508 3062 573 προσεῖναι
3095 506 3193 576 τὴν
3224 505 3537 562 διοικοῦσαν
3589 507 3655 559 τὰ
3707 510 4067 566 ἐπιϐάλλοντα

788 604 912 643 rum
960 598 1178 643 tuorum
1234 588 1560 658 conjugibus
1598 590 1958 655 incumbunt,
2009 593 2229 645 tertium
2283 610 2379 663 po-

791 682 897 737 tuit
948 681 1174 737 concedi
1213 681 1649 745 matrimonium,
1708 681 1980 750 siquidem
2040 684 2149 737 lilia
2201 684 2255 737 in
2310 700 2379 741 eo

790 787 902 831 erat
939 788 992 828 ut
1028 784 1309 843 paternam
1354 775 1576 829 domum
1613 773 1965 843 relinqueret.
2021 776 2175 831 Adde
2229 777 2378 847 quod

795 869 876 920 vel
910 867 1051 920 saeri
1088 881 1331 920 canones
1389 881 1497 919 non
1552 865 1778 918 omnino
1842 865 2139 934 prohibent
2193 866 2379 921 tertias

794 960 1035 1027 nuptias,
1092 960 1189 1013 sed
1246 960 1550 1026 indulgent,
1606 958 1732 1012 licet
1781 958 2041 1028 tanq‘nam
2097 961 2377 1015 sordidum

794 1051 926 1119 quid
959 1060 1015 1105 et
1058 1050 1302 1105 Ecclesia
1340 1051 1627 1118 indignum
1660 1066 1756 1106 eas
1807 1052 2243 1108 considerantes.
2304 1052 2379 1108 De

794 1152 992 1211 quarto
1036 1153 1217 1196 autem
1273 1142 1645 1206 matrimonio,
1714 1146 1861 1213 quod
1917 1145 2082 1198 etiam
2142 1146 2378 1217 Agareni

794 1244 1016 1295 norunt,
1053 1236 1179 1288 lieet
1214 1250 1320 1287 non
1351 1236 1531 1304 quoad
1559 1235 1888 1290 divisionem
1933 1253 2193 1303 uxorum,
2226 1253 2379 1309 qna:-

791 1341 916 1378 nam
970 1326 1075 1380 erit
1122 1327 1443 1382 excusatio?
1493 1328 1572 1382 Ad
1599 1345 1891 1399 quemnam
1935 1341 2259 1400 praetextum
2295 1348 2381 1386 re-

790 1430 1016 1470 currere
1046 1416 1250 1481 licebit,
1304 1419 1604 1485 praesertim
1650 1419 1739 1471 ubi
1783 1422 1966 1474 scelus
2008 1421 2076 1473 ad
2107 1438 2379 1475 snunnam

793 1506 1112 1575 dignitatem
1164 1522 1273 1575 qua
1316 1508 1521 1577 gaudes
1577 1519 1960 1580 comparatum
1995 1512 2203 1566 fuerit?
2262 1511 2381 1569 Rex

792 1599 991 1652 dicitur
1023 1613 1146 1653 esse
1176 1598 1262 1652 lex
1299 1614 1408 1653 non
1440 1600 1665 1670 scripta,
1719 1603 1863 1657 haud
1916 1613 1975 1657 ut
2006 1604 2179 1675 legem
2217 1606 2383 1661 violet

792 1698 848 1745 et
873 1692 1239 1760 quodcunque
1265 1689 1505 1745 lubuerit
1552 1691 1739 1759 l'aeiat,
1782 1695 1877 1749 sed
1917 1695 2081 1752 factis
2117 1698 2234 1752 suis
2262 1715 2383 1767 quae

793 1783 929 1851 legis
978 1798 1087 1837 non
1139 1793 1358 1852 scriptae
1406 1801 1599 1837 norma
1648 1787 1981 1855 diriguntur,
2030 1790 2227 1845 similis
2260 1807 2383 1845 esse

2481 594 2589 647 τῶν
2621 597 2732 649 σῶν
2787 598 3067 667 ἀρχόντων
3098 601 3217 658 ταῖς
3240 598 3509 667 γυναιξὶν,
3543 602 3655 655 ἐστι
3717 602 4069 673 συγχώρησις

2483 686 2558 755 τῷ
2602 687 2797 756 τρίτῳ,
2855 689 2953 758 τῆς
3026 688 3301 761 Θυγατρδς
3360 692 3673 747 ἐκδίδοσθαι
3740 694 4065 764 μελλούσης.

2486 780 2631 851 Πλὴν
2654 780 2737 832 ὅτι
2775 784 2872 835 καὶ
2908 783 3045 853 ἱεροὶ
3074 785 3301 848 κανόνες
3328 784 3420 838 τὸν
3452 785 3635 850 τρίτον
3680 788 3781 840 οὐκ
3821 788 4069 842 ἀποϐἀλο

2485 873 2639 925 λουσι
2669 874 2978 937 παντελῶς.
3036 873 3175 928 ἀλλά
3208 875 3610 947 συγχωροῦσιν,
3665 880 3713 929 εξ
3741 881 3835 932 καὶ
3871 879 3941 941 ὡς
3976 879 4070 948 ρύ-

2485 981 2588 1017 πον
2650 964 3004 1034 παρορῶντες
3058 970 3156 1038 τῆς
3230 968 3583 1039 Ἐκκλησίας,
3642 969 3784 1039 ὑπὲρ
3863 972 3917 1024 δὲ
3968 970 4065 1023 τοῦ

2481 1057 2748 1121 τετάρτου
2794 1054 2890 1106 καὶ
2922 1054 2951 1106 6
2989 1060 3103 1118 τοῖς
3163 1056 3488 1126 Ἀγαρηνοϊς
3545 1056 3844 1126 γνώριμον,
3885 1061 3932 1110 εἱ
3967 1066 4071 1109 καὶ

2489 1148 2563 1217 μὴ
2614 1151 2756 1202 κατὰ
2803 1147 3070 1217 διαίρεσιν
3113 1147 3411 1216 γυναικῶν,
3466 1149 3552 1211 τίς
3601 1149 3896 1216 ἀπολογία;
3939 1150 4073 1204 Ἐπὶ

2484 1237 2647 1291 ποίαν
2676 1238 2731 1292 δὲ
2767 1238 3223 1307 καταφευξόμεθα
3272 1241 3585 1311 πρόρασιν,
3631 1242 3869 1308 μάλιστα
3928 1241 4073 1309 πρὸς

2482 1330 2546 1382 τι
2576 1327 2811 1399 μέγεθος
2858 1330 2959 1400 τῆς
2993 1330 3088 1399 σῆς
3137 1329 3299 1397 δόξης
3326 1330 3422 1383 τοῦ
3462 1330 3772 1401 μιάσματος
3819 1331 4072 1397 ἐξεταζο-

2490 1424 2697 1492 μένους
2753 1422 3048 1485 Βασιλεὺς,
3101 1423 3287 1489 φασὶν,
3342 1423 3591 1491 ἄγραφος
3620 1423 3806 1491 νόμος,
3852 1426 3946 1492 οὐχ
3979 1426 4077 1478 ἵνα

2485 1515 2783 1584 παρανομῇ
2846 1514 2940 1565 καὶ
3001 1514 3217 1584 πράττῃ
3284 1512 3473 1575 ἀπλῶς
3530 1515 3597 1567 τὰ
3629 1514 3914 1581 δοκοῦντα,
3949 1517 4077 1568 ἀλλ’

2484 1606 2627 1660 ὥστε
2707 1608 2957 1657 τοιοῦτον
3021 1599 3164 1657 εἶναι
3210 1605 3299 1658 διὰ
3346 1606 3455 1658 τῶν
3500 1604 3678 1673 ἔργων
3741 1605 3908 1658 αὑτοῦ
3959 1605 4078 1655 τῶν

2485 1700 2778 1769 ἀγράιξων,
2822 1692 2931 1761 οἷος
2967 1699 2995 1750 6
3026 1700 3189 1766 νόμος
3227 1702 3255 1750 6
3285 1697 3588 1767 ἔγγραφος.
3635 1697 3696 1749 El
3755 1699 3863 1766 γὰρ
3921 1697 4081 1765 βασι-

2486 1792 2613 1853 λεὺς
2659 1791 2769 1844 τῶν
2805 1792 2987 1861 νόμων
3034 1791 3226 1861 ἐχθρὸς
3258 1792 3352 1842 καί
3389 1789 3670 1859 πολέμιος,
3718 1788 3800 1850 τίς
3828 1788 3952 1849 τοὺς
3986 1790 4084 1839 νό-

793 1876 953 1930 debet
986 1876 1087 1945 legi
1122 1875 1362 1945 scriptae.
1442 1877 1662 1932 Etenim
1719 1896 1811 1934 rex
1862 1881 1909 1936 si
1944 1881 2153 1952 legibus
2183 1884 2379 1938 adver-

2494 1901 2620 1953 μους
2636 1884 2963 1953 φοϐήσεται;
2994 1884 3065 1934 'll
3082 1884 3201 1951 οὐχὶ
3219 1882 3377 1934 τοῦτο
3397 1881 3694 1935 ἀκόλουθον
3723 1882 3783 1932 το
3813 1880 3945 1948 πρὸς
3969 1877 4073 1938 οὓς

795 1978 969 2032 satur,
996 1967 1252 2037 quisnam
1290 1970 1630 2024 reverebilur
1662 1972 1823 2027 illas?
1877 1973 2071 2029 Nonne
2101 1976 2382 2045 consequi-

794 2066 885 2110 tnr
932 2060 1268 2124 necessario,
1320 2075 1458 2128 quas
1506 2061 1653 2132 leges
1699 2064 1952 2133 princeps
1997 2066 2180 2120 hostili
2216 2068 2381 2121 modo

796 2151 1101 2221 infregerit,
1135 2156 1354 2207 easdem
1387 2155 1551 2207 etiam
1587 2170 1617 2207 a
1643 2157 1907 2225 subjectis
1946 2159 2103 2213 nihili
2132 2160 2379 2215 habitum

796 2244 887 2306 iri,
920 2243 1046 2298 licet
1072 2260 1230 2298 nemo
1268 2245 1336 2300 ad
1369 2245 1420 2300 id
1458 2248 1725 2315 cogatur?
1776 2248 1877 2305 L'hi
1922 2266 2054 2305 vero
2082 2255 2383 2310 necessitas

796 2334 1045 2407 quaedam
1095 2347 1151 2393 et
1198 2338 1459 2408 impetus,
1511 2322 1817 2410 pia-sertim
1873 2355 2103 2410 naturae,
2152 2346 2379 2412 accedit,

799 2427 1083 2499 quomodo
1145 2447 1253 2486 non
1311 2432 1375 2486 ad
1435 2433 1683 2487 eamdem
1743 2435 2012 2490 sentiendi
2077 2438 2383 2506 agendique

797 2521 1064 2575 rationem
1103 2522 1475 2582 inclinabunt.
1522 2526 1608 2580 cui
1651 2525 1953 2597 principem
1987 2542 2268 2583 summum
2303 2532 2386 2586 in-

797 2613 1019 2683 dulgere
1043 2614 1274 2670 vident?

872 2705 970 2761 llis
994 2707 1155 2763 dictis
1188 2711 1410 2778 perrexi
1443 2712 1547 2766 hoc
1578 2716 1741 2771 modo
1774 2734 1789 2771 :
1824 2716 2149 2787 Considera,
2175 2736 2383 2790 qureso,

801 2798 971 2853 solem
1006 2814 1070 2853 ae
1100 2805 1311 2865 stellas,
1366 2805 1513 2872 quod
1564 2807 1655 2861 ubi
1711 2825 1816 2862 una
1849 2825 1916 2863 ex
1967 2811 2053 2865 his
2095 2813 2386 2880 splendore

804 2890 1073 2959 privatur.
1106 2910 1193 2948 res
1219 2905 1301 2948 est
1336 2896 1540 2953 nullitts
1574 2898 1685 2953 fere
1717 2903 2019 2970 momenti;
2054 2913 2109 2958 at
2159 2906 2250 2958 ubi
2284 2907 2385 2961 soli

803 2985 899 3040 tali
944 2986 1076 3056 quid
1112 2988 1395 3056 acciderit,
1446 2995 1756 3048 necessario
1810 3004 1958 3051 totus
1991 2996 2228 3052 mundus
2259 3000 2390 3053 cali-

809 3079 935 3149 gine
985 3079 1307 3135 involvitur.
1357 3081 1522 3149 Item,
1588 3085 1635 3139 si
1687 3087 1933 3155 corporis
1983 3088 2087 3142 alia
2142 3091 2386 3143 membra

800 3169 1056 3226 sordibus
1096 3174 1434 3241 polluuntur,
1470 3190 1564 3230 seu
1608 3176 1811 3230 lateant
1843 3177 2031 3231 sordes
2058 3194 2152 3231 seu
2183 3194 2287 3232 non
2313 3181 2391 3233 la-
2416 3191 2462 3252 ς

801 3269 972 3326 teant,
1022 3264 1074 3317 id
1128 3265 1261 3317 nihil
1316 3266 1433 3320 fere
1481 3267 1706 3336 pudoris
1752 3267 1947 3332 habet;
1998 3268 2112 3335 jam
2155 3284 2287 3321 vero
2333 3270 2380 3322 si

780 3351 945 3407 'l‘orte
975 3370 1037 3408 os
1065 3356 1414 3412 immumlitie
1446 3360 1660 3423 horret,
1712 3360 1827 3415 lieri
1862 3375 1969 3413 non
2023 3370 2200 3427 potest
2251 3362 2381 3428 quin

802 3460 1020 3501 summo
1081 3449 1283 3517 pudore
1336 3450 1739 3506 snll‘undamur.
1812 3450 1936 3506 Noli
1999 3453 2205 3521 igitur,
2258 3469 2382 3507 eum

806 3551 1019 3605 magnae
1049 3537 1248 3592 divinze
1278 3540 1612 3596 hereditatis
1643 3559 1730 3608 os,
1774 3542 1886 3597 imo
1937 3551 2101 3612 caput
2128 3544 2387 3608 exsistas,

804 3642 1005 3696 corpus
1043 3627 1249 3683 Christi
1287 3630 1636 3699 pudefaeere,
1668 3645 1765 3687 aut
1794 3632 1938 3703 apud
1974 3633 2222 3689 inlideles
2252 3650 2387 3704 quo.

806 3735 914 3789 que
946 3722 1083 3774 adeo
1115 3724 1477 3786 cenfundere,
1510 3734 1571 3778 ut
1611 3740 1641 3779 a
1674 3734 1764 3779 tua
1794 3726 2063 3795 dignitate
2095 3728 2223 3781 mali
2255 3728 2391 3779 vitu-

806 3818 941 3887 perii
971 3818 1316 3875 occasionem
1349 3820 1595 3889 arripere
1626 3830 1853 3889 queant.
1908 3819 2177 3876 Prmterea
2220 3824 2392 3876 multa

806 3908 917 3962 dixi
947 3924 1068 3979 qua:
1096 3922 1537 3963 commemorare
1584 3925 1693 3965 non
1749 3921 1836 3966 est
1886 3911 2052 3981 hujus
2104 3912 2231 3967 loci.
2273 3912 2392 3969 Uno

806 4003 999 4068 verbo,
1053 4004 1332 4073 peroravi,
1378 4004 1703 4075 supplieavi,
1754 4005 2060 4060 obsecravi.
2119 4007 2257 4061 Cum
2298 4023 2399 4061 au-

807 4105 918 4150 tem
960 4096 1049 4150 his
1100 4094 1451 4149 sermonibus
1503 4096 1651 4152 illius
1696 4095 2031 4151 voluntatem
2075 4098 2394 4167 neutiquam

810 4187 957 4241 ﬂecti
991 4201 1152 4255 posse
1174 4186 1441 4251 viderem,
1474 4188 1582 4243 hoc
1610 4189 1772 4243 modo
1803 4203 1927 4241 eum
1960 4188 2189 4245 adortus
2219 4206 2340 4244 sum
2378 4209 2393 4245 :

809 4281 856 4337 0
904 4298 999 4338 rex
1046 4290 1103 4337 et
1153 4282 1262 4347 liii,
1316 4292 1608 4352 postquam
1665 4284 1936 4354 majestati
1971 4294 2078 4338 tua:
2105 4285 2283 4337 visum
2315 4292 2399 4337 est

813 4385 1065 4447 quartam
1096 4379 1387 4448 eonjugem
1416 4379 1471 4433 iu
1507 4378 1921 4433 matrimonium
1955 4377 2162 4431 ducere
2184 4415 2198 4440 ,
2252 4376 2396 4429 nulla

813 4468 1058 4522 indeeori
1110 4469 1325 4523 ratione
1358 4468 1570 4533 habita,
1612 4472 1799 4538 accipe
1840 4469 1953 4540 jam
1987 4483 2019 4522 a
2052 4478 2206 4538 patre
2237 4475 2399 4537 atque

2487 1975 2552 2027 ἂν
2585 1978 2613 2028 6
2642 1976 2828 2042 ἄρχων
2874 1973 3085 2043 ἐχθρῶς
3121 1974 3224 2044 ἔχῃ
3287 1975 3381 2026 καὶ
3418 1974 3717 2040 πολεμίως,
3772 1974 3907 2039 πρὸς
3948 1969 4086 2022 τού‹

2480 2083 2606 2129 τους
2643 2066 2828 2118 καὶτὸ
2861 2065 3179 2134 ὑποχείριον
3213 2066 3312 2134 τὴν
3338 2064 3534 2132 ὁμοίαν
3565 2062 3865 2130 φυλάσσειν
3897 2061 4087 2112 διάθε-

2485 2174 2591 2223 σιν,
2643 2158 2747 2210 κᾶν
2782 2157 2970 2226 μηδεὶς
3000 2159 3027 2208 ὁ
3057 2157 3383 2225 βιαζόμενος
3424 2152 3492 2226 ﬁ;
3542 2157 3672 2207 Ὅτε
3729 2154 3787 2206 δὲ
3838 2153 3933 2204 καὶ
3961 2153 4088 2221 βίᾳ,

2485 2251 2582 2303 καὶ
2619 2249 2857 2319 μάλιστα
2886 2248 3130 2316 φύσεως,
3163 2248 3283 2309 πῶς
3308 2248 3431 2316 οὐχὶ
3466 2246 3604 2316 πρὸς
3641 2247 3819 2298 ἐκεῖνο
3848 2244 3909 2295 τὸ
3947 2245 4089 2313 φρό-

2484 2359 2633 2413 νημα
2683 2340 3175 2411 ύπενεχθήσονται,
3242 2343 3379 2409 πρὸς
3433 2340 3461 2393 ὃ
3517 2340 3611 2392 καὶ
3668 2342 3696 2392 6
3740 2339 3927 2408 ἄρχων
3978 2342 4089 2407 τὴν

2486 2434 2663 2505 ῥοπὴν
2692 2432 2805 2504 ἔχει
2830 2449 2846 2499 ;

2562 2718 2791 2783 Ἔλεγον
2832 2714 2927 2768 καὶ
2963 2711 3137 2766 ταῦτα
3161 2728 3175 2740 ο

2484 2811 2612 2869 τοὺς
2635 2808 2897 2877 ἀστέρας,
2918 2806 3013 2858 καὶ
3041 2807 3124 2857 ὅτι
3158 2805 3351 2873 ἀστέρι
3379 2806 3479 2871 μὲν
3502 2804 3909 2872 ὑποδραμόντος
3936 2807 4094 2865 τινος

2490 2902 2856 2967 σκιάσματος,
2906 2895 3059 2949 οὐδὲν
3117 2897 3176 2946 τὸ
3233 2894 3553 2961 γινόμενον·
3617 2892 3767 2962 ἡλίου
3810 2894 3864 2943 6‘:
3924 2894 4098 2944 τοῦτο

3253 2712 3457 2764 Ἐννόει
3504 2729 3595 2780 μοι
3653 2711 3746 2763 τὸν
3779 2710 3933 2780 ἥλιον
3974 2712 4078 2762 καὶ

2491 2993 2775 3056 παθόντος,
2805 2989 3226 3059 σκυθρωπάζειν
3270 2990 3485 3054 ἀνάγκη
3511 2986 3604 3037 τὸν
3634 2986 3862 3054 κόσμον.
3906 2985 4097 3049 Πρησ-

2491 3083 2705 3136 ετίθουν
2754 3082 2849 3133 καὶ
2916 3080 3000 3132 ὅτι
3060 3078 3166 3130 τῶν
3220 3078 3425 3130 λοιπῶν
3454 3076 3553 3128 τοῦ
3598 3076 3845 3144 σώματος
3902 3075 4101 3143 μελῶν

2498 3172 2908 3246 ρυπανϐἐντων,
2952 3170 2984 3237 ἢ
3016 3169 3276 3221 λανθάνει
3310 3172 3336 3220 ό
3364 3168 3559 3237 ῥύπος,
3604 3167 3767 3235 ῆκᾶν
3824 3169 3897 3234 μὴ
3964 3168 4106 3218 λαν-

2490 3265 2650 3335 Θάνῃ,
2704 3262 2856 3313 οὐδὲν
2894 3264 3037 3328 μέγα
3085 3263 3164 3320 εἰς
3201 3258 3505 3327 αἰσχύνηνο
3560 3256 3653 3308 τοῦ
3695 3257 3750 3307 δὲ
3786 3257 4101 3323 προσώπου

2486 3354 2889 3426 ὲρρυπωμένου
2941 3352 3337 3419 τυγχάνοντος,
3401 3350 3556 3402 οὐδὲν
3606 3350 3924 3419 εὑρίσκεται
3994 3355 4102 3419 τῆς

2487 3446 2751 3515 αἰσχύνης
2770 3442 3149 3512 παραμύθιον.
3185 3444 3492 3511 Πρόσωπον
3520 3436 3571 3493 εἴ
3586 3441 3685 3508 τῆς
3714 3440 3963 3509 μεγάλης
3996 3445 4101 3495 τοῦ

2491 3538 2627 3592 Θεοῦ
2642 3538 3031 3608 κληρονομίας,
3053 3534 3321 3603 μᾶλλονδὲ
3338 3534 3551 3605 κορυφή
3574 3548 3587 3561 °
3626 3536 3701 3603 μὴ
3721 3536 3781 3587 τὸ
3808 3537 3975 3605 σῶμα
3997 3539 4106 3590 τοῦ

2497 3628 2739 3697 Χριστοῦ
2772 3628 3174 3699 καταισχύνῃς.
3226 3627 3322 3677 καὶ
3350 3627 3585 3696 ποιήσῃς
3618 3627 3712 3679 καὶ
3772 3631 3927 3696 παρὰ
3983 3634 4109 3691 τοῖς

2493 3722 2746 3783 ἀπίστοις
2774 3720 3161 3790 αἰσχύνεσθαι,
3194 3718 3285 3770 ὅιά
3340 3717 3436 3771 τοῦ
3470 3719 3613 3770 κατὰ
3644 3718 3743 3786 τῆς
3799 3719 3899 3784 σῆς
3933 3722 4110 3786 idin;

2493 3815 2590 3865 xui.
2612 3813 2945 3879 σεμνότητος
2977 3814 3234 3880 ἀφορμὴν
3267 3810 3453 3871 αὐτοῖς
3485 3810 3793 3878 παρασχεῖν
3836 3814 4109 3878 πονηρᾶς

2505 3903 2846 3975 ἐπιλήψεως.
2884 3905 3111 3970 Ἔλεγον
3142 3903 3317 3955 ταῦτα
3361 3904 3455 3953 καὶ
3482 3902 3709 3953 πλεῖστα
3736 3903 3921 3971 ἕτερα,
3952 3897 4034 3956 ὧν
4074 3906 4111 3973 ἠ

2498 3999 2688 4067 μνήμη
2742 3998 2835 4048 καὶ
2866 3996 3161 4064 πρόσθεσις
3210 3996 3476 4063 περιττή*
3527 3993 3665 4063 πλὴν
3697 3994 3906 4059 ελεγον,
3938 3996 4115 4047 ἐδυσ-

2495 4090 2707 4150 ώπουν,
2761 4085 3032 4139 ίκέτευον.
3090 4083 3201 4136 Καὶ
3235 4082 3472 4153 ἐπείπερ
3502 4083 3694 4152 ἑώρων
3724 4086 3851 4143 τοὺς
3890 4084 4116 4148 λόγους

2495 4181 2723 4239 τούτους
2757 4177 3111 4247 ἡττωμένους
3147 4175 3248 4243 τῆς
3282 4175 3494 4227 ἐκείνου
3522 4174 3865 4243 βουλήσεως,
3901 4175 4002 4224 ἐστ
4018 4191 4119 4241 ρει

2502 4270 2689 4339 φόμην
2726 4267 2815 4335 ἐφ’
2852 4267 3023 4334 ἕτερα
3050 4263 3279 4316 τοιαῦτα
3311 4263 3489 4329 λέγων
3526 4280 3542 4295 ·
3594 4263 3881 4331 Ἐπεὶπερ,
3916 4256 3966 4313 ᾧ
4004 4264 4120 4330 βα-

2501 4361 2652 4412 σιλεῦ
2701 4360 2797 4412 καὶ
2860 4359 3071 4419 τέκνον,
3132 4354 3284 4419 ἅπαξ
3310 4357 3388 4425 τῷ
3435 4354 3629 4427 κράτει
3691 4370 3783 4405 σου
3820 4352 3975 4416 εδοξε
4006 4356 4124 4405 καὶ

2501 4451 2744 4519 τετάρτῃ
2797 4448 3020 4514 γυναικὶ
3052 4446 3353 4515 συνῆφθαι,
3400 4447 3495 4498 καὶ
3539 4447 3639 4498 οὐκ
3689 4445 4000 4515 ἀναλογίζῃ
4050 4449 4123 4497 τὸ

811 4559 990 4614 amico
1043 4575 1262 4616 summo
1308 4562 1517 4616 amoris
1565 4560 1759 4616 aﬁectu
1814 4570 1867 4615 te
1908 4560 2170 4630 diligente
2225 4560 2389 4614 hocce

2503 4543 2726 4604 ἄτοπον,
2774 4538 2924 4605 δέξαι
2970 4539 3131 4609 φίλου
3169 4538 3265 4591 καὶ
3300 4537 3513 4607 πατρὸς
3569 4533 4014 4603 ὑπερφιλοῦντὸς
4053 4552 4119 4586 σε

813 4652 1103 4707 consilium
1141 4671 1156 4708 :
1191 4656 1406 4725 Coniux
1450 4656 1704 4725 privatim
1738 4656 1898 4724 degat
1926 4669 2104 4723 neque
2142 4668 2267 4707 eum
2303 4661 2392 4705 tua

816 4742 1105 4810 majestate
1176 4761 1595 4811 commoretur,
1664 4756 1719 4801 et
1786 4747 2124 4801 advocentur
2195 4743 2396 4797 veteris

818 4836 1007 4891 llomze
1040 4840 1383 4911 aliarumque
1444 4824 1837 4911 pontiﬁcalium
1888 4838 2097 4893 aedium
2132 4835 2395 4905 praesules

820 4936 876 4980 et
904 4929 996 4983 alii
1029 4930 1123 4999 qui
1164 4932 1460 5001 episcopali
1491 4931 1757 5002 dignitate
1807 4930 2050 5001 eminent
2095 4939 2149 4983 et
2180 4928 2394 5001 muneri

818 5018 1142 5075 sacerdotali
1194 5023 1366 5077 decus
1418 5024 1797 5092 honoremque
1848 5020 2102 5085 all‘ernnt,
2158 5033 2393 5088 quorum

820 5120 1276 5179 congregatorum
1304 5112 1512 5180 judicio
1549 5126 1616 5167 ac
1658 5112 1954 5175 sententia,
2006 5112 2265 5178 quoniam
2300 5108 2396 5161 tibi

821 5197 903 5249 sic
935 5198 1169 5265 videtur,
1228 5200 1463 5257 fortasse
1509 5200 1640 5255 illud
1671 5201 1819 5269 quod
1852 5201 1989 5267 petis
2020 5209 2194 5252 ratum
2230 5197 2397 5250 habe-

822 5289 989 5354 bitur,
1040 5292 1085 5345 si
1139 5292 1395 5351 nimirum
1450 5293 1558 5348 hac
1587 5292 1902 5346 calamitate
1950 5306 2055 5344 non
2108 5290 2400 5343 inducatur

826 5381 931 5435 alia
966 5384 1136 5437 multo
1190 5386 1433 5453 gravior,
1485 5384 1743 5439 Ecclesia
1795 5382 2003 5437 scilicet
2035 5380 2395 5450 perturbatio,

824 5488 987 5541 quam
1020 5475 1307 5547 hucusque
1339 5493 1557 5532 summo
1588 5492 1712 5532 cum
1762 5476 1951 5544 vigore
1999 5490 2062 5527 ac
2114 5473 2399 5542 prudentia

826 5570 1166 5635 compescuit
1221 5571 1481 5625 Ecclesia:
1533 5569 1872 5639 praedicatio,
1924 5567 1996 5619 ita
2059 5577 2117 5619 ut
2164 5580 2289 5634 spes
2332 5564 2404 5617 sit

827 5658 944 5713 lore
976 5671 1055 5723 ut,
1110 5674 1232 5731 post
1275 5664 1543 5733 synodum
1578 5663 1839 5728 habitam,
1898 5658 2206 5713 interdictio
2258 5657 2403 5711 illius

827 5752 975 5819 pravi
1032 5752 1409 5821 illegitimique
1486 5752 1819 5807 matrimonii
1892 5751 2212 5819 accipiatur.
2298 5745 2401 5800 Sed

826 5847 1010 5901 omnia
1044 5862 1166 5918 qua:
1198 5846 1331 5914 dixi,
1384 5846 1538 5903 irrita
1577 5861 1852 5913 mansere,
1909 5844 2037 5921 quia
2066 5842 2271 5900 amoris
2303 5840 2404 5895 im-

2499 4633 2639 4694 τέως
2689 4629 2825 4699 γοῦν
2891 4630 3099 4700 ταύτην
3150 4633 3252 4698 τὴν
3311 4626 3658 4699 συμϐουλήνσ
3732 4625 3929 4693 εστωή
3963 4627 4125 4694 γυνὴ

2507 4727 2653 4788 ἰδίως
2695 4723 2962 4789 διάγουσα
3014 4723 3108 4773 καὶ
3147 4721 3220 4790 μὴ
3251 4718 3587 4771 συνοικοῦσα
3636 4715 3715 4783 τῷ
3750 4714 3947 4787 κράτει
3976 4732 4121 4776 σου,

2503 4819 2599 4871 καὶ
2634 4813 3148 4885 προσκληθήτωσαν
3170 4813 3270 4879 τῆς
3318 4828 3377 4862 τε
3426 4807 3803 4878 πρεσϐυτέρας
3842 4803 4125 4872 Ῥώμης,

2505 4910 2598 4964 καὶ
2643 4908 2753 4961 τῶν
2799 4906 2975 4960 ἄλλων
3016 4903 3425 4975 ἀρχιερατικῶν
3480 4900 3685 4969 θρόνων
3750 4896 3978 4965 ἄνδρες,
4013 4898 4129 4948 καὶ

2504 4998 2894 5072 ἀρχιερωσύνη
2934 4996 3313 5066 τετιμημένοι,
3346 4993 3579 5052 καὶτοῖς
3637 4988 3817 5051 ἄλλοις
3878 4981 3970 5047 οἷς
4026 5004 4132 5039 σε-

2510 5088 3199 5162 μνύνεταιὰρχιερωσύνῃ,
3247 5090 3342 5137 καὶ
3399 5083 3496 5134 σὺν
3552 5080 3734 5139 αὐτοῖς
3786 5077 4133 5143 ἑπομένων

2506 5188 2659 5255 κοινῇ
2709 5183 2985 5250 ἐπικρίσει
3012 5182 3107 5232 καὶ
3140 5177 3360 5245 γνώμῃ,
3404 5170 3814 5242 ἐπείπερτοῦτω
3846 5184 3934 5220 σοι
3968 5186 4133 5233 napo

2512 5279 2725 5330 ἵσταται
2758 5318 2772 5340 ,
2805 5277 2936 5337 ἴσως
2982 5273 3198 5340 γίνεται
3248 5268 3307 5320 τὸ
3341 5267 3704 5335 ζητούμενον·
3753 5264 3799 5313 εί
3827 5258 3906 5325 τῷ
3942 5260 4134 5327 κακῷ

2506 5370 2679 5437 τούτῳ
2730 5367 2804 5435 μὴ
2856 5363 3141 5431 συνδράμῃ
3173 5361 3267 5413 καὶ
3322 5361 3507 5428 χεῖρον
3544 5354 3673 5407 ἄλλο
3720 5352 3820 5419 τῆς
3867 5349 4137 5417 Ἐκκλη-

2510 5463 2629 5522 σίας
2660 5462 2688 5511 6
2718 5461 2979 5526 τάραχος.
3015 5455 3199 5506 Ταῦτα
3220 5452 3276 5504 δὲ
3297 5454 3359 5503 τδ
3398 5448 3632 5517 σφοδρὸν
3668 5447 3777 5512 τῆς
3818 5442 3970 5493 κατά
4008 5442 4137 5509 τῆς

2522 5550 2853 5619 Ἐκκλησίας
2893 5547 3070 5618 ὁρμῆς
3093 5545 3416 5613 ἀνακρούων
3440 5543 3466 5593 6
3495 5540 3674 5603 λόγος,
3729 5535 3873 5593 τέως
3898 5535 4139 5602 διῳκο-

2510 5642 2930 5712 ·ιόμει,ίέλπίδος
2960 5638 3125 5708 οὔσης
3149 5636 3224 5700 ὼς
3254 5636 3468 5697 πάντως
3505 5628 3841 5697 τελουμένης
3877 5627 4139 5678 συνόδου

2511 5738 2893 5806 αἰδεσθησεται
2926 5732 3136 5800 ταύτης
3187 5730 3288 5798 τὴν
3325 5725 3704 5793 ἀπαγόρευσιν
3758 5717 3861 5785 τῆς
3896 5718 4143 5771 ἀτόπου

2516 5835 2610 5887 καὶ
2641 5830 2883 5900 ἀθέσμου
2936 5823 3260 5892 συζεύξεως.
3328 5819 3472 5875 Ἀλλ’
3524 5812 3592 5887 ἦν
3626 5814 3803 5868 πάντα
3848 5811 4033 5879 κωφὰ
4065 5814 4144 5864 τα
