4182 6428
775 429 882 491 207

1910 437 2141 499 NlCOL
2155 440 2221 499 -\l
2263 441 2366 504 ΕΡ.
2416 446 2686 509 ΡΛΤΗΙᾹ
2703 455 2922 514 ιιωωι

3930 468 4042 530 208

775 542 1043 609 egusmodi
1078 545 1512 608 n‘iatrimonium,
1543 554 1602 597 ut
1637 545 1688 599 iu
1723 556 1973 603 sanctum
2010 549 2341 607 Christiane-

2459 559 2607 613 λειον
2642 563 2988 639 ίεράτευμα;
3020 568 3196 623 Ποίων
3225 568 3600 641 Εὖαγγελίων,
3622 576 3779 639 ποίας
3806 580 4043 635 ἀποστο-

773 650 892 689 rum
924 644 1148 701 coetum,
1175 637 1228 689 in
1265 638 1464 705 regiam
1500 637 1874 694 luercditatem
1903 641 2173 697 inducas?
2206 643 2347 699 Num

771 727 824 778 in
857 727 967 782 ullo
1002 728 1315 797 Evangelio,
1350 736 1441 781 aut
1470 728 1876 785 Constitutiune
1911 735 2227 802 apostolica,
2257 746 2350 790 aut

774 821 1067 873 traditione
1094 819 1273 887 qualis
1308 820 1376 872 ab
1418 821 1576 874 iuitio
1626 823 1942 877 christiana:
1972 828 2249 897 religionis
2294 831 2348 883 in

776 913 1013 967 Ecclesia
1075 912 1458 967 auctoritatem
1527 914 1806 967 obtinuit?
1865 915 2092 984 Magnus
2146 920 2348 976 Paulus

772 1005 846 1057 ait
895 1021 907 1055 :
956 1020 974 1054 ι
1012 1004 1352 1057 Honorabile
1409 1005 1633 1058 omnino
1685 1008 2021 1061 connubiunt
2077 1020 2133 1065 et
2195 1022 2349 1067 torus

773 1094 1157 1162 impnllutus'.
1193 1113 1211 1146 ι
1282 1092 1401 1148 Jam
1459 1094 1504 1148 si
1556 1104 1710 1149 tuum
1768 1099 2182 1155 matrimonium
2246 1109 2350 1158 tale

773 1202 877 1254 est,
916 1205 1012 1242 cur
1047 1190 1184 1242 sacri
1234 1203 1477 1244 canones
1525 1190 1592 1245 ab
1633 1190 1878 1247 Ecclesia
1920 1195 2148 1263 ejiciunt
2195 1200 2346 1252 illum

769 1283 861 1348 qui
900 1281 1279 1348 hujuscemodi
1325 1283 1499 1351 culpze
1550 1283 1887 1338 succubuit?
1934 1285 1990 1340 Si
2043 1289 2178 1343 illud
2224 1307 2350 1345 vere

785 1382 869 1428 est
935 1374 1373 1439 matrimonium,
1425 1390 1523 1429 nec
1575 1390 1803 1443 prorsus
1866 1376 2011 1432 aliud
2054 1380 2189 1449 quid
2249 1398 2350 1436 cur

769 1464 930 1517 talem
966 1464 1410 1534 conjunctioncm
1458 1465 1730 1518 luxuriam
1766 1468 2033 1523 hrutalem
2076 1481 2130 1525 et
2173 1487 2202 1526 a
2252 1490 2350 1527 na-

771 1566 890 1608 tura
921 1557 1155 1609 humana
1190 1556 1424 1610 alienam
1464 1559 1781 1628 appellant?
1814 1561 1968 1616 Alias
1997 1564 2142 1617 enim
2174 1564 2303 1621 illici
2325 1596 2348 1607 -

768 1657 853 1699 tus
899 1647 1227 1702 concubitus
1285 1664 1440 1703 mero
1490 1650 1881 1707 fornicationis
1938 1654 2160 1709 nomine
2207 1657 2349 1711 desi-

765 1750 984 1813 gnatur,
1019 1740 1108 1794 hic
1141 1749 1323 1794 autem
1374 1741 1604 1797 affectus
1631 1741 1864 1799 brutalis
1902 1751 1957 1799 et
1981 1744 2123 1801 ﬁnes
2155 1747 2348 1801 huma-

767 1848 866 1886 nos
898 1849 1286 1903 supergressus
1318 1834 1540 1888 dicitur.

840 1925 943 1979 Sed
998 1924 1258 1979 ltomanis
1297 1942 1402 1978 non
1450 1927 1521 1981 ita
1557 1926 1815 1984 videtur:
1849 1944 2172 1985 concessum
2219 1947 2343 1987 esse

765 2016 909 2086 apud
958 2032 1053 2071 eos
1097 2018 1350 2071 traditur.
1404 2016 1543 2072 Sunt
1571 2021 1716 2075 enim
1748 2023 1843 2091 qui
1883 2022 2071 2088 dicant
2102 2023 2347 2091 (laudinc

768 2112 819 2163 id
847 2111 1022 2172 vobis,
1052 2126 1119 2164 an
1152 2112 1283 2165 vitio
1317 2121 1611 2178 vertentes,
1648 2128 1757 2167 non
1786 2125 1869 2169 sat
1910 2116 2048 2186 scio)
2075 2117 2216 2185 apud
2248 2132 2346 2172 vos

764 2215 1017 2275 quartam
1047 2213 1101 2259 et
1126 2204 1372 2273 quintam
1415 2214 1467 2258 ct
1503 2219 1665 2273 super
1698 2204 1840 2260 hanc
1876 2205 2041 2260 aliam
2078 2208 2342 2278 permitti,

762 2298 874 2349 imo
914 2304 1124 2348 mortua
1174 2304 1325 2349 sexta
1380 2293 1609 2349 muliere
1646 2296 1810 2349 aliam
1845 2305 2011 2366 atque
2040 2308 2163 2368 post
2202 2283 2343 2355 hanc

760 2388 924 2442 etiam
978 2388 1139 2440 aliam
1183 2390 1307 2442 duci
1351 2404 1532 2457 posse,
1567 2390 1638 2443 ita
1684 2390 1837 2444 utad
1878 2390 2113 2461 sepulcri
2158 2392 2342 2449 fauces

764 2481 1092 2535 inexhausta
1154 2480 1244 2534 illa
1302 2482 1682 2550 dispensatio,
1747 2484 1828 2536 vel
1882 2485 2067 2553 potius
2121 2484 2341 2539 luxuria

762 2571 904 2641 apud
964 2588 1058 2625 vos
1111 2572 1393 2641 procedat.
1463 2571 1630 2639 Cujus
1680 2573 2062 2628 abominanda:
2111 2575 2343 2631 luxuria:

760 2678 983 2717 causam
1010 2663 1074 2716 ad
1101 2678 1355 2733 magnum
1378 2661 1653 2719 deducunt
1682 2665 2004 2735 Apostolum
2039 2666 2133 2736 qui
2160 2667 2336 2721 dixit:

766 2778 781 2808 ι
822 2755 1006 2811 Satius
1060 2766 1143 2810 est
1180 2758 1383 2810 nubere
1424 2773 1586 2826 quam
1640 2760 1793 2813 uri’.
1840 2778 1857 2810 ι
1918 2757 1961 2813 Ο
2011 2761 2205 2814 miram
2253 2777 2343 2816 sa-

760 2849 1014 2921 pientiam
1070 2848 1286 2903 illorum
1340 2850 1433 2918 qui
1492 2850 1567 2903 ita
1626 2849 1725 2905 ista
1780 2852 1945 2906 verba
1997 2851 2335 2923 intelligunt!

756 2942 932 3007 Quam
966 2940 1105 2996 belle
1138 2950 1374 2995 tuentem
1409 2941 1699 2995 Paulinam
1733 2943 2069 3011 perscrutari
2098 2945 2340 2998 callent?

758 3035 1031 3088 {Nimirum
1084 3034 1353 3087 uni-versa:
1423 3043 1580 3087 terra:
1632 3034 1823 3088 doctor
1871 3036 2099 3088 omnino
2154 3036 2339 3089 carnis

758 3125 1040 3194 cupiditati
1095 3123 1546 3179 satisfaciendum
1606 3140 1729 3180 esse
1783 3126 1981 3190 docet,
2035 3126 2167 3180 dum
2216 3128 2333 3179 ait:

2457 652 2612 724 λικῆς
2661 654 2985 725 διατάξεως,
3033 659 3191 725 ποίας
3240 660 3299 725 ἐξ
3370 666 3547 737 ἀρχῆς
3595 668 3688 736 ἀφ’
3723 661 3787 721 οὗ
3837 672 3899 721 τὸ
3931 672 4047 725 τῶν

2455 745 2800 815 Χριστιανῶν
2850 752 3009 818 γένος
3058 752 3388 825 ὲγνώρισται
3451 761 3801 829 παραδόσεως
3859 762 3916 813 ὲν
3974 770 4043 835 τῇ

2469 838 2763 912 Ἐκκλησία
2780 843 3038 915 τοιαύτης
3057 851 3321 919 φανείσης
3344 866 3357 913 ;
3382 849 3593 913 Παῦλος
3619 856 3645 904 ὁ
3666 856 3837 923 μέγας
3872 858 4032 924 φησί·

2396 972 2397 975 η
2460 946 2477 977 ι
2520 929 2715 1000 Τίμιος
2749 936 2776 987 ό
2806 934 2983 1006 γάμος
3016 938 3075 990 ὲν
3113 942 3271 1005 πᾶσι,
3307 942 3401 995 κα)⁸
3432 943 3463 1010 ἡ
3502 945 3654 1013 κοίτη
3693 948 3973 1017 ἀμίαντος.
4018 968 4037 998 ι

2454 1018 2513 1069 ΕΞ
2544 1022 2721 1091 γάμος
2747 1018 2900 1089 οὗτος
2931 1027 2959 1079 ὁ
2986 1027 3074 1091 σὸς
3108 1032 3305 1100 γάμος,
3332 1034 3385 1086 τί
3415 1035 3515 1105 τῆς
3545 1036 3873 1106 Ἐκκλητίαέ
3896 1043 4039 1093 ἀπ³’

2455 1111 2748 1168 ὶαύνουσιν
2783 1119 2923 1188 ἱεροὶ
2954 1123 3146 1191 θεσμοὶ
3168 1123 3260 1176 τὸν
3288 1129 3369 1189 εἰς
3389 1127 3633 1181 τοιοῦτον
3656 1147 4040 1198 παραπεπτω-

2455 1205 2587 1256 κότα
2626 1209 3044 1279 παρανόμημα;
3095 1214 3157 1265 Εἰ
3201 1215 3379 1284 γάμος
3429 1219 3491 1271 τὸ
3534 1222 3788 1291 πρᾶγμα,
3833 1226 3927 1276 καὶ
3972 1226 4038 1277 οὐ

2454 1299 2645 1368 πὸρρω
2686 1299 2785 1367 τῆς
2819 1303 3082 1375 τοιαύτης
3112 1305 3376 1377 κλήσεως,
3411 1313 3465 1363 τί
3504 1312 3779 1383 κτηνῶδες
3811 1315 3905 1369 καὶ
3935 1318 4037 1369 ἀ),-

2452 1387 2665 1458 λὸτριον
2695 1392 2911 1460 φύσεως
2941 1395 3292 1471 ἀνθρωπίνης
3316 1405 3412 1471 τὴν
3434 1408 3688 1477 τοιαύτην
3707 1410 4038 1478 ὀνομάζουσι

2454 1478 2637 1573 μίςιη
2670 1484 2861 1538 Καίτοι
2887 1503 2952 1554 γε
2984 1488 3081 1555 τῆς
3100 1489 3268 1558 ἄλλης
3301 1496 3704 1565 ἐνεργουμένης
3745 1504 4035 1573 πορνείας.

2450 1571 2609 1625 τοῦτο
2648 1575 2781 1626 αὐτὸ
2819 1580 3078 1646 πορνείας
3112 1580 3544 1654 ὀνομαζομένης,
3572 1588 3687 1640 ἀλλ’
3718 1594 3776 1643 οὑ
3824 1594 4041 1664 κτηνῶ-

2451 1664 2573 1728 δους
2600 1666 2707 1719 οὐδ’
2739 1670 3092 1742 ἀνθρωπίνης
3123 1672 3341 1743 φύσεως
3377 1678 3659 1751 ἀλλοτρίου
3701 1684 3793 1737 τοῦ
3827 1690 4039 1753 πάθους

2449 1778 2755 1827 οοκουντος.

2533 1946 2694 1999 ’Δλλόι
2745 1950 3039 2017 Ῥωμαίοις
3070 1955 3168 2024 οὐχ
3203 1956 3346 2010 οὕτω
3388 1959 3573 2014 δοκεῖ·
3610 1968 4039 2040 συγκεχώρηται

2449 2036 2580 2107 γὰρ,
2607 2036 2683 2102 ὥς
2714 2058 2869 2110 φησι,
2924 2046 3057 2115 παρ’
3087 2046 3297 2111 αὐτοῖς.
3330 2052 3440 2105 Καὶ
3482 2055 3591 2125 γὰρ
3618 2058 3772 2110 τοῦτό
3809 2063 3946 2113 εἰσιν
3985 2066 4039 2116 0!

2448 2129 2696 2198 λέγοντες
2728 2132 2852 2201 (οὐκ
2898 2129 3015 2186 οἶδα
3053 2133 3371 2207 βουλόμενοι
3420 2148 3587 2214 τιμᾷν
3630 2149 3771 2216 ὑμᾶς
3803 2150 3835 2217 ἢ
3872 2150 4037 2221 ὑδρί-

2448 2222 2585 2293 ζειν)
2617 2223 2692 2286 ὡς
2738 2226 2800 2278 οὗ
2849 2226 3011 2296 μόνον
3054 2230 3290 2303 τετάρτη
3344 2233 3482 2286 ἀλλά
3532 2240 3623 2288 καί
3675 2240 3900 2310 πέμπτη
3935 2243 4041 2295 καὶ

2445 2312 2539 2364 ἐπὶ
2582 2312 2757 2385 ταύτῃ
2814 2314 3019 2386 ἐτέρα⁶
3070 2320 3157 2372 ναὶ
3198 2320 3262 2391 δὴ
3309 2324 3403 2376 καὶ
3442 2324 3538 2393 τῆς
3577 2326 3741 2397 ἕκτης
3770 2331 3861 2380 τὸ]
3914 2332 4041 2400 βίον

2444 2398 2849 2473 ἀπολιπούσης,
2886 2407 3021 2473 πρὸς
3055 2409 3215 2463 ἄλλον
3257 2414 3674 2483 συμπλέκεσθαι
3713 2404 3891 2489 γάμον
3915 2398 4042 2473 τοις

2444 2490 2622 2555 οὖτο-λ,
2662 2492 2757 2547 καὶ
2803 2494 2960 2559 αὖθις
2981 2499 3070 2550 ἐπ’
3096 2502 3281 2567 ἄλλον,
3309 2506 3403 2557 καὶ
3432 2505 3595 2576 μέχρι
3628 2510 3801 2579 τάφου
3843 2512 4041 2565 πυλῶν

2443 2584 2474 2653 ἡ
2512 2584 2744 2652 ἄφθονος
2797 2589 3109 2661 οἰκονομία,
3148 2596 3398 2665 κρεῖττον
3428 2598 3474 2651 δ’
3509 2602 3686 2653 εἰπεῖν
3721 2602 3819 2673 τῆς
3863 2604 4038 2659 ἀσελ-

2442 2678 2597 2744 γείας
2629 2682 2660 2747 ἡ
2695 2682 3003 2753 φιλοτιμία,
3045 2687 3379 2759 προέρχεται
3412 2694 3543 2761 παρ’
3594 2696 3747 2763 ὑμῖν.
3780 2698 3891 2751 Kal.
3928 2702 4039 2770 τῆς

2446 2768 2711 2841 βδελυρᾶς
2740 2777 2950 2845 ταύτης
2980 2779 3297 2851 φιλοτιμίας
3326 2783 3386 2836 τὸ
3413 2786 3588 2838 αἴτιον
3613 2790 3693 2850 είς
3728 2792 3823 2843 τὶν
3851 2768 4041 2862 μέγαν

2456 2861 2782 2918 ’Λπόστολον
2810 2867 3184 2939 ἀναφέρουσιν
3210 2872 3443 2925 εἰπόντα
3474 2883 3727 2944 κρεῖσσον
3750 2861 4039 2950 γαμῆσαι,

2442 2954 2474 3024 ἦ
2514 2956 2840 3024 πυροῦσθαι.
2873 2961 3031 3032 Καλή
3082 2981 3144 3030 γε
3176 2966 3207 3034 ὴ
3244 2966 3406 3035 σοφία
3450 2966 3556 3021 τῶν
3604 2972 3777 3034 οὕτως
3822 2976 4041 3045 ἐκλαμ-

2441 3045 2758 3117 6ανομένων
2794 3048 2853 3100 τὸ
2908 3049 3110 3118 λόγιον,
3143 3054 3286 3106 πάνυ
3344 3056 3619 3127 εὐστόχως
3660 3061 3758 3129 τῆς
3812 3064 4040 3120 Παύλου

2442 3138 2791 3206 ἐφικνοῦνται
2826 3141 3087 3206 διανοίας.
3124 3145 3296 3198 Τοῦτο
3327 3150 3612 3215 νομοθετεί
3658 3155 3686 3205 ὁ
3715 3153 3813 3221 τῆς
3846 3157 4041 3206 οίκευο

765 3219 988 3272 'l'ransit
1038 3209 1259 3272 habitus
1317 3217 1480 3286 hujus
1540 3217 1774 3281 mundi,
1859 3226 1922 3271 ut
1982 3218 2073 3287 qui
2138 3232 2339 3271 uxores

2448 3229 2616 3300 μένης
2647 3231 2969 3297 διδασκαλος
2992 3236 3052 3287 τὸ
3084 3237 3172 3289 διὰ
3211 3240 3410 3303 παντὸς
3458 3242 3775 3311 χαρίζεσθαι
3807 3250 3870 3316 τῇ
3911 3250 4043 3299 ἐπι-

764 3312 962 3365 hahent
991 3311 1101 3365 sint
1144 3310 1293 3363 velut
1335 3310 1428 3378 qui
1480 3324 1587 3363 uon
1619 3309 1842 3373 habent,
1877 3324 2177 3380 omnesque
2211 3311 2336 3365 volo

760 3418 881 3460 esse
929 3402 1005 3455 uti
1032 3415 1146 3454 me.
1180 3399 1333 3467 Quod
1371 3410 1551 3454 autem
1582 3417 1650 3455 ne
1691 3402 1758 3456 ad
1804 3403 2079 3460 secundas
2116 3406 2335 3476 quidem

763 3493 981 3563 nuptias
1017 3490 1311 3545 convolare
1348 3490 1615 3559 permittit
1647 3492 1801 3558 viris,
1840 3494 1953 3548 haec
2001 3496 2127 3564 ejus
2169 3498 2335 3551 verba

757 3588 1174 3639 demonstrant:
1209 3602 1228 3634 ι
1267 3582 1394 3637 Dico
1459 3595 1641 3639 autem
1686 3586 1932 3655 innuptis
1999 3599 2054 3643 et
2116 3591 2334 3657 viduis,

761 3683 961 3734 lionutn
994 3692 1115 3732 esse
1150 3677 1256 3731 illis
1284 3678 1363 3732 sic
1392 3694 1715 3748 permanere
1748 3701 1760 3735 :
1794 3682 1941 3751 quod
1976 3682 2023 3737 si
2051 3684 2337 3740 continere

758 3779 1071 3840 nequeunt,
1131 3769 1418 3836 nuliant';
1462 3789 1479 3822 ι
1548 3772 1726 3827 viduis
1781 3774 2002 3842 quidem
2070 3778 2340 3844 permittit

758 3862 1063 3918 secundum
1122 3861 1459 3914 conuubium
1517 3862 1588 3916 ob
1648 3877 1819 3918 sexus
1882 3865 2337 3933 imbecillitatem,

756 3955 887 4009 \it‘is
918 3964 1100 4008 autem
1137 3944 1317 4007 viduis
1370 3954 1522 4007 nullo
1573 3954 1758 4021 modo,
1805 3965 1861 4010 et
1912 3957 2132 4011 nonnisi
2158 3958 2230 4011 de
2268 3958 2337 4013 iis

756 4047 853 4116 qui
890 4046 1227 4099 matrimonii
1263 4046 1452 4115 iugum
1513 4047 1756 4100 nondum
1789 4057 1913 4103 sunt
1954 4050 2186 4119 experti,
2224 4065 2339 4105 me-

757 4142 863 4194 lius
903 4137 978 4191 ait
1013 4153 1135 4193 esse
1169 4138 1377 4192 nubere
1408 4154 1572 4207 quant
1607 4139 1713 4193 uri.

827 4326 885 4380 Si
917 4327 1079 4394 igitur
1100 4325 1417 4394 eoajunctio
1443 4341 1565 4378 cum
1596 4338 1791 4396 quarta
1816 4343 1985 4384 uxore
2018 4338 2104 4383 est
2141 4329 2337 4382 matri-

758 4419 1024 4482 monium,
1063 4434 1161 4474 uec
1209 4418 1396 4488 potius
1445 4418 1755 4485 fin-uicatiu,
1799 4436 1920 4475 cum
1969 4431 2149 4477 tamen
2181 4424 2338 4492 peius

756 4514 886 4582 quid
944 4514 1016 4567 sit
1052 4528 1216 4578 quam
1282 4513 1373 4566 illa
1445 4513 1705 4567 nimirum
1750 4514 1992 4581 luxuria,
2030 4517 2108 4571 uti
2152 4518 2339 4571 divina

2443 3323 2616 3391 (lupi;
2646 3325 2746 3392 τῆς
2778 3329 3000 3395 σαρκὸς,
3029 3328 3055 3380 ὃ
3086 3328 3282 3397 λέγων,
3314 3333 3564 3403 Ιιαράγει
3602 3336 3662 3389 τὸ
3706 3338 3894 3408 σχῆμα
3932 3343 4039 3392 τοῦ

2441 3416 2648 3483 κὲσμου
2686 3416 2904 3483 τούτου,
2947 3420 3033 3472 ἵνα
3080 3423 3174 3474 καὶ
3205 3424 3253 3474 οἱ
3304 3424 3522 3492 ἔχοντες
3573 3432 3839 3494 γυναῖκας
3892 3425 4041 3485 ὦσιν

2440 3508 2515 3569 ὼς
2551 3508 2625 3577 μὴ
2652 3509 2889 3579 ἔχοντες,
2925 3513 3023 3566 καὶ
3054 3514 3193 3566 θέλω
3219 3516 3428 3579 πάντας
3453 3515 3595 3572 εἶναι
3629 3522 3705 3583 ὠς
3735 3525 3828 3575 καὶ
3853 3527 4043 3594 ἐμαυο

2442 3598 2553 3649 τόν.
2590 3600 2700 3651 Ka‘:
2734 3602 2809 3670 μὴ
2855 3602 2899 3653 δ’
2942 3602 3035 3654 ἐπὶ
3087 3603 3342 3672 δεύτερον
3390 3610 3568 3677 γάμον
3606 3613 3891 3666 συνελθεῖν
3930 3619 4042 3668 ἁν-

2441 3687 2603 3755 aps-.3:
2638 3694 2921 3762 συγχωρεῖ
2968 3692 3044 3761 τῷ
3076 3694 3264 3761 φάναι,
3303 3715 3319 3747 ι
3354 3698 3512 3765 Λέγω
3551 3700 3605 3751 δὲ
3646 3704 3756 3766 τοῖς
3787 3705 4043 3775 ἀγάμοις

2444 3782 2538 3833 καὶ
2576 3785 2695 3844 ταῖς
2741 3785 2960 3854 χήραις,
2996 3786 3157 3839 καλὸν
3197 3790 3293 3840 ἐὰν
3336 3791 3598 3857 μείνωσιν
3646 3795 3855 3859 οὕτως’
3888 3802 3944 3851 εἰ
3976 3801 4043 3851 δὲ.

2441 3874 2540 3925 οὐκ
2588 3876 3043 3944 ἑγιρατειίονται,
3100 3884 3552 3949 γαμησάτωσανο
3590 3903 3608 3935 ι
3660 3889 3873 3954 γυναιξὶ
3926 3893 4044 3961 μὲν

2442 3969 2813 4037 χηρευούσαις
2846 3971 3160 4042 ἐπιτρέπων
3202 3974 3463 4044 δευτέραν
3510 3980 3805 4045 συνάφειαν
3833 3982 3925 4035 διὰ
3972 3988 4044 4035 τὸ

2440 4062 2693 4129 ἀσθενὲς,
2722 4063 2950 4132 ἀνδράσι
2982 4064 3037 4117 δὲ
3083 4066 3327 4136 οὐδαμοῦ
3359 4071 3707 4138 χηρεύουσιν,
3738 4072 3872 4127 ἀλλὰ
3914 4082 4048 4141 τοῖς

2442 4150 2597 4204 οὔπω
2632 4156 2928 4221 συναφείας
2962 4158 3290 4224 ἀφιγμένοις
3322 4161 3459 4229 πρὸς
3508 4163 3725 4230 πεῖραν,
3770 4168 4044 4233 κρεῖσσον

2442 4245 2696 4313 γαμῆσαι
2790 4246 3121 4315 πυροῦσοαι.

2513 4336 2576 4389 Εἰ
2626 4338 2725 4405 μὲν
2782 4336 2873 4391 οὖν
2924 4340 3109 4409 γάμος
3153 4344 3186 4414 ή
3233 4343 3469 4413 τετάρτη
3524 4346 3686 4416 γυνὴ,
3738 4347 3853 4399 ἀλλ’
3903 4352 4051 4421 οὐχὶ

2443 4431 2691 4498 πορνεία,
2738 4432 2940 4499 μᾶλλον
2983 4433 3039 4485 δὲ
3086 4436 3347 4504 πορνείας
3398 4438 3561 4489 πλέον
3610 4440 3700 4491 καὶ
3740 4440 4045 4509 ἀσέλγεια,

2447 4520 2635 4582 καθὼς
2672 4522 2823 4576 δοκεῖ
2864 4523 2942 4591 τῷ
2992 4523 3254 4595 θειοτάτῳ
3293 4528 3596 4596 Κλήμεντι,
3624 4532 3889 4600 ἐπίτρεπε
3934 4538 4053 4587 καὶ

754 4606 1017 4660 Clementi
1054 4606 1286 4664 videtur,
1323 4606 1573 4673 permitte
1616 4606 1780 4659 etiam
1806 4608 2157 4661 concubitum
2193 4610 2339 4663 :hoc

2445 4614 2542 4681 την
2577 4612 2847 4678 σύζευξιν.
2886 4615 2945 4665 Ei
2984 4615 3041 4666 δὲ
3068 4617 3252 4679 τοῦτο,
3284 4615 3387 4668 ποῦ
3417 4618 3603 4687 χώραν
3642 4620 3754 4690 ἔχει
3786 4624 4050 4678 ἐνταῦθα

756 4707 935 4751 autem
972 4696 1257 4765 permisso,
1280 4697 1367 4749 ubi
1400 4696 1615 4749 habebit
1639 4698 1961 4753 loeutnilhtd
1996 4715 2010 4753 :
2040 4698 2232 4757 Melius
2262 4713 2346 4757 est

757 4791 963 4843 nubere
1018 4804 1181 4858 quam
1235 4787 1363 4841 uri?
1406 4786 1531 4841 Jam
1568 4804 1698 4843 vero
1751 4790 1875 4843 audi
1904 4806 2025 4860 qua:
2086 4792 2337 4849 Clemens

758 4884 911 4946 dicit,
931 4879 1376 4934 excellentissimi
1399 4878 1540 4932 Petri
1561 4881 1868 4949 discipulus
1893 4891 1947 4935 et
1967 4884 2206 4951 auditur,
2232 4901 2341 4939 non

758 4974 984 5027 inferior
1038 4973 1162 5041 quis
1208 4981 1301 5025 aut
1339 4969 1433 5040 qui
1483 4972 1643 5041 longo
1700 4984 1817 5041 past
1857 4973 2006 5026 illum
2054 4975 2338 5029 intervallo

759 5069 897 5119 inter
931 5065 1177 5118 homines
1217 5072 1574 5117 conversatus
1604 5064 1672 5117 sit
1702 5081 1717 5119 :
1759 5062 2101 5135 Monogamia
2128 5078 2334 5120 natum

755 5177 817 5213 ξιιῖ
852 5160 953 5229 legi
1018 5167 1386 5211 consentanea
1441 5165 1544 5220 est,
1602 5157 1872 5225 siquidem
1930 5158 2113 5212 divino
2145 5161 2335 5214 nititur

756 5255 1033 5313 mandato,
1077 5251 1310 5319 tligamia
1375 5266 1505 5303 vero
1549 5261 1671 5319 post
1722 5252 2145 5320 promissionem
2197 5254 2341 5322 illegi

755 5347 912 5410 litua,
950 5359 1057 5395 non
1093 5344 1163 5394 ob
1194 5342 1666 5409 coniunctionem,
1706 5346 1800 5396 sed
1834 5347 1903 5397 ob
1948 5346 2292 5399 mendacium
2327 5360 2341 5410 ;

756 5437 1005 5507 trigamia
1044 5435 1482 5504 intemperantia:
1516 5434 1816 5499 indicium;
1851 5452 1973 5505 quae
2010 5448 2192 5492 autem
2243 5440 2339 5492 tri-

753 5530 988 5600 gamiam
1043 5529 1295 5589 excedit,
1343 5536 1530 5597 aperta
1577 5525 1868 5581 fornicatio
1915 5537 1999 5583 est
2042 5539 2094 5584 et
2120 5530 2339 5585 indubia

755 5620 1180 5685 iacontinentia;
1204 5631 1259 5673 tu
1296 5636 1421 5674 vero
1459 5634 1580 5674 eam
1616 5620 1947 5675 matrimonii
1980 5624 2201 5678 nomine
2242 5627 2343 5678 hu-

756 5712 955 5769 tzuras?
1001 5713 1260 5768 Ecl-lesite
1309 5714 1517 5767 lumina
1572 5730 1803 5784 quorum
1868 5716 1955 5769 lux
1992 5726 2044 5770 et
2094 5718 2340 5773 doctrina

832 5869 1033 5925 ἰιι-ιτ.
1069 5887 1190 5936 λιιι,
1220 5871 1269 5925 4.
1351 5871 1366 5900 ⁸
1390 5870 1511 5923 (lor.
1554 5886 1645 5938 vn,
1686 5870 1738 5927 9.
1818 5871 1837 5903 ³
1866 5872 1997 5928 ibid.

2441 4703 2503 4757 τὺ
2554 4704 2822 4772 Κρείσσον
2877 4707 3130 4775 γαμῆσαι
3174 4709 3205 4779 ἢ
3257 4711 3602 4779 πυρουσοαις
3639 4715 3749 4767 Καὶ
3789 4714 4052 4771 ἄκουσον

2441 4793 2529 4850 οἷα
2561 4815 2690 4867 φησι
2728 4800 2961 4870 Κλήμης
3000 4802 3028 4852 ὁ
3061 4802 3155 4854 τοῦ
3186 4804 3492 4872 κορυφαίου
3528 4807 3737 4875 Πέτρου
3766 4807 4052 4879 μαθητὴς

2443 4891 2537 4942 καὶ
2588 4892 2878 4963 αὐτήκοος,
2930 4892 3047 4944 ἀλλ’
3096 4893 3219 4963 οὐχὶ
3269 4895 3378 4948 τῶν
3423 4902 3721 4967 κατωτέρω
3771 4915 3874 4961 τις.
3929 4907 4053 4955 καὶ

2450 4984 2668 5051 μακράν
2694 4984 2794 5053 τῆς
2820 4984 3029 5037 ἐκείνου
3068 4988 3189 5055 μετ’
3231 4987 3539 5057 ἀνθρώπων
3582 4989 3765 5060 βιοτῆς
3796 4991 4052 5046 διεστώ-

2445 5091 2587 5125 των·
2627 5076 2950 5146 Μονογαμία
2996 5076 3096 5146 μὲν
3136 5078 3279 5131 κατά
3312 5083 3477 5148 νόμον
3514 5082 3776 5148 γινομένη
3812 5080 4055 5149 δικαία,

2446 5164 2522 5227 ὡς
2556 5165 2622 5217 ἂν
2648 5166 2791 5219 κατὰ
2838 5168 3065 5239 γνώμην
3114 5169 3441 5239 ὑπάρχουσα
3494 5170 3627 5221 Θεοῦ
3651 5186 3663 5197 ·
3706 5171 3941 5241 διγαμία
3978 5176 4055 5228 δὲ

2450 5256 2587 5322 μετὰ
2614 5256 2950 5322 ἐπαγγελίαν
2984 5258 3323 5327 παράνομος,
3354 5261 3416 5311 οὐ
3455 5261 3544 5312 διὰ
3570 5260 3669 5329 τὴν
3702 5263 4060 5330 συνάφειαν,

2445 5347 2577 5400 ἀλλὰ
2611 5348 2698 5400 διὰ
2726 5352 2786 5400 τὸ
2807 5348 3029 5417 ψεῦδος·
3065 5351 3333 5419 τριγαμία
3357 5352 3413 5404 δὲ
3442 5352 3716 5423 ἀκρασίας
3758 5358 4007 5423 σημεῖον
4046 5377 4060 5387 -

2442 5444 2501 5494 τὸ
2537 5442 2591 5495 δὲ
2633 5442 2774 5511 ὑπὲρ
2820 5444 2918 5510 τὴν
2964 5445 3289 5512 τριγαμίαν,
3325 5449 3614 5517 προφανὴς
3651 5450 3879 5519 πορνεία
3931 5458 4056 5504 καὶ

2445 5536 2704 5603 ἀσέλγεια
2731 5536 3102 5606 ἀναμφίῦολος
3131 5554 3143 5566 ·
3188 5540 3282 5591 καὶ
3314 5540 3377 5590 σὺ
3408 5540 3486 5609 τῷ
3516 5540 3609 5593 τοῦ
3644 5547 3825 5611 γάμου
3857 5549 4058 5617 τιμᾷς

2447 5629 2840 5700 προσρήματι;
2908 5629 3116 5682 Ἀλ.λόἱ
3164 5630 3263 5698 τῆς
3318 5631 3646 5701 Ἐκκλησίας
3700 5634 4059 5705 φωστῆρες,

2444 5716 2517 5775 ὄιν
2554 5723 2614 5774 τὸ
2660 5722 2775 5791 φῶς
2805 5724 2903 5794 τῆς
2942 5723 3296 5789 διδασκγλὶας
3345 5726 3439 5779 καὶ
3488 5726 3598 5779 τῶν
3649 5729 3902 5799 πράξεων
3955 5736 4065 5797 εἰς
