4182 6428
166 414 276 478 209

1644 413 2053 476 EPISTOLE.

3328 416 3434 478 210

165 530 357 580 πᾶσαν
389 523 665 605 ἐξέλαμψε
696 525 793 594 τὴν
825 526 1173 597 οἰκουμένην,
1208 527 1476 599 κτῃνῶδες
1510 528 1640 583 αὐτὸ
1667 531 1757 583 καὶ

1861 537 1915 583 et
1946 529 2102 585 factis
2140 528 2450 583 universam
2483 540 2680 583 terram
2701 530 3061 598 collustravit,
3088 531 3299 587 brutale
3331 534 3436 587 hoc

162 624 268 688 τῆς
316 619 546 684 φύσεως
588 617 911 686 ἀλλότριον*
966 621 1053 672 ναι
1098 620 1155 672 δὲ
1212 623 1308 673 καὶ
1366 620 1483 690 βίον
1535 622 1759 676 καλοῦσι

164 711 437 781 χοιρώδη,
475 711 570 762 καὶ
606 711 667 763 σὺ
705 710 1057 781 ἀποχρῆσθαι
1092 712 1166 774 ὼς
1197 713 1363 781 γάμῳ
1399 716 1510 774 τοῖς
1545 714 1759 781 ἀνθρώ-

166 818 289 862 ποις
347 801 599 862 κελεύεις
647 800 726 871 τῷ
772 803 1012 870 τοσούτῳ
1063 802 1433 872 βδελύγςιατις
1492 805 1580 868 Ὦς
1628 807 1759 859 Θαυ-

165 892 378 959 μαστὸς
415 888 471 943 εἷ
506 892 609 958 τῆς
633 893 895 960 προνοίας
925 891 1018 945 τοῦ
1049 893 1326 947 διδάσκειν
1362 898 1419 947 ὲν
1467 898 1758 966 σεμνότητι

164 984 257 1034 καὶ
290 983 473 1049 ἀξίως
504 985 607 1054 τῆς
646 983 886 1053 Χριστοῦ
934 986 1179 1055 κλήσεως
1211 988 1337 1049 τοὺς
1380 987 1485 1040 ὑπ’)
1537 987 1629 1039 σοῦ
1675 988 1758 1040 δι-

162 1074 554 1144 δασκομένους
589 1076 1006 1141 πολιτεύεσθαις
1042 1077 1354 1148 Ἄνθρωπε,
1385 1080 1560 1144 οὐδεὶς
1593 1081 1759 1147 ἁγια-

166 1164 313 1231 σμοῦ
347 1168 531 1234 χωρὶς
584 1168 677 1220 τὸν
732 1166 941 1234 Κύριον
974 1169 1164 1239 ῑψεται
1190 1186 1204 1201 ο
1246 1170 1517 1239 ἁγιασμὸς
1558 1170 1613 1222 δὲ
1638 1170 1757 1233 πῶς

163 1256 225 1306 ἂι
254 1273 346 1318 τις
399 1258 763 1327 προσγένοιτο
810 1258 891 1329 τῷ
940 1261 1240 1329 ἀκαθάρτῳ
1278 1262 1506 1333 πορνείᾳ
1542 1279 1758 1331 συμπε-

164 1346 457 1415 φνρμέτῳ.
498 1348 605 1400 Καὶ
652 1348 814 1410 ἄλλος
854 1348 986 1419 ἔφη·
1022 1349 1326 1412 Μισοῦντες
1374 1368 1466 1403 και
1514 1351 1605 1404 τὸν
1649 1353 1759 1405 ἀπὸ

163 1438 259 1504 τῆς
286 1440 509 1509 σαρκὸς
539 1440 919 1509 ἐσπιλωμένον
958 1441 1198 1511 χιτῶνα·
1235 1441 1396 1496 τοῦτο
1431 1444 1486 1497 δὲ
1531 1448 1582 1497 τί
1631 1444 1759 1498 ἄλλο

164 1530 449 1599 βούλεται,
478 1533 513 1602 ἢ
548 1533 609 1586 τδ
636 1533 861 1603 φεύγειν
890 1535 987 1600 τὰς
1017 1535 1118 1603 τῆς
1146 1535 1401 1604 πορνείας
1421 1536 1685 1604 κηλίδαςς

240 1623 419 1676 Ἀλλὰ
470 1622 730 1693 βασιλεὺς
756 1626 785 1677 ὁ
824 1624 920 1696 τὴν
954 1625 1225 1695 τετάρτην
1272 1629 1511 1693 γυναῖκα
1554 1624 1755 1695 ζητῶν,

163 1718 254 1770 καὶ
283 1720 374 1771 δεῖ
424 1723 788 1789 παραχωρεῖν
832 1718 1089 1790 βασιλικῇ
1126 1719 1414 1791 ἐπιθυμία.
1458 1719 1653 1783 Καλῶς
1694 1736 1757 1787 γε

164 1810 223 1863 σὺ
246 1810 428 1880 τιμᾷς
462 1809 526 1862 τδ
546 1811 743 1878 στέφος
768 1813 866 1877 τῆς
896 1809 1199 1879 βασιλείας,
1225 1810 1397 1880 καλὴν
1418 1811 1567 1881 αὐτῷ
1596 1810 1758 1876 δόξαν

164 1875 395 1972 παρέξῃ..
434 1903 511 1954 'll
540 1875 677 1955 διότι
713 1875 1025 1956 τῶν-ἄλλων
1052 1875 1457 1974 ὑπερκάθηται,
1482 1875 1570 1957 διά
1599 1875 1760 1957 τοντο
1789 1875 1835 1933 Β

161 1994 415 2063 ἆῖήσειεν
447 1993 618 2047 αὐτὸν
655 1994 1067 2065 ρυπωδέστερον
1089 1991 1233 2049 εἶναι
1262 1996 1358 2049 καὶ
1390 1996 1753 2067 ἀτιμότερον;

161 2086 226 2138 Σύ
258 2104 362 2155 μοι
388 2087 576 2146 δοκεῖς
603 2087 829 2142 καὶτῶν
866 2089 1044 2142 ποδῶν
1074 2089 1281 2158 μᾶλλον
1305 2088 1446 2143 ὥστε
1476 2088 1757 2161 καὺαροὺς

161 2173 301 2231 εἶναι
337 2178 746 2250 φροντίζειν,ἢ
780 2178 875 2232 τοῦ
906 2181 1200 2251 προσώπου
1234 2183 1327 2235 καὶ
1368 2182 1494 2245 τοὺς
1535 2182 1634 2252 μὲν
1683 2184 1761 2254 μὴ

159 2271 647 2341 προσεμ6ι6άξειν
695 2271 874 2343 πηλῷ,
915 2276 1013 2343 τῆς
1056 2274 1114 2328 δὲ
1156 2275 1399 2344 κεφαλῆς
1432 2276 1506 2346 μὴ
1543 2279 1763 2344 φροντί-

161 2362 273 2424 ζειν
322 2364 377 2414 εί
436 2365 794 2432 καταχέοιτο.
847 2364 990 2417 Ἀλλ’
1034 2366 1411 2435 ὑπολαμϐάνω
1462 2367 1539 2439 μὴ
1587 2367 1762 2433 δόξειν

162 2453 333 2507 έαῦτα
364 2456 488 2517 τοῖς
529 2454 735 2523 ὁρίζειν
775 2457 975 2510 εἰδόσιν
1017 2457 1367 2531 ὑψηλοτέρων
1414 2463 1759 2531 πραγμάτων

161 2548 251 2598 καὶ
290 2550 713 2618 ταπεινοτέρων
753 2550 1225 2620 διαφοράν.Μίγα
1275 2554 1373 2623 μὲν
1416 2557 1522 2623 γὰρ
1552 2553 1615 2606 τὸ
1655 2554 1755 2625 τῆς

162 2640 452 2707 βασιλείας
498 2644 760 2711 πρᾶγμα,
798 2644 892 2695 καὶ
934 2643 1055 2697 δέον
1116 2645 1404 2699 πείθεσθαι
1455 2646 1759 2715 βασιλεῦσι,

162 2734 235 2802 μὴ
261 2735 322 2787 δὲ
371 2738 493 2795 τοῖς
541 2737 967 2805 προστάγμασιν
998 2736 1179 2791 αὐτῶν
1220 2738 1569 2794 ἀντιτείνειν.
1621 2739 1760 2793 Ἀλλ’

161 2830 216 2878 ἰν
246 2827 496 2890 ἐκείνοις
525 2829 640 2889 τοῖς
676 2829 1096 2899 προστάγμασιν
1123 2833 1181 2882 ἓν
1210 2824 1289 2891 οἷς
1331 2831 1677 2901 διαφαίνεται
1704 2834 1763 2885 τὸ

161 2923 255 2990 τῆς
308 2920 607 2992 βασιλείας
659 2922 902 2989 ἀξίωμα,
930 2926 1267 2996 προστάσσει
1310 2927 1759 2997 δικαιοπραγεῖν·

162 3014 324 3068 τοῦτο
364 3014 661 3085 βασιλικὸν
694 3012 913 3087 άληθῶς
955 3019 1307 3089 πρόσταγμα,
1337 3024 1428 3074 καὶ
1455 3023 1537 3075 δεῖ
1564 3023 1642 3092 μὴ
1670 3025 1764 3075 άν-

163 3108 432 3174 τιλὲγειν.
465 3109 701 3163 Κελεύει
738 3110 862 3163 κατ’
908 3111 1116 3181 ἐχθρῶν
1147 3112 1506 3179 ὁπλίζεσθαις
1544 3113 1765 3179 Ἔδοξε-ν

1862 628 1913 673 et
1945 619 2013 673 ab
2037 618 2275 673 humana
2309 630 2499 675 natura
2529 619 2790 685 alienum,
2824 622 2933 676 imo
2954 622 3120 677 vitam
3153 628 3433 693 porcinam

1862 719 2231 774 vocaverunt;
2285 718 2339 762 tu
2401 722 2580 765 autem
2633 711 2947 768 hominibus
2994 715 3124 768 illud
3165 716 3435 785 piaculum

1864 813 2125 871 tanquam
2192 802 2600 857 matrimonium
2666 806 3045 859 commendas?
3078 807 3251 873 Quam
3298 812 3434 863 mira

1861 907 1945 951 est
1969 897 2215 951 doctrina
2252 907 2364 958 tua,
2399 912 2519 965 qua:
2552 896 2622 949 ita
2664 914 2692 951 a
2738 908 2788 952 te
2832 898 3102 954 institutis
3132 909 3185 954 et
3225 902 3436 957 edoctis

1863 987 2124 1057 praecipit,
2166 996 2224 1040 ut
2257 989 2309 1041 in
2348 989 2631 1042 honestate
2663 999 2715 1042 et
2756 991 2829 1044 uti
2864 990 3212 1046 Christianos
3242 995 3395 1049 decet
3418 1037 3434 1055 .

1863 1083 2028 1135 vitam
2071 1082 2413 1148 transigant?
2446 1079 2543 1135 Vir
2591 1081 2753 1145 boue,
2788 1100 2945 1140 nemo
2977 1086 3095 1140 sine
3146 1088 3436 1142 sanctitate

1864 1174 2151 1229 Dominum
2182 1174 2426 1229 videbit:
2464 1186 2517 1230 at
2555 1180 2818 1231 sanctitas
2852 1180 3132 1245 quomodo
3171 1181 3276 1235 erit
3314 1180 3435 1250 ejus

1862 1270 1952 1337 qui
1987 1268 2399 1322 fornicationem
2453 1279 2693 1323 sectatur
2740 1271 3036 1341 impuram.
3071 1274 3223 1330 Alius
3270 1289 3437 1344 porro

1860 1361 1999 1415 dixit
2025 1378 2039 1413 :
2068 1360 2171 1426 Qui
2204 1363 2441 1415 oderunt
2464 1364 2699 1418 tunicam
2726 1380 2754 1419 a
2786 1380 2951 1419 carne
2983 1367 3434 1435 contaminatam;

1861 1453 2068 1523 etquid
2100 1454 2200 1508 hoc
2232 1454 2348 1509 vult
2398 1454 2547 1509 aliud
2581 1456 2763 1511 dicere
2798 1473 2962 1527 quam
2995 1459 3143 1529 quod
3194 1458 3437 1515 fornica.

1862 1544 2036 1600 tiones
2074 1546 2263 1600 sordes
2292 1546 2475 1615 fugere
2512 1547 2847 1604 debeamus?

1934 1635 2039 1691 Sed
2077 1637 2371 1705 imperator
2398 1650 2482 1696 cst
2511 1641 2604 1710 qui
2636 1652 2887 1711 quartam
2931 1661 3154 1701 uxorem
3220 1648 3439 1716 quaarit,

1861 1728 2091 1800 ejusque
2128 1730 2405 1785 desiderio
2464 1733 2982 1802 obtemperandum.
3037 1736 3258 1792 Scilicet
3308 1739 3443 1791 mire

1866 1824 2106 1879 honoras
2135 1838 2397 1879 coronam
2446 1826 2670 1897 regiam,
2722 1828 3046 1897 praeclarum
3090 1829 3141 1884 ei
3179 1830 3442 1898 splendoo

1864 1931 1977 1970 rem
2015 1916 2297 1973 concedis.
2348 1916 2491 1988 Ergo
2516 1918 2645 1987 quia
2678 1936 2871 1974 omnes
2899 1920 3164 1989 dignitate
3217 1938 3443 1992 superc-

1862 2008 2054 2074 minet,
2085 2010 2205 2064 ideo
2254 2009 2423 2065 etiam
2476 2025 2588 2078 pra:
2639 2011 2896 2066 omnibus
2954 2016 3358 2069 contaminatus
3389 2026 3443 2070 et

1863 2101 2226 2157 inhonoratus
2276 2117 2400 2159 esse
2449 2103 2645 2159 debet?
2699 2105 2780 2158 Tu
2831 2106 3052 2176 quidem
3108 2107 3158 2160 id
3203 2109 3442 2162 maxime

1863 2209 2059 2251 curare
2098 2195 2233 2251 mihi
2257 2196 2460 2251 videris
2502 2205 2562 2250 ut
2618 2198 2781 2266 pedes
2823 2200 2945 2267 puri
3000 2198 3133 2264 sint,
3156 2200 3223 2254 de
3267 2201 3444 2270 capite

1863 2299 2041 2346 autem
2075 2291 2281 2359 polluto
2316 2291 2457 2346 haud
2495 2291 2737 2362 cogitare
2768 2308 2783 2346 :
2809 2293 2918 2363 Ego
2944 2308 3073 2346 vero
3107 2294 3303 2362 opinor
3338 2295 3445 2347 illis

1863 2382 1956 2446 qui
1993 2397 2185 2453 magna
2227 2394 2389 2454 atque
2419 2399 2584 2453 parva
2639 2385 2807 2454 probo
2842 2384 2987 2439 inter
3042 2403 3101 2441 se
3133 2386 3447 2441 discernere

1866 2486 2067 2531 norunt
2092 2477 2249 2531 aliter
2280 2478 2475 2531 rideri.
2504 2476 2834 2532 Preclarum
2884 2494 3017 2533 sane
3045 2479 3176 2549 quid
3203 2479 3443 2549 dignitas

1868 2570 2035 2639 regia.
2085 2568 2319 2625 Necesse
2350 2580 2432 2624 est
2462 2570 2682 2639 regibus
2711 2571 2924 2625 obediri
2950 2588 3128 2641 neque
3169 2572 3442 2627 mandatis

1863 2674 2053 2713 eorum
2102 2660 2416 2730 repugnari,
2470 2660 2745 2715 mandatis
2804 2661 2926 2715 dico
2957 2662 3159 2730 quibus
3207 2663 3447 2732 dignitas

1866 2753 2011 2821 regia
2067 2762 2297 2822 apparet
2344 2761 2665 2822 rectumque
2702 2753 2882 2808 facere
2917 2754 3069 2823 jubet
3103 2773 3117 2810 :
3156 2755 3258 2809 hoc
3298 2757 3443 2809 enim

1864 2854 1949 2899 est
1991 2846 2307 2900 mandatum
2340 2861 2467 2901 vere
2520 2848 2730 2917 regium
2764 2863 2939 2917 neque
2981 2849 3107 2901 licet
3158 2848 3440 2919 refragari.

1866 2934 2040 2991 Edicit
2069 2946 2261 2991 contra
2295 2937 2480 2993 hostes
2508 2953 2661 2992 arma
2705 2938 2971 2993 sumere?
3007 2937 3233 2993 Videtur
3261 2941 3310 2995 ei
3343 2941 3445 2992 ali-

1866 3030 1994 3098 quid
2023 3030 2077 3083 in
2109 3029 2425 3099 reipublicae
2459 3030 2811 3085 commodum
2851 3032 3244 3087 introducere?
3284 3032 3447 3087 Sum-

1869 3136 1958 3174 mo
2021 3120 2204 3175 studio
2232 3122 2377 3190 quod
2428 3123 2522 3177 ille
2573 3124 2817 3193 praecipit
2849 3130 3262 3195 exsequendum
3317 3129 3443 3183 erit.

162 3200 315 3269 αὐτῷ
369 3202 763 3270 συνεισφέρειν
803 3218 857 3255 τι
892 3204 1031 3273 πρὸς
1079 3204 1181 3275 τὴν
1224 3205 1335 3257 τῶν
1367 3205 1564 3259 κοινῶν
1607 3210 1758 3260 λυσι-

1867 3213 2028 3269 Aliud
2061 3215 2193 3284 quid
2230 3215 2345 3269 ﬁeri
2370 3214 2533 3270 edicit
2561 3231 2673 3284 quo
2700 3216 2985 3284 imperium
3013 3217 3446 3288 populorumque

161 3296 426 3359 τέλειανς
457 3296 648 3366 Τιμᾷν
696 3297 848 3369 πάσῃ
878 3297 1084 3368 σπουδῇ
1114 3298 1178 3351 τὸ
1201 3298 1400 3369 δόγμα.
1440 3296 1607 3353 Εἶπεν
1634 3301 1764 3354 ἄλλο

161 3406 213 3442 τι
259 3389 546 3457 πράττειν
588 3388 699 3441 τῶν
738 3389 1001 3443 σύστασιν
1040 3390 1318 3460 φερόντων
1362 3392 1455 3445 καὶ
1490 3392 1660 3463 τιμὴν
1692 3394 1760 3463 τῇ

162 3487 332 3555 ἀρχῇ.
360 3485 463 3537 καὶ
495 3486 607 3546 τοῖς
634 3484 742 3536 ὑπὸ
765 3487 925 3555 χεῖρα
953 3485 1195 3549 τελοῦσι,
1236 3489 1412 3539 ποιεῖν
1456 3497 1670 3557 ταχέως
1698 3492 1762 3541 τὸ

160 3577 686 3647 προσταττόμενον.
729 3576 918 3631 Ταῦτα
969 3577 1253 3647 βασιλικὰ,
1290 3578 1387 3632 καὶ
1437 3579 1758 3647 ἀναγκαῖον,

162 3670 375 3737 μᾶλλον
428 3668 488 3723 δὲ
534 3670 937 3739 ἀπαραίτητον,
986 3671 1207 3741 ἕτοιμον
1254 3671 1519 3741 παρέχειν
1563 3670 1645 3733 είς
1700 3670 1761 3724 τὸ

158 3765 392 3819 ἀκούειν
417 3765 480 3816 τι
515 3762 630 3825 οὓς.
676 3762 905 3817 Κελεύει
940 3764 1128 3826 πάλιν,
1160 3762 1250 3817 οἷα
1278 3765 1346 3818 τὰ
1374 3766 1471 3817 τοῦ
1503 3764 1755 3818 διαϐόλου

160 3858 386 3925 πονηρᾶ
443 3857 837 3925 ὑποϐλήματα,
890 3860 970 3920 είς
1009 3857 1144 3911 Θεὸν
1174 3858 1434 3923 ἀσεϐεῖνς
1485 3857 1661 3912 Τοῦτο
1696 3858 1757 3911 οὗ

160 3948 497 4017 βασιλικόνο
556 3948 756 4001 οὐκοῦν
815 3948 940 4001 οὐδὲ
1000 3949 1222 4002 πιστέον
1277 3948 1455 4019 αὐτῷ,
1510 3949 1628 4003 ἀλλ’
1685 3949 1760 4013 ὡς

158 4040 403 4104 ἀσεϐοῦς
456 4040 650 4109 ἀνδρὸς
696 4040 896 4103 ἀσεϐὲς
954 4040 1286 4111 πρόσταγμα
1339 4042 1491 4111 παρὰ
1552 4039 1760 4110 φαῦλον

158 4134 450 4204 ποιητέον.
508 4132 735 4187 Κελεύει
794 4136 1261 4206 σνκοφαντεῖν,ἢ
1319 4136 1458 4206 δόλῳ
1510 4135 1758 4205 ἀναιρεῖν

154 4244 351 4288 τινας,
406 4226 444 4296 ἢ
505 4225 722 4296 γάμους
779 4226 1035 4298 ὀρύσσειν
1080 4227 1423 4299 ἀλλοτρίους,
1471 4228 1504 4298 ἦ
1556 4228 1759 4291 ἀδίκως

155 4319 474 4389 ἀφελέσθαι
539 4320 608 4373 τὰ
668 4319 930 4391 ἀλλότρια
992 4320 1336 4390 πράγματας
1398 4321 1533 4375 οὐδὲ
1596 4322 1756 4375 τοῦτο

158 4411 462 4479 βασιλικῆς
509 4410 710 4481 ἀρχῆς,
746 4410 885 4464 ἀλλὰ
927 4412 1239 4467 λωποδύταυ
1279 4414 1374 4467 καὶ
1406 4412 1755 4481 συκοςςάντον

158 4507 253 4557 καὶ
307 4502 509 4573 μοιχοῦ
563 4503 658 4559 καὶ
697 4504 970 4574 ἅρπαγος.
1004 4506 1112 4559 Καὶ
1141 4506 1195 4558 εί
1224 4523 1309 4568 τις
1351 4504 1627 4577 Θεοφιλὴς,
1663 4508 1758 4559 καί

1865 3305 2017 3360 salus
2047 3315 2435 3375 promereatur
2465 3321 2527 3359 ac
2548 3298 2879 3368 stab'iliatur.
2912 3307 3201 3362 confestim
3235 3324 3442 3362 mort-in

1863 3412 2137 3467 geremus.
2188 3395 2314 3453 llzec
2353 3413 2533 3468 regem
2586 3397 2801 3464 decent,
2858 3408 2911 3452 et
2941 3402 3271 3464 necessario,
3335 3402 3447 3455 inm

1866 3490 2294 3546 irrecusahiliter
2324 3507 2512 3547 aurem
2546 3493 2787 3561 praebere
2819 3492 3114 3560 oportebit.
3153 3488 3235 3547 At
3257 3505 3447 3548 contra

1862 3585 2029 3639 edicit
2062 3585 2210 3655 quod
2245 3600 2408 3655 prave
2446 3601 2473 3639 a
2518 3585 2737 3639 diabolo
2783 3586 3121 3655 suggeritur,
3175 3598 3232 3640 ut
3282 3587 3449 3656 impie

1862 3679 2128 3733 adversus
2184 3677 2354 3733 Deum
2393 3678 2664 3748 agamus?
2715 3676 2830 3730 Hoc.
2872 3692 2999 3731 vero
3044 3693 3153 3731 non
3214 3677 3444 3746 regium.

1863 3772 2097 3843 ideoque
2128 3774 2177 3828 ei
2208 3772 2343 3829 lides
2374 3771 2718 3841 deneganda,
2755 3772 3050 3837 etjussnm
3083 3781 3343 3841 tanquam
3380 3772 3449 3823 ah

1864 3866 2032 3936 impio
2088 3866 2309 3921 homine
2366 3864 2675 3935 profectum
2738 3880 2837 3933 pro
2895 3866 3053 3919 irrito
3112 3864 3445 3919 habendum.

1860 3955 2022 4011 Juhet
2058 3956 2406 4019 calumniari,
2442 3964 2538 4009 aut
2573 3957 2763 4010 dolose
2810 3956 3120 4009 intcrlicere
3155 3954 3316 4019 alios,
3357 3963 3447 4008 aut

1864 4046 2085 4116 nuptias
2130 4046 2340 4100 alienas
2370 4044 2652 4111 suﬂ‘urari,
2685 4053 2780 4099 aut
2826 4044 3027 4113 injuste
3054 4042 3292 4113 diripere
3321 4060 3443 4111 quae

1862 4147 1991 4193 sunt
2017 4138 2250 4192 aliorum
2276 4138 2300 4191 τ
2329 4136 2518 4207 Neque
2561 4138 2666 4192 hoc
2693 4145 2777 4192 est
2812 4137 2972 4206 regia:
3020 4135 3321 4205 dignitatis,
3353 4137 3445 4187 sed

1864 4228 2044 4297 potius
2068 4226 2204 4283 furis
2230 4236 2284 4282 et
2313 4225 2737 4282 calumniatoris
2766 4236 2821 4281 et
2848 4225 3082 4279 adulteri
3107 4234 3161 4278 ct
3183 4224 3355 4279 avari.
3385 4224 3443 4275 Si

1860 4321 1984 4391 quis
2024 4320 2189 4390 igitur
2250 4320 2419 4375 Deum
2472 4319 2651 4389 diligit
2696 4334 2761 4375 ac
2796 4328 3097 4385 reveretur,
3149 4325 3205 4371 et
3239 4316 3441 4385 regiam

1862 4421 2186 4481 potestatem
2245 4410 2510 4467 divinitus
2564 4425 2883 4467 concessam
2945 4425 3067 4466 esse
3118 4422 3443 4478 persuasum

1861 4506 1963 4559 sibi
2018 4503 2205 4569 habet,
2240 4503 2560 4573 lmjusmodi
2614 4503 2855 4559 sordidis
2905 4503 3175 4557 mandatis
3207 4517 3315 4555 non
3348 4501 3443 4554 ob-

157 4598 215 4649 τι
268 4596 427 4649 ΰεῖον
476 4596 675 4665 τιμῶν,
708 4598 804 4650 καὶ
850 4598 950 4667 τὴν
990 4598 1048 4663 ἐξ
1096 4598 1262 4651 αὑτοῦ
1304 4599 1755 4669 παρασχεθεῖσαν

1865 4597 2209 4666 temperabit,
2261 4614 2326 4652 ac
2374 4605 2555 4666 potius
2589 4596 2757 4649 vitam
2797 4594 3073 4659 amittere,
3119 4608 3283 4664 quam
3315 4593 3444 4647 talia

154 4689 250 4739 ἐπὶ
289 4687 405 4754 γῆς
446 4686 757 4756 βασιλείαν,
795 4688 896 4739 οὐκ
929 4689 995 4740 ἂν
1037 4688 1294 4760 πεισθείη
1327 4687 1596 4752 τοιούτοις
1629 4706 1756 4757 μια-

1859 4690 2071 4759 jubcnti
2104 4703 2294 4743 aurem
2333 4690 2575 4760 praebere
2606 4689 2778 4743 volet.

156 4799 275 4851 ῳις
327 4782 729 4850 ἐπιτάγμασιν,
775 4780 911 4835 άλλά
975 4781 1240 4854 πρότερον
1293 4782 1467 4836 ἕλοιτο
1525 4782 1591 4837 ἂν
1642 4782 1741 4854 τὴν
1780 4784 1961 4854 ψυχὴν
2021 4784 2327 4854 ἀφεῖναι,ἢ
2387 4782 2482 4835 τοῦ
2553 4782 2869 4845 κελεύοντος
2927 4782 2995 4835 τὰ
3054 4778 3281 4833 τοιαῦτα
3347 4794 3443 4843 γεο

152 4874 350 4929 visam
376 4875 685 4943 ὑπηρέτης.

224 4968 293 5020 Εἰ
331 4967 430 5018 καὶ
454 4965 604 5035 οἶμοι
635 4966 737 5036 τῆς
763 4966 1114 5039 ἀνθρωπίνης
1138 4970 1312 5040 ῥοπῆς
1354 4971 1448 5024 ἐπὶ
1482 4969 1548 5024 τέι
1582 4969 1763 5040 χείρω

155 5061 464 5122 πλείστους
496 5061 526 5128 ἡ
561 5060 729 5113 κακία
776 5060 890 5130 ἔχει
950 5063 1049 5131 τῆς
1079 5062 1380 5133 θεραπείας
1409 5064 1581 5133 αὐτῆς
1622 5066 1755 5132 ἐρα-

154 5155 331 5216 στάς·
377 5154 601 5217 ἀγνοεῖς
632 5152 713 5205 ὃτι
765 5154 983 5223 πέφυκε
1014 5156 1073 5208 τὸ
1116 5156 1423 5227 ἀρχόμενον
1461 5150 1574 5209 οἷον
1614 5156 1753 5225 πρὸς

155 5245 530 5317 παράδειγμα
580 5243 671 5296 τὸν
727 5244 965 5315 ἄρχοντα
1015 5247 1277 5318 βλέπεινς
1333 5248 1439 5301 Καὶ
1494 5250 1546 5300 τί
1594 5247 1756 5301 τοῦτο

151 5341 336 5405 lira);
370 5338 555 5389 Ὀπον
591 5354 653 5404 γε
688 5338 901 5391 καὶτοῦ
929 5339 1193 5408 ἄρχοντος
1241 5339 1389 5411 πάσῃ
1423 5340 1751 5409 κοσμιότητι

154 5429 437 5499 βιοῦντος,
474 5427 623 5497 ὅμως
652 5428 712 5480 τὸ
732 5428 1034 5497 ἀρχόμενον
1065 5431 1160 5483 ἐπὶ
1187 5430 1256 5483 τὰ
1290 5431 1511 5483 ἐναντία
1552 5433 1751 5500 κέκτη-

151 5540 249 5574 ται
275 5522 383 5590 τὴν
442 5521 741 5589 ἐπιφορὰν,
774 5521 863 5574 διὰ
900 5523 1001 5592 τὴν
1035 5523 1123 5574 ἀεὶ
1150 5523 1458 5593 τρέχουσαν
1508 5524 1646 5595 πρὸς
1680 5524 1747 5576 τὰ

152 5617 307 5669 κάτω
340 5613 439 5666 καὶ
470 5612 573 5682 τὴν
600 5612 735 5684 ὕλην
770 5617 1094 5686 προαίρεσιν
1132 5616 1245 5670 τῶν
1273 5616 1603 5689 ἀνθρώπων.
1650 5618 1750 5670 Διὰ

159 5709 317 5761 τοῦτο
350 5707 465 5778 γὰρ
516 5706 613 5761 καὶ
662 5708 817 5775 νόμοι
858 5710 1153 5771 τέθεινται.
1193 5712 1275 5765 ὃτι
1308 5713 1381 5781 μὴ
1424 5712 1469 5765 δ’
1518 5712 1637 5765 ἔστι
1688 5711 1750 5764 τὸ

152 5799 521 5867 παράδειγμα
560 5796 657 5852 τοῦ
691 5799 901 5867 ἀγαθοῦ
948 5802 1210 5872 ἄρχοντος
1256 5802 1442 5857 ἰκανὸν
1505 5802 1749 5873 βελτίους

154 5895 342 5947 ποιεῖν
370 5892 504 5957 τοὺς
534 5890 886 5964 ἀνθρώπους,
914 5894 989 5960 ὡς
1024 5895 1089 5952 ἂν
1118 5894 1197 5969 τῷ
1227 5895 1380 5968 φόϐῳ
1424 5895 1530 5954 τῶν
1566 5898 1749 5968 νόμων

1915 4967 1977 5019 Et
2009 4966 2077 5028 si,
2118 4966 2254 5036 proh
2285 4965 2473 5021 dolor!
2528 4981 2652 5036 qua:
2690 4976 2772 5020 est
2818 4967 3071 5021 humanae
3118 4974 3334 5021 natura:
3370 4968 3436 5023 ad

1853 5059 2036 5129 pejora
2069 5058 2375 5124 inclinatio,
2409 5059 2648 5127 pravitas
2702 5058 2903 5113 multos
2950 5058 3113 5113 habet
3153 5074 3343 5113 servos
3388 5072 3444 5115 et

1852 5150 2113 5213 asseclas,
2142 5153 2433 5221 ignorasne
2457 5150 2736 5217 subjectos
2760 5150 2823 5202 ad
2850 5149 3150 5218 principem
3178 5160 3436 5221 tauquam

1853 5243 1919 5298 ad
1948 5244 2228 5312 exemplar
2264 5242 2591 5310 suspicere?
2619 5240 2762 5307 Quid
2795 5242 2959 5295 dico?
2998 5242 3092 5296 Vel
3127 5250 3240 5295 tum
3267 5260 3437 5312 qnanc

1854 5336 1925 5389 do
1972 5351 2067 5389 rex
2116 5335 2169 5387 in
2223 5349 2439 5387 summa
2495 5333 2695 5401 pietate
2754 5333 2920 5388 vitam
2980 5333 3111 5403 agit,
3163 5335 3411 5403 subjecto

1860 5428 2139 5481 cootrario
2173 5425 2375 5494 impetu
2427 5425 2685 5494 abreptos
2736 5424 3006 5488 videmus,
3044 5425 3313 5493 siquidem
3345 5442 3439 5479 vo-

1858 5520 2046 5574 luntas
2086 5522 2323 5573 humana
2360 5532 2576 5588 semper
2616 5518 2682 5573 ad
2722 5518 3008 5571 materiam
3047 5529 3101 5573 et
3147 5534 3267 5585 qum
3295 5518 3436 5571 infra

1851 5623 1984 5670 sunt
2016 5614 2211 5667 fertur.
2244 5612 2387 5678 Quia
2421 5614 2589 5681 igitur
2618 5626 2686 5665 ne
2728 5611 2859 5665 boni
2908 5613 3128 5681 quidem
3175 5612 3438 5680 pt'ittcip‘s

1852 5708 2164 5779 exemplum
2198 5706 2397 5763 sullicit
2426 5706 2490 5759 ad
2526 5706 2776 5761 homines
2807 5705 3060 5762 meliores
3092 5704 3400 5769 reddendos

1854 5801 1979 5856 ideo
2008 5800 2154 5872 leges
2195 5810 2324 5855 sunt
2349 5799 2493 5863 latae,
2534 5807 2593 5852 ut
2620 5813 2810 5865 regum
2846 5799 3148 5852 reverentia
3183 5812 3210 5850 a
3250 5796 3434 5865 pravis

1855 5894 2053 5952 studiis
2082 5892 2367 5966 prohibiti,
2406 5892 2489 5949 ιρι
2536 5891 2689 5948 inviti
2732 5891 2799 5947 ad
2832 5892 3157 5963 probitatem
3190 5890 3431 5962 dirigan-
