4182 6428
739 464 840 530 211
1869 460 2181 520 NICOLAI
2222 461 2327 521 CP.
2372 461 2883 520 PATRIARCHE
3884 463 3993 527 2152

740 596 848 638 tur.
890 577 1147 633 Provehit
1198 576 1338 630 Deus
1389 574 1625 644 aliquem
1681 575 1745 628 ad
1802 576 2209 643 magistratum,
2247 575 2311 628 ad
2348 580 2386 633 Α

2348 574 2872 645 Αάναστελλόμενοι
2936 575 3036 643 τῆς
3105 579 3351 647 πονηρᾶς
3419 554 3829 648 προέιρέσεως,
3894 582 3992 633 καὶ

740 684 989 739 regnum,
1022 668 1084 721 ad
1114 666 1434 734 dignitatem
1466 665 1921 733 qualemcunque,
1947 680 2053 718 non
2078 674 2156 727 ut,
2186 665 2315 755 quia

2419 668 2645 731 ἄκοντες
2678 669 2814 736 μετὰ
2847 666 2941 720 τοῦ
2974 668 3244 737 βελτίονος
3288 672 3549 736 γένοιντο.
3602 672 3821 740 ’Δνάγει
3857 672 3994 735 Θεὸς

741 764 912 833 magis
945 776 1104 832 quam
1136 760 1321 813 cmteri
1369 774 1397 812 a
1446 759 1553 811 Deo
1590 758 1894 812 honoratus
1935 768 2036 819 est,
2072 756 2311 825 seipsnm

2419 760 2495 819 εἰς
2532 758 2725 829 ἀρχὴν,
2761 759 2940 812 είτουν
2989 759 3070 823 είς
3119 760 3399 829 βασιλείαν
3435 762 3466 831 ἢ
3505 760 3721 829 ἑτέραν,
3757 762 3855 832 οὐχ
3898 764 3992 816 ἵνα

737 868 788 909 cl
818 872 941 910 cum
980 853 1071 922 qui
1109 856 1370 908 honorem
1416 852 1668 914 contulit,
1706 851 1907 920 probro
1941 864 2003 901 ac
2046 848 2315 903 dedecore

2416 850 2550 902 διότι
2580 850 2738 903 πλέον
2766 850 2872 902 τῶν
2902 850 3079 903 ἄλλων
3107 849 3426 917 δεδόξασται
3454 852 3607 917 παρὰ
3636 851 3795 916 Θεοῦ,
3824 853 3990 914 αὐτὸς

740 947 957 1008 a'iiciat,
992 956 1086 1001 aut
1112 947 1355 998 divinum
1382 943 1451 997 de
1481 944 1598 1013 ipso
1624 942 1890 1009 judicium
1924 942 2081 1010 quasi
2117 940 2311 994 falsum

2418 942 2675 1010 ἀτιμάζοι
2702 943 2895 995 ἑαυτόν
2924 960 2981 995 τε
3014 942 3111 997 καὶ
3154 942 3243 995 τδν
3290 942 3614 1010 δοξάσαντα,
3639 944 3751 996 οὐδ’
3777 944 3865 996 ἵνα
3891 946 3998 1011 τὴν

738 1024 1136 1105 νιτοηωιιηῖιυρ
1177 1036 1445 1099 ostendat,
1474 1036 1567 1089 sed
1605 1045 1659 1088 ut
1688 1036 1889 1087 virtute
1922 1050 2019 1088 sua
2054 1042 2314 1102 appareat

2419 1034 2569 1086 Οείαν
2606 1035 2787 1104 κρίσιν
2836 1034 3026 1104 ῶσπερ
3076 1033 3426 1104 ὲσφαλμένην
3477 1035 3563 1103 ἐφ’
3612 1034 3790 1103 ἑαυτῷ
3820 1035 3996 1105 δείξῃ,

738 1130 933 1196 dignus
963 1126 1228 1182 sententia
1261 1127 1466 1187 divina,
1494 1135 1547 1179 et
1575 1125 1701 1177 dum
1726 1124 1815 1177 Dei
1837 1125 2060 1193 gloriam
2096 1138 2313 1192 promo-

2416 1124 2531 1177 ἀλλ’
2584 1124 2672 1176 ἴνα
2737 1125 2805 1178 δι’
2856 1126 3063 1188 οἰκείας
3119 1127 3319 1196 ἀρετῆς
3367 1126 3517 1189 ἁξιος
3577 1125 3715 1194 ὀφθῇ
3758 1125 3852 1177 καὶ
3893 1126 4002 1193 τῆς

738 1222 965 1273 vendam
989 1227 1163 1279 curat,
1192 1218 1292 1271 sibi
1323 1233 1539 1287 quoque
1566 1217 1782 1269 laudem
1811 1217 2076 1285 acquirat.
2108 1215 2164 1267 Si
2186 1230 2312 1268 vero

2418 1216 2605 1287 Οεῑκῆς
2657 1217 2914 1288 κρίσεως,
2950 1218 3044 1271 καὶ
3093 1218 3412 1283 δοξάζεσθαι
3471 1219 3569 1288 μὲν
3614 1218 3746 1271 Θεὸν
3808 1236 3995 1287 παρα-

740 1312 860 1378 quis
889 1310 1142 1379 quoniam
1175 1326 1201 1361 a
1240 1310 1346 1364 Deo
1379 1310 1639 1377 majorem
1668 1310 1890 1377 adeptus
1919 1316 1998 1361 est
2025 1308 2313 1373 honorem,

2418 1309 2682 1379 σκευάσῃ,
2700 1308 3020 1378 προσθήκην
3052 1308 3107 1361 δὲ
3130 1309 3288 1377 δόξης
3310 1311 3403 1363 καὶ
3426 1309 3604 1377 ἑαυτῷ
3629 1310 4005 1379 περιποιήση-

740 1402 858 1455 ideo
891 1401 1062 1469 magis
1106 1401 1210 1455 sibi
1255 1402 1414 1453 licere
1447 1408 1605 1468 putat
1651 1399 1959 1452 divinarum
1994 1396 2173 1465 legum
2214 1397 2312 1449 ho-

2414 1420 2526 1457 ται.
2558 1404 2619 1456 ΕΞ
2651 1404 2707 1456 δέ
2734 1420 2818 1465 τις
2855 1403 2988 1457 διότι
3022 1404 3185 1457 πλέον
3218 1402 3403 1473 εἴληχε
3440 1403 3594 1471 παρὰ
3638 1401 3772 1454 Θεοῦ
3802 1402 4003 1468 τιμῆς,

740 1508 925 1546 norem
957 1503 1330 1556 contemnere,
1360 1492 1581 1547 nescius
1609 1490 1675 1544 ad
1698 1492 1977 1544 brutorum
2026 1505 2121 1558 per
2152 1490 2315 1544 satie-

2416 1497 2504 1549 διὰ
2532 1496 2692 1548 τοῦτο
2728 1496 2933 1565 μᾶλλον
2971 1497 3142 1547 οἴεται
3169 1495 3231 1547 τὸ
3286 1495 3485 1561 ἐξεῖναι
3522 1494 3673 1564 αὐτῷ
3703 1493 3799 1563 τῆς
3830 1494 4004 1561 τιμῆς

740 1595 901 1637 tatem
939 1585 1343 1661 lascivientium
1394 1584 1808 1637 similitudinem
1853 1582 2149 1636 delabitur.
2184 1581 2315 1634 Pra-

2414 1591 2523 1642 τῶν
2563 1588 2724 1642 θείων
2751 1590 2933 1658 νόμων
2962 1590 3351 1656 καταφρονεῖν,
3386 1588 3611 1657 λέληθεν
3657 1587 3848 1640 ἑαυτὸν
3888 1604 4004 1637 πα-

740 1691 863 1727 vum
900 1676 1062 1743 ig‘tur
1085 1675 1327 1770 ppinari,
1364 1676 1752 1743 pravissimum
1770 1688 1898 1727 vero
1922 1673 2104 1728 dicere
2134 1692 2147 1726 :
2174 1672 2312 1738 Quia

2419 1682 2720 1751 ραπλήσιος
2738 1679 2813 1733 ῶν
2831 1681 2945 1743 τοῖς
2960 1680 3047 1733 διὰ
3071 1680 3231 1749 κόρον
3250 1678 3532 1749 ὑϐρίζουσι
3548 1682 3790 1750 κτήνεσι.
3815 1679 4007 1733 Κακδν

739 1781 855 1832 rex,
880 1767 1000 1819 ideo
1020 1765 1238 1821 licentia
1262 1767 1458 1835 gaudet
1479 1766 1758 1834 peccandi,
1781 1765 2032 1835 quamvis
2055 1765 2159 1820 hoc
2181 1766 2310 1819 sub-

2416 1772 2507 1827 οῦν
2537 1774 2713 1841 δόγμα
2746 1773 2838 1825 καὶ
2877 1773 3163 1840 πάγκακον
3210 1772 3271 1823 τδ
3304 1771 3507 1839 λέγειν,
3536 1772 3673 1824 διότι
3718 1771 4005 1841 βασιλεὺς,

738 1861 975 1912 diturum
1015 1859 1215 1914 nemini
1248 1859 1596 1911 concedatur.
1626 1857 1881 1913 Potentes
1912 1867 2163 1927 potenter
2185 1873 2314 1913 exa-
2345 1926 2389 1949 ῃ

2357 1926 2389 1949 η
2420 1866 2841 1949 συγκεχώρηται
2883 1864 3241 1935 ἁμαρτάνειν,
3272 1864 3300 1917 ὃ
3328 1864 3403 1936 μὴ
3448 1867 3561 1927 τοῖς
3594 1864 3696 1917 ὑπὸ
3726 1866 3881 1935 χεῖρά
3912 1882 4008 1927 τις

739 1952 1114 2014 minabuntur,
1171 1951 1501 2019 sapientium
1555 1951 1754 2020 aliquis
1791 1926 1944 2004 dixit.
2002 1951 2057 2003 Si
2092 1950 2193 2003 hoc
2244 1926 2390 2003 itaB

2357 1926 2391 1982 Β
2422 1926 2820 2025 συγχωρήσειε.
2870 1926 3097 2009 Δυναιτοὶ
3149 1926 3403 2019 δυνατῶς¹
3447 1926 3867 2027 ὲτασθήσονται,
3909 1926 4008 2008 λέέ

738 2050 841 2101 est,
874 2042 963 2094 ubi
1005 2041 1183 2095 locum
1226 2041 1443 2094 habebit
1475 2051 1651 2094 vestra
1683 2040 2059 2110 indulgentia?
2094 2041 2183 2096 Vel
2219 2040 2321 2094 mi-

2422 2068 2506 2119 γει
2564 2066 2666 2101 που
2714 2048 2820 2101 τῶν
2860 2048 3157 2117 σωφρόνων
3186 2051 3213 2102 ό
3242 2049 3398 2117 λόγος
3426 2064 3440 2079 ·
3478 2051 3525 2101 εί
3558 2048 3615 2102 δὲ
3666 2050 3845 2114 τοῦτο,
3891 2052 4004 2105 ποῦ

740 2132 815 2183 liti
854 2133 1104 2202 gregario
1138 2148 1201 2187 ac
1233 2133 1357 2184 duci
1386 2132 1477 2200 qui
1513 2133 1565 2184 in
1601 2147 1705 2184 una
1737 2132 2041 2201 eademque
2077 2148 2135 2186 re
2165 2132 2318 2187 deie-

2421 2142 2606 2212 χώραν
2658 2141 2769 2207 ἕξει
2829 2142 2888 2193 τὸ
2942 2140 3209 2214 ὑμέτερον
3264 2140 3638 2209 συγχώρημας
3704 2143 3845 2209 Ἐγὼ
3904 2146 4008 2196 καὶ

739 2235 955 2285 eerunt,
995 2240 1100 2275 non
1154 2225 1341 2277 eadem
1389 2224 1493 2277 erit
1525 2239 1705 2292 pinna.
1772 2224 1865 2279 sed
1936 2226 2046 2278 dux
2097 2224 2321 2291 quidem

2426 2232 2740 2306 στρατιώτῃ
2789 2236 2885 2287 καὶ
2937 2232 3231 2304 στρατηγῷ
3262 2234 3323 2286 τὸ
3370 2235 3507 2287 αὐτὸ
3546 2235 3867 2299 πταίσασιν,
3901 2238 4013 2287 οὐκ

740 2317 1040 2369 secundum
1080 2316 1227 2369 illum
1266 2331 1427 2385 quem
1465 2316 1698 2368 οινιὶιευῖι
1734 2316 2003 2377 ordinem,
2042 2316 2197 2368 miles
2227 2329 2323 2368 au-

2422 2324 2537 2379 οἷδα
2566 2326 2664 2396 τὴν
2699 2327 2820 2395 ἴσην
2849 2326 3203 2395 ἐπαγομένην
3246 2326 3460 2397 ποινὴν,
3496 2326 3614 2379 ἀλλ’
3638 2329 3667 2381 ό
3701 2328 3799 2397 μὲν
3833 2342 4014 2397 στρα-

742 2417 847 2460 tem
874 2408 1119 2461 inferiori
1147 2409 1309 2461 statui
1337 2409 1727 2462 convenienter
1752 2407 2091 2462 multabitur.
2120 2406 2319 2461 Eodem

2420 2420 2590 2491 τηγδς
2631 2418 3013 2486 ἀναλογοῦσαν
3044 2418 3156 2482 ἔξει
3204 2418 3283 2487 τῷ
3325 2419 3548 2488 μεγέθει
3578 2421 3678 2489 τῆς
3700 2422 3867 2489 τιμῆς
3908 2420 4016 2489 τὴν

741 2502 906 2554 modo
936 2501 1054 2554 calo
1092 2511 1143 2554 ct
1181 2502 1547 2571 gubernator,
1595 2509 1782 2570 atque,
1809 2501 1853 2555 si
1887 2502 1990 2565 vis,
2039 2516 2229 2555 servus
2260 2516 2323 2555 ac

2423 2511 2768 2581 τιμωρίαν,ό
2826 2511 2900 2567 δὲ,
2938 2509 3281 2581 στρατιώτης
3331 2514 3473 2563 κατὰ
3530 2512 3589 2563 τὸ
3651 2512 3849 2581 μέτρον
3906 2511 4016 2578 τῆς

739 2593 1017 2653 dominus,
1058 2594 1307 2661 quamvis
1340 2594 1391 2646 in
1424 2592 1616 2646 eodem
1649 2593 1961 2661 deliquerit,
1998 2607 2106 2647 non
2145 2593 2321 2647 eidem

2424 2605 2653 2666 τάξεως.
2699 2602 2863 2657 Ἀλλά
2914 2602 3010 2655 καὶ
3042 2603 3213 2673 ναύτῃ
3246 2603 3341 2654 καὶ
3371 2602 3708 2674 κυϐερνήτῃ,
3741 2604 3789 2653 εἰ
3823 2602 4019 2671 βούλει

741 2683 1079 2737 accusationi
1108 2692 1158 2736 et
1186 2684 1625 2738 condemnationi
1645 2684 1867 2739 obnoxii
1892 2693 2054 2738 erunt
2077 2702 2091 2752 ;
2118 2684 2212 2739 sed
2237 2686 2289 2739 di
2307 2714 2320 2725 -

2424 2697 2481 2750 δὲ
2532 2696 2627 2747 καὶ
2674 2695 2912 2765 δεσπότῃ
2987 2695 3083 2746 καὶ
3129 2693 3318 2764 οἰκέτῃ
3378 2692 3457 2762 τῷ
3518 2692 3667 2761 αύτῷ
3720 2694 4018 2760 σφάλματι

742 2778 967 2847 gttilaiis
1001 2776 1141 2831 ratio
1172 2776 1484 2831 habebitur.

2428 2788 2918 2860 περιπεπτωκόσιν
2965 2786 3064 2855 οὐχ
3094 2788 3127 2855 ή
3168 2785 3305 2853 αὐτὴ
3349 2785 3659 2853 ἀπαντήσει
3700 2786 4022 2853 κατηγορία

2428 2884 2549 2935 οὐδὲ
2588 2880 2938 2951 κατάκρισις,
2971 2879 3110 2933 ἀλλά
3144 2882 3209 2950 τῇ
3265 2879 3507 2946 διαιρορᾷ
3544 2878 3653 2931 τῶν
3695 2876 4023 2944 προσώπων

2430 2972 2902 3043 συνδιατιθεμένη.

811 3066 880 3118 At
912 3063 1374 3134 dispensationem
1412 3063 1464 3116 in
1498 3063 1601 3116 hoc
1630 3060 1912 3116 Romanus
1947 3061 2148 3131 praesul
2200 3075 2327 3114 san-

2514 3064 2652 3117 Ἀλλ’
2682 3063 3000 3133 οἰκονομίαν
3054 3063 3142 3115 ἐπ’
3187 3061 3337 3132 αύτῷ
3378 3063 3411 3131 ἡ
3461 3061 3753 3129 Ῥωμαῖκὴ
3788 3059 4026 3124 ἐξουσία

742 3161 890 3223 civit,
930 3174 1028 3211 nec
1061 3157 1141 3211 l‘as
1200 3165 1283 3211 est
1319 3157 1412 3209 tali
1462 3154 1860 3224 dispensationi
1903 3154 2190 3223 refragari,
2233 3153 2324 3206 sed

2431 3160 2750 3229 πεποίηται,
2788 3160 2884 3210 καὶ
2914 3158 2995 3210 δεῖ
3047 3156 3185 3226 πρὸς
3234 3155 3297 3207 τὸ
3347 3154 3707 3224 οἱκονομηθὲν
3744 3155 3820 3222 μὴ
3866 3153 4027 3206 ἀντι-

742 3250 953 3306 sancita
995 3248 1255 3303 revereri.
1304 3246 1444 3313 Quid
1494 3246 1673 3301 dicis?
1706 3245 1843 3300 Num
1880 3246 2006 3300 licet
2061 3244 2323 3299 Romanis
2350 3264 2393 3326 ρ

2372 3264 2394 3326 3
2428 3256 2631 3321 λέγειν,
2666 3252 2804 3305 ἀλ)ιὰ
2832 3250 2899 3304 τὰ
2934 3252 3066 3320 ἡμίν
3094 3248 3396 3317 δεδογμένα
3444 3248 3636 3317 τιμᾷν.
3688 3246 3754 3297 Τί
3794 3245 4023 3311 λέγεις;

742 3344 982 3404 sancire,
1016 3352 1073 3395 ut
1100 3341 1192 3409 qui
1238 3341 1386 3410 leges
1416 3339 1683 3409 infringit,
1720 3355 1935 3408 pennam
1961 3339 2103 3392 haud
2148 3338 2325 3391 solvat

2434 3348 2546 3402 Καὶ
2593 3346 2772 3409 ἔξεστι
2813 3343 2978 3395 τοῦτο
3023 3340 3319 3409 Ῥωμαίοις
3363 3340 3696 3406 οἰκονομεῖν,
3727 3337 3869 3389 ὥστε
3906 3354 4030 3389 πα.-

741 3448 836 3490 ant
875 3434 1106 3503 impuris
1138 3433 1394 3487 manibus
1415 3447 1569 3486 sacra
1601 3430 1937 3486 eontreetet?
1971 3429 2191 3485 Licetne
2223 3428 2329 3482 Ro-

2440 3437 2781 3511 ρανομοῦντά
2804 3452 2927 3489 τινα
2954 3434 3028 3504 μὴ
3055 3433 3212 3502 δίκην
3240 3432 3499 3501 ὑπέχειν;
3526 3432 3621 3484 καὶ
3648 3430 3789 3483 ὥστε
3820 3431 4032 3501 χερσὶν

743 3528 922 3582 manis
953 3541 1048 3580 eos
1070 3525 1163 3593 qui
1193 3524 1261 3577 ob
1284 3523 1559 3592 piaculum
1583 3538 1610 3577 e
1632 3522 1817 3576 divina
1852 3522 1967 3575 mde
1992 3521 2153 3590 ejecti
2201 3529 2330 3574 sunt

2432 3528 2771 3595 ἀκαθάρτοις
2850 3524 2961 3577 τῶν
3033 3522 3206 3591 ἁγίων
3276 3520 3664 3590 ἐφάπτεσθαι,
3718 3522 3813 3573 καὶ
3889 3520 4035 3582 τοὺς

742 3633 1035 3689 antequam
1067 3615 1198 3670 illud
1242 3616 1603 3670 emundatum
1635 3616 1705 3669 sit
1728 3656 1743 3678 ,
1779 3612 2044 3667 reducere
2089 3626 2154 3667 co
2183 3611 2328 3665 unde

2436 3620 2834 3691 ἐλαυνομένους
2862 3618 2971 3671 τῶν
3016 3616 3176 3669 θείων
3232 3614 3537 3683 περιϐόλων
3577 3614 3669 3665 ἐπὶ
3712 3615 4033 3681 μιάσματι,

737 3713 861 3780 jure
889 3712 1193 3782 meritoque
1224 3708 1584 3765 exsularnnt?
1616 3706 1867 3777 Magnam
1897 3706 2111 3761 scilicet
2136 3715 2332 3758 nactus

2436 3714 2666 3778 τούτους
2714 3711 2789 3782 μὴ
2829 3709 3210 3777 ἀποθεμένους
3238 3707 3311 3760 ,τὸ
3369 3708 3585 3776 μίασμα
3614 3707 3856 3773 εἰσάγειν
3892 3706 4038 3757 ὅθεν

743 3822 895 3860 esses
924 3814 1272 3875 potestatem,
1298 3803 1516 3874 qualem
1551 3817 1620 3855 ne
1652 3800 1742 3854 ille
1775 3798 1997 3868 quidem
2023 3797 2117 3867 qui
2144 3797 2332 3849 mundi

2439 3807 2621 3871 καλῶς
2653 3807 2747 3858 καὶ
2784 3804 3007 3865 ἐνδίκως
3030 3801 3443 3870 ἀπε).ήλανται;
3482 3798 3743 3867 Μεγάλης
3770 3798 3835 3851 ἂν
3867 3798 4043 3863 ἐξου-

745 3910 963 3969 peceata
998 3901 1122 3955 tulit
1162 3901 1265 3956 sibi
1302 3896 1602 3968 arrogavit,
1635 3911 1703 3947 ne
1730 3894 1859 3947 dum
1887 3893 2181 3961 quisquam
2210 3904 2337 3943 sau-

2441 3902 2563 3960 σίας
2606 3899 2725 3968 εἴης
2783 3895 3210 3965 ἐπειλημμένος,
3248 3886 3454 3969 καζῆς
3488 3891 3599 3944 οὐδ’
3637 3892 3799 3953 αὐτὸς
3852 3892 3881 3943 ὁ
3923 3892 4045 3950 τὰς

744 4004 957 4046 ctorum
1006 3994 1127 4062 ejus
1158 3991 1573 4062 discipulorum,
1614 3995 1709 4041 aut
1756 3987 1903 4040 ullus
1950 3999 1979 4037 e
2013 3982 2333 4037 doctoribus

2443 3990 2718 4061 ἁμαρτίας
2751 3987 2924 4058 αἴρων
2964 3983 3060 4037 τοῦ
3094 3984 3304 4052 κόσμου
3337 3983 3691 4047 ἐπείληπται,
3730 3981 3802 4049 μὴ
3832 3980 3914 4032 ὅτι
3965 3996 4044 4046 γε

746 4088 1159 4141 ecclesiasticis.
1194 4084 1360 4139 Venit
1385 4083 1534 4137 enim
1564 4091 1621 4135 ut
1663 4076 2090 4150 peccata‘l'erret
2121 4086 2333 4137 nostra,

2444 4084 2602 4145 ἀλλος
2642 4081 2674 4150 ἢ
2718 4079 2825 4132 τῶν
2862 4078 3074 4131 ἐκείνου
3118 4076 3284 4145 ἱερῶν
3319 4073 3604 4143 μαθητῶν,
3636 4071 3669 4138 ἢ
3700 4071 3809 4151 τῶν
3844 4071 4051 4123 ἄλλων

749 4180 843 4232 sed
873 4188 1003 4232 tunc
1031 4179 1252 4233 demum
1278 4176 1323 4231 si
1374 4188 1602 4246 peccare
1632 4174 2037 4227 desineremus.
2070 4185 2247 4241 neque
2275 4170 2342 4223 iis

2445 4177 2547 4245 τῆς
2577 4172 2747 4227 αὑτοῦ
2797 4168 3129 4238 Ἐκκλησίας
3179 4164 3542 4219 διδασκάλων.
3612 4164 3726 4215 Ηκε
3779 4165 3880 4232 μὲν
3911 4164 4051 4234 γὰρ

748 4275 1134 4327 insisteremus
1160 4270 1422 4325 automni
1452 4267 1668 4337 abjecto
1693 4266 1901 4335 pudore
1933 4282 1996 4320 ea
2027 4276 2343 4335 perpetrare

2446 4268 2546 4329 τάς
2595 4264 2752 4335 ἡμῶν
2792 4261 3071 4331 ἁμαρτίας
3107 4260 3398 4329 βαστάσαι,
3427 4256 3563 4311 ἀλλά
3606 4256 3763 4327 δῆλον
3806 4256 3891 4307 ὅτι
3931 4257 4052 4308 τοῦ

745 4381 1100 4441 pergeremus
1117 4380 1237 4435 qua:
1266 4364 1354 4417 illc
1378 4360 1626 4417 abstulit.
1644 4359 1823 4413 Audio
1840 4360 1984 4414 enim
2006 4375 2132 4414 eum
2160 4360 2347 4413 dicen-

2452 4356 2791 4427 ἁμαρτάνειν
2834 4353 2994 4423 ἡμῶν
3057 4352 3451 4420 παυσαμένων,
3506 4349 3607 4402 οὐκ
3653 4348 4056 4418 ἐπιμενόντων

751 4471 855 4513 tem
884 4460 1093 4513 homini
1114 4475 1275 4528 quem
1306 4461 1597 4511 sanaverat
1619 4470 1633 4506 :
1656 4452 1794 4507 Ecce
1821 4470 1990 4509 sanus
2014 4453 2242 4507 eli'ectus
2266 4468 2346 4515 es,

2450 4453 2529 4515 δὲ,
2560 4448 2682 4502 οὐδὲ
2716 4447 3073 4517 πραττόντων
3114 4443 3287 4506 ἀδεῶς
3339 4436 3415 4496 ὧν
3464 4443 3678 4504 ἐκεῖνος
3733 4440 3833 4510 τὴν
3865 4441 4062 4507 ἄρσιν

746 4568 816 4606 ne
841 4553 1075 4620 amplius
1099 4567 1312 4620 pecces.
1340 4548 2022 4620 Animadvertequomodo
2043 4546 2347 4605 interdicit,

2456 4546 2713 4598 ποιεῖται.
2755 4539 2967 4594 Ἀκούω
2996 4539 3106 4606 γὰρ
3140 4537 3219 4607 τῷ
3272 4535 3738 4617 τεθεραπευμένῳ
3796 4533 3889 4585 τοῦ
3943 4535 4061 4587 ὑπ’

748 4660 854 4696 non
874 4654 1057 4696 autem
1075 4644 1339 4712 permittit
1357 4659 1584 4713 peccare
1598 4660 1695 4698 eos
1714 4642 1805 4711 qui
1832 4641 2003 4709 ipsius
2021 4637 2339 4692 misericor—
2376 4660 2399 4712 ι

2415 4681 2417 4698 ,
2448 4632 2615 4687 αὑτοῦ
2649 4631 2897 4691 δοθέντος
2948 4626 3437 4698 παραγγέλματος,
3470 4627 3545 4678 ἴδε
3581 4624 3740 4695 ὑγιὴς
3772 4624 4066 4692 γέγονας,

749 4737 837 4788 dia
854 4736 1003 4805 digni
1021 4747 1144 4789 sunt
1163 4737 1567 4791 hahiti.Eodem
1586 4735 1745 4789 modo
1764 4748 1860 4787 nec
1872 4732 2088 4794 Petrus,
2104 4727 2323 4783 necl’au

2455 4725 2655 4797 μηκέτι
2695 4724 2983 4792 ἁμάρτανε
3015 4736 3031 4751 ο
3082 4720 3343 4789 πρόσχες,
3394 4718 3471 4778 ὡς
3506 4715 3728 4780 κωλύει,
3756 4715 3857 4767 οὐκ
3912 4716 4066 4770 ἐπι-

751 4834 856 4893 lus,
872 4848 975 4886 nec
989 4834 1128 4885 alius
1155 4834 1277 4902 quis
1294 4848 1532 4902 unquam
1550 4841 1773 4903 peccato
1786 4826 2344 4897 neglectolibertatem

2449 4819 2641 4884 τρέπει
2672 4816 2732 4868 τὸ
2761 4814 3109 4884 ἁμαρτάνειν
3143 4815 3257 4873 τοῖς
3283 4810 3380 4863 τοῦ
3416 4811 3605 4872 ἐλέους
3652 4808 3820 4861 αὐτοῦ
3853 4826 4069 4881 κατη-

747 4941 776 4977 a
794 4901 1270 4995 responsabilitate
1282 4901 1835 4995 promisitpeccatori.
1858 4920 1954 4975 Ubi
1975 4919 2189 4973 tandem
2206 4932 2347 4982 repe-

2451 4904 3055 4977 ξιωμένοις.()ὕμενουν
3086 4904 3209 4956 οὐδὲ
3237 4902 3602 4972 Πέτρος,ἀ).λ’
3633 4902 3756 4955 οὐδὲ
3787 4901 4066 4968 Παῦλος,

751 5019 868 5071 riin
885 4993 1181 5073 absurdam
1203 4993 1359 5072 istam
1378 4993 1843 5086 dispensationem
1862 5028 1982 5083 qua:
2001 5008 2210 5082 peccati
2228 5024 2345 5076 gra-

2449 5000 2569 5053 οὑδέ
2600 5017 2685 5062 τις
2720 4998 2881 5059 ἄλλος
2926 4998 3060 5049 ποτὲ
3088 4996 3247 5065 ὤφθη
3298 4994 3562 5063 παρορῶν
3608 4993 3707 5063 μὲν
3738 4994 3800 5046 τὸ
3840 4994 4070 5069 ἁμὰρ-

748 5116 969 5167 vitalem
1013 5130 1119 5167 non
1149 5114 1450 5177 imminuit,
1475 5113 1567 5167 sed
1590 5112 1767 5181 potius
1802 5106 2071 5177 adauget?
2091 5120 2210 5174 qum
2234 5116 2339 5155 non

2448 5109 2623 5162 τημα,
2652 5089 2729 5158 τῷ
2755 5090 2812 5141 δὲ
2840 5090 3215 5158 ἁμαρτάνοντι
3250 5086 3310 5139 τὸ
3341 5084 3640 5137 ἀνεύθυνον
3689 5086 4074 5151 ἐπαγγελλό-

748 5206 979 5258 salutem
1001 5206 1165 5275 parit,
1208 5205 1559 5261 sedinteritui
1576 5177 1764 5269 tradit,
1788 5217 1909 5271 qua!
1928 5216 2033 5255 non
2054 5198 2338 5277 depurgat,

2453 5202 2633 5255 μενος.
2672 5182 2782 5236 Ποῦ
2821 5180 3025 5249 ταύτην
3065 5181 3165 5248 τὴν
3200 5181 3403 5233 ἄτοπον
3449 5179 3767 5247 οἰκονομίαν
3800 5177 4074 5249 ἐξεῦρες

748 5297 841 5351 sed
865 5270 1269 5363 plus—sordium
1315 5293 1543 5361 adjicit?
1572 5294 1704 5357 Quis
1731 5270 1901 5361 us‘que
1920 5290 1984 5343 ad
2008 5270 2153 5342 hunc
2186 5280 2341 5339 'dicm

2447 5279 2546 5347 τὴν
2571 5277 2673 5329 οὐκ
2730 5274 3144 5341 ὲλαφρύνουσαν
3170 5273 3231 5323 τὸ
3267 5272 3436 5341 βάρος
3481 5270 3577 5323 τοῦ
3626 5272 4078 5339 ἁμαρτήματος

752 5390 914 5441 talem
951 5387 1422 5456 dispensationem
1455 5385 1649 5440 novit?
1683 5383 2033 5451 Dispensatio
2065 5381 2208 5434 enim
2257 5387 2337 5431 est

2448 5370 2585 5425 ἀλλά
2614 5369 2917 5440 βαρύτερον
2957 5366 3087 5419 αὐτὸ
3115 5365 3418 5429 ποιοῦσαν;
3468 5365 3569 5435 τὴν
3613 5365 3687 5434 μὴ
3724 5363 4079 5433 σώζουσαν,

756 5482 1015 5537 salutaris
1041 5482 1464 5536 condescensio.
1502 5494 1625 5547 quae
1652 5469 1999 5547 peccatorem
2046 5471 2334 5535 salvilicat,

2448 5462 2582 5516 ἀλλά
2626 5464 2693 5530 τῇ
2724 5460 2973 5530 ἀπωλείᾳ
3005 5457 3442 5527 παραδιδοῦσαν;
3476 5457 3575 5524 τὴν
3620 5455 3696 5525 μὴ
3729 5455 4084 5525 καθαίρου-

758 5591 979 5629 manum
1031 5574 1433 5629 auxiliatricem
1476 5572 1707 5643 porrigit
1750 5572 2075 5639 lapsumque
2122 5582 2153 5621 a
2202 5580 2333 5619 casu

2450 5574 2568 5617 σαν,
2594 5554 2711 5608 ἀλλ’
2764 5553 2857 5605 ἐπὶ
2902 5553 3067 5604 πλέον
3099 5552 3191 5604 τὸν
3239 5552 3413 5622 ῥύπον
3456 5551 3884 5621 προστιθεῖσανς
3947 5553 4084 5619 Τίς

756 5669 940 5738 erigit,
966 5683 1075 5723 non
1100 5678 1281 5722 autem
1306 5682 1427 5737 quae
1452 5681 1581 5721 casu
1606 5664 1876 5731 dejectum
1903 5662 2087 5731 jacere
2122 5658 2231 5714 sint
2253 5657 2336 5711 vel

2447 5666 2577 5700 ποτε
2614 5645 2869 5715 τοιαύτην
2910 5644 3224 5713 οἰκονομίαν
3266 5643 3397 5713 ἄχρι
3441 5643 3537 5696 τοῦ
3586 5644 3679 5695 νῦν
3714 5643 3897 5711 ἔγνως
3951 5649 4081 5702 Οι-

753 5764 939 5831 potius
960 5760 1014 5816 in
1031 5761 1239 5816 foveam
1258 5760 1455 5814 misere
1469 5758 1728 5814 detrudit.
1756 5754 2101 5824 DiSpensatio
2114 5762 2198 5808 est
2220 5752 2289 5804 im
2300 5751 2343 5804 i-

2448 5739 2677 5809 κονομία
2727 5738 2826 5807 μὲν
2873 5736 2982 5805 γάρ
3031 5736 3386 5804 σωτηριώδης
3438 5736 3559 5788 ἐστὶ
3592 5734 4083 5809 συγκατάὸασις,

757 5828 889 5913 talio
908 5856 1107 5911 divinae
1128 5853 1413 5910 charitatis
1431 5868 1551 5917 quae
1574 5869 1638 5907 ex
1655 5850 1906 5906 lancibus
1930 5847 2117 5903 bestiae
2149 5852 2337 5900 contra

2450 5834 2696 5899 σώζουσα
2718 5832 2807 5884 τὸν
2836 5831 3225 5900 ἡμαρτηκότα,
3259 5831 3418 5900 χεῖρα
3465 5828 3719 5898 βοηθείας
3753 5829 4085 5899 ὀρέγουσα

763 5968 859 6008 nos
894 5951 1159 6024 rugientis
1191 5949 1352 6021 eripit
1380 5963 1503 6003 cum
1531 5947 1623 6018 qui
1670 5947 1723 6002 in
1760 5961 1823 6001 eo
1868 5954 2114 5997 versatur
2154 5948 2213 5994 ut
2270 5938 2336 5992 ab

2452 5932 2542 5984 καὶ
2592 5926 2868 5983 ἀνιστῶσα
2907 5923 3000 5979 τοῦ
3044 5924 3337 5994 πτώματος
3370 5922 3461 5976 τὸν
3513 5923 3770 5987 πεσόντα,
3798 5923 3937 5992 οὐχὶ
3982 5931 4087 6001 τίς.
