4182 6428
152 393 261 454 Si}

1619 390 2032 453 EPIS’I‘OLJ-I.

3319 399 3426 466 2H

152 504 422 571 πτώματι
496 503 873 572 ἐπιτρέπουσα
946 503 1185 567 κεῖσθαι,
1250 502 1451 572 μᾶλλον
1500 502 1555 556 δὲ
1611 503 1748 574 πρὸς

1863 507 1961 562 illis
1991 504 2373 562 absorbeatur.
2403 507 2650 577 Eripitur
2692 519 2873 566 autem
2920 526 3024 567 ucn
3068 514 3159 583 qui
3204 526 3429 583 peccato

151 594 399 647 ἐλεεινὸν
434 594 713 665 βάραθρον
769 597 1108 651 συνωθοῦσα.
1142 598 1439 666 Οίκονομία
1483 598 1598 650 ἐστὶ
1653 599 1743 666 μί-

154 702 327 753 μησις
358 687 462 751 τῆς
486 686 641 751 Οείας
679 688 1119 759 φιλανθρωπίας,
1155 689 1486 758 ἁρπάζουσιν.
1521 691 1587 742 ὲκ
1624 691 1747 741 στό-

1854 599 2136 666 indulget,
2182 599 2278 653 sed
2311 600 2404 669 qui
2445 601 2642 658 divinae
2695 604 3124 673 diSpcnsationis
3165 606 3428 663 beneficio

1856 690 2046 761 procul
2078 689 2293 760 aufugit
2326 701 2381 745 et
2416 692 2560 749 illius
2589 696 2911 751 instantiam
2952 699 3215 754 declinat.

150 794 328 845 ματος
360 780 460 833 τοῦ
480 780 601 834 καθ’
634 782 793 850 ἡμῶν
812 782 1129 853 ὠρυομένου
1163 781 1329 851 θηρὸς
1354 782 1448 834 τὸν
1472 781 1737 850 μέλλοντα
1777 783 1854 853 τῷ
1926 781 2136 835 ἐκείνου
2168 782 2400 854 ὀλεθρίῳ
2438 789 2838 843 κατατείνεσθαι
2922 793 3175 862 στόματι.
3223 790 3433 862 Ἀρπά-

148 870 308 931 {aut
342 872 401 924 δὲ
442 873 662 937 πάντως
694 875 793 943 οὐχ
825 878 853 928 ὁ
881 876 1141 945 πράττων
1171 875 1594 946 τὴνάμαρτίαν,
1655 876 1773 929 ἀλλ’
1812 881 1839 931 ὁ
1866 876 2073 947 ταύτης
2116 876 2238 946 θεία
2300 878 2511 951 μεθόδῳ
2577 881 2677 951 τῆς
2727 885 3045 956 οἰκονομίας
3096 887 3285 957 πόρρω
3329 902 3429 940 κατ

145 972 385 1035 ταστάς,
412 973 508 1025 καὶ
538 973 638 1044 τὴν
671 974 855 1039 δίωξιν
888 976 1062 1044 αὐτῆς
1096 978 1421 1040 ἀποκλίνας.

221 1064 284 1114 ΕΞ
320 1064 427 1133 μὲν
454 1059 549 1116 οὖν
575 1065 634 1117 τὸ
663 1069 898 1135 πρᾶγμα
941 1068 1016 1136 μὴ
1050 1069 1198 1120 ἐστιν
1238 1069 1566 1137 ἁμάρτημα,
1609 1070 1743 1139 μηδέ

147 1156 385 1225 πορνεία
416 1159 454 1227 ἡ
484 1160 858 1229 τετραγαμία,
892 1161 1096 1229 μᾶλλον
1134 1162 1189 1215 δὲ
1249 1164 1414 1215 πλέον
1464 1167 1744 1234 πορνείας,

149 1249 287 1300 ἀ).λά
354 1251 463 1317 τὴν
497 1250 663 1318 φύσιν
716 1253 921 1323 ταύτης
953 1254 1286 1324 ἐνήλ).αξας;
1329 1258 1428 1309 Σδν
1473 1257 1519 1310 δ’
1558 1258 1624 1310 ἂν
1660 1259 1746 1326 εἴη

150 1340 242 1389 καὶ
277 1338 455 1392 τοῦτο
485 1340 546 1393 τὸ
573 1341 853 1413 τόλμημα,
883 1344 943 1396 τὸ
977 1343 1078 1414 τὴν
1123 1344 1401 1415 ἁμαρτίαν
1446 1347 1523 1417 μὴ
1574 1347 1750 1400 δοκεῖν

149 1430 445 1499 ἁμαρτίαν
488 1431 767 1499 νομίζειν·
802 1433 962 1495 ἄλλος
1007 1434 1075 1487 ἂν
1131 1437 1216 1504 είη
1261 1436 1441 1503 λόγος,
1477 1437 1535 1490 ὃν
1581 1440 1743 1508 ἡμεῖς

148 1522 272 1576 οὔτε
318 1522 703 1595 γινώσκομεν,
744 1524 872 1578 οὔτε
917 1527 1278 1594 γνωσόμεθαο
1320 1528 1395 1600 μὴ
1424 1530 1479 1584 δὲ
1508 1530 1617 1599 γὰρ
1657 1531 1749 1598 τίς

149 1632 297 1669 νυιτο
355 1616 614 1669 τοιοῦτον
646 1618 795 1687 ἡμᾶς
838 1619 1076 1689 πονηρὸν
1112 1620 1343 1690 μάθημα
1390 1625 1618 1688 γνῶναι,
1666 1624 1749 1676 ὃτι

150 1708 203 1759 τὸ
240 1707 606 1779 ἁμαρτάνειν
633 1710 733 1761 οὐκ
782 1709 933 1761 ἔστιν
964 1709 1327 1780 ἁμαρτάνειν.
1363 1712 1423 1763 Εἰ
1448 1712 1491 1764 δ’
1526 1712 1602 1775 ὡς
1634 1712 1750 1765 ἐστι

151 1799 398 1865 φύσεως,
421 1798 602 1863 οὕτως
634 1799 730 1853 καὶ
752 1800 1021 1871 διαμένει,
1040 1804 1134 1856 καὶ
1164 1803 1338 1866 οὐδεὶς
1366 1804 1499 1857 αὑτὸ
1522 1804 1747 1858 δύναται

150 1891 471 1961 διαμείϐειν
491 1891 713 1962 τρόπτς,
742 1892 861 1946 οὐδὲ
885 1892 983 1963 τὴν
1011 1896 1270 1966 πορνείαν
1296 1898 1470 1949 ποιεῖν
1499 1895 1573 1967 μὴ
1608 1893 1747 1951 εἶξαι

153 1985 451 2053 πορνείαν,
492 1986 588 2037 καὶ
616 1985 717 2055 τὴν
748 1983 1062 2053 ἀσέλγειαν,
1095 1987 1193 2040 καὶ
1231 1987 1324 2040 τὸν
1377 1988 1627 2059 κτηνώδη
1656 1989 1751 2041 καὶ

152 2078 237 2129 τὸν
278 2076 537 2146 χοιρώδη
582 2075 777 2147 βίον,ἢ
815 2076 980 2130 τοῦτο
1014 2072 1158 2131 εἶναι
1186 2080 1324 2148 ὅπερ
1362 2082 1481 2133 ἐστὶ
1518 2083 1610 2134 καὶ
1660 2082 1748 2134 ὶέο

153 2186 334 2236 γεται,
378 2169 473 2231 τίς
507 2170 541 2237 ἡ
581 2169 906 2239 ωράδοξος,
950 2169 1153 2240 μᾶλλον
1181 2172 1235 2224 δὲ
1265 2172 1511 2241 ὀλέθριος
1544 2175 1753 2226 οἰκονο-

155 2263 271 2333 μία,
305 2263 441 2332 ἣτις
479 2262 835 2333 ᾠκονόμηταί
870 2280 955 2318 σοι
996 2265 1089 2316 ἐπὶ
1118 2267 1184 2335 τῇ
1224 2268 1291 2335 σῇ
1327 2266 1427 2335 μὲν
1467 2265 1755 2334 καταγνώ-

156 2373 258 2419 σει,
303 2357 406 2409 ἐπὶ
473 2355 765 2426 βαρυτέρῳ
793 2357 850 2410 δὲ
878 2359 1254 2428 κατακρίματι
1314 2358 1408 2411 τοῦ
1468 2359 1757 2422 δοκοῦντος

156 2452 239 2504 ἐπ’
273 2449 433 2519 αὐτῷ
460 2450 929 2520 διοικονομεῖσθαί
961 2468 1042 2504 σοι
1072 2453 1134 2504 τὸ
1163 2450 1539 2521 ἀσελγαίνειν;
1569 2453 1751 2507 Κακὸν

159 2544 256 2612 μὲν
296 2545 401 2597 καὶ
428 2542 610 2605 ἄλλως
640 2542 910 2607 ἀπώλεια,
938 2543 1038 2597 κᾶν
1067 2545 1159 2597 ὑπ’
1189 2545 1411 2614 ἀγνοίας
1435 2547 1514 2610 εἰς
1548 2547 1757 2617 ταύτην

156 2635 734 2707 περιπίπτοιμεν’τδ
770 2635 828 2688 δὲ
889 2636 984 2689 καὶ
1034 2636 1179 2703 μετὰ
1212 2638 1411 2708 τέχνης
1465 2640 1561 2693 καὶ
1618 2641 1757 2709 μετά

158 2730 530 2797 σοφισμὶτων
570 2727 708 2794 πρὸς
735 2726 943 2798 ταύτην
976 2729 1170 2782 ἑαυτὸν
1200 2729 1453 2796 ὑπάγειν,
1492 2730 1662 2783 πόσου
1691 2730 1755 2785 ἄν

155 2838 239 2884 τις
280 2818 469 2873 κακοῦ
511 2817 925 2889 ἀριθμήσεται;
965 2818 1112 2887 Ἐγὼ
1155 2819 1257 2889 μὲν
1287 2823 1382 2871 καὶ
1422 2821 1474 2873 εί
1512 2836 1593 2884 τις
1631 2822 1757 2891 ἐμοὶ

160 2914 440 2974 πείθοιτο,
472 2913 679 2981 μᾶλλον
722 2911 781 2965 δὲ
814 2916 927 2974 τοῖς
984 2914 1151 2980 ἱεροῖς
1199 2912 1409 2984 νόμοις,
1443 2917 1537 2967 καὶ
1586 2916 1755 2983 μετά-

156 3027 306 3061 νοιαν
361 3007 720 3076 ἀποδέχομαι
774 3006 886 3059 τῶν
926 3006 1380 3079 ἁμαρτανόντων,
1414 3011 1506 3063 καὶ
1553 3011 1758 3064 οἰκονο-

168 3104 296 3171 μίαν
328 3102 431 3156 ἐπὶ
481 3100 702 3162 τούτοις
732 3099 911 3169 κυρῶ,
948 3099 1084 3153 ἀλλά
1112 3101 1211 3172 τὴν
1232 3102 1539 3170 ἀπρακτεῖν
1572 3101 1761 3155 ποιοῦ‹

1922 1068 1978 1122 Si
2013 1083 2100 1122 res
2134 1070 2233 1124 ista
2286 1084 2392 1121 non
2428 1076 2513 1121 est
2556 1076 2840 1138 peccatum
2862 1108 2877 1128 ,
2929 1067 2973 1121 si
3004 1075 3258 1135 quartum
3291 1082 3426 1123 con-

1850 1162 2076 1217 nubium
2108 1179 2213 1216 non
2250 1161 2565 1225 fornicatio,
2603 1162 2714 1214 imo
2748 1162 2871 1229 plus
2896 1175 3055 1229 quam
3094 1161 3384 1216 fornicatio
3414 1177 3428 1216 :

1851 1268 1906 1309 tu
1954 1273 2084 1326 ergo
2117 1256 2236 1323 ejus
2292 1255 2528 1310 indolem
2566 1254 2908 1309 immutasti?
2958 1252 3015 1307 In
3058 1263 3209 1309 tuum
3248 1267 3426 1311 autem

1851 1359 2015 1419 caput
2062 1351 2274 1404 recidat
2320 1365 2519 1405 ausum
2555 1348 2698 1403 istud
2730 1363 2840 1417 quo
2874 1357 3158 1418 peccatum
3192 1364 3297 1403 non
3332 1365 3429 1419 pro

1850 1452 2074 1513 peccato
2114 1442 2418 1497 habendum
2467 1442 2663 1498 definis
2698 1460 2711 1495 :
2747 1441 2979 1496 fortasse
3022 1440 3169 1496 aliud
3215 1442 3433 1498 exsistit

1849 1544 2201 1606 przeceptnm,
2246 1535 2389 1606 quod
2423 1549 2524 1588 nos
2554 1536 2833 1589 nescimus
2865 1548 3187 1604 semperque
3227 1534 3434 1589 nescie-

1850 1645 2016 1683 mus:
2070 1626 2214 1683 Deus
2272 1626 2417 1682 enim
2475 1634 2684 1680 avertat
2730 1634 2786 1679 ut
2836 1640 3078 1695 unquam
3128 1626 3430 1681 doctrinam

1854 1733 2073 1789 pravam
2132 1718 2482 1774 addiscamus
2530 1733 2636 1789 qua
2690 1718 2933 1772 sancitur
2988 1723 3266 1788 peccatum
3326 1730 3431 1771 non

1852 1826 1971 1865 esse
2024 1818 2328 1879 peccatum.
2387 1809 2444 1863 Si
2493 1825 2620 1865 vero
2674 1825 2796 1879 qua:
2833 1791 2926 1863 'est
2976 1818 3167 1863 natura
3205 1807 3433 1877 peccati,

1856 1919 2071 1975 semper
2100 1904 2286 1959 eadem
2320 1902 2424 1958 erit
2470 1916 2645 1969 neque
2695 1902 2804 1957 ullo
2836 1900 2996 1956 modo
3026 1901 3304 1956 immutari
3336 1915 3435 1970 po-

1858 2006 1984 2058 test,
2039 1998 2110 2051 ita
2164 2004 2224 2051 ut
2262 1994 2681 2049 fornicationem
2731 2008 2837 2046 non
2873 1992 3283 2047 fornicationem
3315 2005 3435 2045 esse

1859 2104 2135 2158 nunquam
2180 2088 2287 2142 dici
2320 2096 2506 2158 queat,
2539 2093 2631 2139 aut
2666 2084 2970 2147 lasciviam,
3011 2093 3065 2139 et
3102 2083 3269 2137 vitam
3300 2082 3434 2136 bru-

1858 2182 2017 2235 t:=lem
2069 2190 2123 2235 et
2169 2182 2383 2235 auinam
2433 2180 2579 2233 aliud
2628 2178 2757 2247 quid
2804 2192 2968 2248 quam
3015 2176 3163 2247 quod
3198 2190 3324 2230 vere
3356 2184 3438 2230 est

1857 2282 1910 2326 et
1960 2280 2186 2327 vocatur
2234 2286 2541 2341 :qumnam
2603 2269 2901 2338 paradoxa,
2955 2267 3067 2321 imo
3130 2265 3434 2336 perniciosa

1857 2364 2193 2434 dispensatio
2221 2372 2327 2427 est,
2362 2377 2526 2432 quam
2568 2360 2700 2415 facis
2730 2361 2782 2414 in
2818 2370 2969 2413 tuam
3003 2357 3434 2417 damnationem.

1858 2458 2031 2512 multo
2082 2456 2254 2527 magis
2305 2463 2485 2510 autem
2533 2454 2587 2509 in
2638 2452 3150 2509 condemnationem
3180 2451 3299 2522 ejus
3343 2450 3434 2519 qui

1860 2548 2265 2618 dispensatione
2300 2555 2389 2602 tua
2450 2546 2731 2601 luxuriose
2762 2544 2944 2600 vivere
2980 2543 3081 2599 sibi
3124 2542 3236 2613 jam
3284 2551 3439 2613 putat

1861 2643 2068 2699 licere?
2122 2641 2308 2695 Perire
2360 2653 2576 2709 semper
2622 2636 2761 2692 mala
2814 2652 2903 2690 res
2956 2644 3057 2699 est,
3101 2634 3315 2689 etiamsi
3345 2648 3437 2703 per
3515 2678 3525 2685 .

1864 2736 2233 2810 ignorantiam
2263 2746 2546 2803 pereamus
2576 2751 2589 2797 ;
2650 2731 2742 2786 sed
2794 2729 3050 2784 adhibitis
3079 2727 3310 2797 argutiis
3354 2737 3438 2783 at-

1862 2843 1967 2897 que
1996 2825 2249 2880 artificiis
2282 2826 2348 2879 ad
2384 2825 2597 2879 ruinam
2634 2823 2786 2884 ferri,
2840 2830 3105 2891 quantum
3152 2835 3275 2877 esse
3325 2834 3440 2875 ma-

1864 2920 1975 2974 lum
2029 2916 2411 2986 reputabitur?
2458 2915 2569 2986 Ego
2621 2908 2862 2985 quoque,
2911 2914 2956 2970 si
2994 2914 3119 2985 quis
3156 2912 3309 2973 mihi.
3351 2914 3435 2967 vel

1863 3011 2046 3080 potius
2093 3006 2266 3064 sacris
2324 3006 2629 3063 canonibus
2666 3006 2823 3061 fidem
2878 3004 3114 3066 adhibet.
3168 3004 3437 3074 pmnitea-

1866 3101 1994 3155 tiam
2030 3108 2377 3167 peccatorum
2412 3100 2661 3159 admitto,
2713 3109 2766 3152 et
2810 3097 3271 3167 dispensationem
3304 3111 3440 3151 con-

166 3214 292 3260 σαν,
356 3196 423 3247 οὐ
490 3194 594 3263 τὴν
651 3192 999 3262 ἐνεργεῖσθαι
1064 3193 1602 3260 παρασκευάζουσαν
1659 3195 1759 3263 τὴν

1867 3193 2021 3252 cedo.
2063 3194 2154 3248 sed
2183 3208 2302 3246 cam
2334 3208 2454 3262 qua:
2488 3207 2517 3245 a
2556 3190 2790 3259 peccatis
2819 3189 3078 3244 desistere
3110 3189 3283 3258 jubet,
3329 3206 3437 3243 non

162 3284 473 3356 ἁμαρτίαν.
524 3282 822 3337 Ἀδύνατον
857 3282 964 3352 γὰρ
992 3282 1094 3352 τῆς
1144 3283 1426 3353 ἁμαρτίας
1480 3283 1758 3337 ἐπιτελου-

164 3380 332 3447 μένης
370 3377 476 3430 καὶ
531 3374 820 3446 διηνεκῶς,
857 3377 1167 3445 οἰκονομεῖν
1212 3392 1263 3428 τι
1314 3376 1450 3446 πρὸς
1478 3376 1759 3446 σωτηρίαν

162 3468 588 3538 ὑπολαμϐάνειν
647 3467 742 3520 τὸν
798 3467 983 3519 ἄδειαν
1040 3466 1192 3535 αὐτῷ
1254 3467 1638 3537 παρεχόμενον
1692 3468 1758 3536 τῇ

164 3563 419 3634 ἁμαρτία
451 3561 662 3630 συζῇν·
707 3559 1139 3628 εἰρωνευομένου
1190 3559 1301 3629 γὰρ
1330 3558 1492 3613 τοῦτο
1534 3560 1757 3629 μᾶλλον,

164 3656 261 3709 οὐκ
282 3651 737 3722 οἱκονομοῦντος,
757 3653 853 3704 καὶ
877 3651 1168 3715 παίζοντος
1188 3654 1286 3722 τὴν
1319 3654 1417 3723 τῆς
1446 3652 1763 3722 οἰκονομίας

168 3744 460 3813 βοήθειαν.

230 3839 301 3892 Τί
346 3838 437 3891 ετι
475 3837 571 3889 ἐπὶ
612 3835 954 3907 προλαόόντα
1003 3836 1193 3889 λοιπον
1243 3835 1339 3888 καὶ
1373 3836 1579 3907 ἀρχαῖά
1619 3852 1762 3899 τινες

167 3928 596 3997 καταφεύγουσι
650 3918 1083 3998 πράγματα,ὧν
1136 3926 1360 3980 ἀτόπων
1409 3926 1765 3997 ὑπαρχόντων

169 4024 213 4073 οἱ
249 4022 377 4072 τὸτε
414 4018 691 4089 παρόντες
732 4021 789 4071 ὲν
822 4018 921 4088 βίῳ
967 4018 1298 4088 ἠνέσχοντο;
1346 4015 1490 4086 Ἐγὼ
1532 4018 1587 4069 δὲ
1620 4018 1770 4088 πρῶ-

167 4113 259 4163 τόν
286 4128 441 4179 φημι
469 4109 550 4171 ὡς
588 4109 689 4162 οὐκ
718 4109 963 4176 ἀσφαλὲς
992 4109 1179 4172 αὐτοῖς
1220 4111 1339 4163 ἐκεῖ
1371 4109 1764 4179 καταφεύγειν,

166 4197 229 4255 οὗ
269 4204 418 4273 μήτε
474 4200 631 4255 θείαν
690 4200 873 4270 ψῆφον
924 4200 1355 4272 πολιτευομένην
1400 4202 1595 4274 ὁρῶσι,
1630 4203 1767 4272 μήτε

169 4296 363 4365 κρίσιν
400 4294 464 4360 ἐξ
498 4292 806 4363 ἀνθρώπων
851 4296 1255 4365 ἐπαινουμένην
1293 4312 1306 4326 ο
1348 4294 1466 4358 πῶς
1505 4294 1551 4349 δ’
1582 4293 1650 4348 ἀν
1681 4296 1767 4363 εἴη

171 4388 312 4441 θεοῦ
370 4388 584 4456 ψῆφος,
627 4386 660 4455 ἢ
709 4385 904 4458 γνώμη
959 4386 1267 4457 ἀνθρώπων
1316 4388 1413 4440 ἐπὶ
1476 4388 1769 4458 πράγμασι

173 4476 553 4548 προξενοῦσιν
607 4479 901 4548 αἰσχύνην,
937 4478 1203 4547 μέμψεως
1240 4477 1299 4531 δὲ
1348 4478 1475 4540 τοὺς
1530 4478 1769 4548 ἐργάτας

174 4569 530 4642 ἐξαιρεῖσθαι
582 4569 659 4638 μὴ
714 4569 1077 4636 δυναμένοις;
1116 4569 1383 4640 Δεύτερον
1418 4570 1473 4623 δὲ
1498 4571 1579 4623 ὅτι
1619 4571 1695 4642 μὴ
1728 4571 1770 4623 δ’
1807 4550 1849 4604 D

176 4669 338 4733 ἄξιον
366 4665 424 4717 εἷ
462 4679 516 4716 τι
548 4663 737 4733 πόρρω
780 4660 875 4715 τοῦ
912 4663 1216 4733 πρέποντος
1248 4665 1361 4725 τοῖς
1392 4664 1772 4734 ἀρχαιοτέροις

176 4755 658 4827 ἐπράχθη,τοῦτο
700 4755 1059 4825 παράδειγμα
1098 4755 1375 4810 ποιεῖσθαι
1415 4756 1543 4819 τοὺς
1578 4757 1776 4810 νεωτέ-

178 4868 309 4920 ρως
340 4868 355 4881 ·
392 4850 641 4919 λήσομεν
691 4846 802 4917 γὰρ
857 4847 1104 4918 ἑαυτοὺς,
1132 4847 1307 4901 πολλὰ
1358 4845 1465 4900 τῶν
1498 4846 1776 4917 κολάσεως

178 4946 353 5007 ἀξίων
406 4943 493 5003 είς
528 4940 630 5008 τὴν
680 4940 803 4993 καθ’
841 4941 988 5008 ἡμᾶς
1038 4940 1234 5007 γενεὰν
1265 4928 1581 5009 εἰσάγοντες
1605 4954 1621 4971 ο
1654 4939 1773 4992 ἀλλ’

178 5037 281 5089 οὒκ
314 5034 442 5087 εστι
495 5031 656 5085 τοῦτο
700 5031 965 5099 φιλοθέων
1003 5031 1237 5101 ἀνδρῶν,
1262 5033 1384 5085 οὐδὲ
1438 5030 1585 5103 ζωὴν
1638 5033 1775 5101 ἀγα-

179 5129 419 5183 πώντων
482 5125 729 5195 θεοφιλῆ.
770 5124 973 5186 Κακῶς
1001 5120 1099 5177 οὖν
1129 5125 1225 5178 καὶ
1261 5124 1423 5178 τοῦτο
1441 5126 1689 5194 λέγεται,
1716 5125 1778 5178 τὸ

178 5222 319 5293 πρὸς
368 5218 443 5271 τὰ
493 5215 844 5285 πρεσὸύτερα
888 5215 999 5267 τῶν
1056 5216 1476 5287 ἁμαρτημάτων
1534 5216 1778 5287 ὁρῶντας

181 5309 493 5377 βούλεσθαι
555 5308 651 5360 καὶ
711 5308 863 5377 ἡμᾶς
915 5308 1293 5377 ἁμαρτάνεινο
1357 5308 1454 5362 καὶ
1510 5307 1649 5361 διότι
1703 5309 1777 5378 μὴ

180 5403 409 5470 εὖαγῶς
479 5402 509 5454 ὁ
562 5400 794 5468 δεῖνα,ἢ
841 5400 922 5452 ὅτι
975 5399 1262 5469 ἄνθρωπος
1320 5399 1397 5453 ὢν
1453 5400 1777 5471 παρηνέχθη

184 5498 324 5567 πρὸς
387 5494 605 5562 φαύλην
655 5490 876 5560 πρᾶξιν,
914 5489 1002 5543 διὰ
1053 5491 1212 5544 τοῦτο
1265 5494 1361 5544 καὶ
1419 5493 1587 5563 ἡμᾶς.
1621 5490 1673 5544 εἴ
1725 5510 1779 5545 τι

184 5592 403 5661 φαῦλον
469 5588 799 5650 ἀνακόπτει,
857 5585 1016 5639 τοῦτο
1075 5585 1492 5657 καταδέχεσθαι.
1552 5581 1663 5639 Ἦν
1719 5586 1776 5639 δὲ

186 5688 422 5756 ἄμεινον
456 5684 558 5737 καὶ
591 5683 772 5753 πολλῷ
800 5682 1026 5753 ἄμεινον
1058 5680 1219 5735 τοῦτο
1272 5682 1369 5734 καὶ
1425 5682 1648 5752 φρονεῖν
1680 5680 1777 5734 καὶ

185 5780 379 5848 λέγειν
402 5778 482 5840 ὡς
508 5776 694 5846 ἐπειδὴ
746 5776 926 5828 ἐκεῖνο
957 5777 1143 5839 κακῶς
1181 5772 1457 5846 ἐπράχθη,
1486 5773 1569 5826 δεῖ
1599 5771 1775 5827 ταῦτα

192 5872 336 5925 κατά
396 5869 497 5924 τὸν
554 5866 907 5939 προσήκοντα
941 5866 1098 5936 λόγον
1145 5863 1584 5937 διαπεπρᾶχθαι*
1614 5862 1777 5918 τοῦτο

1866 3286 1975 3341 illis
2009 3286 2263 3342 insistere
2312 3283 2596 3352 permittit.
2650 3281 2751 3336 Ubi
2802 3284 2948 3336 enim
3002 3293 3284 3349 peccatum
3318 3297 3441 3351 per-

1863 3387 2025 3448 petuo
2070 3388 2123 3432 ct
2154 3378 2273 3433 sine
2306 3376 2715 3432 intermissione
2748 3376 2925 3429 locum
2956 3375 3137 3441 habet,
3182 3374 3323 3430 fieri.
3348 3390 3443 3428 ne-

1863 3471 1981 3541 quit
2014 3481 2072 3525 ut
2101 3470 2193 3523 ille
2234 3469 2326 3539 qui
2363 3468 2580 3522 veniam
2619 3467 2671 3521 in
2707 3467 2982 3536 peccando
3021 3466 3273 3537 pergendi
3303 3481 3438 3522 con-

1864 3561 2030 3624 cedit,
2080 3562 2144 3616 ad
2193 3561 2425 3616 salutem
2465 3560 2767 3628 peccatoris
2799 3558 3003 3628 aliquid
3049 3557 3316 3621 conferat,
3366 3558 3443 3612 si-

1865 3654 2084 3723 quidem
2118 3654 2302 3723 potius
2350 3652 2582 3708 illudere
2631 3660 2685 3707 et
2737 3651 2984 3707 deridere
3023 3666 3186 3721 quam
3219 3650 3440 3721 dispen-

1867 3763 1989 3804 sare
2020 3746 2286 3801 auxilium
2315 3745 2549 3800 videtur.

1937 3838 2224 3906 Quomodo
2267 3837 2433 3907 igitur
2483 3835 2548 3890 ad
2595 3835 2818 3905 antiqua
2861 3834 3083 3904 quidam
3122 3832 3443 3904 confugiunt

1868 3943 1920 3987 et
1946 3935 2218 4001 praeterita
2253 3929 2453 3999 quibus
2489 3928 2581 3998 qui
2620 3937 2749 3983 tunc
2798 3927 2997 3992 vixere,
3047 3926 3297 3996 quamvis
3346 3925 3443 3980 ab-

1870 4026 2073 4089 surdis,
2122 4022 2503 4077 indulserunt?
2561 4019 2692 4075 Dico
2740 4020 2901 4091 igitur
2949 4020 3186 4089 primum
3233 4020 3441 4075 nullam

1869 4115 2103 4170 existere
2133 4129 2355 4169 causam
2385 4114 2587 4184 justam
2638 4128 2737 4167 cur
2785 4112 2913 4166 illuc
2959 4111 3300 4181 confugiant,
3348 4114 3440 4167 ubi

1871 4225 2047 4278 neque
2097 4208 2337 4262 divinam
2392 4206 2675 4260 inveniunt
2725 4204 3211 4274 approbationem,
3266 4222 3443 4277 neque

1873 4299 2198 4355 laudabilem
2233 4297 2513 4353 hominum
2540 4297 2913 4352 assensionem
2955 4314 2969 4350 :
3001 4300 3275 4369 quomodo
3295 4300 3442 4355 enim

1872 4394 2016 4448 Deus
2046 4392 2221 4446 faveat
2250 4399 2345 4445 aut
2375 4390 2626 4444 homines
2670 4391 3041 4444 assentiamur
3088 4392 3249 4447 rebus
3286 4394 3441 4459 igno-

1877 4485 2124 4540 miniosis
2176 4484 2372 4552 quibus
2429 4482 2521 4552 qui
2590 4481 2811 4536 student
2859 4480 3185 4551 vituperium
3236 4486 3445 4540 evitare

1880 4577 2188 4647 nequeunt?
2215 4575 2419 4630 Deinde
2442 4574 2721 4645 indignum
2747 4575 2877 4630 mihi
2903 4576 3137 4640 videtur,
3171 4577 3217 4632 si
3243 4580 3443 4648 posteri

1882 4672 1931 4726 id
1969 4671 2114 4740 quod
2162 4668 2399 4737 majores
2431 4668 2715 4723 inhoneste
2759 4666 3024 4733 fecerunt,
3073 4670 3218 4723 velut
3261 4686 3447 4726 exem-

1878 4762 2021 4831 plum
2059 4759 2385 4836 imitandum
2416 4758 2516 4813 sibi
2553 4768 2859 4828 proponant
2894 4775 2908 4813 :
2947 4759 3025 4815 sic
3070 4760 3213 4814 enim
3242 4762 3325 4815 vel
3361 4764 3446 4815 in-

1878 4852 1975 4907 scii
1998 4852 2165 4906 multa
2190 4865 2309 4918 quze
2328 4849 2621 4919 vituperari
2652 4864 2716 4905 ac
2738 4850 2915 4920 puniri
2939 4850 3153 4917 debent,
3177 4852 3318 4921 apud
3350 4868 3448 4910 nos

1883 4941 2351 4996 inti-educerentus
2384 4956 2398 4995 :
2435 4940 2539 4994 hoc
2562 4949 2740 4995 autem
2774 4940 3088 5011 neutiquam
3137 4953 3223 4997 est
3270 4944 3447 4998 homi-

1884 5048 2011 5086 num
2067 5032 2162 5101 qui
2219 5032 2387 5086 Deum
2435 5031 2664 5101 diligunt
2716 5042 2770 5088 et
2819 5033 2944 5087 vita:
2994 5035 3179 5103 proba
3226 5050 3446 5103 operam

1883 5132 2103 5179 navant.
2140 5123 2559 5194 lmprobandum
2592 5139 2722 5193 ergo
2748 5124 2878 5190 erit,
2912 5123 2957 5179 si
3013 5140 3112 5180 nos
3154 5126 3449 5195 respicien-

1884 5225 1964 5269 tes
1998 5217 2063 5267 ad
2091 5228 2155 5268 ea
2188 5229 2306 5283 qua
2344 5212 2582 5282 majores
2613 5213 2754 5267 male
2780 5222 3032 5286 egerunt,
3081 5225 3130 5271 et
3180 5216 3278 5286 ipsi
3320 5232 3449 5287 pec-

1881 5321 2005 5361 care
2035 5307 2191 5360 nobis
2229 5305 2389 5360 licere
2423 5306 2795 5375 putaverimus
2826 5322 2841 5370 ;
2890 5316 2985 5361 aut
3031 5308 3157 5377 quia
3206 5310 3450 5365 nonnulli

1883 5414 1991 5469 qua
2026 5397 2276 5453 homines
2324 5397 2391 5451 ad
2444 5397 2587 5451 mala
2637 5396 2878 5452 facinora
2933 5413 3055 5453 sese
3099 5400 3272 5470 abripi
3306 5403 3452 5470 passi

1884 5499 2033 5554 sunt,
2068 5491 2188 5545 ideo
2209 5489 2372 5544 etiam
2404 5505 2504 5545 nos
2533 5490 2759 5555 malum,
2784 5490 3094 5562 ubicunque
3117 5494 3449 5562 apparuerit,

1884 5585 2037 5653 sequi
2091 5584 2445 5638 voluerimus.
2504 5583 2616 5637 lmo
2675 5584 2721 5638 si
2771 5584 2899 5653 quid
2954 5586 3092 5639 male
3135 5596 3315 5640 actum
3366 5596 3453 5641 cst

1882 5675 2037 5736 olim.
2092 5674 2265 5728 multo
2296 5673 2494 5729 melius
2534 5674 2638 5729 erit
2672 5675 2910 5744 cogitare
2938 5689 3003 5730 ac
3053 5675 3256 5743 dicere,
3305 5678 3449 5745 quod

1886 5767 1990 5821 hoc
2022 5766 2154 5821 bene
2180 5775 2233 5821 et
2267 5766 2343 5820 uti
2379 5766 2534 5822 decet
2557 5766 2735 5821 facere
2763 5780 2863 5821 nos
2886 5776 3152 5833 oporteat,
3183 5768 3451 5837 siquidem

1885 5861 2028 5931 apud
2084 5876 2276 5917 omnes
2331 5862 2398 5916 dc
2454 5862 2556 5915 hoc
2617 5868 2851 5924 constat,
2908 5862 3089 5931 pejora
3149 5862 3459 5918 nullatenus
