  <div class='ocr_page' id='page_1' title='image "/cluster/home/n/w/nwhite01/storage/ocr_20150623/111/nnc1.0046979743/113.png"; bbox 0 0 4182 6428; ppageno 0'>
   <div class='ocr_carea' id='block_1_1' title="bbox 759 453 862 517">
    <p class='ocr_par' dir='ltr' id='par_1_1' title="bbox 759 453 862 517">
     <span class='ocr_line' id='line_1_1' title="bbox 759 453 862 517; baseline -0.019 0"><span class='ocrx_word' id='word_1_1' title='bbox 759 453 862 517; x_wconf 77' lang='grc'><strong>215</strong></span> 
     </span>
    </p>
   </div>
   <div class='ocr_carea' id='block_1_2' title="bbox 1885 450 2915 512">
    <p class='ocr_par' dir='ltr' id='par_1_2' title="bbox 1885 450 2915 512">
     <span class='ocr_line' id='line_1_2' title="bbox 1885 450 2915 512; baseline 0 -3"><span class='ocrx_word' id='word_1_2' title='bbox 1885 452 2197 510; x_wconf 78' lang='lat' dir='ltr'><strong>NlCULAI</strong></span> <span class='ocrx_word' id='word_1_3' title='bbox 2248 450 2358 509; x_wconf 68' lang='grc' dir='ltr'><strong>(ΣΡ.</strong></span> <span class='ocrx_word' id='word_1_4' title='bbox 2402 451 2843 512; x_wconf 68' lang='lat' dir='ltr'><strong>i’ATliIARClI</strong></span> <span class='ocrx_word' id='word_1_5' title='bbox 2873 452 2915 509; x_wconf 81' lang='grc' dir='ltr'>Ε</span> 
     </span>
    </p>
   </div>
   <div class='ocr_carea' id='block_1_3' title="bbox 3905 453 4009 515">
    <p class='ocr_par' dir='ltr' id='par_1_3' title="bbox 3905 453 4009 515">
     <span class='ocr_line' id='line_1_3' title="bbox 3905 453 4009 515; baseline 0 -1"><span class='ocrx_word' id='word_1_6' title='bbox 3905 453 4009 515; x_wconf 65' lang='lat' dir='ltr'><strong>Qiﬁ</strong></span> 
     </span>
    </p>
   </div>
   <div class='ocr_carea' id='block_1_4' title="bbox 755 559 2338 635">
    <p class='ocr_par' dir='ltr' id='par_1_4' title="bbox 755 560 2329 629">
     <span class='ocr_line' id='line_1_4' title="bbox 755 560 2329 629; baseline -0.004 -10"><span class='ocrx_word' id='word_1_7' title='bbox 755 580 874 619; x_wconf 86' lang='lat' dir='ltr'><strong>esse</strong></span> <span class='ocrx_word' id='word_1_8' title='bbox 918 561 1203 627; x_wconf 81' lang='lat' dir='ltr'><strong>imitanda,</strong></span> <span class='ocrx_word' id='word_1_9' title='bbox 1240 562 1349 614; x_wconf 91' lang='lat' dir='ltr'><strong>imo</strong></span> <span class='ocrx_word' id='word_1_10' title='bbox 1395 572 1639 615; x_wconf 86' lang='lat' dir='ltr'><strong>nostrum</strong></span> <span class='ocrx_word' id='word_1_11' title='bbox 1691 574 1835 624; x_wconf 89' lang='lat' dir='ltr'><strong>esse,</strong></span> <span class='ocrx_word' id='word_1_12' title='bbox 1875 560 2154 629; x_wconf 80' lang='lat' dir='ltr'><strong>pejorihus</strong></span> <span class='ocrx_word' id='word_1_13' title='bbox 2198 575 2329 625; x_wconf 78' lang='lat' dir='ltr'><strong>cog-</strong></span> 
     </span>
    </p>
   </div>
   <div class='ocr_carea' id='block_1_5' title="bbox 2440 559 4010 635">
    <p class='ocr_par' dir='ltr' id='par_1_5' title="bbox 2440 559 4010 635">
     <span class='ocr_line' id='line_1_5' title="bbox 2440 559 4010 635; baseline 0.001 -19"><span class='ocrx_word' id='word_1_14' title='bbox 2440 563 2546 631; x_wconf 71' lang='grc' dir='ltr'><strong>γαρ</strong></span> <span class='ocrx_word' id='word_1_15' title='bbox 2578 564 2775 627; x_wconf 85' lang='grc' dir='ltr'>κοινῶς</span> <span class='ocrx_word' id='word_1_16' title='bbox 2802 562 2954 633; x_wconf 71' lang='grc' dir='ltr'>παρὰ</span> <span class='ocrx_word' id='word_1_17' title='bbox 2987 562 3119 615; x_wconf 77' lang='grc' dir='ltr'>πᾶσι</span> <span class='ocrx_word' id='word_1_18' title='bbox 3146 563 3358 631; x_wconf 76' lang='grc' dir='ltr'>κρατεῖ,</span> <span class='ocrx_word' id='word_1_19' title='bbox 3381 559 3442 615; x_wconf 84' lang='grc' dir='ltr'><strong>τδ</strong></span> <span class='ocrx_word' id='word_1_20' title='bbox 3473 561 3550 631; x_wconf 84' lang='grc' dir='ltr'>μὴ</span> <span class='ocrx_word' id='word_1_21' title='bbox 3581 560 3715 632; x_wconf 53' lang='grc' dir='ltr'>πώς</span> <span class='ocrx_word' id='word_1_22' title='bbox 3748 561 3814 616; x_wconf 74' lang='grc' dir='ltr'><strong>τὰ</strong></span> <span class='ocrx_word' id='word_1_23' title='bbox 3844 567 4010 635; x_wconf 75' lang='grc' dir='ltr'>χείρω</span> 
     </span>
    </p>
   </div>
   <div class='ocr_carea' id='block_1_6' title="bbox 754 653 2326 721">
    <p class='ocr_par' dir='ltr' id='par_1_6' title="bbox 754 653 2326 721">
     <span class='ocr_line' id='line_1_6' title="bbox 754 653 2326 721; baseline -0.003 -12"><span class='ocrx_word' id='word_1_24' title='bbox 754 656 929 717; x_wconf 61' lang='grc' dir='ltr'>ηἰιίε,</span> <span class='ocrx_word' id='word_1_25' title='bbox 966 654 1032 707; x_wconf 89' lang='lat' dir='ltr'><strong>ad</strong></span> <span class='ocrx_word' id='word_1_26' title='bbox 1088 655 1187 706; x_wconf 92' lang='lat' dir='ltr'><strong>hoc</strong></span> <span class='ocrx_word' id='word_1_27' title='bbox 1234 661 1498 721; x_wconf 89' lang='lat' dir='ltr'><strong>quantum</strong></span> <span class='ocrx_word' id='word_1_28' title='bbox 1549 653 1600 705; x_wconf 90' lang='lat' dir='ltr'><strong>in</strong></span> <span class='ocrx_word' id='word_1_29' title='bbox 1657 654 1815 708; x_wconf 85' lang='lat' dir='ltr'><strong>nobis</strong></span> <span class='ocrx_word' id='word_1_30' title='bbox 1863 661 1948 706; x_wconf 86' lang='lat' dir='ltr'><strong>est</strong></span> <span class='ocrx_word' id='word_1_31' title='bbox 1989 653 2326 715; x_wconf 85' lang='lat' dir='ltr'><strong>incumbere,</strong></span> 
     </span>
    </p>
   </div>
   <div class='ocr_carea' id='block_1_7' title="bbox 754 746 2329 818">
    <p class='ocr_par' dir='ltr' id='par_1_7' title="bbox 754 746 2329 818">
     <span class='ocr_line' id='line_1_7' title="bbox 754 746 2329 818; baseline -0.002 -16"><span class='ocrx_word' id='word_1_32' title='bbox 754 765 821 804; x_wconf 90' lang='lat' dir='ltr'><strong>ne</strong></span> <span class='ocrx_word' id='word_1_33' title='bbox 855 750 1045 803; x_wconf 82' lang='lat' dir='ltr'><strong>eodem</strong></span> <span class='ocrx_word' id='word_1_34' title='bbox 1084 746 1444 815; x_wconf 83' lang='lat' dir='ltr'><strong>abripiamur,</strong></span> <span class='ocrx_word' id='word_1_35' title='bbox 1498 747 1592 801; x_wconf 90' lang='lat' dir='ltr'><strong>sed</strong></span> <span class='ocrx_word' id='word_1_36' title='bbox 1646 748 1824 818; x_wconf 77' lang='lat' dir='ltr'><strong>potius</strong></span> <span class='ocrx_word' id='word_1_37' title='bbox 1877 746 1942 799; x_wconf 85' lang='lat' dir='ltr'><strong>ad</strong></span> <span class='ocrx_word' id='word_1_38' title='bbox 1973 746 2198 800; x_wconf 98' lang='lat' dir='ltr'><strong>meliora</strong></span> <span class='ocrx_word' id='word_1_39' title='bbox 2248 746 2329 799; x_wconf 89' lang='lat' dir='ltr'><strong>in-</strong></span> 
     </span>
    </p>
   </div>
   <div class='ocr_carea' id='block_1_8' title="bbox 750 840 1032 895">
    <p class='ocr_par' dir='ltr' id='par_1_8' title="bbox 750 840 1032 895">
     <span class='ocr_line' id='line_1_8' title="bbox 750 840 1032 895; baseline -0.018 0"><span class='ocrx_word' id='word_1_40' title='bbox 750 840 1032 895; x_wconf 89' lang='lat' dir='ltr'><strong>clinemus.</strong></span> 
     </span>
    </p>
   </div>
   <div class='ocr_carea' id='block_1_9' title="bbox 824 932 2329 1002">
    <p class='ocr_par' dir='ltr' id='par_1_9' title="bbox 824 932 2329 1002">
     <span class='ocr_line' id='line_1_9' title="bbox 824 932 2329 1002; baseline -0.001 -17"><span class='ocrx_word' id='word_1_41' title='bbox 824 933 961 999; x_wconf 83' lang='lat' dir='ltr'><strong>Quid</strong></span> <span class='ocrx_word' id='word_1_42' title='bbox 1005 933 1169 1002; x_wconf 85' lang='lat' dir='ltr'><strong>igitur</strong></span> <span class='ocrx_word' id='word_1_43' title='bbox 1213 932 1343 985; x_wconf 89' lang='lat' dir='ltr'><strong>mibi</strong></span> <span class='ocrx_word' id='word_1_44' title='bbox 1384 946 1785 987; x_wconf 84' lang='lat' dir='ltr'><strong>commemoras</strong></span> <span class='ocrx_word' id='word_1_45' title='bbox 1824 932 2203 987; x_wconf 82' lang='lat' dir='ltr'><strong>Valentianum</strong></span> <span class='ocrx_word' id='word_1_46' title='bbox 2235 944 2329 986; x_wconf 86' lang='lat' dir='ltr'><strong>aut</strong></span> 
     </span>
    </p>
   </div>
   <div class='ocr_carea' id='block_1_10' title="bbox 752 1024 2329 1093">
    <p class='ocr_par' dir='ltr' id='par_1_10' title="bbox 752 1024 2329 1093">
     <span class='ocr_line' id='line_1_10' title="bbox 752 1024 2329 1093; baseline 0.001 -14"><span class='ocrx_word' id='word_1_47' title='bbox 752 1026 917 1080; x_wconf 88' lang='lat' dir='ltr'><strong>alium</strong></span> <span class='ocrx_word' id='word_1_48' title='bbox 971 1026 1395 1093; x_wconf 88' lang='lat' dir='ltr'><strong>quemcunque?</strong></span> <span class='ocrx_word' id='word_1_49' title='bbox 1448 1024 1503 1077; x_wconf 86' lang='lat' dir='ltr'><strong>Si</strong></span> <span class='ocrx_word' id='word_1_50' title='bbox 1554 1026 1698 1078; x_wconf 90' lang='lat' dir='ltr'><strong>enim</strong></span> <span class='ocrx_word' id='word_1_51' title='bbox 1753 1026 1898 1081; x_wconf 90' lang='lat' dir='ltr'><strong>illius</strong></span> <span class='ocrx_word' id='word_1_52' title='bbox 1940 1025 2137 1080; x_wconf 73' lang='lat' dir='ltr'><strong>factum</strong></span> <span class='ocrx_word' id='word_1_53' title='bbox 2170 1024 2329 1080; x_wconf 97' lang='lat' dir='ltr'><strong>laude</strong></span> 
     </span>
    </p>
   </div>
   <div class='ocr_carea' id='block_1_11' title="bbox 751 1116 2330 1187">
    <p class='ocr_par' dir='ltr' id='par_1_11' title="bbox 751 1116 2330 1187">
     <span class='ocr_line' id='line_1_11' title="bbox 751 1116 2330 1187; baseline 0 -18"><span class='ocrx_word' id='word_1_54' title='bbox 751 1126 835 1172; x_wconf 86' lang='lat' dir='ltr'><strong>est</strong></span> <span class='ocrx_word' id='word_1_55' title='bbox 867 1117 1115 1187; x_wconf 88' lang='lat' dir='ltr'><strong>dignum,</strong></span> <span class='ocrx_word' id='word_1_56' title='bbox 1168 1116 1368 1170; x_wconf 89' lang='lat' dir='ltr'><strong>imitari</strong></span> <span class='ocrx_word' id='word_1_57' title='bbox 1395 1116 1677 1180; x_wconf 82' lang='lat' dir='ltr'><strong>debemus,</strong></span> <span class='ocrx_word' id='word_1_58' title='bbox 1711 1126 1764 1169; x_wconf 90' lang='lat' dir='ltr'><strong>ut</strong></span> <span class='ocrx_word' id='word_1_59' title='bbox 1797 1116 1984 1170; x_wconf 81' lang='lat' dir='ltr'><strong>eadem</strong></span> <span class='ocrx_word' id='word_1_60' title='bbox 2019 1116 2178 1169; x_wconf 87' lang='lat' dir='ltr'><strong>laude</strong></span> <span class='ocrx_word' id='word_1_61' title='bbox 2210 1117 2330 1184; x_wconf 81' lang='lat' dir='ltr'><strong>dig-</strong></span> 
     </span>
    </p>
   </div>
   <div class='ocr_carea' id='block_1_12' title="bbox 754 1206 2326 1275">
    <p class='ocr_par' dir='ltr' id='par_1_12' title="bbox 754 1206 2326 1275">
     <span class='ocr_line' id='line_1_12' title="bbox 754 1206 2326 1275; baseline 0.001 -15"><span class='ocrx_word' id='word_1_62' title='bbox 754 1224 855 1261; x_wconf 87' lang='lat' dir='ltr'><strong>nos</strong></span> <span class='ocrx_word' id='word_1_63' title='bbox 884 1224 980 1261; x_wconf 86' lang='lat' dir='ltr'><strong>nos</strong></span> <span class='ocrx_word' id='word_1_64' title='bbox 1009 1206 1302 1261; x_wconf 90' lang='lat' dir='ltr'><strong>reddamus</strong></span> <span class='ocrx_word' id='word_1_65' title='bbox 1340 1224 1353 1260; x_wconf 91' lang='lat'><strong>:</strong></span> <span class='ocrx_word' id='word_1_66' title='bbox 1387 1206 1430 1260; x_wconf 87' lang='lat' dir='ltr'><strong>si</strong></span> <span class='ocrx_word' id='word_1_67' title='bbox 1478 1222 1608 1260; x_wconf 88' lang='lat' dir='ltr'><strong>vero</strong></span> <span class='ocrx_word' id='word_1_68' title='bbox 1658 1207 2072 1275; x_wconf 84' lang='lat' dir='ltr'><strong>vituperandum</strong></span> <span class='ocrx_word' id='word_1_69' title='bbox 2126 1216 2211 1262; x_wconf 85' lang='lat' dir='ltr'><strong>est</strong></span> <span class='ocrx_word' id='word_1_70' title='bbox 2262 1221 2326 1261; x_wconf 87' lang='lat' dir='ltr'><strong>ac</strong></span> 
     </span>
    </p>
   </div>
   <div class='ocr_carea' id='block_1_13' title="bbox 752 1299 2328 1370">
    <p class='ocr_par' dir='ltr' id='par_1_13' title="bbox 752 1299 2328 1370">
     <span class='ocr_line' id='line_1_13' title="bbox 752 1299 2328 1370; baseline 0.003 -18"><span class='ocrx_word' id='word_1_71' title='bbox 752 1299 1180 1368; x_wconf 82' lang='lat' dir='ltr'><strong>reprobandum,</strong></span> <span class='ocrx_word' id='word_1_72' title='bbox 1212 1299 1338 1368; x_wconf 88' lang='lat' dir='ltr'><strong>quid</strong></span> <span class='ocrx_word' id='word_1_73' title='bbox 1391 1299 1553 1367; x_wconf 88' lang='lat' dir='ltr'><strong>jubes</strong></span> <span class='ocrx_word' id='word_1_74' title='bbox 1596 1316 1680 1353; x_wconf 89' lang='lat' dir='ltr'><strong>me</strong></span> <span class='ocrx_word' id='word_1_75' title='bbox 1728 1301 1903 1355; x_wconf 84' lang='lat' dir='ltr'><strong>facere</strong></span> <span class='ocrx_word' id='word_1_76' title='bbox 1952 1318 2074 1370; x_wconf 70' lang='lat' dir='ltr'><strong>quae</strong></span> <span class='ocrx_word' id='word_1_77' title='bbox 2126 1302 2222 1357; x_wconf 92' lang='lat' dir='ltr'><strong>tibi</strong></span> <span class='ocrx_word' id='word_1_78' title='bbox 2264 1318 2328 1356; x_wconf 90' lang='lat' dir='ltr'><strong>ac</strong></span> 
     </span>
    </p>
   </div>
   <div class='ocr_carea' id='block_1_14' title="bbox 754 1392 2322 1463">
    <p class='ocr_par' dir='ltr' id='par_1_14' title="bbox 754 1392 2322 1463">
     <span class='ocr_line' id='line_1_14' title="bbox 754 1392 2322 1463; baseline 0.003 -19"><span class='ocrx_word' id='word_1_79' title='bbox 754 1392 912 1446; x_wconf 88' lang='lat' dir='ltr'><strong>nobis</strong></span> <span class='ocrx_word' id='word_1_80' title='bbox 965 1393 1129 1447; x_wconf 90' lang='lat' dir='ltr'><strong>simul</strong></span> <span class='ocrx_word' id='word_1_81' title='bbox 1177 1392 1229 1445; x_wconf 90' lang='lat' dir='ltr'><strong>in</strong></span> <span class='ocrx_word' id='word_1_82' title='bbox 1284 1392 1613 1460; x_wconf 77' lang='lat' dir='ltr'><strong>vituperium</strong></span> <span class='ocrx_word' id='word_1_83' title='bbox 1663 1393 1900 1447; x_wconf 79' lang='lat' dir='ltr'><strong>cedunt?</strong></span> <span class='ocrx_word' id='word_1_84' title='bbox 1969 1392 2037 1446; x_wconf 81' lang='grc' dir='ltr'>Αι</span> <span class='ocrx_word' id='word_1_85' title='bbox 2095 1394 2322 1463; x_wconf 83' lang='lat' dir='ltr'><strong>(inquis)</strong></span> 
     </span>
    </p>
   </div>
   <div class='ocr_carea' id='block_1_15' title="bbox 752 1483 2329 1555">
    <p class='ocr_par' dir='ltr' id='par_1_15' title="bbox 752 1483 2329 1555">
     <span class='ocr_line' id='line_1_15' title="bbox 752 1483 2329 1555; baseline 0.002 -18"><span class='ocrx_word' id='word_1_86' title='bbox 752 1485 1136 1539; x_wconf 88' lang='lat' dir='ltr'><strong>sanctissimus</strong></span> <span class='ocrx_word' id='word_1_87' title='bbox 1159 1483 1428 1539; x_wconf 75' lang='lat' dir='ltr'><strong>Damasus</strong></span> <span class='ocrx_word' id='word_1_88' title='bbox 1459 1484 1697 1539; x_wconf 84' lang='lat' dir='ltr'><strong>admisit.</strong></span> <span class='ocrx_word' id='word_1_89' title='bbox 1726 1484 1931 1551; x_wconf 85' lang='lat' dir='ltr'><strong>Quodsi</strong></span> <span class='ocrx_word' id='word_1_90' title='bbox 1956 1485 2097 1540; x_wconf 89' lang='lat' dir='ltr'><strong>hanc</strong></span> <span class='ocrx_word' id='word_1_91' title='bbox 2118 1486 2329 1555; x_wconf 85' lang='lat' dir='ltr'><strong>opinio-</strong></span> 
     </span>
    </p>
   </div>
   <div class='ocr_carea' id='block_1_16' title="bbox 757 1577 2328 1646">
    <p class='ocr_par' dir='ltr' id='par_1_16' title="bbox 757 1577 2328 1646">
     <span class='ocr_line' id='line_1_16' title="bbox 757 1577 2328 1646; baseline 0.001 -15"><span class='ocrx_word' id='word_1_92' title='bbox 757 1593 879 1632; x_wconf 87' lang='lat' dir='ltr'><strong>nem</strong></span> <span class='ocrx_word' id='word_1_93' title='bbox 913 1585 1025 1637; x_wconf 85' lang='lat' dir='ltr'><strong>toto</strong></span> <span class='ocrx_word' id='word_1_94' title='bbox 1056 1577 1241 1630; x_wconf 92' lang='lat' dir='ltr'><strong>animo</strong></span> <span class='ocrx_word' id='word_1_95' title='bbox 1271 1577 1505 1645; x_wconf 86' lang='lat' dir='ltr'><strong>suscipis</strong></span> <span class='ocrx_word' id='word_1_96' title='bbox 1556 1592 1788 1646; x_wconf 83' lang='lat' dir='ltr'><strong>eamque</strong></span> <span class='ocrx_word' id='word_1_97' title='bbox 1836 1578 1975 1632; x_wconf 89' lang='lat' dir='ltr'><strong>bene</strong></span> <span class='ocrx_word' id='word_1_98' title='bbox 2022 1593 2080 1631; x_wconf 90' lang='lat' dir='ltr'><strong>se</strong></span> <span class='ocrx_word' id='word_1_99' title='bbox 2128 1578 2328 1633; x_wconf 88' lang='lat' dir='ltr'><strong>habere</strong></span> 
     </span>
    </p>
   </div>
   <div class='ocr_carea' id='block_1_17' title="bbox 751 1668 2327 1740">
    <p class='ocr_par' dir='ltr' id='par_1_17' title="bbox 751 1668 2327 1740">
     <span class='ocr_line' id='line_1_17' title="bbox 751 1668 2327 1740; baseline 0.002 -17"><span class='ocrx_word' id='word_1_100' title='bbox 751 1668 1054 1731; x_wconf 80' lang='lat' dir='ltr'><strong>existimas,</strong></span> <span class='ocrx_word' id='word_1_101' title='bbox 1108 1668 1295 1740; x_wconf 91' lang='lat' dir='ltr'><strong>quidni</strong></span> <span class='ocrx_word' id='word_1_102' title='bbox 1337 1684 1402 1723; x_wconf 93' lang='lat' dir='ltr'><strong>eo</strong></span> <span class='ocrx_word' id='word_1_103' title='bbox 1449 1685 1620 1739; x_wconf 90' lang='lat' dir='ltr'><strong>usque</strong></span> <span class='ocrx_word' id='word_1_104' title='bbox 1651 1671 1992 1740; x_wconf 83' lang='lat' dir='ltr'><strong>progrederis</strong></span> <span class='ocrx_word' id='word_1_105' title='bbox 2022 1680 2081 1725; x_wconf 90' lang='lat' dir='ltr'><strong>ut</strong></span> <span class='ocrx_word' id='word_1_106' title='bbox 2112 1672 2327 1727; x_wconf 90' lang='lat' dir='ltr'><strong>sancias</strong></span> 
     </span>
    </p>
   </div>
   <div class='ocr_carea' id='block_1_18' title="bbox 753 1760 2325 1833">
    <p class='ocr_par' dir='ltr' id='par_1_18' title="bbox 753 1760 2325 1833">
     <span class='ocr_line' id='line_1_18' title="bbox 753 1760 2325 1833; baseline 0.003 -21"><span class='ocrx_word' id='word_1_107' title='bbox 753 1760 918 1815; x_wconf 84' lang='lat' dir='ltr'><strong>licere</strong></span> <span class='ocrx_word' id='word_1_108' title='bbox 944 1761 1082 1815; x_wconf 91' lang='lat' dir='ltr'><strong>duas</strong></span> <span class='ocrx_word' id='word_1_109' title='bbox 1128 1775 1326 1814; x_wconf 81' lang='lat' dir='ltr'><strong>uxores</strong></span> <span class='ocrx_word' id='word_1_110' title='bbox 1376 1760 1537 1815; x_wconf 91' lang='lat' dir='ltr'><strong>simul</strong></span> <span class='ocrx_word' id='word_1_111' title='bbox 1571 1762 1806 1815; x_wconf 87' lang='lat' dir='ltr'><strong>habere?</strong></span> <span class='ocrx_word' id='word_1_112' title='bbox 1852 1761 1955 1816; x_wconf 89' lang='lat' dir='ltr'><strong>Sed</strong></span> <span class='ocrx_word' id='word_1_113' title='bbox 2002 1762 2104 1817; x_wconf 87' lang='lat' dir='ltr'><strong>hoc</strong></span> <span class='ocrx_word' id='word_1_114' title='bbox 2132 1763 2325 1833; x_wconf 80' lang='lat' dir='ltr'><strong>dogma</strong></span> 
     </span>
    </p>
   </div>
   <div class='ocr_carea' id='block_1_19' title="bbox 753 1852 2326 1924">
    <p class='ocr_par' dir='ltr' id='par_1_19' title="bbox 753 1852 2326 1924">
     <span class='ocr_line' id='line_1_19' title="bbox 753 1852 2326 1924; baseline 0.001 -18"><span class='ocrx_word' id='word_1_115' title='bbox 753 1852 995 1907; x_wconf 89' lang='lat' dir='ltr'><strong>declinas</strong></span> <span class='ocrx_word' id='word_1_116' title='bbox 1055 1866 1232 1921; x_wconf 90' lang='lat' dir='ltr'><strong>neque</strong></span> <span class='ocrx_word' id='word_1_117' title='bbox 1285 1853 1363 1907; x_wconf 90' lang='lat' dir='ltr'><strong>sic</strong></span> <span class='ocrx_word' id='word_1_118' title='bbox 1397 1854 1492 1906; x_wconf 82' lang='lat' dir='ltr'><strong>tibi</strong></span> <span class='ocrx_word' id='word_1_119' title='bbox 1526 1852 1760 1907; x_wconf 85' lang='lat' dir='ltr'><strong>videtur.</strong></span> <span class='ocrx_word' id='word_1_120' title='bbox 1810 1853 1864 1909; x_wconf 88' lang='lat' dir='ltr'><strong>Si</strong></span> <span class='ocrx_word' id='word_1_121' title='bbox 1913 1853 2079 1924; x_wconf 82' lang='lat' dir='ltr'><strong>igitur</strong></span> <span class='ocrx_word' id='word_1_122' title='bbox 2123 1870 2189 1908; x_wconf 92' lang='lat' dir='ltr'><strong>eo</strong></span> <span class='ocrx_word' id='word_1_123' title='bbox 2237 1871 2326 1908; x_wconf 90' lang='lat' dir='ltr'><strong>us-</strong></span> 
     </span>
    </p>
   </div>
   <div class='ocr_carea' id='block_1_20' title="bbox 754 1920 2408 2013">
    <p class='ocr_par' dir='ltr' id='par_1_20' title="bbox 754 1920 2408 2013">
     <span class='ocr_line' id='line_1_20' title="bbox 754 1920 2408 2013; baseline 0.003 -18"><span class='ocrx_word' id='word_1_124' title='bbox 754 1958 859 2011; x_wconf 88' lang='lat' dir='ltr'><strong>que</strong></span> <span class='ocrx_word' id='word_1_125' title='bbox 887 1958 995 1997; x_wconf 91' lang='lat' dir='ltr'><strong>non</strong></span> <span class='ocrx_word' id='word_1_126' title='bbox 1039 1943 1313 2012; x_wconf 86' lang='lat' dir='ltr'><strong>procedis,</strong></span> <span class='ocrx_word' id='word_1_127' title='bbox 1361 1952 1409 1996; x_wconf 89' lang='lat' dir='ltr'><strong>te</strong></span> <span class='ocrx_word' id='word_1_128' title='bbox 1442 1958 1553 1998; x_wconf 85' lang='lat' dir='ltr'><strong>rem</strong></span> <span class='ocrx_word' id='word_1_129' title='bbox 1586 1945 1756 2013; x_wconf 87' lang='lat' dir='ltr'><strong>ipsam</strong></span> <span class='ocrx_word' id='word_1_130' title='bbox 1794 1944 2022 2013; x_wconf 77' lang='lat' dir='ltr'><strong>rejicere</strong></span> <span class='ocrx_word' id='word_1_131' title='bbox 2048 1954 2098 1999; x_wconf 88' lang='lat' dir='ltr'><strong>et</strong></span> <span class='ocrx_word' id='word_1_132' title='bbox 2132 1945 2331 2000; x_wconf 84' lang='lat' dir='ltr'><strong>admis-</strong></span> <span class='ocrx_word' id='word_1_133' title='bbox 2362 1920 2408 1979; x_wconf 78' lang='grc' dir='ltr'><strong>Β</strong></span> 
     </span>
    </p>
   </div>
   <div class='ocr_carea' id='block_1_21' title="bbox 754 2025 2331 2106">
    <p class='ocr_par' dir='ltr' id='par_1_21' title="bbox 754 2025 2331 2106">
     <span class='ocr_line' id='line_1_21' title="bbox 754 2025 2331 2106; baseline 0.003 -19"><span class='ocrx_word' id='word_1_134' title='bbox 754 2034 963 2089; x_wconf 83' lang='lat' dir='ltr'><strong>sionem</strong></span> <span class='ocrx_word' id='word_1_135' title='bbox 999 2034 1139 2088; x_wconf 85' lang='lat' dir='ltr'><strong>hami</strong></span> <span class='ocrx_word' id='word_1_136' title='bbox 1175 2036 1371 2089; x_wconf 70' lang='lat' dir='ltr'><strong>ho&#39;iam</strong></span> <span class='ocrx_word' id='word_1_137' title='bbox 1419 2025 1541 2091; x_wconf 80' lang='lat' dir='ltr'><strong>esse</strong></span> <span class='ocrx_word' id='word_1_138' title='bbox 1588 2036 1797 2104; x_wconf 80' lang='lat' dir='ltr'><strong>Opinari</strong></span> <span class='ocrx_word' id='word_1_139' title='bbox 1855 2049 2096 2106; x_wconf 84' lang='lat' dir='ltr'><strong>apparet.</strong></span> <span class='ocrx_word' id='word_1_140' title='bbox 2151 2039 2331 2093; x_wconf 81' lang='lat' dir='ltr'><strong>Aaron</strong></span> 
     </span>
    </p>
   </div>
   <div class='ocr_carea' id='block_1_22' title="bbox 754 2126 2333 2200">
    <p class='ocr_par' dir='ltr' id='par_1_22' title="bbox 754 2126 2333 2200">
     <span class='ocr_line' id='line_1_22' title="bbox 754 2126 2333 2200; baseline 0.003 -20"><span class='ocrx_word' id='word_1_141' title='bbox 754 2128 881 2180; x_wconf 92' lang='lat' dir='ltr'><strong>olim</strong></span> <span class='ocrx_word' id='word_1_142' title='bbox 910 2126 1111 2182; x_wconf 78' lang='lat' dir='ltr'><strong>vitulos</strong></span> <span class='ocrx_word' id='word_1_143' title='bbox 1150 2127 1378 2192; x_wconf 79' lang='lat' dir='ltr'><strong>eﬂinxit,</strong></span> <span class='ocrx_word' id='word_1_144' title='bbox 1424 2138 1477 2183; x_wconf 87' lang='lat' dir='ltr'><strong>et</strong></span> <span class='ocrx_word' id='word_1_145' title='bbox 1508 2129 1647 2182; x_wconf 85' lang='lat' dir='ltr'><strong>Deus</strong></span> <span class='ocrx_word' id='word_1_146' title='bbox 1686 2130 1785 2183; x_wconf 89' lang='lat' dir='ltr'><strong>hoc</strong></span> <span class='ocrx_word' id='word_1_147' title='bbox 1817 2130 1930 2183; x_wconf 84' lang='lat' dir='ltr'><strong>ﬁeri</strong></span> <span class='ocrx_word' id='word_1_148' title='bbox 1978 2131 2125 2196; x_wconf 81' lang='lat' dir='ltr'><strong>sivit,</strong></span> <span class='ocrx_word' id='word_1_149' title='bbox 2162 2134 2333 2200; x_wconf 63' lang='lat' dir='ltr'><strong>siqui-</strong></span> 
     </span>
    </p>
   </div>
   <div class='ocr_carea' id='block_1_23' title="bbox 754 2220 2334 2290">
    <p class='ocr_par' dir='ltr' id='par_1_23' title="bbox 754 2220 2334 2290">
     <span class='ocr_line' id='line_1_23' title="bbox 754 2220 2334 2290; baseline 0.005 -19"><span class='ocrx_word' id='word_1_150' title='bbox 754 2220 875 2273; x_wconf 88' lang='lat' dir='ltr'><strong>dem</strong></span> <span class='ocrx_word' id='word_1_151' title='bbox 906 2220 997 2274; x_wconf 89' lang='lat' dir='ltr'><strong>ille</strong></span> <span class='ocrx_word' id='word_1_152' title='bbox 1032 2236 1219 2290; x_wconf 86' lang='lat' dir='ltr'><strong>poenas</strong></span> <span class='ocrx_word' id='word_1_153' title='bbox 1252 2221 1393 2275; x_wconf 86' lang='lat' dir='ltr'><strong>haud</strong></span> <span class='ocrx_word' id='word_1_154' title='bbox 1427 2222 1608 2275; x_wconf 79' lang='lat' dir='ltr'><strong>solvit.</strong></span> <span class='ocrx_word' id='word_1_155' title='bbox 1660 2221 1780 2277; x_wconf 76' lang='lat' dir='ltr'><strong>lam</strong></span> <span class='ocrx_word' id='word_1_156' title='bbox 1806 2239 1937 2277; x_wconf 83' lang='lat' dir='ltr'><strong>vero</strong></span> <span class='ocrx_word' id='word_1_157' title='bbox 1964 2223 2197 2279; x_wconf 83' lang='lat' dir='ltr'><strong>Aarouis</strong></span> <span class='ocrx_word' id='word_1_158' title='bbox 2231 2225 2334 2279; x_wconf 89' lang='lat' dir='ltr'><strong>im—</strong></span> 
     </span>
    </p>
   </div>
   <div class='ocr_carea' id='block_1_24' title="bbox 756 2312 2332 2382">
    <p class='ocr_par' dir='ltr' id='par_1_24' title="bbox 756 2312 2332 2382">
     <span class='ocr_line' id='line_1_24' title="bbox 756 2312 2332 2382; baseline 0.005 -19"><span class='ocrx_word' id='word_1_159' title='bbox 756 2312 974 2376; x_wconf 82' lang='lat' dir='ltr'><strong>punitas</strong></span> <span class='ocrx_word' id='word_1_160' title='bbox 1024 2312 1129 2367; x_wconf 91' lang='lat' dir='ltr'><strong>illis</strong></span> <span class='ocrx_word' id='word_1_161' title='bbox 1173 2312 1265 2382; x_wconf 86' lang='lat' dir='ltr'><strong>qui</strong></span> <span class='ocrx_word' id='word_1_162' title='bbox 1312 2323 1495 2382; x_wconf 86' lang='lat' dir='ltr'><strong>postea</strong></span> <span class='ocrx_word' id='word_1_163' title='bbox 1546 2315 1748 2369; x_wconf 88' lang='lat' dir='ltr'><strong>vi:ulos</strong></span> <span class='ocrx_word' id='word_1_164' title='bbox 1796 2316 2150 2371; x_wconf 75' lang='lat' dir='ltr'><strong>etl‘urmavere</strong></span> <span class='ocrx_word' id='word_1_165' title='bbox 2196 2316 2332 2371; x_wconf 88' lang='lat' dir='ltr'><strong>nihil</strong></span> 
     </span>
    </p>
   </div>
   <div class='ocr_carea' id='block_1_25' title="bbox 757 2406 2334 2479">
    <p class='ocr_par' dir='ltr' id='par_1_25' title="bbox 757 2406 2334 2479">
     <span class='ocr_line' id='line_1_25' title="bbox 757 2406 2334 2479; baseline 0.004 -20"><span class='ocrx_word' id='word_1_166' title='bbox 757 2406 962 2474; x_wconf 89' lang='lat' dir='ltr'><strong>profuit</strong></span> <span class='ocrx_word' id='word_1_167' title='bbox 986 2406 1116 2476; x_wconf 91' lang='lat' dir='ltr'><strong>quin</strong></span> <span class='ocrx_word' id='word_1_168' title='bbox 1150 2407 1312 2476; x_wconf 88' lang='lat' dir='ltr'><strong>hujus</strong></span> <span class='ocrx_word' id='word_1_169' title='bbox 1340 2407 1600 2462; x_wconf 74' lang='lat' dir='ltr'><strong>facinoris</strong></span> <span class='ocrx_word' id='word_1_170' title='bbox 1636 2424 1824 2479; x_wconf 75' lang='lat' dir='ltr'><strong>pmnas</strong></span> <span class='ocrx_word' id='word_1_171' title='bbox 1856 2410 2066 2464; x_wconf 86' lang='lat' dir='ltr'><strong>darent.</strong></span> <span class='ocrx_word' id='word_1_172' title='bbox 2098 2409 2334 2467; x_wconf 81' lang='lat' dir='ltr'><strong>Videsne</strong></span> 
     </span>
    </p>
   </div>
   <div class='ocr_carea' id='block_1_26' title="bbox 755 2500 2333 2574">
    <p class='ocr_par' dir='ltr' id='par_1_26' title="bbox 755 2500 2333 2574">
     <span class='ocr_line' id='line_1_26' title="bbox 755 2500 2333 2574; baseline 0.006 -24"><span class='ocrx_word' id='word_1_173' title='bbox 755 2515 853 2553; x_wconf 78' lang='lat' dir='ltr'><strong>eos</strong></span> <span class='ocrx_word' id='word_1_174' title='bbox 883 2514 1115 2568; x_wconf 88' lang='lat' dir='ltr'><strong>quorum</strong></span> <span class='ocrx_word' id='word_1_175' title='bbox 1162 2514 1250 2553; x_wconf 86' lang='lat' dir='ltr'><strong>res</strong></span> <span class='ocrx_word' id='word_1_176' title='bbox 1297 2500 1436 2553; x_wconf 88' lang='lat' dir='ltr'><strong>male</strong></span> <span class='ocrx_word' id='word_1_177' title='bbox 1469 2500 1667 2555; x_wconf 88' lang='lat' dir='ltr'><strong>habent</strong></span> <span class='ocrx_word' id='word_1_178' title='bbox 1703 2503 1776 2555; x_wconf 89' lang='lat' dir='ltr'><strong>nil</strong></span> <span class='ocrx_word' id='word_1_179' title='bbox 1812 2502 1947 2557; x_wconf 78' lang='lat' dir='ltr'><strong>lueri</strong></span> <span class='ocrx_word' id='word_1_180' title='bbox 1985 2504 2109 2558; x_wconf 86' lang='lat' dir='ltr'><strong>inde</strong></span> <span class='ocrx_word' id='word_1_181' title='bbox 2142 2519 2333 2574; x_wconf 87' lang='lat' dir='ltr'><strong>capere</strong></span> 
     </span>
    </p>
   </div>
   <div class='ocr_carea' id='block_1_27' title="bbox 754 2592 2336 2663">
    <p class='ocr_par' dir='ltr' id='par_1_27' title="bbox 754 2592 2336 2663">
     <span class='ocr_line' id='line_1_27' title="bbox 754 2592 2336 2663; baseline 0.003 -18"><span class='ocrx_word' id='word_1_182' title='bbox 754 2592 798 2645; x_wconf 81' lang='lat' dir='ltr'><strong>si</strong></span> <span class='ocrx_word' id='word_1_183' title='bbox 852 2592 919 2646; x_wconf 91' lang='lat' dir='ltr'><strong>ad</strong></span> <span class='ocrx_word' id='word_1_184' title='bbox 955 2592 1225 2661; x_wconf 85' lang='lat' dir='ltr'><strong>majorum</strong></span> <span class='ocrx_word' id='word_1_185' title='bbox 1279 2603 1501 2663; x_wconf 86' lang='lat' dir='ltr'><strong>peccata</strong></span> <span class='ocrx_word' id='word_1_186' title='bbox 1557 2594 1916 2663; x_wconf 72' lang='lat' dir='ltr'><strong>confugiant?</strong></span> <span class='ocrx_word' id='word_1_187' title='bbox 1966 2595 2064 2649; x_wconf 90' lang='lat' dir='ltr'><strong>Cui</strong></span> <span class='ocrx_word' id='word_1_188' title='bbox 2112 2598 2254 2650; x_wconf 91' lang='lat' dir='ltr'><strong>bono</strong></span> <span class='ocrx_word' id='word_1_189' title='bbox 2279 2604 2336 2650; x_wconf 89' lang='lat' dir='ltr'><strong>et</strong></span> 
     </span>
    </p>
   </div>
   <div class='ocr_carea' id='block_1_28' title="bbox 753 2684 2334 2757">
    <p class='ocr_par' dir='ltr' id='par_1_28' title="bbox 753 2684 2334 2757">
     <span class='ocr_line' id='line_1_28' title="bbox 753 2684 2334 2757; baseline 0.005 -23"><span class='ocrx_word' id='word_1_190' title='bbox 753 2684 943 2739; x_wconf 73' lang='lat' dir='ltr'><strong>civiles</strong></span> <span class='ocrx_word' id='word_1_191' title='bbox 966 2685 1118 2755; x_wconf 82' lang='lat' dir='ltr'><strong>leges</strong></span> <span class='ocrx_word' id='word_1_192' title='bbox 1145 2695 1196 2739; x_wconf 91' lang='lat' dir='ltr'><strong>et</strong></span> <span class='ocrx_word' id='word_1_193' title='bbox 1229 2685 1397 2740; x_wconf 82' lang='lat' dir='ltr'><strong>divini</strong></span> <span class='ocrx_word' id='word_1_194' title='bbox 1435 2701 1674 2740; x_wconf 89' lang='lat' dir='ltr'><strong>canones</strong></span> <span class='ocrx_word' id='word_1_195' title='bbox 1707 2686 1997 2750; x_wconf 75' lang='lat' dir='ltr'><strong>ferrentur,</strong></span> <span class='ocrx_word' id='word_1_196' title='bbox 2038 2687 2083 2742; x_wconf 93' lang='lat' dir='ltr'><strong>si</strong></span> <span class='ocrx_word' id='word_1_197' title='bbox 2116 2703 2179 2743; x_wconf 86' lang='lat' dir='ltr'><strong>ea</strong></span> <span class='ocrx_word' id='word_1_198' title='bbox 2212 2702 2334 2757; x_wconf 71' lang='lat' dir='ltr'><strong>qua:</strong></span> 
     </span>
    </p>
   </div>
   <div class='ocr_carea' id='block_1_29' title="bbox 754 2776 2333 2849">
    <p class='ocr_par' dir='ltr' id='par_1_29' title="bbox 754 2776 2333 2849">
     <span class='ocr_line' id='line_1_29' title="bbox 754 2776 2333 2849; baseline 0.003 -19"><span class='ocrx_word' id='word_1_199' title='bbox 754 2776 884 2830; x_wconf 91' lang='lat' dir='ltr'><strong>olim</strong></span> <span class='ocrx_word' id='word_1_200' title='bbox 932 2778 1308 2841; x_wconf 73' lang='lat' dir='ltr'><strong>obtinuerunt,</strong></span> <span class='ocrx_word' id='word_1_201' title='bbox 1363 2794 1592 2849; x_wconf 88' lang='lat' dir='ltr'><strong>prorsus</strong></span> <span class='ocrx_word' id='word_1_202' title='bbox 1640 2778 1860 2847; x_wconf 84' lang='lat' dir='ltr'><strong>impune</strong></span> <span class='ocrx_word' id='word_1_203' title='bbox 1916 2780 2117 2833; x_wconf 84' lang='lat' dir='ltr'><strong>imitari</strong></span> <span class='ocrx_word' id='word_1_204' title='bbox 2166 2780 2333 2834; x_wconf 65' lang='lat' dir='ltr'><strong>debev</strong></span> 
     </span>
    </p>
   </div>
   <div class='ocr_carea' id='block_1_30' title="bbox 757 2868 2336 2942">
    <p class='ocr_par' dir='ltr' id='par_1_30' title="bbox 757 2868 2336 2942">
     <span class='ocr_line' id='line_1_30' title="bbox 757 2868 2336 2942; baseline 0.004 -22"><span class='ocrx_word' id='word_1_205' title='bbox 757 2868 978 2923; x_wconf 79' lang='lat' dir='ltr'><strong>remus?</strong></span> <span class='ocrx_word' id='word_1_206' title='bbox 1029 2868 1302 2924; x_wconf 86' lang='lat' dir='ltr'><strong>Feruntur</strong></span> <span class='ocrx_word' id='word_1_207' title='bbox 1332 2885 1463 2924; x_wconf 88' lang='lat' dir='ltr'><strong>sane</strong></span> <span class='ocrx_word' id='word_1_208' title='bbox 1492 2870 1635 2933; x_wconf 84' lang='lat' dir='ltr'><strong>ideo.</strong></span> <span class='ocrx_word' id='word_1_209' title='bbox 1682 2885 1749 2926; x_wconf 81' lang='lat' dir='ltr'><strong>ne</strong></span> <span class='ocrx_word' id='word_1_210' title='bbox 1778 2870 2027 2926; x_wconf 87' lang='lat' dir='ltr'><strong>homines</strong></span> <span class='ocrx_word' id='word_1_211' title='bbox 2060 2873 2152 2942; x_wconf 91' lang='lat' dir='ltr'><strong>qui</strong></span> <span class='ocrx_word' id='word_1_212' title='bbox 2188 2881 2336 2927; x_wconf 85' lang='lat' dir='ltr'><strong>vete-</strong></span> 
     </span>
    </p>
   </div>
   <div class='ocr_carea' id='block_1_31' title="bbox 758 2960 2335 3032">
    <p class='ocr_par' dir='ltr' id='par_1_31' title="bbox 758 2960 2335 3032">
     <span class='ocr_line' id='line_1_31' title="bbox 758 2960 2335 3032; baseline 0.003 -18"><span class='ocrx_word' id='word_1_213' title='bbox 758 2960 911 3014; x_wconf 86' lang='lat' dir='ltr'><strong>ribus</strong></span> <span class='ocrx_word' id='word_1_214' title='bbox 959 2962 1199 3030; x_wconf 87' lang='lat' dir='ltr'><strong>peccatis</strong></span> <span class='ocrx_word' id='word_1_215' title='bbox 1249 2962 1561 3026; x_wconf 85' lang='lat' dir='ltr'><strong>illabuntur,</strong></span> <span class='ocrx_word' id='word_1_216' title='bbox 1598 2962 1675 3017; x_wconf 94' lang='lat' dir='ltr'><strong>uti</strong></span> <span class='ocrx_word' id='word_1_217' title='bbox 1727 2963 1941 3032; x_wconf 89' lang='lat' dir='ltr'><strong>possint</strong></span> <span class='ocrx_word' id='word_1_218' title='bbox 1973 2963 2078 3018; x_wconf 89' lang='lat' dir='ltr'><strong>hac</strong></span> <span class='ocrx_word' id='word_1_219' title='bbox 2105 2979 2335 3018; x_wconf 46' lang='lat' dir='ltr'><strong>excusa.</strong></span> 
     </span>
    </p>
   </div>
   <div class='ocr_carea' id='block_1_32' title="bbox 756 3054 2335 3126">
    <p class='ocr_par' dir='ltr' id='par_1_32' title="bbox 756 3054 2335 3126">
     <span class='ocr_line' id='line_1_32' title="bbox 756 3054 2335 3126; baseline 0.004 -20"><span class='ocrx_word' id='word_1_220' title='bbox 756 3054 903 3108; x_wconf 80' lang='lat' dir='ltr'><strong>tione</strong></span> <span class='ocrx_word' id='word_1_221' title='bbox 938 3070 952 3108; x_wconf 91' lang='lat'><strong>:</strong></span> <span class='ocrx_word' id='word_1_222' title='bbox 991 3054 1144 3121; x_wconf 87' lang='lat' dir='ltr'><strong>Quod</strong></span> <span class='ocrx_word' id='word_1_223' title='bbox 1176 3055 1426 3124; x_wconf 83' lang='lat' dir='ltr'><strong>peccavi,</strong></span> <span class='ocrx_word' id='word_1_224' title='bbox 1473 3055 1577 3110; x_wconf 90' lang='lat' dir='ltr'><strong>hoc</strong></span> <span class='ocrx_word' id='word_1_225' title='bbox 1619 3055 1902 3109; x_wconf 90' lang='lat' dir='ltr'><strong>mihicum</strong></span> <span class='ocrx_word' id='word_1_226' title='bbox 1940 3056 2124 3126; x_wconf 79' lang='lat' dir='ltr'><strong>aliquo</strong></span> <span class='ocrx_word' id='word_1_227' title='bbox 2158 3055 2335 3126; x_wconf 86' lang='lat' dir='ltr'><strong>majo-</strong></span> 
     </span>
    </p>
   </div>
   <div class='ocr_carea' id='block_1_33' title="bbox 758 3158 1337 3204">
    <p class='ocr_par' dir='ltr' id='par_1_33' title="bbox 758 3158 1337 3204">
     <span class='ocr_line' id='line_1_33' title="bbox 758 3158 1337 3204; baseline 0.005 -6"><span class='ocrx_word' id='word_1_228' title='bbox 758 3162 877 3199; x_wconf 86' lang='lat' dir='ltr'><strong>rum</strong></span> <span class='ocrx_word' id='word_1_229' title='bbox 912 3161 1203 3204; x_wconf 87' lang='lat' dir='ltr'><strong>commune</strong></span> <span class='ocrx_word' id='word_1_230' title='bbox 1234 3158 1337 3203; x_wconf 67' lang='lat' dir='ltr'><strong>CS&#39;.</strong></span> 
     </span>
    </p>
   </div>
   <div class='ocr_carea' id='block_1_34' title="bbox 2361 3277 2405 3335">
    <p class='ocr_par' dir='ltr' id='par_1_34' title="bbox 2361 3277 2405 3335">
     <span class='ocr_line' id='line_1_34' title="bbox 2361 3277 2405 3335; baseline 0 0"><span class='ocrx_word' id='word_1_231' title='bbox 2361 3277 2405 3335; x_wconf 71' lang='grc' dir='ltr'>ι]</span> 
     </span>
    </p>
   </div>
   <div class='ocr_carea' id='block_1_35' title="bbox 829 3332 2335 3404">
    <p class='ocr_par' dir='ltr' id='par_1_35' title="bbox 829 3332 2335 3404">
     <span class='ocr_line' id='line_1_35' title="bbox 829 3332 2335 3404; baseline 0.005 -17"><span class='ocrx_word' id='word_1_232' title='bbox 829 3333 946 3387; x_wconf 69' lang='lat' dir='ltr'><strong>Non</strong></span> <span class='ocrx_word' id='word_1_233' title='bbox 974 3332 1210 3388; x_wconf 65' lang='lat' dir='ltr'><strong>absolvit</strong></span> <span class='ocrx_word' id='word_1_234' title='bbox 1237 3332 1416 3402; x_wconf 75' lang='lat' dir='ltr'><strong>igitur,</strong></span> <span class='ocrx_word' id='word_1_235' title='bbox 1452 3349 1483 3386; x_wconf 92' lang='grc' dir='ltr'><strong>ο</strong></span> <span class='ocrx_word' id='word_1_236' title='bbox 1519 3332 1735 3395; x_wconf 82' lang='lat' dir='ltr'><strong>fratres.</strong></span> <span class='ocrx_word' id='word_1_237' title='bbox 1768 3343 2059 3404; x_wconf 64' lang='lat' dir='ltr'><strong>praetextus</strong></span> <span class='ocrx_word' id='word_1_238' title='bbox 2105 3336 2203 3391; x_wconf 87' lang='lat' dir='ltr'><strong>iste</strong></span> <span class='ocrx_word' id='word_1_239' title='bbox 2241 3354 2335 3394; x_wconf 84' lang='lat' dir='ltr'><strong>eos</strong></span> 
     </span>
    </p>
   </div>
   <div class='ocr_carea' id='block_1_36' title="bbox 759 3425 2339 3497">
    <p class='ocr_par' dir='ltr' id='par_1_36' title="bbox 759 3425 2339 3497">
     <span class='ocr_line' id='line_1_36' title="bbox 759 3425 2339 3497; baseline 0.003 -17"><span class='ocrx_word' id='word_1_240' title='bbox 759 3428 852 3497; x_wconf 86' lang='lat' dir='ltr'><strong>qui</strong></span> <span class='ocrx_word' id='word_1_241' title='bbox 910 3427 975 3480; x_wconf 86' lang='lat' dir='ltr'><strong>ad</strong></span> <span class='ocrx_word' id='word_1_242' title='bbox 1029 3426 1160 3479; x_wconf 91' lang='lat' dir='ltr'><strong>illud</strong></span> <span class='ocrx_word' id='word_1_243' title='bbox 1207 3425 1532 3495; x_wconf 83' lang='lat' dir='ltr'><strong>confugiunt</strong></span> <span class='ocrx_word' id='word_1_244' title='bbox 1575 3436 1627 3479; x_wconf 85' lang='lat' dir='ltr'><strong>et</strong></span> <span class='ocrx_word' id='word_1_245' title='bbox 1675 3426 1801 3481; x_wconf 86' lang='lat' dir='ltr'><strong>inde</strong></span> <span class='ocrx_word' id='word_1_246' title='bbox 1847 3441 2101 3496; x_wconf 89' lang='lat' dir='ltr'><strong>quartum</strong></span> <span class='ocrx_word' id='word_1_247' title='bbox 2134 3446 2339 3485; x_wconf 82' lang='lat' dir='ltr'><strong>connu-</strong></span> 
     </span>
    </p>
   </div>
   <div class='ocr_carea' id='block_1_37' title="bbox 759 3516 2334 3588">
    <p class='ocr_par' dir='ltr' id='par_1_37' title="bbox 759 3516 2334 3588">
     <span class='ocr_line' id='line_1_37' title="bbox 759 3516 2334 3588; baseline 0.004 -17"><span class='ocrx_word' id='word_1_248' title='bbox 759 3520 907 3571; x_wconf 78' lang='lat' dir='ltr'><strong>bium</strong></span> <span class='ocrx_word' id='word_1_249' title='bbox 940 3516 1186 3572; x_wconf 79' lang='lat' dir='ltr'><strong>stabilire</strong></span> <span class='ocrx_word' id='word_1_250' title='bbox 1252 3527 1542 3580; x_wconf 86' lang='lat' dir='ltr'><strong>conantur,</strong></span> <span class='ocrx_word' id='word_1_251' title='bbox 1595 3517 1689 3572; x_wconf 89' lang='lat' dir='ltr'><strong>sed</strong></span> <span class='ocrx_word' id='word_1_252' title='bbox 1746 3519 1930 3588; x_wconf 89' lang='lat' dir='ltr'><strong>potius</strong></span> <span class='ocrx_word' id='word_1_253' title='bbox 1984 3522 2334 3588; x_wconf 86' lang='lat' dir='ltr'><strong>condemnat,</strong></span> 
     </span>
    </p>
   </div>
   <div class='ocr_carea' id='block_1_38' title="bbox 756 3609 2335 3681">
    <p class='ocr_par' dir='ltr' id='par_1_38' title="bbox 756 3609 2335 3681">
     <span class='ocr_line' id='line_1_38' title="bbox 756 3609 2335 3681; baseline 0.004 -18"><span class='ocrx_word' id='word_1_254' title='bbox 756 3612 884 3680; x_wconf 87' lang='lat' dir='ltr'><strong>quia</strong></span> <span class='ocrx_word' id='word_1_255' title='bbox 913 3624 1019 3663; x_wconf 88' lang='lat' dir='ltr'><strong>non</strong></span> <span class='ocrx_word' id='word_1_256' title='bbox 1047 3618 1213 3671; x_wconf 89' lang='lat' dir='ltr'><strong>recta,</strong></span> <span class='ocrx_word' id='word_1_257' title='bbox 1251 3609 1347 3663; x_wconf 88' lang='lat' dir='ltr'><strong>sed</strong></span> <span class='ocrx_word' id='word_1_258' title='bbox 1380 3610 1600 3678; x_wconf 85' lang='lat' dir='ltr'><strong>obliqua</strong></span> <span class='ocrx_word' id='word_1_259' title='bbox 1670 3610 1755 3663; x_wconf 88' lang='lat' dir='ltr'><strong>via</strong></span> <span class='ocrx_word' id='word_1_260' title='bbox 1794 3625 1880 3665; x_wconf 86' lang='lat' dir='ltr'><strong>res</strong></span> <span class='ocrx_word' id='word_1_261' title='bbox 1911 3613 2335 3681; x_wconf 78' lang='lat' dir='ltr'><strong>ecclesiasticas,</strong></span> 
     </span>
    </p>
   </div>
   <div class='ocr_carea' id='block_1_39' title="bbox 758 3702 2339 3773">
    <p class='ocr_par' dir='ltr' id='par_1_39' title="bbox 758 3702 2339 3773">
     <span class='ocr_line' id='line_1_39' title="bbox 758 3702 2339 3773; baseline 0.003 -20"><span class='ocrx_word' id='word_1_262' title='bbox 758 3719 880 3771; x_wconf 71' lang='lat' dir='ltr'><strong>qua:</strong></span> <span class='ocrx_word' id='word_1_263' title='bbox 919 3717 1133 3771; x_wconf 89' lang='lat' dir='ltr'><strong>semper</strong></span> <span class='ocrx_word' id='word_1_264' title='bbox 1182 3702 1502 3756; x_wconf 68' lang='lat' dir='ltr'><strong>rectissimae</strong></span> <span class='ocrx_word' id='word_1_265' title='bbox 1562 3716 1684 3756; x_wconf 88' lang='lat' dir='ltr'><strong>esse</strong></span> <span class='ocrx_word' id='word_1_266' title='bbox 1722 3702 1947 3767; x_wconf 84' lang='lat' dir='ltr'><strong>debent,</strong></span> <span class='ocrx_word' id='word_1_267' title='bbox 2022 3703 2339 3773; x_wconf 87' lang='lat' dir='ltr'><strong>dispensare</strong></span> 
     </span>
    </p>
   </div>
   <div class='ocr_carea' id='block_1_40' title="bbox 759 3796 2337 3868">
    <p class='ocr_par' dir='ltr' id='par_1_40' title="bbox 759 3796 2337 3868">
     <span class='ocr_line' id='line_1_40' title="bbox 759 3796 2337 3868; baseline 0.001 -17"><span class='ocrx_word' id='word_1_268' title='bbox 759 3797 997 3851; x_wconf 78' lang='lat' dir='ltr'><strong>student.</strong></span> <span class='ocrx_word' id='word_1_269' title='bbox 1032 3796 1201 3850; x_wconf 86' lang='lat' dir='ltr'><strong>Porro</strong></span> <span class='ocrx_word' id='word_1_270' title='bbox 1237 3796 1280 3851; x_wconf 92' lang='lat' dir='ltr'><strong>si</strong></span> <span class='ocrx_word' id='word_1_271' title='bbox 1319 3797 1440 3865; x_wconf 89' lang='lat' dir='ltr'><strong>quis</strong></span> <span class='ocrx_word' id='word_1_272' title='bbox 1488 3811 1771 3851; x_wconf 82' lang='lat' dir='ltr'><strong>servorum</strong></span> <span class='ocrx_word' id='word_1_273' title='bbox 1838 3807 2077 3861; x_wconf 85' lang='lat' dir='ltr'><strong>tuorum,</strong></span> <span class='ocrx_word' id='word_1_274' title='bbox 2117 3799 2337 3868; x_wconf 87' lang='lat' dir='ltr'><strong>quando</strong></span> 
     </span>
    </p>
   </div>
   <div class='ocr_carea' id='block_1_41' title="bbox 759 3888 2338 3960">
    <p class='ocr_par' dir='ltr' id='par_1_41' title="bbox 759 3888 2338 3960">
     <span class='ocr_line' id='line_1_41' title="bbox 759 3888 2338 3960; baseline 0.002 -19"><span class='ocrx_word' id='word_1_275' title='bbox 759 3892 979 3943; x_wconf 76' lang='lat' dir='ltr'><strong>domum</strong></span> <span class='ocrx_word' id='word_1_276' title='bbox 1007 3900 1100 3942; x_wconf 87' lang='lat' dir='ltr'><strong>aut</strong></span> <span class='ocrx_word' id='word_1_277' title='bbox 1124 3897 1325 3941; x_wconf 83' lang='lat' dir='ltr'><strong>vestem</strong></span> <span class='ocrx_word' id='word_1_278' title='bbox 1363 3888 1658 3956; x_wconf 86' lang='lat' dir='ltr'><strong>polluit,ad</strong></span> <span class='ocrx_word' id='word_1_279' title='bbox 1704 3890 1869 3943; x_wconf 91' lang='lat' dir='ltr'><strong>alium</strong></span> <span class='ocrx_word' id='word_1_280' title='bbox 1904 3890 1996 3959; x_wconf 86' lang='lat' dir='ltr'><strong>qui</strong></span> <span class='ocrx_word' id='word_1_281' title='bbox 2031 3890 2169 3943; x_wconf 89' lang='lat' dir='ltr'><strong>idem</strong></span> <span class='ocrx_word' id='word_1_282' title='bbox 2190 3891 2338 3960; x_wconf 92' lang='lat' dir='ltr'><strong>prius</strong></span> 
     </span>
    </p>
   </div>
   <div class='ocr_carea' id='block_1_42' title="bbox 761 3980 2342 4054">
    <p class='ocr_par' dir='ltr' id='par_1_42' title="bbox 761 3980 2342 4054">
     <span class='ocr_line' id='line_1_42' title="bbox 761 3980 2342 4054; baseline 0.003 -21"><span class='ocrx_word' id='word_1_283' title='bbox 761 3981 949 4036; x_wconf 78' lang='lat' dir='ltr'><strong>fecerit</strong></span> <span class='ocrx_word' id='word_1_284' title='bbox 984 3997 1103 4036; x_wconf 81' lang='lat' dir='ltr'><strong>sese</strong></span> <span class='ocrx_word' id='word_1_285' title='bbox 1151 3980 1399 4035; x_wconf 80' lang='lat' dir='ltr'><strong>referens</strong></span> <span class='ocrx_word' id='word_1_286' title='bbox 1434 3981 1633 4035; x_wconf 79' lang='lat' dir='ltr'><strong>dixerit</strong></span> <span class='ocrx_word' id='word_1_287' title='bbox 1666 3999 1679 4035; x_wconf 92' lang='lat'><strong>:</strong></span> <span class='ocrx_word' id='word_1_288' title='bbox 1718 3982 1991 4047; x_wconf 83' lang='lat' dir='ltr'><strong>Quoniam</strong></span> <span class='ocrx_word' id='word_1_289' title='bbox 2046 3983 2185 4037; x_wconf 91' lang='lat' dir='ltr'><strong>alius</strong></span> <span class='ocrx_word' id='word_1_290' title='bbox 2214 3984 2342 4054; x_wconf 91' lang='lat' dir='ltr'><strong>quis</strong></span> 
     </span>
    </p>
   </div>
   <div class='ocr_carea' id='block_1_43' title="bbox 760 4074 2336 4139">
    <p class='ocr_par' dir='ltr' id='par_1_43' title="bbox 760 4074 2336 4139">
     <span class='ocr_line' id='line_1_43' title="bbox 760 4074 2336 4139; baseline 0.003 -14"><span class='ocrx_word' id='word_1_291' title='bbox 760 4089 1147 4127; x_wconf 72' lang='lat' dir='ltr'><strong>coriservorum</strong></span> <span class='ocrx_word' id='word_1_292' title='bbox 1186 4088 1434 4129; x_wconf 84' lang='lat' dir='ltr'><strong>meorum</strong></span> <span class='ocrx_word' id='word_1_293' title='bbox 1485 4074 1624 4127; x_wconf 80' lang='lat' dir='ltr'><strong>idem</strong></span> <span class='ocrx_word' id='word_1_294' title='bbox 1662 4074 1958 4139; x_wconf 87' lang='lat' dir='ltr'><strong>commisit,</strong></span> <span class='ocrx_word' id='word_1_295' title='bbox 2022 4075 2144 4129; x_wconf 88' lang='lat' dir='ltr'><strong>ideo</strong></span> <span class='ocrx_word' id='word_1_296' title='bbox 2174 4076 2336 4131; x_wconf 84' lang='lat' dir='ltr'><strong>etiam</strong></span> 
     </span>
    </p>
   </div>
   <div class='ocr_carea' id='block_1_44' title="bbox 761 4165 2336 4227">
    <p class='ocr_par' dir='ltr' id='par_1_44' title="bbox 761 4165 2336 4227">
     <span class='ocr_line' id='line_1_44' title="bbox 761 4165 2336 4227; baseline 0.004 -8"><span class='ocrx_word' id='word_1_297' title='bbox 761 4167 893 4220; x_wconf 90' lang='lat' dir='ltr'><strong>mihi</strong></span> <span class='ocrx_word' id='word_1_298' title='bbox 943 4167 1047 4220; x_wconf 89' lang='lat' dir='ltr'><strong>hoc</strong></span> <span class='ocrx_word' id='word_1_299' title='bbox 1084 4165 1267 4221; x_wconf 76' lang='lat' dir='ltr'><strong>facere</strong></span> <span class='ocrx_word' id='word_1_300' title='bbox 1327 4167 1502 4227; x_wconf 87' lang='lat' dir='ltr'><strong>licuit,</strong></span> <span class='ocrx_word' id='word_1_301' title='bbox 1564 4168 1705 4221; x_wconf 84' lang='lat' dir='ltr'><strong>hanc</strong></span> <span class='ocrx_word' id='word_1_302' title='bbox 1768 4169 2179 4225; x_wconf 78' lang='lat' dir='ltr'><strong>excusationem</strong></span> <span class='ocrx_word' id='word_1_303' title='bbox 2229 4185 2336 4225; x_wconf 92' lang='lat' dir='ltr'><strong>non</strong></span> 
     </span>
    </p>
   </div>
   <div class='ocr_carea' id='block_1_45' title="bbox 762 4258 2337 4330">
    <p class='ocr_par' dir='ltr' id='par_1_45' title="bbox 762 4258 2337 4330">
     <span class='ocr_line' id='line_1_45' title="bbox 762 4258 2337 4330; baseline 0.002 -19"><span class='ocrx_word' id='word_1_304' title='bbox 762 4261 1038 4320; x_wconf 81' lang='lat' dir='ltr'><strong>admit-tes.</strong></span> <span class='ocrx_word' id='word_1_305' title='bbox 1084 4258 1176 4313; x_wconf 88' lang='lat' dir='ltr'><strong>sed</strong></span> <span class='ocrx_word' id='word_1_306' title='bbox 1210 4258 1508 4329; x_wconf 71' lang='lat' dir='ltr'><strong>castigabis</strong></span> <span class='ocrx_word' id='word_1_307' title='bbox 1559 4274 1622 4312; x_wconf 89' lang='lat' dir='ltr'><strong>ac</strong></span> <span class='ocrx_word' id='word_1_308' title='bbox 1650 4258 1966 4314; x_wconf 88' lang='lat' dir='ltr'><strong>verberabis</strong></span> <span class='ocrx_word' id='word_1_309' title='bbox 2005 4275 2071 4314; x_wconf 89' lang='lat' dir='ltr'><strong>eo</strong></span> <span class='ocrx_word' id='word_1_310' title='bbox 2103 4259 2246 4330; x_wconf 87' lang='lat' dir='ltr'><strong>quod</strong></span> <span class='ocrx_word' id='word_1_311' title='bbox 2272 4260 2337 4315; x_wconf 87' lang='lat' dir='ltr'><strong>ad</strong></span> 
     </span>
    </p>
   </div>
   <div class='ocr_carea' id='block_1_46' title="bbox 763 4351 2341 4422">
    <p class='ocr_par' dir='ltr' id='par_1_46' title="bbox 763 4351 2341 4422">
     <span class='ocr_line' id='line_1_46' title="bbox 763 4351 2341 4422; baseline 0.001 -17"><span class='ocrx_word' id='word_1_312' title='bbox 763 4352 926 4407; x_wconf 82' lang='lat' dir='ltr'><strong>talem</strong></span> <span class='ocrx_word' id='word_1_313' title='bbox 1000 4351 1279 4407; x_wconf 80' lang='lat' dir='ltr'><strong>licentiam</strong></span> <span class='ocrx_word' id='word_1_314' title='bbox 1338 4352 1688 4421; x_wconf 77' lang='lat' dir='ltr'><strong>processerit,</strong></span> <span class='ocrx_word' id='word_1_315' title='bbox 1767 4367 1890 4407; x_wconf 92' lang='lat' dir='ltr'><strong>cum</strong></span> <span class='ocrx_word' id='word_1_316' title='bbox 1975 4353 2154 4420; x_wconf 87' lang='lat' dir='ltr'><strong>potius</strong></span> <span class='ocrx_word' id='word_1_317' title='bbox 2217 4361 2341 4422; x_wconf 89' lang='lat' dir='ltr'><strong>post</strong></span> 
     </span>
    </p>
   </div>
   <div class='ocr_carea' id='block_1_47' title="bbox 762 4441 2341 4498">
    <p class='ocr_par' dir='ltr' id='par_1_47' title="bbox 762 4441 2341 4498">
     <span class='ocr_line' id='line_1_47' title="bbox 762 4441 2341 4498; baseline 0.001 -2"><span class='ocrx_word' id='word_1_318' title='bbox 762 4444 1013 4498; x_wconf 77' lang='lat' dir='ltr'><strong>coriservi</strong></span> <span class='ocrx_word' id='word_1_319' title='bbox 1049 4459 1292 4497; x_wconf 88' lang='lat' dir='ltr'><strong>errorem</strong></span> <span class='ocrx_word' id='word_1_320' title='bbox 1338 4458 1368 4495; x_wconf 84' lang='lat' dir='ltr'><strong>a</strong></span> <span class='ocrx_word' id='word_1_321' title='bbox 1424 4444 1515 4497; x_wconf 87' lang='lat' dir='ltr'><strong>tali</strong></span> <span class='ocrx_word' id='word_1_322' title='bbox 1545 4442 1791 4497; x_wconf 81' lang='lat' dir='ltr'><strong>facinore</strong></span> <span class='ocrx_word' id='word_1_323' title='bbox 1856 4441 1961 4497; x_wconf 87' lang='lat' dir='ltr'><strong>sibi</strong></span> <span class='ocrx_word' id='word_1_324' title='bbox 2021 4458 2217 4498; x_wconf 80' lang='lat' dir='ltr'><strong>cavere</strong></span> <span class='ocrx_word' id='word_1_325' title='bbox 2245 4444 2341 4498; x_wconf 88' lang='lat' dir='ltr'><strong>de-</strong></span> 
     </span>
    </p>
   </div>
   <div class='ocr_carea' id='block_1_48' title="bbox 764 4521 2337 4606">
    <p class='ocr_par' dir='ltr' id='par_1_48' title="bbox 764 4521 2337 4606">
     <span class='ocr_line' id='line_1_48' title="bbox 764 4521 2337 4606; baseline -0.001 -16"><span class='ocrx_word' id='word_1_326' title='bbox 764 4536 963 4592; x_wconf 85' lang='lat' dir='ltr'><strong>buerit.</strong></span> <span class='ocrx_word' id='word_1_327' title='bbox 994 4536 1125 4602; x_wconf 68' lang='lat' dir='ltr'><strong>Quae</strong></span> <span class='ocrx_word' id='word_1_328' title='bbox 1161 4552 1289 4590; x_wconf 86' lang='lat' dir='ltr'><strong>vero</strong></span> <span class='ocrx_word' id='word_1_329' title='bbox 1326 4536 1378 4589; x_wconf 89' lang='lat' dir='ltr'><strong>in</strong></span> <span class='ocrx_word' id='word_1_330' title='bbox 1408 4535 1652 4590; x_wconf 86' lang='lat' dir='ltr'><strong>Ecclesia</strong></span> <span class='ocrx_word' id='word_1_331' title='bbox 1679 4535 1820 4589; x_wconf 89' lang='lat' dir='ltr'><strong>male</strong></span> <span class='ocrx_word' id='word_1_332' title='bbox 1850 4521 2108 4606; x_wconf 75' lang='lat' dir='ltr'><strong>aguntur,</strong></span> <span class='ocrx_word' id='word_1_333' title='bbox 2163 4536 2337 4605; x_wconf 87' lang='lat' dir='ltr'><strong>majo-</strong></span> 
     </span>
    </p>
   </div>
   <div class='ocr_carea' id='block_1_49' title="bbox 768 4623 2414 4697">
    <p class='ocr_par' dir='ltr' id='par_1_49' title="bbox 768 4623 2414 4697">
     <span class='ocr_line' id='line_1_49' title="bbox 768 4623 2414 4697; baseline -0.004 -14"><span class='ocrx_word' id='word_1_334' title='bbox 768 4646 885 4684; x_wconf 84' lang='lat' dir='ltr'><strong>rum</strong></span> <span class='ocrx_word' id='word_1_335' title='bbox 918 4630 1169 4697; x_wconf 76' lang='lat' dir='ltr'><strong>exemplo</strong></span> <span class='ocrx_word' id='word_1_336' title='bbox 1190 4626 1567 4681; x_wconf 79' lang='lat' dir='ltr'><strong>confirmanda</strong></span> <span class='ocrx_word' id='word_1_337' title='bbox 1605 4636 1658 4679; x_wconf 84' lang='lat' dir='ltr'><strong>et</strong></span> <span class='ocrx_word' id='word_1_338' title='bbox 1689 4627 2001 4680; x_wconf 77' lang='lat' dir='ltr'><strong>excusanda</strong></span> <span class='ocrx_word' id='word_1_339' title='bbox 2036 4626 2242 4695; x_wconf 84' lang='lat' dir='ltr'><strong>putas?</strong></span> <span class='ocrx_word' id='word_1_340' title='bbox 2272 4625 2338 4679; x_wconf 84' lang='lat' dir='ltr'><strong>Et</strong></span> <span class='ocrx_word' id='word_1_341' title='bbox 2373 4623 2414 4676; x_wconf 80' lang='grc' dir='ltr'><strong>ἰ)</strong></span> 
     </span>
    </p>
   </div>
   <div class='ocr_carea' id='block_1_50' title="bbox 766 4717 2345 4787">
    <p class='ocr_par' dir='ltr' id='par_1_50' title="bbox 766 4717 2345 4787">
     <span class='ocr_line' id='line_1_50' title="bbox 766 4717 2345 4787; baseline -0.003 -12"><span class='ocrx_word' id='word_1_342' title='bbox 766 4724 926 4775; x_wconf 84' lang='lat' dir='ltr'><strong>aliter</strong></span> <span class='ocrx_word' id='word_1_343' title='bbox 962 4722 1027 4774; x_wconf 91' lang='lat' dir='ltr'><strong>de</strong></span> <span class='ocrx_word' id='word_1_344' title='bbox 1068 4720 1229 4774; x_wconf 81' lang='lat' dir='ltr'><strong>rebus</strong></span> <span class='ocrx_word' id='word_1_345' title='bbox 1268 4718 1379 4772; x_wconf 86' lang='lat' dir='ltr'><strong>tuis</strong></span> <span class='ocrx_word' id='word_1_346' title='bbox 1414 4733 1480 4772; x_wconf 87' lang='lat' dir='ltr'><strong>ac</strong></span> <span class='ocrx_word' id='word_1_347' title='bbox 1518 4717 1683 4771; x_wconf 91' lang='lat' dir='ltr'><strong>domo</strong></span> <span class='ocrx_word' id='word_1_348' title='bbox 1716 4727 1806 4771; x_wconf 90' lang='lat' dir='ltr'><strong>tua</strong></span> <span class='ocrx_word' id='word_1_349' title='bbox 1830 4718 2065 4787; x_wconf 87' lang='lat' dir='ltr'><strong>judicas,</strong></span> <span class='ocrx_word' id='word_1_350' title='bbox 2106 4728 2159 4772; x_wconf 82' lang='lat' dir='ltr'><strong>et</strong></span> <span class='ocrx_word' id='word_1_351' title='bbox 2188 4719 2345 4772; x_wconf 87' lang='lat' dir='ltr'><strong>aliter</strong></span> 
     </span>
    </p>
   </div>
   <div class='ocr_carea' id='block_1_51' title="bbox 768 4809 2341 4881">
    <p class='ocr_par' dir='ltr' id='par_1_51' title="bbox 768 4809 2341 4881">
     <span class='ocr_line' id='line_1_51' title="bbox 768 4809 2341 4881; baseline -0.001 -20"><span class='ocrx_word' id='word_1_352' title='bbox 768 4819 832 4867; x_wconf 85' lang='lat' dir='ltr'><strong>de</strong></span> <span class='ocrx_word' id='word_1_353' title='bbox 878 4814 947 4867; x_wconf 89' lang='lat' dir='ltr'><strong>iis</strong></span> <span class='ocrx_word' id='word_1_354' title='bbox 974 4827 1095 4881; x_wconf 75' lang='lat' dir='ltr'><strong>qua:</strong></span> <span class='ocrx_word' id='word_1_355' title='bbox 1156 4810 1224 4865; x_wconf 89' lang='lat' dir='ltr'><strong>ad</strong></span> <span class='ocrx_word' id='word_1_356' title='bbox 1257 4810 1558 4866; x_wconf 84' lang='lat' dir='ltr'><strong>Eeclesiam</strong></span> <span class='ocrx_word' id='word_1_357' title='bbox 1609 4810 1904 4878; x_wconf 77' lang='lat' dir='ltr'><strong>pertinent,</strong></span> <span class='ocrx_word' id='word_1_358' title='bbox 1933 4817 1987 4861; x_wconf 89' lang='lat' dir='ltr'><strong>et</strong></span> <span class='ocrx_word' id='word_1_359' title='bbox 2023 4809 2149 4877; x_wconf 87' lang='lat' dir='ltr'><strong>quia</strong></span> <span class='ocrx_word' id='word_1_360' title='bbox 2213 4809 2341 4861; x_wconf 90' lang='lat' dir='ltr'><strong>olim</strong></span> 
     </span>
    </p>
   </div>
   <div class='ocr_carea' id='block_1_52' title="bbox 770 4900 2341 4973">
    <p class='ocr_par' dir='ltr' id='par_1_52' title="bbox 770 4900 2341 4973">
     <span class='ocr_line' id='line_1_52' title="bbox 770 4900 2341 4973; baseline -0.003 -16"><span class='ocrx_word' id='word_1_361' title='bbox 770 4906 1037 4969; x_wconf 71' lang='lat' dir='ltr'><strong>ejusmodi</strong></span> <span class='ocrx_word' id='word_1_362' title='bbox 1122 4913 1340 4973; x_wconf 87' lang='lat' dir='ltr'><strong>peccata</strong></span> <span class='ocrx_word' id='word_1_363' title='bbox 1409 4903 1714 4957; x_wconf 78' lang='lat' dir='ltr'><strong>condonata</strong></span> <span class='ocrx_word' id='word_1_364' title='bbox 1771 4915 1837 4955; x_wconf 84' lang='lat' dir='ltr'><strong>ac</strong></span> <span class='ocrx_word' id='word_1_365' title='bbox 1890 4900 2138 4967; x_wconf 81' lang='lat' dir='ltr'><strong>neglecta</strong></span> <span class='ocrx_word' id='word_1_366' title='bbox 2197 4914 2341 4962; x_wconf 82' lang='lat' dir='ltr'><strong>sunt,</strong></span> 
     </span>
    </p>
   </div>
   <div class='ocr_carea' id='block_1_53' title="bbox 768 4994 2346 5067">
    <p class='ocr_par' dir='ltr' id='par_1_53' title="bbox 768 4994 2346 5067">
     <span class='ocr_line' id='line_1_53' title="bbox 768 4994 2346 5067; baseline -0.003 -16"><span class='ocrx_word' id='word_1_367' title='bbox 768 5001 1071 5054; x_wconf 70' lang='lat' dir='ltr'><strong>etiamnum</strong></span> <span class='ocrx_word' id='word_1_368' title='bbox 1106 4997 1298 5067; x_wconf 81' lang='lat' dir='ltr'><strong>negligi</strong></span> <span class='ocrx_word' id='word_1_369' title='bbox 1350 4996 1557 5066; x_wconf 80' lang='lat' dir='ltr'><strong>jubes?</strong></span> <span class='ocrx_word' id='word_1_370' title='bbox 1586 4994 1721 5062; x_wconf 87' lang='lat' dir='ltr'><strong>Quis</strong></span> <span class='ocrx_word' id='word_1_371' title='bbox 1765 5002 1944 5047; x_wconf 82' lang='lat' dir='ltr'><strong>autem</strong></span> <span class='ocrx_word' id='word_1_372' title='bbox 1985 4995 2187 5049; x_wconf 78' lang='lat' dir='ltr'><strong>mentis</strong></span> <span class='ocrx_word' id='word_1_373' title='bbox 2233 5010 2346 5049; x_wconf 68' lang='lat' dir='ltr'><strong>sum</strong></span> 
     </span>
    </p>
   </div>
   <div class='ocr_carea' id='block_1_54' title="bbox 768 5088 2339 5164">
    <p class='ocr_par' dir='ltr' id='par_1_54' title="bbox 768 5088 2339 5164">
     <span class='ocr_line' id='line_1_54' title="bbox 768 5088 2339 5164; baseline -0.003 -17"><span class='ocrx_word' id='word_1_374' title='bbox 768 5110 991 5164; x_wconf 76' lang='lat' dir='ltr'><strong>compos</strong></span> <span class='ocrx_word' id='word_1_375' title='bbox 1024 5103 1075 5149; x_wconf 92' lang='lat' dir='ltr'><strong>te</strong></span> <span class='ocrx_word' id='word_1_376' title='bbox 1133 5092 1279 5161; x_wconf 87' lang='lat' dir='ltr'><strong>justo</strong></span> <span class='ocrx_word' id='word_1_377' title='bbox 1339 5106 1499 5160; x_wconf 84' lang='lat' dir='ltr'><strong>agere</strong></span> <span class='ocrx_word' id='word_1_378' title='bbox 1539 5089 1781 5143; x_wconf 78' lang='lat' dir='ltr'><strong>dixerit?</strong></span> <span class='ocrx_word' id='word_1_379' title='bbox 1828 5090 2097 5143; x_wconf 67' lang='lat' dir='ltr'><strong>Cmterum</strong></span> <span class='ocrx_word' id='word_1_380' title='bbox 2138 5089 2183 5144; x_wconf 90' lang='lat' dir='ltr'><strong>si</strong></span> <span class='ocrx_word' id='word_1_381' title='bbox 2245 5088 2339 5158; x_wconf 87' lang='lat' dir='ltr'><strong>qui</strong></span> 
     </span>
    </p>
   </div>
   <div class='ocr_carea' id='block_1_55' title="bbox 768 5182 2342 5258">
    <p class='ocr_par' dir='ltr' id='par_1_55' title="bbox 768 5182 2342 5258">
     <span class='ocr_line' id='line_1_55' title="bbox 768 5182 2342 5258; baseline -0.006 -15"><span class='ocrx_word' id='word_1_382' title='bbox 768 5197 900 5244; x_wconf 70' lang='lat' dir='ltr'><strong>sunt</strong></span> <span class='ocrx_word' id='word_1_383' title='bbox 949 5188 1041 5258; x_wconf 91' lang='lat' dir='ltr'><strong>qui</strong></span> <span class='ocrx_word' id='word_1_384' title='bbox 1074 5186 1305 5254; x_wconf 80' lang='lat' dir='ltr'><strong>gratiam</strong></span> <span class='ocrx_word' id='word_1_385' title='bbox 1332 5182 1657 5253; x_wconf 80' lang='lat' dir='ltr'><strong>(Evangelii)</strong></span> <span class='ocrx_word' id='word_1_386' title='bbox 1684 5199 1806 5236; x_wconf 85' lang='lat' dir='ltr'><strong>eum</strong></span> <span class='ocrx_word' id='word_1_387' title='bbox 1837 5182 2166 5253; x_wconf 87' lang='lat' dir='ltr'><strong>antiquitate</strong></span> <span class='ocrx_word' id='word_1_388' title='bbox 2210 5197 2342 5235; x_wconf 89' lang='lat' dir='ltr'><strong>con-</strong></span> 
     </span>
    </p>
   </div>
   <div class='ocr_carea' id='block_1_56' title="bbox 770 5277 2343 5345">
    <p class='ocr_par' dir='ltr' id='par_1_56' title="bbox 770 5277 2343 5345">
     <span class='ocr_line' id='line_1_56' title="bbox 770 5277 2343 5345; baseline -0.006 -10"><span class='ocrx_word' id='word_1_389' title='bbox 770 5285 909 5335; x_wconf 82' lang='lat' dir='ltr'><strong>ferre</strong></span> <span class='ocrx_word' id='word_1_390' title='bbox 968 5288 1023 5333; x_wconf 86' lang='lat' dir='ltr'><strong>et</strong></span> <span class='ocrx_word' id='word_1_391' title='bbox 1074 5280 1288 5332; x_wconf 85' lang='lat' dir='ltr'><strong>beatum</strong></span> <span class='ocrx_word' id='word_1_392' title='bbox 1344 5277 1598 5330; x_wconf 85' lang='lat' dir='ltr'><strong>Davidem</strong></span> <span class='ocrx_word' id='word_1_393' title='bbox 1673 5277 1905 5345; x_wconf 80' lang='lat' dir='ltr'><strong>allegare</strong></span> <span class='ocrx_word' id='word_1_394' title='bbox 1986 5282 2343 5343; x_wconf 60' lang='lat' dir='ltr'><strong>prassumunt,</strong></span> 
     </span>
    </p>
   </div>
   <div class='ocr_carea' id='block_1_57' title="bbox 771 5366 2343 5438">
    <p class='ocr_par' dir='ltr' id='par_1_57' title="bbox 771 5366 2343 5438">
     <span class='ocr_line' id='line_1_57' title="bbox 771 5366 2343 5438; baseline -0.004 -13"><span class='ocrx_word' id='word_1_395' title='bbox 771 5374 915 5427; x_wconf 88' lang='lat' dir='ltr'><strong>haud</strong></span> <span class='ocrx_word' id='word_1_396' title='bbox 938 5372 1092 5426; x_wconf 86' lang='lat' dir='ltr'><strong>video</strong></span> <span class='ocrx_word' id='word_1_397' title='bbox 1121 5370 1248 5438; x_wconf 88' lang='lat' dir='ltr'><strong>quid</strong></span> <span class='ocrx_word' id='word_1_398' title='bbox 1282 5367 1391 5421; x_wconf 90' lang='lat' dir='ltr'><strong>illis</strong></span> <span class='ocrx_word' id='word_1_399' title='bbox 1412 5366 1513 5421; x_wconf 85' lang='lat' dir='ltr'><strong>hoc</strong></span> <span class='ocrx_word' id='word_1_400' title='bbox 1540 5369 1798 5437; x_wconf 71' lang='lat' dir='ltr'><strong>prodesse</strong></span> <span class='ocrx_word' id='word_1_401' title='bbox 1831 5368 2021 5435; x_wconf 79' lang='lat' dir='ltr'><strong>possit,</strong></span> <span class='ocrx_word' id='word_1_402' title='bbox 2052 5366 2152 5420; x_wconf 88' lang='lat' dir='ltr'><strong>nisi</strong></span> <span class='ocrx_word' id='word_1_403' title='bbox 2180 5367 2343 5420; x_wconf 88' lang='lat' dir='ltr'><strong>etiam</strong></span> 
     </span>
    </p>
   </div>
   <div class='ocr_carea' id='block_1_58' title="bbox 770 5460 2342 5529">
    <p class='ocr_par' dir='ltr' id='par_1_58' title="bbox 770 5460 2342 5529">
     <span class='ocr_line' id='line_1_58' title="bbox 770 5460 2342 5529; baseline 0 -16"><span class='ocrx_word' id='word_1_404' title='bbox 770 5463 1031 5517; x_wconf 79' lang='lat' dir='ltr'><strong>Jarobum</strong></span> <span class='ocrx_word' id='word_1_405' title='bbox 1065 5478 1187 5517; x_wconf 89' lang='lat' dir='ltr'><strong>cmn</strong></span> <span class='ocrx_word' id='word_1_406' title='bbox 1240 5460 1455 5514; x_wconf 80' lang='lat' dir='ltr'><strong>duabus</strong></span> <span class='ocrx_word' id='word_1_407' title='bbox 1502 5460 1767 5514; x_wconf 77' lang='lat' dir='ltr'><strong>uxoribus</strong></span> <span class='ocrx_word' id='word_1_408' title='bbox 1821 5460 1995 5529; x_wconf 87' lang='lat' dir='ltr'><strong>iisque</strong></span> <span class='ocrx_word' id='word_1_409' title='bbox 2055 5461 2342 5513; x_wconf 87' lang='lat' dir='ltr'><strong>sororibus</strong></span> 
     </span>
    </p>
   </div>
   <div class='ocr_carea' id='block_1_59' title="bbox 773 5552 2341 5619">
    <p class='ocr_par' dir='ltr' id='par_1_59' title="bbox 773 5552 2341 5619">
     <span class='ocr_line' id='line_1_59' title="bbox 773 5552 2341 5619; baseline -0.003 -9"><span class='ocrx_word' id='word_1_410' title='bbox 773 5558 930 5611; x_wconf 89' lang='lat' dir='ltr'><strong>nobis</strong></span> <span class='ocrx_word' id='word_1_411' title='bbox 958 5556 1305 5616; x_wconf 77' lang='lat' dir='ltr'><strong>adduxerim.</strong></span> <span class='ocrx_word' id='word_1_412' title='bbox 1354 5563 1470 5617; x_wconf 85' lang='lat' dir='ltr'><strong>aut,</strong></span> <span class='ocrx_word' id='word_1_413' title='bbox 1511 5554 1556 5607; x_wconf 90' lang='lat' dir='ltr'><strong>si</strong></span> <span class='ocrx_word' id='word_1_414' title='bbox 1584 5553 1751 5619; x_wconf 90' lang='lat' dir='ltr'><strong>lubet,</strong></span> <span class='ocrx_word' id='word_1_415' title='bbox 1797 5554 1960 5606; x_wconf 86' lang='lat' dir='ltr'><strong>etiam</strong></span> <span class='ocrx_word' id='word_1_416' title='bbox 2006 5552 2341 5615; x_wconf 80' lang='lat' dir='ltr'><strong>Samuelem,</strong></span> 
     </span>
    </p>
   </div>
   <div class='ocr_carea' id='block_1_60' title="bbox 769 5644 2346 5719">
    <p class='ocr_par' dir='ltr' id='par_1_60' title="bbox 769 5644 2346 5719">
     <span class='ocr_line' id='line_1_60' title="bbox 769 5644 2346 5719; baseline -0.002 -18"><span class='ocrx_word' id='word_1_417' title='bbox 769 5650 864 5719; x_wconf 82' lang='lat' dir='ltr'><strong>qui</strong></span> <span class='ocrx_word' id='word_1_418' title='bbox 897 5650 952 5701; x_wconf 88' lang='lat' dir='ltr'><strong>in</strong></span> <span class='ocrx_word' id='word_1_419' title='bbox 980 5650 1297 5718; x_wconf 86' lang='lat' dir='ltr'><strong>sanguinem</strong></span> <span class='ocrx_word' id='word_1_420' title='bbox 1323 5648 1471 5717; x_wconf 78' lang='lat' dir='ltr'><strong>Agag</strong></span> <span class='ocrx_word' id='word_1_421' title='bbox 1521 5661 1706 5700; x_wconf 86' lang='lat' dir='ltr'><strong>ensem</strong></span> <span class='ocrx_word' id='word_1_422' title='bbox 1751 5644 1991 5709; x_wconf 81' lang='lat' dir='ltr'><strong>intinxit,</strong></span> <span class='ocrx_word' id='word_1_423' title='bbox 2021 5658 2074 5699; x_wconf 83' lang='lat' dir='ltr'><strong>et</strong></span> <span class='ocrx_word' id='word_1_424' title='bbox 2110 5647 2346 5701; x_wconf 83' lang='lat' dir='ltr'><strong>circurn-</strong></span> 
     </span>
    </p>
   </div>
   <div class='ocr_carea' id='block_1_61' title="bbox 770 5739 2345 5808">
    <p class='ocr_par' dir='ltr' id='par_1_61' title="bbox 770 5739 2345 5808">
     <span class='ocr_line' id='line_1_61' title="bbox 770 5739 2345 5808; baseline -0.004 -11"><span class='ocrx_word' id='word_1_425' title='bbox 770 5743 1034 5798; x_wconf 73' lang='lat' dir='ltr'><strong>tisionem</strong></span> <span class='ocrx_word' id='word_1_426' title='bbox 1069 5748 1123 5793; x_wconf 89' lang='lat' dir='ltr'><strong>et</strong></span> <span class='ocrx_word' id='word_1_427' title='bbox 1157 5739 1427 5803; x_wconf 78' lang='lat' dir='ltr'><strong>victimas,</strong></span> <span class='ocrx_word' id='word_1_428' title='bbox 1452 5748 1506 5793; x_wconf 90' lang='lat' dir='ltr'><strong>et</strong></span> <span class='ocrx_word' id='word_1_429' title='bbox 1537 5753 1875 5808; x_wconf 59' lang='lat' dir='ltr'><strong>quacunque</strong></span> <span class='ocrx_word' id='word_1_430' title='bbox 1900 5739 2042 5807; x_wconf 69' lang='lat' dir='ltr'><strong>apud</strong></span> <span class='ocrx_word' id='word_1_431' title='bbox 2088 5739 2345 5807; x_wconf 87' lang='lat' dir='ltr'><strong>antiquos</strong></span> 
     </span>
    </p>
   </div>
   <div class='ocr_carea' id='block_1_62' title="bbox 773 5832 1850 5892">
    <p class='ocr_par' dir='ltr' id='par_1_62' title="bbox 773 5832 1850 5892">
     <span class='ocr_line' id='line_1_62' title="bbox 773 5832 1850 5892; baseline -0.005 -1"><span class='ocrx_word' id='word_1_432' title='bbox 773 5855 825 5891; x_wconf 87' lang='lat' dir='ltr'><strong>Itt</strong></span> <span class='ocrx_word' id='word_1_433' title='bbox 862 5853 959 5892; x_wconf 87' lang='lat' dir='ltr'><strong>usu</strong></span> <span class='ocrx_word' id='word_1_434' title='bbox 991 5835 1162 5890; x_wconf 88' lang='lat' dir='ltr'><strong>fuisse</strong></span> <span class='ocrx_word' id='word_1_435' title='bbox 1193 5832 1422 5887; x_wconf 85' lang='lat' dir='ltr'><strong>historia</strong></span> <span class='ocrx_word' id='word_1_436' title='bbox 1455 5833 1612 5887; x_wconf 91' lang='lat' dir='ltr'><strong>nobis</strong></span> <span class='ocrx_word' id='word_1_437' title='bbox 1646 5833 1850 5887; x_wconf 73' lang='lat' dir='ltr'><strong>retulit.</strong></span> 
     </span>
    </p>
   </div>
   <div class='ocr_carea' id='block_1_63' title="bbox 2436 654 4008 726">
    <p class='ocr_par' dir='ltr' id='par_1_63' title="bbox 2436 654 4008 726">
     <span class='ocr_line' id='line_1_63' title="bbox 2436 654 4008 726; baseline 0 -17"><span class='ocrx_word' id='word_1_438' title='bbox 2436 656 2534 724; x_wconf 83' lang='grc' dir='ltr'>τὴν</span> <span class='ocrx_word' id='word_1_439' title='bbox 2570 656 2805 726; x_wconf 81' lang='grc' dir='ltr'>μίμησιν</span> <span class='ocrx_word' id='word_1_440' title='bbox 2860 655 3155 716; x_wconf 85' lang='grc' dir='ltr'>ποιεῖσθαι,</span> <span class='ocrx_word' id='word_1_441' title='bbox 3197 654 3315 708; x_wconf 83' lang='grc' dir='ltr'>ἀλλ’</span> <span class='ocrx_word' id='word_1_442' title='bbox 3356 654 3453 724; x_wconf 77' lang='grc' dir='ltr'>ὅση</span> <span class='ocrx_word' id='word_1_443' title='bbox 3510 655 3743 718; x_wconf 87' lang='grc' dir='ltr'>δύναμις</span> <span class='ocrx_word' id='word_1_444' title='bbox 3790 656 3852 707; x_wconf 84' lang='grc' dir='ltr'>ἑκ</span> <span class='ocrx_word' id='word_1_445' title='bbox 3911 658 4008 724; x_wconf 72' lang='grc' dir='ltr'>τῆς</span> 
     </span>
    </p>
   </div>
   <div class='ocr_carea' id='block_1_64' title="bbox 2435 746 4009 818">
    <p class='ocr_par' dir='ltr' id='par_1_64' title="bbox 2435 746 4009 818">
     <span class='ocr_line' id='line_1_64' title="bbox 2435 746 4009 818; baseline -0.001 -17"><span class='ocrx_word' id='word_1_446' title='bbox 2435 751 2544 801; x_wconf 83' lang='grc' dir='ltr'>τῶν</span> <span class='ocrx_word' id='word_1_447' title='bbox 2595 749 2862 818; x_wconf 79' lang='grc' dir='ltr'><strong>χειρόνων</strong></span> <span class='ocrx_word' id='word_1_448' title='bbox 2906 748 3247 817; x_wconf 60' lang='lat' dir='ltr'><strong>ica-myrapia;</strong></span> <span class='ocrx_word' id='word_1_449' title='bbox 3292 746 3693 811; x_wconf 75' lang='grc' dir='ltr'>ἀσφαλίζεσθαι</span> <span class='ocrx_word' id='word_1_450' title='bbox 3729 748 3875 814; x_wconf 77' lang='grc' dir='ltr'>ἡμᾶς</span> <span class='ocrx_word' id='word_1_451' title='bbox 3908 749 4009 800; x_wconf 71' lang='lat' dir='ltr'><strong>a3-</strong></span> 
     </span>
    </p>
   </div>
   <div class='ocr_carea' id='block_1_65' title="bbox 2434 839 4009 913">
    <p class='ocr_par' dir='ltr' id='par_1_65' title="bbox 2434 839 4009 913">
     <span class='ocr_line' id='line_1_65' title="bbox 2434 839 4009 913; baseline -0.003 -17"><span class='ocrx_word' id='word_1_452' title='bbox 2434 844 2584 907; x_wconf 71' lang='grc' dir='ltr'>τοὺς,</span> <span class='ocrx_word' id='word_1_453' title='bbox 2620 842 2695 913; x_wconf 82' lang='grc' dir='ltr'>μὴ</span> <span class='ocrx_word' id='word_1_454' title='bbox 2734 844 2849 906; x_wconf 82' lang='grc' dir='ltr'>τοῖς</span> <span class='ocrx_word' id='word_1_455' title='bbox 2900 844 3037 905; x_wconf 77' lang='grc' dir='ltr'>ἴσοις</span> <span class='ocrx_word' id='word_1_456' title='bbox 3082 842 3428 913; x_wconf 80' lang='grc' dir='ltr'><strong>περιπεσεῖν,</strong></span> <span class='ocrx_word' id='word_1_457' title='bbox 3466 839 3602 892; x_wconf 73' lang='grc' dir='ltr'>ἀλλὰ</span> <span class='ocrx_word' id='word_1_458' title='bbox 3638 840 3841 908; x_wconf 81' lang='grc' dir='ltr'>μᾶλλον</span> <span class='ocrx_word' id='word_1_459' title='bbox 3877 841 4009 909; x_wconf 65' lang='grc' dir='ltr'>προς</span> 
     </span>
    </p>
   </div>
   <div class='ocr_carea' id='block_1_66' title="bbox 2435 935 3097 1005">
    <p class='ocr_par' dir='ltr' id='par_1_66' title="bbox 2435 935 3097 1005">
     <span class='ocr_line' id='line_1_66' title="bbox 2435 935 3097 1005; baseline 0 -16"><span class='ocrx_word' id='word_1_460' title='bbox 2435 936 2499 989; x_wconf 73' lang='grc' dir='ltr'>τὰ</span> <span class='ocrx_word' id='word_1_461' title='bbox 2532 936 2779 1004; x_wconf 78' lang='grc' dir='ltr'><strong>βελτίονα</strong></span> <span class='ocrx_word' id='word_1_462' title='bbox 2807 935 3097 1005; x_wconf 84' lang='grc' dir='ltr'>φέρεσθαι.</span> 
     </span>
    </p>
   </div>
   <div class='ocr_carea' id='block_1_67' title="bbox 2508 1024 4013 1097">
    <p class='ocr_par' dir='ltr' id='par_1_67' title="bbox 2508 1024 4013 1097">
     <span class='ocr_line' id='line_1_67' title="bbox 2508 1024 4013 1097; baseline -0.003 -16"><span class='ocrx_word' id='word_1_463' title='bbox 2508 1028 2573 1081; x_wconf 82' lang='grc' dir='ltr'>Τί</span> <span class='ocrx_word' id='word_1_464' title='bbox 2633 1029 2726 1082; x_wconf 73' lang='grc' dir='ltr'>οὖν</span> <span class='ocrx_word' id='word_1_465' title='bbox 2779 1045 2870 1097; x_wconf 86' lang='grc' dir='ltr'><strong>μοι</strong></span> <span class='ocrx_word' id='word_1_466' title='bbox 2918 1028 3011 1079; x_wconf 85' lang='grc' dir='ltr'>τὸν</span> <span class='ocrx_word' id='word_1_467' title='bbox 3057 1026 3454 1080; x_wconf 76' lang='grc' dir='ltr'>Οὐαλεντιανὶν</span> <span class='ocrx_word' id='word_1_468' title='bbox 3505 1026 3801 1094; x_wconf 82' lang='grc' dir='ltr'>παράγεις,</span> <span class='ocrx_word' id='word_1_469' title='bbox 3846 1026 3878 1095; x_wconf 84' lang='grc' dir='ltr'><strong>ἢ</strong></span> <span class='ocrx_word' id='word_1_470' title='bbox 3921 1024 4013 1076; x_wconf 69' lang='grc' dir='ltr'><strong>τὸν</strong></span> 
     </span>
    </p>
   </div>
   <div class='ocr_carea' id='block_1_68' title="bbox 2434 1114 4010 1187">
    <p class='ocr_par' dir='ltr' id='par_1_68' title="bbox 2434 1114 4010 1187">
     <span class='ocr_line' id='line_1_68' title="bbox 2434 1114 4010 1187; baseline -0.006 -11"><span class='ocrx_word' id='word_1_471' title='bbox 2434 1124 2580 1176; x_wconf 74' lang='grc' dir='ltr'>δεῖνα</span> <span class='ocrx_word' id='word_1_472' title='bbox 2628 1121 2724 1174; x_wconf 77' lang='grc' dir='ltr'>καὶ</span> <span class='ocrx_word' id='word_1_473' title='bbox 2755 1122 2847 1173; x_wconf 80' lang='grc' dir='ltr'>τὸν</span> <span class='ocrx_word' id='word_1_474' title='bbox 2875 1119 3050 1183; x_wconf 76' lang='grc' dir='ltr'>δεῖνας</span> <span class='ocrx_word' id='word_1_475' title='bbox 3092 1120 3153 1172; x_wconf 86' lang='grc' dir='ltr'><strong>Εἰ</strong></span> <span class='ocrx_word' id='word_1_476' title='bbox 3183 1119 3283 1187; x_wconf 80' lang='grc' dir='ltr'>μὲν</span> <span class='ocrx_word' id='word_1_477' title='bbox 3316 1119 3347 1187; x_wconf 83' lang='grc' dir='ltr'>ἡ</span> <span class='ocrx_word' id='word_1_478' title='bbox 3386 1116 3576 1169; x_wconf 79' lang='grc' dir='ltr'>τοῦτον</span> <span class='ocrx_word' id='word_1_479' title='bbox 3611 1114 3813 1185; x_wconf 80' lang='grc' dir='ltr'>πρᾶξις</span> <span class='ocrx_word' id='word_1_480' title='bbox 3847 1116 4010 1167; x_wconf 73' lang='grc' dir='ltr'>ἐπαι-</span> 
     </span>
    </p>
   </div>
   <div class='ocr_carea' id='block_1_69' title="bbox 2434 1206 4013 1283">
    <p class='ocr_par' dir='ltr' id='par_1_69' title="bbox 2434 1206 4013 1283">
     <span class='ocr_line' id='line_1_69' title="bbox 2434 1206 4013 1283; baseline -0.006 -17"><span class='ocrx_word' id='word_1_481' title='bbox 2434 1215 2583 1283; x_wconf 80' lang='grc' dir='ltr'>νετὴ,</span> <span class='ocrx_word' id='word_1_482' title='bbox 2620 1211 2993 1283; x_wconf 82' lang='grc' dir='ltr'>μιμησώμεθα</span> <span class='ocrx_word' id='word_1_483' title='bbox 3050 1211 3140 1262; x_wconf 70' lang='grc' dir='ltr'>καὶ</span> <span class='ocrx_word' id='word_1_484' title='bbox 3196 1210 3379 1279; x_wconf 75' lang='grc' dir='ltr'>ἡμεῖς,</span> <span class='ocrx_word' id='word_1_485' title='bbox 3412 1209 3497 1261; x_wconf 75' lang='grc' dir='ltr'>ἵνα</span> <span class='ocrx_word' id='word_1_486' title='bbox 3551 1208 3658 1260; x_wconf 81' lang='grc' dir='ltr'>τῶν</span> <span class='ocrx_word' id='word_1_487' title='bbox 3692 1206 3822 1259; x_wconf 78' lang='grc' dir='ltr'>ἴσων</span> <span class='ocrx_word' id='word_1_488' title='bbox 3858 1206 4013 1259; x_wconf 78' lang='grc' dir='ltr'>ἐπαί-</span> 
     </span>
    </p>
   </div>
   <div class='ocr_carea' id='block_1_70' title="bbox 2435 1300 4014 1374">
    <p class='ocr_par' dir='ltr' id='par_1_70' title="bbox 2435 1300 4014 1374">
     <span class='ocr_line' id='line_1_70' title="bbox 2435 1300 4014 1374; baseline -0.004 -15"><span class='ocrx_word' id='word_1_489' title='bbox 2435 1324 2542 1359; x_wconf 86' lang='grc' dir='ltr'><strong>νων</strong></span> <span class='ocrx_word' id='word_1_490' title='bbox 2591 1304 3128 1374; x_wconf 76' lang='grc' dir='ltr'>κληρονομήσωμεν’</span> <span class='ocrx_word' id='word_1_491' title='bbox 3167 1302 3215 1354; x_wconf 79' lang='grc' dir='ltr'><strong>εί</strong></span> <span class='ocrx_word' id='word_1_492' title='bbox 3260 1300 3320 1354; x_wconf 80' lang='grc' dir='ltr'>δὲ</span> <span class='ocrx_word' id='word_1_493' title='bbox 3375 1301 3566 1371; x_wconf 77' lang='grc' dir='ltr'>μῶμον</span> <span class='ocrx_word' id='word_1_494' title='bbox 3618 1300 3730 1370; x_wconf 79' lang='grc' dir='ltr'>ἔχει</span> <span class='ocrx_word' id='word_1_495' title='bbox 3772 1301 3865 1354; x_wconf 77' lang='grc' dir='ltr'>καὶ</span> <span class='ocrx_word' id='word_1_496' title='bbox 3894 1301 4014 1353; x_wconf 79' lang='grc' dir='ltr'><strong>δια⁶</strong></span> 
     </span>
    </p>
   </div>
   <div class='ocr_carea' id='block_1_71' title="bbox 2437 1390 4014 1468">
    <p class='ocr_par' dir='ltr' id='par_1_71' title="bbox 2437 1390 4014 1468">
     <span class='ocr_line' id='line_1_71' title="bbox 2437 1390 4014 1468; baseline -0.007 -16"><span class='ocrx_word' id='word_1_497' title='bbox 2437 1399 2724 1468; x_wconf 85' lang='grc' dir='ltr'>ϐέϐληται,</span> <span class='ocrx_word' id='word_1_498' title='bbox 2765 1397 2817 1451; x_wconf 87' lang='grc' dir='ltr'><strong>τί</strong></span> <span class='ocrx_word' id='word_1_499' title='bbox 2850 1413 2917 1465; x_wconf 90' lang='grc' dir='ltr'><strong>με</strong></span> <span class='ocrx_word' id='word_1_500' title='bbox 2974 1397 3151 1449; x_wconf 82' lang='grc' dir='ltr'>ποιεῖν</span> <span class='ocrx_word' id='word_1_501' title='bbox 3200 1393 3557 1464; x_wconf 79' lang='grc' dir='ltr'>προτρέπεις,</span> <span class='ocrx_word' id='word_1_502' title='bbox 3589 1392 3629 1446; x_wconf 74' lang='grc' dir='ltr'>ἃ,</span> <span class='ocrx_word' id='word_1_503' title='bbox 3652 1393 3746 1445; x_wconf 73' lang='grc' dir='ltr'><strong>καὶ</strong></span> <span class='ocrx_word' id='word_1_504' title='bbox 3782 1392 3866 1444; x_wconf 74' lang='grc' dir='ltr'>σοὶ</span> <span class='ocrx_word' id='word_1_505' title='bbox 3912 1390 4014 1458; x_wconf 73' lang='grc' dir='ltr'>τὴν</span> 
     </span>
    </p>
   </div>
   <div class='ocr_carea' id='block_1_72' title="bbox 2434 1483 4015 1563">
    <p class='ocr_par' dir='ltr' id='par_1_72' title="bbox 2434 1483 4015 1563">
     <span class='ocr_line' id='line_1_72' title="bbox 2434 1483 4015 1563; baseline -0.007 -18"><span class='ocrx_word' id='word_1_506' title='bbox 2434 1491 2690 1563; x_wconf 77' lang='grc' dir='ltr'>διαϐολὴν</span> <span class='ocrx_word' id='word_1_507' title='bbox 2721 1490 2816 1543; x_wconf 74' lang='grc' dir='ltr'><strong>καὶ</strong></span> <span class='ocrx_word' id='word_1_508' title='bbox 2854 1490 2986 1558; x_wconf 81' lang='grc' dir='ltr'>ἡμῖν</span> <span class='ocrx_word' id='word_1_509' title='bbox 3030 1488 3224 1557; x_wconf 73' lang='grc' dir='ltr'>φέρεις</span> <span class='ocrx_word' id='word_1_510' title='bbox 3275 1486 3414 1539; x_wconf 83' lang='grc' dir='ltr'>Ἀλλ’</span> <span class='ocrx_word' id='word_1_511' title='bbox 3453 1484 3672 1549; x_wconf 76' lang='grc' dir='ltr'><strong>ἐδέξατο</strong></span> <span class='ocrx_word' id='word_1_512' title='bbox 3704 1484 3949 1551; x_wconf 74' lang='grc' dir='ltr'>Δάμασος</span> <span class='ocrx_word' id='word_1_513' title='bbox 3986 1483 4015 1533; x_wconf 89' lang='grc' dir='ltr'>ὁ</span> 
     </span>
    </p>
   </div>
   <div class='ocr_carea' id='block_1_73' title="bbox 2437 1574 4016 1651">
    <p class='ocr_par' dir='ltr' id='par_1_73' title="bbox 2437 1574 4016 1651">
     <span class='ocr_line' id='line_1_73' title="bbox 2437 1574 4016 1651; baseline -0.008 -13"><span class='ocrx_word' id='word_1_514' title='bbox 2437 1584 2763 1651; x_wconf 86' lang='grc' dir='ltr'>ἀγιώτατος.</span> <span class='ocrx_word' id='word_1_515' title='bbox 2802 1582 2861 1635; x_wconf 84' lang='grc' dir='ltr'><strong>Εἰ</strong></span> <span class='ocrx_word' id='word_1_516' title='bbox 2910 1582 3010 1650; x_wconf 76' lang='grc' dir='ltr'>τὴν</span> <span class='ocrx_word' id='word_1_517' title='bbox 3061 1578 3380 1650; x_wconf 78' lang='grc' dir='ltr'>παραδοχὴν</span> <span class='ocrx_word' id='word_1_518' title='bbox 3428 1578 3524 1650; x_wconf 82' lang='grc' dir='ltr'><strong>ὅλῃ</strong></span> <span class='ocrx_word' id='word_1_519' title='bbox 3572 1576 3719 1646; x_wconf 74' lang='grc' dir='ltr'>ψυχῇ</span> <span class='ocrx_word' id='word_1_520' title='bbox 3769 1574 4016 1643; x_wconf 72' lang='grc' dir='ltr'>ἀποδέχῃ</span> 
     </span>
    </p>
   </div>
   <div class='ocr_carea' id='block_1_74' title="bbox 2435 1665 4013 1745">
    <p class='ocr_par' dir='ltr' id='par_1_74' title="bbox 2435 1665 4013 1745">
     <span class='ocr_line' id='line_1_74' title="bbox 2435 1665 4013 1745; baseline -0.008 -16"><span class='ocrx_word' id='word_1_521' title='bbox 2435 1676 2532 1729; x_wconf 75' lang='grc' dir='ltr'>καὶ</span> <span class='ocrx_word' id='word_1_522' title='bbox 2557 1674 2800 1745; x_wconf 75' lang='grc' dir='ltr'>νομίζεις</span> <span class='ocrx_word' id='word_1_523' title='bbox 2822 1674 2992 1741; x_wconf 78' lang='grc' dir='ltr'>αὐτὴν</span> <span class='ocrx_word' id='word_1_524' title='bbox 3024 1671 3210 1733; x_wconf 83' lang='grc' dir='ltr'>καλῶς</span> <span class='ocrx_word' id='word_1_525' title='bbox 3232 1669 3402 1739; x_wconf 76' lang='grc' dir='ltr'>ἔχειν,</span> <span class='ocrx_word' id='word_1_526' title='bbox 3435 1670 3487 1721; x_wconf 87' lang='grc' dir='ltr'><strong>τί</strong></span> <span class='ocrx_word' id='word_1_527' title='bbox 3529 1668 3623 1721; x_wconf 74' lang='grc' dir='ltr'>καὶ</span> <span class='ocrx_word' id='word_1_528' title='bbox 3660 1668 3721 1719; x_wconf 73' lang='grc' dir='ltr'>σὺ</span> <span class='ocrx_word' id='word_1_529' title='bbox 3759 1666 3835 1734; x_wconf 80' lang='grc' dir='ltr'>μὴ</span> <span class='ocrx_word' id='word_1_530' title='bbox 3876 1665 4013 1734; x_wconf 54' lang='lat' dir='ltr'><strong>01p-</strong></span> 
     </span>
    </p>
   </div>
   <div class='ocr_carea' id='block_1_75' title="bbox 2436 1757 4019 1840">
    <p class='ocr_par' dir='ltr' id='par_1_75' title="bbox 2436 1757 4019 1840">
     <span class='ocr_line' id='line_1_75' title="bbox 2436 1757 4019 1840; baseline -0.011 -17"><span class='ocrx_word' id='word_1_531' title='bbox 2436 1772 2537 1840; x_wconf 79' lang='grc' dir='ltr'>ρῇς</span> <span class='ocrx_word' id='word_1_532' title='bbox 2584 1768 2707 1821; x_wconf 77' lang='grc' dir='ltr'>δυσὶ</span> <span class='ocrx_word' id='word_1_533' title='bbox 2758 1765 2977 1835; x_wconf 75' lang='grc' dir='ltr'>γυναιξὶ</span> <span class='ocrx_word' id='word_1_534' title='bbox 3022 1762 3165 1817; x_wconf 83' lang='grc' dir='ltr'><strong>κατά</strong></span> <span class='ocrx_word' id='word_1_535' title='bbox 3215 1762 3274 1814; x_wconf 86' lang='grc' dir='ltr'>τὸ</span> <span class='ocrx_word' id='word_1_536' title='bbox 3310 1760 3441 1816; x_wconf 77' lang='grc' dir='ltr'>αὐτὸ</span> <span class='ocrx_word' id='word_1_537' title='bbox 3475 1763 3717 1813; x_wconf 81' lang='grc' dir='ltr'>συνεῖναι</span> <span class='ocrx_word' id='word_1_538' title='bbox 3754 1757 4019 1823; x_wconf 82' lang='grc' dir='ltr'>δογματί-</span> 
     </span>
    </p>
   </div>
   <div class='ocr_carea' id='block_1_76' title="bbox 2437 1850 4018 1928">
    <p class='ocr_par' dir='ltr' id='par_1_76' title="bbox 2437 1850 4018 1928">
     <span class='ocr_line' id='line_1_76' title="bbox 2437 1850 4018 1928; baseline -0.007 -14"><span class='ocrx_word' id='word_1_539' title='bbox 2437 1862 2589 1928; x_wconf 73' lang='grc' dir='ltr'>ζεινς</span> <span class='ocrx_word' id='word_1_540' title='bbox 2630 1858 2791 1914; x_wconf 84' lang='grc' dir='ltr'>Ἀλλά</span> <span class='ocrx_word' id='word_1_541' title='bbox 2819 1858 3047 1927; x_wconf 79' lang='grc' dir='ltr'><strong>φεύγεις</strong></span> <span class='ocrx_word' id='word_1_542' title='bbox 3079 1855 3139 1909; x_wconf 85' lang='grc' dir='ltr'><strong>τδ</strong></span> <span class='ocrx_word' id='word_1_543' title='bbox 3166 1856 3366 1924; x_wconf 75' lang='grc' dir='ltr'>δόγμα,</span> <span class='ocrx_word' id='word_1_544' title='bbox 3403 1856 3499 1906; x_wconf 74' lang='grc' dir='ltr'>καὶ</span> <span class='ocrx_word' id='word_1_545' title='bbox 3520 1854 3619 1905; x_wconf 72' lang='grc' dir='ltr'>οὐκ</span> <span class='ocrx_word' id='word_1_546' title='bbox 3648 1853 3711 1906; x_wconf 76' lang='grc' dir='ltr'>ἄν</span> <span class='ocrx_word' id='word_1_547' title='bbox 3746 1869 3829 1904; x_wconf 86' lang='grc' dir='ltr'><strong>σοι</strong></span> <span class='ocrx_word' id='word_1_548' title='bbox 3853 1850 4018 1903; x_wconf 79' lang='grc' dir='ltr'>τοῦτο</span> 
     </span>
    </p>
   </div>
   <div class='ocr_carea' id='block_1_77' title="bbox 2436 1942 4019 2024">
    <p class='ocr_par' dir='ltr' id='par_1_77' title="bbox 2436 1942 4019 2024">
     <span class='ocr_line' id='line_1_77' title="bbox 2436 1942 4019 2024; baseline -0.008 -16"><span class='ocrx_word' id='word_1_549' title='bbox 2436 1955 2583 2024; x_wconf 72' lang='grc' dir='ltr'>δόξῃ.</span> <span class='ocrx_word' id='word_1_550' title='bbox 2604 1950 2882 2023; x_wconf 79' lang='grc' dir='ltr'>Οὗμενουν</span> <span class='ocrx_word' id='word_1_551' title='bbox 2912 1952 3012 2003; x_wconf 74' lang='grc' dir='ltr'>οὐκ</span> <span class='ocrx_word' id='word_1_552' title='bbox 3052 1949 3119 2003; x_wconf 81' lang='grc' dir='ltr'>ἂν</span> <span class='ocrx_word' id='word_1_553' title='bbox 3148 1946 3444 2018; x_wconf 74' lang='grc' dir='ltr'>ἀρνηθείης</span> <span class='ocrx_word' id='word_1_554' title='bbox 3476 1945 3830 2016; x_wconf 79' lang='grc' dir='ltr'>προτρέπειν,</span> <span class='ocrx_word' id='word_1_555' title='bbox 3854 1942 4019 2009; x_wconf 72' lang='grc' dir='ltr'>δῆλος</span> 
     </span>
    </p>
   </div>
   <div class='ocr_carea' id='block_1_78' title="bbox 2437 2036 4019 2112">
    <p class='ocr_par' dir='ltr' id='par_1_78' title="bbox 2437 2036 4019 2112">
     <span class='ocr_line' id='line_1_78' title="bbox 2437 2036 4019 2112; baseline -0.009 -12"><span class='ocrx_word' id='word_1_556' title='bbox 2437 2044 2487 2100; x_wconf 79' lang='grc' dir='ltr'>εἷ</span> <span class='ocrx_word' id='word_1_557' title='bbox 2518 2046 2949 2112; x_wconf 77' lang='grc' dir='ltr'>καταγινώσκων</span> <span class='ocrx_word' id='word_1_558' title='bbox 2971 2040 3066 2095; x_wconf 79' lang='grc' dir='ltr'><strong>τοῦ</strong></span> <span class='ocrx_word' id='word_1_559' title='bbox 3100 2041 3452 2111; x_wconf 82' lang='grc' dir='ltr'>πράγματος,</span> <span class='ocrx_word' id='word_1_560' title='bbox 3478 2038 3574 2092; x_wconf 75' lang='grc' dir='ltr'>καὶ</span> <span class='ocrx_word' id='word_1_561' title='bbox 3608 2037 3708 2107; x_wconf 81' lang='grc' dir='ltr'>τὴν</span> <span class='ocrx_word' id='word_1_562' title='bbox 3744 2036 4019 2104; x_wconf 63' lang='grc' dir='ltr'>ἀποδοχὴν</span> 
     </span>
    </p>
   </div>
   <div class='ocr_carea' id='block_1_79' title="bbox 2440 2126 4019 2207">
    <p class='ocr_par' dir='ltr' id='par_1_79' title="bbox 2440 2126 4019 2207">
     <span class='ocr_line' id='line_1_79' title="bbox 2440 2126 4019 2207; baseline -0.007 -19"><span class='ocrx_word' id='word_1_563' title='bbox 2440 2137 2515 2207; x_wconf 80' lang='grc' dir='ltr'>μὴ</span> <span class='ocrx_word' id='word_1_564' title='bbox 2538 2136 2709 2207; x_wconf 77' lang='grc' dir='ltr'>καλὴν</span> <span class='ocrx_word' id='word_1_565' title='bbox 2737 2130 2903 2188; x_wconf 73' lang='grc' dir='ltr'>οὖσαν</span> <span class='ocrx_word' id='word_1_566' title='bbox 2929 2132 3360 2202; x_wconf 70' lang='grc' dir='ltr'>ὑπολαμϐάνειν.</span> <span class='ocrx_word' id='word_1_567' title='bbox 3404 2126 3846 2199; x_wconf 71' lang='grc' dir='ltr'>Ἐμοσχοποίησέ</span> <span class='ocrx_word' id='word_1_568' title='bbox 3881 2142 4019 2178; x_wconf 83' lang='grc' dir='ltr'>ποτε</span> 
     </span>
    </p>
   </div>
   <div class='ocr_carea' id='block_1_80' title="bbox 2449 2220 4023 2299">
    <p class='ocr_par' dir='ltr' id='par_1_80' title="bbox 2449 2220 4023 2299">
     <span class='ocr_line' id='line_1_80' title="bbox 2449 2220 4023 2299; baseline -0.008 -17"><span class='ocrx_word' id='word_1_569' title='bbox 2449 2229 2686 2299; x_wconf 81' lang='grc' dir='ltr'>Ἀαρὼν,</span> <span class='ocrx_word' id='word_1_570' title='bbox 2748 2228 2845 2280; x_wconf 52' lang='grc' dir='ltr'><strong>καὶ¹</strong></span> <span class='ocrx_word' id='word_1_571' title='bbox 2910 2225 3261 2296; x_wconf 79' lang='grc' dir='ltr'>συνεχώρησε</span> <span class='ocrx_word' id='word_1_572' title='bbox 3338 2222 3500 2275; x_wconf 80' lang='grc' dir='ltr'>τοῦτο</span> <span class='ocrx_word' id='word_1_573' title='bbox 3575 2222 3748 2283; x_wconf 77' lang='grc' dir='ltr'><strong>Θεός⁸</strong></span> <span class='ocrx_word' id='word_1_574' title='bbox 3797 2221 3857 2272; x_wconf 74' lang='grc' dir='ltr'>οὐ</span> <span class='ocrx_word' id='word_1_575' title='bbox 3906 2220 4023 2287; x_wconf 72' lang='grc' dir='ltr'>γὰρ</span> 
     </span>
    </p>
   </div>
   <div class='ocr_carea' id='block_1_81' title="bbox 2439 2309 4028 2391">
    <p class='ocr_par' dir='ltr' id='par_1_81' title="bbox 2439 2309 4028 2391">
     <span class='ocr_line' id='line_1_81' title="bbox 2439 2309 4028 2391; baseline -0.009 -16"><span class='ocrx_word' id='word_1_576' title='bbox 2439 2320 2655 2391; x_wconf 78' lang='grc' dir='ltr'><strong>ὑπήχθη</strong></span> <span class='ocrx_word' id='word_1_577' title='bbox 2682 2323 2748 2390; x_wconf 81' lang='grc' dir='ltr'>τῇ</span> <span class='ocrx_word' id='word_1_578' title='bbox 2778 2320 2927 2391; x_wconf 77' lang='grc' dir='ltr'>δίκη.</span> <span class='ocrx_word' id='word_1_579' title='bbox 2958 2318 3073 2372; x_wconf 83' lang='grc' dir='ltr'>ἀλλ’</span> <span class='ocrx_word' id='word_1_580' title='bbox 3102 2318 3203 2371; x_wconf 75' lang='grc' dir='ltr'>οὐκ</span> <span class='ocrx_word' id='word_1_581' title='bbox 3250 2318 3486 2387; x_wconf 78' lang='grc' dir='ltr'>ἤρκεσεν</span> <span class='ocrx_word' id='word_1_582' title='bbox 3526 2316 3639 2375; x_wconf 85' lang='grc' dir='ltr'>τοῖς</span> <span class='ocrx_word' id='word_1_583' title='bbox 3680 2311 3818 2382; x_wconf 85' lang='grc' dir='ltr'>μετὰ</span> <span class='ocrx_word' id='word_1_584' title='bbox 3845 2309 4028 2364; x_wconf 77' lang='grc' dir='ltr'>ταῦτα</span> 
     </span>
    </p>
   </div>
   <div class='ocr_carea' id='block_1_82' title="bbox 2442 2402 4027 2485">
    <p class='ocr_par' dir='ltr' id='par_1_82' title="bbox 2442 2402 4027 2485">
     <span class='ocr_line' id='line_1_82' title="bbox 2442 2402 4027 2485; baseline -0.01 -18"><span class='ocrx_word' id='word_1_585' title='bbox 2442 2412 2834 2485; x_wconf 75' lang='grc' dir='ltr'>μοσχοποιοῦσι</span> <span class='ocrx_word' id='word_1_586' title='bbox 2868 2411 2929 2463; x_wconf 80' lang='grc' dir='ltr'>τὸ</span> <span class='ocrx_word' id='word_1_587' title='bbox 2955 2408 3051 2463; x_wconf 82' lang='grc' dir='ltr'>τοῦ</span> <span class='ocrx_word' id='word_1_588' title='bbox 3097 2408 3312 2479; x_wconf 80' lang='grc' dir='ltr'>Ἀαρὼν</span> <span class='ocrx_word' id='word_1_589' title='bbox 3337 2409 3766 2472; x_wconf 78' lang='grc' dir='ltr'>ἀκατάγνωστον</span> <span class='ocrx_word' id='word_1_590' title='bbox 3820 2403 3898 2465; x_wconf 78' lang='grc' dir='ltr'><strong>εἰς</strong></span> <span class='ocrx_word' id='word_1_591' title='bbox 3953 2402 4027 2452; x_wconf 63' lang='grc' dir='ltr'>τὸ</span> 
     </span>
    </p>
   </div>
   <div class='ocr_carea' id='block_1_83' title="bbox 2441 2493 4025 2577">
    <p class='ocr_par' dir='ltr' id='par_1_83' title="bbox 2441 2493 4025 2577">
     <span class='ocr_line' id='line_1_83' title="bbox 2441 2493 4025 2577; baseline -0.009 -19"><span class='ocrx_word' id='word_1_592' title='bbox 2441 2507 2515 2577; x_wconf 81' lang='grc' dir='ltr'>μὴ</span> <span class='ocrx_word' id='word_1_593' title='bbox 2560 2503 2744 2557; x_wconf 82' lang='grc' dir='ltr'>δοῦναι</span> <span class='ocrx_word' id='word_1_594' title='bbox 2790 2503 2951 2573; x_wconf 79' lang='grc' dir='ltr'>δίκην</span> <span class='ocrx_word' id='word_1_595' title='bbox 3001 2502 3103 2571; x_wconf 82' lang='grc' dir='ltr'>τῆς</span> <span class='ocrx_word' id='word_1_596' title='bbox 3140 2500 3518 2570; x_wconf 74' lang='grc' dir='ltr'>μοσχοποιίας.</span> <span class='ocrx_word' id='word_1_597' title='bbox 3551 2497 3718 2566; x_wconf 77' lang='grc' dir='ltr'>Ὁρᾷς</span> <span class='ocrx_word' id='word_1_598' title='bbox 3756 2493 3871 2556; x_wconf 82' lang='grc' dir='ltr'>πῶς</span> <span class='ocrx_word' id='word_1_599' title='bbox 3914 2493 4025 2562; x_wconf 64' lang='grc' dir='ltr'><strong>οὐχ</strong></span> 
     </span>
    </p>
   </div>
   <div class='ocr_carea' id='block_1_84' title="bbox 2440 2584 4023 2664">
    <p class='ocr_par' dir='ltr' id='par_1_84' title="bbox 2440 2584 4023 2664">
     <span class='ocr_line' id='line_1_84' title="bbox 2440 2584 4023 2664; baseline -0.009 -15"><span class='ocrx_word' id='word_1_600' title='bbox 2440 2596 2623 2649; x_wconf 69' lang='grc' dir='ltr'>ἰκανὸν</span> <span class='ocrx_word' id='word_1_601' title='bbox 2650 2597 2762 2657; x_wconf 79' lang='grc' dir='ltr'>τοῖς</span> <span class='ocrx_word' id='word_1_602' title='bbox 2796 2594 2871 2664; x_wconf 80' lang='grc' dir='ltr'>μὴ</span> <span class='ocrx_word' id='word_1_603' title='bbox 2902 2593 3085 2655; x_wconf 82' lang='grc' dir='ltr'>καλῶς</span> <span class='ocrx_word' id='word_1_604' title='bbox 3114 2593 3179 2645; x_wconf 68' lang='grc' dir='ltr'>τὰ</span> <span class='ocrx_word' id='word_1_605' title='bbox 3214 2592 3393 2644; x_wconf 80' lang='grc' dir='ltr'>οίκεῖα</span> <span class='ocrx_word' id='word_1_606' title='bbox 3440 2586 3842 2655; x_wconf 77' lang='grc' dir='ltr'>διατιθεμένοις</span> <span class='ocrx_word' id='word_1_607' title='bbox 3874 2584 4023 2651; x_wconf 77' lang='grc' dir='ltr'>πρά·</span> 
     </span>
    </p>
   </div>
   <div class='ocr_carea' id='block_1_85' title="bbox 2436 2679 4029 2760">
    <p class='ocr_par' dir='ltr' id='par_1_85' title="bbox 2436 2679 4029 2760">
     <span class='ocr_line' id='line_1_85' title="bbox 2436 2679 4029 2760; baseline -0.009 -17"><span class='ocrx_word' id='word_1_608' title='bbox 2436 2706 2624 2760; x_wconf 84' lang='grc' dir='ltr'>γματα</span> <span class='ocrx_word' id='word_1_609' title='bbox 2669 2686 3067 2758; x_wconf 81' lang='grc' dir='ltr'>ὲπανατρέχειν</span> <span class='ocrx_word' id='word_1_610' title='bbox 3110 2687 3190 2748; x_wconf 79' lang='grc' dir='ltr'><strong>είς</strong></span> <span class='ocrx_word' id='word_1_611' title='bbox 3220 2683 3630 2753; x_wconf 79' lang='grc' dir='ltr'>προγενέστερα</span> <span class='ocrx_word' id='word_1_612' title='bbox 3682 2679 4029 2748; x_wconf 75' lang='grc' dir='ltr'>σφάλματας</span> 
     </span>
    </p>
   </div>
   <div class='ocr_carea' id='block_1_86' title="bbox 2437 2772 4031 2853">
    <p class='ocr_par' dir='ltr' id='par_1_86' title="bbox 2437 2772 4031 2853">
     <span class='ocr_line' id='line_1_86' title="bbox 2437 2772 4031 2853; baseline -0.011 -14"><span class='ocrx_word' id='word_1_613' title='bbox 2437 2786 2596 2847; x_wconf 82' lang='grc' dir='ltr'>Τίνος</span> <span class='ocrx_word' id='word_1_614' title='bbox 2620 2783 2675 2836; x_wconf 78' lang='grc' dir='ltr'>δὲ</span> <span class='ocrx_word' id='word_1_615' title='bbox 2703 2783 2865 2853; x_wconf 83' lang='grc' dir='ltr'>χάριν</span> <span class='ocrx_word' id='word_1_616' title='bbox 2897 2783 2990 2835; x_wconf 79' lang='grc' dir='ltr'>καὶ</span> <span class='ocrx_word' id='word_1_617' title='bbox 3015 2778 3286 2833; x_wconf 76' lang='grc' dir='ltr'>πολιτικοὶ</span> <span class='ocrx_word' id='word_1_618' title='bbox 3319 2777 3475 2846; x_wconf 87' lang='grc' dir='ltr'>νόμοι</span> <span class='ocrx_word' id='word_1_619' title='bbox 3502 2778 3596 2829; x_wconf 75' lang='grc' dir='ltr'>καὶ</span> <span class='ocrx_word' id='word_1_620' title='bbox 3621 2776 3757 2827; x_wconf 86' lang='grc' dir='ltr'>θεῖοι</span> <span class='ocrx_word' id='word_1_621' title='bbox 3793 2772 4031 2833; x_wconf 80' lang='grc' dir='ltr'>κανόνες</span> 
     </span>
    </p>
   </div>
   <div class='ocr_carea' id='block_1_87' title="bbox 2438 2864 4033 2943">
    <p class='ocr_par' dir='ltr' id='par_1_87' title="bbox 2438 2864 4033 2943">
     <span class='ocr_line' id='line_1_87' title="bbox 2438 2864 4033 2943; baseline -0.009 -14"><span class='ocrx_word' id='word_1_622' title='bbox 2438 2877 2799 2940; x_wconf 82' lang='grc' dir='ltr'>ὲκτέθεινται,</span> <span class='ocrx_word' id='word_1_623' title='bbox 2848 2874 2897 2926; x_wconf 79' lang='grc' dir='ltr'><strong>εί</strong></span> <span class='ocrx_word' id='word_1_624' title='bbox 2947 2874 3016 2927; x_wconf 77' lang='grc' dir='ltr'><strong>τὰ</strong></span> <span class='ocrx_word' id='word_1_625' title='bbox 3076 2870 3423 2943; x_wconf 71' lang='grc' dir='ltr'>προλαϐόντα</span> <span class='ocrx_word' id='word_1_626' title='bbox 3469 2864 3586 2938; x_wconf 84' lang='grc' dir='ltr'>εἶχε</span> <span class='ocrx_word' id='word_1_627' title='bbox 3638 2869 3738 2933; x_wconf 82' lang='grc' dir='ltr'>τὴν</span> <span class='ocrx_word' id='word_1_628' title='bbox 3784 2867 4033 2935; x_wconf 82' lang='grc' dir='ltr'>μίμησιν</span> 
     </span>
    </p>
   </div>
   <div class='ocr_carea' id='block_1_88' title="bbox 2438 2959 4036 3038">
    <p class='ocr_par' dir='ltr' id='par_1_88' title="bbox 2438 2959 4036 3038">
     <span class='ocr_line' id='line_1_88' title="bbox 2438 2959 4036 3038; baseline -0.009 -15"><span class='ocrx_word' id='word_1_629' title='bbox 2438 2970 2849 3038; x_wconf 75' lang='grc' dir='ltr'>ἁκατάκριτον;</span> <span class='ocrx_word' id='word_1_630' title='bbox 2891 2963 3057 3019; x_wconf 81' lang='grc' dir='ltr'><strong>Ἀλλὰ</strong></span> <span class='ocrx_word' id='word_1_631' title='bbox 3107 2963 3333 3026; x_wconf 79' lang='grc' dir='ltr'>σκοπὸς,</span> <span class='ocrx_word' id='word_1_632' title='bbox 3388 2962 3476 3015; x_wconf 84' lang='grc' dir='ltr'><strong>ἴνα</strong></span> <span class='ocrx_word' id='word_1_633' title='bbox 3530 2962 3606 3031; x_wconf 82' lang='grc' dir='ltr'>μὴ</span> <span class='ocrx_word' id='word_1_634' title='bbox 3647 2963 3761 3023; x_wconf 83' lang='grc' dir='ltr'>τοῖς</span> <span class='ocrx_word' id='word_1_635' title='bbox 3814 2959 4036 3028; x_wconf 85' lang='grc' dir='ltr'>προλα-</span> 
     </span>
    </p>
   </div>
   <div class='ocr_carea' id='block_1_89' title="bbox 2439 3052 4036 3131">
    <p class='ocr_par' dir='ltr' id='par_1_89' title="bbox 2439 3052 4036 3131">
     <span class='ocr_line' id='line_1_89' title="bbox 2439 3052 4036 3131; baseline -0.009 -16"><span class='ocrx_word' id='word_1_636' title='bbox 2439 3062 2626 3115; x_wconf 78' lang='grc' dir='ltr'>ϐοῦσιν</span> <span class='ocrx_word' id='word_1_637' title='bbox 2666 3060 3040 3131; x_wconf 84' lang='grc' dir='ltr'>ἁμαρτήμασι</span> <span class='ocrx_word' id='word_1_638' title='bbox 3094 3056 3523 3127; x_wconf 82' lang='grc' dir='ltr'>περιπίπτοντες</span> <span class='ocrx_word' id='word_1_639' title='bbox 3572 3052 3877 3123; x_wconf 74' lang='grc' dir='ltr'>ἄνθρωποι,</span> <span class='ocrx_word' id='word_1_640' title='bbox 3927 3067 4036 3102; x_wconf 79' lang='grc' dir='ltr'>κα-</span> 
     </span>
    </p>
   </div>
   <div class='ocr_carea' id='block_1_90' title="bbox 2438 3143 4035 3222">
    <p class='ocr_par' dir='ltr' id='par_1_90' title="bbox 2438 3143 4035 3222">
     <span class='ocr_line' id='line_1_90' title="bbox 2438 3143 4035 3222; baseline -0.009 -15"><span class='ocrx_word' id='word_1_641' title='bbox 2438 3153 2763 3222; x_wconf 76' lang='grc' dir='ltr'>ταφεύγοιεν</span> <span class='ocrx_word' id='word_1_642' title='bbox 2791 3152 2870 3209; x_wconf 84' lang='grc' dir='ltr'><strong>εἰς</strong></span> <span class='ocrx_word' id='word_1_643' title='bbox 2907 3148 3227 3216; x_wconf 85' lang='grc' dir='ltr'>ἀπολογίαν,</span> <span class='ocrx_word' id='word_1_644' title='bbox 3256 3147 3331 3209; x_wconf 87' lang='grc' dir='ltr'>ὡς</span> <span class='ocrx_word' id='word_1_645' title='bbox 3356 3146 3413 3199; x_wconf 85' lang='grc' dir='ltr'>τὸ</span> <span class='ocrx_word' id='word_1_646' title='bbox 3452 3145 3843 3217; x_wconf 59' lang='grc' dir='ltr'>ήμαρτημένιν</span> <span class='ocrx_word' id='word_1_647' title='bbox 3872 3143 4035 3210; x_wconf 75' lang='grc' dir='ltr'>ἐμοὶ,</span> 
     </span>
    </p>
   </div>
   <div class='ocr_carea' id='block_1_91' title="bbox 2439 3236 3712 3313">
    <p class='ocr_par' dir='ltr' id='par_1_91' title="bbox 2439 3236 3712 3313">
     <span class='ocr_line' id='line_1_91' title="bbox 2439 3236 3712 3313; baseline -0.009 -15"><span class='ocrx_word' id='word_1_648' title='bbox 2439 3245 2537 3299; x_wconf 75' lang='grc' dir='ltr'>καὶ</span> <span class='ocrx_word' id='word_1_649' title='bbox 2566 3244 2711 3313; x_wconf 77' lang='grc' dir='ltr'>ἄλλῳ</span> <span class='ocrx_word' id='word_1_650' title='bbox 2740 3242 2849 3296; x_wconf 77' lang='grc' dir='ltr'>τινὶ</span> <span class='ocrx_word' id='word_1_651' title='bbox 2882 3238 3300 3308; x_wconf 80' lang='grc' dir='ltr'>προγενεστέρῳ</span> <span class='ocrx_word' id='word_1_652' title='bbox 3334 3236 3712 3305; x_wconf 75' lang='grc' dir='ltr'>ἐξείργασται.</span> 
     </span>
    </p>
   </div>
   <div class='ocr_carea' id='block_1_92' title="bbox 2512 3320 4041 3395">
    <p class='ocr_par' dir='ltr' id='par_1_92' title="bbox 2512 3320 4041 3395">
     <span class='ocr_line' id='line_1_92' title="bbox 2512 3320 4041 3395; baseline -0.01 -8"><span class='ocrx_word' id='word_1_653' title='bbox 2512 3335 2626 3387; x_wconf 72' lang='grc' dir='ltr'><strong>Οὐκ</strong></span> <span class='ocrx_word' id='word_1_654' title='bbox 2655 3332 2886 3386; x_wconf 79' lang='grc' dir='ltr'>ἀπολύει</span> <span class='ocrx_word' id='word_1_655' title='bbox 2916 3327 3032 3394; x_wconf 77' lang='grc' dir='ltr'>οὖν,</span> <span class='ocrx_word' id='word_1_656' title='bbox 3066 3328 3311 3395; x_wconf 70' lang='grc' dir='ltr'>ἀδελφοὶ,</span> <span class='ocrx_word' id='word_1_657' title='bbox 3340 3326 3449 3379; x_wconf 77' lang='grc' dir='ltr'>οὐδ’</span> <span class='ocrx_word' id='word_1_658' title='bbox 3486 3327 3519 3394; x_wconf 78' lang='grc' dir='ltr'><strong>ἡ</strong></span> <span class='ocrx_word' id='word_1_659' title='bbox 3572 3325 3844 3395; x_wconf 76' lang='grc' dir='ltr'>πρόφασις</span> <span class='ocrx_word' id='word_1_660' title='bbox 3881 3320 4041 3390; x_wconf 74' lang='grc' dir='ltr'>αὕτη</span> 
     </span>
    </p>
   </div>
   <div class='ocr_carea' id='block_1_93' title="bbox 2439 3415 4039 3495">
    <p class='ocr_par' dir='ltr' id='par_1_93' title="bbox 2439 3415 4039 3495">
     <span class='ocr_line' id='line_1_93' title="bbox 2439 3415 4039 3495; baseline -0.009 -14"><span class='ocrx_word' id='word_1_661' title='bbox 2439 3429 2567 3491; x_wconf 82' lang='grc' dir='ltr'>τοὺς</span> <span class='ocrx_word' id='word_1_662' title='bbox 2620 3424 3071 3495; x_wconf 81' lang='grc' dir='ltr'>καταφεύγοντας</span> <span class='ocrx_word' id='word_1_663' title='bbox 3124 3422 3211 3474; x_wconf 75' lang='grc' dir='ltr'><strong>ἐπ’</strong></span> <span class='ocrx_word' id='word_1_664' title='bbox 3241 3421 3434 3487; x_wconf 75' lang='grc' dir='ltr'>αὐτὴν,</span> <span class='ocrx_word' id='word_1_665' title='bbox 3472 3419 3571 3472; x_wconf 76' lang='grc' dir='ltr'>καὶ</span> <span class='ocrx_word' id='word_1_666' title='bbox 3613 3420 3702 3470; x_wconf 78' lang='grc' dir='ltr'><strong>διὰ</strong></span> <span class='ocrx_word' id='word_1_667' title='bbox 3735 3415 3892 3469; x_wconf 75' lang='grc' dir='ltr'>τοῦτο</span> <span class='ocrx_word' id='word_1_668' title='bbox 3928 3416 4039 3466; x_wconf 80' lang='grc' dir='ltr'>σύ-</span> 
     </span>
    </p>
   </div>
   <div class='ocr_carea' id='block_1_94' title="bbox 2442 3510 4040 3589">
    <p class='ocr_par' dir='ltr' id='par_1_94' title="bbox 2442 3510 4040 3589">
     <span class='ocr_line' id='line_1_94' title="bbox 2442 3510 4040 3589; baseline -0.009 -16"><span class='ocrx_word' id='word_1_669' title='bbox 2442 3536 2631 3573; x_wconf 81' lang='grc' dir='ltr'>στασιν</span> <span class='ocrx_word' id='word_1_670' title='bbox 2662 3521 2727 3589; x_wconf 81' lang='grc' dir='ltr'>τῇ</span> <span class='ocrx_word' id='word_1_671' title='bbox 2764 3515 3113 3587; x_wconf 70' lang='grc' dir='ltr'>τετραγαμίᾳ</span> <span class='ocrx_word' id='word_1_672' title='bbox 3164 3512 3605 3584; x_wconf 66' lang='grc' dir='ltr'>παρεχομένους.</span> <span class='ocrx_word' id='word_1_673' title='bbox 3653 3510 3811 3562; x_wconf 82' lang='grc' dir='ltr'>Ἀλλὰ</span> <span class='ocrx_word' id='word_1_674' title='bbox 3849 3524 4040 3561; x_wconf 67' lang='grc' dir='ltr'>κατα-</span> 
     </span>
    </p>
   </div>
   <div class='ocr_carea' id='block_1_95' title="bbox 2441 3600 4038 3684">
    <p class='ocr_par' dir='ltr' id='par_1_95' title="bbox 2441 3600 4038 3684">
     <span class='ocr_line' id='line_1_95' title="bbox 2441 3600 4038 3684; baseline -0.011 -17"><span class='ocrx_word' id='word_1_675' title='bbox 2441 3614 2615 3684; x_wconf 81' lang='grc' dir='ltr'>κρίνει</span> <span class='ocrx_word' id='word_1_676' title='bbox 2676 3610 2896 3681; x_wconf 80' lang='grc' dir='ltr'>μᾶλλον,</span> <span class='ocrx_word' id='word_1_677' title='bbox 2941 3610 3023 3661; x_wconf 84' lang='grc' dir='ltr'>ὅτι</span> <span class='ocrx_word' id='word_1_678' title='bbox 3056 3610 3130 3678; x_wconf 79' lang='grc' dir='ltr'>μὴ</span> <span class='ocrx_word' id='word_1_679' title='bbox 3180 3608 3246 3660; x_wconf 79' lang='grc' dir='ltr'>ἐκ</span> <span class='ocrx_word' id='word_1_680' title='bbox 3292 3606 3388 3659; x_wconf 83' lang='grc' dir='ltr'>τοῦ</span> <span class='ocrx_word' id='word_1_681' title='bbox 3433 3604 3641 3669; x_wconf 73' lang='grc' dir='ltr'>εὐθέος,</span> <span class='ocrx_word' id='word_1_682' title='bbox 3684 3602 3801 3655; x_wconf 84' lang='grc' dir='ltr'>ἀλλ’</span> <span class='ocrx_word' id='word_1_683' title='bbox 3831 3603 3897 3652; x_wconf 87' lang='grc' dir='ltr'>ὲκ</span> <span class='ocrx_word' id='word_1_684' title='bbox 3927 3600 4038 3662; x_wconf 71' lang='grc' dir='ltr'>τοῦ</span> 
     </span>
    </p>
   </div>
   <div class='ocr_carea' id='block_1_96' title="bbox 2439 3693 4044 3775">
    <p class='ocr_par' dir='ltr' id='par_1_96' title="bbox 2439 3693 4044 3775">
     <span class='ocr_line' id='line_1_96' title="bbox 2439 3693 4044 3775; baseline -0.009 -17"><span class='ocrx_word' id='word_1_685' title='bbox 2439 3704 2881 3775; x_wconf 78' lang='grc' dir='ltr'>διεστραμμένου</span> <span class='ocrx_word' id='word_1_686' title='bbox 2950 3701 3020 3753; x_wconf 69' lang='grc' dir='ltr'><strong>τὰ</strong></span> <span class='ocrx_word' id='word_1_687' title='bbox 3095 3700 3301 3768; x_wconf 78' lang='grc' dir='ltr'>πολλῆς</span> <span class='ocrx_word' id='word_1_688' title='bbox 3373 3697 3672 3766; x_wconf 74' lang='grc' dir='ltr'>εὐθύτητος</span> <span class='ocrx_word' id='word_1_689' title='bbox 3748 3693 4044 3763; x_wconf 69' lang='grc' dir='ltr'>χρῄζοντα.</span> 
     </span>
    </p>
   </div>
   <div class='ocr_carea' id='block_1_97' title="bbox 2441 3782 4045 3868">
    <p class='ocr_par' dir='ltr' id='par_1_97' title="bbox 2441 3782 4045 3868">
     <span class='ocr_line' id='line_1_97' title="bbox 2441 3782 4045 3868; baseline -0.009 -16"><span class='ocrx_word' id='word_1_690' title='bbox 2441 3800 2748 3868; x_wconf 73' lang='grc' dir='ltr'>πράγματα</span> <span class='ocrx_word' id='word_1_691' title='bbox 2782 3798 2883 3866; x_wconf 78' lang='grc' dir='ltr'>τῆς</span> <span class='ocrx_word' id='word_1_692' title='bbox 2929 3793 3264 3863; x_wconf 81' lang='grc' dir='ltr'>Ἑκκλησίας</span> <span class='ocrx_word' id='word_1_693' title='bbox 3308 3792 3586 3859; x_wconf 76' lang='grc' dir='ltr'>ἐγνώκασι</span> <span class='ocrx_word' id='word_1_694' title='bbox 3614 3790 3859 3841; x_wconf 82' lang='grc' dir='ltr'>διοικεῖν.</span> <span class='ocrx_word' id='word_1_695' title='bbox 3894 3782 4045 3839; x_wconf 77' lang='grc' dir='ltr'>Εἶτα</span> 
     </span>
    </p>
   </div>
   <div class='ocr_carea' id='block_1_98' title="bbox 2442 3880 4047 3953">
    <p class='ocr_par' dir='ltr' id='par_1_98' title="bbox 2442 3880 4047 3953">
     <span class='ocr_line' id='line_1_98' title="bbox 2442 3880 4047 3953; baseline -0.006 -10"><span class='ocrx_word' id='word_1_696' title='bbox 2442 3892 2511 3944; x_wconf 76' lang='grc' dir='ltr'><strong>εἴ·</strong></span> <span class='ocrx_word' id='word_1_697' title='bbox 2545 3907 2630 3953; x_wconf 85' lang='grc' dir='ltr'><strong>τις</strong></span> <span class='ocrx_word' id='word_1_698' title='bbox 2676 3888 2787 3941; x_wconf 84' lang='grc' dir='ltr'><strong>τῶν</strong></span> <span class='ocrx_word' id='word_1_699' title='bbox 2844 3889 2953 3941; x_wconf 86' lang='grc' dir='ltr'>σῶν</span> <span class='ocrx_word' id='word_1_700' title='bbox 3007 3886 3237 3940; x_wconf 82' lang='grc' dir='ltr'>οἰκετῶν</span> <span class='ocrx_word' id='word_1_701' title='bbox 3293 3884 3387 3937; x_wconf 82' lang='grc' dir='ltr'>τὸν</span> <span class='ocrx_word' id='word_1_702' title='bbox 3443 3880 3648 3953; x_wconf 74' lang='grc' dir='ltr'>οἷκονῆ</span> <span class='ocrx_word' id='word_1_703' title='bbox 3680 3881 3772 3933; x_wconf 80' lang='grc' dir='ltr'>τὸν</span> <span class='ocrx_word' id='word_1_704' title='bbox 3821 3880 4047 3949; x_wconf 77' lang='grc' dir='ltr'>χιτῶνα</span> 
     </span>
    </p>
   </div>
   <div class='ocr_carea' id='block_1_99' title="bbox 2446 3974 4050 4054">
    <p class='ocr_par' dir='ltr' id='par_1_99' title="bbox 2446 3974 4050 4054">
     <span class='ocr_line' id='line_1_99' title="bbox 2446 3974 4050 4054; baseline -0.008 -18"><span class='ocrx_word' id='word_1_705' title='bbox 2446 3983 2702 4054; x_wconf 87' lang='grc' dir='ltr'>μολύνας,</span> <span class='ocrx_word' id='word_1_706' title='bbox 2738 3982 2831 4034; x_wconf 77' lang='grc' dir='ltr'><strong>ὲπέ</strong></span> <span class='ocrx_word' id='word_1_707' title='bbox 2859 4000 2910 4033; x_wconf 89' lang='grc' dir='ltr'><strong>τι</strong></span> <span class='ocrx_word' id='word_1_708' title='bbox 2947 3983 3243 4051; x_wconf 78' lang='grc' dir='ltr'>πρόσωπον</span> <span class='ocrx_word' id='word_1_709' title='bbox 3276 3979 3467 4047; x_wconf 78' lang='grc' dir='ltr'>ἕτερον</span> <span class='ocrx_word' id='word_1_710' title='bbox 3507 3976 3638 4029; x_wconf 72' lang='grc' dir='ltr'>αύτδ</span> <span class='ocrx_word' id='word_1_711' title='bbox 3686 3974 3845 4027; x_wconf 80' lang='grc' dir='ltr'>τοῦτο</span> <span class='ocrx_word' id='word_1_712' title='bbox 3898 3990 4050 4042; x_wconf 83' lang='grc' dir='ltr'>προ-</span> 
     </span>
    </p>
   </div>
   <div class='ocr_carea' id='block_1_100' title="bbox 2442 4069 4053 4147">
    <p class='ocr_par' dir='ltr' id='par_1_100' title="bbox 2442 4069 4053 4147">
     <span class='ocr_line' id='line_1_100' title="bbox 2442 4069 4053 4147; baseline -0.006 -15"><span class='ocrx_word' id='word_1_713' title='bbox 2442 4078 2936 4147; x_wconf 82' lang='grc' dir='ltr'>διαπεπραγμένον</span> <span class='ocrx_word' id='word_1_714' title='bbox 2979 4075 3273 4144; x_wconf 70' lang='grc' dir='ltr'>ἀναφέρων</span> <span class='ocrx_word' id='word_1_715' title='bbox 3301 4076 3441 4143; x_wconf 79' lang='grc' dir='ltr'>ἐρεῖ,</span> <span class='ocrx_word' id='word_1_716' title='bbox 3483 4072 3557 4135; x_wconf 84' lang='grc' dir='ltr'>ὡς</span> <span class='ocrx_word' id='word_1_717' title='bbox 3588 4071 3780 4139; x_wconf 72' lang='grc' dir='ltr'>ἐπειδὴ</span> <span class='ocrx_word' id='word_1_718' title='bbox 3822 4069 4053 4138; x_wconf 83' lang='grc' dir='ltr'>προλα-</span> 
     </span>
    </p>
   </div>
   <div class='ocr_carea' id='block_1_101' title="bbox 2442 4161 4049 4241">
    <p class='ocr_par' dir='ltr' id='par_1_101' title="bbox 2442 4161 4049 4241">
     <span class='ocr_line' id='line_1_101' title="bbox 2442 4161 4049 4241; baseline -0.006 -18"><span class='ocrx_word' id='word_1_719' title='bbox 2442 4172 2553 4223; x_wconf 72' lang='grc' dir='ltr'>ϐὼν</span> <span class='ocrx_word' id='word_1_720' title='bbox 2582 4170 2771 4241; x_wconf 76' lang='grc' dir='ltr'>ἕτερός</span> <span class='ocrx_word' id='word_1_721' title='bbox 2802 4187 2883 4231; x_wconf 80' lang='grc' dir='ltr'><strong>τις</strong></span> <span class='ocrx_word' id='word_1_722' title='bbox 2904 4168 3018 4221; x_wconf 81' lang='grc' dir='ltr'>τῶν</span> <span class='ocrx_word' id='word_1_723' title='bbox 3048 4166 3503 4236; x_wconf 84' lang='grc' dir='ltr'>συνθεραπόντων</span> <span class='ocrx_word' id='word_1_724' title='bbox 3534 4163 3693 4215; x_wconf 82' lang='grc' dir='ltr'>τούτο</span> <span class='ocrx_word' id='word_1_725' title='bbox 3720 4161 4049 4231; x_wconf 74' lang='grc' dir='ltr'>ἐξήμαρτε,</span> 
     </span>
    </p>
   </div>
   <div class='ocr_carea' id='block_1_102' title="bbox 2441 4250 4053 4329">
    <p class='ocr_par' dir='ltr' id='par_1_102' title="bbox 2441 4250 4053 4329">
     <span class='ocr_line' id='line_1_102' title="bbox 2441 4250 4053 4329; baseline -0.01 -13"><span class='ocrx_word' id='word_1_726' title='bbox 2441 4262 2533 4317; x_wconf 70' lang='grc' dir='ltr'><strong>διὰ</strong></span> <span class='ocrx_word' id='word_1_727' title='bbox 2580 4260 2741 4315; x_wconf 81' lang='grc' dir='ltr'>τοῦτο</span> <span class='ocrx_word' id='word_1_728' title='bbox 2789 4260 2963 4329; x_wconf 78' lang='grc' dir='ltr'>κάμοὶ</span> <span class='ocrx_word' id='word_1_729' title='bbox 3013 4258 3281 4327; x_wconf 82' lang='grc' dir='ltr'>πράττειν</span> <span class='ocrx_word' id='word_1_730' title='bbox 3324 4253 3497 4315; x_wconf 74' lang='grc' dir='ltr'>οὕτως</span> <span class='ocrx_word' id='word_1_731' title='bbox 3539 4252 3795 4321; x_wconf 73' lang='grc' dir='ltr'>ἐπῆλθεν,</span> <span class='ocrx_word' id='word_1_732' title='bbox 3832 4250 3939 4302; x_wconf 73' lang='grc' dir='ltr'>οὐκ</span> <span class='ocrx_word' id='word_1_733' title='bbox 3970 4251 4053 4303; x_wconf 72' lang='grc' dir='ltr'>ἂν</span> 
     </span>
    </p>
   </div>
   <div class='ocr_carea' id='block_1_103' title="bbox 2442 4345 4053 4426">
    <p class='ocr_par' dir='ltr' id='par_1_103' title="bbox 2442 4345 4053 4426">
     <span class='ocr_line' id='line_1_103' title="bbox 2442 4345 4053 4426; baseline -0.009 -18"><span class='ocrx_word' id='word_1_734' title='bbox 2442 4355 2568 4426; x_wconf 74' lang='grc' dir='ltr'>δέξῃ</span> <span class='ocrx_word' id='word_1_735' title='bbox 2608 4355 2710 4426; x_wconf 80' lang='grc' dir='ltr'>τὴν</span> <span class='ocrx_word' id='word_1_736' title='bbox 2752 4350 3075 4419; x_wconf 79' lang='grc' dir='ltr'>ἀπολογίαν,</span> <span class='ocrx_word' id='word_1_737' title='bbox 3110 4347 3248 4402; x_wconf 69' lang='grc' dir='ltr'>ἀλλὰ</span> <span class='ocrx_word' id='word_1_738' title='bbox 3282 4345 3653 4419; x_wconf 73' lang='grc' dir='ltr'>στρεϐλώσεις</span> <span class='ocrx_word' id='word_1_739' title='bbox 3684 4345 3777 4397; x_wconf 73' lang='grc' dir='ltr'>καὶ</span> <span class='ocrx_word' id='word_1_740' title='bbox 3825 4360 4053 4413; x_wconf 72' lang='grc' dir='ltr'>μαστι-</span> 
     </span>
    </p>
   </div>
   <div class='ocr_carea' id='block_1_104' title="bbox 2443 4436 4059 4515">
    <p class='ocr_par' dir='ltr' id='par_1_104' title="bbox 2443 4436 4059 4515">
     <span class='ocr_line' id='line_1_104' title="bbox 2443 4436 4059 4515; baseline -0.01 -15"><span class='ocrx_word' id='word_1_741' title='bbox 2443 4448 2643 4515; x_wconf 83' lang='grc' dir='ltr'>γώσεις</span> <span class='ocrx_word' id='word_1_742' title='bbox 2703 4444 2778 4507; x_wconf 86' lang='grc' dir='ltr'><strong>ὡς</strong></span> <span class='ocrx_word' id='word_1_743' title='bbox 2844 4446 2924 4506; x_wconf 83' lang='grc' dir='ltr'>εἰς</span> <span class='ocrx_word' id='word_1_744' title='bbox 2961 4440 3255 4509; x_wconf 66' lang='grc' dir='ltr'>’τοιαύτην</span> <span class='ocrx_word' id='word_1_745' title='bbox 3313 4440 3525 4509; x_wconf 77' lang='grc' dir='ltr'>ἥκοντα</span> <span class='ocrx_word' id='word_1_746' title='bbox 3590 4436 4059 4504; x_wconf 68' lang='grc' dir='ltr'>καταφρόνησιν,</span> 
     </span>
    </p>
   </div>
   <div class='ocr_carea' id='block_1_105' title="bbox 2446 4526 4059 4608">
    <p class='ocr_par' dir='ltr' id='par_1_105' title="bbox 2446 4526 4059 4608">
     <span class='ocr_line' id='line_1_105' title="bbox 2446 4526 4059 4608; baseline -0.009 -16"><span class='ocrx_word' id='word_1_747' title='bbox 2446 4538 2803 4608; x_wconf 73' lang='grc' dir='ltr'>ὀφειλόμενον</span> <span class='ocrx_word' id='word_1_748' title='bbox 2840 4536 2995 4596; x_wconf 76' lang='grc' dir='ltr'>ὄντος</span> <span class='ocrx_word' id='word_1_749' title='bbox 3026 4536 3091 4586; x_wconf 86' lang='grc' dir='ltr'>ἐκ</span> <span class='ocrx_word' id='word_1_750' title='bbox 3115 4531 3211 4585; x_wconf 80' lang='grc' dir='ltr'>τοῦ</span> <span class='ocrx_word' id='word_1_751' title='bbox 3256 4530 3770 4601; x_wconf 78' lang='grc' dir='ltr'>προημαρτημένου</span> <span class='ocrx_word' id='word_1_752' title='bbox 3796 4526 3874 4595; x_wconf 83' lang='grc' dir='ltr'>τῷ</span> <span class='ocrx_word' id='word_1_753' title='bbox 3910 4544 4059 4579; x_wconf 83' lang='grc' dir='ltr'>συν-</span> 
     </span>
    </p>
   </div>
   <div class='ocr_carea' id='block_1_106' title="bbox 2445 4618 4060 4702">
    <p class='ocr_par' dir='ltr' id='par_1_106' title="bbox 2445 4618 4060 4702">
     <span class='ocr_line' id='line_1_106' title="bbox 2445 4618 4060 4702; baseline -0.007 -17"><span class='ocrx_word' id='word_1_754' title='bbox 2445 4632 2762 4702; x_wconf 79' lang='grc' dir='ltr'>θεράποντι,</span> <span class='ocrx_word' id='word_1_755' title='bbox 2796 4626 2990 4681; x_wconf 82' lang='grc' dir='ltr'>τοῦτον</span> <span class='ocrx_word' id='word_1_756' title='bbox 3025 4626 3127 4695; x_wconf 79' lang='grc' dir='ltr'>τὴν</span> <span class='ocrx_word' id='word_1_757' title='bbox 3176 4624 3377 4694; x_wconf 77' lang='grc' dir='ltr'>πρᾶξιν</span> <span class='ocrx_word' id='word_1_758' title='bbox 3414 4620 3783 4691; x_wconf 75' lang='grc' dir='ltr'>φυλάξασθαι.</span> <span class='ocrx_word' id='word_1_759' title='bbox 3819 4618 3937 4671; x_wconf 75' lang='grc' dir='ltr'><strong>Καὶ</strong></span> <span class='ocrx_word' id='word_1_760' title='bbox 3968 4621 4060 4673; x_wconf 69' lang='grc' dir='ltr'>τὰ</span> 
     </span>
    </p>
   </div>
   <div class='ocr_carea' id='block_1_107' title="bbox 2443 4712 4066 4793">
    <p class='ocr_par' dir='ltr' id='par_1_107' title="bbox 2443 4712 4066 4793">
     <span class='ocr_line' id='line_1_107' title="bbox 2443 4712 4066 4793; baseline -0.007 -16"><span class='ocrx_word' id='word_1_761' title='bbox 2443 4723 2632 4786; x_wconf 85' lang='grc' dir='ltr'>κακῶς</span> <span class='ocrx_word' id='word_1_762' title='bbox 2672 4724 2739 4793; x_wconf 82' lang='grc' dir='ltr'>τῇ</span> <span class='ocrx_word' id='word_1_763' title='bbox 2782 4719 3087 4790; x_wconf 72' lang='grc' dir='ltr'>Ἐκκλησία</span> <span class='ocrx_word' id='word_1_764' title='bbox 3130 4718 3541 4786; x_wconf 81' lang='grc' dir='ltr'>συμπίπτοντα,</span> <span class='ocrx_word' id='word_1_765' title='bbox 3573 4716 3636 4767; x_wconf 83' lang='grc' dir='ltr'>ὲκ</span> <span class='ocrx_word' id='word_1_766' title='bbox 3673 4712 3783 4766; x_wconf 81' lang='grc' dir='ltr'><strong>τῶν</strong></span> <span class='ocrx_word' id='word_1_767' title='bbox 3823 4712 4066 4783; x_wconf 78' lang='grc' dir='ltr'>προλα-</span> 
     </span>
    </p>
   </div>
   <div class='ocr_carea' id='block_1_108' title="bbox 2444 4809 4066 4882">
    <p class='ocr_par' dir='ltr' id='par_1_108' title="bbox 2444 4809 4066 4882">
     <span class='ocr_line' id='line_1_108' title="bbox 2444 4809 4066 4882; baseline -0.008 -11"><span class='ocrx_word' id='word_1_768' title='bbox 2444 4820 2651 4871; x_wconf 83' lang='grc' dir='ltr'>ϐόντων</span> <span class='ocrx_word' id='word_1_769' title='bbox 2681 4816 2852 4880; x_wconf 80' lang='grc' dir='ltr'>ἀξιοῖς</span> <span class='ocrx_word' id='word_1_770' title='bbox 2905 4810 3354 4882; x_wconf 73' lang='grc' dir='ltr'>παραδέχεσθαις</span> <span class='ocrx_word' id='word_1_771' title='bbox 3403 4811 3515 4863; x_wconf 77' lang='grc' dir='ltr'><strong>Καὶ</strong></span> <span class='ocrx_word' id='word_1_772' title='bbox 3543 4809 3641 4878; x_wconf 78' lang='grc' dir='ltr'>τὴν</span> <span class='ocrx_word' id='word_1_773' title='bbox 3672 4809 3793 4879; x_wconf 74' lang='grc' dir='ltr'>ἴσην</span> <span class='ocrx_word' id='word_1_774' title='bbox 3832 4809 3895 4859; x_wconf 87' lang='grc' dir='ltr'>οὐ</span> <span class='ocrx_word' id='word_1_775' title='bbox 3938 4825 4066 4875; x_wconf 80' lang='grc' dir='ltr'>τη-</span> 
     </span>
    </p>
   </div>
   <div class='ocr_carea' id='block_1_109' title="bbox 2449 4899 4069 4981">
    <p class='ocr_par' dir='ltr' id='par_1_109' title="bbox 2449 4899 4069 4981">
     <span class='ocr_line' id='line_1_109' title="bbox 2449 4899 4069 4981; baseline -0.007 -17"><span class='ocrx_word' id='word_1_776' title='bbox 2449 4913 2561 4981; x_wconf 88' lang='grc' dir='ltr'>ρεῖς</span> <span class='ocrx_word' id='word_1_777' title='bbox 2607 4909 2700 4961; x_wconf 69' lang='grc' dir='ltr'><strong>ἐπὶ</strong></span> <span class='ocrx_word' id='word_1_778' title='bbox 2728 4908 2831 4976; x_wconf 80' lang='grc' dir='ltr'>τῆς</span> <span class='ocrx_word' id='word_1_779' title='bbox 2886 4906 3219 4975; x_wconf 78' lang='grc' dir='ltr'>Ἑκκλησίας</span> <span class='ocrx_word' id='word_1_780' title='bbox 3252 4902 3482 4971; x_wconf 83' lang='grc' dir='ltr'>γνώμην</span> <span class='ocrx_word' id='word_1_781' title='bbox 3524 4904 3643 4962; x_wconf 83' lang='grc' dir='ltr'>τοῖς</span> <span class='ocrx_word' id='word_1_782' title='bbox 3675 4902 3805 4969; x_wconf 74' lang='grc' dir='ltr'>περὶ</span> <span class='ocrx_word' id='word_1_783' title='bbox 3830 4899 3892 4951; x_wconf 79' lang='grc' dir='ltr'>σὲ</span> <span class='ocrx_word' id='word_1_784' title='bbox 3938 4905 4069 4955; x_wconf 68' lang='grc' dir='ltr'>καὶ</span> 
     </span>
    </p>
   </div>
   <div class='ocr_carea' id='block_1_110' title="bbox 2446 4996 4067 5076">
    <p class='ocr_par' dir='ltr' id='par_1_110' title="bbox 2446 4996 4067 5076">
     <span class='ocr_line' id='line_1_110' title="bbox 2446 4996 4067 5076; baseline -0.006 -19"><span class='ocrx_word' id='word_1_785' title='bbox 2446 5007 2545 5076; x_wconf 84' lang='grc' dir='ltr'>τὴν</span> <span class='ocrx_word' id='word_1_786' title='bbox 2588 5004 2687 5074; x_wconf 81' lang='grc' dir='ltr'>σὴν</span> <span class='ocrx_word' id='word_1_787' title='bbox 2728 5002 2907 5055; x_wconf 78' lang='grc' dir='ltr'>οἰκίαν</span> <span class='ocrx_word' id='word_1_788' title='bbox 2960 5000 3384 5071; x_wconf 84' lang='grc' dir='ltr'>πραττομένοις,</span> <span class='ocrx_word' id='word_1_789' title='bbox 3420 4996 3560 5049; x_wconf 81' lang='grc' dir='ltr'>ἀλλὰ</span> <span class='ocrx_word' id='word_1_790' title='bbox 3604 4996 3835 5057; x_wconf 82' lang='grc' dir='ltr'>δικαιοῖς</span> <span class='ocrx_word' id='word_1_791' title='bbox 3887 4996 4067 5048; x_wconf 64' lang='grc' dir='ltr'>αὐτὰ</span> 
     </span>
    </p>
   </div>
   <div class='ocr_carea' id='block_1_111' title="bbox 2448 5085 4070 5166">
    <p class='ocr_par' dir='ltr' id='par_1_111' title="bbox 2448 5085 4070 5166">
     <span class='ocr_line' id='line_1_111' title="bbox 2448 5085 4070 5166; baseline -0.007 -18"><span class='ocrx_word' id='word_1_792' title='bbox 2448 5096 2699 5166; x_wconf 78' lang='grc' dir='ltr'>παρορᾷν</span> <span class='ocrx_word' id='word_1_793' title='bbox 2753 5093 2842 5145; x_wconf 69' lang='grc' dir='ltr'><strong>διὰ</strong></span> <span class='ocrx_word' id='word_1_794' title='bbox 2904 5092 3004 5162; x_wconf 84' lang='grc' dir='ltr'>τὴν</span> <span class='ocrx_word' id='word_1_795' title='bbox 3061 5090 3170 5143; x_wconf 85' lang='grc' dir='ltr'><strong>τῶν</strong></span> <span class='ocrx_word' id='word_1_796' title='bbox 3239 5087 3631 5157; x_wconf 88' lang='grc' dir='ltr'>προλαϐόντων</span> <span class='ocrx_word' id='word_1_797' title='bbox 3689 5085 4070 5153; x_wconf 75' lang='grc' dir='ltr'>σφαλμάτων</span> 
     </span>
    </p>
   </div>
   <div class='ocr_carea' id='block_1_112' title="bbox 2447 5176 4071 5259">
    <p class='ocr_par' dir='ltr' id='par_1_112' title="bbox 2447 5176 4071 5259">
     <span class='ocr_line' id='line_1_112' title="bbox 2447 5176 4071 5259; baseline -0.009 -17"><span class='ocrx_word' id='word_1_798' title='bbox 2447 5189 2789 5259; x_wconf 76' lang='grc' dir='ltr'>παρόρασιν;</span> <span class='ocrx_word' id='word_1_799' title='bbox 2820 5184 2930 5237; x_wconf 65' lang='grc' dir='ltr'><strong>Καὶ</strong></span> <span class='ocrx_word' id='word_1_800' title='bbox 2958 5182 3044 5245; x_wconf 78' lang='grc' dir='ltr'><strong>τίς</strong></span> <span class='ocrx_word' id='word_1_801' title='bbox 3075 5181 3142 5234; x_wconf 77' lang='grc' dir='ltr'>ἂν</span> <span class='ocrx_word' id='word_1_802' title='bbox 3167 5182 3313 5232; x_wconf 78' lang='grc' dir='ltr'>εἴποι</span> <span class='ocrx_word' id='word_1_803' title='bbox 3344 5194 3402 5230; x_wconf 89' lang='grc' dir='ltr'><strong>σε</strong></span> <span class='ocrx_word' id='word_1_804' title='bbox 3434 5177 3624 5231; x_wconf 81' lang='grc' dir='ltr'>εἰκότα</span> <span class='ocrx_word' id='word_1_805' title='bbox 3658 5179 3855 5238; x_wconf 86' lang='grc' dir='ltr'>ποιεῖν,</span> <span class='ocrx_word' id='word_1_806' title='bbox 3890 5176 4071 5245; x_wconf 63' lang='grc' dir='ltr'>ὀρθὰ</span> 
     </span>
    </p>
   </div>
   <div class='ocr_carea' id='block_1_113' title="bbox 2446 5269 4071 5349">
    <p class='ocr_par' dir='ltr' id='par_1_113' title="bbox 2446 5269 4071 5349">
     <span class='ocr_line' id='line_1_113' title="bbox 2446 5269 4071 5349; baseline -0.007 -17"><span class='ocrx_word' id='word_1_807' title='bbox 2446 5281 2667 5349; x_wconf 82' lang='grc' dir='ltr'>φρονεῖν</span> <span class='ocrx_word' id='word_1_808' title='bbox 2721 5276 3125 5343; x_wconf 77' lang='grc' dir='ltr'>ὲπιστάμενοςς</span> <span class='ocrx_word' id='word_1_809' title='bbox 3158 5272 3231 5324; x_wconf 80' lang='grc' dir='ltr'>Τὸ</span> <span class='ocrx_word' id='word_1_810' title='bbox 3262 5271 3320 5323; x_wconf 85' lang='grc' dir='ltr'>δὲ</span> <span class='ocrx_word' id='word_1_811' title='bbox 3356 5271 3451 5323; x_wconf 77' lang='grc' dir='ltr'>καὶ</span> <span class='ocrx_word' id='word_1_812' title='bbox 3502 5270 3640 5341; x_wconf 81' lang='grc' dir='ltr'>πρὸς</span> <span class='ocrx_word' id='word_1_813' title='bbox 3674 5271 3772 5337; x_wconf 72' lang='grc' dir='ltr'>τὴν</span> <span class='ocrx_word' id='word_1_814' title='bbox 3802 5269 4071 5322; x_wconf 77' lang='grc' dir='ltr'>παλαιὸ-</span> 
     </span>
    </p>
   </div>
   <div class='ocr_carea' id='block_1_114' title="bbox 2444 5362 4079 5440">
    <p class='ocr_par' dir='ltr' id='par_1_114' title="bbox 2444 5362 4079 5440">
     <span class='ocr_line' id='line_1_114' title="bbox 2444 5362 4079 5440; baseline -0.004 -16"><span class='ocrx_word' id='word_1_815' title='bbox 2444 5388 2583 5440; x_wconf 86' lang='grc' dir='ltr'>τητα</span> <span class='ocrx_word' id='word_1_816' title='bbox 2614 5367 2929 5435; x_wconf 78' lang='grc' dir='ltr'>συγκρίνειν</span> <span class='ocrx_word' id='word_1_817' title='bbox 2960 5366 3061 5437; x_wconf 80' lang='grc' dir='ltr'>τὴν</span> <span class='ocrx_word' id='word_1_818' title='bbox 3097 5366 3258 5436; x_wconf 80' lang='grc' dir='ltr'>χάριν</span> <span class='ocrx_word' id='word_1_819' title='bbox 3294 5366 3390 5416; x_wconf 79' lang='grc' dir='ltr'>καὶ</span> <span class='ocrx_word' id='word_1_820' title='bbox 3422 5363 3519 5416; x_wconf 82' lang='grc' dir='ltr'>τὸν</span> <span class='ocrx_word' id='word_1_821' title='bbox 3550 5362 3825 5431; x_wconf 78' lang='grc' dir='ltr'>μακάριον</span> <span class='ocrx_word' id='word_1_822' title='bbox 3864 5362 4079 5417; x_wconf 62' lang='lat' dir='ltr'><strong>Anii-.6</strong></span> 
     </span>
    </p>
   </div>
   <div class='ocr_carea' id='block_1_115' title="bbox 2447 5452 4081 5532">
    <p class='ocr_par' dir='ltr' id='par_1_115' title="bbox 2447 5452 4081 5532">
     <span class='ocr_line' id='line_1_115' title="bbox 2447 5452 4081 5532; baseline -0.006 -17"><span class='ocrx_word' id='word_1_823' title='bbox 2447 5465 2527 5525; x_wconf 75' lang='grc' dir='ltr'>εἰς</span> <span class='ocrx_word' id='word_1_824' title='bbox 2558 5463 2722 5532; x_wconf 85' lang='grc' dir='ltr'>μέσον</span> <span class='ocrx_word' id='word_1_825' title='bbox 2758 5460 3048 5530; x_wconf 83' lang='grc' dir='ltr'>παράγειν,</span> <span class='ocrx_word' id='word_1_826' title='bbox 3084 5458 3184 5510; x_wconf 78' lang='grc' dir='ltr'>οὐκ</span> <span class='ocrx_word' id='word_1_827' title='bbox 3222 5452 3341 5509; x_wconf 73' lang='grc' dir='ltr'>οἶδα</span> <span class='ocrx_word' id='word_1_828' title='bbox 3370 5456 3424 5509; x_wconf 91' lang='grc' dir='ltr'><strong>τί</strong></span> <span class='ocrx_word' id='word_1_829' title='bbox 3460 5452 4081 5522; x_wconf 65' lang='grc' dir='ltr'>συναντιλαμϐάνεται</span> 
     </span>
    </p>
   </div>
   <div class='ocr_carea' id='block_1_116' title="bbox 2444 5544 4079 5623">
    <p class='ocr_par' dir='ltr' id='par_1_116' title="bbox 2444 5544 4079 5623">
     <span class='ocr_line' id='line_1_116' title="bbox 2444 5544 4079 5623; baseline -0.005 -16"><span class='ocrx_word' id='word_1_830' title='bbox 2444 5558 2557 5617; x_wconf 83' lang='grc' dir='ltr'>τοῖς</span> <span class='ocrx_word' id='word_1_831' title='bbox 2580 5553 2740 5606; x_wconf 81' lang='grc' dir='ltr'>τοῦτο</span> <span class='ocrx_word' id='word_1_832' title='bbox 2772 5552 3149 5623; x_wconf 72' lang='grc' dir='ltr'>προφέρουσιν</span> <span class='ocrx_word' id='word_1_833' title='bbox 3172 5564 3185 5577; x_wconf 82' lang='lat'><em>‘</em></span> <span class='ocrx_word' id='word_1_834' title='bbox 3224 5550 3273 5602; x_wconf 85' lang='grc' dir='ltr'><strong>εί</strong></span> <span class='ocrx_word' id='word_1_835' title='bbox 3311 5547 3387 5617; x_wconf 86' lang='grc' dir='ltr'>μὴ</span> <span class='ocrx_word' id='word_1_836' title='bbox 3418 5548 3530 5617; x_wconf 82' lang='grc' dir='ltr'><strong>ἀρα</strong></span> <span class='ocrx_word' id='word_1_837' title='bbox 3563 5544 3657 5599; x_wconf 75' lang='grc' dir='ltr'>καὶ</span> <span class='ocrx_word' id='word_1_838' title='bbox 3697 5544 3786 5597; x_wconf 75' lang='grc' dir='ltr'><strong>τον</strong></span> <span class='ocrx_word' id='word_1_839' title='bbox 3829 5544 4079 5599; x_wconf 77' lang='grc' dir='ltr'>Ἰακὼὸ</span> 
     </span>
    </p>
   </div>
   <div class='ocr_carea' id='block_1_117' title="bbox 2446 5638 4085 5715">
    <p class='ocr_par' dir='ltr' id='par_1_117' title="bbox 2446 5638 4085 5715">
     <span class='ocr_line' id='line_1_117' title="bbox 2446 5638 4085 5715; baseline -0.006 -12"><span class='ocrx_word' id='word_1_840' title='bbox 2446 5651 2543 5703; x_wconf 71' lang='grc' dir='ltr'>σὺν</span> <span class='ocrx_word' id='word_1_841' title='bbox 2577 5651 2697 5713; x_wconf 84' lang='grc' dir='ltr'>ταῖς</span> <span class='ocrx_word' id='word_1_842' title='bbox 2726 5648 2846 5701; x_wconf 70' lang='grc' dir='ltr'>δυσὶ</span> <span class='ocrx_word' id='word_1_843' title='bbox 2868 5648 3141 5715; x_wconf 86' lang='grc' dir='ltr'>γαμεταῖς</span> <span class='ocrx_word' id='word_1_844' title='bbox 3162 5644 3330 5699; x_wconf 81' lang='grc' dir='ltr'>αὑτοῦ</span> <span class='ocrx_word' id='word_1_845' title='bbox 3368 5644 3629 5711; x_wconf 77' lang='grc' dir='ltr'>ἀδελφαῖς</span> <span class='ocrx_word' id='word_1_846' title='bbox 3662 5638 3855 5702; x_wconf 70' lang='grc' dir='ltr'>οὔσαις</span> <span class='ocrx_word' id='word_1_847' title='bbox 3896 5641 4085 5709; x_wconf 72' lang='grc' dir='ltr'>ἡμῖν</span> 
     </span>
    </p>
   </div>
   <div class='ocr_carea' id='block_1_118' title="bbox 2450 5736 4087 5815">
    <p class='ocr_par' dir='ltr' id='par_1_118' title="bbox 2450 5736 4087 5815">
     <span class='ocr_line' id='line_1_118' title="bbox 2450 5736 4087 5815; baseline -0.006 -18"><span class='ocrx_word' id='word_1_848' title='bbox 2450 5745 2867 5815; x_wconf 80' lang='grc' dir='ltr'>προσοίσουσιν’</span> <span class='ocrx_word' id='word_1_849' title='bbox 2921 5743 2970 5793; x_wconf 91' lang='grc' dir='ltr'>εἰ</span> <span class='ocrx_word' id='word_1_850' title='bbox 3021 5740 3201 5811; x_wconf 82' lang='grc' dir='ltr'>βούλει</span> <span class='ocrx_word' id='word_1_851' title='bbox 3232 5740 3290 5793; x_wconf 80' lang='grc' dir='ltr'>δὲ</span> <span class='ocrx_word' id='word_1_852' title='bbox 3340 5739 3434 5792; x_wconf 79' lang='grc' dir='ltr'>καὶ</span> <span class='ocrx_word' id='word_1_853' title='bbox 3472 5739 3560 5790; x_wconf 80' lang='grc' dir='ltr'>τὸν</span> <span class='ocrx_word' id='word_1_854' title='bbox 3588 5736 3844 5807; x_wconf 75' lang='grc' dir='ltr'>Σαμουὴλ.</span> <span class='ocrx_word' id='word_1_855' title='bbox 3887 5740 4087 5793; x_wconf 67' lang='grc' dir='ltr'>κατὰ</span> 
     </span>
    </p>
   </div>
   <div class='ocr_carea' id='block_1_119' title="bbox 2446 5828 4087 5905">
    <p class='ocr_par' dir='ltr' id='par_1_119' title="bbox 2446 5828 4087 5905">
     <span class='ocr_line' id='line_1_119' title="bbox 2446 5828 4087 5905; baseline -0.013 -3"><span class='ocrx_word' id='word_1_856' title='bbox 2446 5835 2547 5903; x_wconf 68' lang='grc' dir='ltr'><strong>τῆς</strong></span> <span class='ocrx_word' id='word_1_857' title='bbox 2578 5835 2798 5905; x_wconf 80' lang='grc' dir='ltr'>σφαγῆς</span> <span class='ocrx_word' id='word_1_858' title='bbox 2843 5833 2937 5886; x_wconf 69' lang='grc' dir='ltr'>τοῦ</span> <span class='ocrx_word' id='word_1_859' title='bbox 2985 5834 3168 5900; x_wconf 77' lang='grc' dir='ltr'>’Δγαγ</span> <span class='ocrx_word' id='word_1_860' title='bbox 3194 5831 3254 5883; x_wconf 74' lang='grc' dir='ltr'><strong>τὸ</strong></span> <span class='ocrx_word' id='word_1_861' title='bbox 3288 5830 3442 5899; x_wconf 61' lang='grc' dir='ltr'>ξίφος</span> <span class='ocrx_word' id='word_1_862' title='bbox 3468 5830 3771 5902; x_wconf 69' lang='grc' dir='ltr'>βάπτοντα,</span> <span class='ocrx_word' id='word_1_863' title='bbox 3806 5828 3905 5880; x_wconf 70' lang='grc' dir='ltr'>καὶ</span> <span class='ocrx_word' id='word_1_864' title='bbox 3938 5829 4087 5901; x_wconf 69' lang='grc' dir='ltr'>τὴν</span> 
     </span>
    </p>
   </div>
   <div class='ocr_carea' id='block_1_120' title="bbox 772 5924 3264 6002">
    <p class='ocr_par' dir='ltr' id='par_1_120' title="bbox 772 5924 3264 6002">
     <span class='ocr_line' id='line_1_120' title="bbox 772 5924 3264 6002; baseline -0.002 -19"><span class='ocrx_word' id='word_1_865' title='bbox 772 5929 1094 6002; x_wconf 72' lang='grc' dir='ltr'>περιτομὴν,</span> <span class='ocrx_word' id='word_1_866' title='bbox 1132 5926 1223 5981; x_wconf 62' lang='grc' dir='ltr'>καὶ</span> <span class='ocrx_word' id='word_1_867' title='bbox 1267 5925 1333 5979; x_wconf 70' lang='grc' dir='ltr'><strong>τὰ</strong></span> <span class='ocrx_word' id='word_1_868' title='bbox 1380 5926 1605 5995; x_wconf 65' lang='grc' dir='ltr'>σφάγια,</span> <span class='ocrx_word' id='word_1_869' title='bbox 1642 5926 1735 5980; x_wconf 65' lang='grc' dir='ltr'><strong>καὶ</strong></span> <span class='ocrx_word' id='word_1_870' title='bbox 1772 5931 1871 5983; x_wconf 72' lang='grc' dir='ltr'>ὅσα</span> <span class='ocrx_word' id='word_1_871' title='bbox 1905 5928 1967 5997; x_wconf 75' lang='grc' dir='ltr'>τῇ</span> <span class='ocrx_word' id='word_1_872' title='bbox 2013 5926 2333 5999; x_wconf 78' lang='grc' dir='ltr'>παλαιότητι</span> <span class='ocrx_word' id='word_1_873' title='bbox 2379 5930 2730 6001; x_wconf 79' lang='grc' dir='ltr'>πραττόμενα</span> <span class='ocrx_word' id='word_1_874' title='bbox 2754 5927 2887 5991; x_wconf 83' lang='grc' dir='ltr'>τέως</span> <span class='ocrx_word' id='word_1_875' title='bbox 2914 5924 3264 5997; x_wconf 76' lang='grc' dir='ltr'>ὲγνωρίζετο.</span> 
     </span>
    </p>
   </div>
  </div>
