4182 6428
167 445 238 508 Ei?-

1580 440 1818 502 EPlS’l‘l
1830 441 1992 500 H.515.

3287 429 3392 493 218

225 559 372 612 Ἀλλὰ
403 559 513 630 γᾶρ
544 560 757 614 πολλῶν
785 561 877 613 καὶ
898 561 1074 616 ἄλλων
1101 559 1437 631 προσόντων,
1465 559 1501 615 ἃ
1532 559 1702 630 ρηθῆ-
1730 575 1744 612 Δ

1876 559 2012 612 Cum
2047 566 2227 610 autem
2261 553 2430 609 multa
2473 553 2577 607 alia
2627 557 2952 604 succurrant
3006 562 3129 615 qua:
3159 547 3223 600 ad
3265 561 3382 600 rem

167 651 564 721 ναιήύπόθεσις
611 653 888 721 ἐπιζητεῖ,
927 650 1157 705 πλεῖστα
1204 647 1358 720 οἶμαι
1404 652 1499 704 καὶ
1535 650 1708 703 ταῦτα

166 745 230 796 διὰ
249 743 296 794 τὸ
330 743 507 813 μῆκος
534 742 628 796 τοῦ
662 748 1013 815 γράμματος.
1048 744 1307 811 Ἀφὲντες
1341 739 1433 798 οὖν
1467 742 1528 796 τὺ
1549 740 1709 794 πλέον

166 834 384 900 τιλέγειν
414 835 542 902 περὶ
572 836 800 898 τούτων,
826 835 1002 888 ἐκεῖνό
1028 852 1207 904 φαμεν
1232 849 1247 865 ο
1299 833 1707 904 Ἒπιστράφητε

171 923 273 990 προς
300 923 550 988 ἑαυτοὺς,
592 926 814 993 ἀδελφοὶ
856 927 1200 994 τιμιώτατοι,
1251 927 1346 980 καὶ
1384 927 1494 979 τῶν
1535 943 1710 996 πραχ-

169 1014 327 1066 θέντων
365 1015 426 1069 τὸ
469 1017 783 1088 παράλογον
806 1019 1267 1087 κατανοήσαντες,
1298 1018 1392 1070 καὶ
1430 1019 1527 1086 τῆς
1575 1018 1709 1086 πρὸς

169 1107 292 1174 χᾶριν
336 1108 698 1178 ἀνθρωπίνης
729 1111 1046 1180 οἰκονομίας
1092 1111 1247 1180 ὑμῶν
1297 1110 1371 1173 ὼς
1401 1110 1711 1181 ἀσχήμονος

170 1201 522 1267 καταγνόντες,
550 1200 612 1253 τὸ
638 1204 849 1271 πρέπον
876 1201 972 1255 καὶ
1002 1203 1130 1271 ὑμῖν
1165 1203 1348 1263 αὐτοῖς
1378 1203 1711 1272 φρονήσατε,

171 1293 241 1344 καὶ
279 1291 334 1347 τὸ
371 1293 511 1362 πρὸς
545 1295 714 1366 τιμὴν
762 1295 1040 1350 διαϐαῖνον
1088 1296 1188 1365 τῆς
1234 1295 1563 1365 Ἐκκλησίας
1620 1293 1713 1347 καὶ

169 1384 244 1452 τῆς
277 1385 380 1436 τῶν
411 1386 755 1456 Χριστιανῶν
800 1387 1151 1456 σεμνότητος.
1183 1387 1275 1458 Μὴ
1318 1387 1376 1440 δὲ
1412 1385 1712 1456 βουληθῆτε

169 1479 384 1542 Τενίσθαι
435 1479 708 1550 διήγημα,
745 1481 822 1540 ὠς
865 1481 1130 1546 Ῥωμαῖοι
1167 1483 1541 1553 τειτραγαμίαν
1579 1499 1716 1551 προ-

171 1568 300 1634 φάσει
323 1569 612 1638 βασιλικῆς
633 1573 854 1642 χάριτος
875 1575 954 1634 εἷς
977 1572 1038 1625 τὸ
1060 1573 1166 1625 τῶν
1191 1573 1535 1640 Χριστιανῶν
1562 1575 1712 1640 ἅγιον

170 1657 292 1719 ἔθνος
331 1660 668 1728 εἰσήγαγονο
715 1661 894 1714 οἴδατε
943 1663 1053 1734 γὰρ
1090 1663 1162 1726 ὡς
1203 1663 1356 1729 ὀξεῖα
1398 1663 1491 1716 τοῦ
1539 1663 1712 1718 κακοῦ

172 1750 360 1820 ήφορὰ,
424 1753 518 1804 καὶ
557 1753 735 1823 ἀρχὴν
778 1754 1018 1809 λαϐοῦσα
1053 1757 1289 1826 μάλιστα
1322 1759 1386 1809 ἐκ
1410 1758 1712 1828 δυνάμεως,

169 1843 240 1898 καὶ
280 1843 391 1897 τότε
439 1846 709 1915 τοσαύτης
737 1847 796 1899 οὐ
847 1847 1045 1919 ῥαδίως
1093 1849 1516 1903 ἀνακόπτεσθαι.
1560 1849 1715 1903 Οὕτω

1819 653 2044 715 faciunt,
2078 661 2257 704 tamen
2310 663 2377 700 ne
2410 644 2808 711 scripsiuncnla
2854 646 2966 696 hare
2993 640 3142 710 justo
3173 639 3388 708 longius

1816 743 2180 805 extendatur,
2243 740 2333 793 hic
2386 734 2793 790 subsistendum
2853 733 3083 787 videtur.
3153 728 3390 784 Omissis

1819 838 1983 905 igitur
2007 849 2130 904 quae
2161 832 2340 887 adhuc
2373 830 2478 884 dici
2512 838 2762 897 possunt,
2800 824 3021 879 nonnisi
3051 824 3154 878 hoc
3195 821 3338 876 addo
3377 838 3391 874 :

1819 926 2094 982 Attendite
2133 925 2198 978 ad
2246 939 2340 977 vos
2388 923 2555 991 ipsos,
2611 919 2802 973 fratres
2841 904 3302 976 reverendissimi,
3337 920 3393 967 et

1821 1033 2010 1073 eorum
2061 1031 2184 1086 quae
2231 1019 2529 1067 evenerunt
2579 1009 2970 1063 absurditatem
3007 1005 3396 1071 intelligentes.

1821 1123 1872 1166 et
1905 1127 1966 1166 ea
1999 1125 2120 1178 quae
2143 1110 2196 1162 in
2234 1109 2463 1177 gratiam
2500 1102 2784 1175 potestatis
2817 1100 3272 1156 bnmanaaillicite
3301 1098 3402 1152 ad-

1824 1204 2050 1259 misistis
2101 1201 2492 1270 reprobantes,
2542 1207 2707 1264 atque
2763 1203 2949 1248 curate
3015 1193 3206 1248 sedulo
3268 1205 3391 1260 quae

1823 1297 1978 1351 vobis
2048 1293 2348 1348 lionoriflca
2401 1300 2548 1356 sunt,
2601 1299 2654 1344 et
2701 1287 2960 1342 Ecclesia:
3005 1301 3067 1340 ae
3118 1285 3402 1353 religionis

1823 1384 2134 1440 christiana:
2177 1382 2403 1453 gloriam
2466 1386 2811 1449 promovent.
2859 1375 3038 1430 Nolite
3084 1376 3402 1442 permittere

1825 1489 1884 1533 ut
1911 1477 2154 1530 omnium
2187 1473 2553 1529 traducamini
2575 1487 2696 1536 ore,
2732 1470 2888 1540 quasi
2915 1467 3142 1521 Romani
3177 1467 3241 1521 ad
3271 1481 3402 1534 cap-

1825 1569 2047 1626 tandum
2085 1567 2427 1638 imperatoris
2485 1564 2722 1618 favorem
2774 1573 3028 1632 quartum
3063 1557 3400 1614 connubium

1824 1667 1880 1719 in
1954 1672 2204 1718 sanctum
2263 1659 2696 1714 Christianorum
2771 1663 2974 1709 emtum
3049 1650 3400 1710 invexerint,

1825 1754 2096 1824 siquidem
2157 1753 2292 1806 bene
2335 1751 2505 1804 nostis
2538 1756 2744 1820 quanto
2776 1747 2980 1815 impetu
3014 1759 3078 1798 ac
3107 1741 3405 1810 rapiditate

1825 1848 2027 1904 malum
2077 1845 2302 1907 feratur,
2359 1853 2521 1911 atque
2576 1851 2862 1910 postquam
2925 1854 2952 1892 a
3002 1831 3404 1904 potentioribus

172 1935 245 1984 καὶ
272 1937 540 2006 τριγαμία
571 1939 629 1990 ἐν
661 1914 972 2010 ἀνθρώποις
1023 1941 1200 2011 ἀρχὴν
1240 1942 1398 1995 ἔλαϐε
1447 1943 1725 1995 πολιτεύε-

1835 1941 2096 2011 originem
2147 1939 2323 2003 duxit,
2379 1951 2485 1989 non
2548 1935 2703 1988 facile
2766 1929 3032 2000 supprimi
3067 1934 3252 1998 queat.
3315 1922 3411 1976 Sic

171 2023 288 2083 σθπι,
321 2026 684 2097 συνεχωρήθη
745 2028 881 2097 πρὸς
935 2029 1097 2100 χάριν
1136 2031 1275 2092 ἐνὸς,
1332 2033 1426 2084 καὶ
1469 2031 1726 2102 δεύτερος

168 2112 270 2184 ἦλθε
310 2121 386 2181 εἰς
437 2119 693 2188 μίμησιν,
733 2121 828 2172 καὶ
868 2121 1031 2174 πάλιν
1063 2123 1245 2186 ἄλλος,
1284 2124 1379 2175 καὶ
1418 2123 1592 2187 οὕτως
1636 2125 1728 2177 ἐπὶ

169 2207 425 2273 πλείστους
449 2209 678 2264 διελθὼν
703 2213 784 2276 εἰς
821 2215 1068 2285 πονηρὰν
1097 2217 1342 2286 κατέστη
1373 2217 1450 2288 τῷ
1476 2217 1577 2288 βίῳ
1602 2235 1729 2271 συν-

170 2301 353 2368 ήθειαν.
386 2303 479 2372 Μὴ
518 2303 614 2357 οὖν
674 2305 1014 2376 ἀνάσχησθε,
1046 2308 1226 2362 καίτοι
1258 2310 1601 2381 γεγηρκυίας
1631 2315 1728 2382 τῆς

170 2392 489 2466 ἀνθρωπίνης
534 2398 775 2463 φύσεως,
817 2399 909 2452 τὸν
959 2399 1108 2465 ξένον
1156 2401 1345 2456 τοῦτον
1401 2404 1581 2473 γάμον
1632 2407 1727 2459 καὶ

168 2485 418 2556 ἀλλότριον
451 2487 552 2542 τοῦ
585 2490 800 2556 γένους,
852 2491 1061 2557 διδάξαι
1100 2495 1272 2565 αὑτήν
1299 2512 1314 2528 ⁸
1351 2496 1426 2566 μὴ
1465 2499 1520 2551 δὲ
1549 2500 1726 2553 τοιού-

166 2591 239 2628 του
283 2579 481 2648 μικροῦ
543 2581 891 2650 πράγματος,
940 2584 1017 2648 ὡς
1065 2587 1330 2653 γεγόνατε
1389 2588 1724 2656 διδάσκαλοι,

164 2667 226 2736 τῷ
252 2669 344 2736 βίῳ
372 2671 737 2726 καταλίποιτε
770 2673 978 2744 ὄνομαο
1010 2676 1128 2729 ἀλλ’
1157 2678 1313 2732 αὐτοὶ
1344 2680 1572 2746 ἑαυτοὺς
1598 2685 1727 2739 ἐπα-

165 2758 470 2829 νορθώσατε.
507 2762 585 2815 Οὐ
617 2765 729 2835 γὰρ
757 2766 916 2836 φέρει
963 2767 1287 2838 αἰσχύνηνή
1327 2769 1437 2823 τῶν
1473 2773 1626 2842 παρὰ
1665 2776 1725 2827 τὸ

165 2852 263 2958 δίον
294 2856 646 2926 γεγενημένη
679 2857 1077 2928 ἐπανόρθωσις.
1113 2860 1316 2929 μᾶλλον
1369 2861 1470 2930 μὲν
1498 2861 1590 2914 οὖν
1630 2867 1724 2918 καὶ

167 2951 355 3001 σύνεσιν
383 2952 833 3019 προσμαρτυρεῖ,
875 2951 971 3004 καὶ
995 2951 1203 3021 ἀρετῆς
1229 2951 1431 3024 ἔρωτα,
1458 2955 1552 3007 καὶ
1591 2959 1724 3027 τιμᾷ

161 3038 240 3106 οὔχ
285 3039 501 3109 ὑϐρίζει
539 3042 667 3105 τοὺς
716 3040 860 3094 οὕτω
913 3045 1351 3114 πεφρονηκότας.
1403 3046 1580 3120 Ὅπερ
1629 3051 1724 3101 καὶ

164 3131 284 3198 ὑμᾶς
319 3131 472 3196 ἄξιον
517 3133 790 3203 φρονῆσαι
846 3135 1085 3203 μάλιστα
1123 3137 1234 3189 τῶν
1275 3139 1620 3208 πραγμάτων
1664 3141 1724 3207 ἐξ

1831 2035 1994 2090 etiam
2051 2031 2276 2087 tertium
2316 2027 2650 2082 connubinm
2711 2025 2852 2077 inter
2901 2021 3148 2076 homines
3200 2013 3411 2070 invale-

1833 2141 1986 2182 scere
2027 2125 2214 2193 cmpit.
2271 2121 2568 2188 Postquam
2613 2119 2666 2170 in
2723 2116 2884 2169 unius
2933 2114 3160 2182 gratiam
3205 2107 3411 2162 admiso

1834 2234 1951 2274 smn
1985 2217 2181 2277 fuerat,
2232 2213 2506 2269 secundus
2563 2210 2721 2280 primi
2791 2206 3098 2276 exemplum
3164 2202 3409 2256 imitatus

1832 2320 1940 2375 est,
1973 2318 2026 2363 et
2059 2306 2254 2363 deinde
2281 2305 2443 2367 alius,
2469 2303 2540 2356 ita
2575 2312 2633 2357 ut
2661 2301 2816 2370 quasi
2854 2314 2947 2364 per
2973 2297 3251 2352 traducem
3284 2306 3411 2360 pro—

1830 2411 2122 2475 pagaretur
2149 2409 2203 2455 et
2230 2399 2345 2470 jam
2379 2397 2437 2468 in
2461 2409 2680 2464 pravam
2707 2389 3159 2447 consuetudinem
3198 2384 3413 2440 abierit.

1830 2498 2030 2554 Cavete
2055 2494 2220 2564 igitur
2264 2507 2351 2552 ne,
2385 2487 2638 2560 quamvis
2676 2496 2869 2540 natura
2914 2484 3154 2538 humana
3195 2477 3263 2533 ad
3308 2475 3413 2530 hoc

1829 2582 2324 2644 extraordinarium
2374 2577 2821 2644 humanitateque
2880 2571 3165 2642 indignant
3224 2566 3414 2622 matri-

1830 2683 2074 2740 monium
2105 2678 2351 2742 inclinet,
2383 2673 2636 2730 doctrina
2675 2679 2856 2724 vestra
2889 2667 3019 2721 illud
3056 2660 3408 2720 commende-

1829 2780 1923 2840 tis,
1951 2787 2132 2844 neque
2163 2770 2324 2826 talem
2357 2783 2470 2822 rem
2498 2773 2714 2835 turpem
2740 2761 2896 2816 vobis
2929 2755 3206 2827 magistris
3232 2751 3406 2823 origi-

1829 2883 1952 2922 nem
1983 2841 2176 2919 dcbere
2208 2877 2238 2916 a
2267 2856 2589 2930 posteritate
2617 2853 2722 2908 dici
2754 2859 2941 2922 queat,
2973 2847 3067 2904 sed
3099 2846 3166 2900 ad
3189 2841 3412 2898 meliora

1830 2976 1929 3015 vos
1965 2957 2288 3012 convertite.
2326 2947 2651 3020 Huiusmodi
2687 2945 2831 3001 enim
2866 2938 3154 2996 conversio
3191 2950 3311 3007 qua:
3343 2933 3410 2988 ad

1823 3049 2094 3118 justitiam
2148 3048 2227 3108 lit,
2272 3052 2484 3099 tantum
2523 3039 2676 3094 abest
2725 3043 2784 3089 ut
2818 3031 2974 3088 nobis
3011 3030 3083 3086 sit
3119 3034 3410 3083 contume-

1829 3142 1968 3199 liosa
1989 3182 2004 3207 ,
2039 3149 2099 3195 ut
2131 3140 2296 3193 etiam
2336 3133 2631 3205 prudentes
2661 3126 2988 3196 virtutisque
3023 3127 3272 3177 amantes
3305 3131 3407 3171 nos

162 3224 349 3297 ἀπάτης
379 3227 481 3278 καὶ
538 3227 880 3296 κακουργίας
916 3229 1017 3297 τὴν
1061 3227 1296 3298 ὓπαρξιν
1336 3229 1632 3298 λαϐόντων,
1663 3238 1729 3306 ἢν

169 3318 180 3336 .
234 3322 253 3333 .
328 3321 341 3336 .
565 3321 619 3336 ..
978 3323 988 3336 ,
1247 3325 1260 3336 .
1317 3323 1330 3336 .
1367 3324 1386 3336 η
1480 3325 1491 3336 .
1543 3327 1595 3336 --
1719 3333 1730 3336 -

1836 3250 1956 3291 esse
2006 3233 2363 3290 demonstret,
2405 3223 2672 3295 siquidem
2727 3235 2823 3275 cos
2875 3217 2970 3287 qui
3029 3213 3109 3269 sic
3153 3209 3418 3274 sentiunt,

2070 3325 2082 3336 -
2285 3319 2297 3336 I
2334 3322 2345 3336 ι
2381 3331 2537 3336 -μ---
2573 3312 2726 3336 ,ΜΑΞι
2790 3310 2879 3336 πη·
2907 3316 3088 3336 ..ηιωνι
3124 3318 3186 3336 ΔΛ
3212 3301 3383 3336 Μυλαῖς

162 3318 280 3386 ὑμᾶς
315 3321 790 3389 ἀποκρυψάμενοι
847 3323 1207 3392 παρήνεγκαν
1243 3323 1330 3392 ἐφ’
1364 3324 1399 3377 ἃ
1433 3325 1508 3396 μὴ
1541 3327 1650 3381 ἔδει
1684 3301 1734 3384 οἱ

1835 3343 1941 3381 non
1977 3325 2183 3395 pudore
2207 3319 2298 3375 sed
2334 3322 2540 3373 honore
2571 3312 2758 3369 allicit.
2790 3310 2888 3364 Est
2907 3316 3088 3362 autem
3123 3318 3187 3358 eo
3212 3301 3414 3371 magis,

159 3408 305 3463 ταῦτα
335 3412 708 3481 σκεψάμενοι.
744 3414 854 3468 Καὶ
884 3414 1202 3484 θαυμαστὸν
1227 3416 1402 3484 οὐδὲν,
1440 3421 1488 3473 εί
1516 3420 1730 3495 ἄνθρω-

160 3518 233 3554 ποι
256 3503 426 3568 ὄντες,
461 3504 536 3558 δι’
567 3507 785 3577 ἀπάτης
837 3507 1110 3579 ὲσφάλητε
1147 3510 1285 3564 ἀλλὰ
1315 3511 1476 3566 τοῦτο
1522 3513 1736 3586 θαυμαη

162 3595 264 3647 στὸν
295 3598 527 3664 μᾶλλον,
569 3601 616 3651 εἰ
645 3599 843 3664 ἄλλους
869 3603 1341 3674 ἐπαγγελλόμενοι
1364 3607 1736 3677 διορθοῦσθαι,

162 3688 220 3786 μὴ
249 3687 311 3740 τὰ
348 3688 582 3756 εὐαγῶς
616 3690 744 3758 ὑμῖν
778 3693 1146 3763 πεπραγμένα
1185 3695 1284 3765 τῆς
1315 3699 1572 3768 τοιαύτης
1605 3717 1739 3770 προ-

158 3777 281 3838 νοίας
322 3777 746 3849 καταξιώσητε.
791 3782 961 3835 Τοῦτο
993 3783 1048 3836 δὲ
1101 3785 1320 3848 πάντως
1351 3789 1734 3858 προνοηθήσε-

155 3887 226 3922 ται
252 3873 380 3940 ὑμῖν
432 3873 837 3943 ἀθετουμένων
880 3875 974 3926 καὶ
1007 3877 1425 3946 ἁκυρουμένων,
1461 3879 1561 3932 καὶ
1599 3881 1734 3932 ἁναο

158 3962 328 4034 θέματι
353 3967 905 4036 παραπεμπομένων
929 3967 1038 4020 τῶν
1066 3971 1484 4038 προγεγονότων
1510 3972 1610 4024 καὶ
1635 3974 1744 4026 τῶν

155 4057 562 4125 εἰσαγαγόντων
592 4061 693 4129 τὴν
729 4058 838 4112 τῶν
865 4061 1180 4114 σκανδάλων
1212 4062 1395 4116 αἰτίαν
1419 4064 1501 4127 εἰς
1525 4065 1622 4134 τὴν
1651 4065 1743 4118 τοῦ

155 4145 268 4202 Θεοῦ
311 4149 692 4218 Ἐκκλησίαν,
726 4151 820 4202 καὶ
852 4151 994 4221 ὑμᾶς
1025 4155 1159 4222 πρὸς
1204 4152 1444 4223 μέμψεις
1477 4155 1745 4223 τηλικαὺ-

155 4255 237 4300 τας
263 4242 619 4296 ὲλασὰντων.

1839 3403 1899 3474 ιιι
1930 3432 2030 3472 vos
2062 3415 2144 3470 sic
2188 3409 2459 3472 sentiatis,
2500 3403 2829 3476 optandum,
2883 3414 2988 3470 quo
3037 3395 3238 3453 certius
3284 3407 3418 3447 con-

1839 3522 1947 3569 Slal
1974 3521 2142 3566 totam
2181 3507 2320 3562 hanc
2355 3517 2466 3558 rem
2504 3517 2534 3555 a
2570 3497 2762 3554 fraude
2793 3506 2845 3550 et
2876 3487 3260 3548 malevolentia
3303 3485 3416 3538 ori-

1840 3606 2020 3674 ginem
2085 3600 2352 3660 duxisse,
2415 3590 2856 3664 quandoquidem
2911 3586 2984 3640 illi
3039 3582 3238 3652 quibus
3293 3579 3410 3632 lia-c

1847 3693 2001 3750 cordi
2037 3691 2216 3754 fuere,
2245 3702 2342 3742 vos
2372 3685 2576 3740 inscios
2607 3682 2673 3736 ad
2701 3678 2854 3734 nefas
2892 3677 3288 3746 pertraxerunt.
3311 3667 3423 3721 Nec

1842 3787 2068 3846 mirum,
2108 3780 2253 3852 quod
2285 3807 2354 3818 —-
2383 3792 2489 3845 qua
2527 3771 2777 3828 homines
2804 3767 2937 3824 estis
2965 3796 3032 3808 --
3057 3779 3150 3834 per
3175 3758 3419 3816 fallacias

1843 3881 1896 3935 in
1922 3893 2161 3934 errorem
2199 3871 2518 3934 cecidistis;
2568 3866 2738 3935 magis
2788 3873 2969 3917 autem
3027 3859 3224 3912 mirum
3259 3853 3420 3911 foret.

1846 3973 1915 4038 si,
1947 3971 2075 4026 dum
2122 3968 2257 4022 alios
2291 3966 2344 4019 in
2384 3971 2584 4017 rectam
2619 3959 2761 4012 viam
2795 3955 3032 4017 dirigere
3087 3945 3422 4021 promittitis,

1843 4078 1972 4132 erga
2007 4076 2104 4116 vos
2139 4061 2287 4129 ipsos
2319 4057 2419 4111 hoc
2473 4051 2707 4108 oll‘n-ium
2757 4043 3123 4118 negligeretis.
3164 4037 3270 4094 Sed
3310 4051 3427 4090 om-

1846 4156 1976 4208 nino
2005 4150 2302 4219 fungemini
2345 4151 2447 4202 hoc
2495 4143 2694 4204 officio,
2744 4142 2789 4196 si
2834 4155 2896 4195 ea
2940 4152 3063 4207 qua:
3102 4131 3423 4189 acciderunt

1844 4259 1896 4300 et
1943 4241 2258 4315 bnjusmodi
2323 4238 2566 4296 scandali
2617 4250 2837 4291 causam
2884 4232 2936 4285 in
2989 4227 3289 4282 Ecclesiam
3329 4222 3425 4282 Dei

154 4333 448 4401 Injecerunt
486 4353 706 4406 vosque
759 4338 825 4392 ad
873 4337 1002 4392 talia
1043 4339 1181 4393 facta
1257 4339 1610 4410 vituperanda
1687 4340 2082 4412 perduxerunt,
2141 4346 2398 4405 tanquam
2482 4331 2634 4386 irrita
2685 4323 3032 4382 aboleveritis
3077 4330 3132 4376 et
3205 4318 3429 4372 anathe-

153 4435 272 4480 mate
301 4427 730 4498 percusseritis.

206 4522 457 4586 τοῦτο,δέ
493 4538 691 4590 φαμεν
721 4521 781 4574 οὐ
817 4522 948 4590 περὶ
991 4521 1085 4574 τοῦ
1113 4522 1280 4575 καλοῦ
1329 4523 1619 4594 βασιλέως,
1662 4523 1737 4596 μὴ
1777 4530 1818 4584 Ι)

151 4612 371 4680 τένοιτοί
403 4613 540 4667 οὐδὲ
576 4614 709 4680 περὶ
739 4613 830 4664 τοῦ
873 4613 1143 4684 ὑμετέρου
1172 4614 1442 4685 προέδρου
1485 4615 1738 4686 Σεργίου,

150 4707 240 4758 oio‘
265 4707 351 4758 ἶνα
384 4708 614 4757 ἐκεῖνοι
660 4705 739 4773 τῷ
773 4705 1079 4774 ἀναθέματι
1114 4707 1610 4777 παραπέμποιντοο
1643 4709 1744 4780 ἤδη

152 4799 240 4867 γὰρ
260 4801 424 4868 χεῖρα
461 4795 848 4864 ὲπορέξαντος
871 4797 1007 4850 Θεοῦ
1032 4797 1110 4867 τῷ
1143 4797 1293 4868 καλῴ
1323 4799 1554 4868 βασιλεῖ,
1583 4801 1746 4864 αὐτὸς

158 4891 271 4958 πρὸς
310 4890 371 4942 τί,
401 4890 576 4950 τέλος
616 4888 715 4956 τῆς
751 4887 896 4958 ζωῆς
927 4888 1192 4956 γεγονὼς,
1235 4891 1330 4942 καὶ
1359 4891 1452 4943 τοῦ
1481 4891 1747 4960 κατακρί-

158 4996 302 5048 tuto;
357 4983 461 5036 καὶ
523 4978 630 5034 τοῦ
677 4979 1044 5050 ἁναθέματος,
1084 4981 1425 5051 πεποίθαμεν
1472 4987 1537 5054 τῇ
1587 4984 1744 5056 θεῖκῇ

152 5076 409 5146 εὐμενείᾳ,
459 5075 576 5144 τὴν
631 5073 811 5143 φυγὴν
842 5073 1020 5144 ἑαυτῷ
1073 5075 1524 5146 περιπεποίηται,
1556 5078 1617 5128 τὸ
1647 5077 1746 5146 μὲν

155 5170 327 5223 οἰκεῖον
354 5170 700 5239 ἁμάρτημα
718 5167 998 5234 ἐπιγνοὺς,
1035 5165 1371 5238 συγγνώμην
1388 5167 1443 5220 δὲ
1475 5170 1569 5219 καὶ
1591 5167 1745 5220 λύσιν

152 5264 227 5324 τῆς
254 5262 580 5330 καταδίκης
623 5259 1074 5329 ἐξαιτητάμενος,
1186 5259 1316 5329 παρ’
1349 5259 1504 5327 ἡμῶν
1543 5259 1742 5312 ὑποδέ-

154 5352 313 5423 Cirta,
333 5359 432 5408 καὶ
457 5352 717 5411 ἀποδοὺς
747 5353 839 5402 καὶ
854 5353 984 5420 ἡμῖν
999 5351 1060 5403 τὸ
1076 5352 1328 5421 ποίμνιον
1347 5351 1406 5416 ἐξ
1422 5344 1592 5421 οὗπερ
1614 5351 1746 5419 ἠλά-

153 5441 320 5512 θημεν,
357 5446 459 5498 καὶ
517 5443 714 5497 πάντα
738 5443 1010 5512 διοικῆσαι
1039 5443 1174 5512 ἡμῖν
1195 5441 1515 5510 ἐπιτρέψας,
1554 5440 1737 5503 καθὼς

157 5538 454 5607 συνορῶμεν
509 5537 624 5590 καὶ
655 5533 774 5602 Θεῷ
809 5536 1068 5605 ἀρέσκον,
1099 5536 1194 5587 καὶ
1226 5536 1337 5598 τοῖς
1360 5534 1523 5597 θείοις
1581 5533 1744 5604 ἱεροῖς

158 5633 346 5684 κανόσιν
383 5631 698 5703 ἁρμόδιον.
760 5627 870 5680 Καὶ
918 5625 1013 5680 τοῦ
1057 5628 1329 5698 ὑμετέρου
1365 5627 1422 5679 δὲ
1476 5626 1742 5696 προέδρου

164 5719 226 5771 δὸν
253 5722 362 5792 βίον
415 5721 720 5781 λιπόντος,
765 5720 858 5770 καὶ
909 5717 988 5788 τῷ
1030 5719 1236 5789 πρώτῳ
1271 5717 1367 5771 καὶ
1399 5718 1623 5787 μεγάλῳ
1653 5717 1744 5768 τὶν

161 5807 286 5878 λόγον
336 5813 444 5884 τῆς
505 5808 699 5867 αὐτοῦ
749 5809 1067 5880 οἰκονομίας
1123 5809 1420 5879 ὑπέχοντος
1471 5809 1740 5879 ἀρχιερεῖ,

168 5902 351 5980 ἀπόχρη
386 5913 581 5977 τούτῳ
615 5903 712 5956 καὶ
748 5901 914 5973 χωρὶς
939 5901 1034 5973 τῆς
1075 5900 1307 5956 ἐνταῦθα
1346 5900 1436 5954 καὶ
1464 5900 1739 5973 ἀνθρωπί-

1920 4519 2034 4575 Hoc
2063 4528 2244 4572 autem
2284 4531 2390 4569 non
2423 4512 2657 4567 dicimus
2694 4509 2761 4562 de
2807 4505 2977 4576 probo
3008 4504 3335 4572 imperatore
3359 4527 3430 4538 -—

1849 4612 1993 4682 quod
2017 4611 2157 4664 Dens
2173 4617 2383 4662 avertat
2405 4606 2418 4660 l
2444 4618 2703 4670 —-neqne
2735 4601 2801 4652 de
2824 4607 3001 4651 vestro
3028 4595 3428 4663 prmdecessore

1854 4705 2085 4774 Sergio,
2137 4710 2197 4756 ut
2247 4699 2593 4754 anathemate
2641 4693 2928 4748 feriantur.
2979 4685 3133 4753 Quod
3181 4684 3326 4738 enim
3365 4684 3430 4737 ad

1852 4795 2055 4853 bunum
2103 4797 2490 4862 imperatorem
2529 4789 2740 4850 attinnt,
2788 4785 2900 4854 jam
2943 4781 3144 4835 divinis
3175 4777 3317 4832 ulnis
3346 4791 3432 4829 re-

1849 4899 2038 4959 erptus
2063 4887 2129 4942 ad
2160 4889 2320 4940 linem
2357 4884 2480 4937 vita!
2513 4879 2778 4948 pervenit,
2806 4886 2855 4930 et
2889 4870 3350 4930 condemnatione
3378 4877 3431 4920 et

1849 4982 2196 5036 anathemate
2230 4975 2532 5032 secundum
2587 4972 2676 5026 Dei
2729 4966 3146 5037 benignitatem,
3196 4961 3271 5014 nti
3311 4974 3432 5014 erce

1847 5076 1975 5128 dere
2023 5071 2106 5126 fas
2156 5082 2260 5135 est,
2297 5066 2581 5122 absolutus
2641 5061 2847 5132 pecrati
2887 5057 2971 5113 sui
3029 5054 3131 5109 sibi
3171 5051 3430 5108 conscius

1849 5165 2024 5221 factus
2050 5172 2133 5219 est
2157 5171 2319 5234 atque
2348 5158 2560 5214 veniam
2592 5153 3035 5218 solutionemque
3065 5141 3431 5200 damnationis

1847 5264 1934 5317 cui
1967 5277 2093 5316 eum
2145 5259 2580 5328 subjeceramus,
2617 5250 2873 5322 precibus
2899 5247 3015 5300 suis
3043 5241 3297 5298 obtinuit.
3336 5236 3430 5289 Et-

1846 5352 1991 5407 enim
2016 5358 2069 5404 et
2097 5327 2297 5403 emtum
2324 5361 2352 5399 a
2385 5359 2493 5414 quo
2509 5342 2715 5406 depulsi
2739 5351 2978 5398 eramus,
3001 5332 3157 5387 nobis
3179 5327 3430 5386 reddidit.

1846 5451 1900 5495 et
1923 5439 2109 5494 omnia
2153 5437 2230 5491 uti
2265 5449 2363 5490 nos
2410 5433 2518 5488 Deo
2570 5433 2782 5502 placere
2816 5437 2870 5482 et
2916 5423 3089 5481 sacris
3121 5420 3428 5478 canonibus

1845 5529 2136 5585 convenire
2163 5527 2624 5586 existimaremus,
2658 5522 2950 5576 instituere
2991 5526 3157 5586 atque
3192 5511 3432 5568 admini-

1848 5634 2023 5677 strare
2055 5619 2325 5692 permisit.
2351 5616 2544 5673 Vester
2562 5625 2744 5670 autem
2779 5614 3144 5684 przedecessor
3171 5622 3295 5662 cum
3313 5605 3424 5673 jam

1847 5727 1912 5765 ex
1947 5713 2048 5767 hac.
2083 5711 2190 5764 vita
2221 5707 2556 5772 discesserit,
2588 5705 2852 5774 primario
2887 5719 2949 5757 ac
2987 5714 3205 5757 summo
3237 5695 3389 5767 ponti

1851 5801 1933 5856 fici
1993 5801 2492 5856 administrationis
2560 5813 2671 5852 suae
2721 5796 2991 5851 rationem
3059 5790 3424 5852 redditurus,

1852 5893 2167 5966 neutiquam
2207 5908 2344 5965 Opus
2392 5901 2477 5949 cst
2517 5897 2572 5947 ut
2623 5889 2739 5945 hxc
2784 5887 2952 5944 multa
2989 5887 3226 5941 humana
3259 5880 3306 5937 ei
3338 5879 3423 5933 iu-
