4182 6428
719 387 824 452 219

1852 387 2161 449 NICOLAI
2199 386 2311 447 ΕΡ.
2353 385 2870 447 PATRIARCILE

3882 385 3997 450 220

720 501 957 571 ﬂigatur.
1023 499 1266 569 Uterque
1330 497 1497 566 igitur
1563 495 1930 561 eximendus,
1987 512 2016 551 a
2077 496 2334 567 reliquis

2438 515 2505 568 ης
2558 498 2966 566 ὑποτιμήσεως.
3004 495 3167 549 Ὥστε
3222 493 3441 559 τούτους
3495 491 3597 560 μὶν
3652 494 3990 565 ὶξαιρετιίον-

724 600 902 646 autem
934 591 1026 662 qui
1070 593 1374 646 etiamnum
1429 598 1724 659 supersunt
1756 603 1974 661 pinnam
2023 605 2189 659 quant
2223 591 2306 643 in-

725 689 1036 743 currerunt,
1081 679 1341 749 expetite.
1397 678 1611 732 Etenim
1648 695 1757 734 non
1806 680 1984 734 solum
2018 696 2118 735 nos
2153 681 2307 735 vobis

727 771 1046 840 scripsimus
1093 785 1201 839 qua
1260 770 1529 840 pravitate
1570 769 1653 823 usi
1701 770 1965 835 fuerunt,
2019 770 2110 824 sed
2143 773 2306 825 etiam

730 876 979 915 summus
1027 861 1343 930 Christique
1398 876 1591 915 amans
1645 861 1941 931 imperator
1975 863 2040 915 ad
2072 872 2307 916 vestram

732 956 982 1010 notitiam
1036 954 1260 1023 perferri
1303 954 1475 1023 jussit
1507 970 1850 1024 qumcunque
1880 956 2070 1010 dolose
2101 956 2310 1008 machi-

730 1047 843 1100 nati
880 1057 1029 1105 sunt.
1061 1047 1132 1099 ita
1166 1056 1223 1099 ut
1255 1046 1388 1100 nihil
1429 1062 1525 1101 vos
1558 1047 1727 1100 latere
1755 1047 1930 1116 possit
1966 1062 2155 1101 eorum
2189 1062 2312 1114 ιιιιιο

732 1139 981 1193 mendaci
1021 1139 1268 1203 iartilicio
1325 1148 1673 1209 peregerunt,
1724 1155 1849 1195 cum
1904 1139 2133 1193 illustris
2169 1139 2314 1193 illius

736 1233 997 1297 magister
1026 1244 1075 1285 et
1120 1247 1239 1301 qure
1274 1234 1412 1286 mala
1456 1234 1638 1286 animo
1673 1234 2062 1302 conceperint,
2101 1243 2154 1287 et
2194 1249 2315 1303 qua:

735 1326 917 1394 pejora
939 1328 1098 1380 etiam
1128 1327 1350 1396 scriptis
1379 1326 1775 1395 evulgaverint,
1804 1328 1957 1380 vobis
1986 1342 2083 1397 per
2108 1327 2317 1381 litteras

738 1419 1080 1474 indicaverit.
1133 1417 1347 1485 Quibus
1409 1419 1666 1473 omnibus
1720 1420 1924 1474 veritas
1984 1419 2122 1473 adeo
2170 1420 2317 1472 clare

736 1510 953 1573 «venituit,
984 1518 1043 1564 ut
1072 1509 1182 1579 iam
1233 1510 1516 1565 mendacia
1569 1512 1887 1583 reprobare,
1926 1520 1980 1565 et
2020 1510 2162 1565 facta
2198 1527 2318 1581 qua:

736 1602 958 1658 evenire
1006 1618 1289 1672 nunquam
1340 1603 1639 1667 debebant,
1695 1603 2103 1669 condemnare,
2157 1615 2319 1673 atque

742 1696 1021 1765 antiquam
1048 1703 1286 1750 vestram
1315 1696 1544 1765 gloriam
1579 1697 2005 1768 opinionemque
2030 1699 2321 1753 restituere

743 1788 1003 1843 debeatis.
1034 1787 1194 1843 Omni
1240 1788 1327 1842 illa
1358 1790 1523 1858 igitur
1554 1790 1605 1843 in
1622 1791 2016 1845 sceleratorum
2051 1802 2215 1861 caput
2239 1807 2323 1845 re-

740 1881 910 1946 jicite,
938 1881 1228 1950 siquidem,
1255 1890 1520 1950 quantum
1547 1898 1712 1953 penes
1740 1883 1888 1950 ipsos
1910 1882 2034 1948 luit,
2060 1883 2320 1954 majorem

751 1970 1008 2026 Romante
1032 1988 1192 2041 quam
1226 1982 1425 2026 nostrae
1461 1973 1716 2027 Ecclesia:
1742 1972 1915 2027 labem
1948 1981 2323 2043 asperserunt.

1097 2087 1339 2142 XXXIII.
1376 2087 1638 2158 Tryphoni
1673 2090 1951 2142 monac/to.

820 2203 974 2258 llaud
1005 2204 1185 2258 minor
1218 2214 1270 2258 et
1295 2204 1452 2257 nobis
1517 2203 1657 2257 inest
1688 2204 1959 2273 cupiditas
1989 2213 2094 2259 tuas
2122 2205 2329 2258 sancti-

749 2297 846 2351 tati
904 2295 1289 2360 conversandi,
1380 2296 1779 2365 praesentiaque
1854 2305 1910 2350 et
1995 2296 2330 2350 commercio

750 2389 989 2457 fruendi,
1021 2404 1185 2457 quam
1239 2402 1346 2458 qtto
1403 2397 1456 2440 tu
1513 2387 1711 2457 ipse,o
1763 2387 1928 2441 homo
1978 2385 2097 2453 Dei,
2129 2389 2331 2444 teneris

748 2482 1040 2536 desiderio.
1068 2480 1171 2534 Sed
1199 2483 1459 2551 quoniam
1490 2495 1672 2534 rerum
1697 2495 2005 2536 concursus
2026 2482 2077 2535 id
2104 2497 2332 2551 corpore

750 2574 865 2628 ﬁeri
894 2589 1000 2626 non
1036 2573 1183 2636 sinit,
1223 2574 1429 2627 meliori
1483 2573 1720 2641 quodam
1771 2588 2067 2641 congressu
2110 2574 2331 2629 satisfa-

750 2668 961 2720 ciamus
997 2675 1199 2719 nostrae
1221 2665 1533 2735 cupiditati,
1595 2674 1777 2720 mente
1834 2674 2246 2730 conversantes,
2280 2676 2334 2721 et

754 2759 955 2811 mentis
986 2759 1161 2813 oculis
1189 2758 1650 2826 contemplatione
1685 2759 1863 2827 potiti,
1904 2758 2008 2813 hoc
2037 2759 2182 2812 enim
2231 2768 2335 2814 tu:e

750 2868 969 2921 quoque
992 2853 1265 2907 sanctitati
1300 2861 1511 2921 gratum
1536 2851 1650 2906 tleri
1673 2852 1944 2907 existimo.
1970 2850 2123 2918 Quod
2151 2860 2333 2906 autem

756 2946 945 2998 morbo
1014 2946 1248 3009 laboras,
1286 2944 1429 3007 inde,
1491 2953 1687 3013 praeter
1717 2955 1912 2997 caetera
1970 2960 2089 3012 qua:
2120 2954 2336 3013 propter

754 3047 977 3107 peccata
1036 3047 1224 3092 nostra
1273 3036 1713 3091 indelicientibus
1772 3037 2059 3091 doloribus
2135 3035 2339 3091 feriunt

757 3134 1000 3184 animam
1045 3138 1319 3194 nostram,
1374 3130 1692 3198 accepimus
1727 3135 1781 3183 et
1834 3144 1981 3183 nunc
2011 3129 2218 3184 doloris
2254 3131 2339 3182 in-

756 3232 1119 3278 crementum.
1153 3222 1403 3275 Attamen
1438 3222 1716 3290 supplices
1740 3220 1892 3286 facti,
1933 3222 1984 3275 in
2018 3220 2125 3275 Deo
2153 3221 2340 3274 Salva-

761 3327 881 3371 tore
904 3324 1090 3371 nostro
1111 3315 1459 3376 contidimus,
1494 3328 1600 3367 non
1660 3324 1781 3382 post
1808 3314 2038 3367 multum
2086 3315 2341 3383 temporis

762 3422 914 3464 tuum
956 3408 1209 3462 morbum
1243 3405 1583 3460 curationem
1618 3405 1970 3474 adepturum,
2024 3409 2153 3458 dum
2184 3408 2344 3459 modo

764 3513 820 3555 ttt
851 3501 1006 3563 velis,
1034 3498 1491 3569 quemadmodum
1544 3496 1843 3567 elﬂagitasti
1888 3506 1946 3553 ut
2003 3498 2346 3553 mitterentur

767 3592 1105 3660 adjumenta,
1156 3605 1277 3660 qua:
1321 3600 1376 3644 et
1423 3590 1695 3653 misimus,
1744 3589 1815 3642 ita
1869 3588 2123 3643 utilitatis
2157 3604 2345 3644 eorum

766 3683 1201 3753 experimentum
1237 3680 1416 3736 facere
1444 3681 1563 3735 sine
1593 3695 1767 3733 mora.
1801 3678 1955 3733 Patet
1980 3680 2124 3733 enim
2170 3681 2350 3735 omnis

770 3774 1121 3830 adversitatis
1180 3774 1233 3827 in
1263 3773 1534 3843 principio
1584 3771 1742 3827 lacile
1788 3786 1911 3826 esse
1968 3771 2265 3842 etl'ugium;
2303 3773 2350 3828 si

771 3869 897 3939 quis
926 3877 1108 3923 autem
1138 3866 1285 3920 illius
1309 3865 1648 3920 vexationem
1686 3863 2008 3933 neglexerit,
2038 3864 2249 3919 viribus
2282 3879 2349 3921 cx

772 3972 1016 4031 tempore
1066 3959 1331 4029 acceptis,
1377 3958 1492 4028 jam
1551 3973 1659 4010 non
1691 3956 1895 4025 pariter
1925 3969 2022 4011 eos
2054 3955 2350 4022 dimittere,

772 4059 890 4128 qui,
941 4072 1066 4111 cum
1117 4055 1273 4125 prius
1316 4052 1699 4124 neglexerunt,
1774 4049 2053 4121 posterius
2103 4051 2355 4105 vesantis

773 4150 904 4204 tnali
960 4146 1233 4202 curationi
1294 4144 1640 4199 incumbunt.
1667 4140 1897 4212 Oportet
1922 4141 2088 4211 igitur
2115 4149 2355 4197 vestram

776 4244 1145 4307 sanctitatem,
1207 4239 1539 4308 adjumentis
1570 4252 1601 4291 a
1640 4235 1752 4291 Deo
1808 4236 2079 4306 susceptis
2134 4236 2358 4291 minime

775 4339 1014 4407 segniter
1043 4335 1143 4390 uti.
1175 4332 1412 4389 Omnino
1437 4333 1582 4387 enim
1608 4332 1661 4385 in
1685 4331 1827 4385 bona
1855 4346 1950 4401 spe
1970 4345 2184 4395 sumus,
2212 4331 2255 4386 si
2278 4330 2359 4385 eis

777 4429 1091 4486 accuratius
1136 4442 1268 4482 usus
1328 4426 1522 4491 lueris,
1580 4423 1880 4479 redituram
1911 4438 2032 4479 esse
2054 4423 2358 4501 naturalem

2370 3191 2411 3248 C

2409 592 2537 654 τοὺς
2568 590 2614 644 δ’
2664 590 2862 653 ἄλλους
2915 590 3010 642 καὶ
3047 588 3125 658 τῷ
3173 588 3275 658 βίῳ
3316 589 3627 657 περιόντας,
3667 590 3733 657 τῇ
3780 588 3983 654 ὁφειλο-

2414 682 2554 752 μένῃ
2602 680 2876 751 παράδοτε
2928 680 3230 750 καταδίκῃ·
3260 681 3354 733 καὶ
3408 679 3495 733 διέι
3545 680 3655 732 τῶν
3704 680 3979 748 ήμετέρω·

2411 774 2760 843 γραμμάτων
2796 772 3063 843 μαθόντες
3092 773 3190 825 ὅσα
3236 772 3698 843 ὲπονηρεύσαντο,
3736 772 3829 824 καὶ
3862 765 3944 834 οἷς

2413 866 2763 937 φιλόχριστος
2814 866 2909 919 καὶ
2974 866 3148 937 μέγας
3200 866 3357 934 ἡμῶν
3420 865 3676 934 βασιλεὺς
3737 867 4005 934 πρόνοιαν

2414 960 2568 1012 ἔθετο
2598 960 2804 1028 γνῶναι
2852 959 2998 1027 ὑμᾶς
3028 959 3096 1012 τά
3142 958 3371 1020 ἐκείνοις
3425 957 4003 1028 δραματοποιηθέντα,

2415 1052 2510 1105 καὶ
2573 1052 2742 1121 μηδὲν
2790 1050 2976 1103 λαθεῖν
2999 1052 3099 1119 τῆς
3144 1049 3373 1120 ψευδοῦς
3415 1050 3594 1101 αὑτῶν
3637 1046 3906 1116 συπευῆς
3941 1049 4006 1099 ἐν

2416 1146 2494 1215 τῷ
2521 1145 3010 1216 καταπράξασθαι,
3034 1145 3121 1198 διὰ
3158 1145 3254 1197 τοῦ
3286 1143 3655 1214 περιϐλέπτου
3690 1140 3857 1196 αὑτοῦ
3896 1157 4007 1209 μα-

2416 1240 2646 1310 γίστρου
2693 1239 2831 1309 πρδς
2883 1239 3028 1310 ὑμᾶς
3072 1238 3406 1307 κομισθέντα
3444 1236 3512 1288 τά
3536 1235 3721 1298 κακῶς
3772 1234 4009 1303 μελετη-

2419 1332 2601 1395 θέντα,
2638 1329 2772 1385 πολὺ
2799 1332 2855 1385 δὲ
2887 1331 3060 1403 χείρω
3091 1331 3186 1383 καὶ
3214 1328 3431 1400 γραφῆς
3470 1325 3786 1390 ἀξιωθέντα.
3823 1326 3900 1377 Δι’
3923 1318 4008 1377 ὧν

2420 1424 2639 1478 πάντων
2660 1424 2759 1494 τῆς
2791 1423 3055 1492 ἀληθείας
3087 1421 3557 1492 ὲμφανιζομένης,
3585 1418 3849 1487 ὑμέτερόν
3884 1418 4009 1470 ἐστι

2424 1515 2772 1584 καταγνῶναι
2806 1514 2900 1568 τοὺ
2951 1514 3201 1583 ψεύδους,
3237 1514 3329 1567 καὶ
3360 1512 3395 1566 ἃ
3434 1511 3509 1582 μή
3554 1509 3658 1562 ἔδει
3689 1508 3789 1579 τήν
3828 1509 4012 1579 ἀρχὴν

2423 1609 2765 1678 πραχθῆναι,
2795 1606 2970 1660 ταῦτα
2995 1608 3041 1658 εί
3078 1606 3176 1659 καὶ
3202 1602 3507 1674 διεπράχθη
3538 1601 3886 1671 κατακρίναι,
3909 1600 4014 1653 καὶ

2424 1700 2525 1771 τὴν
2547 1702 2607 1765 ἐξ
2626 1700 2797 1771 ἀρχῆς
2820 1698 2972 1768 ὑμῶν
2991 1698 3151 1762 δόξαν
3174 1695 3584 1750 ἀνασώσασθαι.
3610 1694 3794 1748 Πάντα
3820 1694 4015 1746 ἐκεῖνα

2428 1793 2693 1863 ῥίψαντας
2718 1794 2797 1857 είς
2817 1791 3062 1861 κεφαλὴν
3090 1790 3200 1844 τῶν
3223 1789 3749 1860 κακουργησάντων,
3767 1787 3861 1840 καὶ
3882 1787 4017 1840 ὅσον

2429 1887 2516 1937 ἐπ’
2573 1886 2772 1947 αὑτοὺς
2827 1881 2952 1959 ήκε,
3006 1885 3167 1937 πλέον
3196 1887 3263 1954 τῇ
3307 1882 3598 1953 Ῥωμαίων
3650 1880 3951 1952 Ἐκκλησία
3981 1880 4018 1949 ἢ

2427 1981 2496 2049 τῇ
2526 1976 2766 2031 ἐνταῦθα
2798 1976 3206 2049 λυμηναμὲνων
3235 1976 3337 2047 (l).

2800 2093 2925 2147 AI".
2975 2090 3247 2160 ’Τρύφωνι
3283 2088 3625 2161 μονάζοντι.

2502 2209 2670 2261 Οὐδὲν
2709 2208 2936 2262 ἔλαττον
2971 2208 3067 2260 καὶ
3094 2208 3226 2275 ἡμῖν
3257 2208 3339 2270 είς
3370 2205 3669 2275 ἐπιθυμίαν
3707 2204 4027 2274 καθέστηκε

2430 2304 2497 2373 τῇ
2568 2304 2632 2373 σῇ
2695 2302 2935 2371 ὁσιότητι
2982 2300 3388 2369 συγγενέσθαι,
3434 2302 3529 2352 καὶ
3572 2299 3877 2369 παρουσίας
3922 2299 4029 2352 καὶ

2432 2397 2649 2466 ὁμιλίας
2683 2396 3030 2463 κοινωνῆσαι,
3076 2395 3110 2467 ἢ
3152 2396 3277 2448 ὅσον
3320 2394 3505 2460 αὑτὸς,
3546 2387 3591 2448 ὦ
3636 2393 3730 2447 τοῦ
3760 2392 3894 2446 Θεοῦ
3925 2393 4032 2447 ἄν·

2434 2492 2644 2560 θρωπε,
2680 2491 2777 2558 τῆς
2820 2489 3081 2558 τοιαύτης
3119 2488 3383 2559 ὑπάρχεις
3428 2487 3690 2556 ἐφέσεως.
3734 2486 4033 2540 Ἀλλ⁹ὲπεὶ

2433 2582 2542 2636 τῶν
2568 2583 2915 2653 πραγμάτων
2942 2581 3000 2634 αἱ
3024 2580 3391 2651 περιπτώσεις
3423 2580 3751 2647 σωματικῶς
3767 2580 4033 2648 γενέσθαι

2434 2671 2596 2725 τοῦτο
2655 2670 2730 2740 μὴ
2766 2669 3067 2741 βούλονται,
3103 2670 3373 2741 κρείττονι
3409 2672 3519 2723 τινὶ
3558 2670 3814 2741 κοινωνίᾳ
3862 2669 4039 2741 θερα-

2437 2762 2697 2833 πεύωμεν
2741 2763 2841 2833 τὴν
2892 2760 3192 2833 ἐπιθυμίαν
3238 2763 3443 2834 νοερῶς
3483 2763 3893 2833 συγγινόμενοι,
3925 2763 4034 2816 καὶ

2441 2854 2720 2925 βλὲμμασι
2749 2856 2846 2923 τῆς
2874 2852 3054 2924 ψυχῆς
3082 2853 3181 2925 τὴν
3222 2854 3527 2908 ἀπόλαυσιν
3568 2854 3807 2923 ἔχοντες.
3849 2853 4041 2907 Τοῦτο

2439 2942 2558 2999 οἶδα
2588 2946 2685 2999 καὶ⁵
2710 2949 2777 3017 τῇ
2813 2949 2879 3016 σῇ
2912 2947 3158 3016 ὁσιότητι
3185 2945 3279 2999 τοῦ
3312 2948 3429 3000 [sou
3453 2945 3620 2998 πόθου
3652 2946 4042 3016 παρεχόμενον

2442 3038 2762 3094 ἀπολαύειν.
2826 3038 2966 3109 Περὶ
3029 3038 3087 3093 δὲ
3131 3039 3231 3109 τῆς
3274 3036 3554 3108 λυπούσης
3597 3037 3905 3101 ἀσθενείας,
3936 3039 4045 3091 ἐπὶ

2442 3132 2557 3192 τοῖς
2584 3130 2765 3191 ἄλλοις
2784 3130 2884 3183 ὅσα
2913 3129 3001 3183 διὰ
3028 3131 3127 3194 τάς
3167 3130 3443 3200 ἁμαρτίας
3470 3129 3630 3199 ήμῶν
3661 3129 4047 3191 ἀδιαλείπτοις

2444 3223 2704 3292 ἀλγηδόσι
2733 3224 2919 3294 βάλλει
2940 3224 3041 3293 τὴν
3066 3221 3345 3294 ἡμετέραν
3374 3222 3576 3292 ψυχὴν,
3601 3220 3907 3290 ἐδεξάμεθα
3939 3222 4049 3274 καὶ

2444 3316 2541 3370 νῦν
2574 3316 2896 3388 προσθήκην
2938 3316 3256 3387 ἀλγηδόνος.
3292 3317 3487 3383 Ὅμως
3506 3313 3601 3367 οὖν
3640 3313 4049 3383 ἀναφέροντες,

2446 3410 2541 3464 ἐπὶ
2574 3410 2651 3480 τῷ
2688 3409 2902 3479 Σωτῆρι
2933 3408 3054 3479 Θεῷ
3098 3408 3255 3479 ήμῶν
3279 3408 3378 3477 τὴν
3414 3407 3607 3459 ἐλπίδα
3639 3405 4053 3476 προσδοκῶμεν

2445 3501 2548 3570 τῆς
2607 3504 2701 3555 ἐπὶ
2746 3501 2831 3554 σοὶ
2867 3501 3185 3570 ἀλγηδόνος,
3216 3500 3317 3553 οὑκ
3366 3501 3448 3563 εἰς
3486 3499 3706 3569 μακρὰν
3734 3498 3919 3568 εὑρεῖν
3941 3499 4056 3568 τὴν

2451 3595 2770 3661 θεραπείαν,
2816 3595 2913 3649 ἐὰν
2963 3596 3124 3664 μόνον
3180 3594 3244 3647 σὺ
3294 3591 3587 3663 βουληθῇς,
3629 3590 3820 3660 ὥσπερ
3850 3590 4058 3661 ᾐτήσω

2448 3688 2549 3759 τὴν
2590 3688 2699 3741 τῶν
2754 3686 3117 3758 βοηθημάτων
3141 3683 3474 3754 ἀποστολὴν,
3499 3682 3536 3737 ἃ
3572 3686 3666 3737 καὶ
3707 3681 4059 3736 ἀπεστείλα-

2456 3798 2578 3850 μεν,
2603 3778 2746 3833 οὑτω
2778 3781 2873 3833 καὶ
2898 3780 2997 3848 τῆς
3024 3781 3272 3849 χρήσεως
3303 3776 3487 3831 αὑτῶν
3520 3777 3717 3845 πεῖραν
3740 3773 3932 3827 λαϐεῖν
3969 3774 4059 3843 μὴ

2456 3871 2720 3943 βραδέως.
2751 3872 2896 3924 Διότι
2928 3872 3031 3924 οὑκ
3075 3870 3292 3942 ἄδηλον,
3343 3871 3425 3923 ὅτι
3466 3867 3669 3929 παντὸς
3701 3865 4065 3934 ἐναντιώμα-

2453 3982 2545 4028 τος
2587 3967 2645 4018 ὲν
2678 3966 2821 4036 ἀρχῇ
2857 3964 3019 4035 ῥᾳδία
3053 3965 3085 4035 ἡ
3120 3964 3402 4034 ἀποφυγὴ,
3436 3963 3468 4031 ή
3508 3961 3564 4014 δὲ
3592 3960 3783 4013 τούτου
3814 3959 4067 4027 παρενό-

2455 4056 2647 4127 χλησις
2682 4059 2740 4110 ἐν
2772 4056 3178 4126 καταφρονήσει
3230 4052 3514 4125 τιθεμένη,
3544 4050 3778 4119 δύναμιν
3816 4049 3930 4105 ἀπὸ
3957 4049 4067 4101 τοῦ

2457 4151 2654 4221 χρόνου
2708 4148 3083 4220 λαμϐάνουσα,
3131 4149 3321 4201 οὐκέτι
3383 4146 3586 4217 ὁμοίως
3624 4143 3797 4198 ἐθέλει
3835 4144 4071 4196 ἀνιέναι

2458 4246 2586 4308 τοὺς
2618 4244 2884 4316 πρότερον
2915 4242 3363 4313 καταφρονητάς,
3408 4239 3637 4310 ὕστερον
3664 4240 3720 4291 δὲ
3757 4238 3894 4309 πρὸς
3926 4240 4074 4290 ἑπι-

2464 4336 2687 4407 μέλειαν
2760 4336 3200 4405 καθισταμένους
3260 4337 3358 4407 τῆς
3425 4335 3521 4389 τοῦ
3580 4330 4075 4404 παρενοχλοῦντος

2420 4498 2423 4501 η
2463 4428 2723 4495 διώξεως.
2744 4430 2836 4482 Δεῖ
2863 4425 2956 4483 οὖν
2977 4432 3073 4483 καὶ
3113 4428 3213 4500 τὴν
3244 4429 3400 4499 ὑμῶν
3444 4427 3759 4498 τελειότητα
3779 4425 3891 4478 τῶν
3926 4424 4077 4495 βοη-

779 4532 885 4575 tute
908 4519 1093 4575 carnis
1129 4517 1553 4581 restitutionem,
1586 4516 1653 4570 Et
1679 4514 1795 4570 haec
1824 4514 2044 4586 quidem
2069 4515 2334 4571 hactenus

2436 4519 2727 4590 Ιθημάτων
2771 4519 3308 4589 καταλαμϐανόντων
3355 4519 3453 4572 σὺν
3508 4517 3649 4585 Θεῷ,
3688 4517 3763 4586 μὴ
3789 4514 4083 4587 ῥαθύμως

779 4612 860 4664 Τιι
886 4627 1012 4665 vero
1032 4611 1123 4679 qui
1156 4610 1299 4665 nosti
1327 4620 1531 4679 quanta
1566 4608 1725 4662 nobis
1757 4608 2010 4677 patienda
2032 4606 2145 4661 sint
2166 4606 2334 4675 taljhu

2464 4612 2648 4665 αὑτῶν
2697 4614 2797 4681 τὴν
2853 4612 3052 4683 χρῆσιν
3092 4610 3448 4683 ποιήσασθαι.
3504 4609 3730 4668 Πάντως
3758 4609 3867 4680 γάρ
3900 4608 4080 4660 εὐέλ-

782 4718 963 4757 rerum
1035 4701 1454 4773 tempestatibus
1500 4700 1728 4773 jactatis
1790 4700 1982 4770 quales
2039 4699 2183 4754 haud
2251 4698 2334 4754 sci

2463 4704 2615 4767 πιδές
2673 4705 2865 4774 ἐσμεν,
2921 4706 2998 4766 ὡς
3057 4704 3106 4756 εί
3168 4703 3588 4772 σπουδαιότερον
3627 4702 3810 4772 χρήσῃ
3847 4700 4083 4765 αὑτοῖς,

781 4807 963 4851 utrum
1005 4796 1186 4866 aliqua
1248 4809 1491 4866 unquam
1571 4792 1894 4848 excitaverit
1948 4791 2251 4854 calamitas,
2307 4791 2334 4845 Il

2458 4796 2884 4850 ὲπανελεύσεται
2945 4796 3223 4868 ήφυσικὴ
3273 4794 3368 4849 τοῦ
3408 4795 3638 4866 σαρκίου
3681 4794 4081 4854 κατάστασις.

782 4888 1096 4959 adjuvando
1127 4900 1215 4942 me
1246 4886 1358 4941 tuis
1384 4885 1592 4942 sanctis
1623 4884 1881 4955 precibus
1908 4892 2029 4939 esto
2058 4882 2328 4954 promptio

2462 4887 2650 4942 Ταῦτα
2692 4890 2791 4958 μὲν
2820 4889 2912 4944 ἐπὶ
2949 4888 3228 4944 τοσοῦτον.
3268 4889 3341 4941 Σὺ
3376 4888 3431 4942 δὲ
3463 4886 3621 4951 εἰδὼς
3646 4882 3736 4940 οἷα
3768 4886 3920 4948 εἰκὸς
3952 4890 4089 4941 πά-

781 4994 835 5037 et
873 4980 1236 5037 constantior.

2465 4997 2615 5051 σχειν
2647 4982 2796 5051 ἡμᾶς
2827 4982 2885 5035 ὲν
2906 4980 3183 5043 τοιαύταις
3214 4979 3497 5048 καταιγίσι
3529 4977 3871 5049 πραγμάτων
3901 4992 4091 5046 στρε-

783 5077 1079 5147 ῳομένους,
1132 5076 1249 5140 οἵας
1299 5074 1401 5128 οὑκ
1450 5069 1590 5140 οῖδα,
1624 5073 1679 5126 εί
1713 5071 1798 5137 τίς
1841 5088 1973 5125 ποτε
2051 5069 2399 5151 πραγμάτων
2438 5073 2705 5145 ἐπήγειρε
2761 5073 3027 5146 βιαιότης,
3066 5076 3194 5138 ταῖς
3250 5074 3430 5136 ὁσίαις
3482 5070 3790 5142 ἐπαμύνειν
3864 5068 4093 5141 εὐχαῖς

782 5174 945 5244 γενοῦ
985 5174 1197 5245 μοικαὶ
1225 5171 1636 5244 προθυμότερος
1675 5170 1770 5223 καὶ
1806 5167 2226 5240 συντονώτερος.

1216 5283 1468 5341 XXXIV.
1502 5283 1643 5338 Duci
1673 5282 1920 5338 (ἐκπίω.

2839 5284 2960 5340 ΛΔ⁹.
3016 5279 3332 5351 Στρατηγῷ
3364 5278 3690 5344 Ἔλλαδος.

859 5408 1063 5463 Dilecte
1089 5405 1248 5460 nobis
1274 5403 1371 5467 liti,
1405 5403 1686 5465 novimus,
1718 5402 1893 5472 gratia
1957 5398 2052 5453 Dei
2091 5398 2330 5455 intellect

2549 5384 2755 5438 Τέκνον
2807 5370 2966 5451 ήμῶν
3014 5374 3396 5447 ἠγαπημένον,
3459 5372 3687 5443 οἴδαμεν
3736 5371 3822 5424 ὅτι
3875 5371 4107 5442 χάριτι

736 5514 739 5515 ⁷
788 5512 846 5557 et
874 5499 1161 5571 prudentia
1192 5504 1420 5551 ornatus
1458 5509 1581 5548 cum
1632 5493 1733 5558 sis,
1775 5506 1875 5545 nec
1906 5507 2014 5546 non
2064 5500 2118 5545 et
2148 5490 2334 5560 pietate

2477 5477 2616 5532 Θεοῦ
2668 5475 2926 5547 φρονήσει
2977 5467 3357 5540 κοσμούμενος
3415 5466 3512 5519 καὶ⁵
3541 5466 3781 5529 συνέσει,
3816 5464 3917 5515 καὶ
3953 5463 4108 5518 θεο-

789 5604 995 5668 qnanta
1022 5593 1089 5648 ad
1127 5593 1389 5648 honorem
1406 5596 1476 5667 Fet
1507 5588 1710 5641 bonum
1739 5594 1944 5645 statum
1996 5583 2334 5640 Eeclesiarur

2478 5570 2638 5643 φιλὴς
2690 5568 2975 5637 ὑπάρχων,
3004 5565 3104 5619 ὅσα
3136 5562 3219 5625 εις
3254 5560 3424 5632 τιμὴν
3454 5558 3551 5612 καὶ
3586 5558 3931 5612 κατάστασιν
3962 5559 4109 5613 τῶν

2468 5712 2721 5786 epistola,
2747 5707 2934 5786 nescio
2952 5719 3221 5786 quocasu
3246 5702 3438 5786 mutila
3465 5709 3631 5786 atque
3670 5697 3939 5786 informis!
3952 5706 4109 5786 est,

863 5737 939 5805 (l)
963 5735 1236 5790 "actenus
1260 5727 1470 5785 Nicolai
1516 5723 1803 5795 magniﬁca
1845 5720 2097 5791 epistola,
2128 5735 2225 5776 seu
2253 5728 2363 5799 tra-_
2468 5720 2721 5786 epistola,
2747 5723 2934 5791 neseio
2952 5720 3067 5777 quo
3091 5720 3221 5787 casu
3246 5720 3438 5784 mutua
3465 5720 3631 5772 atque
3670 5720 3939 5780 intentus
3963 5720 4107 5759 εει,

863 5820 996 5858 Ilus.
1054 5814 1387 5858 quamquam
1446 5798 1515 5852 de
1565 5811 1626 5850 re
1686 5793 1908 5848 minime
1945 5807 2123 5858 aequa,
2151 5803 2208 5845 ut
2234 5790 2363 5843 ahbt
2474 5799 2650 5858 neque
2682 5795 2843 5856 graect
2884 5776 3216 5849 exemplaris
3248 5775 3577 5846 dignitatem
3636 5779 3774 5827 satis
3836 5776 4107 5825 retinet.

794 5790 996 5871 elatus,
1054 5814 1387 5873 quamquam
1446 5790 1636 5873 dcte:
1686 5790 1908 5873 minime
1945 5807 2123 5873 aqua,
2151 5803 2208 5845 ut
2234 5790 2363 5871 alibi

794 5862 1053 5935 (tititnus.
1074 5862 1176 5931 'llla
1201 5862 1380 5930 autem
1399 5883 1520 5935 qua:
1541 5866 1707 5923 latine
1724 5870 1870 5922 extat
1899 5863 2041 5930 apud
2074 5862 2363 5919 Barunium
2393 5911 2403 5918 .
