4182 6428
741 416 844 477 223

1875 416 2181 478 NICOL—U
2218 415 2329 475 ΕΡ.
2376 417 2652 477 PA'l‘RIA
2668 415 2892 477 RCIIE

3914 413 4024 474 22$

743 534 901 577 secta:
928 524 1157 578 funesta:
1185 541 1290 577 non
1349 523 1503 593 pauci
1537 525 1650 589 qui,
1673 535 1729 579 ιιι
1778 526 1987 588 dicunt,
2026 524 2322 594 cupiditate

2438 528 2689 596 ιομένους
2719 524 2995 596 ἓπιπηδᾷν
3024 523 3246 592 ἀτάκτῳ
3278 524 3471 596 γνώμῃ
3505 524 3595 577 καὶ
3626 527 3772 595 ὁρμῇ
3816 526 3873 579 ὲν
3911 531 4026 589 τοῖς

742 624 953 670 tantum
1002 617 1174 671 ducti.
1222 616 1388 670 divini
1446 619 1629 687 templi
1693 632 1821 686 opes
1855 618 2091 689 diripere
2136 629 2199 680 et
2224 620 2325 675 sibi

651 704 656 712 ’
740 722 995 778 arrogare
1030 723 1136 761 non
1166 708 1437 771 dubitant,
1470 725 1751 763 sacrarunt
1818 712 2039 765 scilicet
2097 713 2325 766 violato-

742 814 849 860 res,
881 808 935 853 et
965 808 1190 869 propter
1215 800 1317 855 hoc
1353 800 1741 857 sacratissima:
1772 801 2026 858 Ecclesiae
2078 815 2324 859 contem-

743 901 949 958 ptores.

2433 621 2621 682 τόποις
2652 618 2745 671 τοῦ
2779 620 2935 686 ἁγίου
2950 617 3080 669 ναοῦ
3101 618 3196 669 τοῦ
3221 618 3457 688 μεγάλου
3476 617 3613 670 Θεοῦ
3641 618 3736 670 καὶ
3770 618 4028 687 Σωτῆρος

2433 710 2613 781 ἡμῶν,
2648 710 2740 762 καὶ
2778 711 3080 780 παρασπᾷν
3105 710 3203 777 μὲν
3226 711 3421 771 αὐτοὺς
3455 709 3556 780 τῆς
3583 710 3799 762 ἐκείνου
3832 711 4031 762 δεσπο-

2431 804 2604 866 τείας,
2647 802 2751 855 ὑπὸ
2786 803 2842 855 δὲ
2889 803 2993 873 τὴν
3043 803 3182 856 ίδίαν
3220 803 3543 856 δεσποτείαν
3584 804 3761 871 ἄγειν.
3806 804 3928 856 Εἰσὶ
3968 804 4021 855 ιι

2428 895 2505 958 ὡς
2530 895 2872 964 μανθάνομεν
2902 896 3160 965 τοιαύτης
3188 896 3565 966 προαιρέσεως
3611 897 3891 967 μοχθηρᾶς
3921 897 4016 948 οἱ)⁸

741 982 910 1051 ὀλίγοι
940 986 1105 1047 τινὲς.
1154 986 1228 1049 οἳ,
1269 985 1345 1049 ὥς
1381 1005 1536 1055 φασι,
1584 990 1722 1062 μόνῃ
1784 989 2069 1062 πλεονεξία
2093 989 2429 1060 κινούμενοι,
2470 991 2530 1043 οῦ
2559 990 2827 1060 τρέμουσι
2873 989 2943 1043 τὰ
3012 990 3109 1042 τοῦ
3182 990 3331 1042 θείου
3369 990 3501 1044 ναοῦ
3570 992 4030 1061 ἀποσπαριὴσειν

743 1080 834 1139 καὶ
892 1080 1069 1131 οἰκεῖα
1126 1081 1443 1134 ποιεῖσθαι⁸
1509 1083 1775 1153 ἱερόσυλοι
1821 1084 1971 1148 τινες
2047 1084 2219 1148 ὄντες,
2261 1085 2357 1137 καὶ
2394 1083 2483 1137 διὰ
2546 1082 2706 1136 τοῦτο
2768 1082 2869 1153 τῆς
2938 1083 3240 1153 ἱερωτάτης

743 1191 764 1221 ‘.
776 1188 982 1231 οῦντες.

817 1263 877 1316 Et
911 1264 1043 1319 tales
1068 1264 1284 1331 quidem
1323 1276 1449 1319 sunt
1483 1267 1593 1322 isti.
1636 1268 1715 1322 Tn
1742 1279 1946 1332 autem,
1976 1271 2050 1325 ﬁli
2094 1270 2191 1334 mi,
2223 1284 2323 1339 pro

744 1365 831 1408 tua
868 1356 1153 1423 prudentia
1191 1364 1449 1423 reputans
1483 1368 1746 1427 quantum
1777 1360 2078 1426 periculum
2128 1361 2323 1414 immio

744 1458 867 1500 neat
895 1446 978 1499 his
1005 1446 1093 1512 qui
1128 1446 1256 1500 talia
1288 1448 1494 1503 audent
1521 1459 1575 1503 ct
1604 1451 1690 1503 bis
1720 1451 1813 1521 qui
1846 1452 1982 1506 tales
2018 1468 2188 1508 ausus
2212 1452 2329 1507 dis-

743 1537 1027 1603 simulant,
1047 1546 1095 1591 et
1121 1539 1214 1607 qui
1239 1554 1363 1594 cum
1388 1541 1660 1596 vindicare
1681 1552 1922 1612 possent.
1939 1544 1989 1597 id
2006 1560 2112 1599 non
2138 1554 2325 1613 agunt.

742 1643 917 1697 neque
970 1644 1064 1684 eos
1119 1630 1266 1685 sines
1323 1646 1417 1701 per
1476 1633 1579 1687 hoc
1614 1634 1868 1691 Ecclesia:
1930 1636 2191 1691 damnum
2223 1638 2327 1692 sibi

741 1720 990 1791 metipsis
1031 1723 1221 1777 salutis
1259 1724 1456 1777 anima:
1480 1724 1749 1794 jactuer
1788 1742 2123 1796 comparare,
2158 1744 2332 1798 neque

745 1830 796 1869 tu
835 1814 1164 1886 indulgendo
1188 1831 1380 1877 eorum
1414 1818 1717 1888 cupiditati,
1750 1821 1863 1875 imo
1896 1836 2181 1877 sacrorum
2213 1824 2332 1877 τίο-

3336 1084 3667 1155 Ἐκκλησίας
3751 1098 4033 1153 καταφρο-

2516 1262 2655 1314 Ἀλλ⁹
2678 1263 2729 1315 οί
2764 1262 2863 1330 μὲν
2894 1261 3147 1315 τοιοῦτοι.
3180 1264 3250 1315 Σὺ
3281 1264 3360 1327 δὲ,
3392 1263 3585 1317 τέκνον
3617 1266 3770 1331 ἐμὸν,
3800 1267 3873 1331 ὡς
3891 1271 4035 1338 epei-

2432 1371 2592 1425 νιμος
2669 1356 2872 1408 ἒννοῶν
2945 1356 3069 1419 ὅσος
3116 1358 3144 1410 ὁ
3182 1357 3452 1421 κίνδυνος,
3498 1359 3741 1419 καὶτοῖς
3781 1363 4032 1433 τολμῶσι

2432 1446 2629 1513 ταῦτα,
2691 1448 2926 1510 καὶτοῖς
2979 1450 3267 1520 παρορῶσι
3312 1453 3415 1519 τὴν
3458 1451 3669 1521 τόλμαν
3707 1454 4032 1523 δυναμένοις

2436 1537 2753 1603 διεκδικεῖν,
2818 1539 2978 1593 τοῦτο
3045 1540 3120 1610 μὴ
3188 1542 3534 1611 πράττουσι,
3597 1544 3735 1614 μήτε
3794 1546 4035 1608 ἐκείνοις

2441 1634 2743 1701 σλγχωρεῖς
2778 1631 2866 1685 διὰ
2904 1633 3002 1702 τῆς
3029 1633 3285 1702 τοιαύτης
3318 1634 3522 1703 ζημίας
3556 1636 3654 1705 τῆς
3699 1637 4034 1707 Ἐκκλησίας

2440 1723 2667 1785 ἑαυτοὺς
2704 1722 2939 1793 ζημιοῦν
2959 1724 3196 1794 ψυχικῆς
3227 1726 3523 1796 σωτηρίας,
3550 1729 3688 1797 μήτε
3718 1731 3781 1783 σὺ
3807 1730 3895 1783 διὰ
3926 1732 4031 1785 τοῦ

2441 1817 2689 1887 παρορᾷν
2714 1816 2811 1884 τὴν
2843 1815 3157 1881 πλεονεξίαν
3199 1818 3401 1881 αὐτῶν,
3436 1819 3637 1888 μᾶλλον
3670 1821 3727 1874 at
3756 1820 3853 1893 τὴν
3888 1823 4036 1893 ἱερο-

740 1906 927 1960 Ιηιίοηὶ
964 1907 1195 1977 teipsum
1217 1909 1373 1978 quasi
1405 1925 1555 1963 reum
1591 1912 1889 1967 constitues
1920 1912 2010 1968 Dei
2042 1915 2332 1972 sententia'.

2448 1909 2658 1973 συλίαν,
2704 1909 2894 1979 ὥσπερ
2971 1910 3225 1965 ύπόδικον
3275 1912 3502 1965 σεαυτὸν
3540 1915 3903 1984 καταστήσεις
3948 1916 4037 1985 τῷ

740 1999 841 2065 Qui
867 2000 1014 2053 enim
1047 2002 1249 2054 malum
1280 2002 1571 2072 prohibere
1603 2013 1798 2073 potest,
1830 2021 1929 2061 nec
1958 2005 2009 2061 id
2052 2004 2203 2071 facit,
2234 2025 2340 2062 non

742 2093 969 2145 multum
1039 2093 1195 2147 abest
1253 2094 1384 2163 quin
1441 2096 1874 2153 codemnationis
1902 2113 2028 2155 reus
2088 2100 2174 2155 sit.
2204 2101 2340 2156 Etsi

738 2185 831 2253 qui
886 2183 997 2239 Deo
1056 2200 1162 2239 non
1180 2185 1333 2240 oﬂert
1359 2187 1422 2241 de
1456 2188 1722 2258 propriis,
1752 2190 1962 2246 crimen
2023 2192 2257 2247 incurrit
2290 2204 2343 2247 ct

740 2274 1235 2342 reprehensionem,
1295 2286 1501 2346 quanto
1580 2281 1755 2351 magis
1814 2285 1906 2352 qui
1948 2300 2036 2340 res
2076 2285 2171 2340 Dei
2208 2300 2338 2341 sur-

742 2366 867 2435 ripit
894 2368 906 2420 !
930 2364 1145 2434 Quibus
1184 2385 1282 2439 pro
1315 2379 1402 2424 tua
1436 2372 1744 2441 prudentia,
1766 2374 1837 2429 fili
1869 2376 1962 2440 mi,
1994 2378 2342 2434 animadver-

741 2462 918 2517 tendis
942 2469 1170 2518 ostende
1200 2465 1290 2534 qui
1324 2467 1479 2521 decit
1533 2476 1683 2523 tuam
1722 2471 1973 2527 virtutem
2008 2473 2063 2528 in
2112 2474 2203 2528 Dei
2237 2476 2340 2530 Ee-

739 2555 959 2610 elesiam
998 2556 1172 2611 zelum
1188 2568 1261 2621 ,et
1285 2575 1447 2628 quam
1481 2561 1533 2613 in
1565 2576 1625 2614 ca
1657 2562 1824 2617 habes
1850 2564 2031 2629 fidem,
2069 2575 2127 2620 ut
2158 2576 2211 2621 et
2245 2567 2338 2621 tibi

738 2648 968 2716 gratiam
1009 2662 1115 2701 non
1155 2649 1595 2720 qualemcunque
1626 2668 1655 2707 a
1688 2651 1796 2707 Deo
1848 2671 2152 2726 temperes,
2189 2668 2240 2713 ct
2284 2659 2337 2711 hi

740 2739 834 2809 qui
895 2739 1034 2793 male
1093 2739 1357 2795 invadunt
1420 2758 1506 2796 res
1561 2742 1843 2809 Ecclesiae,
1905 2760 2063 2800 asua
2111 2748 2335 2801 audacia

739 2829 992 2897 cohibiti,
1015 2832 1328 2902 nonziliquid
1347 2834 1804 2905 mquiiobtinuisse
1832 2835 2136 2901 videantur,
2162 2855 2258 2892 nec
2285 2840 2336 2892 in

741 2919 809 2977 iis
867 2938 991 2993 qua:
1037 2940 1142 2978 non
1210 2939 1444 2997 oportet,
1518 2945 1675 2986 suam
1727 2946 2049 3004 perversam
2098 2943 2334 2988 mentem

741 3014 999 3086 divagare
1026 3016 1231 3072 sinant.

1006 3252 1155 3308 XXX
1167 3252 1251 3311 Vl.
1286 3254 1569 3310 Curatoris
1602 3255 2081 3328 Strougylizomis.

814 3386 892 3442 Ex
923 3389 1123 3444 indicio
1169 3389 1472 3444 litterarum
1532 3406 1671 3460 quas
1704 3392 1902 3447 misisti
1942 3394 2009 3449 ad
2075 3395 2329 3451 sacratis-

743 3480 944 3535 simum
986 3479 1076 3533 Dei
1137 3481 1411 3534 hominem
1473 3491 1528 3535 et
1562 3496 1921 3537 meonomum
1982 3500 2190 3557 magna:
2237 3487 2327 3541 Dei

744 3570 1002 3625 Erclesim
1058 3573 1428 3635 comperimus
1476 3574 1683 3627 turbari
1725 3581 1778 3629 te
1821 3584 1873 3629 et
1907 3591 2049 3645 :egre
2107 3577 2326 3637 habere,

745 3674 859 3719 tum
892 3674 1117 3733 propter
1150 3664 1491 3734 negotiorum
1559 3666 1982 3735 implicationes,
2018 3680 2131 3721 tum
2166 3684 2233 3723 ex
2264 3685 2330 3724 eo

747 3758 890 3828 quod
922 3757 1130 3811 litteras
1159 3758 1228 3810 ab
1252 3772 1319 3812 eo
1355 3758 1636 3826 aliquanto
1680 3768 1806 3813 ante
1838 3759 2098 3828 accepisti
2143 3761 2331 3829 objur-

747 3849 1007 3917 ratnrias.
1062 3851 1125 3903 Et
1154 3849 1632 3919 objurgationibus
1681 3851 1898 3920 quidem
1933 3852 2078 3907 illius
2107 3854 2331 3909 minime

744 3941 1057 3996 audivimus
1100 3950 1151 3996 te
1178 3954 1486 4013 gravatum,
1520 3944 1719 4013 quippe
1753 3959 1876 3998 cum
1906 3946 2076 4014 patris
2108 3946 2161 4002 in
2192 3946 2332 4004 lilios

744 4032 1199 4101 reprehensiones
1244 4043 1299 4088 et
1342 4033 1773 4105 objurgationes,
1804 4051 2150 4109 quarumque
2199 4041 2328 4105 sint,

744 4124 945 4179 l.etiti:e
978 4124 1163 4194 potius
1190 4125 1319 4179 dent
1364 4126 1542 4180 locum
1588 4127 1655 4181 iis
1681 4128 1773 4199 qui
1835 4139 2078 4184 mentem
2139 4148 2329 4187 sanam

747 4219 964 4283 habent,
1002 4234 1167 4290 quam
1199 4220 1435 4274 tristitiae
1472 4228 1525 4274 et
1550 4219 1882 4276 aﬂiictionis.
1940 4224 2161 4289 Quare?
2192 4224 2328 4292 Quia

746 4311 813 4366 ad
848 4327 1077 4380 scopum
1117 4321 1170 4366 et
1207 4311 1368 4366 tinem
1400 4314 1845 4383 reprehensionis
1873 4318 2144 4385 respicere
2172 4320 2333 4373 debet

746 4404 839 4471 qui
876 4404 964 4457 illa
1002 4403 1217 4468 feritur,
1282 4404 1374 4459 sed
1404 4420 1512 4459 nou
1573 4406 1752 4461 verbis
1785 4416 1996 4461 tantum
2031 4410 2328 4464 attendere.

747 4498 874 4552 Sive
938 4497 1102 4568 igitur
1162 4497 1641 4566 reprehensionem
1690 4499 2003 4554 immeritus
2047 4502 2329 4570 accepisti,

2444 1997 2537 2051 τοῦ
2580 1998 2715 2052 Θεοῦ
2771 2001 3171 2070 κατακρίματι.
3219 1999 3279 2055 Ὀ
3308 2000 3417 2070 γὰρ
3455 2001 3754 2072 δυνάμενος
3792 2004 4038 2058 κωλύειν

2443 2090 2542 2159 τὴν
2595 2090 2884 2161 πονηρίαν,
2940 2089 3063 2145 εἶτα
3120 2092 3279 2145 τοῦτο
3335 2092 3410 2164 μὴ
3462 2094 3741 2164 πράττων,
3782 2096 3843 2148 ού
3891 2095 4038 2149 πολὺ

2444 2183 2638 2253 ἀπέχει
2670 2183 2770 2253 τῆς
2818 2185 3104 2250 κοινωνίας
3138 2186 3239 2253 τῆς
3272 2188 3675 2256 κατακρίσεως.
3713 2187 3823 2239 Καὶ
3868 2189 3915 2240 εί
3970 2189 4041 2240 τὸ

2446 2276 2521 2345 μὴ
2564 2278 2899 2347 προσφέρειν
2954 2277 3074 2347 Θεῷ
3142 2278 3206 2331 ἐκ
3248 2278 3356 2330 τῶν
3386 2280 3625 2343 οἰκείων,
3669 2279 3876 2347 μέμψιν
3913 2278 4038 2347 ἔχει

2443 2369 2537 2420 καὶ
2564 2368 2931 2436 κατάγνωσιν,
2983 2369 3135 2437 πόσῳ
3163 2368 3364 2439 μᾶλλον
3413 2369 3475 2422 τὸ
3505 2370 3778 2440 ἁρπάζειν
3816 2372 3882 2423 τὰ
3930 2370 4037 2425 τοῦ

2442 2457 2617 2523 Θεοῦ;
2656 2458 2838 2523 Ἀπερ
2890 2458 2966 2521 ὡς
3016 2460 3303 2528 φρόνιμος,
3353 2458 3547 2512 τέκνον
3588 2477 3715 2529 μου,
3771 2463 4038 2530 συνορᾷν,

2440 2547 2611 2612 δεῖξον
2637 2548 2728 2600 τὸν
2770 2549 3050 2619 πρέποντα
3080 2553 3147 2620 τῇ
3175 2553 3239 2620 σῇ
3273 2552 3443 2621 ἁρετῇ
3477 2550 3617 2619 ὑπὲρ
3637 2551 3736 2618 τῆς
3768 2550 3861 2603 τοῦ
3888 2550 4037 2604 θεοῦ

2453 2642 2781 2711 Ἐκκλησίας
2808 2642 2993 2712 ζῆλον,
3027 2644 3120 2696 καὶ
3140 2646 3207 2713 ἣν
3235 2645 3293 2697 ὲν
3317 2644 3456 2716 αὐτῇ
3490 2644 3817 2714 πεποίθησιν
3858 2644 4038 2715 ἔχεις,

2442 2738 2526 2789 ἵνα
2586 2737 2681 2790 καὶ
2740 2737 2953 2807 σεαυτῷ
2989 2737 3148 2806 χάριν
3190 2737 3251 2789 ού
3282 2737 3380 2809 τὴν
3404 2737 3675 2807 τυχοῦσαν
3710 2738 3857 2807 παρᾶ
3889 2737 4039 2789 Θεοῦ

2441 2829 2799 2900 περιποιήσει,
2833 2829 2930 2881 καὶ
2963 2827 3011 2879 οἱ
3061 2827 3249 2888 κακῶς
3302 2828 3681 2894 ιπιπηδῶντες
3706 2831 3786 2893 εἰς
3824 2828 3891 2880 τὰ
3923 2830 4038 2896 τῆς

2452 2918 2805 2989 Ἐκκλησίας,
2874 2918 2969 2972 τοῦ
3013 2908 3251 2991 θράσους
3299 2920 3705 2989 ἐπισχεθέντες,
3742 2920 3817 2990 μὴ
3854 2922 3913 2973 ὲν
3942 2917 4038 2981 οἷς

2436 3011 2497 3065 οὖ
2539 3011 2642 3077 δεῖ,
2680 3010 2807 3083 μηδ’
2848 3009 3075 3078 εὔλογόν
3113 3030 3167 3064 τι
3195 3012 3499 3081 φαίνωνται
3541 3015 3895 3084 κεκτημένοι,
3925 3013 4040 3083 τὴν

2438 3106 2687 3175 πονηρὰν
2713 3105 2895 3158 αὐτῶν
2922 3105 3245 3177 προαίρεσιν
3271 3105 3686 3161 ἐπεκτείνωσιν.

2539 3244 2681 3313 AG".
2723 3244 2807 3311 Τῷ
2851 3245 3166 3315 κουρἀορι
3196 3245 3303 3301 τοῦ
3349 3248 3915 3317 Στρογγυλίζοντος.

2506 3377 2586 3431 Δι’
2628 3378 2953 3444 ύποδείξεως
3010 3379 3342 3450 γράμματος
3394 3381 3547 3448 παρὰ
3600 3379 3694 3432 σοῦ
3733 3379 4039 3443 σταλέντος

2433 3468 2570 3537 πρὸς
2587 3469 2677 3521 τὸν
2693 3468 2791 3522 τοῦ
2803 3469 2938 3522 Θεοῦ
2960 3472 3257 3540 ἱερώτατον
3284 3472 3593 3541 ἄνθρωπον,
3618 3475 3713 3526 καὶ
3734 3472 4037 3542 οἰκονόμον

2431 3565 2528 3630 τῆς
2550 3562 2788 3634 μεγάλης
2805 3564 2896 3617 τοῦ
2912 3564 3047 3619 Θεοῦ
3063 3566 3417 3635 Ἐκκλησίας,
3440 3565 3719 3635 ἐμάθομεν
3746 3565 3935 3620 ἀλύειν
3961 3583 4035 3619 σε

2432 3654 2527 3705 καὶ
2587 3652 2899 3724 δυσφορεῖν,
2935 3656 3093 3708 τοῦτο
3136 3656 3233 3725 μὲν
3274 3658 3366 3709 ἐπὶ
3411 3659 3532 3719 ταῖς
3596 3657 3852 3726 ὀχλήσεσι
3908 3658 4038 3710 τῶν

2433 3747 2796 3815 πραγμάτων,
2818 3746 2975 3800 τοῦτο
2997 3747 3052 3799 δὲ
3086 3749 3179 3800 καὶ
3222 3748 3303 3801 ὅτι
3340 3748 3647 3819 γράμματα
3691 3749 3821 3819 παρ’
3847 3750 4035 3803 αὑτοῦ

2434 3840 2542 3909 πρὸ
2588 3840 2786 3910 χρόνου
2825 3840 2973 3903 τινδς
3020 3840 3187 3906 ἐδέξω
3223 3840 3462 3910 μέμψεις
3501 3858 3581 3893 σοι
3625 3840 3883 3912 φέροντα.
3914 3842 4043 3895 Καὶ

2436 3933 2577 4003 ὑπὲρ
2608 3932 2708 4002 μὲν
2737 3932 2846 3985 τῶν
2877 3931 3088 3986 ἐκείνου
3133 3932 3395 4003 μέμψεων
3430 3934 3529 3986 οὐκ
3557 3933 3937 4002 ἀποδεχόμεθά
3969 3951 4041 3986 σε

2434 4027 2800 4097 λυπούμενον.
2826 4029 2890 4080 Ai
2916 4027 3024 4096 γὰρ
3068 4032 3341 4097 πατρικαὶ
3381 4027 3519 4096 πρὸς
3553 4025 3619 4079 τὰ
3651 4028 3819 4081 τέκνα
3847 4028 4045 4080 ἐπιτι-

2438 4123 2638 4192 μήσεις
2689 4122 2787 4174 καὶ
2850 4120 3105 4191 μέμψεις,
3152 4121 3338 4173 ὁποῖαι
3374 4120 3441 4173 ἂν
3487 4115 3643 4185 ὦσιν,
3682 4122 4042 4191 εὐφροσύνης

2439 4215 2640 4285 μᾶλλόν
2686 4214 2794 4265 είσι
2836 4213 3356 4283 παρασκευαστικαὶ
3406 4215 3520 4272 τοῖς
3579 4212 3703 4266 νοῦν
3761 4212 3989 4283 ἔχουσιν
4019 4256 4038 4275 ,

2436 4306 2552 4359 ἀλλ’
2574 4306 2697 4376 ούχὶ
2722 4304 2899 4375 λύπης
2933 4306 3023 4357 καὶ
3052 4304 3309 4374 θλίψεως.
3341 4305 3437 4358 Διᾶ
3468 4306 3555 4370 τίς
3595 4305 3719 4358 Ὀτι
3754 4305 3894 4376 πρὸς
3935 4307 4046 4358 τὸν

2438 4397 2641 4453 σκοπόν
2666 4397 2762 4468 τῆς
2815 4396 3075 4467 μέμψεως
3102 4398 3206 4451 καὶ
3241 4397 3299 4448 τὸ
3336 4397 3486 4461 τέλος
3520 4399 3733 4468 ἀφορᾷν
3757 4397 3971 4465 ὀφείλει
4000 4402 4042 4451 ὀ

2436 4489 2606 4562 ταύτῃ
2678 4486 3252 4557 υθυποὸεσλημένος,
3314 4489 3429 4541 ἀλλ’
3484 4490 3606 4557 οὐχὶ
3653 4491 3763 4552 τοῖς
3806 4490 4043 4558 ῥήμασι

747 4589 987 4658 gaudere
1041 4588 1208 4643 debes
1259 4589 1404 4660 quod
1440 4590 1599 4658 quasi
1650 4590 1899 4659 quaedam
1930 4607 2035 4645 non
2074 4594 2331 4663 peccandi

2444 4582 2623 4650 μόνοις
2686 4580 2998 4651 προσέχειν.
3053 4581 3119 4633 Et
3158 4598 3215 4633 τε
3247 4580 3340 4633 οῦν
3381 4581 3456 4651 μὴ
3494 4580 3831 4649 σφαλόμενος
3858 4582 4051 4649 ἐδέξω

748 4687 1042 4750 ιιτωρουιίο
1098 4680 1240 4736 facta
1301 4684 1374 4736 sit
1432 4682 1828 4751 reprehensio:
1865 4684 1980 4739 sive
2030 4686 2238 4754 lapsum
2283 4696 2333 4740 te

752 4772 1126 4843 reprehendit;
1159 4784 1212 4828 et
1238 4782 1366 4828 tunc
1390 4790 1610 4843 quoque
1637 4774 1809 4843 magis
1837 4776 2128 4831 laetandum
2164 4787 2333 4837 esset.

748 4866 875 4935 quia
910 4866 1183 4920 correctio
1214 4874 1268 4919 et
1320 4868 1533 4921 curatio
1579 4867 1762 4936 lapsus
1811 4884 1876 4922 ex
1911 4869 2336 4938 reprehensione

751 4958 948 5028 prodit.
988 4958 1195 5013 Bonum
1228 4968 1408 5011 autem
1438 4968 1755 5029 utrumque.
1791 4960 1857 5014 Et
1891 4960 1943 5014 in
1973 4960 2133 5023 bonis
2166 4963 2333 5025 rebus

752 5065 861 5103 non
897 5050 1141 5120 oportuit
1170 5058 1221 5103 te
1260 5049 1560 5117 sapientem
1598 5049 1727 5103 illud
1760 5052 1869 5118 pati
1898 5051 2043 5120 quod
2082 5051 2135 5105 in
2175 5053 2335 5107 malis

748 5154 803 5199 et
841 5142 1089 5197 adiersis
1130 5143 1400 5213 sequitur.
1444 5139 1537 5195 His
1590 5142 1736 5196 enim
1789 5143 1923 5197 solis
1981 5143 2143 5212 alﬂigi
2198 5147 2337 5199 solet

750 5236 843 5306 qui
875 5236 1150 5304 sapienter
1178 5236 1367 5287 sentit.
1400 5232 1634 5286 Proinde
1666 5249 1829 5301 quam
1865 5250 1929 5288 ex
1960 5236 2153 5291 litteris
2185 5252 2336 5292 (Βου-

754 5328 898 5381 nomi
946 5326 1205 5396 accepisti
1258 5326 1535 5379 tristitiam
1598 5328 1829 5396 depone,
1880 5338 1933 5383 et
1976 5329 2338 5400 COgitationcs

756 5432 978 5477 uastas
1035 5420 1265 5483 dimitte,
1321 5434 1423 5474 nec
1459 5435 1567 5473 non
1598 5430 1651 5475 et
1678 5421 1839 5475 verba
1871 5423 2177 5475 recusantia
2238 5425 2340 5477 mi-

760 5514 1068 5575 nisterium,
1116 5520 1339 5582 prepter
1363 5513 1509 5583 quod
1540 5521 1591 5565 te
1619 5522 1763 5567 recte
1793 5522 1846 5567 et
1892 5522 2004 5567 toto
2039 5515 2202 5568 corde
2235 5516 2337 5568 mi-

758 5606 1075 5661 nistrantem
1103 5604 1545 5673 incomparabilis
1569 5614 1753 5658 manet
1779 5620 2009 5661 merces.
2043 5604 2159 5660 Non
2189 5608 2335 5662 enim

758 5700 825 5754 ad
866 5697 1147 5769 prmseutia
1178 5706 1391 5752 tantum
1424 5697 1649 5766 aspicis,
1687 5697 1770 5750 vir
1816 5700 2053 5767 prudens
2079 5714 2203 5753 cum
2237 5699 2335 5764 sis,

760 5800 834 5856 et,
864 5798 921 5843 ut
949 5791 1220 5859 suspicor,
1249 5789 1554 5859 plusquam
1610 5790 1896 5857 prazsentis
1954 5790 2075 5845 vitae
2124 5790 2339 5845 deside-

763 5900 903 5939 rium
944 5884 1153 5941 habens
1206 5882 1422 5939 futurx.
1453 5879 1673 5937 Minime
1690 5883 1830 5937 enim
1863 5883 2081 5940 dubitas
2116 5884 2248 5955 quin
2284 5894 2332 5939 tc

2436 4674 2537 4744 τὴν
2567 4673 2796 4743 μέμψιν,
2833 4673 3047 4745 χαίρειν
3070 4672 3329 4742 ύᾳείλεις,
3363 4674 3446 4726 ὅτι
3488 4673 3628 4744 ὑπὲρ
3654 4672 3748 4726 τοῦ
3783 4674 3858 4744 μὴ
3892 4692 4045 4743 σφα,-

2438 4763 2596 4835 λῆναι
2649 4765 2840 4835 ὥσπερ
2889 4782 2973 4827 τις
3031 4764 3410 4834 προασφέιλεια
3452 4766 3674 4833 γέγονεν
3706 4767 3736 4833 ἡ
3772 4766 3990 4834 μέμψις
4028 4784 4051 4800 ·

2440 4859 2551 4909 εῖτε
2576 4858 2900 4928 σφαλομένῳ
2934 4874 3015 4910 σοι
3053 4856 3380 4926 ἐπετίμησε,
3414 4856 3509 4909 καὶ
3542 4855 3686 4910 οὕτω
3718 4857 3880 4910 πλέον
3921 4859 4056 4913 ἔδει

2440 4949 2671 5019 χαίρειν,
2711 4950 2792 5002 ὅτι
2815 4949 3102 5020 διόρθωσις
3130 4950 3224 5001 καὶ
3253 4947 3523 5019 θεραπεία
3548 4948 3643 5001 τοῦ
3677 4949 4057 5019 πταίσματος

2440 5044 2504 5095 ἐκ
2564 5042 2663 5109 τῆς
2720 5043 3093 5110 ἐπιτιμὴσεως
3134 5042 3374 5110 ἀπαντᾷ.
3420 5040 3579 5093 Καλὰ
3610 5039 3666 5092 δὲ
3715 5040 4055 5109 ἀμφότερα.

2440 5137 2550 5189 Καὶ
2581 5137 2674 5188 ἐπὶ
2698 5138 2811 5197 τοῖς
2837 5136 3020 5197 καλοῖς
3051 5136 3150 5188 ούκ
3174 5135 3282 5187 ἔδει
3306 5151 3363 5187 σε
3386 5135 3655 5205 φρόνιμον
3686 5134 3814 5186 ὄντα
3849 5136 4062 5190 ἐκεῖνο

2441 5228 2658 5293 παθεῖν,
2682 5230 2821 5298 ὅπερ
2857 5230 2947 5281 ἐπὶ
2989 5231 3102 5289 τοῖς
3151 5230 3341 5291 κακοῖς
3380 5230 3473 5282 καὶ
3509 5228 3853 5298 ἀσυμφόροις
3893 5228 4012 5280 ἀκο
4038 5260 4064 5269 ο

2442 5320 2645 5374 λουθεῖ.
2675 5322 2863 5374 Ταῦτα
2892 5322 2999 5391 γὰρ
3030 5322 3164 5390 μόνα
3196 5322 3391 5373 λυπεῖν
3413 5317 3520 5373 οἶδε
3547 5321 3638 5372 τὸν
3673 5319 4064 5388 λογ;ζὸμενον

2442 5416 2753 5486 ἐμφρόνως.
2790 5416 2953 5468 Ὥστε
2998 5417 3097 5487 τὴν
3132 5415 3225 5469 ἐπὶ
3279 5418 3391 5477 τοῖς
3424 5415 3723 5486 γράμμασι
3748 5415 3842 5467 τοῦ
3878 5418 4061 5467 nixo—

2442 5509 2606 5579 νόμου
2630 5508 2807 5580 λύπην
2837 5508 3066 5573 ἀπόθου,
3120 5508 3216 5562 καὶ
3274 5509 3399 5572 τοὺς
3435 5509 3729 5576 λογισμοὺς
3766 5508 3907 5577 ἄφες
3928 5510 4060 5578 τῆς

2442 5600 2691 5670 ἀκηδίας,
2720 5602 2817 5655 καὶ
2868 5600 2938 5654 τὰ
2974 5602 3391 5671 παραιτούμενα
3438 5603 3663 5671 ῥήματα
3708 5600 3806 5670 τὴν
3835 5600 4063 5654 διακο-

2442 5694 2586 5757 νίαν,
2641 5695 2700 5759 ἐξ
2751 5689 2819 5767 ἧς
2860 5712 2941 5747 σοι
2995 5694 3174 5765 ὀρθῶς
3223 5694 3317 5746 καὶ
3364 5692 3647 5762 ὁλοψύχως
3683 5692 4061 5749 διακονοῦντι

2443 5790 2777 5860 ἀσύγκριτος
2832 5790 3123 5843 ἀπόκειται
3155 5791 3183 5843 ὁ
3218 5788 3432 5857 μισθός.
3482 5788 3576 5852 Μὴ
3608 5788 3718 5857 γὰρ
3753 5788 3918 5856 μόνον
3946 5790 4064 5851 εἰς

2443 5884 2511 5939 τὶ
2557 5883 2798 5955 παρόντα
2852 5883 3070 5953 βλέπεις
3124 5882 3410 5955 ἄνθρωπος
3458 5882 3678 5945 συνετὸς
3724 5881 4059 5951 ὑπάρχων,
