  <div class='ocr_page' id='page_1' title='image "/cluster/home/n/w/nwhite01/storage/ocr_20150623/111/nnc1.0046979743/118.png"; bbox 0 0 4182 6428; ppageno 0'>
   <div class='ocr_carea' id='block_1_1' title="bbox 1561 349 3375 450">
    <p class='ocr_par' dir='ltr' id='par_1_1' title="bbox 1561 349 3375 450">
     <span class='ocr_line' id='line_1_1' title="bbox 1561 349 3375 450; baseline -0.023 0"><span class='ocrx_word' id='word_1_1' title='bbox 1561 381 1966 450; x_wconf 63' lang='grc' dir='ltr'><strong>ΕΡΙΒῚὊΕΕ.</strong></span> <span class='ocrx_word' id='word_1_2' title='bbox 3267 349 3375 412; x_wconf 66' lang='grc'><strong>225</strong></span> 
     </span>
    </p>
   </div>
   <div class='ocr_carea' id='block_1_2' title="bbox 86 429 192 489">
    <p class='ocr_par' dir='ltr' id='par_1_2' title="bbox 86 429 192 489">
     <span class='ocr_line' id='line_1_2' title="bbox 86 429 192 489; baseline -0.038 1"><span class='ocrx_word' id='word_1_3' title='bbox 86 429 192 489; x_wconf 68' lang='grc' dir='ltr'><strong>2ἳὸ</strong></span> 
     </span>
    </p>
   </div>
   <div class='ocr_carea' id='block_1_3' title="bbox 1791 468 3380 550">
    <p class='ocr_par' dir='ltr' id='par_1_3' title="bbox 1791 468 3380 550">
     <span class='ocr_line' id='line_1_3' title="bbox 1791 468 3380 550; baseline -0.022 0"><span class='ocrx_word' id='word_1_4' title='bbox 1791 497 1916 550; x_wconf 90' lang='lat' dir='ltr'><strong>hinc</strong></span> <span class='ocrx_word' id='word_1_5' title='bbox 1948 500 2164 548; x_wconf 89' lang='lat' dir='ltr'><strong>maneat</strong></span> <span class='ocrx_word' id='word_1_6' title='bbox 2190 499 2451 542; x_wconf 86' lang='lat' dir='ltr'><strong>mercesa</strong></span> <span class='ocrx_word' id='word_1_7' title='bbox 2488 484 2597 538; x_wconf 83' lang='lat' dir='ltr'><strong>Deo</strong></span> <span class='ocrx_word' id='word_1_8' title='bbox 2632 484 2850 550; x_wconf 79' lang='lat' dir='ltr'><strong>prepter</strong></span> <span class='ocrx_word' id='word_1_9' title='bbox 2880 486 2942 526; x_wconf 84' lang='lat' dir='ltr'><strong>ea</strong></span> <span class='ocrx_word' id='word_1_10' title='bbox 2979 483 3096 537; x_wconf 80' lang='lat' dir='ltr'><strong>qua:</strong></span> <span class='ocrx_word' id='word_1_11' title='bbox 3125 468 3174 520; x_wconf 90' lang='lat' dir='ltr'><strong>in</strong></span> <span class='ocrx_word' id='word_1_12' title='bbox 3210 478 3380 534; x_wconf 78' lang='lat' dir='ltr'><strong>uego-</strong></span> 
     </span>
    </p>
   </div>
   <div class='ocr_carea' id='block_1_4' title="bbox 91 503 1761 601">
    <p class='ocr_par' dir='ltr' id='par_1_4' title="bbox 91 503 1761 601">
     <span class='ocr_line' id='line_1_4' title="bbox 91 503 1761 601; baseline -0.023 -10"><span class='ocrx_word' id='word_1_13' title='bbox 91 541 187 592; x_wconf 70' lang='grc' dir='ltr'>καὶ</span> <span class='ocrx_word' id='word_1_14' title='bbox 224 533 398 588; x_wconf 81' lang='grc' dir='ltr'>πλέον</span> <span class='ocrx_word' id='word_1_15' title='bbox 437 531 532 601; x_wconf 82' lang='grc' dir='ltr'><strong>τῆς</strong></span> <span class='ocrx_word' id='word_1_16' title='bbox 578 523 864 595; x_wconf 76' lang='grc' dir='ltr'>παρούσης</span> <span class='ocrx_word' id='word_1_17' title='bbox 913 521 1058 590; x_wconf 75' lang='grc' dir='ltr'>ζωῆς</span> <span class='ocrx_word' id='word_1_18' title='bbox 1096 521 1169 579; x_wconf 80' lang='grc' dir='ltr'>ὣς</span> <span class='ocrx_word' id='word_1_19' title='bbox 1206 530 1268 581; x_wconf 88' lang='grc' dir='ltr'><strong>γε</strong></span> <span class='ocrx_word' id='word_1_20' title='bbox 1315 505 1685 578; x_wconf 72' lang='grc' dir='ltr'>ὑπολαμϐάνω</span> <span class='ocrx_word' id='word_1_21' title='bbox 1712 503 1761 562; x_wconf 73' lang='grc' dir='ltr'><strong>Α</strong></span> 
     </span>
    </p>
   </div>
   <div class='ocr_carea' id='block_1_5' title="bbox 93 595 1691 700">
    <p class='ocr_par' dir='ltr' id='par_1_5' title="bbox 93 595 1691 700">
     <span class='ocr_line' id='line_1_5' title="bbox 93 595 1691 700; baseline -0.024 -18"><span class='ocrx_word' id='word_1_22' title='bbox 93 628 392 700; x_wconf 66' lang='grc' dir='ltr'>ἐφιέμενος</span> <span class='ocrx_word' id='word_1_23' title='bbox 431 626 528 691; x_wconf 82' lang='grc' dir='ltr'><strong>τῆς</strong></span> <span class='ocrx_word' id='word_1_24' title='bbox 585 617 889 688; x_wconf 76' lang='grc' dir='ltr'><strong>μελλούσης</strong></span> <span class='ocrx_word' id='word_1_25' title='bbox 913 631 928 646; x_wconf 77' lang='grc' dir='ltr'><strong>ο</strong></span> <span class='ocrx_word' id='word_1_26' title='bbox 968 613 1188 670; x_wconf 82' lang='grc' dir='ltr'>πάντως</span> <span class='ocrx_word' id='word_1_27' title='bbox 1218 603 1273 657; x_wconf 80' lang='grc' dir='ltr'>δὲ</span> <span class='ocrx_word' id='word_1_28' title='bbox 1301 603 1363 655; x_wconf 83' lang='grc' dir='ltr'><strong>ού</strong></span> <span class='ocrx_word' id='word_1_29' title='bbox 1411 595 1691 659; x_wconf 71' lang='grc' dir='ltr'><strong>διατάξεις</strong></span> 
     </span>
    </p>
   </div>
   <div class='ocr_carea' id='block_1_6' title="bbox 93 686 1695 779">
    <p class='ocr_par' dir='ltr' id='par_1_6' title="bbox 93 686 1695 779">
     <span class='ocr_line' id='line_1_6' title="bbox 93 686 1695 779; baseline -0.024 -3"><span class='ocrx_word' id='word_1_30' title='bbox 93 727 174 777; x_wconf 78' lang='grc' dir='ltr'>Ξτι</span> <span class='ocrx_word' id='word_1_31' title='bbox 205 714 513 774; x_wconf 70' lang='grc' dir='ltr'>ἀπόκειταί</span> <span class='ocrx_word' id='word_1_32' title='bbox 566 728 650 764; x_wconf 86' lang='grc' dir='ltr'><strong>σοι</strong></span> <span class='ocrx_word' id='word_1_33' title='bbox 706 709 897 779; x_wconf 82' lang='grc' dir='ltr'>μισθὸς</span> <span class='ocrx_word' id='word_1_34' title='bbox 947 701 1158 757; x_wconf 76' lang='grc' dir='ltr'>ἐκεῖθεν</span> <span class='ocrx_word' id='word_1_35' title='bbox 1191 695 1340 766; x_wconf 73' lang='grc' dir='ltr'>παρὰ</span> <span class='ocrx_word' id='word_1_36' title='bbox 1384 689 1520 747; x_wconf 85' lang='grc' dir='ltr'>Θεοῦ</span> <span class='ocrx_word' id='word_1_37' title='bbox 1552 686 1695 753; x_wconf 77' lang='grc' dir='ltr'>ὑπὲρ</span> 
     </span>
    </p>
   </div>
   <div class='ocr_carea' id='block_1_7' title="bbox 94 781 1698 877">
    <p class='ocr_par' dir='ltr' id='par_1_7' title="bbox 94 781 1698 877">
     <span class='ocr_line' id='line_1_7' title="bbox 94 781 1698 877; baseline -0.026 -7"><span class='ocrx_word' id='word_1_38' title='bbox 94 813 169 868; x_wconf 64' lang='grc' dir='ltr'>ὢν</span> <span class='ocrx_word' id='word_1_39' title='bbox 203 817 266 866; x_wconf 77' lang='grc' dir='ltr'>ὲν</span> <span class='ocrx_word' id='word_1_40' title='bbox 287 813 408 870; x_wconf 84' lang='grc' dir='ltr'>τοῖς</span> <span class='ocrx_word' id='word_1_41' title='bbox 434 809 724 877; x_wconf 82' lang='grc' dir='ltr'>πράγμασι</span> <span class='ocrx_word' id='word_1_42' title='bbox 759 803 858 868; x_wconf 81' lang='grc' dir='ltr'><strong>τῆς</strong></span> <span class='ocrx_word' id='word_1_43' title='bbox 886 794 1054 850; x_wconf 82' lang='grc' dir='ltr'>αὑτοῦ</span> <span class='ocrx_word' id='word_1_44' title='bbox 1099 789 1427 859; x_wconf 83' lang='grc' dir='ltr'>Ἐκκλησίας</span> <span class='ocrx_word' id='word_1_45' title='bbox 1478 781 1661 841; x_wconf 79' lang='grc' dir='ltr'>πονεῖς</span> <span class='ocrx_word' id='word_1_46' title='bbox 1684 793 1698 808; x_wconf 73' lang='grc' dir='ltr'><strong>ο</strong></span> 
     </span>
    </p>
   </div>
   <div class='ocr_carea' id='block_1_8' title="bbox 99 875 1701 978">
    <p class='ocr_par' dir='ltr' id='par_1_8' title="bbox 99 875 1701 978">
     <span class='ocr_line' id='line_1_8' title="bbox 99 875 1701 978; baseline -0.025 -16"><span class='ocrx_word' id='word_1_47' title='bbox 99 910 227 978; x_wconf 61' lang='grc' dir='ltr'><strong>ἧσε)</strong></span> <span class='ocrx_word' id='word_1_48' title='bbox 258 905 360 958; x_wconf 77' lang='grc' dir='ltr'>ἐάν</span> <span class='ocrx_word' id='word_1_49' title='bbox 417 919 503 963; x_wconf 84' lang='grc' dir='ltr'><strong>τις</strong></span> <span class='ocrx_word' id='word_1_50' title='bbox 552 903 609 952; x_wconf 80' lang='grc' dir='ltr'><strong>ἐν</strong></span> <span class='ocrx_word' id='word_1_51' title='bbox 648 900 762 956; x_wconf 86' lang='grc' dir='ltr'>τοῖς</span> <span class='ocrx_word' id='word_1_52' title='bbox 809 894 920 955; x_wconf 90' lang='grc' dir='ltr'>σοῖς</span> <span class='ocrx_word' id='word_1_53' title='bbox 971 889 1134 941; x_wconf 80' lang='grc' dir='ltr'>πόνον</span> <span class='ocrx_word' id='word_1_54' title='bbox 1174 886 1268 938; x_wconf 74' lang='grc' dir='ltr'><strong>καὶ</strong></span> <span class='ocrx_word' id='word_1_55' title='bbox 1308 878 1545 946; x_wconf 83' lang='grc' dir='ltr'>σπουδὴν</span> <span class='ocrx_word' id='word_1_56' title='bbox 1581 875 1701 925; x_wconf 83' lang='grc' dir='ltr'>ὲπι-</span> 
     </span>
    </p>
   </div>
   <div class='ocr_carea' id='block_1_9' title="bbox 102 967 1697 1062">
    <p class='ocr_par' dir='ltr' id='par_1_9' title="bbox 102 967 1697 1062">
     <span class='ocr_line' id='line_1_9' title="bbox 102 967 1697 1062; baseline -0.025 -7"><span class='ocrx_word' id='word_1_57' title='bbox 102 1004 394 1054; x_wconf 74' lang='grc' dir='ltr'>δείκνυται</span> <span class='ocrx_word' id='word_1_58' title='bbox 434 993 779 1062; x_wconf 70' lang='grc' dir='ltr'><strong>πράγμασιν,</strong></span> <span class='ocrx_word' id='word_1_59' title='bbox 842 984 988 1037; x_wconf 77' lang='grc' dir='ltr'>ὥστε</span> <span class='ocrx_word' id='word_1_60' title='bbox 1031 979 1302 1047; x_wconf 71' lang='grc' dir='ltr'>ὠφέλειαν</span> <span class='ocrx_word' id='word_1_61' title='bbox 1325 971 1448 1028; x_wconf 80' lang='grc' dir='ltr'>τινὰ</span> <span class='ocrx_word' id='word_1_62' title='bbox 1487 967 1697 1028; x_wconf 85' lang='grc' dir='ltr'>τούτοις</span> 
     </span>
    </p>
   </div>
   <div class='ocr_carea' id='block_1_10' title="bbox 104 1059 1706 1163">
    <p class='ocr_par' dir='ltr' id='par_1_10' title="bbox 104 1059 1706 1163">
     <span class='ocr_line' id='line_1_10' title="bbox 104 1059 1706 1163; baseline -0.024 -16"><span class='ocrx_word' id='word_1_63' title='bbox 104 1093 366 1163; x_wconf 71' lang='grc' dir='ltr'>γενέσθαι</span> <span class='ocrx_word' id='word_1_64' title='bbox 389 1091 489 1158; x_wconf 78' lang='grc' dir='ltr'><strong>τῆς</strong></span> <span class='ocrx_word' id='word_1_65' title='bbox 508 1082 870 1152; x_wconf 73' lang='grc' dir='ltr'><strong>ὀφειλομένης</strong></span> <span class='ocrx_word' id='word_1_66' title='bbox 895 1080 1115 1148; x_wconf 73' lang='grc' dir='ltr'>χάριτος</span> <span class='ocrx_word' id='word_1_67' title='bbox 1142 1072 1245 1126; x_wconf 86' lang='grc' dir='ltr'><strong>οὐκ</strong></span> <span class='ocrx_word' id='word_1_68' title='bbox 1265 1063 1587 1131; x_wconf 78' lang='grc' dir='ltr'>ἀποστερεῖς</span> <span class='ocrx_word' id='word_1_69' title='bbox 1617 1059 1706 1111; x_wconf 67' lang='grc' dir='ltr'>τὶν</span> 
     </span>
    </p>
   </div>
   <div class='ocr_carea' id='block_1_11' title="bbox 108 1149 1708 1247">
    <p class='ocr_par' dir='ltr' id='par_1_11' title="bbox 108 1149 1708 1247">
     <span class='ocr_line' id='line_1_11' title="bbox 108 1149 1708 1247; baseline -0.026 -7"><span class='ocrx_word' id='word_1_70' title='bbox 108 1185 519 1247; x_wconf 67' lang='grc' dir='ltr'><strong>σπουδάζοντα,</strong></span> <span class='ocrx_word' id='word_1_71' title='bbox 557 1172 696 1228; x_wconf 75' lang='grc' dir='ltr'>ἀλλὰ</span> <span class='ocrx_word' id='word_1_72' title='bbox 751 1171 912 1224; x_wconf 72' lang='grc' dir='ltr'>παντὶ</span> <span class='ocrx_word' id='word_1_73' title='bbox 949 1170 1140 1236; x_wconf 81' lang='grc' dir='ltr'>τρόπῳ</span> <span class='ocrx_word' id='word_1_74' title='bbox 1171 1162 1288 1228; x_wconf 73' lang='grc' dir='ltr'><strong>⁴τὴν</strong></span> <span class='ocrx_word' id='word_1_75' title='bbox 1325 1153 1561 1226; x_wconf 67' lang='grc' dir='ltr'>ἀμοιϐὴν</span> <span class='ocrx_word' id='word_1_76' title='bbox 1599 1149 1708 1201; x_wconf 83' lang='grc' dir='ltr'><strong>τῶν</strong></span> 
     </span>
    </p>
   </div>
   <div class='ocr_carea' id='block_1_12' title="bbox 110 1242 1710 1339">
    <p class='ocr_par' dir='ltr' id='par_1_12' title="bbox 110 1242 1710 1339">
     <span class='ocr_line' id='line_1_12' title="bbox 110 1242 1710 1339; baseline -0.024 -7"><span class='ocrx_word' id='word_1_77' title='bbox 110 1284 292 1332; x_wconf 66' lang='grc' dir='ltr'>πόνων</span> <span class='ocrx_word' id='word_1_78' title='bbox 323 1276 522 1328; x_wconf 81' lang='grc' dir='ltr'>τούτου</span> <span class='ocrx_word' id='word_1_79' title='bbox 567 1265 933 1339; x_wconf 79' lang='grc' dir='ltr'>περισκοπεῖς</span> <span class='ocrx_word' id='word_1_80' title='bbox 961 1279 977 1327; x_wconf 75' lang='grc' dir='ltr'><strong>ς</strong></span> <span class='ocrx_word' id='word_1_81' title='bbox 1007 1260 1098 1312; x_wconf 72' lang='grc' dir='ltr'><strong>τὸν</strong></span> <span class='ocrx_word' id='word_1_82' title='bbox 1132 1255 1188 1307; x_wconf 78' lang='grc' dir='ltr'>δὲ</span> <span class='ocrx_word' id='word_1_83' title='bbox 1222 1254 1313 1304; x_wconf 73' lang='grc' dir='ltr'>ἐπὶ</span> <span class='ocrx_word' id='word_1_84' title='bbox 1336 1249 1551 1302; x_wconf 80' lang='grc' dir='ltr'>πάντων</span> <span class='ocrx_word' id='word_1_85' title='bbox 1575 1242 1710 1296; x_wconf 79' lang='grc' dir='ltr'>Θεὸν</span> 
     </span>
    </p>
   </div>
   <div class='ocr_carea' id='block_1_13' title="bbox 108 1337 1709 1431">
    <p class='ocr_par' dir='ltr' id='par_1_13' title="bbox 108 1337 1709 1431">
     <span class='ocr_line' id='line_1_13' title="bbox 108 1337 1709 1431; baseline -0.024 -8"><span class='ocrx_word' id='word_1_86' title='bbox 108 1371 403 1423; x_wconf 66' lang='grc' dir='ltr'>ὶείπεσθαι</span> <span class='ocrx_word' id='word_1_87' title='bbox 467 1364 567 1431; x_wconf 84' lang='grc' dir='ltr'><strong>τῆς</strong></span> <span class='ocrx_word' id='word_1_88' title='bbox 639 1358 735 1428; x_wconf 87' lang='grc' dir='ltr'>σῆς</span> <span class='ocrx_word' id='word_1_89' title='bbox 819 1349 1194 1425; x_wconf 82' lang='grc' dir='ltr'>προαιρέσεως</span> <span class='ocrx_word' id='word_1_90' title='bbox 1268 1337 1709 1408; x_wconf 75' lang='grc' dir='ltr'>ὑπολαμϐάνειςς</span> 
     </span>
    </p>
   </div>
   <div class='ocr_carea' id='block_1_14' title="bbox 121 1424 1716 1514">
    <p class='ocr_par' dir='ltr' id='par_1_14' title="bbox 121 1424 1716 1514">
     <span class='ocr_line' id='line_1_14' title="bbox 121 1424 1716 1514; baseline -0.024 -1"><span class='ocrx_word' id='word_1_91' title='bbox 121 1460 263 1514; x_wconf 68' lang='grc' dir='ltr'>Ἀλλ’</span> <span class='ocrx_word' id='word_1_92' title='bbox 323 1457 537 1509; x_wconf 82' lang='grc' dir='ltr'>ἄτοπον</span> <span class='ocrx_word' id='word_1_93' title='bbox 567 1449 748 1513; x_wconf 84' lang='grc' dir='ltr'>τοῦτο,</span> <span class='ocrx_word' id='word_1_94' title='bbox 791 1446 887 1498; x_wconf 74' lang='grc' dir='ltr'>καὶ</span> <span class='ocrx_word' id='word_1_95' title='bbox 947 1443 1020 1512; x_wconf 81' lang='grc' dir='ltr'>μή</span> <span class='ocrx_word' id='word_1_96' title='bbox 1067 1455 1194 1492; x_wconf 79' lang='grc' dir='ltr'>ποτε</span> <span class='ocrx_word' id='word_1_97' title='bbox 1244 1427 1323 1496; x_wconf 80' lang='grc' dir='ltr'>εἰς</span> <span class='ocrx_word' id='word_1_98' title='bbox 1353 1432 1476 1484; x_wconf 91' lang='grc' dir='ltr'>νοῦν</span> <span class='ocrx_word' id='word_1_99' title='bbox 1507 1424 1716 1496; x_wconf 83' lang='grc' dir='ltr'>ἀνθρὼ-</span> 
     </span>
    </p>
   </div>
   <div class='ocr_carea' id='block_1_15' title="bbox 117 1517 1715 1600">
    <p class='ocr_par' dir='ltr' id='par_1_15' title="bbox 117 1517 1715 1600">
     <span class='ocr_line' id='line_1_15' title="bbox 117 1517 1715 1600; baseline -0.019 -5"><span class='ocrx_word' id='word_1_100' title='bbox 117 1562 271 1597; x_wconf 71' lang='grc' dir='ltr'>πινον</span> <span class='ocrx_word' id='word_1_101' title='bbox 302 1541 478 1594; x_wconf 73' lang='grc' dir='ltr'>ἔλθοι.</span> <span class='ocrx_word' id='word_1_102' title='bbox 517 1539 603 1600; x_wconf 79' lang='grc' dir='ltr'>Ὠς</span> <span class='ocrx_word' id='word_1_103' title='bbox 640 1534 815 1594; x_wconf 85' lang='grc' dir='ltr'>εἷπον,</span> <span class='ocrx_word' id='word_1_104' title='bbox 867 1528 1142 1583; x_wconf 77' lang='grc' dir='ltr'>κατάὸαλε</span> <span class='ocrx_word' id='word_1_105' title='bbox 1171 1524 1268 1595; x_wconf 80' lang='grc' dir='ltr'><strong>τὴν</strong></span> <span class='ocrx_word' id='word_1_106' title='bbox 1308 1520 1403 1573; x_wconf 69' lang='grc' dir='ltr'><strong>ἐπὶ</strong></span> <span class='ocrx_word' id='word_1_107' title='bbox 1426 1517 1500 1587; x_wconf 81' lang='grc' dir='ltr'>τῷ</span> <span class='ocrx_word' id='word_1_108' title='bbox 1533 1517 1715 1586; x_wconf 85' lang='grc' dir='ltr'>γράμ-</span> 
     </span>
    </p>
   </div>
   <div class='ocr_carea' id='block_1_16' title="bbox 117 1616 1717 1706">
    <p class='ocr_par' dir='ltr' id='par_1_16' title="bbox 117 1616 1717 1706">
     <span class='ocr_line' id='line_1_16' title="bbox 117 1616 1717 1706; baseline -0.018 -20"><span class='ocrx_word' id='word_1_109' title='bbox 117 1655 243 1706; x_wconf 60' lang='lat' dir='ltr'><strong>patr</strong></span> <span class='ocrx_word' id='word_1_110' title='bbox 276 1635 554 1705; x_wconf 74' lang='grc' dir='ltr'>ἀθυμίαν.</span> <span class='ocrx_word' id='word_1_111' title='bbox 592 1629 726 1696; x_wconf 68' lang='grc' dir='ltr'>Περὶ</span> <span class='ocrx_word' id='word_1_112' title='bbox 756 1625 813 1678; x_wconf 75' lang='grc' dir='ltr'>δὲ</span> <span class='ocrx_word' id='word_1_113' title='bbox 871 1626 967 1692; x_wconf 77' lang='grc' dir='ltr'><strong>τῆς</strong></span> <span class='ocrx_word' id='word_1_114' title='bbox 998 1621 1111 1673; x_wconf 83' lang='grc' dir='ltr'><strong>τῶν</strong></span> <span class='ocrx_word' id='word_1_115' title='bbox 1165 1616 1512 1687; x_wconf 76' lang='grc' dir='ltr'><strong>πραγμάτων</strong></span> <span class='ocrx_word' id='word_1_116' title='bbox 1555 1624 1717 1675; x_wconf 82' lang='grc' dir='ltr'>περι-</span> 
     </span>
    </p>
   </div>
   <div class='ocr_carea' id='block_1_17' title="bbox 119 1694 1718 1789">
    <p class='ocr_par' dir='ltr' id='par_1_17' title="bbox 119 1694 1718 1789">
     <span class='ocr_line' id='line_1_17' title="bbox 119 1694 1718 1789; baseline -0.022 -9"><span class='ocrx_word' id='word_1_117' title='bbox 119 1694 370 1789; x_wconf 66' lang='grc' dir='ltr'>στάσεως</span> <span class='ocrx_word' id='word_1_118' title='bbox 395 1694 514 1777; x_wconf 51' lang='grc' dir='ltr'>’καὶ</span> <span class='ocrx_word' id='word_1_119' title='bbox 551 1694 842 1778; x_wconf 78' lang='grc' dir='ltr'>δυσκολίας</span> <span class='ocrx_word' id='word_1_120' title='bbox 905 1712 1230 1783; x_wconf 68' lang='grc' dir='ltr'>ἐγράψαμεν</span> <span class='ocrx_word' id='word_1_121' title='bbox 1289 1706 1368 1772; x_wconf 77' lang='grc' dir='ltr'>τῷ</span> <span class='ocrx_word' id='word_1_122' title='bbox 1401 1694 1718 1770; x_wconf 75' lang='grc' dir='ltr'>στρατηγῷ,</span> 
     </span>
    </p>
   </div>
   <div class='ocr_carea' id='block_1_18' title="bbox 117 1788 1719 1885">
    <p class='ocr_par' dir='ltr' id='par_1_18' title="bbox 117 1788 1719 1885">
     <span class='ocr_line' id='line_1_18' title="bbox 117 1788 1719 1885; baseline -0.022 -12"><span class='ocrx_word' id='word_1_123' title='bbox 117 1823 202 1872; x_wconf 77' lang='grc' dir='ltr'><strong>καὶ</strong></span> <span class='ocrx_word' id='word_1_124' title='bbox 230 1812 579 1885; x_wconf 68' lang='grc' dir='ltr'><strong>λογιζόμεθα</strong></span> <span class='ocrx_word' id='word_1_125' title='bbox 629 1809 820 1864; x_wconf 80' lang='grc' dir='ltr'>τοῦτον</span> <span class='ocrx_word' id='word_1_126' title='bbox 857 1807 931 1877; x_wconf 85' lang='grc' dir='ltr'><strong>μὴ</strong></span> <span class='ocrx_word' id='word_1_127' title='bbox 989 1806 1045 1856; x_wconf 85' lang='grc' dir='ltr'><strong>έν</strong></span> <span class='ocrx_word' id='word_1_128' title='bbox 1099 1792 1504 1871; x_wconf 82' lang='grc' dir='ltr'>παραλογισμῴ</span> <span class='ocrx_word' id='word_1_129' title='bbox 1531 1788 1719 1842; x_wconf 82' lang='grc' dir='ltr'>θέσθαι</span> 
     </span>
    </p>
   </div>
   <div class='ocr_carea' id='block_1_19' title="bbox 115 1885 1711 1976">
    <p class='ocr_par' dir='ltr' id='par_1_19' title="bbox 115 1885 1711 1976">
     <span class='ocr_line' id='line_1_19' title="bbox 115 1885 1711 1976; baseline -0.021 -11"><span class='ocrx_word' id='word_1_130' title='bbox 115 1917 174 1965; x_wconf 71' lang='grc' dir='ltr'><strong>τά</strong></span> <span class='ocrx_word' id='word_1_131' title='bbox 215 1908 356 1975; x_wconf 82' lang='grc' dir='ltr'>παρ’</span> <span class='ocrx_word' id='word_1_132' title='bbox 391 1906 563 1976; x_wconf 82' lang='grc' dir='ltr'>ἡμῶν</span> <span class='ocrx_word' id='word_1_133' title='bbox 589 1902 894 1973; x_wconf 67' lang='grc' dir='ltr'>γρατέντα,</span> <span class='ocrx_word' id='word_1_134' title='bbox 917 1895 1051 1950; x_wconf 65' lang='grc' dir='ltr'>ἀλλὰ</span> <span class='ocrx_word' id='word_1_135' title='bbox 1072 1895 1171 1962; x_wconf 79' lang='grc' dir='ltr'><strong>τὴν</strong></span> <span class='ocrx_word' id='word_1_136' title='bbox 1207 1887 1564 1958; x_wconf 74' lang='grc' dir='ltr'>ἐνδεχομένην</span> <span class='ocrx_word' id='word_1_137' title='bbox 1595 1885 1711 1934; x_wconf 83' lang='grc' dir='ltr'>ἐπι-</span> 
     </span>
    </p>
   </div>
   <div class='ocr_carea' id='block_1_20' title="bbox 117 1974 1713 2072">
    <p class='ocr_par' dir='ltr' id='par_1_20' title="bbox 117 1974 1713 2072">
     <span class='ocr_line' id='line_1_20' title="bbox 117 1974 1713 2072; baseline -0.018 -17"><span class='ocrx_word' id='word_1_138' title='bbox 117 1998 509 2072; x_wconf 67' lang='grc' dir='ltr'>χορηγηθῆναί</span> <span class='ocrx_word' id='word_1_139' title='bbox 545 2015 628 2050; x_wconf 89' lang='grc' dir='ltr'><strong>σοι</strong></span> <span class='ocrx_word' id='word_1_140' title='bbox 655 1993 784 2064; x_wconf 76' lang='grc' dir='ltr'>παρ’</span> <span class='ocrx_word' id='word_1_141' title='bbox 803 1990 968 2046; x_wconf 76' lang='grc' dir='ltr'>αὐτοῦ</span> <span class='ocrx_word' id='word_1_142' title='bbox 997 1987 1251 2060; x_wconf 80' lang='grc' dir='ltr'>βοήθειαν</span> <span class='ocrx_word' id='word_1_143' title='bbox 1283 1981 1377 2037; x_wconf 74' lang='grc' dir='ltr'><strong>καὶ</strong></span> <span class='ocrx_word' id='word_1_144' title='bbox 1406 1974 1713 2046; x_wconf 58' lang='grc' dir='ltr'>ἀντίληψιν.</span> 
     </span>
    </p>
   </div>
   <div class='ocr_carea' id='block_1_21' title="bbox 117 2077 1718 2153">
    <p class='ocr_par' dir='ltr' id='par_1_21' title="bbox 117 2077 1718 2153">
     <span class='ocr_line' id='line_1_21' title="bbox 117 2077 1718 2153; baseline -0.021 -4"><span class='ocrx_word' id='word_1_145' title='bbox 117 2099 274 2148; x_wconf 74' lang='grc' dir='ltr'>Ὥστε</span> <span class='ocrx_word' id='word_1_146' title='bbox 301 2097 406 2146; x_wconf 74' lang='grc' dir='ltr'><strong>καὶ</strong></span> <span class='ocrx_word' id='word_1_147' title='bbox 435 2094 496 2143; x_wconf 75' lang='grc' dir='ltr'>ἐν</span> <span class='ocrx_word' id='word_1_148' title='bbox 527 2089 738 2148; x_wconf 75' lang='grc' dir='ltr'><strong>τούτοις</strong></span> <span class='ocrx_word' id='word_1_149' title='bbox 782 2083 1150 2153; x_wconf 82' lang='grc' dir='ltr'>εὑθυμότερος</span> <span class='ocrx_word' id='word_1_150' title='bbox 1179 2077 1495 2145; x_wconf 80' lang='grc' dir='ltr'>γενόμενος,</span> <span class='ocrx_word' id='word_1_151' title='bbox 1547 2084 1718 2121; x_wconf 81' lang='grc' dir='ltr'>σπουο</span> 
     </span>
    </p>
   </div>
   <div class='ocr_carea' id='block_1_22' title="bbox 118 2160 1724 2254">
    <p class='ocr_par' dir='ltr' id='par_1_22' title="bbox 118 2160 1724 2254">
     <span class='ocr_line' id='line_1_22' title="bbox 118 2160 1724 2254; baseline -0.02 -14"><span class='ocrx_word' id='word_1_152' title='bbox 118 2189 400 2254; x_wconf 75' lang='grc' dir='ltr'>ὀαιὰτερον</span> <span class='ocrx_word' id='word_1_153' title='bbox 448 2184 565 2235; x_wconf 78' lang='grc' dir='ltr'>τῶν</span> <span class='ocrx_word' id='word_1_154' title='bbox 606 2176 952 2247; x_wconf 80' lang='grc' dir='ltr'><strong>πραγμάτων</strong></span> <span class='ocrx_word' id='word_1_155' title='bbox 986 2175 1238 2240; x_wconf 79' lang='grc' dir='ltr'>ἀντέχου,</span> <span class='ocrx_word' id='word_1_156' title='bbox 1265 2168 1359 2220; x_wconf 73' lang='grc' dir='ltr'>καὶ</span> <span class='ocrx_word' id='word_1_157' title='bbox 1393 2160 1724 2229; x_wconf 86' lang='grc' dir='ltr'>συγγινόμε-</span> 
     </span>
    </p>
   </div>
   <div class='ocr_carea' id='block_1_23' title="bbox 1800 557 3383 652">
    <p class='ocr_par' dir='ltr' id='par_1_23' title="bbox 1800 557 3383 652">
     <span class='ocr_line' id='line_1_23' title="bbox 1800 557 3383 652; baseline -0.022 -10"><span class='ocrx_word' id='word_1_158' title='bbox 1800 588 1888 642; x_wconf 91' lang='lat' dir='ltr'><strong>tiis</strong></span> <span class='ocrx_word' id='word_1_159' title='bbox 1922 585 2180 640; x_wconf 74' lang='lat' dir='ltr'><strong>Ecclesia:</strong></span> <span class='ocrx_word' id='word_1_160' title='bbox 2201 582 2315 652; x_wconf 73' lang='lat' dir='ltr'><strong>ejus</strong></span> <span class='ocrx_word' id='word_1_161' title='bbox 2363 578 2600 632; x_wconf 78' lang='lat' dir='ltr'><strong>laboras.</strong></span> <span class='ocrx_word' id='word_1_162' title='bbox 2653 570 2794 625; x_wconf 81' lang='lat' dir='ltr'><strong>Num</strong></span> <span class='ocrx_word' id='word_1_163' title='bbox 2850 577 2929 629; x_wconf 92' lang='lat' dir='ltr'><strong>tu,</strong></span> <span class='ocrx_word' id='word_1_164' title='bbox 2958 561 3150 629; x_wconf 79' lang='lat' dir='ltr'><strong>siquis</strong></span> <span class='ocrx_word' id='word_1_165' title='bbox 3181 560 3233 611; x_wconf 92' lang='lat' dir='ltr'><strong>in</strong></span> <span class='ocrx_word' id='word_1_166' title='bbox 3273 557 3383 610; x_wconf 86' lang='lat' dir='ltr'><strong>tuis</strong></span> 
     </span>
    </p>
   </div>
   <div class='ocr_carea' id='block_1_24' title="bbox 1801 651 3381 738">
    <p class='ocr_par' dir='ltr' id='par_1_24' title="bbox 1801 651 3381 738">
     <span class='ocr_line' id='line_1_24' title="bbox 1801 651 3381 738; baseline -0.023 0"><span class='ocrx_word' id='word_1_167' title='bbox 1801 684 2041 738; x_wconf 88' lang='lat' dir='ltr'><strong>laborem</strong></span> <span class='ocrx_word' id='word_1_168' title='bbox 2105 684 2158 729; x_wconf 92' lang='lat' dir='ltr'><strong>et</strong></span> <span class='ocrx_word' id='word_1_169' title='bbox 2231 651 2472 728; x_wconf 85' lang='lat' dir='ltr'><strong>studium</strong></span> <span class='ocrx_word' id='word_1_170' title='bbox 2537 666 2777 722; x_wconf 71' lang='lat' dir='ltr'><strong>exhibet.</strong></span> <span class='ocrx_word' id='word_1_171' title='bbox 2867 661 2940 714; x_wconf 85' lang='lat' dir='ltr'><strong>ita</strong></span> <span class='ocrx_word' id='word_1_172' title='bbox 3005 664 3061 708; x_wconf 93' lang='lat' dir='ltr'><strong>ut</strong></span> <span class='ocrx_word' id='word_1_173' title='bbox 3135 651 3381 722; x_wconf 53' lang='lat' dir='ltr'><strong>quaedam</strong></span> 
     </span>
    </p>
   </div>
   <div class='ocr_carea' id='block_1_25' title="bbox 1805 741 3390 829">
    <p class='ocr_par' dir='ltr' id='par_1_25' title="bbox 1805 741 3390 829">
     <span class='ocr_line' id='line_1_25' title="bbox 1805 741 3390 829; baseline -0.022 -1"><span class='ocrx_word' id='word_1_174' title='bbox 1805 769 2114 828; x_wconf 83' lang='lat' dir='ltr'><strong>utilitashis</strong></span> <span class='ocrx_word' id='word_1_175' title='bbox 2150 766 2276 819; x_wconf 88' lang='lat' dir='ltr'><strong>inde</strong></span> <span class='ocrx_word' id='word_1_176' title='bbox 2304 765 2608 829; x_wconf 79' lang='lat' dir='ltr'><strong>contingat,</strong></span> <span class='ocrx_word' id='word_1_177' title='bbox 2630 757 2965 811; x_wconf 83' lang='lat' dir='ltr'><strong>laborantem</strong></span> <span class='ocrx_word' id='word_1_178' title='bbox 2996 747 3176 803; x_wconf 80' lang='lat' dir='ltr'><strong>debita</strong></span> <span class='ocrx_word' id='word_1_179' title='bbox 3220 741 3390 813; x_wconf 78' lang='lat' dir='ltr'><strong>gratia</strong></span> 
     </span>
    </p>
   </div>
   <div class='ocr_carea' id='block_1_26' title="bbox 1805 835 3390 923">
    <p class='ocr_par' dir='ltr' id='par_1_26' title="bbox 1805 835 3390 923">
     <span class='ocr_line' id='line_1_26' title="bbox 1805 835 3390 923; baseline -0.022 -3"><span class='ocrx_word' id='word_1_180' title='bbox 1805 863 2084 923; x_wconf 87' lang='lat' dir='ltr'><strong>destituis,</strong></span> <span class='ocrx_word' id='word_1_181' title='bbox 2119 867 2213 911; x_wconf 89' lang='lat' dir='ltr'><strong>aut</strong></span> <span class='ocrx_word' id='word_1_182' title='bbox 2245 872 2351 908; x_wconf 87' lang='lat' dir='ltr'><strong>non</strong></span> <span class='ocrx_word' id='word_1_183' title='bbox 2385 854 2567 923; x_wconf 88' lang='lat' dir='ltr'><strong>potius</strong></span> <span class='ocrx_word' id='word_1_184' title='bbox 2598 849 2748 905; x_wconf 78' lang='lat' dir='ltr'><strong>onitii</strong></span> <span class='ocrx_word' id='word_1_185' title='bbox 2808 846 2969 898; x_wconf 88' lang='lat' dir='ltr'><strong>modo</strong></span> <span class='ocrx_word' id='word_1_186' title='bbox 2999 843 3204 906; x_wconf 83' lang='lat' dir='ltr'><strong>justam</strong></span> <span class='ocrx_word' id='word_1_187' title='bbox 3236 835 3390 888; x_wconf 87' lang='lat' dir='ltr'><strong>labo-</strong></span> 
     </span>
    </p>
   </div>
   <div class='ocr_carea' id='block_1_27' title="bbox 1808 932 3386 1021">
    <p class='ocr_par' dir='ltr' id='par_1_27' title="bbox 1808 932 3386 1021">
     <span class='ocr_line' id='line_1_27' title="bbox 1808 932 3386 1021; baseline -0.022 -10"><span class='ocrx_word' id='word_1_188' title='bbox 1808 972 1928 1011; x_wconf 87' lang='lat' dir='ltr'><strong>rum</strong></span> <span class='ocrx_word' id='word_1_189' title='bbox 1964 955 2083 1021; x_wconf 86' lang='lat' dir='ltr'><strong>ejus</strong></span> <span class='ocrx_word' id='word_1_190' title='bbox 2117 947 2523 1002; x_wconf 90' lang='lat' dir='ltr'><strong>retributionem</strong></span> <span class='ocrx_word' id='word_1_191' title='bbox 2546 934 2960 1008; x_wconf 81' lang='lat' dir='ltr'><strong>circumspicis?</strong></span> <span class='ocrx_word' id='word_1_192' title='bbox 2984 932 3150 985; x_wconf 88' lang='lat' dir='ltr'><strong>Deum</strong></span> <span class='ocrx_word' id='word_1_193' title='bbox 3179 937 3386 985; x_wconf 77' lang='lat' dir='ltr'><strong>autem.</strong></span> 
     </span>
    </p>
   </div>
   <div class='ocr_carea' id='block_1_28' title="bbox 1809 1023 3391 1117">
    <p class='ocr_par' dir='ltr' id='par_1_28' title="bbox 1809 1023 3391 1117">
     <span class='ocr_line' id='line_1_28' title="bbox 1809 1023 3391 1117; baseline -0.019 -17"><span class='ocrx_word' id='word_1_194' title='bbox 1809 1047 1900 1117; x_wconf 85' lang='lat' dir='ltr'><strong>qui</strong></span> <span class='ocrx_word' id='word_1_195' title='bbox 1941 1054 2024 1097; x_wconf 91' lang='lat' dir='ltr'><strong>est</strong></span> <span class='ocrx_word' id='word_1_196' title='bbox 2056 1055 2222 1110; x_wconf 87' lang='lat' dir='ltr'><strong>super</strong></span> <span class='ocrx_word' id='word_1_197' title='bbox 2275 1053 2492 1101; x_wconf 89' lang='lat' dir='ltr'><strong>omnes,</strong></span> <span class='ocrx_word' id='word_1_198' title='bbox 2529 1033 2843 1086; x_wconf 78' lang='lat' dir='ltr'><strong>inferiorem</strong></span> <span class='ocrx_word' id='word_1_199' title='bbox 2880 1040 2972 1081; x_wconf 88' lang='lat' dir='ltr'><strong>tua</strong></span> <span class='ocrx_word' id='word_1_200' title='bbox 3012 1027 3152 1078; x_wconf 74' lang='lat' dir='ltr'><strong>liona</strong></span> <span class='ocrx_word' id='word_1_201' title='bbox 3206 1023 3391 1072; x_wconf 85' lang='lat' dir='ltr'><strong>volun-</strong></span> 
     </span>
    </p>
   </div>
   <div class='ocr_carea' id='block_1_29' title="bbox 1811 1108 3391 1189">
    <p class='ocr_par' dir='ltr' id='par_1_29' title="bbox 1811 1108 3391 1189">
     <span class='ocr_line' id='line_1_29' title="bbox 1811 1108 3391 1189; baseline -0.019 -1"><span class='ocrx_word' id='word_1_202' title='bbox 1811 1145 1920 1189; x_wconf 85' lang='lat' dir='ltr'><strong>tate</strong></span> <span class='ocrx_word' id='word_1_203' title='bbox 1952 1130 2240 1187; x_wconf 74' lang='lat' dir='ltr'><strong>arbitraris</strong></span> <span class='ocrx_word' id='word_1_204' title='bbox 2270 1129 2292 1182; x_wconf 90' lang='lat'><strong>?</strong></span> <span class='ocrx_word' id='word_1_205' title='bbox 2331 1127 2397 1180; x_wconf 83' lang='lat' dir='ltr'><strong>At</strong></span> <span class='ocrx_word' id='word_1_206' title='bbox 2422 1126 2674 1178; x_wconf 89' lang='lat' dir='ltr'><strong>insanum</strong></span> <span class='ocrx_word' id='word_1_207' title='bbox 2710 1121 2879 1185; x_wconf 79' lang='lat' dir='ltr'><strong>istud,</strong></span> <span class='ocrx_word' id='word_1_208' title='bbox 2914 1132 3015 1171; x_wconf 90' lang='lat' dir='ltr'><strong>nec</strong></span> <span class='ocrx_word' id='word_1_209' title='bbox 3049 1126 3288 1182; x_wconf 89' lang='lat' dir='ltr'><strong>unquam</strong></span> <span class='ocrx_word' id='word_1_210' title='bbox 3335 1108 3391 1160; x_wconf 90' lang='lat' dir='ltr'><strong>in</strong></span> 
     </span>
    </p>
   </div>
   <div class='ocr_carea' id='block_1_30' title="bbox 1814 1204 3390 1287">
    <p class='ocr_par' dir='ltr' id='par_1_30' title="bbox 1814 1204 3390 1287">
     <span class='ocr_line' id='line_1_30' title="bbox 1814 1204 3390 1287; baseline -0.02 -1"><span class='ocrx_word' id='word_1_211' title='bbox 1814 1241 2048 1287; x_wconf 90' lang='lat' dir='ltr'><strong>mentem</strong></span> <span class='ocrx_word' id='word_1_212' title='bbox 2135 1229 2432 1282; x_wconf 83' lang='lat' dir='ltr'><strong>humanam</strong></span> <span class='ocrx_word' id='word_1_213' title='bbox 2493 1222 2679 1274; x_wconf 90' lang='lat' dir='ltr'><strong>intret.</strong></span> <span class='ocrx_word' id='word_1_214' title='bbox 2736 1212 3203 1280; x_wconf 86' lang='lat' dir='ltr'><strong>Quemadmodqu</strong></span> <span class='ocrx_word' id='word_1_215' title='bbox 3279 1204 3390 1270; x_wconf 80' lang='lat' dir='ltr'><strong>jam</strong></span> 
     </span>
    </p>
   </div>
   <div class='ocr_carea' id='block_1_31' title="bbox 1813 1297 3394 1390">
    <p class='ocr_par' dir='ltr' id='par_1_31' title="bbox 1813 1297 3394 1390">
     <span class='ocr_line' id='line_1_31' title="bbox 1813 1297 3394 1390; baseline -0.02 -12"><span class='ocrx_word' id='word_1_216' title='bbox 1813 1325 1946 1389; x_wconf 77' lang='lat' dir='ltr'><strong>dixi,</strong></span> <span class='ocrx_word' id='word_1_217' title='bbox 1975 1321 2148 1390; x_wconf 81' lang='lat' dir='ltr'><strong>abjiee</strong></span> <span class='ocrx_word' id='word_1_218' title='bbox 2182 1320 2321 1372; x_wconf 85' lang='lat' dir='ltr'><strong>hanc</strong></span> <span class='ocrx_word' id='word_1_219' title='bbox 2352 1312 2518 1367; x_wconf 88' lang='lat' dir='ltr'><strong>animi</strong></span> <span class='ocrx_word' id='word_1_220' title='bbox 2551 1310 2828 1365; x_wconf 70' lang='lat' dir='ltr'><strong>tristitiam</strong></span> <span class='ocrx_word' id='word_1_221' title='bbox 2861 1305 2926 1357; x_wconf 90' lang='lat' dir='ltr'><strong>de</strong></span> <span class='ocrx_word' id='word_1_222' title='bbox 2957 1302 3167 1355; x_wconf 88' lang='lat' dir='ltr'><strong>litteris.</strong></span> <span class='ocrx_word' id='word_1_223' title='bbox 3203 1297 3277 1350; x_wconf 82' lang='lat' dir='ltr'><strong>De</strong></span> <span class='ocrx_word' id='word_1_224' title='bbox 3311 1312 3394 1349; x_wconf 80' lang='lat' dir='ltr'><strong>re-</strong></span> 
     </span>
    </p>
   </div>
   <div class='ocr_carea' id='block_1_32' title="bbox 1815 1389 3397 1474">
    <p class='ocr_par' dir='ltr' id='par_1_32' title="bbox 1815 1389 3397 1474">
     <span class='ocr_line' id='line_1_32' title="bbox 1815 1389 3397 1474; baseline -0.021 -5"><span class='ocrx_word' id='word_1_225' title='bbox 1815 1431 1934 1469; x_wconf 91' lang='lat' dir='ltr'><strong>rum</strong></span> <span class='ocrx_word' id='word_1_226' title='bbox 1965 1410 2166 1465; x_wconf 83' lang='lat' dir='ltr'><strong>deinde</strong></span> <span class='ocrx_word' id='word_1_227' title='bbox 2195 1408 2382 1474; x_wconf 89' lang='lat' dir='ltr'><strong>iniquo</strong></span> <span class='ocrx_word' id='word_1_228' title='bbox 2431 1412 2575 1458; x_wconf 86' lang='lat' dir='ltr'><strong>statu</strong></span> <span class='ocrx_word' id='word_1_229' title='bbox 2635 1395 2960 1466; x_wconf 68' lang='lat' dir='ltr'><strong>scripsimus</strong></span> <span class='ocrx_word' id='word_1_230' title='bbox 2989 1390 3132 1453; x_wconf 91' lang='lat' dir='ltr'><strong>duci,</strong></span> <span class='ocrx_word' id='word_1_231' title='bbox 3171 1399 3223 1440; x_wconf 89' lang='lat' dir='ltr'><strong>et</strong></span> <span class='ocrx_word' id='word_1_232' title='bbox 3253 1389 3397 1438; x_wconf 89' lang='lat' dir='ltr'><strong>hunc</strong></span> 
     </span>
    </p>
   </div>
   <div class='ocr_carea' id='block_1_33' title="bbox 1819 1476 3399 1556">
    <p class='ocr_par' dir='ltr' id='par_1_33' title="bbox 1819 1476 3399 1556">
     <span class='ocr_line' id='line_1_33' title="bbox 1819 1476 3399 1556; baseline -0.018 0"><span class='ocrx_word' id='word_1_233' title='bbox 1819 1519 1924 1556; x_wconf 91' lang='lat' dir='ltr'><strong>non</strong></span> <span class='ocrx_word' id='word_1_234' title='bbox 1986 1499 2324 1552; x_wconf 87' lang='lat' dir='ltr'><strong>arbitramur</strong></span> <span class='ocrx_word' id='word_1_235' title='bbox 2388 1493 2542 1545; x_wconf 81' lang='lat' dir='ltr'><strong>nihili</strong></span> <span class='ocrx_word' id='word_1_236' title='bbox 2600 1490 2872 1542; x_wconf 79' lang='lat' dir='ltr'><strong>facturum</strong></span> <span class='ocrx_word' id='word_1_237' title='bbox 2935 1497 2997 1536; x_wconf 90' lang='lat' dir='ltr'><strong>ea</strong></span> <span class='ocrx_word' id='word_1_238' title='bbox 3030 1476 3399 1548; x_wconf 66' lang='lat' dir='ltr'><strong>quaaanobis</strong></span> 
     </span>
    </p>
   </div>
   <div class='ocr_carea' id='block_1_34' title="bbox 1819 1575 3402 1660">
    <p class='ocr_par' dir='ltr' id='par_1_34' title="bbox 1819 1575 3402 1660">
     <span class='ocr_line' id='line_1_34' title="bbox 1819 1575 3402 1660; baseline -0.02 -12"><span class='ocrx_word' id='word_1_239' title='bbox 1819 1592 2021 1660; x_wconf 80' lang='lat' dir='ltr'><strong>seiipta</strong></span> <span class='ocrx_word' id='word_1_240' title='bbox 2055 1597 2204 1651; x_wconf 91' lang='lat' dir='ltr'><strong>sunt,</strong></span> <span class='ocrx_word' id='word_1_241' title='bbox 2236 1583 2352 1645; x_wconf 88' lang='lat' dir='ltr'><strong>sed,</strong></span> <span class='ocrx_word' id='word_1_242' title='bbox 2385 1579 2846 1653; x_wconf 57' lang='lat' dir='ltr'><strong>quanrpotuerit,</strong></span> <span class='ocrx_word' id='word_1_243' title='bbox 2879 1575 2947 1629; x_wconf 87' lang='lat' dir='ltr'><strong>ab</strong></span> <span class='ocrx_word' id='word_1_244' title='bbox 2987 1575 3107 1642; x_wconf 85' lang='lat' dir='ltr'><strong>ipso</strong></span> <span class='ocrx_word' id='word_1_245' title='bbox 3137 1577 3402 1638; x_wconf 64' lang='lat' dir='ltr'><strong>prmstan-</strong></span> 
     </span>
    </p>
   </div>
   <div class='ocr_carea' id='block_1_35' title="bbox 1819 1658 3404 1749">
    <p class='ocr_par' dir='ltr' id='par_1_35' title="bbox 1819 1658 3404 1749">
     <span class='ocr_line' id='line_1_35' title="bbox 1819 1658 3404 1749; baseline -0.02 -7"><span class='ocrx_word' id='word_1_246' title='bbox 1819 1688 1942 1742; x_wconf 75' lang='lat' dir='ltr'><strong>datu</strong></span> <span class='ocrx_word' id='word_1_247' title='bbox 1977 1685 2089 1738; x_wconf 80' lang='lat' dir='ltr'><strong>fore</strong></span> <span class='ocrx_word' id='word_1_248' title='bbox 2125 1696 2281 1749; x_wconf 87' lang='lat' dir='ltr'><strong>opem</strong></span> <span class='ocrx_word' id='word_1_249' title='bbox 2317 1689 2371 1732; x_wconf 88' lang='lat' dir='ltr'><strong>et</strong></span> <span class='ocrx_word' id='word_1_250' title='bbox 2393 1675 2683 1731; x_wconf 79' lang='lat' dir='ltr'><strong>auxilium,</strong></span> <span class='ocrx_word' id='word_1_251' title='bbox 2711 1671 2781 1724; x_wconf 84' lang='lat' dir='ltr'><strong>ita</strong></span> <span class='ocrx_word' id='word_1_252' title='bbox 2814 1679 2871 1722; x_wconf 91' lang='lat' dir='ltr'><strong>ut</strong></span> <span class='ocrx_word' id='word_1_253' title='bbox 2897 1669 2951 1719; x_wconf 90' lang='lat' dir='ltr'><strong>in</strong></span> <span class='ocrx_word' id='word_1_254' title='bbox 2984 1667 3064 1718; x_wconf 87' lang='lat' dir='ltr'><strong>his</strong></span> <span class='ocrx_word' id='word_1_255' title='bbox 3097 1664 3289 1716; x_wconf 85' lang='lat' dir='ltr'><strong>Inrtior</strong></span> <span class='ocrx_word' id='word_1_256' title='bbox 3325 1658 3404 1712; x_wconf 81' lang='lat' dir='ltr'><strong>Ia-</strong></span> 
     </span>
    </p>
   </div>
   <div class='ocr_carea' id='block_1_36' title="bbox 1820 1751 3400 1842">
    <p class='ocr_par' dir='ltr' id='par_1_36' title="bbox 1820 1751 3400 1842">
     <span class='ocr_line' id='line_1_36' title="bbox 1820 1751 3400 1842; baseline -0.02 -8"><span class='ocrx_word' id='word_1_257' title='bbox 1820 1788 1964 1842; x_wconf 80' lang='lat' dir='ltr'><strong>ctus,</strong></span> <span class='ocrx_word' id='word_1_258' title='bbox 1990 1775 2288 1831; x_wconf 82' lang='lat' dir='ltr'><strong>studiosius</strong></span> <span class='ocrx_word' id='word_1_259' title='bbox 2317 1771 2380 1824; x_wconf 86' lang='lat' dir='ltr'><strong>ad</strong></span> <span class='ocrx_word' id='word_1_260' title='bbox 2425 1784 2511 1822; x_wconf 91' lang='lat' dir='ltr'><strong>res</strong></span> <span class='ocrx_word' id='word_1_261' title='bbox 2559 1764 2868 1820; x_wconf 88' lang='lat' dir='ltr'><strong>incumbas.</strong></span> <span class='ocrx_word' id='word_1_262' title='bbox 2911 1760 3046 1813; x_wconf 78' lang='lat' dir='ltr'><strong>Cum</strong></span> <span class='ocrx_word' id='word_1_263' title='bbox 3090 1763 3270 1808; x_wconf 81' lang='lat' dir='ltr'><strong>autent</strong></span> <span class='ocrx_word' id='word_1_264' title='bbox 3305 1751 3400 1804; x_wconf 82' lang='lat' dir='ltr'><strong>ad-</strong></span> 
     </span>
    </p>
   </div>
   <div class='ocr_carea' id='block_1_37' title="bbox 1750 1855 3406 1932">
    <p class='ocr_par' dir='ltr' id='par_1_37' title="bbox 1750 1855 3406 1932">
     <span class='ocr_line' id='line_1_37' title="bbox 1750 1855 3406 1932; baseline -0.019 -8"><span class='ocrx_word' id='word_1_265' title='bbox 1750 1871 1788 1924; x_wconf 86' lang='lat' dir='ltr'><strong>B</strong></span> <span class='ocrx_word' id='word_1_266' title='bbox 1818 1869 1985 1926; x_wconf 78' lang='lat' dir='ltr'><strong>fueris</strong></span> <span class='ocrx_word' id='word_1_267' title='bbox 2023 1867 2169 1928; x_wconf 91' lang='lat' dir='ltr'><strong>duci,</strong></span> <span class='ocrx_word' id='word_1_268' title='bbox 2208 1866 2438 1932; x_wconf 88' lang='lat' dir='ltr'><strong>ejusque</strong></span> <span class='ocrx_word' id='word_1_269' title='bbox 2494 1869 2727 1913; x_wconf 85' lang='lat' dir='ltr'><strong>mentem</strong></span> <span class='ocrx_word' id='word_1_270' title='bbox 2774 1872 2838 1908; x_wconf 78' lang='lat' dir='ltr'><strong>ex</strong></span> <span class='ocrx_word' id='word_1_271' title='bbox 2877 1855 2980 1906; x_wconf 91' lang='lat' dir='ltr'><strong>hoc</strong></span> <span class='ocrx_word' id='word_1_272' title='bbox 3012 1862 3157 1903; x_wconf 90' lang='lat' dir='ltr'><strong>nunc</strong></span> <span class='ocrx_word' id='word_1_273' title='bbox 3201 1857 3406 1914; x_wconf 75' lang='lat' dir='ltr'><strong>cogno-</strong></span> 
     </span>
    </p>
   </div>
   <div class='ocr_carea' id='block_1_38' title="bbox 1826 1933 3402 2028">
    <p class='ocr_par' dir='ltr' id='par_1_38' title="bbox 1826 1933 3402 2028">
     <span class='ocr_line' id='line_1_38' title="bbox 1826 1933 3402 2028; baseline -0.02 -9"><span class='ocrx_word' id='word_1_274' title='bbox 1826 1963 1992 2028; x_wconf 89' lang='lat' dir='ltr'><strong>veris,</strong></span> <span class='ocrx_word' id='word_1_275' title='bbox 2027 1960 2094 2015; x_wconf 90' lang='lat' dir='ltr'><strong>ad</strong></span> <span class='ocrx_word' id='word_1_276' title='bbox 2136 1972 2238 2012; x_wconf 91' lang='lat' dir='ltr'><strong>nos</strong></span> <span class='ocrx_word' id='word_1_277' title='bbox 2285 1954 2485 2018; x_wconf 82' lang='lat' dir='ltr'><strong>scribe,</strong></span> <span class='ocrx_word' id='word_1_278' title='bbox 2515 1961 2589 2016; x_wconf 87' lang='lat' dir='ltr'><strong>et,</strong></span> <span class='ocrx_word' id='word_1_279' title='bbox 2623 1967 2719 2020; x_wconf 88' lang='lat' dir='ltr'><strong>pro</strong></span> <span class='ocrx_word' id='word_1_280' title='bbox 2761 1957 2944 2002; x_wconf 85' lang='lat' dir='ltr'><strong>nostra</strong></span> <span class='ocrx_word' id='word_1_281' title='bbox 2990 1950 3278 2014; x_wconf 75' lang='lat' dir='ltr'><strong>potestate,</strong></span> <span class='ocrx_word' id='word_1_282' title='bbox 3351 1933 3402 1988; x_wconf 88' lang='lat' dir='ltr'><strong>id</strong></span> 
     </span>
    </p>
   </div>
   <div class='ocr_carea' id='block_1_39' title="bbox 1829 2032 3408 2128">
    <p class='ocr_par' dir='ltr' id='par_1_39' title="bbox 1829 2032 3408 2128">
     <span class='ocr_line' id='line_1_39' title="bbox 1829 2032 3408 2128; baseline -0.018 -17"><span class='ocrx_word' id='word_1_283' title='bbox 1829 2071 2054 2128; x_wconf 81' lang='lat' dir='ltr'><strong>agemus</strong></span> <span class='ocrx_word' id='word_1_284' title='bbox 2109 2061 2169 2105; x_wconf 89' lang='lat' dir='ltr'><strong>ut</strong></span> <span class='ocrx_word' id='word_1_285' title='bbox 2222 2064 2330 2103; x_wconf 91' lang='lat' dir='ltr'><strong>non</strong></span> <span class='ocrx_word' id='word_1_286' title='bbox 2393 2061 2516 2114; x_wconf 88' lang='lat' dir='ltr'><strong>ope,</strong></span> <span class='ocrx_word' id='word_1_287' title='bbox 2566 2057 2664 2097; x_wconf 90' lang='lat' dir='ltr'><strong>nec</strong></span> <span class='ocrx_word' id='word_1_288' title='bbox 2720 2040 2901 2094; x_wconf 81' lang='lat' dir='ltr'><strong>debita</strong></span> <span class='ocrx_word' id='word_1_289' title='bbox 2959 2032 3296 2106; x_wconf 85' lang='lat' dir='ltr'><strong>providentia</strong></span> <span class='ocrx_word' id='word_1_290' title='bbox 3352 2038 3408 2082; x_wconf 87' lang='lat' dir='ltr'><strong>et</strong></span> 
     </span>
    </p>
   </div>
   <div class='ocr_carea' id='block_1_40' title="bbox 1834 2139 2538 2220">
    <p class='ocr_par' dir='ltr' id='par_1_40' title="bbox 1834 2139 2538 2220">
     <span class='ocr_line' id='line_1_40' title="bbox 1834 2139 2538 2220; baseline -0.018 -16"><span class='ocrx_word' id='word_1_291' title='bbox 1834 2147 2175 2220; x_wconf 80' lang='lat' dir='ltr'><strong>proiectione</strong></span> <span class='ocrx_word' id='word_1_292' title='bbox 2201 2139 2538 2196; x_wconf 83' lang='lat' dir='ltr'><strong>destituaris.</strong></span> 
     </span>
    </p>
   </div>
   <div class='ocr_carea' id='block_1_41' title="bbox 119 2217 3411 2348">
    <p class='ocr_par' dir='ltr' id='par_1_41' title="bbox 119 2217 3411 2348">
     <span class='ocr_line' id='line_1_41' title="bbox 119 2217 1848 2254; baseline -0.022 4"><span class='ocrx_word' id='word_1_293' title='bbox 119 2217 400 2254; x_wconf 60' lang='lat' dir='ltr'><strong>“W‘H’”</strong></span> <span class='ocrx_word' id='word_1_294' title='bbox 455 2217 563 2235; x_wconf 78' lang='lat'><strong>‘“&quot;</strong></span> <span class='ocrx_word' id='word_1_295' title='bbox 613 2217 949 2247; x_wconf 80' lang='lat' dir='ltr'><strong>&quot;I&quot;&quot;H&quot;“&quot;&quot;&quot;&#39;</strong></span> <span class='ocrx_word' id='word_1_296' title='bbox 986 2217 1238 2240; x_wconf 59' lang='grc' dir='ltr'><strong>*τηου-ν</strong></span> <span class='ocrx_word' id='word_1_297' title='bbox 1268 2217 1353 2220; x_wconf 54' lang='grc' dir='ltr'><strong>ν</strong></span> <span class='ocrx_word' id='word_1_298' title='bbox 1474 2217 1484 2229; x_wconf 91' lang='grc'><em>.</em></span> <span class='ocrx_word' id='word_1_299' title='bbox 1510 2217 1522 2228; x_wconf 94' lang='grc'><em>.</em></span> <span class='ocrx_word' id='word_1_300' title='bbox 1626 2217 1639 2227; x_wconf 92' lang='grc'><em>.</em></span> <span class='ocrx_word' id='word_1_301' title='bbox 1836 2217 1848 2220; x_wconf 83' lang='grc'><strong>-</strong></span> 
     </span>
     <span class='ocr_line' id='line_1_42' title="bbox 119 2217 3411 2348; baseline -0.019 -17"><span class='ocrx_word' id='word_1_302' title='bbox 119 2296 197 2340; x_wconf 80' lang='grc' dir='ltr'><strong>νος</strong></span> <span class='ocrx_word' id='word_1_303' title='bbox 231 2275 314 2348; x_wconf 78' lang='grc' dir='ltr'>τῷ</span> <span class='ocrx_word' id='word_1_304' title='bbox 357 2271 688 2346; x_wconf 79' lang='grc' dir='ltr'>στρατηγῷ.</span> <span class='ocrx_word' id='word_1_305' title='bbox 711 2273 804 2322; x_wconf 77' lang='grc' dir='ltr'><strong>καὶ</strong></span> <span class='ocrx_word' id='word_1_306' title='bbox 835 2267 1165 2336; x_wconf 78' lang='grc' dir='ltr'>τὴνὲκείνου</span> <span class='ocrx_word' id='word_1_307' title='bbox 1187 2259 1412 2329; x_wconf 77' lang='grc' dir='ltr'><strong>γνώμην</strong></span> <span class='ocrx_word' id='word_1_308' title='bbox 1467 2251 1576 2306; x_wconf 77' lang='grc' dir='ltr'><strong>ἀπὸ</strong></span> <span class='ocrx_word' id='word_1_309' title='bbox 1617 2247 1710 2302; x_wconf 83' lang='grc' dir='ltr'><strong>τοῦ</strong></span> <span class='ocrx_word' id='word_1_310' title='bbox 1762 2244 1858 2297; x_wconf 79' lang='grc' dir='ltr'><strong>νῦν</strong></span> <span class='ocrx_word' id='word_1_311' title='bbox 1894 2235 2298 2309; x_wconf 76' lang='grc' dir='ltr'>ἀναμανθάνων</span> <span class='ocrx_word' id='word_1_312' title='bbox 2346 2233 2524 2303; x_wconf 78' lang='grc' dir='ltr'>γράφε</span> <span class='ocrx_word' id='word_1_313' title='bbox 2550 2229 2682 2297; x_wconf 73' lang='grc' dir='ltr'>πρὸς</span> <span class='ocrx_word' id='word_1_314' title='bbox 2717 2227 2888 2297; x_wconf 81' lang='grc' dir='ltr'>ἡμᾶς,</span> <span class='ocrx_word' id='word_1_315' title='bbox 2919 2225 3013 2277; x_wconf 75' lang='grc' dir='ltr'><strong>καὶ</strong></span> <span class='ocrx_word' id='word_1_316' title='bbox 3050 2221 3151 2291; x_wconf 81' lang='grc' dir='ltr'><strong>τῆς</strong></span> <span class='ocrx_word' id='word_1_317' title='bbox 3181 2217 3411 2287; x_wconf 76' lang='grc' dir='ltr'><strong>δυνατῆς</strong></span> 
     </span>
     <span class='ocr_line' id='line_1_43' title="bbox 1712 2311 3388 2348; baseline -0.018 12"><span class='ocrx_word' id='word_1_318' title='bbox 1712 2343 1723 2348; x_wconf 94' lang='grc'><strong><em>-</em></strong></span> <span class='ocrx_word' id='word_1_319' title='bbox 1983 2335 2022 2348; x_wconf 72' lang='grc' dir='ltr'><strong>ιιι</strong></span> <span class='ocrx_word' id='word_1_320' title='bbox 2092 2335 2114 2342; x_wconf 69' lang='lat'>~</span> <span class='ocrx_word' id='word_1_321' title='bbox 2197 2331 2210 2348; x_wconf 70' lang='lat'><strong><em>9</em></strong></span> <span class='ocrx_word' id='word_1_322' title='bbox 2268 2327 2547 2348; x_wconf 55' lang='lat' dir='ltr'><strong>,_\___L__._</strong></span> <span class='ocrx_word' id='word_1_323' title='bbox 2571 2321 2828 2348; x_wconf 28' lang='lat' dir='ltr'><strong>_,m_,,:_-</strong></span> <span class='ocrx_word' id='word_1_324' title='bbox 2859 2335 2914 2348; x_wconf 67' lang='lat'><strong>,_</strong></span> <span class='ocrx_word' id='word_1_325' title='bbox 2943 2317 3029 2348; x_wconf 47' lang='grc' dir='ltr'><strong>υηχ</strong></span> <span class='ocrx_word' id='word_1_326' title='bbox 3053 2311 3388 2348; x_wconf 44' lang='grc' dir='ltr'><strong>’,ηηηηηηεημ</strong></span> 
     </span>
    </p>
   </div>
   <div class='ocr_carea' id='block_1_42' title="bbox 120 2335 2032 2438">
    <p class='ocr_par' dir='ltr' id='par_1_42' title="bbox 120 2335 2032 2438">
     <span class='ocr_line' id='line_1_44' title="bbox 120 2335 2032 2438; baseline -0.021 -12"><span class='ocrx_word' id='word_1_327' title='bbox 237 2335 299 2425; x_wconf 72' lang='grc' dir='ltr'><strong>έν</strong></span> <span class='ocrx_word' id='word_1_328' title='bbox 330 2335 953 2438; x_wconf 32' lang='grc' dir='ltr'>δευτέρω-ποιησόμεθα</span> <span class='ocrx_word' id='word_1_329' title='bbox 976 2356 1232 2431; x_wconf 78' lang='grc' dir='ltr'><strong>βοηθείας</strong></span> <span class='ocrx_word' id='word_1_330' title='bbox 1262 2370 1320 2407; x_wconf 87' lang='grc' dir='ltr'><strong>σε</strong></span> <span class='ocrx_word' id='word_1_331' title='bbox 1354 2350 1428 2422; x_wconf 83' lang='grc' dir='ltr'>μὴ</span> <span class='ocrx_word' id='word_1_332' title='bbox 1446 2343 1866 2414; x_wconf 78' lang='grc' dir='ltr'>ἀποτυγχάνειν,</span> <span class='ocrx_word' id='word_1_333' title='bbox 1901 2335 2032 2405; x_wconf 70' lang='grc' dir='ltr'>μηδὲ</span> 
     </span>
    </p>
   </div>
   <div class='ocr_carea' id='block_1_43' title="bbox 538 2477 1318 2545">
    <p class='ocr_par' dir='ltr' id='par_1_43' title="bbox 538 2477 1318 2545">
     <span class='ocr_line' id='line_1_45' title="bbox 538 2477 1318 2545; baseline -0.021 -3"><span class='ocrx_word' id='word_1_334' title='bbox 538 2485 663 2542; x_wconf 78' lang='lat' dir='ltr'><strong>AZ&#39;.</strong></span> <span class='ocrx_word' id='word_1_335' title='bbox 701 2479 1012 2545; x_wconf 74' lang='grc' dir='ltr'>Στυ.1ιαι·ᾧ</span> <span class='ocrx_word' id='word_1_336' title='bbox 1040 2477 1318 2538; x_wconf 76' lang='grc' dir='ltr'>διακόνῳ.</span> 
     </span>
    </p>
   </div>
   <div class='ocr_carea' id='block_1_44' title="bbox 187 2579 1726 2678">
    <p class='ocr_par' dir='ltr' id='par_1_44' title="bbox 187 2579 1726 2678">
     <span class='ocr_line' id='line_1_46' title="bbox 187 2579 1726 2678; baseline -0.021 -17"><span class='ocrx_word' id='word_1_337' title='bbox 187 2605 550 2678; x_wconf 77' lang='grc' dir='ltr'>Προστάξεις</span> <span class='ocrx_word' id='word_1_338' title='bbox 621 2599 719 2654; x_wconf 74' lang='grc' dir='ltr'>καὶ</span> <span class='ocrx_word' id='word_1_339' title='bbox 774 2592 1117 2650; x_wconf 77' lang='grc' dir='ltr'>διδασκαλίαι</span> <span class='ocrx_word' id='word_1_340' title='bbox 1194 2585 1449 2656; x_wconf 76' lang='grc' dir='ltr'>πράξεων</span> <span class='ocrx_word' id='word_1_341' title='bbox 1496 2579 1726 2638; x_wconf 77' lang='grc' dir='ltr'>ἐκείνοις</span> 
     </span>
    </p>
   </div>
   <div class='ocr_carea' id='block_1_45' title="bbox 127 2673 1728 2768">
    <p class='ocr_par' dir='ltr' id='par_1_45' title="bbox 127 2673 1728 2768">
     <span class='ocr_line' id='line_1_47' title="bbox 127 2673 1728 2768; baseline -0.021 -16"><span class='ocrx_word' id='word_1_342' title='bbox 127 2701 454 2768; x_wconf 80' lang='grc' dir='ltr'>ἀναγκαῖαι,</span> <span class='ocrx_word' id='word_1_343' title='bbox 472 2697 592 2748; x_wconf 79' lang='grc' dir='ltr'>ὅσοι</span> <span class='ocrx_word' id='word_1_344' title='bbox 623 2693 699 2763; x_wconf 85' lang='grc' dir='ltr'>μὴ</span> <span class='ocrx_word' id='word_1_345' title='bbox 721 2692 813 2743; x_wconf 66' lang='grc' dir='ltr'>τὸν</span> <span class='ocrx_word' id='word_1_346' title='bbox 833 2689 1035 2740; x_wconf 84' lang='grc' dir='ltr'>οἰκεῖον</span> <span class='ocrx_word' id='word_1_347' title='bbox 1059 2681 1185 2735; x_wconf 83' lang='grc' dir='ltr'>νοῦν</span> <span class='ocrx_word' id='word_1_348' title='bbox 1201 2676 1520 2732; x_wconf 82' lang='grc' dir='ltr'>διδάσκαλον</span> <span class='ocrx_word' id='word_1_349' title='bbox 1542 2673 1728 2742; x_wconf 78' lang='grc' dir='ltr'>ἐχωσι.</span> 
     </span>
    </p>
   </div>
   <div class='ocr_carea' id='block_1_46' title="bbox 129 2763 1734 2855">
    <p class='ocr_par' dir='ltr' id='par_1_46' title="bbox 129 2763 1734 2855">
     <span class='ocr_line' id='line_1_48' title="bbox 129 2763 1734 2855; baseline -0.018 -16"><span class='ocrx_word' id='word_1_350' title='bbox 129 2763 295 2840; x_wconf 75' lang='grc' dir='ltr'>Τοῦτο</span> <span class='ocrx_word' id='word_1_351' title='bbox 322 2787 506 2855; x_wconf 70' lang='grc' dir='ltr'>ἡμεῖς</span> <span class='ocrx_word' id='word_1_352' title='bbox 536 2784 601 2836; x_wconf 80' lang='grc' dir='ltr'><strong>οὐ</strong></span> <span class='ocrx_word' id='word_1_353' title='bbox 636 2777 973 2848; x_wconf 77' lang='grc' dir='ltr'>λογιζόμεθα</span> <span class='ocrx_word' id='word_1_354' title='bbox 1006 2774 1136 2843; x_wconf 80' lang='grc' dir='ltr'>περὶ</span> <span class='ocrx_word' id='word_1_355' title='bbox 1171 2769 1290 2824; x_wconf 88' lang='grc' dir='ltr'>σοῦ.</span> <span class='ocrx_word' id='word_1_356' title='bbox 1323 2769 1422 2820; x_wconf 81' lang='grc' dir='ltr'>Διά</span> <span class='ocrx_word' id='word_1_357' title='bbox 1448 2763 1610 2816; x_wconf 86' lang='grc' dir='ltr'>τοῦτο</span> <span class='ocrx_word' id='word_1_358' title='bbox 1637 2763 1734 2812; x_wconf 66' lang='grc' dir='ltr'>καὶ</span> 
     </span>
    </p>
   </div>
   <div class='ocr_carea' id='block_1_47' title="bbox 129 2856 1734 2949">
    <p class='ocr_par' dir='ltr' id='par_1_47' title="bbox 129 2856 1734 2949">
     <span class='ocr_line' id='line_1_49' title="bbox 129 2856 1734 2949; baseline -0.015 -18"><span class='ocrx_word' id='word_1_359' title='bbox 129 2881 215 2933; x_wconf 76' lang='grc' dir='ltr'><strong>τοῦ</strong></span> <span class='ocrx_word' id='word_1_360' title='bbox 241 2882 502 2949; x_wconf 75' lang='grc' dir='ltr'>γράφειν</span> <span class='ocrx_word' id='word_1_361' title='bbox 526 2891 612 2928; x_wconf 87' lang='grc' dir='ltr'><strong>σοι</strong></span> <span class='ocrx_word' id='word_1_362' title='bbox 636 2875 786 2934; x_wconf 81' lang='grc' dir='ltr'>ὅπως</span> <span class='ocrx_word' id='word_1_363' title='bbox 807 2871 886 2923; x_wconf 83' lang='grc' dir='ltr'><strong>δεῖ</strong></span> <span class='ocrx_word' id='word_1_364' title='bbox 911 2885 969 2922; x_wconf 80' lang='grc' dir='ltr'><strong>σε</strong></span> <span class='ocrx_word' id='word_1_365' title='bbox 995 2865 1065 2920; x_wconf 84' lang='grc' dir='ltr'>τὰ</span> <span class='ocrx_word' id='word_1_366' title='bbox 1086 2866 1183 2931; x_wconf 86' lang='grc' dir='ltr'><strong>τῆς</strong></span> <span class='ocrx_word' id='word_1_367' title='bbox 1206 2864 1300 2916; x_wconf 82' lang='grc' dir='ltr'><strong>τοῦ</strong></span> <span class='ocrx_word' id='word_1_368' title='bbox 1327 2858 1465 2913; x_wconf 85' lang='grc' dir='ltr'>Θεοῦ</span> <span class='ocrx_word' id='word_1_369' title='bbox 1504 2856 1734 2926; x_wconf 82' lang='grc' dir='ltr'>Ἐκκλη-</span> 
     </span>
    </p>
   </div>
   <div class='ocr_carea' id='block_1_48' title="bbox 133 2952 1732 3046">
    <p class='ocr_par' dir='ltr' id='par_1_48' title="bbox 133 2952 1732 3046">
     <span class='ocr_line' id='line_1_50' title="bbox 133 2952 1732 3046; baseline -0.016 -18"><span class='ocrx_word' id='word_1_370' title='bbox 133 2978 247 3038; x_wconf 65' lang='lat' dir='ltr'><strong>cia;</strong></span> <span class='ocrx_word' id='word_1_371' title='bbox 276 2973 604 3046; x_wconf 76' lang='grc' dir='ltr'>πράγματα</span> <span class='ocrx_word' id='word_1_372' title='bbox 632 2969 856 3022; x_wconf 79' lang='grc' dir='ltr'>διοικεῖν</span> <span class='ocrx_word' id='word_1_373' title='bbox 891 2959 1269 3032; x_wconf 82' lang='grc' dir='ltr'>ἀπεσχόμεθα.</span> <span class='ocrx_word' id='word_1_374' title='bbox 1307 2957 1592 3017; x_wconf 80' lang='grc' dir='ltr'>Πείσαντες</span> <span class='ocrx_word' id='word_1_375' title='bbox 1623 2952 1732 3021; x_wconf 79' lang='grc' dir='ltr'><strong>γὰρ</strong></span> 
     </span>
    </p>
   </div>
   <div class='ocr_carea' id='block_1_49' title="bbox 136 3046 1736 3135">
    <p class='ocr_par' dir='ltr' id='par_1_49' title="bbox 136 3046 1736 3135">
     <span class='ocr_line' id='line_1_51' title="bbox 136 3046 1736 3135; baseline -0.018 -11"><span class='ocrx_word' id='word_1_376' title='bbox 136 3070 278 3135; x_wconf 67' lang='lat' dir='ltr'><strong>ams</strong></span> <span class='ocrx_word' id='word_1_377' title='bbox 343 3066 616 3126; x_wconf 71' lang='grc' dir='ltr'>ἑαυτοὺς,</span> <span class='ocrx_word' id='word_1_378' title='bbox 675 3063 759 3114; x_wconf 83' lang='grc' dir='ltr'>ὅτι</span> <span class='ocrx_word' id='word_1_379' title='bbox 811 3057 1028 3131; x_wconf 82' lang='grc' dir='ltr'>πρῶτον</span> <span class='ocrx_word' id='word_1_380' title='bbox 1062 3057 1161 3126; x_wconf 81' lang='grc' dir='ltr'>μὲν</span> <span class='ocrx_word' id='word_1_381' title='bbox 1202 3055 1280 3114; x_wconf 80' lang='grc' dir='ltr'>εἰς</span> <span class='ocrx_word' id='word_1_382' title='bbox 1313 3050 1446 3104; x_wconf 77' lang='grc' dir='ltr'>Θεὸν</span> <span class='ocrx_word' id='word_1_383' title='bbox 1475 3049 1607 3118; x_wconf 78' lang='grc' dir='ltr'>ὁρᾷς</span> <span class='ocrx_word' id='word_1_384' title='bbox 1640 3046 1736 3098; x_wconf 76' lang='grc' dir='ltr'><strong>καὶ</strong></span> 
     </span>
    </p>
   </div>
   <div class='ocr_carea' id='block_1_50' title="bbox 134 3137 1734 3222">
    <p class='ocr_par' dir='ltr' id='par_1_50' title="bbox 134 3137 1734 3222">
     <span class='ocr_line' id='line_1_52' title="bbox 134 3137 1734 3222; baseline -0.016 -7"><span class='ocrx_word' id='word_1_385' title='bbox 134 3167 187 3214; x_wconf 71' lang='grc' dir='ltr'>τδ</span> <span class='ocrx_word' id='word_1_386' title='bbox 217 3161 441 3214; x_wconf 77' lang='grc' dir='ltr'>ἐκείνου</span> <span class='ocrx_word' id='word_1_387' title='bbox 508 3155 838 3222; x_wconf 79' lang='grc' dir='ltr'>κατάκριμα</span> <span class='ocrx_word' id='word_1_388' title='bbox 904 3149 1170 3219; x_wconf 81' lang='grc' dir='ltr'>φρίττεις,</span> <span class='ocrx_word' id='word_1_389' title='bbox 1201 3145 1393 3198; x_wconf 80' lang='grc' dir='ltr'>ἔπειτα</span> <span class='ocrx_word' id='word_1_390' title='bbox 1427 3141 1483 3194; x_wconf 75' lang='grc' dir='ltr'>δὲ</span> <span class='ocrx_word' id='word_1_391' title='bbox 1524 3141 1607 3193; x_wconf 85' lang='grc' dir='ltr'>ὅτι</span> <span class='ocrx_word' id='word_1_392' title='bbox 1640 3137 1734 3191; x_wconf 71' lang='grc' dir='ltr'><strong>καὶ</strong></span> 
     </span>
    </p>
   </div>
   <div class='ocr_carea' id='block_1_51' title="bbox 136 3233 1303 3320">
    <p class='ocr_par' dir='ltr' id='par_1_51' title="bbox 136 3233 1303 3320">
     <span class='ocr_line' id='line_1_53' title="bbox 136 3233 1303 3320; baseline -0.015 -15"><span class='ocrx_word' id='word_1_393' title='bbox 136 3253 238 3304; x_wconf 71' lang='grc' dir='ltr'>τῶν</span> <span class='ocrx_word' id='word_1_394' title='bbox 297 3248 680 3320; x_wconf 83' lang='grc' dir='ltr'>ἀνθρωπίνων</span> <span class='ocrx_word' id='word_1_395' title='bbox 725 3240 1004 3310; x_wconf 80' lang='grc' dir='ltr'>λογισμῶν</span> <span class='ocrx_word' id='word_1_396' title='bbox 1035 3233 1117 3300; x_wconf 75' lang='grc' dir='ltr'>οἷς</span> <span class='ocrx_word' id='word_1_397' title='bbox 1147 3238 1209 3289; x_wconf 83' lang='grc' dir='ltr'><strong>τὸ</strong></span> <span class='ocrx_word' id='word_1_398' title='bbox 1247 3236 1303 3288; x_wconf 84' lang='grc' dir='ltr'><strong>δέ</strong></span> 
     </span>
    </p>
   </div>
   <div class='ocr_carea' id='block_1_52' title="bbox 139 3324 1736 3414">
    <p class='ocr_par' dir='ltr' id='par_1_52' title="bbox 139 3324 1736 3414">
     <span class='ocr_line' id='line_1_54' title="bbox 139 3324 1736 3414; baseline -0.014 -18"><span class='ocrx_word' id='word_1_399' title='bbox 139 3347 419 3414; x_wconf 76' lang='grc' dir='ltr'>ὑστερεῖς,</span> <span class='ocrx_word' id='word_1_400' title='bbox 482 3336 744 3407; x_wconf 75' lang='grc' dir='ltr'>περιττὸν</span> <span class='ocrx_word' id='word_1_401' title='bbox 793 3330 1126 3404; x_wconf 75' lang='grc' dir='ltr'>ἡγησάμεθα</span> <span class='ocrx_word' id='word_1_402' title='bbox 1169 3328 1264 3382; x_wconf 88' lang='grc' dir='ltr'><strong>τοῦ</strong></span> <span class='ocrx_word' id='word_1_403' title='bbox 1308 3324 1736 3398; x_wconf 84' lang='grc' dir='ltr'>προστιθέναιτι</span> 
     </span>
    </p>
   </div>
   <div class='ocr_carea' id='block_1_53' title="bbox 139 3414 1736 3508">
    <p class='ocr_par' dir='ltr' id='par_1_53' title="bbox 139 3414 1736 3508">
     <span class='ocr_line' id='line_1_55' title="bbox 139 3414 1736 3508; baseline -0.017 -17"><span class='ocrx_word' id='word_1_404' title='bbox 139 3439 261 3508; x_wconf 74' lang='grc' dir='ltr'>παρ’</span> <span class='ocrx_word' id='word_1_405' title='bbox 301 3432 532 3489; x_wconf 76' lang='grc' dir='ltr'>ἑαυτῶν</span> <span class='ocrx_word' id='word_1_406' title='bbox 558 3429 700 3500; x_wconf 78' lang='grc' dir='ltr'>πρὸς</span> <span class='ocrx_word' id='word_1_407' title='bbox 733 3425 832 3498; x_wconf 80' lang='grc' dir='ltr'><strong>τὴν</strong></span> <span class='ocrx_word' id='word_1_408' title='bbox 863 3426 1095 3479; x_wconf 81' lang='grc' dir='ltr'>δέουσαν</span> <span class='ocrx_word' id='word_1_409' title='bbox 1130 3421 1238 3473; x_wconf 84' lang='grc' dir='ltr'><strong>τῶν</strong></span> <span class='ocrx_word' id='word_1_410' title='bbox 1274 3421 1370 3487; x_wconf 83' lang='grc' dir='ltr'><strong>τῆς</strong></span> <span class='ocrx_word' id='word_1_411' title='bbox 1410 3414 1736 3485; x_wconf 82' lang='grc' dir='ltr'>Ἐκκλησίας</span> 
     </span>
    </p>
   </div>
   <div class='ocr_carea' id='block_1_54' title="bbox 140 3507 1739 3597">
    <p class='ocr_par' dir='ltr' id='par_1_54' title="bbox 140 3507 1739 3597">
     <span class='ocr_line' id='line_1_56' title="bbox 140 3507 1739 3597; baseline -0.015 -17"><span class='ocrx_word' id='word_1_412' title='bbox 140 3525 498 3597; x_wconf 73' lang='grc' dir='ltr'>πραγμάτων</span> <span class='ocrx_word' id='word_1_413' title='bbox 538 3521 828 3587; x_wconf 79' lang='grc' dir='ltr'>διοίκησιν,</span> <span class='ocrx_word' id='word_1_414' title='bbox 860 3519 962 3584; x_wconf 84' lang='grc' dir='ltr'>ὅση</span> <span class='ocrx_word' id='word_1_415' title='bbox 991 3533 1051 3568; x_wconf 85' lang='grc' dir='ltr'><strong>τε</strong></span> <span class='ocrx_word' id='word_1_416' title='bbox 1076 3517 1133 3567; x_wconf 80' lang='grc' dir='ltr'><strong>έν</strong></span> <span class='ocrx_word' id='word_1_417' title='bbox 1171 3515 1238 3583; x_wconf 82' lang='grc' dir='ltr'>τῇ</span> <span class='ocrx_word' id='word_1_418' title='bbox 1269 3510 1604 3564; x_wconf 80' lang='grc' dir='ltr'>καταστάσει</span> <span class='ocrx_word' id='word_1_419' title='bbox 1629 3507 1739 3559; x_wconf 83' lang='grc' dir='ltr'><strong>τῶν</strong></span> 
     </span>
    </p>
   </div>
   <div class='ocr_carea' id='block_1_55' title="bbox 140 3598 1740 3685">
    <p class='ocr_par' dir='ltr' id='par_1_55' title="bbox 140 3598 1740 3685">
     <span class='ocr_line' id='line_1_57' title="bbox 140 3598 1740 3685; baseline -0.013 -15"><span class='ocrx_word' id='word_1_420' title='bbox 140 3621 355 3685; x_wconf 77' lang='grc' dir='ltr'>ἱερέων,</span> <span class='ocrx_word' id='word_1_421' title='bbox 418 3612 524 3666; x_wconf 67' lang='grc' dir='ltr'>καὶ</span> <span class='ocrx_word' id='word_1_422' title='bbox 577 3612 682 3679; x_wconf 78' lang='grc' dir='ltr'>ὅση</span> <span class='ocrx_word' id='word_1_423' title='bbox 713 3611 772 3662; x_wconf 76' lang='grc' dir='ltr'>ὲν</span> <span class='ocrx_word' id='word_1_424' title='bbox 809 3607 1104 3676; x_wconf 70' lang='grc' dir='ltr'>ἐπιμελείᾳ</span> <span class='ocrx_word' id='word_1_425' title='bbox 1136 3605 1442 3674; x_wconf 84' lang='grc' dir='ltr'>γεωργικῇ.</span> <span class='ocrx_word' id='word_1_426' title='bbox 1475 3600 1647 3653; x_wconf 82' lang='grc' dir='ltr'>Τοῦτο</span> <span class='ocrx_word' id='word_1_427' title='bbox 1685 3598 1740 3650; x_wconf 85' lang='grc' dir='ltr'>δὲ</span> 
     </span>
    </p>
   </div>
   <div class='ocr_carea' id='block_1_56' title="bbox 142 3688 1740 3777">
    <p class='ocr_par' dir='ltr' id='par_1_56' title="bbox 142 3688 1740 3777">
     <span class='ocr_line' id='line_1_58' title="bbox 142 3688 1740 3777; baseline -0.013 -17"><span class='ocrx_word' id='word_1_428' title='bbox 142 3710 298 3777; x_wconf 69' lang='grc' dir='ltr'>μόνον</span> <span class='ocrx_word' id='word_1_429' title='bbox 369 3705 696 3775; x_wconf 66' lang='grc' dir='ltr'>γράφομεν,</span> <span class='ocrx_word' id='word_1_430' title='bbox 749 3701 888 3768; x_wconf 84' lang='grc' dir='ltr'>ὅπερ</span> <span class='ocrx_word' id='word_1_431' title='bbox 928 3698 1140 3769; x_wconf 65' lang='grc' dir='ltr'>ᾔτησας</span> <span class='ocrx_word' id='word_1_432' title='bbox 1173 3695 1269 3749; x_wconf 87' lang='grc' dir='ltr'><strong>τοῦ</strong></span> <span class='ocrx_word' id='word_1_433' title='bbox 1313 3692 1523 3758; x_wconf 80' lang='grc' dir='ltr'>ἀνοῖξαι</span> <span class='ocrx_word' id='word_1_434' title='bbox 1557 3692 1656 3760; x_wconf 81' lang='grc' dir='ltr'>μὲν</span> <span class='ocrx_word' id='word_1_435' title='bbox 1680 3688 1740 3742; x_wconf 79' lang='grc' dir='ltr'>τὸ</span> 
     </span>
    </p>
   </div>
   <div class='ocr_carea' id='block_1_57' title="bbox 143 3782 1740 3869">
    <p class='ocr_par' dir='ltr' id='par_1_57' title="bbox 143 3782 1740 3869">
     <span class='ocr_line' id='line_1_59' title="bbox 143 3782 1740 3869; baseline -0.014 -15"><span class='ocrx_word' id='word_1_436' title='bbox 143 3799 639 3869; x_wconf 72' lang='grc' dir='ltr'>σκευοφυλακεῖον,</span> <span class='ocrx_word' id='word_1_437' title='bbox 701 3793 1010 3860; x_wconf 80' lang='grc' dir='ltr'>ἐξενεγκεῖν</span> <span class='ocrx_word' id='word_1_438' title='bbox 1046 3789 1103 3841; x_wconf 80' lang='grc' dir='ltr'>δὲ</span> <span class='ocrx_word' id='word_1_439' title='bbox 1165 3787 1226 3840; x_wconf 73' lang='grc' dir='ltr'>τὸ</span> <span class='ocrx_word' id='word_1_440' title='bbox 1261 3787 1505 3855; x_wconf 72' lang='grc' dir='ltr'>χαρτῖον,</span> <span class='ocrx_word' id='word_1_441' title='bbox 1543 3783 1570 3835; x_wconf 83' lang='grc' dir='ltr'><strong>ὃ</strong></span> <span class='ocrx_word' id='word_1_442' title='bbox 1604 3782 1740 3853; x_wconf 76' lang='grc' dir='ltr'>πρὸς</span> 
     </span>
    </p>
   </div>
   <div class='ocr_carea' id='block_1_58' title="bbox 141 3875 1742 3960">
    <p class='ocr_par' dir='ltr' id='par_1_58' title="bbox 141 3875 1742 3960">
     <span class='ocr_line' id='line_1_60' title="bbox 141 3875 1742 3960; baseline -0.013 -14"><span class='ocrx_word' id='word_1_443' title='bbox 141 3899 195 3946; x_wconf 60' lang='grc' dir='ltr'><strong>τὸ</strong></span> <span class='ocrx_word' id='word_1_444' title='bbox 240 3890 673 3960; x_wconf 78' lang='grc' dir='ltr'>ἀνεπηρέαστον</span> <span class='ocrx_word' id='word_1_445' title='bbox 729 3885 840 3938; x_wconf 80' lang='grc' dir='ltr'>τῶν</span> <span class='ocrx_word' id='word_1_446' title='bbox 910 3881 1102 3953; x_wconf 79' lang='grc' dir='ltr'>ἱερέων</span> <span class='ocrx_word' id='word_1_447' title='bbox 1153 3880 1250 3949; x_wconf 87' lang='grc' dir='ltr'><strong>τῆς</strong></span> <span class='ocrx_word' id='word_1_448' title='bbox 1314 3875 1640 3945; x_wconf 83' lang='grc' dir='ltr'>Ἐκκλησίας</span> <span class='ocrx_word' id='word_1_449' title='bbox 1693 3875 1742 3925; x_wconf 79' lang='grc' dir='ltr'>οἱ</span> 
     </span>
    </p>
   </div>
   <div class='ocr_carea' id='block_1_59' title="bbox 147 3965 1744 4051">
    <p class='ocr_par' dir='ltr' id='par_1_59' title="bbox 147 3965 1744 4051">
     <span class='ocr_line' id='line_1_61' title="bbox 147 3965 1744 4051; baseline -0.015 -12"><span class='ocrx_word' id='word_1_450' title='bbox 147 3987 285 4039; x_wconf 79' lang='grc' dir='ltr'>κατά</span> <span class='ocrx_word' id='word_1_451' title='bbox 316 3983 563 4051; x_wconf 68' lang='grc' dir='ltr'>καιροὺς</span> <span class='ocrx_word' id='word_1_452' title='bbox 621 3980 830 4032; x_wconf 75' lang='grc' dir='ltr'>ἔδωκαν</span> <span class='ocrx_word' id='word_1_453' title='bbox 881 3974 1144 4044; x_wconf 80' lang='grc' dir='ltr'>βασιλεῖς,</span> <span class='ocrx_word' id='word_1_454' title='bbox 1179 3970 1315 4024; x_wconf 81' lang='grc' dir='ltr'><strong>ἀλλά</strong></span> <span class='ocrx_word' id='word_1_455' title='bbox 1364 3969 1460 4024; x_wconf 76' lang='grc' dir='ltr'>καὶ</span> <span class='ocrx_word' id='word_1_456' title='bbox 1492 3968 1634 4021; x_wconf 82' lang='grc' dir='ltr'>ὥστε</span> <span class='ocrx_word' id='word_1_457' title='bbox 1675 3965 1744 4016; x_wconf 79' lang='grc' dir='ltr'>τὰ</span> 
     </span>
    </p>
   </div>
   <div class='ocr_carea' id='block_1_60' title="bbox 146 4061 1742 4149">
    <p class='ocr_par' dir='ltr' id='par_1_60' title="bbox 146 4061 1742 4149">
     <span class='ocr_line' id='line_1_62' title="bbox 146 4061 1742 4149; baseline -0.015 -16"><span class='ocrx_word' id='word_1_458' title='bbox 146 4080 263 4149; x_wconf 77' lang='grc' dir='ltr'>ἱερά</span> <span class='ocrx_word' id='word_1_459' title='bbox 317 4077 509 4129; x_wconf 80' lang='grc' dir='ltr'>πάντα</span> <span class='ocrx_word' id='word_1_460' title='bbox 555 4068 962 4137; x_wconf 63' lang='grc' dir='ltr'>ἐπισκέψασθαι</span> <span class='ocrx_word' id='word_1_461' title='bbox 999 4067 1070 4120; x_wconf 77' lang='grc' dir='ltr'><strong>τά</strong></span> <span class='ocrx_word' id='word_1_462' title='bbox 1107 4069 1174 4135; x_wconf 85' lang='grc' dir='ltr'>τῇ</span> <span class='ocrx_word' id='word_1_463' title='bbox 1204 4061 1541 4134; x_wconf 84' lang='grc' dir='ltr'>μητροπόλει</span> <span class='ocrx_word' id='word_1_464' title='bbox 1569 4073 1742 4130; x_wconf 89' lang='grc' dir='ltr'>προσ-</span> 
     </span>
    </p>
   </div>
   <div class='ocr_carea' id='block_1_61' title="bbox 147 4150 1744 4235">
    <p class='ocr_par' dir='ltr' id='par_1_61' title="bbox 147 4150 1744 4235">
     <span class='ocr_line' id='line_1_63' title="bbox 147 4150 1744 4235; baseline -0.013 -15"><span class='ocrx_word' id='word_1_465' title='bbox 147 4174 290 4232; x_wconf 68' lang='grc' dir='ltr'>όντα,</span> <span class='ocrx_word' id='word_1_466' title='bbox 326 4167 428 4219; x_wconf 75' lang='grc' dir='ltr'>καὶ</span> <span class='ocrx_word' id='word_1_467' title='bbox 466 4165 574 4235; x_wconf 79' lang='grc' dir='ltr'>τὴν</span> <span class='ocrx_word' id='word_1_468' title='bbox 601 4163 807 4217; x_wconf 86' lang='grc' dir='ltr'>τούτων</span> <span class='ocrx_word' id='word_1_469' title='bbox 854 4157 1228 4229; x_wconf 78' lang='grc' dir='ltr'>παραγραφὴν</span> <span class='ocrx_word' id='word_1_470' title='bbox 1253 4152 1572 4208; x_wconf 86' lang='grc' dir='ltr'>ἀποστεῖλαι</span> <span class='ocrx_word' id='word_1_471' title='bbox 1607 4150 1744 4220; x_wconf 68' lang='grc' dir='ltr'>πρὸς</span> 
     </span>
    </p>
   </div>
   <div class='ocr_carea' id='block_1_62' title="bbox 149 4240 1744 4332">
    <p class='ocr_par' dir='ltr' id='par_1_62' title="bbox 149 4240 1744 4332">
     <span class='ocr_line' id='line_1_64' title="bbox 149 4240 1744 4332; baseline -0.016 -17"><span class='ocrx_word' id='word_1_472' title='bbox 149 4265 311 4332; x_wconf 68' lang='grc' dir='ltr'>ἡμᾶς,</span> <span class='ocrx_word' id='word_1_473' title='bbox 347 4257 538 4312; x_wconf 88' lang='grc' dir='ltr'>Τοῦτο</span> <span class='ocrx_word' id='word_1_474' title='bbox 563 4251 1048 4321; x_wconf 72' lang='grc' dir='ltr'>ἐπιτελεσάμενος,</span> <span class='ocrx_word' id='word_1_475' title='bbox 1077 4247 1175 4302; x_wconf 50' lang='grc' dir='ltr'><strong>καλ¹</strong></span> <span class='ocrx_word' id='word_1_476' title='bbox 1203 4245 1303 4306; x_wconf 74' lang='grc' dir='ltr'><strong>τὰς</strong></span> <span class='ocrx_word' id='word_1_477' title='bbox 1333 4241 1493 4314; x_wconf 80' lang='grc' dir='ltr'>ἡμῶν</span> <span class='ocrx_word' id='word_1_478' title='bbox 1518 4240 1744 4302; x_wconf 66' lang='grc' dir='ltr'>ἐλπίδας</span> 
     </span>
    </p>
   </div>
   <div class='ocr_carea' id='block_1_63' title="bbox 153 4334 1741 4426">
    <p class='ocr_par' dir='ltr' id='par_1_63' title="bbox 153 4334 1741 4426">
     <span class='ocr_line' id='line_1_65' title="bbox 153 4334 1741 4426; baseline -0.016 -17"><span class='ocrx_word' id='word_1_479' title='bbox 153 4359 223 4426; x_wconf 75' lang='grc' dir='ltr'>μὴ</span> <span class='ocrx_word' id='word_1_480' title='bbox 251 4349 636 4420; x_wconf 80' lang='grc' dir='ltr'>καταισχῦναι</span> <span class='ocrx_word' id='word_1_481' title='bbox 682 4347 773 4399; x_wconf 86' lang='grc' dir='ltr'><strong>διά</strong></span> <span class='ocrx_word' id='word_1_482' title='bbox 834 4342 1075 4412; x_wconf 82' lang='grc' dir='ltr'>σπουδῆς</span> <span class='ocrx_word' id='word_1_483' title='bbox 1118 4339 1467 4407; x_wconf 87' lang='grc' dir='ltr'>ποιούμενος,</span> <span class='ocrx_word' id='word_1_484' title='bbox 1509 4334 1741 4404; x_wconf 69' lang='grc' dir='ltr'>ἔρρωσο.</span> 
     </span>
    </p>
   </div>
   <div class='ocr_carea' id='block_1_64' title="bbox 564 4454 1332 4526">
    <p class='ocr_par' dir='ltr' id='par_1_64' title="bbox 564 4454 1332 4526">
     <span class='ocr_line' id='line_1_66' title="bbox 564 4454 1332 4526; baseline -0.014 -10"><span class='ocrx_word' id='word_1_485' title='bbox 564 4459 698 4517; x_wconf 83' lang='lat' dir='ltr'><strong>AH&#39;.</strong></span> <span class='ocrx_word' id='word_1_486' title='bbox 731 4456 971 4526; x_wconf 75' lang='grc' dir='ltr'>Φιλητῷ</span> <span class='ocrx_word' id='word_1_487' title='bbox 991 4454 1332 4525; x_wconf 75' lang='grc' dir='ltr'>μονάζοντι.</span> 
     </span>
    </p>
   </div>
   <div class='ocr_carea' id='block_1_65' title="bbox 224 4554 1818 4651">
    <p class='ocr_par' dir='ltr' id='par_1_65' title="bbox 224 4554 1818 4651">
     <span class='ocr_line' id='line_1_67' title="bbox 224 4554 1818 4651; baseline -0.015 -15"><span class='ocrx_word' id='word_1_488' title='bbox 224 4583 397 4651; x_wconf 78' lang='grc' dir='ltr'>Ἐγὼ,</span> <span class='ocrx_word' id='word_1_489' title='bbox 433 4582 628 4632; x_wconf 82' lang='grc' dir='ltr'>τέκνον</span> <span class='ocrx_word' id='word_1_490' title='bbox 663 4574 819 4645; x_wconf 82' lang='grc' dir='ltr'>έμδν,</span> <span class='ocrx_word' id='word_1_491' title='bbox 850 4571 1009 4626; x_wconf 89' lang='grc' dir='ltr'>τοῦτο</span> <span class='ocrx_word' id='word_1_492' title='bbox 1056 4571 1104 4622; x_wconf 79' lang='grc' dir='ltr'><strong>εί</strong></span> <span class='ocrx_word' id='word_1_493' title='bbox 1157 4569 1251 4622; x_wconf 68' lang='grc' dir='ltr'><strong>καὶ</strong></span> <span class='ocrx_word' id='word_1_494' title='bbox 1289 4563 1612 4636; x_wconf 78' lang='grc' dir='ltr'>ἁμαρτωλὸς</span> <span class='ocrx_word' id='word_1_495' title='bbox 1654 4560 1743 4614; x_wconf 75' lang='grc' dir='ltr'>εὖ-</span> <span class='ocrx_word' id='word_1_496' title='bbox 1773 4554 1818 4612; x_wconf 87' lang='lat' dir='ltr'><strong>D</strong></span> 
     </span>
    </p>
   </div>
   <div class='ocr_carea' id='block_1_66' title="bbox 161 4656 1744 4745">
    <p class='ocr_par' dir='ltr' id='par_1_66' title="bbox 161 4656 1744 4745">
     <span class='ocr_line' id='line_1_68' title="bbox 161 4656 1744 4745; baseline -0.014 -17"><span class='ocrx_word' id='word_1_497' title='bbox 161 4694 315 4745; x_wconf 74' lang='grc' dir='ltr'>χομαι</span> <span class='ocrx_word' id='word_1_498' title='bbox 388 4673 609 4731; x_wconf 84' lang='grc' dir='ltr'>πάντας</span> <span class='ocrx_word' id='word_1_499' title='bbox 664 4667 880 4736; x_wconf 70' lang='grc' dir='ltr'>ἐκείνην</span> <span class='ocrx_word' id='word_1_500' title='bbox 932 4665 1034 4732; x_wconf 78' lang='grc' dir='ltr'><strong>τὴν</strong></span> <span class='ocrx_word' id='word_1_501' title='bbox 1094 4661 1214 4715; x_wconf 82' lang='grc' dir='ltr'>ὁδὸν</span> <span class='ocrx_word' id='word_1_502' title='bbox 1281 4659 1544 4730; x_wconf 79' lang='grc' dir='ltr'>βαδίζειν,</span> <span class='ocrx_word' id='word_1_503' title='bbox 1621 4656 1744 4726; x_wconf 75' lang='grc' dir='ltr'>ἥτις</span> 
     </span>
    </p>
   </div>
   <div class='ocr_carea' id='block_1_67' title="bbox 160 4743 1744 4833">
    <p class='ocr_par' dir='ltr' id='par_1_67' title="bbox 160 4743 1744 4833">
     <span class='ocr_line' id='line_1_69' title="bbox 160 4743 1744 4833; baseline -0.015 -14"><span class='ocrx_word' id='word_1_504' title='bbox 160 4767 417 4833; x_wconf 55' lang='grc' dir='ltr'>ἀφίστησι</span> <span class='ocrx_word' id='word_1_505' title='bbox 465 4760 567 4829; x_wconf 83' lang='grc' dir='ltr'><strong>τῆς</strong></span> <span class='ocrx_word' id='word_1_506' title='bbox 598 4757 868 4827; x_wconf 81' lang='grc' dir='ltr'>κοσμικῆς</span> <span class='ocrx_word' id='word_1_507' title='bbox 894 4754 1091 4815; x_wconf 65' lang='grc' dir='ltr'>αὐτοὺς</span> <span class='ocrx_word' id='word_1_508' title='bbox 1124 4750 1467 4819; x_wconf 83' lang='grc' dir='ltr'>συγχύσεως,</span> <span class='ocrx_word' id='word_1_509' title='bbox 1505 4749 1644 4816; x_wconf 74' lang='grc' dir='ltr'>πρὸς</span> <span class='ocrx_word' id='word_1_510' title='bbox 1687 4743 1744 4797; x_wconf 82' lang='grc' dir='ltr'>δὲ</span> 
     </span>
    </p>
   </div>
   <div class='ocr_carea' id='block_1_68' title="bbox 161 4837 1745 4925">
    <p class='ocr_par' dir='ltr' id='par_1_68' title="bbox 161 4837 1745 4925">
     <span class='ocr_line' id='line_1_70' title="bbox 161 4837 1745 4925; baseline -0.013 -16"><span class='ocrx_word' id='word_1_511' title='bbox 161 4862 248 4925; x_wconf 62' lang='grc' dir='ltr'><strong>τὴν</strong></span> <span class='ocrx_word' id='word_1_512' title='bbox 273 4859 556 4922; x_wconf 75' lang='grc' dir='ltr'>σωτήριον</span> <span class='ocrx_word' id='word_1_513' title='bbox 603 4852 810 4918; x_wconf 83' lang='grc' dir='ltr'>ἀπάγει</span> <span class='ocrx_word' id='word_1_514' title='bbox 861 4848 956 4900; x_wconf 69' lang='grc' dir='ltr'><strong>καὶ</strong></span> <span class='ocrx_word' id='word_1_515' title='bbox 1010 4846 1433 4910; x_wconf 70' lang='grc' dir='ltr'>κατασκήνωσιν</span> <span class='ocrx_word' id='word_1_516' title='bbox 1486 4839 1581 4892; x_wconf 75' lang='grc' dir='ltr'>καὶ</span> <span class='ocrx_word' id='word_1_517' title='bbox 1618 4837 1745 4890; x_wconf 87' lang='grc' dir='ltr'>ἀνά-</span> 
     </span>
    </p>
   </div>
   <div class='ocr_carea' id='block_1_69' title="bbox 159 4929 1747 5004">
    <p class='ocr_par' dir='ltr' id='par_1_69' title="bbox 159 4929 1747 5004">
     <span class='ocr_line' id='line_1_71' title="bbox 159 4929 1747 5004; baseline -0.012 -7"><span class='ocrx_word' id='word_1_518' title='bbox 159 4964 378 5001; x_wconf 71' lang='grc' dir='ltr'>παυσιν.</span> <span class='ocrx_word' id='word_1_519' title='bbox 448 4941 559 4995; x_wconf 76' lang='grc' dir='ltr'>Καὶ</span> <span class='ocrx_word' id='word_1_520' title='bbox 613 4939 667 4990; x_wconf 79' lang='grc' dir='ltr'><strong>εἴ</strong></span> <span class='ocrx_word' id='word_1_521' title='bbox 701 4954 766 5004; x_wconf 84' lang='grc' dir='ltr'><strong>γε</strong></span> <span class='ocrx_word' id='word_1_522' title='bbox 810 4937 1060 4999; x_wconf 69' lang='grc' dir='ltr'>δυνατὸν,</span> <span class='ocrx_word' id='word_1_523' title='bbox 1101 4935 1160 4986; x_wconf 83' lang='grc' dir='ltr'><strong>ού</strong></span> <span class='ocrx_word' id='word_1_524' title='bbox 1191 4934 1352 5003; x_wconf 85' lang='grc' dir='ltr'>μόνον</span> <span class='ocrx_word' id='word_1_525' title='bbox 1389 4929 1488 5000; x_wconf 72' lang='grc' dir='ltr'>τὴν</span> <span class='ocrx_word' id='word_1_526' title='bbox 1527 4929 1747 4997; x_wconf 80' lang='grc' dir='ltr'>αἴτησιν</span> 
     </span>
    </p>
   </div>
   <div class='ocr_carea' id='block_1_70' title="bbox 161 5020 1745 5100">
    <p class='ocr_par' dir='ltr' id='par_1_70' title="bbox 161 5020 1745 5100">
     <span class='ocr_line' id='line_1_72' title="bbox 161 5020 1745 5100; baseline -0.013 -10"><span class='ocrx_word' id='word_1_527' title='bbox 161 5040 234 5100; x_wconf 77' lang='grc' dir='ltr'>εἰς</span> <span class='ocrx_word' id='word_1_528' title='bbox 291 5036 452 5097; x_wconf 78' lang='grc' dir='ltr'>τέλος</span> <span class='ocrx_word' id='word_1_529' title='bbox 489 5032 723 5099; x_wconf 85' lang='grc' dir='ltr'>ἀγαγεῖν</span> <span class='ocrx_word' id='word_1_530' title='bbox 786 5030 906 5094; x_wconf 79' lang='grc' dir='ltr'>ειμι</span> <span class='ocrx_word' id='word_1_531' title='bbox 959 5025 1267 5097; x_wconf 85' lang='grc' dir='ltr'>πρόθυμος,</span> <span class='ocrx_word' id='word_1_532' title='bbox 1313 5022 1453 5076; x_wconf 83' lang='grc' dir='ltr'><strong>ἀλλά</strong></span> <span class='ocrx_word' id='word_1_533' title='bbox 1482 5023 1579 5074; x_wconf 74' lang='grc' dir='ltr'><strong>καὶ</strong></span> <span class='ocrx_word' id='word_1_534' title='bbox 1613 5020 1666 5071; x_wconf 85' lang='grc' dir='ltr'><strong>εῖ</strong></span> <span class='ocrx_word' id='word_1_535' title='bbox 1694 5035 1745 5072; x_wconf 89' lang='grc' dir='ltr'><strong>τι</strong></span> 
     </span>
    </p>
   </div>
   <div class='ocr_carea' id='block_1_71' title="bbox 162 5111 1743 5195">
    <p class='ocr_par' dir='ltr' id='par_1_71' title="bbox 162 5111 1743 5195">
     <span class='ocr_line' id='line_1_73' title="bbox 162 5111 1743 5195; baseline -0.014 -14"><span class='ocrx_word' id='word_1_536' title='bbox 162 5130 345 5189; x_wconf 57' lang='lat' dir='ltr'><strong>alio-0,</strong></span> <span class='ocrx_word' id='word_1_537' title='bbox 381 5125 550 5195; x_wconf 77' lang='grc' dir='ltr'>μόνον</span> <span class='ocrx_word' id='word_1_538' title='bbox 593 5124 644 5175; x_wconf 79' lang='grc' dir='ltr'><strong>ει</strong></span> <span class='ocrx_word' id='word_1_539' title='bbox 697 5115 1058 5190; x_wconf 63' lang='grc' dir='ltr'>ἐπηκολούθει</span> <span class='ocrx_word' id='word_1_540' title='bbox 1099 5115 1162 5168; x_wconf 77' lang='grc' dir='ltr'>τὸ</span> <span class='ocrx_word' id='word_1_541' title='bbox 1214 5111 1648 5182; x_wconf 66' lang='grc' dir='ltr'>σπουδαζόμενον</span> <span class='ocrx_word' id='word_1_542' title='bbox 1679 5111 1743 5179; x_wconf 81' lang='grc' dir='ltr'>τῇ</span> 
     </span>
    </p>
   </div>
   <div class='ocr_carea' id='block_1_72' title="bbox 163 5201 1744 5291">
    <p class='ocr_par' dir='ltr' id='par_1_72' title="bbox 163 5201 1744 5291">
     <span class='ocr_line' id='line_1_74' title="bbox 163 5201 1744 5291; baseline -0.013 -20"><span class='ocrx_word' id='word_1_543' title='bbox 163 5216 523 5291; x_wconf 79' lang='grc' dir='ltr'>προαιρέσει,</span> <span class='ocrx_word' id='word_1_544' title='bbox 582 5214 758 5265; x_wconf 82' lang='grc' dir='ltr'>ποιεῖν</span> <span class='ocrx_word' id='word_1_545' title='bbox 818 5209 1146 5279; x_wconf 72' lang='grc' dir='ltr'>ἐϐουλόμην.</span> <span class='ocrx_word' id='word_1_546' title='bbox 1217 5208 1334 5260; x_wconf 80' lang='grc' dir='ltr'><strong>Οὐκ</strong></span> <span class='ocrx_word' id='word_1_547' title='bbox 1395 5205 1609 5273; x_wconf 86' lang='grc' dir='ltr'>ἀγνοεῖς</span> <span class='ocrx_word' id='word_1_548' title='bbox 1657 5201 1744 5264; x_wconf 84' lang='grc' dir='ltr'>δὲ,</span> 
     </span>
    </p>
   </div>
   <div class='ocr_carea' id='block_1_73' title="bbox 163 5293 1746 5376">
    <p class='ocr_par' dir='ltr' id='par_1_73' title="bbox 163 5293 1746 5376">
     <span class='ocr_line' id='line_1_75' title="bbox 163 5293 1746 5376; baseline -0.011 -15"><span class='ocrx_word' id='word_1_549' title='bbox 163 5314 352 5364; x_wconf 69' lang='grc' dir='ltr'>τέκνον</span> <span class='ocrx_word' id='word_1_550' title='bbox 384 5305 573 5376; x_wconf 71' lang='grc' dir='ltr'>ἡμῶν,</span> <span class='ocrx_word' id='word_1_551' title='bbox 604 5303 699 5357; x_wconf 77' lang='grc' dir='ltr'>καὶ</span> <span class='ocrx_word' id='word_1_552' title='bbox 757 5303 932 5372; x_wconf 73' lang='grc' dir='ltr'>χωρὶς</span> <span class='ocrx_word' id='word_1_553' title='bbox 967 5301 1076 5354; x_wconf 84' lang='grc' dir='ltr'>τῶν</span> <span class='ocrx_word' id='word_1_554' title='bbox 1106 5300 1394 5371; x_wconf 76' lang='grc' dir='ltr'>ἡμετέρων</span> <span class='ocrx_word' id='word_1_555' title='bbox 1438 5296 1612 5362; x_wconf 85' lang='grc' dir='ltr'>λόγων</span> <span class='ocrx_word' id='word_1_556' title='bbox 1647 5293 1746 5364; x_wconf 78' lang='grc' dir='ltr'><strong>τὴν</strong></span> 
     </span>
    </p>
   </div>
   <div class='ocr_carea' id='block_1_74' title="bbox 165 5387 1748 5467">
    <p class='ocr_par' dir='ltr' id='par_1_74' title="bbox 165 5387 1748 5467">
     <span class='ocr_line' id='line_1_76' title="bbox 165 5387 1748 5467; baseline -0.012 -12"><span class='ocrx_word' id='word_1_557' title='bbox 165 5404 504 5457; x_wconf 81' lang='grc' dir='ltr'>κατάστασιν</span> <span class='ocrx_word' id='word_1_558' title='bbox 557 5397 666 5450; x_wconf 84' lang='grc' dir='ltr'><strong>τῶν</strong></span> <span class='ocrx_word' id='word_1_559' title='bbox 722 5394 1092 5467; x_wconf 83' lang='grc' dir='ltr'>πραγμάτων,</span> <span class='ocrx_word' id='word_1_560' title='bbox 1137 5391 1230 5444; x_wconf 85' lang='grc' dir='ltr'><strong>καί</strong></span> <span class='ocrx_word' id='word_1_561' title='bbox 1275 5389 1351 5452; x_wconf 82' lang='grc' dir='ltr'>ὡς</span> <span class='ocrx_word' id='word_1_562' title='bbox 1383 5389 1536 5441; x_wconf 82' lang='grc' dir='ltr'>ούδέν</span> <span class='ocrx_word' id='word_1_563' title='bbox 1580 5387 1748 5454; x_wconf 74' lang='grc' dir='ltr'>ἐσμεν</span> 
     </span>
    </p>
   </div>
   <div class='ocr_carea' id='block_1_75' title="bbox 164 5479 1747 5560">
    <p class='ocr_par' dir='ltr' id='par_1_75' title="bbox 164 5479 1747 5560">
     <span class='ocr_line' id='line_1_77' title="bbox 164 5479 1747 5560; baseline -0.009 -16"><span class='ocrx_word' id='word_1_564' title='bbox 164 5495 380 5546; x_wconf 70' lang='grc' dir='ltr'>δυνατοὶ</span> <span class='ocrx_word' id='word_1_565' title='bbox 443 5492 584 5560; x_wconf 77' lang='grc' dir='ltr'>πρὸς</span> <span class='ocrx_word' id='word_1_566' title='bbox 626 5490 728 5559; x_wconf 82' lang='grc' dir='ltr'>τὴν</span> <span class='ocrx_word' id='word_1_567' title='bbox 770 5485 1027 5542; x_wconf 75' lang='grc' dir='ltr'>ὑπόθεσιν</span> <span class='ocrx_word' id='word_1_568' title='bbox 1066 5482 1387 5555; x_wconf 75' lang='grc' dir='ltr'>συμϐαλεῖν,</span> <span class='ocrx_word' id='word_1_569' title='bbox 1425 5479 1542 5534; x_wconf 80' lang='grc' dir='ltr'>ἀλλ’</span> <span class='ocrx_word' id='word_1_570' title='bbox 1577 5479 1747 5532; x_wconf 81' lang='grc' dir='ltr'>ὁπόσα</span> 
     </span>
    </p>
   </div>
   <div class='ocr_carea' id='block_1_76' title="bbox 168 5569 1749 5655">
    <p class='ocr_par' dir='ltr' id='par_1_76' title="bbox 168 5569 1749 5655">
     <span class='ocr_line' id='line_1_78' title="bbox 168 5569 1749 5655; baseline -0.013 -14"><span class='ocrx_word' id='word_1_571' title='bbox 168 5591 254 5643; x_wconf 74' lang='grc' dir='ltr'><strong>καὶ</strong></span> <span class='ocrx_word' id='word_1_572' title='bbox 296 5584 664 5655; x_wconf 83' lang='grc' dir='ltr'>ἀγωνιεῖσθαι</span> <span class='ocrx_word' id='word_1_573' title='bbox 733 5583 996 5654; x_wconf 76' lang='grc' dir='ltr'>δόξομεν,</span> <span class='ocrx_word' id='word_1_574' title='bbox 1057 5581 1317 5650; x_wconf 80' lang='grc' dir='ltr'>ρυήσεται</span> <span class='ocrx_word' id='word_1_575' title='bbox 1369 5575 1458 5628; x_wconf 81' lang='grc' dir='ltr'><strong>διά</strong></span> <span class='ocrx_word' id='word_1_576' title='bbox 1495 5573 1663 5641; x_wconf 85' lang='grc' dir='ltr'>κενῆς</span> <span class='ocrx_word' id='word_1_577' title='bbox 1720 5569 1749 5620; x_wconf 75' lang='grc' dir='ltr'><strong><em>ὁ</em></strong></span> 
     </span>
    </p>
   </div>
   <div class='ocr_carea' id='block_1_77' title="bbox 170 5665 1750 5749">
    <p class='ocr_par' dir='ltr' id='par_1_77' title="bbox 170 5665 1750 5749">
     <span class='ocr_line' id='line_1_79' title="bbox 170 5665 1750 5749; baseline -0.011 -15"><span class='ocrx_word' id='word_1_578' title='bbox 170 5683 337 5749; x_wconf 71' lang='grc' dir='ltr'>ἁγών.</span> <span class='ocrx_word' id='word_1_579' title='bbox 366 5681 434 5731; x_wconf 81' lang='grc' dir='ltr'>Τί</span> <span class='ocrx_word' id='word_1_580' title='bbox 467 5674 563 5730; x_wconf 71' lang='grc' dir='ltr'>οὖν</span> <span class='ocrx_word' id='word_1_581' title='bbox 598 5695 764 5749; x_wconf 85' lang='grc' dir='ltr'>φημι,</span> <span class='ocrx_word' id='word_1_582' title='bbox 793 5675 869 5740; x_wconf 79' lang='grc' dir='ltr'><strong>ὡς</strong></span> <span class='ocrx_word' id='word_1_583' title='bbox 903 5677 961 5729; x_wconf 80' lang='grc' dir='ltr'><strong>έν</strong></span> <span class='ocrx_word' id='word_1_584' title='bbox 999 5673 1227 5740; x_wconf 78' lang='grc' dir='ltr'>τοιούτῳ</span> <span class='ocrx_word' id='word_1_585' title='bbox 1251 5667 1452 5740; x_wconf 84' lang='grc' dir='ltr'>καιρῷ.</span> <span class='ocrx_word' id='word_1_586' title='bbox 1481 5666 1513 5737; x_wconf 86' lang='grc' dir='ltr'>ἢ</span> <span class='ocrx_word' id='word_1_587' title='bbox 1546 5665 1609 5719; x_wconf 81' lang='grc' dir='ltr'><strong>τὸ</strong></span> <span class='ocrx_word' id='word_1_588' title='bbox 1641 5667 1750 5718; x_wconf 81' lang='grc' dir='ltr'>πᾶν</span> 
     </span>
    </p>
   </div>
   <div class='ocr_carea' id='block_1_78' title="bbox 173 5754 1750 5839">
    <p class='ocr_par' dir='ltr' id='par_1_78' title="bbox 173 5754 1750 5839">
     <span class='ocr_line' id='line_1_80' title="bbox 173 5754 1750 5839; baseline -0.011 -14"><span class='ocrx_word' id='word_1_589' title='bbox 173 5771 489 5826; x_wconf 72' lang='grc' dir='ltr'>ἀνατιθέναι</span> <span class='ocrx_word' id='word_1_590' title='bbox 511 5768 668 5839; x_wconf 77' lang='grc' dir='ltr'><strong>θεῷ;</strong></span> <span class='ocrx_word' id='word_1_591' title='bbox 711 5769 810 5823; x_wconf 76' lang='grc' dir='ltr'><strong>καὶ</strong></span> <span class='ocrx_word' id='word_1_592' title='bbox 839 5770 868 5821; x_wconf 89' lang='grc' dir='ltr'><strong>ὁ</strong></span> <span class='ocrx_word' id='word_1_593' title='bbox 902 5767 999 5836; x_wconf 81' lang='grc' dir='ltr'>μὲν</span> <span class='ocrx_word' id='word_1_594' title='bbox 1035 5765 1112 5836; x_wconf 80' lang='grc' dir='ltr'>τῷ</span> <span class='ocrx_word' id='word_1_595' title='bbox 1166 5763 1316 5830; x_wconf 83' lang='grc' dir='ltr'>πόθῳ</span> <span class='ocrx_word' id='word_1_596' title='bbox 1369 5760 1464 5813; x_wconf 82' lang='grc' dir='ltr'><strong>τοῦ</strong></span> <span class='ocrx_word' id='word_1_597' title='bbox 1509 5754 1750 5828; x_wconf 85' lang='grc' dir='ltr'>Χριστοῦ</span> 
     </span>
    </p>
   </div>
   <div class='ocr_carea' id='block_1_79' title="bbox 176 5850 1741 5935">
    <p class='ocr_par' dir='ltr' id='par_1_79' title="bbox 176 5850 1741 5935">
     <span class='ocr_line' id='line_1_81' title="bbox 176 5850 1741 5935; baseline -0.009 -15"><span class='ocrx_word' id='word_1_598' title='bbox 176 5865 555 5935; x_wconf 40' lang='lat' dir='ltr'><strong>augis-105‘;</strong></span> <span class='ocrx_word' id='word_1_599' title='bbox 580 5861 690 5931; x_wconf 77' lang='grc' dir='ltr'>εἴγε</span> <span class='ocrx_word' id='word_1_600' title='bbox 723 5859 939 5933; x_wconf 77' lang='grc' dir='ltr'>ἀληθῶς</span> <span class='ocrx_word' id='word_1_601' title='bbox 960 5856 1303 5928; x_wconf 66' lang='grc' dir='ltr'>ἐπεπόθησε-ι</span> <span class='ocrx_word' id='word_1_602' title='bbox 1327 5853 1513 5918; x_wconf 76' lang='grc' dir='ltr'>αὑτὸν,</span> <span class='ocrx_word' id='word_1_603' title='bbox 1541 5850 1741 5922; x_wconf 80' lang='grc' dir='ltr'>πληρο-</span> 
     </span>
    </p>
   </div>
   <div class='ocr_carea' id='block_1_80' title="bbox 2057 2311 3410 2400">
    <p class='ocr_par' dir='ltr' id='par_1_80' title="bbox 2057 2311 3410 2400">
     <span class='ocr_line' id='line_1_82' title="bbox 2057 2311 3410 2400; baseline -0.011 -21"><span class='ocrx_word' id='word_1_604' title='bbox 2057 2335 2153 2400; x_wconf 71' lang='grc' dir='ltr'>τῆς</span> <span class='ocrx_word' id='word_1_605' title='bbox 2187 2327 2547 2399; x_wconf 77' lang='grc' dir='ltr'>ὀφειλομένης</span> <span class='ocrx_word' id='word_1_606' title='bbox 2571 2321 2828 2392; x_wconf 81' lang='grc' dir='ltr'>προνοίας</span> <span class='ocrx_word' id='word_1_607' title='bbox 2859 2335 2916 2369; x_wconf 89' lang='grc' dir='ltr'><strong>τε</strong></span> <span class='ocrx_word' id='word_1_608' title='bbox 2943 2317 3035 2368; x_wconf 68' lang='grc' dir='ltr'>καὶ</span> <span class='ocrx_word' id='word_1_609' title='bbox 3053 2311 3410 2384; x_wconf 82' lang='grc' dir='ltr'>προστασίας.</span> 
     </span>
    </p>
   </div>
   <div class='ocr_carea' id='block_1_81' title="bbox 2220 2437 3059 2510">
    <p class='ocr_par' dir='ltr' id='par_1_81' title="bbox 2220 2437 3059 2510">
     <span class='ocr_line' id='line_1_83' title="bbox 2220 2437 3059 2510; baseline -0.023 -6"><span class='ocrx_word' id='word_1_610' title='bbox 2220 2443 2483 2504; x_wconf 72' lang='lat' dir='ltr'><strong>XXXVII.</strong></span> <span class='ocrx_word' id='word_1_611' title='bbox 2519 2440 2764 2510; x_wconf 81' lang='lat' dir='ltr'><strong>Slyltano</strong></span> <span class='ocrx_word' id='word_1_612' title='bbox 2812 2437 3059 2489; x_wconf 80' lang='lat' dir='ltr'><strong>diacono.</strong></span> 
     </span>
    </p>
   </div>
   <div class='ocr_carea' id='block_1_82' title="bbox 1905 2543 3414 2632">
    <p class='ocr_par' dir='ltr' id='par_1_82' title="bbox 1905 2543 3414 2632">
     <span class='ocr_line' id='line_1_84' title="bbox 1905 2543 3414 2632; baseline -0.017 -13"><span class='ocrx_word' id='word_1_613' title='bbox 1905 2567 2176 2632; x_wconf 67' lang='lat' dir='ltr'><strong>Praecepta</strong></span> <span class='ocrx_word' id='word_1_614' title='bbox 2218 2569 2271 2614; x_wconf 90' lang='lat' dir='ltr'><strong>et</strong></span> <span class='ocrx_word' id='word_1_615' title='bbox 2346 2554 2733 2612; x_wconf 83' lang='lat' dir='ltr'><strong>instructiones</strong></span> <span class='ocrx_word' id='word_1_616' title='bbox 2787 2549 2852 2602; x_wconf 89' lang='lat' dir='ltr'><strong>iis</strong></span> <span class='ocrx_word' id='word_1_617' title='bbox 2892 2543 3210 2600; x_wconf 66' lang='lat' dir='ltr'><strong>necrssarize</strong></span> <span class='ocrx_word' id='word_1_618' title='bbox 3263 2549 3414 2605; x_wconf 85' lang='lat' dir='ltr'><strong>sunt,</strong></span> 
     </span>
    </p>
   </div>
   <div class='ocr_carea' id='block_1_83' title="bbox 1830 2635 3414 2730">
    <p class='ocr_par' dir='ltr' id='par_1_83' title="bbox 1830 2635 3414 2730">
     <span class='ocr_line' id='line_1_85' title="bbox 1830 2635 3414 2730; baseline -0.018 -15"><span class='ocrx_word' id='word_1_619' title='bbox 1830 2661 1925 2730; x_wconf 86' lang='lat' dir='ltr'><strong>qui</strong></span> <span class='ocrx_word' id='word_1_620' title='bbox 1957 2656 2236 2726; x_wconf 81' lang='lat' dir='ltr'><strong>propriam</strong></span> <span class='ocrx_word' id='word_1_621' title='bbox 2276 2660 2512 2704; x_wconf 88' lang='lat' dir='ltr'><strong>mentem</strong></span> <span class='ocrx_word' id='word_1_622' title='bbox 2540 2646 2857 2714; x_wconf 77' lang='lat' dir='ltr'><strong>magistram</strong></span> <span class='ocrx_word' id='word_1_623' title='bbox 2887 2656 2993 2694; x_wconf 90' lang='lat' dir='ltr'><strong>non</strong></span> <span class='ocrx_word' id='word_1_624' title='bbox 3022 2639 3241 2692; x_wconf 86' lang='lat' dir='ltr'><strong>habent.</strong></span> <span class='ocrx_word' id='word_1_625' title='bbox 3275 2635 3414 2689; x_wconf 88' lang='lat' dir='ltr'><strong>Illud</strong></span> 
     </span>
    </p>
   </div>
   <div class='ocr_carea' id='block_1_84' title="bbox 1833 2727 3418 2804">
    <p class='ocr_par' dir='ltr' id='par_1_84' title="bbox 1833 2727 3418 2804">
     <span class='ocr_line' id='line_1_86' title="bbox 1833 2727 3418 2804; baseline -0.017 0"><span class='ocrx_word' id='word_1_626' title='bbox 1833 2761 2012 2804; x_wconf 89' lang='lat' dir='ltr'><strong>autem</strong></span> <span class='ocrx_word' id='word_1_627' title='bbox 2065 2747 2132 2801; x_wconf 89' lang='lat' dir='ltr'><strong>de</strong></span> <span class='ocrx_word' id='word_1_628' title='bbox 2181 2753 2231 2797; x_wconf 86' lang='grc' dir='ltr'><strong>ιο</strong></span> <span class='ocrx_word' id='word_1_629' title='bbox 2281 2755 2390 2795; x_wconf 87' lang='lat' dir='ltr'><strong>non</strong></span> <span class='ocrx_word' id='word_1_630' title='bbox 2437 2737 2725 2792; x_wconf 85' lang='lat' dir='ltr'><strong>sentimus.</strong></span> <span class='ocrx_word' id='word_1_631' title='bbox 2772 2732 2894 2787; x_wconf 90' lang='lat' dir='ltr'><strong>Ideo</strong></span> <span class='ocrx_word' id='word_1_632' title='bbox 2923 2740 2976 2785; x_wconf 89' lang='lat' dir='ltr'><strong>et</strong></span> <span class='ocrx_word' id='word_1_633' title='bbox 3023 2729 3115 2783; x_wconf 87' lang='lat' dir='ltr'><strong>tibi</strong></span> <span class='ocrx_word' id='word_1_634' title='bbox 3179 2727 3418 2782; x_wconf 85' lang='lat' dir='ltr'><strong>scribere</strong></span> 
     </span>
    </p>
   </div>
   <div class='ocr_carea' id='block_1_85' title="bbox 1837 2803 3420 2915">
    <p class='ocr_par' dir='ltr' id='par_1_85' title="bbox 1837 2803 3420 2915">
     <span class='ocr_line' id='line_1_87' title="bbox 1837 2803 3420 2915; baseline -0.018 -16"><span class='ocrx_word' id='word_1_635' title='bbox 1837 2842 2112 2915; x_wconf 82' lang='lat' dir='ltr'><strong>quomodo</strong></span> <span class='ocrx_word' id='word_1_636' title='bbox 2147 2843 2395 2906; x_wconf 82' lang='lat' dir='ltr'><strong>Oporteat</strong></span> <span class='ocrx_word' id='word_1_637' title='bbox 2425 2841 2477 2886; x_wconf 90' lang='lat' dir='ltr'><strong>te</strong></span> <span class='ocrx_word' id='word_1_638' title='bbox 2496 2831 2588 2885; x_wconf 88' lang='lat' dir='ltr'><strong>Dei</strong></span> <span class='ocrx_word' id='word_1_639' title='bbox 2623 2827 2882 2884; x_wconf 75' lang='lat' dir='ltr'><strong>Ecclesia:</strong></span> <span class='ocrx_word' id='word_1_640' title='bbox 2912 2823 3129 2896; x_wconf 77' lang='lat' dir='ltr'><strong>negotia</strong></span> <span class='ocrx_word' id='word_1_641' title='bbox 3185 2803 3420 2874; x_wconf 79' lang='lat' dir='ltr'><strong>adinini-</strong></span> 
     </span>
    </p>
   </div>
   <div class='ocr_carea' id='block_1_86' title="bbox 1838 2915 3416 2997">
    <p class='ocr_par' dir='ltr' id='par_1_86' title="bbox 1838 2915 3416 2997">
     <span class='ocr_line' id='line_1_88' title="bbox 1838 2915 3416 2997; baseline -0.017 -10"><span class='ocrx_word' id='word_1_642' title='bbox 1838 2944 2014 2988; x_wconf 89' lang='lat' dir='ltr'><strong>strare</strong></span> <span class='ocrx_word' id='word_1_643' title='bbox 2037 2926 2484 2997; x_wconf 88' lang='lat' dir='ltr'><strong>superscdemus.</strong></span> <span class='ocrx_word' id='word_1_644' title='bbox 2524 2920 2665 2976; x_wconf 91' lang='lat' dir='ltr'><strong>Cum</strong></span> <span class='ocrx_word' id='word_1_645' title='bbox 2691 2919 2834 2972; x_wconf 92' lang='lat' dir='ltr'><strong>enim</strong></span> <span class='ocrx_word' id='word_1_646' title='bbox 2865 2915 3034 2970; x_wconf 87' lang='lat' dir='ltr'><strong>semel</strong></span> <span class='ocrx_word' id='word_1_647' title='bbox 3097 2924 3416 2982; x_wconf 83' lang='lat' dir='ltr'><strong>persuasum</strong></span> 
     </span>
    </p>
   </div>
   <div class='ocr_carea' id='block_1_87' title="bbox 1841 3007 3422 3092">
    <p class='ocr_par' dir='ltr' id='par_1_87' title="bbox 1841 3007 3422 3092">
     <span class='ocr_line' id='line_1_89' title="bbox 1841 3007 3422 3092; baseline -0.015 -11"><span class='ocrx_word' id='word_1_648' title='bbox 1841 3025 2144 3081; x_wconf 84' lang='lat' dir='ltr'><strong>habeamus</strong></span> <span class='ocrx_word' id='word_1_649' title='bbox 2177 3021 2412 3092; x_wconf 88' lang='lat' dir='ltr'><strong>primum</strong></span> <span class='ocrx_word' id='word_1_650' title='bbox 2444 3015 2666 3085; x_wconf 85' lang='lat' dir='ltr'><strong>quidem</strong></span> <span class='ocrx_word' id='word_1_651' title='bbox 2694 3023 2743 3066; x_wconf 90' lang='lat' dir='ltr'><strong>te</strong></span> <span class='ocrx_word' id='word_1_652' title='bbox 2773 3013 2824 3064; x_wconf 92' lang='lat' dir='ltr'><strong>in</strong></span> <span class='ocrx_word' id='word_1_653' title='bbox 2870 3009 3038 3063; x_wconf 85' lang='lat' dir='ltr'><strong>Deum</strong></span> <span class='ocrx_word' id='word_1_654' title='bbox 3070 3007 3333 3074; x_wconf 80' lang='lat' dir='ltr'><strong>aspicere,</strong></span> <span class='ocrx_word' id='word_1_655' title='bbox 3366 3011 3422 3057; x_wconf 88' lang='lat' dir='ltr'><strong>et</strong></span> 
     </span>
    </p>
   </div>
   <div class='ocr_carea' id='block_1_88' title="bbox 1840 3102 3419 3188">
    <p class='ocr_par' dir='ltr' id='par_1_88' title="bbox 1840 3102 3419 3188">
     <span class='ocr_line' id='line_1_90' title="bbox 1840 3102 3419 3188; baseline -0.016 -16"><span class='ocrx_word' id='word_1_656' title='bbox 1840 3115 2231 3188; x_wconf 76' lang='lat' dir='ltr'><strong>eiusjudicium</strong></span> <span class='ocrx_word' id='word_1_657' title='bbox 2264 3109 2646 3170; x_wconf 75' lang='lat' dir='ltr'><strong>reformidare,</strong></span> <span class='ocrx_word' id='word_1_658' title='bbox 2678 3104 2871 3159; x_wconf 90' lang='lat' dir='ltr'><strong>deinde</strong></span> <span class='ocrx_word' id='word_1_659' title='bbox 2901 3111 2954 3156; x_wconf 90' lang='lat' dir='ltr'><strong>et</strong></span> <span class='ocrx_word' id='word_1_660' title='bbox 2987 3102 3241 3153; x_wconf 61' lang='lat' dir='ltr'><strong>humanae</strong></span> <span class='ocrx_word' id='word_1_661' title='bbox 3290 3111 3419 3165; x_wconf 88' lang='lat' dir='ltr'><strong>pru-</strong></span> 
     </span>
    </p>
   </div>
   <div class='ocr_carea' id='block_1_89' title="bbox 1308 3199 1732 3302">
    <p class='ocr_par' dir='ltr' id='par_1_89' title="bbox 1308 3230 1732 3302">
     <span class='ocr_line' id='line_1_91' title="bbox 1308 3230 1732 3302; baseline -0.014 -15"><span class='ocrx_word' id='word_1_662' title='bbox 1308 3251 1367 3287; x_wconf 85' lang='grc' dir='ltr'><strong>ον</strong></span> <span class='ocrx_word' id='word_1_663' title='bbox 1396 3233 1604 3302; x_wconf 84' lang='grc' dir='ltr'>γίνεται</span> <span class='ocrx_word' id='word_1_664' title='bbox 1638 3230 1732 3299; x_wconf 83' lang='grc' dir='ltr'>οὐχ</span> 
     </span>
    </p>
   </div>
   <div class='ocr_carea' id='block_1_90' title="bbox 1832 3199 3420 3302">
    <p class='ocr_par' dir='ltr' id='par_1_90' title="bbox 1838 3199 3420 3277">
     <span class='ocr_line' id='line_1_92' title="bbox 1838 3199 3420 3277; baseline -0.018 -10"><span class='ocrx_word' id='word_1_665' title='bbox 1838 3211 2052 3275; x_wconf 75' lang='lat' dir='ltr'><strong>dentian,</strong></span> <span class='ocrx_word' id='word_1_666' title='bbox 2089 3209 2142 3263; x_wconf 91' lang='lat' dir='ltr'><strong>in</strong></span> <span class='ocrx_word' id='word_1_667' title='bbox 2194 3206 2392 3277; x_wconf 83' lang='lat' dir='ltr'><strong>quibus</strong></span> <span class='ocrx_word' id='word_1_668' title='bbox 2426 3219 2564 3274; x_wconf 84' lang='lat' dir='ltr'><strong>opus</strong></span> <span class='ocrx_word' id='word_1_669' title='bbox 2620 3211 2723 3262; x_wconf 86' lang='lat' dir='ltr'><strong>est,</strong></span> <span class='ocrx_word' id='word_1_670' title='bbox 2775 3212 2882 3250; x_wconf 87' lang='lat' dir='ltr'><strong>non</strong></span> <span class='ocrx_word' id='word_1_671' title='bbox 2939 3210 3060 3248; x_wconf 89' lang='lat' dir='ltr'><strong>esse</strong></span> <span class='ocrx_word' id='word_1_672' title='bbox 3116 3199 3420 3261; x_wconf 74' lang='lat' dir='ltr'><strong>expertem,</strong></span> 
     </span>
    </p>
   </div>
   <div class='ocr_carea' id='block_1_91' title="bbox 1841 3282 3423 3375">
    <p class='ocr_par' dir='ltr' id='par_1_91' title="bbox 1841 3282 3423 3375">
     <span class='ocr_line' id='line_1_93' title="bbox 1841 3282 3423 3375; baseline -0.015 -15"><span class='ocrx_word' id='word_1_673' title='bbox 1841 3315 2239 3375; x_wconf 84' lang='lat' dir='ltr'><strong>supervacuum</strong></span> <span class='ocrx_word' id='word_1_674' title='bbox 2297 3299 2556 3352; x_wconf 72' lang='lat' dir='ltr'><strong>duximus</strong></span> <span class='ocrx_word' id='word_1_675' title='bbox 2618 3291 2822 3361; x_wconf 88' lang='lat' dir='ltr'><strong>aliquid</strong></span> <span class='ocrx_word' id='word_1_676' title='bbox 2871 3287 3083 3343; x_wconf 90' lang='lat' dir='ltr'><strong>anobis</strong></span> <span class='ocrx_word' id='word_1_677' title='bbox 3113 3286 3248 3354; x_wconf 87' lang='lat' dir='ltr'><strong>ipsis</strong></span> <span class='ocrx_word' id='word_1_678' title='bbox 3296 3282 3423 3336; x_wconf 88' lang='lat' dir='ltr'><strong>addi</strong></span> 
     </span>
    </p>
   </div>
   <div class='ocr_carea' id='block_1_92' title="bbox 1841 3378 3426 3457">
    <p class='ocr_par' dir='ltr' id='par_1_92' title="bbox 1841 3378 3426 3457">
     <span class='ocr_line' id='line_1_94' title="bbox 1841 3378 3426 3457; baseline -0.017 -5"><span class='ocrx_word' id='word_1_679' title='bbox 1841 3398 1908 3452; x_wconf 89' lang='lat' dir='ltr'><strong>ad</strong></span> <span class='ocrx_word' id='word_1_680' title='bbox 2009 3395 2209 3449; x_wconf 89' lang='lat' dir='ltr'><strong>bonam</strong></span> <span class='ocrx_word' id='word_1_681' title='bbox 2294 3390 2634 3457; x_wconf 80' lang='lat' dir='ltr'><strong>negouorum</strong></span> <span class='ocrx_word' id='word_1_682' title='bbox 2739 3383 2995 3437; x_wconf 72' lang='lat' dir='ltr'><strong>Ecclesia‘</strong></span> <span class='ocrx_word' id='word_1_683' title='bbox 3076 3378 3426 3432; x_wconf 83' lang='lat' dir='ltr'><strong>administra-</strong></span> 
     </span>
    </p>
   </div>
   <div class='ocr_carea' id='block_1_93' title="bbox 1844 3471 3425 3555">
    <p class='ocr_par' dir='ltr' id='par_1_93' title="bbox 1844 3471 3425 3555">
     <span class='ocr_line' id='line_1_95' title="bbox 1844 3471 3425 3555; baseline -0.015 -11"><span class='ocrx_word' id='word_1_684' title='bbox 1844 3492 2069 3555; x_wconf 87' lang='lat' dir='ltr'><strong>tionem,</strong></span> <span class='ocrx_word' id='word_1_685' title='bbox 2133 3487 2248 3542; x_wconf 85' lang='lat' dir='ltr'><strong>sive</strong></span> <span class='ocrx_word' id='word_1_686' title='bbox 2315 3490 2580 3552; x_wconf 84' lang='lat' dir='ltr'><strong>quantum</strong></span> <span class='ocrx_word' id='word_1_687' title='bbox 2637 3478 2703 3532; x_wconf 86' lang='lat' dir='ltr'><strong>ad</strong></span> <span class='ocrx_word' id='word_1_688' title='bbox 2764 3475 3110 3531; x_wconf 85' lang='lat' dir='ltr'><strong>sacerdotum</strong></span> <span class='ocrx_word' id='word_1_689' title='bbox 3200 3471 3425 3524; x_wconf 87' lang='lat' dir='ltr'><strong>ordina-</strong></span> 
     </span>
    </p>
   </div>
   <div class='ocr_carea' id='block_1_94' title="bbox 1845 3558 3423 3646">
    <p class='ocr_par' dir='ltr' id='par_1_94' title="bbox 1845 3558 3423 3646">
     <span class='ocr_line' id='line_1_96' title="bbox 1845 3558 3423 3646; baseline -0.015 -10"><span class='ocrx_word' id='word_1_690' title='bbox 1845 3582 2073 3646; x_wconf 86' lang='lat' dir='ltr'><strong>tionem,</strong></span> <span class='ocrx_word' id='word_1_691' title='bbox 2120 3580 2236 3631; x_wconf 87' lang='lat' dir='ltr'><strong>sive</strong></span> <span class='ocrx_word' id='word_1_692' title='bbox 2282 3584 2548 3644; x_wconf 84' lang='lat' dir='ltr'><strong>quantum</strong></span> <span class='ocrx_word' id='word_1_693' title='bbox 2588 3569 2656 3624; x_wconf 88' lang='lat' dir='ltr'><strong>ad</strong></span> <span class='ocrx_word' id='word_1_694' title='bbox 2709 3580 2968 3632; x_wconf 72' lang='lat' dir='ltr'><strong>agrorum</strong></span> <span class='ocrx_word' id='word_1_695' title='bbox 3016 3577 3229 3616; x_wconf 82' lang='lat' dir='ltr'><strong>curam.</strong></span> <span class='ocrx_word' id='word_1_696' title='bbox 3288 3558 3423 3613; x_wconf 90' lang='lat' dir='ltr'><strong>Illud</strong></span> 
     </span>
    </p>
   </div>
   <div class='ocr_carea' id='block_1_95' title="bbox 1844 3655 3424 3731">
    <p class='ocr_par' dir='ltr' id='par_1_95' title="bbox 1844 3655 3424 3731">
     <span class='ocr_line' id='line_1_97' title="bbox 1844 3655 3424 3731; baseline -0.016 -3"><span class='ocrx_word' id='word_1_697' title='bbox 1844 3684 2022 3728; x_wconf 89' lang='lat' dir='ltr'><strong>autem</strong></span> <span class='ocrx_word' id='word_1_698' title='bbox 2080 3671 2259 3726; x_wconf 91' lang='lat' dir='ltr'><strong>solum</strong></span> <span class='ocrx_word' id='word_1_699' title='bbox 2290 3665 2606 3728; x_wconf 88' lang='lat' dir='ltr'><strong>scribimus,</strong></span> <span class='ocrx_word' id='word_1_700' title='bbox 2639 3661 2784 3731; x_wconf 91' lang='lat' dir='ltr'><strong>quod</strong></span> <span class='ocrx_word' id='word_1_701' title='bbox 2847 3655 3164 3731; x_wconf 83' lang='lat' dir='ltr'><strong>postulasti,</strong></span> <span class='ocrx_word' id='word_1_702' title='bbox 3228 3665 3424 3719; x_wconf 88' lang='lat' dir='ltr'><strong>nempe</strong></span> 
     </span>
    </p>
   </div>
   <div class='ocr_carea' id='block_1_96' title="bbox 1846 3750 3423 3835">
    <p class='ocr_par' dir='ltr' id='par_1_96' title="bbox 1846 3750 3423 3835">
     <span class='ocr_line' id='line_1_98' title="bbox 1846 3750 3423 3835; baseline -0.013 -15"><span class='ocrx_word' id='word_1_703' title='bbox 1846 3777 1904 3821; x_wconf 91' lang='lat' dir='ltr'><strong>ut</strong></span> <span class='ocrx_word' id='word_1_704' title='bbox 1937 3766 2211 3835; x_wconf 88' lang='lat' dir='ltr'><strong>aperiatur</strong></span> <span class='ocrx_word' id='word_1_705' title='bbox 2247 3757 2752 3828; x_wconf 80' lang='lat' dir='ltr'><strong>chartOphylacium</strong></span> <span class='ocrx_word' id='word_1_706' title='bbox 2787 3763 2838 3807; x_wconf 90' lang='lat' dir='ltr'><strong>et</strong></span> <span class='ocrx_word' id='word_1_707' title='bbox 2871 3752 3205 3821; x_wconf 83' lang='lat' dir='ltr'><strong>producatur</strong></span> <span class='ocrx_word' id='word_1_708' title='bbox 3235 3750 3423 3802; x_wconf 78' lang='lat' dir='ltr'><strong>charta</strong></span> 
     </span>
    </p>
   </div>
   <div class='ocr_carea' id='block_1_97' title="bbox 1845 3839 3428 3928">
    <p class='ocr_par' dir='ltr' id='par_1_97' title="bbox 1845 3839 3428 3928">
     <span class='ocr_line' id='line_1_99' title="bbox 1845 3839 3428 3928; baseline -0.013 -15"><span class='ocrx_word' id='word_1_709' title='bbox 1845 3873 2010 3928; x_wconf 89' lang='lat' dir='ltr'><strong>quam</strong></span> <span class='ocrx_word' id='word_1_710' title='bbox 2073 3858 2141 3911; x_wconf 89' lang='lat' dir='ltr'><strong>de</strong></span> <span class='ocrx_word' id='word_1_711' title='bbox 2175 3870 2279 3910; x_wconf 92' lang='lat' dir='ltr'><strong>nou</strong></span> <span class='ocrx_word' id='word_1_712' title='bbox 2346 3848 2674 3905; x_wconf 87' lang='lat' dir='ltr'><strong>insultandis</strong></span> <span class='ocrx_word' id='word_1_713' title='bbox 2737 3843 3118 3900; x_wconf 74' lang='lat' dir='ltr'><strong>sacerdotibus</strong></span> <span class='ocrx_word' id='word_1_714' title='bbox 3170 3839 3428 3894; x_wconf 73' lang='lat' dir='ltr'><strong>Ecclesia:</strong></span> 
     </span>
    </p>
   </div>
   <div class='ocr_carea' id='block_1_98' title="bbox 1846 3939 3428 4019">
    <p class='ocr_par' dir='ltr' id='par_1_98' title="bbox 1846 3939 3428 4019">
     <span class='ocr_line' id='line_1_100' title="bbox 1846 3939 3428 4019; baseline -0.015 -10"><span class='ocrx_word' id='word_1_715' title='bbox 1846 3956 2113 4010; x_wconf 81' lang='lat' dir='ltr'><strong>dederunt</strong></span> <span class='ocrx_word' id='word_1_716' title='bbox 2145 3964 2242 4019; x_wconf 93' lang='lat' dir='ltr'><strong>pro</strong></span> <span class='ocrx_word' id='word_1_717' title='bbox 2287 3959 2531 4015; x_wconf 88' lang='lat' dir='ltr'><strong>tempore</strong></span> <span class='ocrx_word' id='word_1_718' title='bbox 2587 3943 2986 4009; x_wconf 86' lang='lat' dir='ltr'><strong>imperatores:</strong></span> <span class='ocrx_word' id='word_1_719' title='bbox 3019 3939 3241 4004; x_wconf 81' lang='lat' dir='ltr'><strong>insuper</strong></span> <span class='ocrx_word' id='word_1_720' title='bbox 3273 3943 3327 3988; x_wconf 90' lang='lat' dir='ltr'><strong>et</strong></span> <span class='ocrx_word' id='word_1_721' title='bbox 3367 3940 3428 3986; x_wconf 91' lang='lat' dir='ltr'><strong>ut</strong></span> 
     </span>
    </p>
   </div>
   <div class='ocr_carea' id='block_1_99' title="bbox 1846 4023 3429 4104">
    <p class='ocr_par' dir='ltr' id='par_1_99' title="bbox 1846 4023 3429 4104">
     <span class='ocr_line' id='line_1_101' title="bbox 1846 4023 3429 4104; baseline -0.016 -5"><span class='ocrx_word' id='word_1_722' title='bbox 1846 4043 2230 4099; x_wconf 73' lang='lat' dir='ltr'><strong>examinentur</strong></span> <span class='ocrx_word' id='word_1_723' title='bbox 2257 4035 2623 4104; x_wconf 89' lang='lat' dir='ltr'><strong>metropoleos</strong></span> <span class='ocrx_word' id='word_1_724' title='bbox 2658 4031 2886 4089; x_wconf 87' lang='lat' dir='ltr'><strong>reditus.</strong></span> <span class='ocrx_word' id='word_1_725' title='bbox 2913 4038 2964 4082; x_wconf 90' lang='lat' dir='ltr'><strong>et</strong></span> <span class='ocrx_word' id='word_1_726' title='bbox 3007 4042 3196 4082; x_wconf 88' lang='lat' dir='ltr'><strong>eorum</strong></span> <span class='ocrx_word' id='word_1_727' title='bbox 3247 4023 3429 4078; x_wconf 82' lang='lat' dir='ltr'><strong>mitta-</strong></span> 
     </span>
    </p>
   </div>
   <div class='ocr_carea' id='block_1_100' title="bbox 1849 4121 3425 4194">
    <p class='ocr_par' dir='ltr' id='par_1_100' title="bbox 1849 4121 3425 4194">
     <span class='ocr_line' id='line_1_102' title="bbox 1849 4121 3425 4194; baseline -0.013 -3"><span class='ocrx_word' id='word_1_728' title='bbox 1849 4149 1937 4191; x_wconf 86' lang='lat' dir='ltr'><strong>tur</strong></span> <span class='ocrx_word' id='word_1_729' title='bbox 1965 4135 2126 4189; x_wconf 89' lang='lat' dir='ltr'><strong>nobis</strong></span> <span class='ocrx_word' id='word_1_730' title='bbox 2165 4131 2373 4187; x_wconf 86' lang='lat' dir='ltr'><strong>tabula.</strong></span> <span class='ocrx_word' id='word_1_731' title='bbox 2403 4126 2562 4193; x_wconf 82' lang='lat' dir='ltr'><strong>Quod</strong></span> <span class='ocrx_word' id='word_1_732' title='bbox 2587 4141 2710 4180; x_wconf 90' lang='lat' dir='ltr'><strong>cum</strong></span> <span class='ocrx_word' id='word_1_733' title='bbox 2748 4121 3066 4194; x_wconf 87' lang='lat' dir='ltr'><strong>perleceris,</strong></span> <span class='ocrx_word' id='word_1_734' title='bbox 3099 4128 3152 4173; x_wconf 91' lang='lat' dir='ltr'><strong>et</strong></span> <span class='ocrx_word' id='word_1_735' title='bbox 3177 4133 3298 4188; x_wconf 82' lang='lat' dir='ltr'><strong>spes</strong></span> <span class='ocrx_word' id='word_1_736' title='bbox 3327 4133 3425 4171; x_wconf 89' lang='lat' dir='ltr'><strong>no-</strong></span> 
     </span>
    </p>
   </div>
   <div class='ocr_carea' id='block_1_101' title="bbox 1857 4213 3428 4288">
    <p class='ocr_par' dir='ltr' id='par_1_101' title="bbox 1857 4213 3428 4288">
     <span class='ocr_line' id='line_1_103' title="bbox 1857 4213 3428 4288; baseline -0.013 -2"><span class='ocrx_word' id='word_1_737' title='bbox 1857 4239 2002 4286; x_wconf 75' lang='lat' dir='ltr'><strong>stras</strong></span> <span class='ocrx_word' id='word_1_738' title='bbox 2045 4229 2294 4283; x_wconf 83' lang='lat' dir='ltr'><strong>iminiiuc</strong></span> <span class='ocrx_word' id='word_1_739' title='bbox 2338 4219 2604 4276; x_wconf 79' lang='lat' dir='ltr'><strong>confundi</strong></span> <span class='ocrx_word' id='word_1_740' title='bbox 2635 4233 2729 4288; x_wconf 83' lang='lat' dir='ltr'><strong>per</strong></span> <span class='ocrx_word' id='word_1_741' title='bbox 2775 4227 2930 4271; x_wconf 88' lang='lat' dir='ltr'><strong>tuum</strong></span> <span class='ocrx_word' id='word_1_742' title='bbox 2959 4213 3200 4270; x_wconf 83' lang='lat' dir='ltr'><strong>studium</strong></span> <span class='ocrx_word' id='word_1_743' title='bbox 3234 4224 3428 4281; x_wconf 83' lang='lat' dir='ltr'><strong>passus</strong></span> 
     </span>
    </p>
   </div>
   <div class='ocr_carea' id='block_1_102' title="bbox 1849 4319 2288 4378">
    <p class='ocr_par' dir='ltr' id='par_1_102' title="bbox 1849 4319 2288 4378">
     <span class='ocr_line' id='line_1_104' title="bbox 1849 4319 2288 4378; baseline -0.018 0"><span class='ocrx_word' id='word_1_744' title='bbox 1849 4322 2040 4378; x_wconf 80' lang='lat' dir='ltr'><strong>fueris.</strong></span> <span class='ocrx_word' id='word_1_745' title='bbox 2073 4319 2288 4373; x_wconf 69' lang='lat' dir='ltr'><strong>Valeas.</strong></span> 
     </span>
    </p>
   </div>
   <div class='ocr_carea' id='block_1_103' title="bbox 2203 4424 3072 4490">
    <p class='ocr_par' dir='ltr' id='par_1_103' title="bbox 2203 4424 3072 4490">
     <span class='ocr_line' id='line_1_105' title="bbox 2203 4424 3072 4490; baseline -0.014 0"><span class='ocrx_word' id='word_1_746' title='bbox 2203 4431 2490 4490; x_wconf 71' lang='lat' dir='ltr'><strong>XXXVIII.</strong></span> <span class='ocrx_word' id='word_1_747' title='bbox 2535 4427 2750 4483; x_wconf 79' lang='lat' dir='ltr'><strong>Phileto</strong></span> <span class='ocrx_word' id='word_1_748' title='bbox 2794 4424 3072 4480; x_wconf 78' lang='lat' dir='ltr'><strong>monacho.</strong></span> 
     </span>
    </p>
   </div>
   <div class='ocr_carea' id='block_1_104' title="bbox 1917 4541 3431 4622">
    <p class='ocr_par' dir='ltr' id='par_1_104' title="bbox 1917 4541 3431 4622">
     <span class='ocr_line' id='line_1_106' title="bbox 1917 4541 3431 4622; baseline -0.015 -14"><span class='ocrx_word' id='word_1_749' title='bbox 1917 4552 2054 4622; x_wconf 81' lang='lat' dir='ltr'><strong>Ego,</strong></span> <span class='ocrx_word' id='word_1_750' title='bbox 2089 4547 2427 4612; x_wconf 84' lang='lat' dir='ltr'><strong>lilimi,hoc,</strong></span> <span class='ocrx_word' id='word_1_751' title='bbox 2459 4544 2557 4600; x_wconf 89' lang='lat' dir='ltr'><strong>etsi</strong></span> <span class='ocrx_word' id='word_1_752' title='bbox 2621 4549 2873 4612; x_wconf 88' lang='lat' dir='ltr'><strong>peccator</strong></span> <span class='ocrx_word' id='word_1_753' title='bbox 2926 4553 3072 4600; x_wconf 87' lang='lat' dir='ltr'><strong>sum,</strong></span> <span class='ocrx_word' id='word_1_754' title='bbox 3134 4547 3347 4605; x_wconf 89' lang='lat' dir='ltr'><strong>precor,</strong></span> <span class='ocrx_word' id='word_1_755' title='bbox 3371 4541 3431 4586; x_wconf 93' lang='lat' dir='ltr'><strong>ut</strong></span> 
     </span>
    </p>
   </div>
   <div class='ocr_carea' id='block_1_105' title="bbox 1847 4625 3430 4707">
    <p class='ocr_par' dir='ltr' id='par_1_105' title="bbox 1847 4625 3430 4707">
     <span class='ocr_line' id='line_1_107' title="bbox 1847 4625 3430 4707; baseline -0.016 -5"><span class='ocrx_word' id='word_1_756' title='bbox 1847 4661 2036 4702; x_wconf 90' lang='lat' dir='ltr'><strong>omnes</strong></span> <span class='ocrx_word' id='word_1_757' title='bbox 2068 4647 2209 4698; x_wconf 84' lang='lat' dir='ltr'><strong>hanc</strong></span> <span class='ocrx_word' id='word_1_758' title='bbox 2240 4642 2382 4696; x_wconf 83' lang='lat' dir='ltr'><strong>viam</strong></span> <span class='ocrx_word' id='word_1_759' title='bbox 2411 4634 2782 4707; x_wconf 84' lang='lat' dir='ltr'><strong>ingrediantur</strong></span> <span class='ocrx_word' id='word_1_760' title='bbox 2808 4646 2930 4701; x_wconf 80' lang='lat' dir='ltr'><strong>qua:</strong></span> <span class='ocrx_word' id='word_1_761' title='bbox 2958 4644 3054 4683; x_wconf 89' lang='lat' dir='ltr'><strong>eos</strong></span> <span class='ocrx_word' id='word_1_762' title='bbox 3092 4643 3122 4681; x_wconf 92' lang='lat' dir='ltr'><strong>e</strong></span> <span class='ocrx_word' id='word_1_763' title='bbox 3156 4625 3430 4679; x_wconf 88' lang='lat' dir='ltr'><strong>mundana</strong></span> 
     </span>
    </p>
   </div>
   <div class='ocr_carea' id='block_1_106' title="bbox 1848 4719 3429 4794">
    <p class='ocr_par' dir='ltr' id='par_1_106' title="bbox 1848 4719 3429 4794">
     <span class='ocr_line' id='line_1_108' title="bbox 1848 4719 3429 4794; baseline -0.016 0"><span class='ocrx_word' id='word_1_764' title='bbox 1848 4740 2054 4794; x_wconf 79' lang='lat' dir='ltr'><strong>eximat</strong></span> <span class='ocrx_word' id='word_1_765' title='bbox 2086 4735 2432 4794; x_wconf 73' lang='lat' dir='ltr'><strong>confusione,</strong></span> <span class='ocrx_word' id='word_1_766' title='bbox 2467 4729 2533 4783; x_wconf 92' lang='lat' dir='ltr'><strong>ad</strong></span> <span class='ocrx_word' id='word_1_767' title='bbox 2565 4728 2860 4782; x_wconf 81' lang='lat' dir='ltr'><strong>salutarem</strong></span> <span class='ocrx_word' id='word_1_768' title='bbox 2911 4736 3042 4778; x_wconf 75' lang='lat' dir='ltr'><strong>vero</strong></span> <span class='ocrx_word' id='word_1_769' title='bbox 3095 4719 3316 4775; x_wconf 74' lang='lat' dir='ltr'><strong>indui-at</strong></span> <span class='ocrx_word' id='word_1_770' title='bbox 3377 4725 3429 4770; x_wconf 88' lang='lat' dir='ltr'><strong>et</strong></span> 
     </span>
    </p>
   </div>
   <div class='ocr_carea' id='block_1_107' title="bbox 1850 4815 3429 4894">
    <p class='ocr_par' dir='ltr' id='par_1_107' title="bbox 1850 4815 3429 4894">
     <span class='ocr_line' id='line_1_109' title="bbox 1850 4815 3429 4894; baseline -0.017 -6"><span class='ocrx_word' id='word_1_771' title='bbox 1850 4832 2241 4888; x_wconf 87' lang='lat' dir='ltr'><strong>habitationem</strong></span> <span class='ocrx_word' id='word_1_772' title='bbox 2271 4835 2324 4880; x_wconf 90' lang='lat' dir='ltr'><strong>et</strong></span> <span class='ocrx_word' id='word_1_773' title='bbox 2368 4823 2628 4894; x_wconf 89' lang='lat' dir='ltr'><strong>quietem.</strong></span> <span class='ocrx_word' id='word_1_774' title='bbox 2689 4818 2774 4884; x_wconf 84' lang='lat' dir='ltr'><strong>Et,</strong></span> <span class='ocrx_word' id='word_1_775' title='bbox 2821 4820 2865 4872; x_wconf 89' lang='lat' dir='ltr'><strong>si</strong></span> <span class='ocrx_word' id='word_1_776' title='bbox 2907 4815 3025 4870; x_wconf 81' lang='lat' dir='ltr'><strong>ﬁeri</strong></span> <span class='ocrx_word' id='word_1_777' title='bbox 3090 4819 3288 4883; x_wconf 88' lang='lat' dir='ltr'><strong>potest,</strong></span> <span class='ocrx_word' id='word_1_778' title='bbox 3323 4825 3429 4863; x_wconf 90' lang='lat' dir='ltr'><strong>non</strong></span> 
     </span>
    </p>
   </div>
   <div class='ocr_carea' id='block_1_108' title="bbox 1849 4901 3431 4983">
    <p class='ocr_par' dir='ltr' id='par_1_108' title="bbox 1849 4901 3431 4983">
     <span class='ocr_line' id='line_1_110' title="bbox 1849 4901 3431 4983; baseline -0.018 0"><span class='ocrx_word' id='word_1_779' title='bbox 1849 4927 2023 4983; x_wconf 79' lang='lat' dir='ltr'><strong>solum</strong></span> <span class='ocrx_word' id='word_1_780' title='bbox 2079 4933 2261 4976; x_wconf 84' lang='lat' dir='ltr'><strong>votum</strong></span> <span class='ocrx_word' id='word_1_781' title='bbox 2333 4918 2399 4972; x_wconf 88' lang='lat' dir='ltr'><strong>ad</strong></span> <span class='ocrx_word' id='word_1_782' title='bbox 2435 4917 2593 4970; x_wconf 85' lang='lat' dir='ltr'><strong>linem</strong></span> <span class='ocrx_word' id='word_1_783' title='bbox 2637 4912 2934 4983; x_wconf 83' lang='lat' dir='ltr'><strong>perducere</strong></span> <span class='ocrx_word' id='word_1_784' title='bbox 2976 4905 3031 4962; x_wconf 88' lang='lat' dir='ltr'><strong>in</strong></span> <span class='ocrx_word' id='word_1_785' title='bbox 3077 4905 3263 4960; x_wconf 89' lang='lat' dir='ltr'><strong>animo</strong></span> <span class='ocrx_word' id='word_1_786' title='bbox 3299 4901 3431 4956; x_wconf 91' lang='lat' dir='ltr'><strong>mihi</strong></span> 
     </span>
    </p>
   </div>
   <div class='ocr_carea' id='block_1_109' title="bbox 1849 5001 3431 5085">
    <p class='ocr_par' dir='ltr' id='par_1_109' title="bbox 1849 5001 3431 5085">
     <span class='ocr_line' id='line_1_111' title="bbox 1849 5001 3431 5085; baseline -0.018 -9"><span class='ocrx_word' id='word_1_787' title='bbox 1849 5032 1951 5084; x_wconf 81' lang='lat' dir='ltr'><strong>est,</strong></span> <span class='ocrx_word' id='word_1_788' title='bbox 2007 5017 2102 5074; x_wconf 89' lang='lat' dir='ltr'><strong>sed</strong></span> <span class='ocrx_word' id='word_1_789' title='bbox 2161 5014 2368 5085; x_wconf 87' lang='lat' dir='ltr'><strong>aliquid</strong></span> <span class='ocrx_word' id='word_1_790' title='bbox 2410 5010 2672 5080; x_wconf 85' lang='lat' dir='ltr'><strong>amplius,</strong></span> <span class='ocrx_word' id='word_1_791' title='bbox 2710 5001 3009 5061; x_wconf 89' lang='lat' dir='ltr'><strong>dummodo</strong></span> <span class='ocrx_word' id='word_1_792' title='bbox 3048 5008 3280 5056; x_wconf 83' lang='lat' dir='ltr'><strong>conatus</strong></span> <span class='ocrx_word' id='word_1_793' title='bbox 3339 5011 3431 5049; x_wconf 85' lang='lat' dir='ltr'><strong>re-</strong></span> 
     </span>
    </p>
   </div>
   <div class='ocr_carea' id='block_1_110' title="bbox 1849 5089 3431 5181">
    <p class='ocr_par' dir='ltr' id='par_1_110' title="bbox 1849 5089 3431 5181">
     <span class='ocr_line' id='line_1_112' title="bbox 1849 5089 3431 5181; baseline -0.02 -14"><span class='ocrx_word' id='word_1_794' title='bbox 1849 5110 2113 5181; x_wconf 87' lang='lat' dir='ltr'><strong>spondeat</strong></span> <span class='ocrx_word' id='word_1_795' title='bbox 2141 5107 2430 5166; x_wconf 80' lang='lat' dir='ltr'><strong>voluntati,</strong></span> <span class='ocrx_word' id='word_1_796' title='bbox 2471 5102 2522 5154; x_wconf 90' lang='lat' dir='ltr'><strong>id</strong></span> <span class='ocrx_word' id='word_1_797' title='bbox 2555 5098 2733 5152; x_wconf 81' lang='lat' dir='ltr'><strong>facere</strong></span> <span class='ocrx_word' id='word_1_798' title='bbox 2771 5095 2988 5148; x_wconf 85' lang='lat' dir='ltr'><strong>vellem.</strong></span> <span class='ocrx_word' id='word_1_799' title='bbox 3039 5089 3156 5144; x_wconf 89' lang='lat' dir='ltr'><strong>Non</strong></span> <span class='ocrx_word' id='word_1_800' title='bbox 3189 5089 3431 5160; x_wconf 70' lang='lat' dir='ltr'><strong>ignoras,</strong></span> 
     </span>
    </p>
   </div>
   <div class='ocr_carea' id='block_1_111' title="bbox 1851 5185 3425 5265">
    <p class='ocr_par' dir='ltr' id='par_1_111' title="bbox 1851 5185 3425 5265">
     <span class='ocr_line' id='line_1_113' title="bbox 1851 5185 3425 5265; baseline -0.018 -6"><span class='ocrx_word' id='word_1_801' title='bbox 1851 5204 1927 5258; x_wconf 87' lang='lat' dir='ltr'><strong>lili</strong></span> <span class='ocrx_word' id='word_1_802' title='bbox 1962 5213 2173 5265; x_wconf 87' lang='lat' dir='ltr'><strong>noster,</strong></span> <span class='ocrx_word' id='word_1_803' title='bbox 2197 5199 2359 5252; x_wconf 88' lang='lat' dir='ltr'><strong>etiam</strong></span> <span class='ocrx_word' id='word_1_804' title='bbox 2390 5195 2597 5262; x_wconf 85' lang='lat' dir='ltr'><strong>absque</strong></span> <span class='ocrx_word' id='word_1_805' title='bbox 2628 5188 2830 5246; x_wconf 85' lang='lat' dir='ltr'><strong>nostris</strong></span> <span class='ocrx_word' id='word_1_806' title='bbox 2845 5185 3218 5249; x_wconf 84' lang='lat' dir='ltr'><strong>sermonibus,</strong></span> <span class='ocrx_word' id='word_1_807' title='bbox 3243 5195 3425 5234; x_wconf 87' lang='lat' dir='ltr'><strong>rerum</strong></span> 
     </span>
    </p>
   </div>
   <div class='ocr_carea' id='block_1_112' title="bbox 1852 5270 3428 5360">
    <p class='ocr_par' dir='ltr' id='par_1_112' title="bbox 1852 5270 3428 5360">
     <span class='ocr_line' id='line_1_114' title="bbox 1852 5270 3428 5360; baseline -0.019 -9"><span class='ocrx_word' id='word_1_808' title='bbox 1852 5305 2079 5356; x_wconf 89' lang='lat' dir='ltr'><strong>statum,</strong></span> <span class='ocrx_word' id='word_1_809' title='bbox 2109 5304 2317 5360; x_wconf 90' lang='lat' dir='ltr'><strong>nosque</strong></span> <span class='ocrx_word' id='word_1_810' title='bbox 2351 5285 2484 5341; x_wconf 89' lang='lat' dir='ltr'><strong>nihil</strong></span> <span class='ocrx_word' id='word_1_811' title='bbox 2514 5299 2674 5355; x_wconf 87' lang='lat' dir='ltr'><strong>posse</strong></span> <span class='ocrx_word' id='word_1_812' title='bbox 2701 5281 2767 5335; x_wconf 88' lang='lat' dir='ltr'><strong>ad</strong></span> <span class='ocrx_word' id='word_1_813' title='bbox 2796 5277 3134 5350; x_wconf 85' lang='lat' dir='ltr'><strong>propositum</strong></span> <span class='ocrx_word' id='word_1_814' title='bbox 3159 5270 3428 5333; x_wconf 75' lang='lat' dir='ltr'><strong>conferre,</strong></span> 
     </span>
    </p>
   </div>
   <div class='ocr_carea' id='block_1_113' title="bbox 1852 5365 3431 5455">
    <p class='ocr_par' dir='ltr' id='par_1_113' title="bbox 1852 5365 3431 5455">
     <span class='ocr_line' id='line_1_115' title="bbox 1852 5365 3431 5455; baseline -0.018 -12"><span class='ocrx_word' id='word_1_815' title='bbox 1852 5390 1947 5443; x_wconf 84' lang='lat' dir='ltr'><strong>sed</strong></span> <span class='ocrx_word' id='word_1_816' title='bbox 1980 5383 2331 5455; x_wconf 85' lang='lat' dir='ltr'><strong>quantumvis</strong></span> <span class='ocrx_word' id='word_1_817' title='bbox 2371 5377 2704 5434; x_wconf 84' lang='lat' dir='ltr'><strong>contendere</strong></span> <span class='ocrx_word' id='word_1_818' title='bbox 2757 5369 3097 5431; x_wconf 83' lang='lat' dir='ltr'><strong>duxerimus,</strong></span> <span class='ocrx_word' id='word_1_819' title='bbox 3145 5365 3198 5417; x_wconf 92' lang='lat' dir='ltr'><strong>in</strong></span> <span class='ocrx_word' id='word_1_820' title='bbox 3230 5375 3431 5418; x_wconf 81' lang='lat' dir='ltr'><strong>vanum</strong></span> 
     </span>
    </p>
   </div>
   <div class='ocr_carea' id='block_1_114' title="bbox 1853 5458 3428 5536">
    <p class='ocr_par' dir='ltr' id='par_1_114' title="bbox 1853 5458 3428 5536">
     <span class='ocr_line' id='line_1_116' title="bbox 1853 5458 3428 5536; baseline -0.018 0"><span class='ocrx_word' id='word_1_821' title='bbox 1853 5483 2150 5536; x_wconf 85' lang='lat' dir='ltr'><strong>desituram</strong></span> <span class='ocrx_word' id='word_1_822' title='bbox 2222 5472 2649 5530; x_wconf 88' lang='lat' dir='ltr'><strong>contentionem.</strong></span> <span class='ocrx_word' id='word_1_823' title='bbox 2711 5464 2854 5534; x_wconf 87' lang='lat' dir='ltr'><strong>Quid</strong></span> <span class='ocrx_word' id='word_1_824' title='bbox 2905 5463 3072 5533; x_wconf 83' lang='lat' dir='ltr'><strong>igitur</strong></span> <span class='ocrx_word' id='word_1_825' title='bbox 3127 5458 3329 5515; x_wconf 88' lang='lat' dir='ltr'><strong>dicam.</strong></span> <span class='ocrx_word' id='word_1_826' title='bbox 3373 5458 3428 5507; x_wconf 74' lang='lat' dir='ltr'><strong>in</strong></span> 
     </span>
    </p>
   </div>
   <div class='ocr_carea' id='block_1_115' title="bbox 1855 5554 3433 5628">
    <p class='ocr_par' dir='ltr' id='par_1_115' title="bbox 1855 5554 3433 5628">
     <span class='ocr_line' id='line_1_117' title="bbox 1855 5554 3433 5628; baseline -0.02 1"><span class='ocrx_word' id='word_1_827' title='bbox 1855 5575 2014 5628; x_wconf 84' lang='lat' dir='ltr'><strong>istius</strong></span> <span class='ocrx_word' id='word_1_828' title='bbox 2074 5568 2220 5625; x_wconf 86' lang='lat' dir='ltr'><strong>modi</strong></span> <span class='ocrx_word' id='word_1_829' title='bbox 2277 5580 2461 5620; x_wconf 90' lang='lat' dir='ltr'><strong>rerum</strong></span> <span class='ocrx_word' id='word_1_830' title='bbox 2500 5571 2667 5627; x_wconf 89' lang='lat' dir='ltr'><strong>statu,</strong></span> <span class='ocrx_word' id='word_1_831' title='bbox 2698 5559 2801 5613; x_wconf 90' lang='lat' dir='ltr'><strong>nisi</strong></span> <span class='ocrx_word' id='word_1_832' title='bbox 2824 5554 3005 5612; x_wconf 89' lang='lat' dir='ltr'><strong>omnia</strong></span> <span class='ocrx_word' id='word_1_833' title='bbox 3043 5557 3152 5607; x_wconf 85' lang='lat' dir='ltr'><strong>Deo</strong></span> <span class='ocrx_word' id='word_1_834' title='bbox 3180 5555 3433 5604; x_wconf 85' lang='lat' dir='ltr'><strong>commit-</strong></span> 
     </span>
    </p>
   </div>
   <div class='ocr_carea' id='block_1_116' title="bbox 1856 5649 3428 5733">
    <p class='ocr_par' dir='ltr' id='par_1_116' title="bbox 1856 5649 3428 5733">
     <span class='ocr_line' id='line_1_118' title="bbox 1856 5649 3428 5733; baseline -0.019 -10"><span class='ocrx_word' id='word_1_835' title='bbox 1856 5666 2104 5723; x_wconf 85' lang='lat' dir='ltr'><strong>tere?Et</strong></span> <span class='ocrx_word' id='word_1_836' title='bbox 2150 5662 2242 5733; x_wconf 89' lang='lat' dir='ltr'><strong>qui</strong></span> <span class='ocrx_word' id='word_1_837' title='bbox 2306 5659 2580 5714; x_wconf 89' lang='lat' dir='ltr'><strong>desiderio</strong></span> <span class='ocrx_word' id='word_1_838' title='bbox 2639 5651 2840 5709; x_wconf 86' lang='lat' dir='ltr'><strong>Christi</strong></span> <span class='ocrx_word' id='word_1_839' title='bbox 2899 5649 3266 5705; x_wconf 81' lang='lat' dir='ltr'><strong>inﬂammatus</strong></span> <span class='ocrx_word' id='word_1_840' title='bbox 3322 5650 3428 5705; x_wconf 87' lang='lat' dir='ltr'><strong>est,</strong></span> 
     </span>
    </p>
   </div>
   <div class='ocr_carea' id='block_1_117' title="bbox 1856 5733 3432 5813">
    <p class='ocr_par' dir='ltr' id='par_1_117' title="bbox 1856 5733 3432 5813">
     <span class='ocr_line' id='line_1_119' title="bbox 1856 5733 3432 5813; baseline -0.017 -1"><span class='ocrx_word' id='word_1_841' title='bbox 1856 5759 2018 5813; x_wconf 92' lang='lat' dir='ltr'><strong>modo</strong></span> <span class='ocrx_word' id='word_1_842' title='bbox 2062 5764 2242 5812; x_wconf 91' lang='lat' dir='ltr'><strong>tamen</strong></span> <span class='ocrx_word' id='word_1_843' title='bbox 2288 5752 2439 5806; x_wconf 90' lang='lat' dir='ltr'><strong>illum</strong></span> <span class='ocrx_word' id='word_1_844' title='bbox 2490 5747 2754 5804; x_wconf 84' lang='lat' dir='ltr'><strong>veraciter</strong></span> <span class='ocrx_word' id='word_1_845' title='bbox 2805 5743 3099 5803; x_wconf 83' lang='lat' dir='ltr'><strong>desideret,</strong></span> <span class='ocrx_word' id='word_1_846' title='bbox 3161 5733 3432 5802; x_wconf 78' lang='lat' dir='ltr'><strong>compleat</strong></span> 
     </span>
    </p>
   </div>
   <div class='ocr_carea' id='block_1_118' title="bbox 1857 5824 3429 5908">
    <p class='ocr_par' dir='ltr' id='par_1_118' title="bbox 1857 5824 3429 5908">
     <span class='ocr_line' id='line_1_120' title="bbox 1857 5824 3429 5908; baseline -0.018 -1"><span class='ocrx_word' id='word_1_847' title='bbox 1857 5863 2148 5908; x_wconf 68' lang='lat' dir='ltr'><strong>act-ensum</strong></span> <span class='ocrx_word' id='word_1_848' title='bbox 2211 5842 2572 5906; x_wconf 84' lang='lat' dir='ltr'><strong>desiderium,</strong></span> <span class='ocrx_word' id='word_1_849' title='bbox 2632 5837 2916 5908; x_wconf 71' lang='lat' dir='ltr'><strong>sequendo</strong></span> <span class='ocrx_word' id='word_1_850' title='bbox 2948 5831 3226 5888; x_wconf 77' lang='lat' dir='ltr'><strong>Christum</strong></span> <span class='ocrx_word' id='word_1_851' title='bbox 3263 5824 3429 5878; x_wconf 73' lang='lat' dir='ltr'><strong>Deum</strong></span> 
     </span>
    </p>
   </div>
  </div>
