4182 6428
736 444 843 507 235

1873 433 2190 494 NICOLAI
2230 434 2341 494 GP.
2381 432 2891 494 PATRIARCILE

3892 431 4005 498 9.36

742 552 972 614 scilicet,
1004 559 1059 604 et
1109 564 1253 603 nunc
1298 547 1408 616 jam
1449 545 1590 614 apud
1628 557 1723 597 eos
1749 541 1841 611 qui
1888 556 2014 595 vere
2046 542 2188 595 bona
2224 556 2350 604 non

2460 559 2487 594 ν
2518 540 2615 594 καὶ
2646 540 2742 593 νῦν
2779 539 2931 612 παρᾶ
2957 542 3070 603 τοῖς
3102 541 3321 611 άληθῶς
3357 544 3424 595 τὰ
3453 544 3593 597 καλὰ
3628 543 3793 597 εἰδόσι
3828 564 4013 615 μακα-

743 656 871 699 runt
920 643 1294 700 felicissimus.
1337 638 1447 693 eris
1490 646 1543 692 et
1587 636 1640 690 in
1688 650 1858 705 regno
1897 635 2162 689 caelorum
2194 649 2319 689 cum

742 741 823 792 eis
863 739 1021 807 quia
1060 736 1166 789 Deo
1218 732 1592 787 beatificantur
1648 730 1853 783 ditatus
1904 737 1959 783 et
2008 726 2322 799 congloriﬁ-

744 846 920 883 intus.

748 924 932 976 ,\l.\l.
984 920 1348 991 lncly'issimo
1389 928 1438 973 et
1482 916 1674 991 dilecto
1722 914 1839 991 ﬁlio.
1875 921 2079 991 nostra,
2120 911 2323 965 illustri

1128 991 1369 1060 Abasgiw
1399 988 1627 1059 regionis
1668 984 1917 1055 principi.

820 1108 893 1162 De
927 1122 1178 1167 excessu,
1220 1104 1290 1157 lili
1328 1110 1537 1167 noster,
1568 1101 1643 1154 lui
1690 1096 1990 1152 beatissimi
2031 1097 2201 1166 patris
2228 1096 2325 1149 do-

752 1202 979 1263 luimus,
1011 1201 1151 1254 sicut
1176 1197 1427 1258 decebat,
1459 1206 1510 1249 et
1560 1193 1638 1247 tui
1685 1191 1859 1260 ipsius
1916 1189 2326 1244 considerantes

753 1295 934 1347 cordis
969 1293 1181 1361 plagam
1223 1306 1332 1360 pra:
1368 1288 1577 1348 dolore,
1619 1294 1675 1339 et
1716 1296 2038 1339 cancrorum
2080 1281 2325 1337 omnium

752 1394 1020 1455 quotquot
1042 1385 1269 1455 diligere
1303 1388 1575 1435 noverunt
1609 1378 1786 1432 virum
1822 1378 2025 1430 virtute
2051 1384 2326 1437 ornatum,

753 1477 935 1545 qualis
988 1476 1173 1544 utique
1226 1481 1345 1527 erat
1404 1483 1533 1526 tuus
1586 1478 1739 1540 pater
1773 1469 1842 1521 ab
1895 1467 2154 1521 omnibus
2188 1466 2330 1521 cele-

757 1568 949 1621 bratus
997 1575 1050 1620 ct
1097 1564 1373 1619 laudatus.
1429 1561 1641 1615 Doloris
1682 1570 1861 1613 tamen
1909 1558 2330 1611 allevamentum

757 1659 1069 1721 habuimus,
1101 1656 1244 1726 quod
1282 1663 1333 1708 te
1365 1668 1586 1724 germen
1648 1651 1772 1720 ejus
1805 1650 2101 1721 genuinum
2130 1658 2186 1703 et
2216 1646 2331 1701 fru-

754 1762 901 1805 ctum
935 1749 1160 1803 seminis
1192 1748 1309 1816 ejus
1340 1745 1524 1800 divina
1544 1743 1892 1798 Providentia
1935 1739 2203 1809 judicavit
2233 1754 2331 1806 po-

756 1852 1003 1897 testatem
1048 1839 1385 1909 principatus
1421 1836 1537 1903 ejus
1581 1833 1880 1902 suscipere,
1914 1841 1970 1885 et
2007 1830 2164 1900 quasi
2196 1828 2332 1883 ima-

2426 630 2611 701 ριστὸς
2643 629 2744 700 ἔσῃ
2776 633 2833 682 ὲν
2861 632 2928 700 τῇ
2977 629 3087 683 τῶν
3139 633 3385 702 οὐρανῶν
3435 631 3682 704 βασιλείᾳ
3710 636 3822 695 τοῖς
3858 642 4015 707 παρὰ

2424 721 2562 775 Θεοῦ
2594 720 3067 791 μακαριζομένοις
3117 725 3481 793 συμπλουτῶν
3532 726 3626 778 καὶ
3687 726 4012 791 συνδοξαζᾴ-

2428 831 2613 882 μενος.

2426 902 2574 970 MCT.
2598 902 2681 981 Τῷ
2696 906 3167 981 ὑπερξοςστᾴςῳ
3201 908 3297 960 καὶ
3322 907 3688 981 ἠγαπημένῳ
3713 911 3882 979 ἡμῶν
3901 909 4017 975 υἱῷ

2600 975 2681 1037 τῷ
2711 976 3003 1042 περιδόξῳ
3044 975 3419 1047 ὲξουσιαστῇ
3482 975 3827 1051 ’Ᾰόασγίὰς.

2511 1086 2635 1137 Ἐπὶ
2666 1082 2741 1154 τῷ
2770 1088 3061 1156 χωρισμῷ,
3096 1085 3285 1140 τέκνον
3315 1086 3492 1157 ἡμῶν,
3526 1089 3617 1141 τοῦ
3652 1093 4015 1163 μακαριωτά-

2427 1196 2522 1231 του
2553 1178 2760 1248 πατρός
2795 1194 2892 1230 σου
2936 1180 3315 1249 ἐλυπήθημεν,
3356 1180 3546 1253 ὥσπερ
3597 1178 3665 1253 ἦν
3694 1184 4016 1251 ἀκόλουθον,

2428 1270 2528 1337 τήν
2567 1287 2625 1322 τε
2663 1271 2761 1341 σὴν
2813 1270 3124 1333 ἐννοοῦντες
3171 1274 3264 1325 ἐπὶ
3306 1271 3381 1343 τῷ
3427 1274 3593 1328 πάθει
3643 1274 3857 1346 πληγὴν
3911 1280 4019 1346 τῆς

2429 1359 2681 1427 καρδίας,
2727 1360 2952 1414 καὶτῶν
2992 1360 3170 1414 ἄλλων
3202 1364 3318 1415 ὅσοι
3359 1363 3534 1433 φιλεῖν
3570 1366 3773 1420 οἴδασιν
3803 1368 4022 1440 ἄνθρω-

2431 1471 2531 1508 πον
2581 1456 2752 1526 ἀρετῇ
2808 1457 3252 1527 κεκοσμημένον,
3304 1458 3542 1525 μάλιστα
3582 1453 3694 1523 οἷος
3741 1456 3809 1530 ἦν
3841 1464 3869 1514 ό
3922 1465 4022 1525 σὸς

2432 1547 2615 1619 πατὴρ
2650 1546 2804 1618 παρὰ
2839 1549 3060 1600 πάντων
3095 1550 3192 1603 καὶ
3226 1549 3627 1619 ἐπαινούμενος
3676 1552 3767 1605 καὶ
3798 1553 4022 1624 θαυμα-

2434 1643 2690 1711 ζόμενος.
2719 1639 2866 1710 Πλὴν
2891 1638 3113 1709 εἴχομεν
3139 1642 3241 1710 τῆς
3267 1641 3445 1712 λύπης
3473 1642 3822 1714 ἀπαλλαγὴν,
3849 1646 3929 1699 ὃτι
3963 1648 4026 1701 σε

2436 1732 2665 1803 βλαστὸν
2692 1732 2860 1786 αὑτοῦ
2900 1731 3033 1785 ὅντα
3072 1733 3313 1802 γνήσιον,
3353 1737 3450 1788 καὶ
3481 1736 3695 1807 καρπὸν
3736 1740 3836 1809 τῆς
3872 1742 4028 1793 ὲκεί-

2435 1840 2528 1877 νου
2562 1824 2795 1895 σπορᾶς,
2823 1825 2857 1894 ἡ
2897 1822 3018 1877 θεία
3070 1824 3333 1897 εύδὸκησε
3354 1829 3586 1899 Πρόνοια
3622 1831 3717 1883 καὶ
3742 1830 3838 1899 τὴν
3868 1833 4031 1897 ἐξου-

758 1937 935 2005 ginem
966 1932 1255 2000 quamdam
1286 1930 1432 1985 cerni
1463 1929 1581 1996 ejus
1622 1927 1818 1995 populo
1849 1923 1997 1978 dedit
2027 1938 2124 1992 pro
2155 1938 2218 1977 eo
2242 1922 2335 1995 qui

2455 1915 2563 1969 τίαν
2592 1915 2693 1984 τῆς
2720 1917 2891 1986 ἀρχῆς
2927 1916 3311 1985 ἀναδέξασθαι,
3348 1922 3441 1974 καὶ
3465 1920 3657 1994 ὥσπερ
3680 1924 3873 1977 εἰκόνα
3901 1927 4032 1979 τινὰ

756 2045 786 2079 e
836 2040 975 2079 rana
1028 2024 1115 2078 illa
1155 2024 1262 2076 vita
1291 2020 1547 2076 decessit.
1578 2019 1693 2073 Hoc
1738 2026 1984 2072 nostrum
2017 2015 2214 2070 levavit
2238 2015 2334 2067 do-

761 2121 929 2173 iurem
960 2128 1010 2171 et
1033 2117 1097 2170 ad
1128 2114 1328 2184 gratias
1362 2113 1472 2167 Deo
1506 2109 1817 2165 referendas
1843 2107 2080 2177 impulit.
2106 2105 2171 2159 Et
2206 2122 2332 2174 gra-

760 2214 865 2265 tias
918 2209 1205 2263 retulimus
1234 2205 1614 2265 etreferimus,
1645 2202 1995 2277 divinamun
2029 2200 2330 2255 b0nitatem

760 2315 1047 2371 precamur
1090 2308 1148 2351 ut
1182 2297 1233 2350 in
1284 2294 1433 2381 nullo
1469 2304 1519 2348 te
1555 2292 1741 2362 patria:
1777 2290 2033 2345 deficiant
2082 2289 2331 2355 virtutes,

762 2393 852 2446 sed
900 2389 1082 2460 potius
1129 2386 1559 2457 superemineas,
1584 2384 1820 2453 talisque
1856 2382 1955 2436 fias
1992 2382 2045 2435 in
2082 2381 2333 2435 subditos

763 2492 913 2553 pater
957 2491 1009 2535 et
1046 2483 1298 2550 princeps
1330 2487 1389 2531 ut
1415 2476 1599 2530 divina
1644 2475 1696 2527 in
1748 2481 1800 2527 te
1843 2473 2036 2527 electio
2080 2473 2335 2542 operibus

762 2575 1109 2644 justilicatur,
1145 2581 1462 2641 patremque
1495 2575 1645 2621 tuum
1672 2565 1847 2620 adhuc
1878 2563 2171 2619 feliciorem
2206 2578 2343 2632 pra:-

771 2672 899 2723 beas
933 2668 1042 2721 tuis
1078 2665 1321 2719 moribus
1352 2671 1553 2731 tuaque
1574 2660 1775 2713 virtute
1811 2656 2017 2726 tibique
2045 2665 2098 2710 et
2127 2656 2179 2709 in
2205 2671 2342 2725 pra:-

767 2758 906 2811 senti
933 2755 1131 2809 sweulo
1159 2762 1423 2808 azternum
1455 2750 1621 2803 decus
1652 2760 1936 2817 compares
1975 2753 2029 2799 et
2068 2744 2120 2797 in
2159 2743 2344 2798 futuro

772 2846 1135 2899 immortalem
1182 2842 1407 2913 gloriam
1458 2846 1513 2893 et
1547 2839 1810 2892 honorem
1845 2834 2342 2904 etjueunditatem.

2441 2008 2518 2079 τῷ
2554 2008 2741 2077 οἰκείῳ
2776 2009 2920 2062 ἔθνει
2964 2012 3087 2064 ἀντὶ
3136 2011 3232 2065 τοῦ
3271 2016 3640 2083 χωρισθέντος
3668 2018 3735 2071 ὲκ
3766 2012 3867 2087 τῆς
3917 2038 4033 2088 μαι

2441 2100 2602 2163 ταίας
2632 2100 2842 2169 ταύτης
2881 2101 3029 2170 ζωῆς
3064 2103 3338 2174 παρέσχεν
3374 2108 3633 2172 ὁρᾶσθαι.
3666 2110 3839 2164 Τοῦτο
3876 2114 4031 2181 ἡμᾶς

2440 2190 2721 2263 ἀπήλλαξε
2782 2196 2882 2264 τῆς
2945 2193 3163 2263 λύπης,
3218 2200 3313 2250 καὶ
3378 2199 3582 2266 μᾶλλον
3645 2202 3787 2271 πρὸς
3874 2204 4038 2255 θείαν

2442 2282 2791 2354 εὐχαριστίαν
2874 2285 3233 2354 μετήνεγκεν.
3332 2289 3442 2341 Καὶ
3532 2291 4031 2363 ηὑχαριστήσαμεν

2443 2377 2535 2427 καὶ
2606 2376 3079 2447 εὐχαριστοῦμεν,
3139 2377 3388 2449 δεόμενοι
3444 2381 3544 2450 τῆς
3610 2382 3801 2452 θεῖκῆς
3884 2386 4035 2451 ἁγα-

2442 2468 2665 2537 θότητος
2743 2471 2801 2521 έν
2863 2471 3053 2542 μηδενί
3134 2489 3192 2525 σε
3253 2473 3363 2525 τῶν
3442 2477 3728 2544 πατρικῶν
3806 2475 4038 2528 ἀπολει-

2445 2560 2645 2630 φθῆναι
2691 2563 3163 2633 κατορθωμάτων,
3224 2565 3364 2618 arra
3416 2566 3621 2637 μᾶλλον
3671 2568 4038 2639 ὑπερϐαλεῖν,

2447 2654 2543 2704 καὶ
2598 2652 2852 2719 γενέσθαι
2888 2654 3136 2727 τοιοῦτον
3167 2658 3225 2709 ἐν
3254 2660 3369 2719 τοῖς
3425 2659 3762 2729 ὑποχειρίοις
3812 2662 4039 2730 πατέρα

2448 2743 2544 2797 καὶ
2583 2745 2845 2816 ἄρχοντα,
2877 2742 2988 2809 οἷος
3021 2750 3114 2801 καὶ
3146 2748 3245 2818 τὴν
3288 2749 3385 2802 τοῦ
3427 2750 3564 2805 Θεοῦ
3597 2753 3776 2822 ψῆφον
3816 2753 3901 2804 ἐπ’
3932 2751 4039 2822 ἑρ-

2448 2853 2566 2903 γοις
2600 2838 2953 2908 μαρτυρῆσαι
2986 2840 3203 2895 δικαίαν
3243 2842 3336 2894 ἐπὶ
3369 2845 3450 2895 σοὶ
3486 2848 3781 2912 γενέσθαι,
3814 2845 3909 2898 καὶ
3939 2844 4043 2895 τὸν

773 2948 987 3011 πατέρα
1031 2941 1111 2993 ἔτι
1164 2938 1588 3011 μακαριώτερρν
1645 2932 1924 3003 ἀποφῆναι
1974 2929 2063 2983 διὰ
2106 2930 2200 2983 τοῦ
2249 2930 2344 2983 σοῦ
2382 2933 2587 3001 τρόπου
2619 2934 2845 3004 καὶτῆς
2915 2935 3350 3003 καλοκάγαθίας,
3421 2939 3515 2991 καὶ
3555 2938 3768 3009 σεαυτῷ
3805 2939 4048 3008 ἀείμνη-

775 3056 898 3093 στον
930 3037 1083 3099 κλέος
1116 3034 1173 3088 ἐι
1205 3050 1263 3088 τε
1407 3030 1635 3102 παρόντι
1665 3028 1824 3083 αίῶνι
1848 3025 2334 3099 περιποιήσασθαι,
2378 3029 2470 3080 καὶ
2501 3029 2557 3080 ἐν
2582 3028 2661 3097 τῷ
2729 3027 2983 3098 μέλλοντι
3038 3030 3135 3100 τὴν
3191 3031 3462 3086 ἀθάνατον
3530 3033 3689 3098 δόξαν
3741 2994 3835 3086 καὶ
3865 2994 4049 3104 tigri-:9

775 3138 866 3189 καὶ
889 3133 1211 3188 ἀπόλαυσιν.

849 3226 1251 3283 Benedictionis
1294 3224 1468 3294 gratia
1515 3222 1769 3274 misimus
1824 3217 2228 3273 vestimentum.
2277 3213 2352 3269 Dc
2381 3223 2423 3280 C

778 3322 1193 3390 archiepiscopo
1255 3325 1433 3370 autem
1484 3313 1710 3375 Alaniae,
1752 3311 1848 3376 fili,
1898 3310 2043 3380 quod
2113 3308 2348 3364 scribam

777 3430 889 3469 non
920 3412 1114 3466 habeo.
1150 3410 1268 3479 ipse
1292 3408 1461 3465 enim.
1500 3412 1687 3473 utpote
1724 3404 1817 3472 qui
1854 3417 1915 3458 es
1970 3399 2277 3469 intelligens
2300 3406 2352 3451 et

779 3506 1042 3579 prudens,
1080 3502 1297 3572 seisque
1328 3516 1467 3569 opus
1498 3498 1641 3567 ejus.
1675 3512 1871 3564 nempe
1902 3496 1955 3548 in
1995 3496 2226 3547 salutem
2254 3492 2352 3545 ho-

782 3602 990 3654 minum
1023 3606 1076 3651 et
1124 3599 1175 3651 in
1226 3595 1407 3664 magni
1448 3591 1684 3645 numinis
1721 3588 1813 3643 Dei
1864 3587 2102 3651 laudem,
2133 3584 2356 3637 omnino

781 3703 835 3745 ct
880 3693 1083 3759 absque
1118 3686 1320 3762 nostris
1358 3684 1573 3745 litteris,
1624 3689 1842 3751 propter
1890 3678 2181 3747 repositam
2230 3674 2358 3728 hinc

784 3767 977 3837 amicis
1019 3782 1111 3835 Dei
1156 3777 1680 3838 remunerationem,
1718 3781 1772 3826 et
1805 3772 1880 3825 illi
1914 3767 2273 3837 opitulaberis
2304 3774 2359 3820 et

784 3893 907 3932 cum
957 3886 1022 3931 eo
1085 3860 1302 3927 labo'res
1331 3868 1707 3941 participabis.
1742 3864 1807 3918 Et
1835 3864 1880 3919 si
1906 3861 2035 3932 quid
2073 3877 2136 3915 ex
2163 3873 2359 3913 neces-

786 3970 949 4025 sariis
996 3978 1049 4021 et
1102 3965 1169 4019 ad
1200 3965 1322 4018 vita:
1381 3962 1835 4017 sustentationem
1890 3954 2117 4009 utilibus
2164 3952 2220 4005 in
2262 3951 2363 4006 hac

787 4070 945 4132 gente
978 4071 1030 4113 et
1076 4060 1126 4112 in
1159 4067 1301 4111 terra
1331 4054 1507 4108 aliena
1539 4052 1585 4105 ei
1619 4051 1791 4113 deest,
1827 4048 1993 4102 alacri
2026 4046 2209 4099 animo
2233 4059 2362 4112 sup-

786 4151 1076 4222 peditabis,
1128 4136 1247 4201 Deo‘
1267 4132 1362 4199 tibi
1411 4141 1725 4196 facultatem
1762 4138 2075 4200 tribuente;
2141 4134 2363 4200 erisque

790 4243 1096 4312 etamplius
1130 4254 1224 4309 per
1278 4236 1491 4306 cepiam
1523 4232 1687 4301 hujus
1712 4230 1986 4285 facultatis
2018 4228 2073 4281 in
2097 4223 2377 4279 auxilium,

793 4333 1170 4391 laborantibus
1202 4328 1553 4385 constitutus.

795 4512 1373 4576 XL\'II.COitstaiititto
1419 4511 1590 4562 uicino
1650 4503 2020 4559 consolatorie:
2069 4501 2368 4559 litterario

1345 4596 1524 4636 sorore
1552 4580 1823 4646 defuncta.

867 4706 1027 4765 Cum,
1061 4700 1133 4755 fili
1158 4698 1232 4754 mi
1263 4695 1562 4758 benedicte,
1594 4691 1872 4759 inopinam
1896 4702 2017 4757 qua:
2044 4686 2141 4741 tibi
2171 4684 2370 4740 accidit

798 4796 1167 4853 amictionem,
1215 4799 1269 4844 et
1299 4799 1547 4842 amarum
1610 4782 1851 4835 dolorem
1905 4794 2115 4834 meeum
2159 4785 2368 4846 reputo,

796 4885 1093 4942 cunlrubor
1109 4891 1164 4939 et
1184 4896 1284 4951 ego
1304 4893 1435 4933 voce
1456 4875 1747 4935 exstincta,
1784 4885 1891 4926 non
1922 4870 2094 4925 habeo
2114 4870 2259 4938 quod
2285 4868 2370 4921 di-

799 4995 945 5042 eam,
977 4987 1071 5031 aut
1098 4989 1261 5045 quam
1305 4971 1605 5027 orationem
1646 4964 1919 5021 inveniam
1955 4976 2077 5032 qua:
2100 4959 2371 5033 consolari

801 5074 1161 5141 possitneque
1192 5068 1359 5122 animi
1378 5066 1483 5121 mei
1504 5062 1903 5135 aegritudinem,
1928 5074 2102 5130 neque
2124 5068 2375 5126 te,ncque

803 5180 949 5217 tuam
988 5165 1131 5233 piam
1164 5170 1418 5223 matrem,
1450 5171 1629 5225 neque
1663 5164 1893 5208 caeteros
1937 5148 2374 5217 consanguineos

802 5268 898 5312 aut
944 5257 1173 5320 amicos,
1200 5268 1430 5323 quorum
1466 5263 1686 5303 amarus
1721 5246 1811 5300 ille
1837 5244 1994 5299 dolor
2025 5253 2213 5313 pectus
2237 5241 2376 5294 dila-

806 5366 945 5409 mat.
992 5350 1153 5420 Fugit
1182 5349 1325 5403 enim
1375 5359 1564 5399 revera
1609 5356 1825 5397 omnem
1856 5336 2291 5393 exhortationem
2320 5343 2376 5387 et

807 5444 1234 5503 consolationem
1249 5440 1338 5493 illa
1357 5454 1478 5509 quze
1498 5436 1626 5506 (heu
1645 5436 1657 5487 !
1674 5432 1947 5503 quomodo
1965 5427 2201 5497 dicam?)
2222 5426 2378 5481 nobis

810 5539 1008 5594 accidit
1045 5534 1349 5590 calamitas.
1400 5532 1539 5596 Quid
1574 5529 1718 5583 enim
1771 5526 1923 5594 prius
1955 5525 2078 5593 quis
2129 5518 2379 5590 lugebit?

812 5632 952 5687 Num
998 5630 1117 5698 ejus
1145 5644 1266 5698 qua:
1296 5641 1398 5680 nos
1432 5624 1647 5693 reliquit
1671 5629 2050 5692 praematurum
2079 5624 2134 5671 et
2179 5614 2231 5667 in
2263 5616 2379 5683 ipso

816 5723 991 5778 astatis
1019 5719 1151 5774 ﬂore
1177 5729 1402 5783 sortem,
1433 5714 1520 5771 cui
1547 5728 1732 5768 amara
1765 5726 1912 5767 mors
1948 5725 2056 5763 non
2098 5705 2373 5777 pepercit!

812 5819 954 5873 Num
977 5816 1138 5883 hujus
1160 5811 1343 5867 eximii
1377 5806 1627 5878 conjugis
1651 5804 2020 5865 solitudinem,
2047 5801 2139 5869 qui
2164 5808 2216 5853 et
2241 5798 2376 5868 ipse,

814 5912 871 5966 in
901 5909 1089 5967 eodem
1116 5906 1271 5969 flore,
1319 5902 1366 5959 si
1398 5918 1503 5959 non
1534 5918 1564 5959 e
1597 5900 1706 5956 vita
1753 5897 2009 5963 decessit,
2050 5892 2381 5949 ainariorem

2395 4598 2448 4657 D

2537 3213 2968 3283 Ἀπεστείλαμεν
3016 3213 3268 3280 εὐλογίας
3312 3212 3473 3283 χάριν
3520 3215 3771 3283 ἱμάτιονο
3806 3216 3937 3285 περὶ
3986 3219 4051 3271 δὲ

2454 3306 2548 3359 τοῦ
2581 3308 3016 3377 ἀρχιεπισκόπου
3054 3306 3329 3371 Ἀλανίας,
3362 3307 3553 3360 τέκνον
3589 3307 3767 3377 ἡμῶν,
3803 3308 4051 3377 γράφειν

2454 3418 2505 3453 τι
2534 3400 2636 3451 οὐκ
2669 3399 2798 3469 ἔχω.
2851 3399 3025 3464 Αὐτὸς
3056 3398 3167 3470 γάρ
3220 3399 3443 3462 συνετὸς
3492 3398 3570 3451 ὣν
3615 3401 3709 3453 καὶ
3748 3401 4051 3469 φρόνιμος,

2457 3494 2551 3544 καὶ
2581 3490 2735 3557 εἰδὼς
2764 3491 2825 3544 τὸ
2855 3493 3067 3545 ἐκείνου
3115 3492 3303 3562 ἔργον,
3332 3493 3415 3546 ὅτι
3458 3492 3595 3563 πρὸς
3644 3494 3917 3562 σωτηρίαν
3951 3495 4057 3546 ἀν-

2459 3579 2716 3649 θρώπων,
2754 3582 2837 3633 ὅτι
2872 3584 3007 3649 πρὸς
3052 3582 3212 3649 δόξαν
3244 3582 3336 3636 τοῦ
3371 3585 3612 3652 μεγάλου
3650 3585 3917 3653 ὀνόματος
3948 3586 4054 3637 τοῦ

2458 3670 2618 3735 Θεοῦ,
2653 3672 2874 3735 πάντως
2904 3673 2999 3726 καὶ
3039 3673 3211 3743 χωρὶς
3247 3675 3527 3744 ἡμετέρας
3559 3676 3778 3746 γραφῆς
3820 3674 3908 3726 διὰ
3945 3678 4059 3745 τὴν

2459 3762 2834 3833 ἀποκειμένην
2869 3764 3081 3817 ἐκεῖθεν
3123 3766 3556 3835 μισθαποδοσίαν
3596 3770 3704 3830 τοῖς
3749 3765 4059 3834 φιλοθέοις,

2462 3856 2557 3908 καὶ
2601 3857 3095 3927 συνεπικουρήσεις
3153 3857 3327 3929 αὐτῷ,
3380 3859 3473 3911 καὶ
3521 3859 3894 3931 συναντιλήψῃ
3933 3860 4062 3913 τῶν

2463 3948 2677 4001 πόνωνι
2711 3950 2805 4001 κα)⁸
2838 3950 2891 4001 εῐ
2915 3967 3059 4010 τινος
3098 3952 3157 4002 ὲν
3205 3950 3351 4004 ἔθνει
3414 3950 3643 4022 τοιούτῳ
3676 3953 3772 4005 καὶ
3811 3955 3881 4022 γῇ
3916 3952 4061 4023 ξένῃ

2465 4040 2573 4093 τῶν
2604 4040 2919 4109 ἀναγκαίων
2952 4041 3046 4095 καὶ
3073 4042 3257 4095 ἄνεσιν
3295 4046 3363 4114 τῇ
3398 4044 3511 4115 ζωῇ
3544 4045 3825 4115 φερόντων
3859 4046 4064 4115 ἐνδεής

2466 4135 2602 4197 ἐστι,
2636 4131 2939 4203 προθύμως
2972 4135 3409 4203 ἐπιχορηγήσεις
3438 4133 3534 4187 τοῦ
3571 4134 3707 4186 Θεοῦ
3760 4153 3841 4187 σοι
3881 4135 4061 4189 δύνα-

2471 4240 2564 4293 μιν
2621 4222 3031 4293 παρασχόντοςο
3069 4224 3163 4276 καὶ
3200 4223 3320 4292 εἴης
3373 4224 3471 4276 καὶ
3517 4222 3599 4275 ἔτι
3638 4223 3733 4276 ἐπὶ
3766 4224 3928 4277 πλέον
3974 4228 4067 4287 εἰς

2469 4314 2731 4384 εὐπορίαν
2754 4313 2856 4384 τῆς
2887 4313 3149 4383 τοιαύτης
3178 4313 3460 4383 δυνάμεως
3493 4312 3893 4383 καθιστάμενος
3917 4312 4067 4385 βοη-

2472 4407 2585 4470 θεῖς
2619 4409 2732 4469 τοῖς
2771 4411 2979 4477 ὰπορου
2989 4408 3196 4477 μένοις.

2508 4499 2641 4554 ιη’.
2674 4498 3113 4569 Κωνσταντινῳ
3130 4500 3641 4569 νπσρακοιμωμένῳ
3666 4504 4029 4569 παραμυθη-

2794 4568 2927 4636 τικὴ
2957 4569 3051 4622 ἐπ’
3072 4568 3308 4637 ἀδελφῇ
3339 4570 3715 4637 κοιμηθεισῃ.

2550 4685 2745 4744 Ὅταν,
2796 4680 2990 4733 τέκνον
3057 4696 3157 4749 μου
3225 4677 3595 4748 εύλογημένον
3645 4676 3898 4756 [τίμιονὶ]
3957 4681 4075 4753 τὴν

2461 4766 2897 4842 ’ἀπροσδοκήτως
2935 4768 3352 4824 καταλαϐοῦσαν
3380 4767 3576 4838 θλίψιν,
3629 4768 3724 4820 καὶ
3761 4751 4076 4839 τὺ”ῖιτικρδν

2474 4862 2639 4930 ἄλγος
2668 4863 2931 4929 ἐννοήσω,
2952 4862 3088 4930 πρὸς
3116 4858 3361 4928 ἀφωνίαν
3388 4858 3752 4925 συστέλλομαι
3770 4859 3865 4912 καὶ
3895 4861 3967 4914 αὐ
3980 4863 4077 4925 τὸς

2478 4956 2608 5023 ἐγὼ,
2626 4956 2721 5008 καὶ
2750 4954 2851 5007 οὐκ
2872 4953 3045 5023 ἔχωτί
3074 4952 3270 5023 εἷπωῆ
3304 4952 3424 5004 τίνα
3454 4950 3772 5021 λόγονεῦρω
3796 4966 4081 5023 παραμυ-

2479 5048 2690 5102 θεῖσθαι
2715 5047 3015 5116 δυνάμενον
3044 5042 3167 5096 οὔτε
3194 5043 3294 5112 τῆς
3322 5043 3463 5115 ἐμῆς
3493 5043 3671 5115 ψυχῆς
3721 5046 3781 5096 τὸ
3807 5044 4081 5115 ἄλγημα,

2478 5140 2602 5194 οὔτε
2643 5140 2724 5203 σὲ,
2762 5138 2885 5191 οὔτε
2900 5137 2999 5207 τὴν
3021 5135 3241 5205 θεοφιλῆ
3268 5136 3505 5205 μητέρα,
3541 5134 3665 5186 οὔτε
3700 5136 3827 5196 τοὺς
3858 5135 4081 5197 ἄλλους

2482 5234 2763 5302 συγγενεῖς
2781 5231 2874 5284 καὶ
2891 5230 3103 5297 φίλους,
3137 5223 3212 5281 ὧν
3241 5227 3304 5280 τὸ
3322 5225 3521 5295 πικρὸν
3537 5225 3705 5278 τοῦτο
3738 5224 3915 5289 πάθος
3946 5227 4083 5281 δια-

2483 5327 2790 5397 σπαράσσει
2818 5323 2919 5393 τὴν
2938 5320 3189 5391 καρδίαν.
3221 5320 3369 5390 Νικᾷ
3395 5319 3503 5388 γὰρ
3529 5317 3605 5381 ὡς
3632 5318 3850 5389 ἀληθῶς
3879 5321 4084 5371 πᾶσαν

2484 5418 2832 5489 παρηγορίαν
2868 5417 2964 5468 καὶ
3012 5413 3366 5485 παράκλησιν
3408 5411 3582 5479 λόγων
3632 5411 3712 5473 τὸ,
3759 5409 3913 5479 οἴμοι
3945 5412 4084 5474 πῶς

2483 5514 2643 5568 εἴπω.
2670 5507 3017 5578 συμϐεϐηκὸς
3048 5507 3181 5575 ἡμῖν
3203 5503 3484 5574 ἀτύχημα.
3527 5500 3593 5554 Τί
3632 5501 3741 5571 γάρ
3766 5518 3849 5563 τις
3911 5502 4084 5571 πρῶ-

2484 5622 2574 5657 τον
2608 5603 2908 5671 πενθήσει;
2947 5601 3047 5667 τῆς
3099 5596 3506 5664 καταλιπούσης
3556 5595 3707 5665 ἡμᾶς
3741 5593 3802 5646 τὸ
3852 5593 4079 5664 ἄωρον,

2486 5699 2579 5753 καὶ
2608 5695 2706 5766 τὴν
2746 5696 2802 5748 ὲν
2837 5692 2986 5763 αύτῷ
3022 5692 3100 5763 τῷ
3122 5691 3276 5746 ἄνθει
3309 5690 3408 5760 τῆς
3436 5688 3652 5759 ἡλικίας
3700 5687 3896 5757 τομὴν,
3939 5689 4015 5756 ἣν
4049 5689 4084 5741 ὁ

2488 5789 2685 5859 πικρὸς
2707 5788 2807 5841 οὐκ
2839 5786 3096 5856 ἐφείσατο
3126 5784 3352 5845 θάνατος
3389 5779 3745 5848 ὲπενεγκεῖνς
3776 5777 3811 5844 ἢ
3839 5776 3943 5847 τὴν
3970 5780 4084 5831 τοῦ

2488 5884 2655 5939 καλοῦ
2677 5879 2921 5951 συζύγου
2950 5881 3152 5949 ταύτης
3183 5878 3437 5949 μύνωσιν,
3464 5872 3520 5938 ὃς
3557 5872 3652 5928 καὶ
3686 5868 3846 5932 αὐτὸς
3872 5871 3932 5925 ὲν
3964 5873 4087 5935 ἴσῳ
