4182 6428
149 499 224 569 τῷ
254 495 415 549 ἄνθει
442 535 457 558 ,
492 495 541 548 εἰ
584 491 679 546 καὶ
717 490 791 562 μὴ
827 487 925 558 τὴν
965 485 1029 539 hc
1072 485 1169 538 τοῦ
1222 481 1338 552 βίον
1394 479 1566 551 τομὴν
1606 477 1738 530 ὑπέ-

149 608 270 658 στη,
306 588 454 641 ἀλλα
496 584 832 657 πικροτέραν
881 578 1103 643 ὲδέξατο
1140 574 1240 646 τὴν
1293 573 1548 643 πληγήν;
1584 570 1648 622 Τί
1680 570 1736 622 δὲ

149 683 408 747 εἴποιμεν
441 677 580 747 πρὸς
608 675 708 745 τὴν
752 672 1036 726 διάστασιν
1077 665 1171 718 σοῦ
1206 664 1298 718 τοῦ
1338 662 1547 732 ταύτης
1578 659 1736 714 ἀδελ-

148 774 273 841 φοῦ,
302 770 362 832 ὃς
402 768 493 822 διὰ
540 768 636 822 τδν
689 763 956 835 συμπαθῆ
1008 759 1233 832 τρόπον,
1276 756 1338 809 ού
1391 753 1551 825 μόνον
1603 752 1742 822 πρὶς

149 864 391 931 ἐκείνην,
434 860 572 914 ἀλλά
601 860 694 911 καὶ
726 856 863 927 πρὸς
894 852 1021 916 τοὺς
1063 850 1248 917 ξένους
1274 848 1366 900 καὶ
1396 846 1581 917 πόρρω
1615 860 1741 911 συγ-

146 954 373 1019 γενείας
406 952 553 1020 ἔχεις
583 951 643 1003 τὸ
679 945 1023 1016 συμπάσχειν
1046 943 1142 994 καὶ
1167 937 1453 1006 συναλγεῖν
1503 954 1518 1001 ;
1574 934 1639 987 Τί
1688 934 1745 985 δὲ

151 1049 289 1115 πρὶς
318 1044 425 1115 τὴν
459 1042 739 1113 γηραλέαν
767 1038 1002 1109 μητέρος
1053 1034 1087 1103 ἢ
1116 1050 1199 1095 τις
1227 1033 1275 1085 εἰ
1308 1032 1403 1083 καὶ
1440 1027 1501 1080 τὸ
1532 1025 1745 1096 χαίρειν

151 1132 298 1202 εἶχεν
333 1135 433 1186 ἐπὶ
474 1134 578 1194 σοὶ,
607 1131 796 1181 τέκνον
850 1125 1008 1195 ἐμὸν,
1031 1122 1104 1185 ὡς
1131 1124 1213 1191 'ezp'
1245 1120 1346 1190 υἱῴ
1370 1118 1595 1187 τοιούτῳ
1617 1133 1746 1184 τυγ-

151 1228 399 1296 χάνοντι,
447 1222 565 1277 ἀλλ’
595 1222 687 1276 οῦν
727 1217 1019 1289 ἐπ’ὲκείνῃ
1073 1218 1146 1279 ὡς
1205 1213 1434 1281 θυγατρὶ
1502 1211 1598 1263 καὶ
1649 1208 1746 1279 τῆς

152 1324 325 1391 αὐτῆς
374 1317 703 1389 ὑπαρχούσῃ
753 1313 991 1383 φύσεως.
1066 1307 1371 1379 Προσθήοω
1417 1304 1474 1358 δὲ
1512 1304 1592 1357 ὅτι
1652 1302 1749 1355 καὶ

1618 390 1744 451 ΕΡΙ
1754 390 2030 451 STOLIE.

3317 383 3422 451 238

1853 485 2037 531 tamen
2094 473 2299 543 accepit
2343 471 2596 544 plagam?
2653 472 2790 538 Quid
2833 482 3017 528 autem
3070 473 3317 529 dicamus
3358 484 3424 531 de

1847 567 2193 639 separatione
2232 580 2262 619 a
2312 576 2382 629 te,
2427 567 2572 621 illius
2606 580 2799 635 nempe
2834 567 3023 631 fratre,
3055 567 3151 637 qui
3181 567 3252 621 ob
3279 577 3422 621 luam

1845 661 2267 730 compatientem
2315 658 2575 722 indolem,
2630 672 2741 711 nou
2786 658 2963 712 solum
3004 674 3104 728 pro
3140 659 3282 730 ipsa,
3330 663 3423 714 sed

1848 748 2009 801 etiam
2049 763 2147 816 pro
2174 747 2368 801 alienis
2398 754 2453 800 et
2489 762 2520 802 a
2563 747 2889 817 cognatione
2918 751 3148 804 remotis
3186 751 3424 818 compati

1851 847 1903 893 et
1935 840 2222 895 condolere
2245 838 2436 894 nosﬁ?
2465 837 2606 904 Quid
2645 839 2713 895 de
2752 822 2933 893 vetula
2969 851 3160 905 matre,
3187 843 3273 895 cui
3300 842 3427 896 licet

1853 930 2194 1002 gaudendum
2248 933 2318 987 sit
2356 932 2425 987 de
2485 941 2556 995 te,
2614 932 2711 997 fili,
2754 934 2845 987 tali
2904 948 3103 1003 nempe
3160 935 3338 1004 qualis
3372 953 3431 990 es

1853 1024 1984 1089 filio,
2013 1024 2296 1080 laetandum
2325 1025 2491 1081 etiam
2523 1033 2641 1079 erat
2680 1025 2746 1079 de
2778 1027 2865 1081 illa
2902 1041 3008 1097 qua
3047 1028 3153 1081 filia
3186 1028 3429 1098 ejusdem

1855 1128 2102 1185 naturae;
2152 1121 2244 1174 sed
2296 1129 2349 1174 et
2391 1119 2587 1174 addam
2635 1120 2782 1189 quod
2820 1134 2945 1175 cum
3004 1123 3319 1191 progeniem
3368 1138 3430 1173 ex

1826 1212 1974 1281 ejus
2015 1224 2201 1266 ventre
2240 1212 2383 1266 ferre
2411 1211 2750 1267 desideraret
2789 1212 2907 1267 suis
2945 1212 3208 1279 brachiis,
3236 1215 3432 1284 majori

1856 1302 2130 1357 frueretur
2150 1304 2347 1373 gaudio
2371 1320 2436 1357 ex
2463 1304 2582 1373 ejus
2602 1304 2893 1375 praesentia
2916 1315 2970 1359 et
2993 1307 3431 1364 conversatione.

149 1417 354 1479 ἔκγονα
405 1414 509 1481 τῆς
573 1408 787 1475 ἐκείνης
854 1400 1061 1463 κοιλίας
1100 1396 1342 1467 ποθούσῃ
1397 1395 1583 1464 φέρειν
1624 1395 1681 1445 ὲν
1742 1392 1863 1457 ταίς
1925 1394 2195 1461 ἀγκάλαις
2248 1396 2439 1461 αύτῆς,
2477 1394 2719 1465 μείζονος
2788 1396 3072 1467 ἀπήλαυεν
3134 1396 3327 1468 ἡδονῆς
3359 1399 3436 1465 τῷ

153 1510 254 1577 βίῳ
302 1505 598 1575 παρούσης
633 1502 729 1555 καὶ
762 1493 1345 1566 συναναστρεφομένης
1376 1492 1534 1561 αὐτῇ.

231 1605 412 1651 Ὅταν
441 1596 614 1649 ταῦτα
648 1596 829 1646 πάντα
855 1590 1013 1661 ὁμοῦ,
1044 1588 1232 1640 τέκνον
1263 1603 1363 1653 μου
1396 1581 1745 1653 τιμιώτατον,

149 1692 601 1757 ἀναλογίσωμαι,
638 1685 731 1738 καί
784 1700 866 1735 τοι
919 1683 1011 1735 καὶ
1049 1681 1110 1733 ἓν
1150 1679 1382 1732 ἕκαστον
1435 1674 1615 1729 αὐτῶν
1648 1675 1749 1727 οὐκ

1929 1578 2068 1634 Cum
2114 1579 2229 1633 hzee
2259 1579 2444 1633 omnia
2472 1579 2657 1644 simul,
2692 1580 2765 1633 fili
2810 1581 2884 1634 mi
2954 1583 3433 1651 revercudissitne,

1858 1687 2074 1728 mecum
2123 1682 2334 1743 reputo,
2387 1687 2489 1728 nec
2538 1673 2971 1744 unumquodque
3030 1689 3219 1730 eorum
3273 1678 3437 1734 ullius

150 1789 302 1840 ἔστιν
332 1781 562 1851 εὐχερὲς
608 1776 869 1841 δέξασθαι
912 1770 1293 1843 παραμυθίαν,
1326 1768 1625 1836 ἐπίσταμαι
1673 1764 1750 1829 ὡς

1857 1764 2248 1818 consolationis
2283 1777 2403 1819 esse
2430 1779 2625 1833 capax,
2661 1779 2768 1818 non
2802 1779 2892 1817 nte
2925 1764 3063 1819 fallit
3093 1767 3295 1822 nullam
3315 1783 3440 1825 esse

149 1882 250 1932 οὒκ
283 1880 407 1928 ἐστι
450 1875 607 1940 λόγος
637 1870 759 1924 οὐδὲ
812 1865 1163 1939 παράκλησις
1203 1865 1236 1933 ἠ
1267 1862 1539 1931 δυναμένη
1573 1874 1756 1927 παρα-

152 1972 410 2033 καλέσαι,
464 1967 558 2020 καὶ
611 1963 690 2033 τῷ
729 1960 1008 2030 τραύματι
1054 1955 1244 2009 δοῦναι
1292 1954 1391 2023 τὴν
1429 1950 1748 2022 θεραπείαν.

151 2066 265 2117 Καὶ
298 2066 414 2131 γὰρ
446 2062 499 2113 εἰ
525 2077 632 2119 τιη,
665 2056 809 2125 ἅπερ
842 2050 1021 2117 εἶπον,
1052 2050 1194 2102 αὐτὰ
1229 2048 1353 2100 καθ’
1388 2044 1561 2099 ἑαυτά
1603 2044 1751 2111 λογί-

152 2156 331 2215 ζοιτο,
363 2147 649 2220 βαρύτατα
679 2148 829 2199 ἐστιν
860 2142 1101 2213 ἀληθῶς,
1135 2140 1256 2193 ὅλον
1289 2137 1393 2190 ὑπὸ
1419 2135 1517 2188 τοῦ
1554 2134 1752 2205 βάρους

154 2243 657 2310 συγκαταφέροντα
705 2238 844 2307 πρὸς
892 2233 1133 2303 ἀθυμίαν
1182 2229 1276 2283 καὶ
1306 2227 1485 2297 λύπην
1533 2223 1755 2293 ἀπαρά-

151 2340 363 2404 κλητον
393 2335 487 2385 τὸν
516 2333 779 2399 λογισμόν
804 2348 817 2360 ι
854 2325 965 2380 οἷον
1000 2324 1200 2395 μικροῦ
1236 2324 1330 2374 καὶ
1360 2321 1520 2388 ἡμεῖς
1550 2317 1755 2369 πεπόν-

153 2430 343 2495 θαμεν
416 2422 846 2492 ἀπροσδοκήτως
908 2420 1007 2487 τῆς
1060 2416 1267 2485 πικρᾶς
1321 2411 1583 2480 ἀγγελίας
1635 2412 1755 2472 ταῖς

151 2521 467 2590 ἡμετέραις
497 2519 689 2577 ἀκοαῖς
731 2509 1161 2584 προσελθούσης.
1198 2508 1309 2560 Καὶ
1338 2508 1447 2575 γὰρ
1478 2506 1567 2556 ὅτε
1597 2503 1755 2555 τοῦτο

151 2613 473 2682 ἐμάθομεν,
504 2611 679 2671 οὖτως
732 2604 937 2666 εύθέως
969 2599 1361 2673 ἐκρατήθημεν
1392 2598 1497 2649 ὑπὸ
1536 2595 1633 2663 τῆς
1664 2592 1757 2645 λύ-

152 2722 293 2773 πης,
331 2705 428 2754 καὶ
475 2703 573 2768 τῆς
606 2700 867 2764 ἀθυμίας,
905 2697 979 2756 ὡς
1036 2692 1236 2762 μικροῦ
1270 2691 1409 2758 μήτε
1443 2687 1628 2755 φωνὴν
1661 2685 1754 2737 δύ-

151 2797 365 2847 νασθαι
416 2793 663 2861 ἀφεῖναι,
722 2790 859 2859 μήτε
906 2787 1067 2841 ἄλλου
1128 2783 1261 2853 πρὸς
1309 2780 1459 2850 ἡμᾶς
1505 2778 1756 2845 λέγοντος

156 2886 464 2958 βούλεσθαι
516 2884 740 2936 ἀκούειν
770 2878 941 2939 οὕτως
973 2876 1077 2928 ὑπὸ
1128 2873 1224 2925 τοῦ
1269 2872 1471 2941 βάρους
1504 2868 1604 2935 τῆς
1648 2868 1758 2918 ολί-

150 2984 305 3050 ιζνεως
352 2974 811 3042 συνεκλάσθημεν
865 2970 962 3039 τὴν
1025 2966 1280 3037 καρδίαν.
1337 2962 1478 3015 Ἀλλ’
1510 2960 1609 3028 ὀψὲ
1664 2959 1758 3010 καὶ

155 3077 300 3147 μετὰ
333 3072 477 3125 πολὺ
533 3069 661 3128 τους
696 3063 992 3131 λογισμοὺς
1031 3057 1189 3128 ἡμῶν
1237 3053 1628 3117 ἀναλαϐόντες,
1663 3050 1758 3103 καὶ

154 3143 381 3236 πρῶτον
416 3163 524 3231 μὲν
580 3155 1019 3225 κατανοήσαντες
1056 3149 1126 3202 τά
1186 3147 1341 3200 κοινά
1390 3145 1488 3214 τῆς
1542 3143 1756 3212 φύσεως

530 3250 629 3304 καὶ¹
658 3251 760 3302 ὅσα
786 3214 843 3312 ὲΙξ
868 3246 1044 3313 ἀρχῆς
1070 3238 1485 3308 καταλαμϐάνει
1511 3235 1634 3297 τοὺς
1666 3235 1759 3286 ἀν·
1783 3214 1827 3273 c-

154 3352 437 3421 θρώπους,
477 3348 560 3404 εἰς
603 3340 905 3409 ἐνθύμησιν
934 3333 1305 3392 καταστάντες
1337 3328 1413 3391 ὡς
1447 3327 1599 3380 οὐδὲν
1634 3342 1760 3377 καις

262 3440 387 3491 οὐδὲ
415 3436 574 3498 ξένον
598 3432 933 3497 ὑπέστημεν,
953 3424 1068 3475 ἀλλ’
1096 3424 1234 3489 ὅπερ
1258 3421 1373 3473 ἐστὶ
1412 3418 1642 3488 σύνηθες
1670 3415 1764 3467 καὶ⁵

154 3534 440 3601 γ-κὺριμον
471 3527 539 3594 τῇ
576 3521 894 3590 ἀνθρωπίνῃ
912 3519 1022 3586 ζωῇ
1048 3531 1059 3543 ’
1083 3515 1216 3583 πρὸς
1232 3513 1444 3572 τούτοις
1460 3511 1514 3562 δὲ
1543 3512 1633 3562 καὶ
1662 3512 1761 3576 τλν

153 3626 236 3679 τοῦ
256 3626 523 3677 (hiate)
545 3615 925 3669 καὶΔεσπότου
940 3608 1255 3676 οὲκονομίαν
1278 3606 1648 3674 λογισάμενοι,
1666 3604 1758 3654 καὶ

155 3724 353 3781 εἰδότες
380 3718 475 3767 ὅτι
520 3712 700 3765 πάντα
736 3706 872 3778 πρὸς
911 3704 972 3757 τδ
1010 3704 1293 3773 συμφέρον
1318 3701 1619 3767 οἰκονομεῖ,
1654 3696 1751 3748 καὶ

152 3816 220 3875 ὡς
270 3814 543 3881 κρεῖττον
592 3804 795 3861 ἐκεῖνος
826 3797 1089 3850 διευθετεῖ
1135 3795 1203 3847 τὰ
1232 3792 1329 3846 τοῦ
1382 3792 1584 3844 οἰκείου
1621 3788 1756 3841 πελά-ι

158 3876 388 3971 σματος,
440 3896 478 3964 ἦ
517 3893 677 3961 εἴπερ
726 3889 887 3958 ἡμεῖς
928 3882 1235 3955 φρονοῦμεν
1265 3880 1361 3933 καὶ
1390 3876 1753 3944 διανοούμεθα

159 3967 283 4065 περὶ
324 3988 578 4051 ἑαυτῶν,
621 3980 903 4048 ἀναψυχήν
943 3994 1063 4027 τινα
1099 3976 1190 4026 καὶ
1225 3971 1571 4041 παραμύθιον
1599 3967 1754 4035 εὖρο-

158 4058 272 4152 μεν,
308 4078 414 4132 καὶ
455 4074 555 4129 τοῦ
619 4071 812 4143 βαθέος
860 4067 1071 4121 ἐκείνου
1120 4064 1317 4133 νέφους
1362 4062 1460 4131 τῆς
1488 4058 1749 4128 ἀθυμίας,

152 4150 341 4242 ὥσπερ
375 4166 816 4223 ἀνακύπτουσαν
867 4160 1100 4227 ἔσχομεν
1130 4158 1227 4225 την
1270 4153 1469 4223 ψυχὴν,
1517 4150 1752 4221 μάλιστα

153 4267 209 4318 δὲ
244 4267 327 4318 ὅτι
372 4262 475 4314 καὶ
513 4259 606 4311 διὰ
650 4255 752 4325 τῆς
802 4253 955 4315 θείας
1005 4251 1299 4319 ἐλπίζομεν
1339 4245 1753 4317 φιλανθρωπίας

1855 1856 2161 1909 orationem
2196 1864 2291 1908 aut
2330 1856 2764 1909 consolationem
2795 1871 2914 1923 qua:
2948 1857 3114 1911 solari
3154 1860 3350 1929 possit,
3388 1872 3441 1916 et

1857 1946 2069 2002 vulneri
2099 1946 2347 2002 sanando
2378 1948 2447 2001 sit
2476 1957 2623 2016 apta.
2668 1946 2724 2001 Si
2754 1949 2877 2017 quis
2904 1950 3047 2003 enim
3082 1950 3295 2022 singula
3318 1969 3440 2024 qua:

1855 2041 1969 2096 dixi
1998 2041 2299 2105 examinat,
2340 2041 2668 2108 gravissima
2716 2055 2844 2097 sunt
2886 2052 3057 2110 certe,
3111 2059 3440 2117 Omnentque

1855 2135 2258 2205 cogitationem
2326 2148 2433 2189 non
2474 2133 2542 2189 ad
2573 2134 3006 2190 consolationem
3039 2137 3131 2191 sed
3159 2136 3227 2192 ad
3266 2141 3437 2195 animi

1856 2226 2215 2295 dejectionem
2265 2235 2321 2279 et
2365 2226 2741 2293 aegritudinem
2771 2243 2883 2298 pra:
2916 2244 3079 2283 onere
3105 2229 3388 2287 deducunt
3419 2252 3434 2286 :

1859 2315 2004 2387 quod
2062 2314 2179 2370 fere
2232 2324 2285 2369 et
2332 2315 2491 2369 nobis
2535 2316 2738 2371 accidit
2777 2333 2900 2372 cum
2946 2321 3226 2389 inopinate
3274 2323 3433 2377 triste

1859 2410 2113 2465 nuntium
2153 2409 2476 2463 ad'nostras
2510 2425 2669 2465 aures
2703 2412 2968 2480 pervenit.
3011 2413 3146 2469 Cum
3192 2416 3339 2471 enim
3382 2417 3436 2471 id

1857 2503 2189 2568 audivimus,
2219 2502 2406 2556 statim
2442 2502 2513 2557 ita
2540 2503 2726 2558 dolore
2745 2503 2868 2559 victi
2896 2520 3087 2561 sumus
3109 2516 3160 2562 et
3190 2517 3436 2579 stupore,

1860 2603 1919 2647 ut
1944 2609 2079 2661 pene
2126 2607 2227 2647 nec
2256 2606 2444 2647 vocem
2495 2594 2746 2647 emittere
2783 2609 2883 2649 nec
2920 2609 3248 2664 quemquam
3281 2600 3436 2654 nobis

1861 2682 2176 2751 loquentem
2241 2684 2428 2737 audire
2482 2685 2847 2752 potuerimus,
2900 2685 3038 2741 adeo
3099 2689 3200 2742 sub
3227 2690 3437 2746 doloris

1861 2773 2101 2843 pandere
2132 2772 2598 2829 cor-confractum
2638 2784 2740 2830 est.
2778 2775 3019 2831 Tandem
3054 2795 3180 2834 vero
3212 2788 3267 2834 et
3315 2794 3439 2851 post

1861 2869 2089 2923 multum
2124 2869 2382 2938 temporis
2410 2876 2653 2922 nostram
2696 2875 3035 2923 resumentes
3062 2869 3353 2936 rationem,
3387 2881 3442 2925 et

1860 2961 2094 3030 primum
2116 2960 2337 3031 quidem
2363 2960 2860 3015 anitnadverteutes
2885 2962 3199 3016 communia
3230 2972 3437 3018 natura

1862 3052 1993 3118 fata,
2032 3064 2085 3108 et
2128 3069 2249 3125 qua:
2307 3056 2374 3106 ab
2421 3053 2578 3107 initio
2621 3053 2939 3109 hominibus
2994 3065 3328 3125 competant,
3380 3059 3434 3111 iu

1861 3148 2042 3201 animo
2083 3155 2382 3201 statuentes
2418 3145 2551 3198 nihil
2593 3159 2793 3199 novum
2832 3158 2887 3200 et
2926 3147 3246 3203 inusitatum
3284 3150 3443 3204 nobis

1861 3237 2146 3301 accidisse,
2198 3238 2293 3292 sed
2332 3236 2478 3306 quod
2524 3238 2663 3291 solet
2708 3237 2963 3291 humanae
3006 3238 3162 3305 vitae;
3219 3241 3441 3311 insuper

1861 3339 2044 3384 autem
2102 3340 2157 3384 et
2191 3329 2473 3384 Creatoris
2521 3339 2575 3384 et
2632 3332 2843 3385 Domini
2887 3332 3232 3402 dispositioni
3266 3346 3443 3391 atten-

1862 3424 2071 3489 dentes,
2092 3422 2598 3490 seientesqueillum
2625 3423 2811 3476 omnia
2848 3423 2914 3477 ad
2938 3424 3220 3478 utilitatem
3257 3426 3440 3497 dispo-

1862 3527 2008 3575 nere,
2062 3513 2364 3581 meliusque
2420 3528 2545 3566 eum
2594 3513 2831 3583 dirigere
2872 3529 2935 3568 ea
2986 3530 3107 3584 quae
3168 3526 3296 3570 sunt
3328 3532 3441 3572 suae

1861 3613 2130 3658 creaturae
2161 3619 2323 3673 quam
2363 3605 2407 3657 si
2445 3619 2544 3659 nos
2574 3605 2675 3674 ipsi
2718 3606 2875 3659 nobis
2922 3621 3108 3660 curant
3138 3620 3193 3661 et
3217 3624 3437 3677 operam

1867 3694 2330 3761 impendercmus,
2384 3693 2730 3761 refrigerium
2779 3694 3053 3762 quoddam
3093 3703 3148 3749 et
3192 3696 3436 3750 levamen

1864 3785 2192 3847 invenimus,
2216 3794 2350 3839 etex
2368 3784 2530 3838 densa
2562 3784 2651 3838 illa
2670 3785 2988 3853 dejectionis
3011 3786 3319 3857 nubequasi
3351 3804 3437 3841 re-

1862 3876 2059 3931 fectam
2108 3876 2404 3930 habuimus
2458 3886 2744 3941 mentem;
2790 3880 3029 3932 maxime
3075 3889 3257 3933 autem
3311 3882 3437 3951 quia

1860 3985 1961 4039 pro
1984 3970 2165 4023 divina
2194 3969 2458 4023 cltaritate
2485 3985 2769 4039 speramus
2799 3985 2919 4024 eam
2948 3987 3069 4041 qua:
3094 3988 3193 4028 nos
3222 3975 3442 4045 reliquit

1862 4072 1916 4113 et
1956 4074 2094 4113 vana
2147 4059 2237 4113 illa
2281 4060 2390 4112 vita
2440 4061 2697 4125 excessit,
2744 4061 2874 4115 illuc
2931 4061 3287 4117 deventuram
3346 4067 3435 4119 ubi

1861 4167 2023 4207 omne
2076 4154 2356 4220 gaudium,
2399 4154 2579 4207 onutis
2617 4154 2902 4217 serenitas,
2938 4155 3119 4209 omnis
3172 4157 3435 4220 suavitas,

1863 4243 2043 4298 omnis
2074 4243 2486 4313 impassibtlitas
2520 4252 2573 4297 et
2602 4244 2820 4313 requies
2849 4244 3080 4298 infinita.

157 4360 252 4429 τὴν
298 4352 729 4411 καταλιποῦσαν
774 4349 924 4417 ἡμᾶς
970 4346 1068 4398 καὶ
1121 4346 1218 4412 τῆς
1270 4345 1511 4413 ματαίας
1550 4342 1755 4411 ταύτης
1798 4339 1945 4411 ζωῆς
2010 4339 2335 4405 ἐξελθοῦσαν
2358 4341 2439 4402 είς
2504 4340 2713 4394 ἐκεῖνον
2740 4340 2828 4393 τὸν
2864 4341 3029 4394 τόπον
3053 4342 3433 4411 καταντήσειν,

156 4454 215 4505 οὗ
248 4453 404 4503 πᾶσα
436 4447 541 4518 μὲν
574 4443 745 4513 χαρά,
768 4443 918 4494 πᾶσα
946 4439 1003 4491 δὲ
1025 4438 1342 4509 φαιδρότης,
1368 4440 1518 4490 πᾶσα
1542 4436 1597 4488 δὲ
1626 4435 1902 4506 γλυκύτης
1936 4435 2032 4487 καί
2061 4435 2300 4487 ἀπάθεια
2332 4433 2425 4486 καὶ
2455 4432 2639 4495 ἄνεσις
2675 4433 2890 4495 ἀλυτος.

228 4545 453 4604 Ταῦτα,
505 4538 701 4590 τέκνον
753 4533 907 4603 ἐμὸν,
958 4533 1052 4584 καὶ
1086 4530 1143 4581 σὲ
1185 4530 1450 4600 φρόνιμον
1487 4528 1618 4581 ὄντα
1658 4528 1751 4580 καὶ
1783 4534 1826 4585 D

158 4621 384 4692 συνετὸν
422 4631 568 4686 Θεοῦ
624 4628 832 4699 χάριτι,
878 4626 974 4678 καὶ
1019 4622 1409 4696 παρακαλείτω
1438 4623 1532 4674 καὶ
1574 4636 1751 4691 παρα-

160 4724 453 4798 μυθεῖσθω
490 4722 589 4775 καὶ
619 4719 1073 4787 ἀνακουφιζέσοω
1110 4717 1212 4786 τῆς
1244 4716 1510 4786 ὀδυνηρᾶς
1537 4714 1757 4768 διαστά-

156 4836 323 4881 σεως.
354 4817 477 4869 Οὐκ
509 4808 578 4883 ἦν
613 4812 763 4883 ἡμᾶς
793 4811 963 4879 χωρὶς
993 4808 1222 4871 πένθους
1257 4811 1351 4861 καὶ
1383 4806 1629 4860 κοπετῶν
1661 4807 1754 4859 καὶ

157 4908 522 4981 σπαραγμῶν
582 4905 826 4972 ἐνεγκεῖν
857 4904 954 4971 τὴν
1016 4900 1321 4964 διάστασιν,
1377 4899 1494 4952 οὐδὲ
1525 4899 1633 4968 γὰρ
1661 4894 1751 4969 ἦν.

168 5004 642 5071 Ἐπενθήσαμεν,
704 4994 1004 5065 ὲκόψαμεν,
1061 4990 1513 5063 ὲσπαράχθημεν.
1572 4990 1750 5059 Μέχρι

152 5098 357 5149 τούτου
404 5095 701 5161 στήσωμεν
733 5088 795 5140 τὺ
844 5084 1063 5150 πένθος,
1099 5084 1402 5153 παύσωμεν
1437 5082 1750 5150 σπαραττόο

154 5206 339 5256 μενοι.
390 5184 495 5237 Διὰ
523 5182 604 5247 τί;
637 5179 829 5249 καιρὸν
866 5179 1080 5231 λύοντα.
1116 5176 1181 5229 Τί
1212 5171 1341 5240 οὖνς
1389 5175 1512 5227 Ἐπὶ
1547 5173 1751 5225 τούτων

153 5284 385 5331 πάντων
424 5273 748 5342 σωζομένην
782 5272 1013 5342 ὁρῶντες
1050 5268 1148 5339 τὴν
1178 5267 1332 5331 τάξιν
1361 5271 1457 5337 τῆς
1508 5266 1747 5334 φύσεως,

151 5374 316 5426 οὐδέν
364 5388 420 5422 τι
476 5368 781 5437 πάσχομεν,
828 5364 951 5415 οὐδὲ
995 5359 1349 5429 καινοτομίαν
1400 5359 1523 5410 τινα
1583 5355 1747 5427 ἡγού-

156 5464 313 5533 μεθα
335 5464 395 5515 τὸ
423 5461 729 5529 γινόμενον.
766 5458 858 5519 Εἰς
891 5457 1035 5526 ἡμᾶς
1068 5455 1124 5506 δὲ
1160 5455 1355 5521 μόνους
1386 5452 1641 5520 ὁρῶντες,
1673 5451 1747 5509 ὡς

151 5577 226 5611 κα
238 5554 498 5625 ινοτομού
508 5568 660 5623 μενοι
679 5549 876 5603 πενθοῦ
886 5567 1001 5617 μεν,
1022 5550 1102 5600 ὅτι
1125 5546 1264 5601 κατά
1287 5546 1409 5606 τοὺς
1428 5546 1639 5605 κοινοὺς
1661 5544 1747 5594 νὸ-

159 5650 775 5727 μουςοὶκονομούμεθα.
798 5651 908 5704 Καὶ
924 5648 1037 5711 πῶς
1055 5649 1204 5715 ἀξιον
1228 5645 1385 5699 τοῦτο
1406 5645 1501 5713 τῆς
1533 5647 1632 5713 σῆς
1654 5644 1747 5695 καὶ

156 5746 508 5807 παιδεύσεως
547 5744 644 5796 καὶ
663 5743 931 5803 συνέσεως
948 5740 1039 5792 καὶ
1071 5741 1179 5793 τῶν
1196 5738 1355 5791 θείων
1374 5735 1625 5798 ἐλπίδων,
1660 5730 1745 5793 αἷς

154 5838 362 5894 ἑαυτὸν
380 5836 780 5906 ἑξανήρτησας;
810 5832 951 5887 Ἀλλ’
972 5832 1224 5901 ἐάσωμεν
1244 5831 1301 5882 τὸ
1328 5828 1517 5889 πένθος
1534 5871 1541 5889 ,
1561 5830 1627 5879 τά
1648 5825 1737 5877 δάν

1929 4526 2077 4591 Haec,
2116 4528 2187 4581 ﬁli
2221 4529 2314 4591 mi,
2350 4534 2539 4595 utpote
2561 4526 2652 4595 qui
2680 4540 2738 4581 es
2778 4536 2833 4579 et
2858 4526 2973 4595 ipse
3013 4527 3252 4595 prudens
3277 4529 3435 4585 etin-

1857 4620 2127 4691 telligens,
2158 4620 2248 4674 Dei
2280 4620 2475 4688 gratia,
2511 4628 2563 4673 te
2592 4618 2944 4673 consolentur
2975 4629 3028 4674 et
3063 4621 3157 4675 tibi
3190 4622 3431 4679 animum

1858 4715 2115 4781 relevent,
2162 4722 2216 4767 et
2262 4709 2552 4765 dolendam
2586 4711 2984 4779 separationetn
3038 4711 3265 4767 leniant.
3314 4713 3432 4769 Non

1858 4804 1893 4857 ii
1953 4804 2155 4858 fuimus
2212 4804 2304 4872 qui
2371 4803 2578 4870 absque
2632 4800 2782 4854 luctu
2822 4810 2877 4854 et
2922 4799 3112 4855 dolore
3157 4810 3209 4856 et
3263 4802 3431 4856 anitni

1858 4896 2283 4953 lacerationibus
2328 4894 2727 4965 separationem
2784 4891 3094 4958 ferremus;
3153 4909 3262 4947 non
3314 4894 3430 4949 tlert

1854 4998 1972 5045 erat
2010 4990 2271 5052 luximus,
2324 4987 2617 5048 doluimus,
2660 4985 2880 5038 lacerati
2928 4999 3163 5038 sumus:
3219 4982 3431 5038 Hucus-

1854 5095 1959 5149 que
2004 5080 2265 5133 sistamus
2304 5079 2541 5141 luctum;
2598 5074 2880 5129 doloribus
2928 5076 3087 5127 linem
3138 5073 3424 5128 faciamus.

1853 5171 2081 5237 Quare?
2112 5180 2328 5237 tempus
2360 5168 2567 5221 lenivit.
2599 5167 2739 5231 Quid
2789 5167 2951 5236 igitur
2984 5166 3006 5217 7
3039 5164 3099 5218 In
3133 5165 3220 5219 his
3250 5155 3431 5219 omni?

1853 5264 1955 5317 bus
1984 5271 2257 5317 servatum
2310 5260 2554 5313 videntes
2598 5259 2845 5312 ordinem
2888 5266 3121 5321 naturae,
3158 5257 3296 5311 nihil
3330 5273 3427 5326 pa-

1854 5357 2039 5422 timur,
2074 5370 2174 5409 uec
2204 5353 2503 5408 novitatem
2536 5352 2827 5422 quamdam
2861 5360 3180 5419 reputamus
3206 5349 3258 5404 id
3280 5354 3423 5419 quod

1850 5460 2053 5504 evenit.
2089 5450 2146 5500 ln
2178 5462 2275 5501 nos
2303 5458 2485 5500 autem
2520 5446 2662 5500 solos
2696 5444 3076 5511 reSpieientes,
3108 5444 3265 5513 quasi
3295 5443 3421 5497 novi

1851 5542 2054 5611 aliquid
2081 5540 2335 5609 patimur,
2365 5540 2629 5608 lugentes,
2657 5552 2780 5590 cunt
2814 5538 2964 5605 juxta
2997 5538 3139 5605 leges
3167 5552 3418 5591 commu—

1854 5648 1951 5689 nes
1982 5634 2367 5702 gubernemur.
2400 5632 2467 5685 Et
2489 5630 2765 5700 quomodo
2800 5630 2940 5683 istud
2972 5630 3195 5699 dignum
3221 5638 3276 5683 et
3325 5638 3418 5682 tua

1850 5729 2173 5782 educatione
2204 5735 2257 5780 et
2298 5722 2654 5794 intelligentia
2714 5730 2769 5777 et
2811 5721 3017 5777 caelesti
3068 5735 3164 5790 spe
3223 5720 3312 5775 cui
3342 5727 3423 5775 te-

1856 5822 2030 5892 ipsum
2070 5820 2457 5877 addixisti?At
2482 5817 2820 5874 dimittamus
2854 5817 3078 5881 luctum,
3133 5816 3425 5875 lacrvmas,
