  <div class='ocr_page' id='page_1' title='image "/cluster/home/n/w/nwhite01/storage/ocr_20150623/111/nnc1.0046979743/125.png"; bbox 0 0 4182 6428; ppageno 0'>
   <div class='ocr_carea' id='block_1_1' title="bbox 745 434 850 497">
    <p class='ocr_par' dir='ltr' id='par_1_1' title="bbox 745 434 850 497">
     <span class='ocr_line' id='line_1_1' title="bbox 745 434 850 497; baseline 0.019 -2"><span class='ocrx_word' id='word_1_1' title='bbox 745 434 850 497; x_wconf 74' lang='lat'><strong>239</strong></span> 
     </span>
    </p>
   </div>
   <div class='ocr_carea' id='block_1_2' title="bbox 1884 433 2903 496">
    <p class='ocr_par' dir='ltr' id='par_1_2' title="bbox 1884 433 2903 496">
     <span class='ocr_line' id='line_1_2' title="bbox 1884 433 2903 496; baseline 0.002 -2"><span class='ocrx_word' id='word_1_2' title='bbox 1884 433 2197 494; x_wconf 82' lang='lat' dir='ltr'><strong>NICOLAI</strong></span> <span class='ocrx_word' id='word_1_3' title='bbox 2232 434 2347 494; x_wconf 68' lang='grc' dir='ltr'><strong>(ΞΡ.</strong></span> <span class='ocrx_word' id='word_1_4' title='bbox 2392 437 2903 496; x_wconf 65' lang='grc' dir='ltr'><strong>ΡΛΤΠΙΛΗΟΙΙᾹΞ</strong></span> 
     </span>
    </p>
   </div>
   <div class='ocr_carea' id='block_1_3' title="bbox 3894 438 4002 501">
    <p class='ocr_par' dir='ltr' id='par_1_3' title="bbox 3894 438 4002 501">
     <span class='ocr_line' id='line_1_3' title="bbox 3894 438 4002 501; baseline -0.019 0"><span class='ocrx_word' id='word_1_5' title='bbox 3894 438 4002 501; x_wconf 69' lang='lat'><strong>950</strong></span> 
     </span>
    </p>
   </div>
   <div class='ocr_carea' id='block_1_4' title="bbox 740 540 2329 621">
    <p class='ocr_par' dir='ltr' id='par_1_4' title="bbox 740 540 2305 615">
     <span class='ocr_line' id='line_1_4' title="bbox 740 540 2305 615; baseline -0.003 -13"><span class='ocrx_word' id='word_1_6' title='bbox 740 546 1040 603; x_wconf 90' lang='lat' dir='ltr'><strong>tristitiam.</strong></span> <span class='ocrx_word' id='word_1_7' title='bbox 1096 544 1251 615; x_wconf 72' lang='lat' dir='ltr'><strong>Apud</strong></span> <span class='ocrx_word' id='word_1_8' title='bbox 1303 542 1668 613; x_wconf 85' lang='lat' dir='ltr'><strong>nosmetipsos</strong></span> <span class='ocrx_word' id='word_1_9' title='bbox 1702 540 1918 608; x_wconf 89' lang='lat' dir='ltr'><strong>simus;</strong></span> <span class='ocrx_word' id='word_1_10' title='bbox 1962 553 2015 597; x_wconf 89' lang='lat' dir='ltr'><strong>ct</strong></span> <span class='ocrx_word' id='word_1_11' title='bbox 2047 542 2305 597; x_wconf 90' lang='lat' dir='ltr'><strong>cedamus</strong></span> 
     </span>
    </p>
   </div>
   <div class='ocr_carea' id='block_1_5' title="bbox 2435 540 4007 621">
    <p class='ocr_par' dir='ltr' id='par_1_5' title="bbox 2435 547 4007 621">
     <span class='ocr_line' id='line_1_5' title="bbox 2435 547 4007 621; baseline 0.011 -24"><span class='ocrx_word' id='word_1_12' title='bbox 2435 562 2561 615; x_wconf 88' lang='grc' dir='ltr'>ιρυα</span> <span class='ocrx_word' id='word_1_13' title='bbox 2592 547 2691 615; x_wconf 75' lang='grc' dir='ltr'><strong>τὴν</strong></span> <span class='ocrx_word' id='word_1_14' title='bbox 2720 548 3047 616; x_wconf 79' lang='grc' dir='ltr'>κατήφειαν.</span> <span class='ocrx_word' id='word_1_15' title='bbox 3079 548 3366 619; x_wconf 78' lang='grc' dir='ltr'>Γενώμεοα</span> <span class='ocrx_word' id='word_1_16' title='bbox 3396 552 3547 621; x_wconf 71' lang='grc' dir='ltr'>ἡμῶν</span> <span class='ocrx_word' id='word_1_17' title='bbox 3572 550 3770 619; x_wconf 74' lang='grc' dir='ltr'>αὐτῶν,</span> <span class='ocrx_word' id='word_1_18' title='bbox 3794 559 3884 609; x_wconf 82' lang='grc' dir='ltr'><strong>καὶ</strong></span> <span class='ocrx_word' id='word_1_19' title='bbox 3905 578 4007 613; x_wconf 79' lang='grc' dir='ltr'>πα-</span> 
     </span>
    </p>
   </div>
   <div class='ocr_carea' id='block_1_6' title="bbox 740 634 2316 710">
    <p class='ocr_par' dir='ltr' id='par_1_6' title="bbox 740 634 2316 710">
     <span class='ocr_line' id='line_1_6' title="bbox 740 634 2316 710; baseline -0.003 -18"><span class='ocrx_word' id='word_1_20' title='bbox 740 640 833 695; x_wconf 89' lang='lat' dir='ltr'><strong>Dei</strong></span> <span class='ocrx_word' id='word_1_21' title='bbox 882 638 1127 710; x_wconf 69' lang='lat' dir='ltr'><strong>iudiciis,</strong></span> <span class='ocrx_word' id='word_1_22' title='bbox 1178 634 1270 705; x_wconf 92' lang='lat' dir='ltr'><strong>qui</strong></span> <span class='ocrx_word' id='word_1_23' title='bbox 1321 635 1469 690; x_wconf 87' lang='lat' dir='ltr'><strong>dedit</strong></span> <span class='ocrx_word' id='word_1_24' title='bbox 1501 644 1554 689; x_wconf 91' lang='lat' dir='ltr'><strong>et</strong></span> <span class='ocrx_word' id='word_1_25' title='bbox 1579 635 1766 697; x_wconf 81' lang='lat' dir='ltr'><strong>vitam,</strong></span> <span class='ocrx_word' id='word_1_26' title='bbox 1820 644 1981 703; x_wconf 83' lang='lat' dir='ltr'><strong>prout</strong></span> <span class='ocrx_word' id='word_1_27' title='bbox 2011 634 2114 704; x_wconf 91' lang='lat' dir='ltr'><strong>ipsi</strong></span> <span class='ocrx_word' id='word_1_28' title='bbox 2140 635 2316 689; x_wconf 85' lang='lat' dir='ltr'><strong>visunt</strong></span> 
     </span>
    </p>
   </div>
   <div class='ocr_carea' id='block_1_7' title="bbox 739 724 2316 796">
    <p class='ocr_par' dir='ltr' id='par_1_7' title="bbox 739 724 2316 796">
     <span class='ocr_line' id='line_1_7' title="bbox 739 724 2316 796; baseline -0.005 -10"><span class='ocrx_word' id='word_1_29' title='bbox 739 742 846 795; x_wconf 79' lang='lat' dir='ltr'><strong>est.</strong></span> <span class='ocrx_word' id='word_1_30' title='bbox 885 742 938 787; x_wconf 92' lang='lat' dir='ltr'><strong>ct</strong></span> <span class='ocrx_word' id='word_1_31' title='bbox 968 728 1280 785; x_wconf 79' lang='lat' dir='ltr'><strong>convictum</strong></span> <span class='ocrx_word' id='word_1_32' title='bbox 1316 726 1482 796; x_wconf 81' lang='lat' dir='ltr'><strong>hujus</strong></span> <span class='ocrx_word' id='word_1_33' title='bbox 1520 724 1860 780; x_wconf 69' lang='lat' dir='ltr'><strong>suavissima:</strong></span> <span class='ocrx_word' id='word_1_34' title='bbox 1902 724 2108 781; x_wconf 86' lang='lat' dir='ltr'><strong>sororis</strong></span> <span class='ocrx_word' id='word_1_35' title='bbox 2142 741 2316 795; x_wconf 88' lang='lat' dir='ltr'><strong>quan-</strong></span> 
     </span>
    </p>
   </div>
   <div class='ocr_carea' id='block_1_8' title="bbox 741 816 2322 888">
    <p class='ocr_par' dir='ltr' id='par_1_8' title="bbox 741 816 2322 888">
     <span class='ocr_line' id='line_1_8' title="bbox 741 816 2322 888; baseline -0.005 -9"><span class='ocrx_word' id='word_1_36' title='bbox 741 836 854 879; x_wconf 91' lang='lat' dir='ltr'><strong>tum</strong></span> <span class='ocrx_word' id='word_1_37' title='bbox 912 823 1217 877; x_wconf 82' lang='lat' dir='ltr'><strong>conducere</strong></span> <span class='ocrx_word' id='word_1_38' title='bbox 1264 816 1614 883; x_wconf 78' lang='lat' dir='ltr'><strong>existimavit,</strong></span> <span class='ocrx_word' id='word_1_39' title='bbox 1643 816 1899 888; x_wconf 82' lang='lat' dir='ltr'><strong>illamque</strong></span> <span class='ocrx_word' id='word_1_40' title='bbox 1932 817 1998 871; x_wconf 89' lang='lat' dir='ltr'><strong>ad</strong></span> <span class='ocrx_word' id='word_1_41' title='bbox 2028 832 2089 873; x_wconf 89' lang='lat' dir='ltr'><strong>se</strong></span> <span class='ocrx_word' id='word_1_42' title='bbox 2118 818 2322 887; x_wconf 86' lang='lat' dir='ltr'><strong>recepit</strong></span> 
     </span>
    </p>
   </div>
   <div class='ocr_carea' id='block_1_9' title="bbox 740 909 2316 981">
    <p class='ocr_par' dir='ltr' id='par_1_9' title="bbox 740 909 2316 981">
     <span class='ocr_line' id='line_1_9' title="bbox 740 909 2316 981; baseline -0.007 -8"><span class='ocrx_word' id='word_1_43' title='bbox 740 916 1041 973; x_wconf 86' lang='lat' dir='ltr'><strong>secundum</strong></span> <span class='ocrx_word' id='word_1_44' title='bbox 1074 929 1237 969; x_wconf 91' lang='lat' dir='ltr'><strong>suum</strong></span> <span class='ocrx_word' id='word_1_45' title='bbox 1285 912 1615 981; x_wconf 84' lang='lat' dir='ltr'><strong>profundum</strong></span> <span class='ocrx_word' id='word_1_46' title='bbox 1645 911 1922 967; x_wconf 91' lang='lat' dir='ltr'><strong>decretum</strong></span> <span class='ocrx_word' id='word_1_47' title='bbox 1953 909 2316 980; x_wconf 89' lang='lat' dir='ltr'><strong>etjudicium.</strong></span> 
     </span>
    </p>
   </div>
   <div class='ocr_carea' id='block_1_10' title="bbox 740 1001 2316 1073">
    <p class='ocr_par' dir='ltr' id='par_1_10' title="bbox 740 1001 2316 1073">
     <span class='ocr_line' id='line_1_10' title="bbox 740 1001 2316 1073; baseline -0.004 -14"><span class='ocrx_word' id='word_1_48' title='bbox 740 1006 928 1060; x_wconf 83' lang='lat' dir='ltr'><strong>Melius</strong></span> <span class='ocrx_word' id='word_1_49' title='bbox 959 1003 1050 1057; x_wconf 90' lang='lat' dir='ltr'><strong>ille</strong></span> <span class='ocrx_word' id='word_1_50' title='bbox 1079 1018 1240 1073; x_wconf 86' lang='lat' dir='ltr'><strong>quam</strong></span> <span class='ocrx_word' id='word_1_51' title='bbox 1268 1001 1412 1067; x_wconf 76' lang='lat' dir='ltr'><strong>quod</strong></span> <span class='ocrx_word' id='word_1_52' title='bbox 1447 1015 1545 1055; x_wconf 91' lang='lat' dir='ltr'><strong>nos</strong></span> <span class='ocrx_word' id='word_1_53' title='bbox 1577 1001 1833 1055; x_wconf 78' lang='lat' dir='ltr'><strong>volumus</strong></span> <span class='ocrx_word' id='word_1_54' title='bbox 1864 1008 1959 1053; x_wconf 88' lang='lat' dir='ltr'><strong>aut</strong></span> <span class='ocrx_word' id='word_1_55' title='bbox 1999 1015 2316 1070; x_wconf 84' lang='lat' dir='ltr'><strong>precamur,</strong></span> 
     </span>
    </p>
   </div>
   <div class='ocr_carea' id='block_1_11' title="bbox 738 1089 2324 1160">
    <p class='ocr_par' dir='ltr' id='par_1_11' title="bbox 738 1089 2324 1160">
     <span class='ocr_line' id='line_1_11' title="bbox 738 1089 2324 1160; baseline -0.004 -10"><span class='ocrx_word' id='word_1_56' title='bbox 738 1110 867 1150; x_wconf 80' lang='lat' dir='ltr'><strong>vere</strong></span> <span class='ocrx_word' id='word_1_57' title='bbox 933 1094 1211 1149; x_wconf 80' lang='lat' dir='ltr'><strong>beneﬁcus</strong></span> <span class='ocrx_word' id='word_1_58' title='bbox 1277 1089 1441 1144; x_wconf 84' lang='lat' dir='ltr'><strong>Pater</strong></span> <span class='ocrx_word' id='word_1_59' title='bbox 1495 1100 1682 1145; x_wconf 84' lang='lat' dir='ltr'><strong>nostra</strong></span> <span class='ocrx_word' id='word_1_60' title='bbox 1749 1089 1936 1160; x_wconf 80' lang='lat' dir='ltr'><strong>dirigit</strong></span> <span class='ocrx_word' id='word_1_61' title='bbox 1984 1098 2040 1144; x_wconf 90' lang='lat' dir='ltr'><strong>et</strong></span> <span class='ocrx_word' id='word_1_62' title='bbox 2098 1089 2324 1144; x_wconf 88' lang='lat' dir='ltr'><strong>deducit</strong></span> 
     </span>
    </p>
   </div>
   <div class='ocr_carea' id='block_1_12' title="bbox 742 1182 2323 1253">
    <p class='ocr_par' dir='ltr' id='par_1_12' title="bbox 742 1182 2323 1253">
     <span class='ocr_line' id='line_1_12' title="bbox 742 1182 2323 1253; baseline -0.004 -10"><span class='ocrx_word' id='word_1_63' title='bbox 742 1188 808 1243; x_wconf 87' lang='lat' dir='ltr'><strong>ad</strong></span> <span class='ocrx_word' id='word_1_64' title='bbox 844 1182 1083 1242; x_wconf 83' lang='lat' dir='ltr'><strong>nostram</strong></span> <span class='ocrx_word' id='word_1_65' title='bbox 1144 1184 1456 1238; x_wconf 79' lang='lat' dir='ltr'><strong>utilitatem.</strong></span> <span class='ocrx_word' id='word_1_66' title='bbox 1509 1184 1621 1237; x_wconf 84' lang='lat' dir='ltr'><strong>Nos</strong></span> <span class='ocrx_word' id='word_1_67' title='bbox 1686 1183 1800 1238; x_wconf 89' lang='lat' dir='ltr'><strong>sola</strong></span> <span class='ocrx_word' id='word_1_68' title='bbox 1857 1183 2115 1237; x_wconf 90' lang='lat' dir='ltr'><strong>ducimur</strong></span> <span class='ocrx_word' id='word_1_69' title='bbox 2166 1182 2323 1253; x_wconf 91' lang='lat' dir='ltr'><strong>cupi-</strong></span> 
     </span>
    </p>
   </div>
   <div class='ocr_carea' id='block_1_13' title="bbox 741 1274 2318 1348">
    <p class='ocr_par' dir='ltr' id='par_1_13' title="bbox 741 1274 2318 1348">
     <span class='ocr_line' id='line_1_13' title="bbox 741 1274 2318 1348; baseline -0.004 -13"><span class='ocrx_word' id='word_1_70' title='bbox 741 1282 931 1345; x_wconf 83' lang='lat' dir='ltr'><strong>ditate,</strong></span> <span class='ocrx_word' id='word_1_71' title='bbox 962 1286 1015 1333; x_wconf 92' lang='lat' dir='ltr'><strong>et</strong></span> <span class='ocrx_word' id='word_1_72' title='bbox 1036 1277 1101 1332; x_wconf 90' lang='lat' dir='ltr'><strong>ad</strong></span> <span class='ocrx_word' id='word_1_73' title='bbox 1130 1278 1303 1348; x_wconf 88' lang='lat' dir='ltr'><strong>ipsam</strong></span> <span class='ocrx_word' id='word_1_74' title='bbox 1325 1276 1702 1332; x_wconf 81' lang='lat' dir='ltr'><strong>existimamus</strong></span> <span class='ocrx_word' id='word_1_75' title='bbox 1728 1276 1858 1329; x_wconf 88' lang='lat' dir='ltr'><strong>utile</strong></span> <span class='ocrx_word' id='word_1_76' title='bbox 1891 1274 2279 1330; x_wconf 79' lang='lat' dir='ltr'><strong>conferendum</strong></span> <span class='ocrx_word' id='word_1_77' title='bbox 2303 1292 2318 1328; x_wconf 89' lang='lat'>:</span> 
     </span>
    </p>
   </div>
   <div class='ocr_carea' id='block_1_14' title="bbox 740 1366 2322 1441">
    <p class='ocr_par' dir='ltr' id='par_1_14' title="bbox 740 1366 2322 1441">
     <span class='ocr_line' id='line_1_14' title="bbox 740 1366 2322 1441; baseline -0.004 -13"><span class='ocrx_word' id='word_1_78' title='bbox 740 1383 795 1428; x_wconf 91' lang='lat' dir='ltr'><strong>et</strong></span> <span class='ocrx_word' id='word_1_79' title='bbox 848 1372 893 1427; x_wconf 89' lang='lat' dir='ltr'><strong>si</strong></span> <span class='ocrx_word' id='word_1_80' title='bbox 931 1372 1147 1441; x_wconf 86' lang='lat' dir='ltr'><strong>quidem</strong></span> <span class='ocrx_word' id='word_1_81' title='bbox 1184 1386 1271 1424; x_wconf 89' lang='lat' dir='ltr'><strong>res</strong></span> <span class='ocrx_word' id='word_1_82' title='bbox 1297 1378 1604 1436; x_wconf 84' lang='lat' dir='ltr'><strong>congruunt</strong></span> <span class='ocrx_word' id='word_1_83' title='bbox 1652 1366 1956 1435; x_wconf 82' lang='lat' dir='ltr'><strong>cupiditati,</strong></span> <span class='ocrx_word' id='word_1_84' title='bbox 1996 1366 2133 1421; x_wconf 86' lang='lat' dir='ltr'><strong>bene</strong></span> <span class='ocrx_word' id='word_1_85' title='bbox 2166 1368 2322 1422; x_wconf 90' lang='lat' dir='ltr'><strong>nobis</strong></span> 
     </span>
    </p>
   </div>
   <div class='ocr_carea' id='block_1_15' title="bbox 741 1456 2318 1526">
    <p class='ocr_par' dir='ltr' id='par_1_15' title="bbox 741 1456 2318 1526">
     <span class='ocr_line' id='line_1_15' title="bbox 741 1456 2318 1526; baseline -0.004 -11"><span class='ocrx_word' id='word_1_86' title='bbox 741 1475 965 1515; x_wconf 88' lang='lat' dir='ltr'><strong>currere</strong></span> <span class='ocrx_word' id='word_1_87' title='bbox 1002 1462 1164 1513; x_wconf 84' lang='lat' dir='ltr'><strong>vitam</strong></span> <span class='ocrx_word' id='word_1_88' title='bbox 1200 1472 1483 1512; x_wconf 87' lang='lat' dir='ltr'><strong>censemus</strong></span> <span class='ocrx_word' id='word_1_89' title='bbox 1520 1472 1535 1509; x_wconf 90' lang='lat'><strong>:</strong></span> <span class='ocrx_word' id='word_1_90' title='bbox 1570 1456 1651 1510; x_wconf 89' lang='lat' dir='ltr'><strong>sin</strong></span> <span class='ocrx_word' id='word_1_91' title='bbox 1680 1466 1889 1520; x_wconf 85' lang='lat' dir='ltr'><strong>autem,</strong></span> <span class='ocrx_word' id='word_1_92' title='bbox 1941 1457 2097 1526; x_wconf 88' lang='lat' dir='ltr'><strong>quasi</strong></span> <span class='ocrx_word' id='word_1_93' title='bbox 2146 1456 2199 1509; x_wconf 92' lang='lat' dir='ltr'><strong>in</strong></span> <span class='ocrx_word' id='word_1_94' title='bbox 2236 1457 2318 1510; x_wconf 83' lang='lat' dir='ltr'><strong>in-</strong></span> 
     </span>
    </p>
   </div>
   <div class='ocr_carea' id='block_1_16' title="bbox 742 1544 2316 1615">
    <p class='ocr_par' dir='ltr' id='par_1_16' title="bbox 742 1544 2316 1615">
     <span class='ocr_line' id='line_1_16' title="bbox 742 1544 2316 1615; baseline -0.005 -10"><span class='ocrx_word' id='word_1_95' title='bbox 742 1551 1013 1606; x_wconf 84' lang='lat' dir='ltr'><strong>toleranda</strong></span> <span class='ocrx_word' id='word_1_96' title='bbox 1065 1550 1171 1601; x_wconf 88' lang='lat' dir='ltr'><strong>vita</strong></span> <span class='ocrx_word' id='word_1_97' title='bbox 1220 1547 1620 1615; x_wconf 81' lang='lat' dir='ltr'><strong>angustiamur.</strong></span> <span class='ocrx_word' id='word_1_98' title='bbox 1668 1544 1767 1600; x_wconf 84' lang='lat' dir='ltr'><strong>IIic</strong></span> <span class='ocrx_word' id='word_1_99' title='bbox 1812 1556 2135 1600; x_wconf 87' lang='lat' dir='ltr'><strong>autemnon</strong></span> <span class='ocrx_word' id='word_1_100' title='bbox 2170 1548 2316 1612; x_wconf 85' lang='lat' dir='ltr'><strong>item,</strong></span> 
     </span>
    </p>
   </div>
   <div class='ocr_carea' id='block_1_17' title="bbox 744 1637 2321 1709">
    <p class='ocr_par' dir='ltr' id='par_1_17' title="bbox 744 1637 2321 1709">
     <span class='ocr_line' id='line_1_17' title="bbox 744 1637 2321 1709; baseline -0.002 -13"><span class='ocrx_word' id='word_1_101' title='bbox 744 1642 835 1697; x_wconf 90' lang='lat' dir='ltr'><strong>sed</strong></span> <span class='ocrx_word' id='word_1_102' title='bbox 867 1656 962 1709; x_wconf 89' lang='lat' dir='ltr'><strong>per</strong></span> <span class='ocrx_word' id='word_1_103' title='bbox 999 1654 1068 1695; x_wconf 86' lang='lat' dir='ltr'><strong>ea</strong></span> <span class='ocrx_word' id='word_1_104' title='bbox 1090 1654 1211 1709; x_wconf 71' lang='lat' dir='ltr'><strong>qute</strong></span> <span class='ocrx_word' id='word_1_105' title='bbox 1247 1639 1440 1694; x_wconf 89' lang='lat' dir='ltr'><strong>acerba</strong></span> <span class='ocrx_word' id='word_1_106' title='bbox 1497 1648 1551 1693; x_wconf 87' lang='lat' dir='ltr'><strong>et</strong></span> <span class='ocrx_word' id='word_1_107' title='bbox 1588 1638 1812 1692; x_wconf 90' lang='lat' dir='ltr'><strong>molesta</strong></span> <span class='ocrx_word' id='word_1_108' title='bbox 1858 1637 2130 1702; x_wconf 76' lang='lat' dir='ltr'><strong>ridentur,</strong></span> <span class='ocrx_word' id='word_1_109' title='bbox 2202 1638 2321 1707; x_wconf 85' lang='lat' dir='ltr'><strong>plus</strong></span> 
     </span>
    </p>
   </div>
   <div class='ocr_carea' id='block_1_18' title="bbox 741 1724 2321 1798">
    <p class='ocr_par' dir='ltr' id='par_1_18' title="bbox 741 1724 2321 1798">
     <span class='ocr_line' id='line_1_18' title="bbox 741 1724 2321 1798; baseline -0.003 -13"><span class='ocrx_word' id='word_1_110' title='bbox 741 1729 1015 1785; x_wconf 88' lang='lat' dir='ltr'><strong>commodi</strong></span> <span class='ocrx_word' id='word_1_111' title='bbox 1039 1729 1264 1798; x_wconf 79' lang='lat' dir='ltr'><strong>largitur</strong></span> <span class='ocrx_word' id='word_1_112' title='bbox 1287 1743 1449 1797; x_wconf 84' lang='lat' dir='ltr'><strong>quam</strong></span> <span class='ocrx_word' id='word_1_113' title='bbox 1472 1726 1594 1796; x_wconf 89' lang='lat' dir='ltr'><strong>quis</strong></span> <span class='ocrx_word' id='word_1_114' title='bbox 1619 1724 1908 1779; x_wconf 76' lang='lat' dir='ltr'><strong>crediderit</strong></span> <span class='ocrx_word' id='word_1_115' title='bbox 1960 1739 2023 1778; x_wconf 83' lang='lat' dir='ltr'><strong>ex</strong></span> <span class='ocrx_word' id='word_1_116' title='bbox 2061 1726 2321 1795; x_wconf 90' lang='lat' dir='ltr'><strong>jucundis</strong></span> 
     </span>
    </p>
   </div>
   <div class='ocr_carea' id='block_1_19' title="bbox 744 1818 2322 1889">
    <p class='ocr_par' dir='ltr' id='par_1_19' title="bbox 744 1818 2322 1889">
     <span class='ocr_line' id='line_1_19' title="bbox 744 1818 2322 1889; baseline -0.002 -13"><span class='ocrx_word' id='word_1_117' title='bbox 744 1823 1031 1876; x_wconf 89' lang='lat' dir='ltr'><strong>utilitatem</strong></span> <span class='ocrx_word' id='word_1_118' title='bbox 1069 1820 1363 1889; x_wconf 84' lang='lat' dir='ltr'><strong>percipere.</strong></span> <span class='ocrx_word' id='word_1_119' title='bbox 1401 1818 1770 1873; x_wconf 85' lang='lat' dir='ltr'><strong>Transeamus</strong></span> <span class='ocrx_word' id='word_1_120' title='bbox 1806 1818 1968 1886; x_wconf 78' lang='lat' dir='ltr'><strong>igitur</strong></span> <span class='ocrx_word' id='word_1_121' title='bbox 1997 1821 2062 1873; x_wconf 86' lang='lat' dir='ltr'><strong>ad</strong></span> <span class='ocrx_word' id='word_1_122' title='bbox 2118 1820 2322 1888; x_wconf 67' lang='lat' dir='ltr'><strong>gratia-</strong></span> 
     </span>
    </p>
   </div>
   <div class='ocr_carea' id='block_1_20' title="bbox 2423 639 4002 719">
    <p class='ocr_par' dir='ltr' id='par_1_20' title="bbox 2423 639 4002 719">
     <span class='ocr_line' id='line_1_20' title="bbox 2423 639 4002 719; baseline 0.01 -32"><span class='ocrx_word' id='word_1_123' title='bbox 2423 639 2836 708; x_wconf 82' lang='grc' dir='ltr'>ραχωρήσωμεν</span> <span class='ocrx_word' id='word_1_124' title='bbox 2849 640 2960 700; x_wconf 89' lang='grc' dir='ltr'>τοῖς</span> <span class='ocrx_word' id='word_1_125' title='bbox 2988 642 3220 710; x_wconf 80' lang='grc' dir='ltr'>κρίμασι</span> <span class='ocrx_word' id='word_1_126' title='bbox 3244 642 3339 694; x_wconf 89' lang='grc' dir='ltr'><strong>τοῦ</strong></span> <span class='ocrx_word' id='word_1_127' title='bbox 3363 643 3519 710; x_wconf 86' lang='grc' dir='ltr'>Θεοῦ,</span> <span class='ocrx_word' id='word_1_128' title='bbox 3545 644 3605 708; x_wconf 75' lang='grc' dir='ltr'>ὃς</span> <span class='ocrx_word' id='word_1_129' title='bbox 3636 649 3879 719; x_wconf 76' lang='grc' dir='ltr'><strong>παρέσχε</strong></span> <span class='ocrx_word' id='word_1_130' title='bbox 3906 657 4002 703; x_wconf 71' lang='grc' dir='ltr'><strong>καὶ</strong></span> 
     </span>
    </p>
   </div>
   <div class='ocr_carea' id='block_1_21' title="bbox 2420 726 4005 810">
    <p class='ocr_par' dir='ltr' id='par_1_21' title="bbox 2420 726 4005 810">
     <span class='ocr_line' id='line_1_21' title="bbox 2420 726 4005 810; baseline 0.01 -30"><span class='ocrx_word' id='word_1_131' title='bbox 2420 726 2518 798; x_wconf 80' lang='grc' dir='ltr'>τὴν</span> <span class='ocrx_word' id='word_1_132' title='bbox 2545 731 2761 795; x_wconf 83' lang='grc' dir='ltr'>γένεσιν</span> <span class='ocrx_word' id='word_1_133' title='bbox 2790 729 2970 793; x_wconf 86' lang='grc' dir='ltr'>καθὼς</span> <span class='ocrx_word' id='word_1_134' title='bbox 2999 732 3162 795; x_wconf 70' lang='grc' dir='ltr'>αὐτὸς</span> <span class='ocrx_word' id='word_1_135' title='bbox 3200 733 3513 803; x_wconf 76' lang='grc' dir='ltr'><strong>ἐδοκίμασε,</strong></span> <span class='ocrx_word' id='word_1_136' title='bbox 3541 737 3636 790; x_wconf 77' lang='grc' dir='ltr'><strong>καὶ</strong></span> <span class='ocrx_word' id='word_1_137' title='bbox 3678 743 4005 810; x_wconf 75' lang='grc' dir='ltr'>συμϐιοτεῦ-</span> 
     </span>
    </p>
   </div>
   <div class='ocr_carea' id='block_1_22' title="bbox 2425 822 4000 903">
    <p class='ocr_par' dir='ltr' id='par_1_22' title="bbox 2425 822 4000 903">
     <span class='ocr_line' id='line_1_22' title="bbox 2425 822 4000 903; baseline 0.011 -32"><span class='ocrx_word' id='word_1_138' title='bbox 2425 822 2677 890; x_wconf 77' lang='grc' dir='ltr'>σαι·ημῖν</span> <span class='ocrx_word' id='word_1_139' title='bbox 2706 822 2804 891; x_wconf 78' lang='grc' dir='ltr'>τὴν</span> <span class='ocrx_word' id='word_1_140' title='bbox 2836 822 3183 894; x_wconf 76' lang='grc' dir='ltr'><strong>γλυκυτάτην</strong></span> <span class='ocrx_word' id='word_1_141' title='bbox 3212 826 3447 897; x_wconf 73' lang='grc' dir='ltr'>ἀδελφὴν</span> <span class='ocrx_word' id='word_1_142' title='bbox 3481 830 3605 883; x_wconf 78' lang='grc' dir='ltr'>ὅσον</span> <span class='ocrx_word' id='word_1_143' title='bbox 3636 830 3817 902; x_wconf 79' lang='grc' dir='ltr'>ἔκρινε</span> <span class='ocrx_word' id='word_1_144' title='bbox 3855 854 4000 903; x_wconf 85' lang='grc' dir='ltr'>συμ-</span> 
     </span>
    </p>
   </div>
   <div class='ocr_carea' id='block_1_23' title="bbox 2423 903 4000 988">
    <p class='ocr_par' dir='ltr' id='par_1_23' title="bbox 2423 903 4000 988">
     <span class='ocr_line' id='line_1_23' title="bbox 2423 903 4000 988; baseline 0.007 -26"><span class='ocrx_word' id='word_1_145' title='bbox 2423 910 2635 980; x_wconf 78' lang='grc' dir='ltr'>φέρειν,</span> <span class='ocrx_word' id='word_1_146' title='bbox 2698 910 2794 961; x_wconf 74' lang='grc' dir='ltr'><strong>καὶ</strong></span> <span class='ocrx_word' id='word_1_147' title='bbox 2853 910 3220 979; x_wconf 83' lang='grc' dir='ltr'>προσελάϐετο</span> <span class='ocrx_word' id='word_1_148' title='bbox 3258 914 3463 984; x_wconf 82' lang='grc' dir='ltr'>ταύτην</span> <span class='ocrx_word' id='word_1_149' title='bbox 3490 916 3633 969; x_wconf 73' lang='grc' dir='ltr'>κατὰ</span> <span class='ocrx_word' id='word_1_150' title='bbox 3677 903 3777 988; x_wconf 68' lang='grc' dir='ltr'>τῆν</span> <span class='ocrx_word' id='word_1_151' title='bbox 3831 922 4000 973; x_wconf 73' lang='grc' dir='ltr'>αὐτοῦ</span> 
     </span>
    </p>
   </div>
   <div class='ocr_carea' id='block_1_24' title="bbox 2423 1001 4003 1081">
    <p class='ocr_par' dir='ltr' id='par_1_24' title="bbox 2423 1001 4003 1081">
     <span class='ocr_line' id='line_1_24' title="bbox 2423 1001 4003 1081; baseline 0.006 -26"><span class='ocrx_word' id='word_1_152' title='bbox 2423 1003 2731 1073; x_wconf 75' lang='grc' dir='ltr'>ἀπόρρητον</span> <span class='ocrx_word' id='word_1_153' title='bbox 2768 1001 2963 1073; x_wconf 83' lang='grc' dir='ltr'>βουλὴν</span> <span class='ocrx_word' id='word_1_154' title='bbox 2993 1006 3086 1056; x_wconf 71' lang='grc' dir='ltr'>καὶ</span> <span class='ocrx_word' id='word_1_155' title='bbox 3126 1003 3325 1074; x_wconf 90' lang='grc' dir='ltr'>κρίσιν.</span> <span class='ocrx_word' id='word_1_156' title='bbox 3346 1006 3534 1059; x_wconf 84' lang='grc' dir='ltr'>Πλεῖον</span> <span class='ocrx_word' id='word_1_157' title='bbox 3560 1008 3783 1075; x_wconf 83' lang='grc' dir='ltr'>ἐκεῖνος,</span> <span class='ocrx_word' id='word_1_158' title='bbox 3814 1010 3845 1081; x_wconf 80' lang='grc' dir='ltr'>ἦ</span> <span class='ocrx_word' id='word_1_159' title='bbox 3877 1013 4003 1065; x_wconf 83' lang='grc' dir='ltr'>ὅσον</span> 
     </span>
    </p>
   </div>
   <div class='ocr_carea' id='block_1_25' title="bbox 2421 1090 4000 1166">
    <p class='ocr_par' dir='ltr' id='par_1_25' title="bbox 2421 1090 4000 1166">
     <span class='ocr_line' id='line_1_25' title="bbox 2421 1090 4000 1166; baseline 0.005 -22"><span class='ocrx_word' id='word_1_160' title='bbox 2421 1095 2587 1162; x_wconf 82' lang='grc' dir='ltr'>ήμεῖς</span> <span class='ocrx_word' id='word_1_161' title='bbox 2628 1090 2928 1163; x_wconf 79' lang='grc' dir='ltr'><strong>βουλόμεθα</strong></span> <span class='ocrx_word' id='word_1_162' title='bbox 2967 1093 3065 1145; x_wconf 77' lang='grc' dir='ltr'><strong>καὶ</strong></span> <span class='ocrx_word' id='word_1_163' title='bbox 3096 1093 3392 1163; x_wconf 75' lang='grc' dir='ltr'>εὐχόμεθα,</span> <span class='ocrx_word' id='word_1_164' title='bbox 3422 1098 3449 1148; x_wconf 88' lang='grc' dir='ltr'><strong>ὁ</strong></span> <span class='ocrx_word' id='word_1_165' title='bbox 3471 1096 3772 1166; x_wconf 63' lang='grc' dir='ltr'>φιλόψυχος</span> <span class='ocrx_word' id='word_1_166' title='bbox 3829 1101 4000 1163; x_wconf 84' lang='grc' dir='ltr'>ὅντως</span> 
     </span>
    </p>
   </div>
   <div class='ocr_carea' id='block_1_26' title="bbox 2424 1185 4004 1261">
    <p class='ocr_par' dir='ltr' id='par_1_26' title="bbox 2424 1185 4004 1261">
     <span class='ocr_line' id='line_1_26' title="bbox 2424 1185 4004 1261; baseline 0.006 -25"><span class='ocrx_word' id='word_1_167' title='bbox 2424 1185 2618 1254; x_wconf 79' lang='grc' dir='ltr'>Πατὴρ</span> <span class='ocrx_word' id='word_1_168' title='bbox 2648 1186 2718 1238; x_wconf 70' lang='grc' dir='ltr'><strong>τά</strong></span> <span class='ocrx_word' id='word_1_169' title='bbox 2748 1186 2994 1255; x_wconf 76' lang='grc' dir='ltr'>ἡμέτερα</span> <span class='ocrx_word' id='word_1_170' title='bbox 3021 1185 3291 1238; x_wconf 85' lang='grc' dir='ltr'>διευθετεῖ</span> <span class='ocrx_word' id='word_1_171' title='bbox 3323 1187 3417 1239; x_wconf 73' lang='grc' dir='ltr'><strong>καὶ</strong></span> <span class='ocrx_word' id='word_1_172' title='bbox 3470 1188 3706 1258; x_wconf 66' lang='grc' dir='ltr'>διεξάγει</span> <span class='ocrx_word' id='word_1_173' title='bbox 3742 1192 3877 1261; x_wconf 81' lang='grc' dir='ltr'>πρὸς</span> <span class='ocrx_word' id='word_1_174' title='bbox 3938 1195 4004 1246; x_wconf 75' lang='grc' dir='ltr'>τὸ</span> 
     </span>
    </p>
   </div>
   <div class='ocr_carea' id='block_1_27' title="bbox 2426 1276 4005 1352">
    <p class='ocr_par' dir='ltr' id='par_1_27' title="bbox 2426 1276 4005 1352">
     <span class='ocr_line' id='line_1_27' title="bbox 2426 1276 4005 1352; baseline 0.004 -23"><span class='ocrx_word' id='word_1_175' title='bbox 2426 1277 2731 1346; x_wconf 67' lang='grc' dir='ltr'>συμφέρον.</span> <span class='ocrx_word' id='word_1_176' title='bbox 2787 1276 2977 1346; x_wconf 80' lang='grc' dir='ltr'>Ἡμεῖς</span> <span class='ocrx_word' id='word_1_177' title='bbox 3016 1279 3151 1348; x_wconf 77' lang='grc' dir='ltr'>μόνῃ</span> <span class='ocrx_word' id='word_1_178' title='bbox 3178 1281 3243 1347; x_wconf 79' lang='grc' dir='ltr'>τῇ</span> <span class='ocrx_word' id='word_1_179' title='bbox 3289 1278 3557 1350; x_wconf 72' lang='grc' dir='ltr'>ἐπιθυμίᾳ</span> <span class='ocrx_word' id='word_1_180' title='bbox 3588 1283 4005 1352; x_wconf 70' lang='grc' dir='ltr'>ἐλκόμεθα,κιε.ὶ</span> 
     </span>
    </p>
   </div>
   <div class='ocr_carea' id='block_1_28' title="bbox 2425 1366 4008 1440">
    <p class='ocr_par' dir='ltr' id='par_1_28' title="bbox 2425 1366 4008 1440">
     <span class='ocr_line' id='line_1_28' title="bbox 2425 1366 4008 1440; baseline 0.003 -20"><span class='ocrx_word' id='word_1_181' title='bbox 2425 1366 2562 1438; x_wconf 83' lang='grc' dir='ltr'>πρὸς</span> <span class='ocrx_word' id='word_1_182' title='bbox 2602 1367 2807 1435; x_wconf 77' lang='grc' dir='ltr'>ταύτην</span> <span class='ocrx_word' id='word_1_183' title='bbox 2837 1367 3132 1437; x_wconf 77' lang='grc' dir='ltr'>νομίζομεν</span> <span class='ocrx_word' id='word_1_184' title='bbox 3166 1368 3262 1420; x_wconf 76' lang='grc' dir='ltr'><strong>καὶ</strong></span> <span class='ocrx_word' id='word_1_185' title='bbox 3300 1368 3362 1420; x_wconf 82' lang='grc' dir='ltr'><strong>τὸ</strong></span> <span class='ocrx_word' id='word_1_186' title='bbox 3401 1367 3676 1438; x_wconf 61' lang='grc' dir='ltr'>ὠφέλιμον</span> <span class='ocrx_word' id='word_1_187' title='bbox 3733 1371 4008 1440; x_wconf 76' lang='grc' dir='ltr'>συμϐιϐάο</span> 
     </span>
    </p>
   </div>
   <div class='ocr_carea' id='block_1_29' title="bbox 2425 1458 4002 1532">
    <p class='ocr_par' dir='ltr' id='par_1_29' title="bbox 2425 1458 4002 1532">
     <span class='ocr_line' id='line_1_29' title="bbox 2425 1458 4002 1532; baseline 0.001 -20"><span class='ocrx_word' id='word_1_188' title='bbox 2425 1462 2537 1526; x_wconf 81' lang='grc' dir='ltr'>ζειν</span> <span class='ocrx_word' id='word_1_189' title='bbox 2569 1477 2584 1495; x_wconf 90' lang='grc'><strong>·</strong></span> <span class='ocrx_word' id='word_1_190' title='bbox 2613 1460 2718 1513; x_wconf 72' lang='grc' dir='ltr'>κᾶν</span> <span class='ocrx_word' id='word_1_191' title='bbox 2757 1460 2858 1529; x_wconf 77' lang='grc' dir='ltr'><strong>μὲν</strong></span> <span class='ocrx_word' id='word_1_192' title='bbox 2896 1465 3171 1530; x_wconf 79' lang='grc' dir='ltr'>συντρεχῃ</span> <span class='ocrx_word' id='word_1_193' title='bbox 3200 1458 3267 1513; x_wconf 82' lang='grc' dir='ltr'><strong>τὰ</strong></span> <span class='ocrx_word' id='word_1_194' title='bbox 3293 1460 3597 1527; x_wconf 86' lang='grc' dir='ltr'>πράγματα</span> <span class='ocrx_word' id='word_1_195' title='bbox 3616 1464 3681 1531; x_wconf 81' lang='grc' dir='ltr'>τῇ</span> <span class='ocrx_word' id='word_1_196' title='bbox 3718 1462 4002 1532; x_wconf 76' lang='grc' dir='ltr'>ἐπιθυμίᾳ,</span> 
     </span>
    </p>
   </div>
   <div class='ocr_carea' id='block_1_30' title="bbox 2424 1546 4004 1619">
    <p class='ocr_par' dir='ltr' id='par_1_30' title="bbox 2424 1546 4004 1619">
     <span class='ocr_line' id='line_1_30' title="bbox 2424 1546 4004 1619; baseline 0 -18"><span class='ocrx_word' id='word_1_197' title='bbox 2424 1550 2603 1611; x_wconf 81' lang='grc' dir='ltr'>καλῶς</span> <span class='ocrx_word' id='word_1_198' title='bbox 2638 1550 2773 1616; x_wconf 82' lang='grc' dir='ltr'>ἡμῖν</span> <span class='ocrx_word' id='word_1_199' title='bbox 2826 1547 3089 1617; x_wconf 70' lang='grc' dir='ltr'>φέρεσθαι</span> <span class='ocrx_word' id='word_1_200' title='bbox 3139 1549 3231 1599; x_wconf 79' lang='grc' dir='ltr'><strong>τὸν</strong></span> <span class='ocrx_word' id='word_1_201' title='bbox 3276 1548 3390 1617; x_wconf 89' lang='grc' dir='ltr'>βίον</span> <span class='ocrx_word' id='word_1_202' title='bbox 3435 1546 3915 1619; x_wconf 73' lang='grc' dir='ltr'>ὑπολαμϐάνομεν,</span> <span class='ocrx_word' id='word_1_203' title='bbox 3953 1554 4004 1601; x_wconf 82' lang='grc' dir='ltr'>εξ</span> 
     </span>
    </p>
   </div>
   <div class='ocr_carea' id='block_1_31' title="bbox 2423 1634 4002 1707">
    <p class='ocr_par' dir='ltr' id='par_1_31' title="bbox 2423 1634 4002 1707">
     <span class='ocr_line' id='line_1_31' title="bbox 2423 1634 4002 1707; baseline -0.001 -16"><span class='ocrx_word' id='word_1_204' title='bbox 2423 1638 2480 1691; x_wconf 74' lang='grc' dir='ltr'><strong>δὲ</strong></span> <span class='ocrx_word' id='word_1_205' title='bbox 2525 1638 2621 1707; x_wconf 77' lang='grc' dir='ltr'><strong>μὴ,</strong></span> <span class='ocrx_word' id='word_1_206' title='bbox 2654 1636 2729 1699; x_wconf 80' lang='grc' dir='ltr'>ὡς</span> <span class='ocrx_word' id='word_1_207' title='bbox 2750 1636 2849 1688; x_wconf 75' lang='grc' dir='ltr'>ἐπ’</span> <span class='ocrx_word' id='word_1_208' title='bbox 2875 1634 3182 1704; x_wconf 83' lang='grc' dir='ltr'>άσυμφόρῳ</span> <span class='ocrx_word' id='word_1_209' title='bbox 3206 1636 3307 1703; x_wconf 83' lang='grc' dir='ltr'><strong>τῆς</strong></span> <span class='ocrx_word' id='word_1_210' title='bbox 3325 1636 3469 1704; x_wconf 78' lang='grc' dir='ltr'>ζωῆς</span> <span class='ocrx_word' id='word_1_211' title='bbox 3498 1638 4002 1706; x_wconf 72' lang='grc' dir='ltr'>στενοχωρούμεθα.</span> 
     </span>
    </p>
   </div>
   <div class='ocr_carea' id='block_1_32' title="bbox 2438 1727 4008 1797">
    <p class='ocr_par' dir='ltr' id='par_1_32' title="bbox 2438 1727 4008 1797">
     <span class='ocr_line' id='line_1_32' title="bbox 2438 1727 4008 1797; baseline -0.001 -14"><span class='ocrx_word' id='word_1_212' title='bbox 2438 1730 2677 1791; x_wconf 76' lang='grc' dir='ltr'>Ἐκεῖνος</span> <span class='ocrx_word' id='word_1_213' title='bbox 2706 1728 2763 1782; x_wconf 77' lang='grc' dir='ltr'><strong>δὲ</strong></span> <span class='ocrx_word' id='word_1_214' title='bbox 2794 1729 2891 1797; x_wconf 84' lang='grc' dir='ltr'><strong>οὐχ</strong></span> <span class='ocrx_word' id='word_1_215' title='bbox 2920 1727 3115 1789; x_wconf 73' lang='grc' dir='ltr'>οὕτως,</span> <span class='ocrx_word' id='word_1_216' title='bbox 3144 1727 3282 1780; x_wconf 67' lang='grc' dir='ltr'>ἀλλὰ</span> <span class='ocrx_word' id='word_1_217' title='bbox 3316 1728 3409 1780; x_wconf 71' lang='grc' dir='ltr'><strong>καὶ</strong></span> <span class='ocrx_word' id='word_1_218' title='bbox 3438 1728 3526 1780; x_wconf 89' lang='grc' dir='ltr'><strong>διά</strong></span> <span class='ocrx_word' id='word_1_219' title='bbox 3560 1727 3669 1779; x_wconf 78' lang='grc' dir='ltr'>τῶν</span> <span class='ocrx_word' id='word_1_220' title='bbox 3690 1728 3881 1780; x_wconf 81' lang='grc' dir='ltr'>λυπεῖν</span> <span class='ocrx_word' id='word_1_221' title='bbox 3907 1733 4008 1781; x_wconf 66' lang='grc' dir='ltr'><strong>καὶ</strong></span> 
     </span>
    </p>
   </div>
   <div class='ocr_carea' id='block_1_33' title="bbox 2427 1818 4009 1893">
    <p class='ocr_par' dir='ltr' id='par_1_33' title="bbox 2427 1818 4009 1893">
     <span class='ocr_line' id='line_1_33' title="bbox 2427 1818 4009 1893; baseline -0.004 -17"><span class='ocrx_word' id='word_1_222' title='bbox 2427 1823 2652 1893; x_wconf 75' lang='grc' dir='ltr'>στύφειν</span> <span class='ocrx_word' id='word_1_223' title='bbox 2675 1820 2997 1886; x_wconf 79' lang='grc' dir='ltr'>δοκούντων,</span> <span class='ocrx_word' id='word_1_224' title='bbox 3029 1819 3193 1871; x_wconf 81' lang='grc' dir='ltr'>πλέον</span> <span class='ocrx_word' id='word_1_225' title='bbox 3225 1818 3284 1872; x_wconf 81' lang='grc' dir='ltr'><strong>τὸ</strong></span> <span class='ocrx_word' id='word_1_226' title='bbox 3305 1818 3497 1887; x_wconf 75' lang='grc' dir='ltr'>ὄφελος</span> <span class='ocrx_word' id='word_1_227' title='bbox 3521 1819 3761 1880; x_wconf 80' lang='grc' dir='ltr'>δίδωσιν,</span> <span class='ocrx_word' id='word_1_228' title='bbox 3820 1821 3852 1889; x_wconf 85' lang='grc' dir='ltr'>ἦ</span> <span class='ocrx_word' id='word_1_229' title='bbox 3882 1821 4009 1873; x_wconf 75' lang='lat' dir='ltr'><strong>5am</strong></span> 
     </span>
    </p>
   </div>
   <div class='ocr_carea' id='block_1_34' title="bbox 743 1910 2329 1984">
    <p class='ocr_par' dir='ltr' id='par_1_34' title="bbox 743 1910 2316 1981">
     <span class='ocr_line' id='line_1_34' title="bbox 743 1910 2316 1981; baseline -0.002 -14"><span class='ocrx_word' id='word_1_230' title='bbox 743 1930 865 1967; x_wconf 92' lang='lat' dir='ltr'><strong>rum</strong></span> <span class='ocrx_word' id='word_1_231' title='bbox 888 1914 1181 1975; x_wconf 86' lang='lat' dir='ltr'><strong>actionem,</strong></span> <span class='ocrx_word' id='word_1_232' title='bbox 1212 1910 1278 1965; x_wconf 84' lang='lat' dir='ltr'><strong>ad</strong></span> <span class='ocrx_word' id='word_1_233' title='bbox 1306 1910 1547 1975; x_wconf 90' lang='lat' dir='ltr'><strong>laudem,</strong></span> <span class='ocrx_word' id='word_1_234' title='bbox 1604 1911 1671 1964; x_wconf 90' lang='lat' dir='ltr'><strong>ad</strong></span> <span class='ocrx_word' id='word_1_235' title='bbox 1704 1910 2155 1975; x_wconf 85' lang='lat' dir='ltr'><strong>benedictionem,</strong></span> <span class='ocrx_word' id='word_1_236' title='bbox 2193 1927 2316 1981; x_wconf 78' lang='lat' dir='ltr'><strong>gra-</strong></span> 
     </span>
    </p>
   </div>
   <div class='ocr_carea' id='block_1_35' title="bbox 2435 1910 4011 1984">
    <p class='ocr_par' dir='ltr' id='par_1_35' title="bbox 2435 1910 4011 1984">
     <span class='ocr_line' id='line_1_35' title="bbox 2435 1910 4011 1984; baseline -0.003 -16"><span class='ocrx_word' id='word_1_237' title='bbox 2435 1916 2485 1969; x_wconf 78' lang='grc' dir='ltr'><strong>ίν</strong></span> <span class='ocrx_word' id='word_1_238' title='bbox 2515 1933 2599 1977; x_wconf 87' lang='grc' dir='ltr'><strong>τις</strong></span> <span class='ocrx_word' id='word_1_239' title='bbox 2626 1916 2893 1984; x_wconf 77' lang='grc' dir='ltr'>ἡγήσαιτο</span> <span class='ocrx_word' id='word_1_240' title='bbox 2933 1913 3019 1965; x_wconf 76' lang='grc' dir='ltr'><strong>διὰ</strong></span> <span class='ocrx_word' id='word_1_241' title='bbox 3046 1910 3155 1964; x_wconf 85' lang='grc' dir='ltr'><strong>τῶν</strong></span> <span class='ocrx_word' id='word_1_242' title='bbox 3186 1910 3491 1980; x_wconf 80' lang='grc' dir='ltr'><strong>ἡδυνόντων</strong></span> <span class='ocrx_word' id='word_1_243' title='bbox 3523 1910 3873 1979; x_wconf 57' lang='grc' dir='ltr'>ὠςελεῖσθαι.</span> <span class='ocrx_word' id='word_1_244' title='bbox 3897 1914 4011 1965; x_wconf 81' lang='grc' dir='ltr'><strong>ὠσ-</strong></span> 
     </span>
    </p>
   </div>
   <div class='ocr_carea' id='block_1_36' title="bbox 746 2004 2320 2075">
    <p class='ocr_par' dir='ltr' id='par_1_36' title="bbox 746 2004 2320 2075">
     <span class='ocr_line' id='line_1_36' title="bbox 746 2004 2320 2075; baseline -0.003 -15"><span class='ocrx_word' id='word_1_245' title='bbox 746 2006 851 2060; x_wconf 85' lang='lat' dir='ltr'><strong>tias</strong></span> <span class='ocrx_word' id='word_1_246' title='bbox 884 2005 1103 2075; x_wconf 86' lang='lat' dir='ltr'><strong>quidem</strong></span> <span class='ocrx_word' id='word_1_247' title='bbox 1136 2012 1360 2070; x_wconf 82' lang='lat' dir='ltr'><strong>agentes</strong></span> <span class='ocrx_word' id='word_1_248' title='bbox 1399 2017 1498 2073; x_wconf 92' lang='lat' dir='ltr'><strong>pro</strong></span> <span class='ocrx_word' id='word_1_249' title='bbox 1529 2011 1734 2069; x_wconf 89' lang='lat' dir='ltr'><strong>quanto</strong></span> <span class='ocrx_word' id='word_1_250' title='bbox 1778 2011 2020 2072; x_wconf 87' lang='lat' dir='ltr'><strong>tempore</strong></span> <span class='ocrx_word' id='word_1_251' title='bbox 2066 2004 2320 2056; x_wconf 83' lang='lat' dir='ltr'><strong>convictu</strong></span> 
     </span>
    </p>
   </div>
   <div class='ocr_carea' id='block_1_37' title="bbox 747 2094 2325 2166">
    <p class='ocr_par' dir='ltr' id='par_1_37' title="bbox 747 2094 2325 2166">
     <span class='ocr_line' id='line_1_37' title="bbox 747 2094 2325 2166; baseline -0.002 -15"><span class='ocrx_word' id='word_1_252' title='bbox 747 2097 896 2152; x_wconf 90' lang='lat' dir='ltr'><strong>illius</strong></span> <span class='ocrx_word' id='word_1_253' title='bbox 950 2097 1031 2152; x_wconf 91' lang='lat' dir='ltr'><strong>usi</strong></span> <span class='ocrx_word' id='word_1_254' title='bbox 1075 2111 1291 2160; x_wconf 87' lang='lat' dir='ltr'><strong>sumus,</strong></span> <span class='ocrx_word' id='word_1_255' title='bbox 1326 2096 1530 2166; x_wconf 81' lang='lat' dir='ltr'><strong>gratias</strong></span> <span class='ocrx_word' id='word_1_256' title='bbox 1556 2107 1778 2165; x_wconf 90' lang='lat' dir='ltr'><strong>quoque</strong></span> <span class='ocrx_word' id='word_1_257' title='bbox 1812 2110 1961 2149; x_wconf 90' lang='lat' dir='ltr'><strong>nunc</strong></span> <span class='ocrx_word' id='word_1_258' title='bbox 2000 2094 2325 2148; x_wconf 78' lang='lat' dir='ltr'><strong>exhibentes</strong></span> 
     </span>
    </p>
   </div>
   <div class='ocr_carea' id='block_1_38' title="bbox 747 2186 2325 2259">
    <p class='ocr_par' dir='ltr' id='par_1_38' title="bbox 747 2186 2325 2259">
     <span class='ocr_line' id='line_1_38' title="bbox 747 2186 2325 2259; baseline -0.003 -16"><span class='ocrx_word' id='word_1_259' title='bbox 747 2190 895 2259; x_wconf 83' lang='lat' dir='ltr'><strong>quod</strong></span> <span class='ocrx_word' id='word_1_260' title='bbox 936 2190 1004 2243; x_wconf 93' lang='lat' dir='ltr'><strong>de</strong></span> <span class='ocrx_word' id='word_1_261' title='bbox 1047 2205 1181 2243; x_wconf 80' lang='lat' dir='ltr'><strong>vana</strong></span> <span class='ocrx_word' id='word_1_262' title='bbox 1228 2192 1327 2242; x_wconf 89' lang='lat' dir='ltr'><strong>hac</strong></span> <span class='ocrx_word' id='word_1_263' title='bbox 1359 2197 1415 2242; x_wconf 91' lang='lat' dir='ltr'><strong>et</strong></span> <span class='ocrx_word' id='word_1_264' title='bbox 1461 2188 1694 2241; x_wconf 89' lang='lat' dir='ltr'><strong>molesta</strong></span> <span class='ocrx_word' id='word_1_265' title='bbox 1749 2201 1984 2257; x_wconf 75' lang='lat' dir='ltr'><strong>vereque</strong></span> <span class='ocrx_word' id='word_1_266' title='bbox 2036 2186 2325 2256; x_wconf 88' lang='lat' dir='ltr'><strong>multiplici</strong></span> 
     </span>
    </p>
   </div>
   <div class='ocr_carea' id='block_1_39' title="bbox 748 2279 2323 2348">
    <p class='ocr_par' dir='ltr' id='par_1_39' title="bbox 748 2279 2323 2348">
     <span class='ocr_line' id='line_1_39' title="bbox 748 2279 2323 2348; baseline -0.001 -13"><span class='ocrx_word' id='word_1_267' title='bbox 748 2283 894 2337; x_wconf 82' lang='lat' dir='ltr'><strong>luctu</strong></span> <span class='ocrx_word' id='word_1_268' title='bbox 920 2280 1121 2336; x_wconf 83' lang='lat' dir='ltr'><strong>referta</strong></span> <span class='ocrx_word' id='word_1_269' title='bbox 1155 2281 1263 2335; x_wconf 84' lang='lat' dir='ltr'><strong>vita</strong></span> <span class='ocrx_word' id='word_1_270' title='bbox 1298 2279 1514 2335; x_wconf 86' lang='lat' dir='ltr'><strong>sublata</strong></span> <span class='ocrx_word' id='word_1_271' title='bbox 1549 2294 1727 2345; x_wconf 89' lang='lat' dir='ltr'><strong>soror,</strong></span> <span class='ocrx_word' id='word_1_272' title='bbox 1761 2279 1827 2332; x_wconf 90' lang='lat' dir='ltr'><strong>ad</strong></span> <span class='ocrx_word' id='word_1_273' title='bbox 1861 2280 2074 2333; x_wconf 89' lang='lat' dir='ltr'><strong>beatam</strong></span> <span class='ocrx_word' id='word_1_274' title='bbox 2129 2294 2323 2348; x_wconf 83' lang='lat' dir='ltr'><strong>perve-</strong></span> 
     </span>
    </p>
   </div>
   <div class='ocr_carea' id='block_1_40' title="bbox 746 2370 2326 2439">
    <p class='ocr_par' dir='ltr' id='par_1_40' title="bbox 746 2370 2326 2439">
     <span class='ocr_line' id='line_1_40' title="bbox 746 2370 2326 2439; baseline -0.001 -12"><span class='ocrx_word' id='word_1_275' title='bbox 746 2374 830 2428; x_wconf 89' lang='lat' dir='ltr'><strong>nit</strong></span> <span class='ocrx_word' id='word_1_276' title='bbox 860 2377 1022 2427; x_wconf 87' lang='lat' dir='ltr'><strong>vitam</strong></span> <span class='ocrx_word' id='word_1_277' title='bbox 1051 2380 1104 2428; x_wconf 85' lang='lat' dir='ltr'><strong>et</strong></span> <span class='ocrx_word' id='word_1_278' title='bbox 1138 2374 1376 2439; x_wconf 87' lang='lat' dir='ltr'><strong>quietem</strong></span> <span class='ocrx_word' id='word_1_279' title='bbox 1407 2374 1557 2426; x_wconf 89' lang='lat' dir='ltr'><strong>omni</strong></span> <span class='ocrx_word' id='word_1_280' title='bbox 1590 2370 1780 2425; x_wconf 93' lang='lat' dir='ltr'><strong>dolore</strong></span> <span class='ocrx_word' id='word_1_281' title='bbox 1812 2379 1865 2425; x_wconf 91' lang='lat' dir='ltr'><strong>et</strong></span> <span class='ocrx_word' id='word_1_282' title='bbox 1888 2370 2109 2426; x_wconf 89' lang='lat' dir='ltr'><strong>tristitia</strong></span> <span class='ocrx_word' id='word_1_283' title='bbox 2138 2386 2326 2426; x_wconf 86' lang='lat' dir='ltr'><strong>exem-</strong></span> 
     </span>
    </p>
   </div>
   <div class='ocr_carea' id='block_1_41' title="bbox 748 2462 2328 2535">
    <p class='ocr_par' dir='ltr' id='par_1_41' title="bbox 748 2462 2328 2535">
     <span class='ocr_line' id='line_1_41' title="bbox 748 2462 2328 2535; baseline -0.002 -15"><span class='ocrx_word' id='word_1_284' title='bbox 748 2477 917 2535; x_wconf 89' lang='lat' dir='ltr'><strong>ptam,</strong></span> <span class='ocrx_word' id='word_1_285' title='bbox 938 2475 991 2520; x_wconf 88' lang='lat' dir='ltr'><strong>et</strong></span> <span class='ocrx_word' id='word_1_286' title='bbox 1012 2464 1410 2535; x_wconf 82' lang='lat' dir='ltr'><strong>proindedigna</strong></span> <span class='ocrx_word' id='word_1_287' title='bbox 1439 2477 1546 2516; x_wconf 89' lang='lat' dir='ltr'><strong>non</strong></span> <span class='ocrx_word' id='word_1_288' title='bbox 1567 2478 1686 2532; x_wconf 81' lang='lat' dir='ltr'><strong>quae</strong></span> <span class='ocrx_word' id='word_1_289' title='bbox 1714 2462 1983 2531; x_wconf 77' lang='lat' dir='ltr'><strong>lugeatur,</strong></span> <span class='ocrx_word' id='word_1_290' title='bbox 2005 2463 2098 2517; x_wconf 91' lang='lat' dir='ltr'><strong>sed</strong></span> <span class='ocrx_word' id='word_1_291' title='bbox 2126 2463 2212 2518; x_wconf 91' lang='lat' dir='ltr'><strong>cui</strong></span> <span class='ocrx_word' id='word_1_292' title='bbox 2231 2478 2328 2533; x_wconf 88' lang='lat' dir='ltr'><strong>po-</strong></span> 
     </span>
    </p>
   </div>
   <div class='ocr_carea' id='block_1_42' title="bbox 749 2554 2178 2624">
    <p class='ocr_par' dir='ltr' id='par_1_42' title="bbox 749 2554 2178 2624">
     <span class='ocr_line' id='line_1_42' title="bbox 749 2554 2178 2624; baseline -0.004 -12"><span class='ocrx_word' id='word_1_293' title='bbox 749 2561 853 2614; x_wconf 80' lang='lat' dir='ltr'><strong>tius</strong></span> <span class='ocrx_word' id='word_1_294' title='bbox 894 2559 1219 2624; x_wconf 73' lang='lat' dir='ltr'><strong>invidentur,</strong></span> <span class='ocrx_word' id='word_1_295' title='bbox 1257 2564 1310 2610; x_wconf 88' lang='lat' dir='ltr'><strong>ct</strong></span> <span class='ocrx_word' id='word_1_296' title='bbox 1362 2555 1519 2624; x_wconf 87' lang='lat' dir='ltr'><strong>cujus</strong></span> <span class='ocrx_word' id='word_1_297' title='bbox 1554 2554 1835 2608; x_wconf 86' lang='lat' dir='ltr'><strong>beatitudo</strong></span> <span class='ocrx_word' id='word_1_298' title='bbox 1856 2554 2178 2609; x_wconf 86' lang='lat' dir='ltr'><strong>celebretur.</strong></span> 
     </span>
    </p>
   </div>
   <div class='ocr_carea' id='block_1_43' title="bbox 964 2852 2112 2931">
    <p class='ocr_par' dir='ltr' id='par_1_43' title="bbox 964 2852 2112 2931">
     <span class='ocr_line' id='line_1_43' title="bbox 964 2852 2112 2931; baseline -0.009 -15"><span class='ocrx_word' id='word_1_299' title='bbox 964 2857 1190 2916; x_wconf 66' lang='lat' dir='ltr'><strong>XLVIII.</strong></span> <span class='ocrx_word' id='word_1_300' title='bbox 1229 2856 1479 2926; x_wconf 81' lang='lat' dir='ltr'><strong>Gregorio</strong></span> <span class='ocrx_word' id='word_1_301' title='bbox 1512 2853 1704 2922; x_wconf 79' lang='lat' dir='ltr'><strong>Ephesi</strong></span> <span class='ocrx_word' id='word_1_302' title='bbox 1745 2852 2112 2931; x_wconf 66' lang='lat' dir='ltr'><strong>mezropolilw.</strong></span> 
     </span>
    </p>
   </div>
   <div class='ocr_carea' id='block_1_44' title="bbox 819 2966 2327 3035">
    <p class='ocr_par' dir='ltr' id='par_1_44' title="bbox 819 2966 2327 3035">
     <span class='ocr_line' id='line_1_44' title="bbox 819 2966 2327 3035; baseline -0.012 0"><span class='ocrx_word' id='word_1_303' title='bbox 819 2982 1019 3035; x_wconf 62' lang='lat' dir='ltr'><strong>Praeter</strong></span> <span class='ocrx_word' id='word_1_304' title='bbox 1074 2987 1343 3029; x_wconf 76' lang='lat' dir='ltr'><strong>mterores</strong></span> <span class='ocrx_word' id='word_1_305' title='bbox 1403 2970 1589 3025; x_wconf 88' lang='lat' dir='ltr'><strong>mttltis</strong></span> <span class='ocrx_word' id='word_1_306' title='bbox 1642 2967 1925 3023; x_wconf 82' lang='lat' dir='ltr'><strong>doloribus</strong></span> <span class='ocrx_word' id='word_1_307' title='bbox 1988 2966 2327 3019; x_wconf 74' lang='lat' dir='ltr'><strong>laborantem</strong></span> 
     </span>
    </p>
   </div>
   <div class='ocr_carea' id='block_1_45' title="bbox 748 3057 2326 3134">
    <p class='ocr_par' dir='ltr' id='par_1_45' title="bbox 748 3057 2326 3134">
     <span class='ocr_line' id='line_1_45' title="bbox 748 3057 2326 3134; baseline -0.013 -5"><span class='ocrx_word' id='word_1_308' title='bbox 748 3073 986 3130; x_wconf 74' lang='lat' dir='ltr'><strong>animam</strong></span> <span class='ocrx_word' id='word_1_309' title='bbox 1028 3077 1271 3123; x_wconf 91' lang='lat' dir='ltr'><strong>nostram</strong></span> <span class='ocrx_word' id='word_1_310' title='bbox 1322 3071 1656 3134; x_wconf 83' lang='lat' dir='ltr'><strong>prementes,</strong></span> <span class='ocrx_word' id='word_1_311' title='bbox 1706 3059 1780 3112; x_wconf 88' lang='lat' dir='ltr'><strong>lili</strong></span> <span class='ocrx_word' id='word_1_312' title='bbox 1811 3059 1884 3112; x_wconf 90' lang='lat' dir='ltr'><strong>mi</strong></span> <span class='ocrx_word' id='word_1_313' title='bbox 1929 3057 2326 3122; x_wconf 87' lang='lat' dir='ltr'><strong>sacratissime,</strong></span> 
     </span>
    </p>
   </div>
   <div class='ocr_carea' id='block_1_46' title="bbox 753 3152 2329 3223">
    <p class='ocr_par' dir='ltr' id='par_1_46' title="bbox 753 3152 2329 3223">
     <span class='ocr_line' id='line_1_46' title="bbox 753 3152 2329 3223; baseline -0.011 -3"><span class='ocrx_word' id='word_1_314' title='bbox 753 3169 825 3220; x_wconf 77' lang='lat' dir='ltr'><strong>ita</strong></span> <span class='ocrx_word' id='word_1_315' title='bbox 861 3179 946 3218; x_wconf 89' lang='lat' dir='ltr'><strong>me</strong></span> <span class='ocrx_word' id='word_1_316' title='bbox 989 3160 1287 3216; x_wconf 71' lang='lat' dir='ltr'><strong>aﬂ‘ecerunt</strong></span> <span class='ocrx_word' id='word_1_317' title='bbox 1322 3156 1571 3212; x_wconf 88' lang='lat' dir='ltr'><strong>nuntiata</strong></span> <span class='ocrx_word' id='word_1_318' title='bbox 1615 3168 1712 3223; x_wconf 88' lang='lat' dir='ltr'><strong>per</strong></span> <span class='ocrx_word' id='word_1_319' title='bbox 1747 3161 1868 3206; x_wconf 91' lang='lat' dir='ltr'><strong>tuas</strong></span> <span class='ocrx_word' id='word_1_320' title='bbox 1918 3152 2129 3206; x_wconf 87' lang='lat' dir='ltr'><strong>litteras</strong></span> <span class='ocrx_word' id='word_1_321' title='bbox 2186 3152 2329 3204; x_wconf 87' lang='lat' dir='ltr'><strong>mala</strong></span> 
     </span>
    </p>
   </div>
   <div class='ocr_carea' id='block_1_47' title="bbox 2426 1999 4013 2078">
    <p class='ocr_par' dir='ltr' id='par_1_47' title="bbox 2426 1999 4013 2078">
     <span class='ocr_line' id='line_1_47' title="bbox 2426 1999 4013 2078; baseline -0.005 -17"><span class='ocrx_word' id='word_1_322' title='bbox 2426 2025 2487 2061; x_wconf 87' lang='grc' dir='ltr'><strong>τε</strong></span> <span class='ocrx_word' id='word_1_323' title='bbox 2523 2005 2917 2078; x_wconf 86' lang='grc' dir='ltr'>μεταϐάλωμεν</span> <span class='ocrx_word' id='word_1_324' title='bbox 2954 2007 3033 2067; x_wconf 87' lang='grc' dir='ltr'><strong>είς</strong></span> <span class='ocrx_word' id='word_1_325' title='bbox 3067 2003 3439 2073; x_wconf 80' lang='grc' dir='ltr'>εὐχαριστίαν,</span> <span class='ocrx_word' id='word_1_326' title='bbox 3476 2003 3558 2065; x_wconf 84' lang='grc' dir='ltr'><strong>είς</strong></span> <span class='ocrx_word' id='word_1_327' title='bbox 3608 1999 3777 2064; x_wconf 73' lang='grc' dir='ltr'>αἶνον,</span> <span class='ocrx_word' id='word_1_328' title='bbox 3811 2004 3891 2063; x_wconf 82' lang='grc' dir='ltr'><strong>είς</strong></span> <span class='ocrx_word' id='word_1_329' title='bbox 3921 2003 4013 2053; x_wconf 73' lang='grc' dir='ltr'>δο-</span> 
     </span>
    </p>
   </div>
   <div class='ocr_carea' id='block_1_48' title="bbox 2432 2092 4013 2169">
    <p class='ocr_par' dir='ltr' id='par_1_48' title="bbox 2432 2092 4013 2169">
     <span class='ocr_line' id='line_1_48' title="bbox 2432 2092 4013 2169; baseline -0.006 -18"><span class='ocrx_word' id='word_1_330' title='bbox 2432 2098 2679 2167; x_wconf 84' lang='grc' dir='ltr'>ξολογίαν</span> <span class='ocrx_word' id='word_1_331' title='bbox 2712 2096 2872 2169; x_wconf 82' lang='grc' dir='ltr'>χάριν</span> <span class='ocrx_word' id='word_1_332' title='bbox 2909 2096 3007 2165; x_wconf 76' lang='grc' dir='ltr'><strong>μὲν</strong></span> <span class='ocrx_word' id='word_1_333' title='bbox 3044 2095 3246 2157; x_wconf 80' lang='grc' dir='ltr'>εἰδότες</span> <span class='ocrx_word' id='word_1_334' title='bbox 3277 2096 3363 2162; x_wconf 84' lang='grc' dir='ltr'><strong>ἐφ’</strong></span> <span class='ocrx_word' id='word_1_335' title='bbox 3402 2094 3525 2145; x_wconf 85' lang='grc' dir='ltr'>ὅσον</span> <span class='ocrx_word' id='word_1_336' title='bbox 3551 2092 3741 2161; x_wconf 81' lang='grc' dir='ltr'>καιρὸν</span> <span class='ocrx_word' id='word_1_337' title='bbox 3763 2092 3976 2145; x_wconf 67' lang='grc' dir='ltr'>άπελαύ</span> <span class='ocrx_word' id='word_1_338' title='bbox 3997 2121 4013 2132; x_wconf 88' lang='lat'><strong>-</strong></span> 
     </span>
    </p>
   </div>
   <div class='ocr_carea' id='block_1_49' title="bbox 2431 2181 4013 2259">
    <p class='ocr_par' dir='ltr' id='par_1_49' title="bbox 2431 2181 4013 2259">
     <span class='ocr_line' id='line_1_49' title="bbox 2431 2181 4013 2259; baseline -0.006 -17"><span class='ocrx_word' id='word_1_339' title='bbox 2431 2206 2605 2259; x_wconf 89' lang='grc' dir='ltr'>σαμεν</span> <span class='ocrx_word' id='word_1_340' title='bbox 2634 2189 2732 2258; x_wconf 87' lang='grc' dir='ltr'>τῆς</span> <span class='ocrx_word' id='word_1_341' title='bbox 2764 2186 3144 2256; x_wconf 87' lang='grc' dir='ltr'>συμϐιώσεως,</span> <span class='ocrx_word' id='word_1_342' title='bbox 3176 2185 3339 2255; x_wconf 82' lang='grc' dir='ltr'>χάριν</span> <span class='ocrx_word' id='word_1_343' title='bbox 3358 2184 3413 2237; x_wconf 87' lang='grc' dir='ltr'><strong>δὲ</strong></span> <span class='ocrx_word' id='word_1_344' title='bbox 3440 2184 3535 2236; x_wconf 83' lang='grc' dir='ltr'><strong>νῦν</strong></span> <span class='ocrx_word' id='word_1_345' title='bbox 3590 2181 4013 2251; x_wconf 73' lang='grc' dir='ltr'>ὁμολογοῦντες,</span> 
     </span>
    </p>
   </div>
   <div class='ocr_carea' id='block_1_50' title="bbox 2427 2270 4016 2347">
    <p class='ocr_par' dir='ltr' id='par_1_50' title="bbox 2427 2270 4016 2347">
     <span class='ocr_line' id='line_1_50' title="bbox 2427 2270 4016 2347; baseline -0.008 -14"><span class='ocrx_word' id='word_1_346' title='bbox 2427 2281 2508 2334; x_wconf 85' lang='grc' dir='ltr'>ὅτι</span> <span class='ocrx_word' id='word_1_347' title='bbox 2541 2277 2739 2347; x_wconf 50' lang='grc' dir='ltr'>ὲκξτῆς</span> <span class='ocrx_word' id='word_1_348' title='bbox 2791 2274 3156 2347; x_wconf 82' lang='grc' dir='ltr'>ματαιότητος</span> <span class='ocrx_word' id='word_1_349' title='bbox 3200 2272 3406 2342; x_wconf 77' lang='grc' dir='ltr'>ταύτης</span> <span class='ocrx_word' id='word_1_350' title='bbox 3454 2271 3678 2338; x_wconf 76' lang='grc' dir='ltr'>καὶτῆς</span> <span class='ocrx_word' id='word_1_351' title='bbox 3730 2270 4016 2322; x_wconf 84' lang='grc' dir='ltr'>ἐπωδύνου</span> 
     </span>
    </p>
   </div>
   <div class='ocr_carea' id='block_1_51' title="bbox 2429 2362 4018 2435">
    <p class='ocr_par' dir='ltr' id='par_1_51' title="bbox 2429 2362 4018 2435">
     <span class='ocr_line' id='line_1_51' title="bbox 2429 2362 4018 2435; baseline -0.01 -8"><span class='ocrx_word' id='word_1_352' title='bbox 2429 2375 2527 2427; x_wconf 65' lang='grc' dir='ltr'><strong>καὶ</strong></span> <span class='ocrx_word' id='word_1_353' title='bbox 2583 2373 2753 2433; x_wconf 75' lang='grc' dir='ltr'>ὅντως</span> <span class='ocrx_word' id='word_1_354' title='bbox 2792 2366 3164 2430; x_wconf 85' lang='grc' dir='ltr'>πολυπενθοῦς</span> <span class='ocrx_word' id='word_1_355' title='bbox 3208 2364 3353 2435; x_wconf 81' lang='grc' dir='ltr'>ζωῆς</span> <span class='ocrx_word' id='word_1_356' title='bbox 3425 2365 3685 2432; x_wconf 86' lang='grc' dir='ltr'>άπάρασα</span> <span class='ocrx_word' id='word_1_357' title='bbox 3717 2365 3750 2432; x_wconf 82' lang='grc' dir='ltr'><strong>ή</strong></span> <span class='ocrx_word' id='word_1_358' title='bbox 3804 2362 4018 2431; x_wconf 72' lang='grc' dir='ltr'>ἀδελφὴ</span> 
     </span>
    </p>
   </div>
   <div class='ocr_carea' id='block_1_52' title="bbox 2432 2453 4020 2535">
    <p class='ocr_par' dir='ltr' id='par_1_52' title="bbox 2432 2453 4020 2535">
     <span class='ocr_line' id='line_1_52' title="bbox 2432 2453 4020 2535; baseline -0.008 -18"><span class='ocrx_word' id='word_1_359' title='bbox 2432 2464 2571 2535; x_wconf 81' lang='grc' dir='ltr'>πρὸς</span> <span class='ocrx_word' id='word_1_360' title='bbox 2600 2463 2701 2532; x_wconf 85' lang='grc' dir='ltr'>τὴν</span> <span class='ocrx_word' id='word_1_361' title='bbox 2743 2461 3026 2531; x_wconf 74' lang='grc' dir='ltr'>μακαρίαν</span> <span class='ocrx_word' id='word_1_362' title='bbox 3082 2460 3388 2527; x_wconf 81' lang='grc' dir='ltr'>κατήντησε</span> <span class='ocrx_word' id='word_1_363' title='bbox 3439 2455 3532 2509; x_wconf 77' lang='grc' dir='ltr'>καὶ</span> <span class='ocrx_word' id='word_1_364' title='bbox 3564 2453 3709 2524; x_wconf 76' lang='grc' dir='ltr'>ζωὴν</span> <span class='ocrx_word' id='word_1_365' title='bbox 3752 2454 3843 2506; x_wconf 75' lang='grc' dir='ltr'><strong>καὶ</strong></span> <span class='ocrx_word' id='word_1_366' title='bbox 3869 2454 4020 2505; x_wconf 65' lang='grc' dir='ltr'>ἀπόε-</span> 
     </span>
    </p>
   </div>
   <div class='ocr_carea' id='block_1_53' title="bbox 2428 2545 4015 2619">
    <p class='ocr_par' dir='ltr' id='par_1_53' title="bbox 2428 2545 4015 2619">
     <span class='ocr_line' id='line_1_53' title="bbox 2428 2545 4015 2619; baseline -0.006 -14"><span class='ocrx_word' id='word_1_367' title='bbox 2428 2552 2646 2614; x_wconf 86' lang='grc' dir='ltr'>λαυσιν,</span> <span class='ocrx_word' id='word_1_368' title='bbox 2670 2551 2765 2603; x_wconf 73' lang='grc' dir='ltr'><strong>καὶ</strong></span> <span class='ocrx_word' id='word_1_369' title='bbox 2798 2551 2980 2619; x_wconf 86' lang='grc' dir='ltr'>πάσης</span> <span class='ocrx_word' id='word_1_370' title='bbox 3002 2547 3181 2616; x_wconf 82' lang='grc' dir='ltr'>λύπης</span> <span class='ocrx_word' id='word_1_371' title='bbox 3219 2545 3511 2614; x_wconf 81' lang='grc' dir='ltr'>ἐλευθέραν</span> <span class='ocrx_word' id='word_1_372' title='bbox 3536 2547 3632 2596; x_wconf 73' lang='grc' dir='ltr'><strong>καὶ</strong></span> <span class='ocrx_word' id='word_1_373' title='bbox 3680 2545 4015 2611; x_wconf 55' lang='grc' dir='ltr'>κατηφείας</span> 
     </span>
    </p>
   </div>
   <div class='ocr_carea' id='block_1_54' title="bbox 2432 2634 4024 2709">
    <p class='ocr_par' dir='ltr' id='par_1_54' title="bbox 2432 2634 4024 2709">
     <span class='ocr_line' id='line_1_54' title="bbox 2432 2634 4024 2709; baseline -0.006 -11"><span class='ocrx_word' id='word_1_374' title='bbox 2432 2645 2527 2698; x_wconf 65' lang='grc' dir='ltr'><strong>καὶ</strong></span> <span class='ocrx_word' id='word_1_375' title='bbox 2555 2642 2646 2697; x_wconf 72' lang='grc' dir='ltr'>διὰ</span> <span class='ocrx_word' id='word_1_376' title='bbox 2698 2640 2858 2695; x_wconf 82' lang='grc' dir='ltr'>τοῦτο</span> <span class='ocrx_word' id='word_1_377' title='bbox 2894 2639 3052 2707; x_wconf 79' lang='grc' dir='ltr'>ἀξίας</span> <span class='ocrx_word' id='word_1_378' title='bbox 3100 2637 3269 2709; x_wconf 74' lang='grc' dir='ltr'>οὔσης</span> <span class='ocrx_word' id='word_1_379' title='bbox 3314 2637 3437 2707; x_wconf 74' lang='grc' dir='ltr'>οὐχὶ</span> <span class='ocrx_word' id='word_1_380' title='bbox 3484 2634 3822 2698; x_wconf 81' lang='grc' dir='ltr'>πενθεῖσθαι,</span> <span class='ocrx_word' id='word_1_381' title='bbox 3878 2636 4024 2688; x_wconf 69' lang='grc' dir='ltr'>ἀλλὰ</span> 
     </span>
    </p>
   </div>
   <div class='ocr_carea' id='block_1_55' title="bbox 2433 2728 3579 2802">
    <p class='ocr_par' dir='ltr' id='par_1_55' title="bbox 2433 2728 3579 2802">
     <span class='ocr_line' id='line_1_55' title="bbox 2433 2728 3579 2802; baseline -0.004 -16"><span class='ocrx_word' id='word_1_382' title='bbox 2433 2732 2729 2801; x_wconf 77' lang='grc' dir='ltr'>ζηλοῦσθαι</span> <span class='ocrx_word' id='word_1_383' title='bbox 2766 2732 2967 2802; x_wconf 85' lang='grc' dir='ltr'>μᾶλλον</span> <span class='ocrx_word' id='word_1_384' title='bbox 3000 2731 3095 2784; x_wconf 72' lang='grc' dir='ltr'><strong>καὶ</strong></span> <span class='ocrx_word' id='word_1_385' title='bbox 3150 2728 3579 2800; x_wconf 73' lang='grc' dir='ltr'>μακαρίζεσθαι.</span> 
     </span>
    </p>
   </div>
   <div class='ocr_carea' id='block_1_56' title="bbox 2572 2838 3870 2910">
    <p class='ocr_par' dir='ltr' id='par_1_56' title="bbox 2572 2838 3870 2910">
     <span class='ocr_line' id='line_1_56' title="bbox 2572 2838 3870 2910; baseline -0.003 -16"><span class='ocrx_word' id='word_1_386' title='bbox 2572 2842 2715 2895; x_wconf 70' lang='grc' dir='ltr'>ιιιιιι.</span> <span class='ocrx_word' id='word_1_387' title='bbox 2758 2842 3065 2910; x_wconf 75' lang='grc' dir='ltr'>Γρηγορίῳ</span> <span class='ocrx_word' id='word_1_388' title='bbox 3130 2839 3539 2909; x_wconf 66' lang='grc' dir='ltr'>μητροπολίτῃ</span> <span class='ocrx_word' id='word_1_389' title='bbox 3595 2838 3870 2907; x_wconf 59' lang='grc' dir='ltr'><strong>Ἐφέσοιο.</strong></span> 
     </span>
    </p>
   </div>
   <div class='ocr_carea' id='block_1_57' title="bbox 2512 2951 4028 3025">
    <p class='ocr_par' dir='ltr' id='par_1_57' title="bbox 2512 2951 4028 3025">
     <span class='ocr_line' id='line_1_57' title="bbox 2512 2951 4028 3025; baseline -0.003 -16"><span class='ocrx_word' id='word_1_390' title='bbox 2512 2954 2640 3011; x_wconf 80' lang='grc' dir='ltr'><strong>Ἐπὶ</strong></span> <span class='ocrx_word' id='word_1_391' title='bbox 2686 2958 2799 3018; x_wconf 84' lang='grc' dir='ltr'>τοῖς</span> <span class='ocrx_word' id='word_1_392' title='bbox 2834 2953 3434 3025; x_wconf 78' lang='grc' dir='ltr'>προκατειργασμένοις</span> <span class='ocrx_word' id='word_1_393' title='bbox 3512 2951 3611 3023; x_wconf 81' lang='grc' dir='ltr'><strong>τὴν</strong></span> <span class='ocrx_word' id='word_1_394' title='bbox 3678 2953 4028 3005; x_wconf 59' lang='grc' dir='ltr'>πολυώδυνον</span> 
     </span>
    </p>
   </div>
   <div class='ocr_carea' id='block_1_58' title="bbox 2433 3046 4026 3121">
    <p class='ocr_par' dir='ltr' id='par_1_58' title="bbox 2433 3046 4026 3121">
     <span class='ocr_line' id='line_1_58' title="bbox 2433 3046 4026 3121; baseline -0.003 -20"><span class='ocrx_word' id='word_1_395' title='bbox 2433 3048 2592 3121; x_wconf 76' lang='grc' dir='ltr'>ήμῶν</span> <span class='ocrx_word' id='word_1_396' title='bbox 2623 3048 2824 3119; x_wconf 79' lang='grc' dir='ltr'>ψυχὴν,</span> <span class='ocrx_word' id='word_1_397' title='bbox 2854 3048 3042 3101; x_wconf 76' lang='grc' dir='ltr'>τέκνον</span> <span class='ocrx_word' id='word_1_398' title='bbox 3085 3047 3243 3117; x_wconf 75' lang='grc' dir='ltr'>ἡμῶν</span> <span class='ocrx_word' id='word_1_399' title='bbox 3303 3046 3626 3116; x_wconf 83' lang='grc' dir='ltr'>ἱερώτατον,</span> <span class='ocrx_word' id='word_1_400' title='bbox 3675 3046 4026 3113; x_wconf 83' lang='grc' dir='ltr'>ἀλγήμασιν,</span> 
     </span>
    </p>
   </div>
   <div class='ocr_carea' id='block_1_59' title="bbox 2434 3137 4031 3211">
    <p class='ocr_par' dir='ltr' id='par_1_59' title="bbox 2434 3137 4031 3211">
     <span class='ocr_line' id='line_1_59' title="bbox 2434 3137 4031 3211; baseline -0.005 -16"><span class='ocrx_word' id='word_1_401' title='bbox 2434 3140 2578 3195; x_wconf 77' lang='grc' dir='ltr'>οὕτω</span> <span class='ocrx_word' id='word_1_402' title='bbox 2607 3140 2828 3211; x_wconf 83' lang='grc' dir='ltr'>διέθηκε</span> <span class='ocrx_word' id='word_1_403' title='bbox 2851 3139 2921 3193; x_wconf 77' lang='grc' dir='ltr'>τὰ</span> <span class='ocrx_word' id='word_1_404' title='bbox 2953 3138 3050 3193; x_wconf 90' lang='grc' dir='ltr'><strong>νῦν</strong></span> <span class='ocrx_word' id='word_1_405' title='bbox 3085 3138 3464 3193; x_wconf 69' lang='grc' dir='ltr'>καταλαϐόντα</span> <span class='ocrx_word' id='word_1_406' title='bbox 3516 3137 3603 3188; x_wconf 79' lang='grc' dir='ltr'><strong>διά</strong></span> <span class='ocrx_word' id='word_1_407' title='bbox 3627 3137 3727 3204; x_wconf 73' lang='grc' dir='ltr'><strong>τῆς</strong></span> <span class='ocrx_word' id='word_1_408' title='bbox 3769 3138 3876 3187; x_wconf 82' lang='grc' dir='ltr'><strong>τῶν</strong></span> <span class='ocrx_word' id='word_1_409' title='bbox 3906 3137 4031 3188; x_wconf 73' lang='grc' dir='ltr'>σιῖιν</span> 
     </span>
    </p>
   </div>
   <div class='ocr_carea' id='block_1_60' title="bbox 755 3224 2329 3326">
    <p class='ocr_par' dir='ltr' id='par_1_60' title="bbox 755 3243 2329 3326">
     <span class='ocr_line' id='line_1_60' title="bbox 755 3243 2329 3326; baseline -0.011 -15"><span class='ocrx_word' id='word_1_410' title='bbox 755 3269 813 3311; x_wconf 89' lang='lat' dir='ltr'><strong>ut</strong></span> <span class='ocrx_word' id='word_1_411' title='bbox 856 3270 989 3326; x_wconf 89' lang='lat' dir='ltr'><strong>pene</strong></span> <span class='ocrx_word' id='word_1_412' title='bbox 1032 3262 1184 3309; x_wconf 79' lang='lat' dir='ltr'><strong>extra</strong></span> <span class='ocrx_word' id='word_1_413' title='bbox 1244 3264 1332 3304; x_wconf 89' lang='lat' dir='ltr'><strong>me</strong></span> <span class='ocrx_word' id='word_1_414' title='bbox 1374 3248 1585 3318; x_wconf 91' lang='lat' dir='ltr'><strong>positus</strong></span> <span class='ocrx_word' id='word_1_415' title='bbox 1620 3247 1750 3311; x_wconf 88' lang='lat' dir='ltr'><strong>sim,</strong></span> <span class='ocrx_word' id='word_1_416' title='bbox 1786 3253 1839 3299; x_wconf 90' lang='lat' dir='ltr'><strong>et</strong></span> <span class='ocrx_word' id='word_1_417' title='bbox 1876 3258 1987 3313; x_wconf 80' lang='lat' dir='ltr'><strong>pra:</strong></span> <span class='ocrx_word' id='word_1_418' title='bbox 2028 3243 2197 3297; x_wconf 89' lang='lat' dir='ltr'><strong>multa</strong></span> <span class='ocrx_word' id='word_1_419' title='bbox 2233 3257 2329 3295; x_wconf 91' lang='lat' dir='ltr'><strong>an-</strong></span> 
     </span>
    </p>
   </div>
   <div class='ocr_carea' id='block_1_61' title="bbox 2435 3224 4033 3326">
    <p class='ocr_par' dir='ltr' id='par_1_61' title="bbox 2437 3224 4033 3304">
     <span class='ocr_line' id='line_1_61' title="bbox 2437 3224 4033 3304; baseline -0.007 -17"><span class='ocrx_word' id='word_1_420' title='bbox 2437 3234 2783 3304; x_wconf 86' lang='grc' dir='ltr'>γραμμάτων</span> <span class='ocrx_word' id='word_1_421' title='bbox 2838 3230 3185 3299; x_wconf 84' lang='grc' dir='ltr'>ἀπαγγελίας</span> <span class='ocrx_word' id='word_1_422' title='bbox 3232 3229 3480 3295; x_wconf 73' lang='grc' dir='ltr'>ἀλγεινὰ,</span> <span class='ocrx_word' id='word_1_423' title='bbox 3517 3226 3592 3288; x_wconf 85' lang='grc' dir='ltr'>ὼς</span> <span class='ocrx_word' id='word_1_424' title='bbox 3635 3224 3833 3295; x_wconf 86' lang='grc' dir='ltr'>μικροῦ</span> <span class='ocrx_word' id='word_1_425' title='bbox 3881 3225 4033 3293; x_wconf 62' lang='grc' dir='ltr'>πρὸς</span> 
     </span>
    </p>
   </div>
   <div class='ocr_carea' id='block_1_62' title="bbox 754 3333 2329 3417">
    <p class='ocr_par' dir='ltr' id='par_1_62' title="bbox 754 3333 2329 3417">
     <span class='ocr_line' id='line_1_62' title="bbox 754 3333 2329 3417; baseline -0.01 -16"><span class='ocrx_word' id='word_1_426' title='bbox 754 3346 931 3417; x_wconf 63' lang='lat' dir='ltr'><strong>gustia</strong></span> <span class='ocrx_word' id='word_1_427' title='bbox 970 3342 1181 3412; x_wconf 87' lang='lat' dir='ltr'><strong>aliquid</strong></span> <span class='ocrx_word' id='word_1_428' title='bbox 1228 3339 1408 3395; x_wconf 86' lang='lat' dir='ltr'><strong>simile</strong></span> <span class='ocrx_word' id='word_1_429' title='bbox 1440 3350 1636 3407; x_wconf 89' lang='lat' dir='ltr'><strong>passus</strong></span> <span class='ocrx_word' id='word_1_430' title='bbox 1661 3334 1765 3389; x_wconf 89' lang='lat' dir='ltr'><strong>sim</strong></span> <span class='ocrx_word' id='word_1_431' title='bbox 1807 3334 1892 3389; x_wconf 88' lang='lat' dir='ltr'><strong>his</strong></span> <span class='ocrx_word' id='word_1_432' title='bbox 1926 3333 2042 3402; x_wconf 90' lang='lat' dir='ltr'><strong>qui,</strong></span> <span class='ocrx_word' id='word_1_433' title='bbox 2080 3335 2136 3386; x_wconf 89' lang='lat' dir='ltr'><strong>in</strong></span> <span class='ocrx_word' id='word_1_434' title='bbox 2163 3333 2329 3387; x_wconf 86' lang='lat' dir='ltr'><strong>vehe-</strong></span> 
     </span>
    </p>
   </div>
   <div class='ocr_carea' id='block_1_63' title="bbox 756 3425 2333 3502">
    <p class='ocr_par' dir='ltr' id='par_1_63' title="bbox 756 3425 2333 3502">
     <span class='ocr_line' id='line_1_63' title="bbox 756 3425 2333 3502; baseline -0.01 -8"><span class='ocrx_word' id='word_1_435' title='bbox 756 3438 1097 3494; x_wconf 80' lang='lat' dir='ltr'><strong>mentissima</strong></span> <span class='ocrx_word' id='word_1_436' title='bbox 1130 3437 1477 3502; x_wconf 88' lang='lat' dir='ltr'><strong>tempestate,</strong></span> <span class='ocrx_word' id='word_1_437' title='bbox 1530 3428 1778 3483; x_wconf 89' lang='lat' dir='ltr'><strong>biseente</strong></span> <span class='ocrx_word' id='word_1_438' title='bbox 1830 3425 1967 3479; x_wconf 90' lang='lat' dir='ltr'><strong>mari</strong></span> <span class='ocrx_word' id='word_1_439' title='bbox 2008 3425 2333 3495; x_wconf 82' lang='lat' dir='ltr'><strong>deprehensi</strong></span> 
     </span>
    </p>
   </div>
   <div class='ocr_carea' id='block_1_64' title="bbox 754 3516 2336 3595">
    <p class='ocr_par' dir='ltr' id='par_1_64' title="bbox 754 3516 2336 3595">
     <span class='ocr_line' id='line_1_64' title="bbox 754 3516 2336 3595; baseline -0.011 -9"><span class='ocrx_word' id='word_1_440' title='bbox 754 3546 971 3586; x_wconf 87' lang='lat' dir='ltr'><strong>omnetn</strong></span> <span class='ocrx_word' id='word_1_441' title='bbox 1008 3525 1276 3595; x_wconf 78' lang='lat' dir='ltr'><strong>dejiciunt</strong></span> <span class='ocrx_word' id='word_1_442' title='bbox 1318 3536 1470 3592; x_wconf 86' lang='lat' dir='ltr'><strong>spem</strong></span> <span class='ocrx_word' id='word_1_443' title='bbox 1517 3517 1748 3584; x_wconf 90' lang='lat' dir='ltr'><strong>salutis;</strong></span> <span class='ocrx_word' id='word_1_444' title='bbox 1790 3516 1895 3572; x_wconf 91' lang='lat' dir='ltr'><strong>nisi</strong></span> <span class='ocrx_word' id='word_1_445' title='bbox 1942 3516 2071 3585; x_wconf 86' lang='lat' dir='ltr'><strong>quia</strong></span> <span class='ocrx_word' id='word_1_446' title='bbox 2106 3516 2336 3584; x_wconf 87' lang='lat' dir='ltr'><strong>praebuit</strong></span> 
     </span>
    </p>
   </div>
   <div class='ocr_carea' id='block_1_65' title="bbox 755 3607 2334 3692">
    <p class='ocr_par' dir='ltr' id='par_1_65' title="bbox 755 3607 2334 3692">
     <span class='ocr_line' id='line_1_65' title="bbox 755 3607 2334 3692; baseline -0.008 -19"><span class='ocrx_word' id='word_1_447' title='bbox 755 3623 849 3692; x_wconf 82' lang='lat' dir='ltr'><strong>qui</strong></span> <span class='ocrx_word' id='word_1_448' title='bbox 876 3620 1078 3689; x_wconf 87' lang='lat' dir='ltr'><strong>ubique</strong></span> <span class='ocrx_word' id='word_1_449' title='bbox 1121 3616 1283 3671; x_wconf 83' lang='lat' dir='ltr'><strong>adest</strong></span> <span class='ocrx_word' id='word_1_450' title='bbox 1314 3613 1608 3668; x_wconf 79' lang='lat' dir='ltr'><strong>auxiliator</strong></span> <span class='ocrx_word' id='word_1_451' title='bbox 1632 3610 1701 3665; x_wconf 88' lang='lat' dir='ltr'><strong>ad</strong></span> <span class='ocrx_word' id='word_1_452' title='bbox 1738 3624 1799 3664; x_wconf 89' lang='lat' dir='ltr'><strong>se</strong></span> <span class='ocrx_word' id='word_1_453' title='bbox 1835 3608 2034 3673; x_wconf 88' lang='lat' dir='ltr'><strong>redire,</strong></span> <span class='ocrx_word' id='word_1_454' title='bbox 2072 3617 2126 3663; x_wconf 91' lang='lat' dir='ltr'><strong>et</strong></span> <span class='ocrx_word' id='word_1_455' title='bbox 2171 3607 2334 3663; x_wconf 86' lang='lat' dir='ltr'><strong>tidem</strong></span> 
     </span>
    </p>
   </div>
   <div class='ocr_carea' id='block_1_66' title="bbox 759 3701 2336 3780">
    <p class='ocr_par' dir='ltr' id='par_1_66' title="bbox 759 3701 2336 3780">
     <span class='ocr_line' id='line_1_66' title="bbox 759 3701 2336 3780; baseline -0.01 -13"><span class='ocrx_word' id='word_1_456' title='bbox 759 3714 885 3768; x_wconf 65' lang='lat' dir='ltr'><strong>let-it</strong></span> <span class='ocrx_word' id='word_1_457' title='bbox 918 3714 986 3767; x_wconf 87' lang='lat' dir='ltr'><strong>iis</strong></span> <span class='ocrx_word' id='word_1_458' title='bbox 1011 3710 1212 3780; x_wconf 86' lang='lat' dir='ltr'><strong>quibus</strong></span> <span class='ocrx_word' id='word_1_459' title='bbox 1246 3720 1423 3777; x_wconf 82' lang='lat' dir='ltr'><strong>usque</strong></span> <span class='ocrx_word' id='word_1_460' title='bbox 1457 3705 1638 3760; x_wconf 83' lang='lat' dir='ltr'><strong>adhuc</strong></span> <span class='ocrx_word' id='word_1_461' title='bbox 1670 3717 1892 3757; x_wconf 90' lang='lat' dir='ltr'><strong>manum</strong></span> <span class='ocrx_word' id='word_1_462' title='bbox 1925 3702 2119 3755; x_wconf 85' lang='lat' dir='ltr'><strong>fortem</strong></span> <span class='ocrx_word' id='word_1_463' title='bbox 2160 3701 2336 3770; x_wconf 87' lang='lat' dir='ltr'><strong>porri-</strong></span> 
     </span>
    </p>
   </div>
   <div class='ocr_carea' id='block_1_67' title="bbox 758 3794 2334 3877">
    <p class='ocr_par' dir='ltr' id='par_1_67' title="bbox 758 3794 2334 3877">
     <span class='ocr_line' id='line_1_67' title="bbox 758 3794 2334 3877; baseline -0.011 -16"><span class='ocrx_word' id='word_1_464' title='bbox 758 3823 883 3877; x_wconf 62' lang='lat' dir='ltr'><strong>gere</strong></span> <span class='ocrx_word' id='word_1_465' title='bbox 942 3819 1048 3859; x_wconf 90' lang='lat' dir='ltr'><strong>non</strong></span> <span class='ocrx_word' id='word_1_466' title='bbox 1086 3801 1316 3863; x_wconf 85' lang='lat' dir='ltr'><strong>destitit,</strong></span> <span class='ocrx_word' id='word_1_467' title='bbox 1361 3812 1461 3854; x_wconf 90' lang='lat' dir='ltr'><strong>nec</strong></span> <span class='ocrx_word' id='word_1_468' title='bbox 1491 3797 1727 3851; x_wconf 85' lang='lat' dir='ltr'><strong>cessavit</strong></span> <span class='ocrx_word' id='word_1_469' title='bbox 1775 3803 1996 3863; x_wconf 84' lang='lat' dir='ltr'><strong>propter</strong></span> <span class='ocrx_word' id='word_1_470' title='bbox 2044 3794 2334 3847; x_wconf 83' lang='lat' dir='ltr'><strong>inenarra-</strong></span> 
     </span>
    </p>
   </div>
   <div class='ocr_carea' id='block_1_68' title="bbox 759 3885 2336 3955">
    <p class='ocr_par' dir='ltr' id='par_1_68' title="bbox 759 3885 2336 3955">
     <span class='ocr_line' id='line_1_68' title="bbox 759 3885 2336 3955; baseline -0.009 -1"><span class='ocrx_word' id='word_1_471' title='bbox 759 3901 922 3955; x_wconf 83' lang='lat' dir='ltr'><strong>bilem</strong></span> <span class='ocrx_word' id='word_1_472' title='bbox 996 3896 1299 3951; x_wconf 84' lang='lat' dir='ltr'><strong>bonitatem</strong></span> <span class='ocrx_word' id='word_1_473' title='bbox 1348 3892 1417 3946; x_wconf 88' lang='lat' dir='ltr'><strong>de</strong></span> <span class='ocrx_word' id='word_1_474' title='bbox 1471 3888 1785 3945; x_wconf 84' lang='lat' dir='ltr'><strong>innumeris</strong></span> <span class='ocrx_word' id='word_1_475' title='bbox 1832 3897 1884 3943; x_wconf 85' lang='lat' dir='ltr'><strong>et</strong></span> <span class='ocrx_word' id='word_1_476' title='bbox 1940 3885 2336 3955; x_wconf 88' lang='lat' dir='ltr'><strong>multiplicibus</strong></span> 
     </span>
    </p>
   </div>
   <div class='ocr_carea' id='block_1_69' title="bbox 762 3976 2336 4048">
    <p class='ocr_par' dir='ltr' id='par_1_69' title="bbox 762 3976 2336 4048">
     <span class='ocr_line' id='line_1_69' title="bbox 762 3976 2336 4048; baseline -0.012 0"><span class='ocrx_word' id='word_1_477' title='bbox 762 3992 984 4048; x_wconf 85' lang='lat' dir='ltr'><strong>casibus</strong></span> <span class='ocrx_word' id='word_1_478' title='bbox 1016 3986 1315 4043; x_wconf 83' lang='lat' dir='ltr'><strong>Ecclesiam</strong></span> <span class='ocrx_word' id='word_1_479' title='bbox 1384 3996 1565 4037; x_wconf 88' lang='lat' dir='ltr'><strong>suam.</strong></span> <span class='ocrx_word' id='word_1_480' title='bbox 1612 3980 1694 4034; x_wconf 84' lang='lat' dir='ltr'><strong>Ita</strong></span> <span class='ocrx_word' id='word_1_481' title='bbox 1722 3978 1869 4033; x_wconf 87' lang='lat' dir='ltr'><strong>enim</strong></span> <span class='ocrx_word' id='word_1_482' title='bbox 1902 3977 2059 4032; x_wconf 84' lang='lat' dir='ltr'><strong>nobis</strong></span> <span class='ocrx_word' id='word_1_483' title='bbox 2090 3976 2336 4031; x_wconf 89' lang='lat' dir='ltr'><strong>animum</strong></span> 
     </span>
    </p>
   </div>
   <div class='ocr_carea' id='block_1_70' title="bbox 761 4068 2332 4152">
    <p class='ocr_par' dir='ltr' id='par_1_70' title="bbox 761 4068 2332 4152">
     <span class='ocr_line' id='line_1_70' title="bbox 761 4068 2332 4152; baseline -0.011 -14"><span class='ocrx_word' id='word_1_484' title='bbox 761 4078 1154 4152; x_wconf 85' lang='lat' dir='ltr'><strong>recipientibus</strong></span> <span class='ocrx_word' id='word_1_485' title='bbox 1238 4087 1362 4143; x_wconf 84' lang='lat' dir='ltr'><strong>spes</strong></span> <span class='ocrx_word' id='word_1_486' title='bbox 1422 4070 1681 4124; x_wconf 88' lang='lat' dir='ltr'><strong>meliores</strong></span> <span class='ocrx_word' id='word_1_487' title='bbox 1751 4082 2083 4123; x_wconf 83' lang='lat' dir='ltr'><strong>conservare</strong></span> <span class='ocrx_word' id='word_1_488' title='bbox 2145 4068 2332 4136; x_wconf 78' lang='lat' dir='ltr'><strong>cmpit.</strong></span> 
     </span>
    </p>
   </div>
   <div class='ocr_carea' id='block_1_71' title="bbox 760 4156 2337 4237">
    <p class='ocr_par' dir='ltr' id='par_1_71' title="bbox 760 4156 2337 4237">
     <span class='ocr_line' id='line_1_71' title="bbox 760 4156 2337 4237; baseline -0.01 -12"><span class='ocrx_word' id='word_1_489' title='bbox 760 4172 892 4237; x_wconf 75' lang='lat' dir='ltr'><strong>Quae</strong></span> <span class='ocrx_word' id='word_1_490' title='bbox 920 4168 1125 4223; x_wconf 84' lang='lat' dir='ltr'><strong>utinam</strong></span> <span class='ocrx_word' id='word_1_491' title='bbox 1158 4170 1465 4225; x_wconf 84' lang='lat' dir='ltr'><strong>serventur,</strong></span> <span class='ocrx_word' id='word_1_492' title='bbox 1495 4159 1713 4219; x_wconf 72' lang='lat' dir='ltr'><strong>Christe</strong></span> <span class='ocrx_word' id='word_1_493' title='bbox 1746 4156 1997 4212; x_wconf 77' lang='lat' dir='ltr'><strong>Salvator</strong></span> <span class='ocrx_word' id='word_1_494' title='bbox 2025 4172 2200 4222; x_wconf 86' lang='lat' dir='ltr'><strong>meus,</strong></span> <span class='ocrx_word' id='word_1_495' title='bbox 2236 4171 2337 4211; x_wconf 88' lang='lat' dir='ltr'><strong>nec</strong></span> 
     </span>
    </p>
   </div>
   <div class='ocr_carea' id='block_1_72' title="bbox 759 4248 2339 4333">
    <p class='ocr_par' dir='ltr' id='par_1_72' title="bbox 759 4248 2339 4333">
     <span class='ocr_line' id='line_1_72' title="bbox 759 4248 2339 4333; baseline -0.01 -18"><span class='ocrx_word' id='word_1_496' title='bbox 759 4270 981 4333; x_wconf 87' lang='lat' dir='ltr'><strong>propter</strong></span> <span class='ocrx_word' id='word_1_497' title='bbox 1016 4256 1283 4311; x_wconf 83' lang='lat' dir='ltr'><strong>inﬁnitam</strong></span> <span class='ocrx_word' id='word_1_498' title='bbox 1335 4259 1685 4323; x_wconf 88' lang='lat' dir='ltr'><strong>peccatorum</strong></span> <span class='ocrx_word' id='word_1_499' title='bbox 1737 4264 1985 4303; x_wconf 88' lang='lat' dir='ltr'><strong>meorum</strong></span> <span class='ocrx_word' id='word_1_500' title='bbox 2035 4248 2339 4302; x_wconf 82' lang='lat' dir='ltr'><strong>multitudi—</strong></span> 
     </span>
    </p>
   </div>
   <div class='ocr_carea' id='block_1_73' title="bbox 763 4339 2337 4409">
    <p class='ocr_par' dir='ltr' id='par_1_73' title="bbox 763 4339 2337 4409">
     <span class='ocr_line' id='line_1_73' title="bbox 763 4339 2337 4409; baseline -0.008 -4"><span class='ocrx_word' id='word_1_501' title='bbox 763 4366 887 4406; x_wconf 90' lang='lat' dir='ltr'><strong>nem</strong></span> <span class='ocrx_word' id='word_1_502' title='bbox 936 4347 1070 4402; x_wconf 84' lang='lat' dir='ltr'><strong>miht</strong></span> <span class='ocrx_word' id='word_1_503' title='bbox 1105 4354 1162 4399; x_wconf 87' lang='lat' dir='ltr'><strong>et</strong></span> <span class='ocrx_word' id='word_1_504' title='bbox 1214 4352 1420 4399; x_wconf 69' lang='lat' dir='ltr'><strong>sancta</strong></span> <span class='ocrx_word' id='word_1_505' title='bbox 1445 4340 1703 4397; x_wconf 60' lang='lat' dir='ltr'><strong>Ecclesiae</strong></span> <span class='ocrx_word' id='word_1_506' title='bbox 1745 4348 1850 4393; x_wconf 66' lang='lat' dir='ltr'><strong>tua:</strong></span> <span class='ocrx_word' id='word_1_507' title='bbox 1895 4339 2165 4409; x_wconf 81' lang='lat' dir='ltr'><strong>pereant!</strong></span> <span class='ocrx_word' id='word_1_508' title='bbox 2210 4339 2337 4393; x_wconf 69' lang='lat' dir='ltr'><strong>Haec</strong></span> 
     </span>
    </p>
   </div>
   <div class='ocr_carea' id='block_1_74' title="bbox 764 4430 2337 4507">
    <p class='ocr_par' dir='ltr' id='par_1_74' title="bbox 764 4430 2337 4507">
     <span class='ocr_line' id='line_1_74' title="bbox 764 4430 2337 4507; baseline -0.01 -9"><span class='ocrx_word' id='word_1_509' title='bbox 764 4443 881 4507; x_wconf 88' lang='lat' dir='ltr'><strong>tibi,</strong></span> <span class='ocrx_word' id='word_1_510' title='bbox 909 4440 981 4495; x_wconf 84' lang='lat' dir='ltr'><strong>(ili</strong></span> <span class='ocrx_word' id='word_1_511' title='bbox 1013 4438 1106 4505; x_wconf 91' lang='lat' dir='ltr'><strong>mi,</strong></span> <span class='ocrx_word' id='word_1_512' title='bbox 1139 4436 1312 4490; x_wconf 88' lang='lat' dir='ltr'><strong>habeo</strong></span> <span class='ocrx_word' id='word_1_513' title='bbox 1335 4433 1597 4489; x_wconf 85' lang='lat' dir='ltr'><strong>scribere.</strong></span> <span class='ocrx_word' id='word_1_514' title='bbox 1626 4430 1702 4486; x_wconf 90' lang='lat' dir='ltr'><strong>De</strong></span> <span class='ocrx_word' id='word_1_515' title='bbox 1726 4432 1959 4495; x_wconf 64' lang='lat' dir='ltr'><strong>caeteris,</strong></span> <span class='ocrx_word' id='word_1_516' title='bbox 1992 4443 2187 4499; x_wconf 88' lang='lat' dir='ltr'><strong>nempe</strong></span> <span class='ocrx_word' id='word_1_517' title='bbox 2213 4444 2337 4499; x_wconf 80' lang='lat' dir='ltr'><strong>qua:</strong></span> 
     </span>
    </p>
   </div>
   <div class='ocr_carea' id='block_1_75' title="bbox 764 4521 2335 4606">
    <p class='ocr_par' dir='ltr' id='par_1_75' title="bbox 764 4521 2335 4606">
     <span class='ocr_line' id='line_1_75' title="bbox 764 4521 2335 4606; baseline -0.008 -18"><span class='ocrx_word' id='word_1_518' title='bbox 764 4549 932 4606; x_wconf 82' lang='lat' dir='ltr'><strong>penes</strong></span> <span class='ocrx_word' id='word_1_519' title='bbox 958 4539 1087 4588; x_wconf 91' lang='lat' dir='ltr'><strong>sunt</strong></span> <span class='ocrx_word' id='word_1_520' title='bbox 1118 4527 1419 4590; x_wconf 82' lang='lat' dir='ltr'><strong>hominem,</strong></span> <span class='ocrx_word' id='word_1_521' title='bbox 1452 4524 1693 4584; x_wconf 85' lang='lat' dir='ltr'><strong>auxiliis.</strong></span> <span class='ocrx_word' id='word_1_522' title='bbox 1729 4525 1865 4577; x_wconf 86' lang='lat' dir='ltr'><strong>scito</strong></span> <span class='ocrx_word' id='word_1_523' title='bbox 1886 4537 1985 4575; x_wconf 91' lang='lat' dir='ltr'><strong>nos</strong></span> <span class='ocrx_word' id='word_1_524' title='bbox 2006 4521 2062 4574; x_wconf 91' lang='lat' dir='ltr'><strong>in</strong></span> <span class='ocrx_word' id='word_1_525' title='bbox 2090 4529 2335 4575; x_wconf 81' lang='lat' dir='ltr'><strong>extrema</strong></span> 
     </span>
    </p>
   </div>
   <div class='ocr_carea' id='block_1_76' title="bbox 2438 3316 4031 3390">
    <p class='ocr_par' dir='ltr' id='par_1_76' title="bbox 2438 3316 4031 3390">
     <span class='ocr_line' id='line_1_76' title="bbox 2438 3316 4031 3390; baseline -0.008 -11"><span class='ocrx_word' id='word_1_526' title='bbox 2438 3326 2696 3380; x_wconf 74' lang='grc' dir='ltr'>ἔκστασιν</span> <span class='ocrx_word' id='word_1_527' title='bbox 2719 3322 2927 3378; x_wconf 78' lang='grc' dir='ltr'>ἑαυτῶν</span> <span class='ocrx_word' id='word_1_528' title='bbox 2958 3321 3317 3390; x_wconf 80' lang='grc' dir='ltr'>καταστῆναι,</span> <span class='ocrx_word' id='word_1_529' title='bbox 3338 3319 3429 3371; x_wconf 74' lang='grc' dir='ltr'><strong>καὶ</strong></span> <span class='ocrx_word' id='word_1_530' title='bbox 3444 3320 3509 3387; x_wconf 77' lang='grc' dir='ltr'>τῇ</span> <span class='ocrx_word' id='word_1_531' title='bbox 3541 3316 3711 3386; x_wconf 77' lang='grc' dir='ltr'>πολλῇ</span> <span class='ocrx_word' id='word_1_532' title='bbox 3731 3319 3951 3386; x_wconf 70' lang='grc' dir='ltr'>άμηχαιι</span> <span class='ocrx_word' id='word_1_533' title='bbox 3968 3318 3984 3367; x_wconf 85' lang='grc' dir='ltr'><strong>ί</strong></span> <span class='ocrx_word' id='word_1_534' title='bbox 4000 3337 4031 3385; x_wconf 61' lang='grc' dir='ltr'>ξι</span> 
     </span>
    </p>
   </div>
   <div class='ocr_carea' id='block_1_77' title="bbox 2438 3410 4035 3488">
    <p class='ocr_par' dir='ltr' id='par_1_77' title="bbox 2438 3410 4035 3488">
     <span class='ocr_line' id='line_1_77' title="bbox 2438 3410 4035 3488; baseline -0.007 -18"><span class='ocrx_word' id='word_1_535' title='bbox 2438 3417 2624 3488; x_wconf 70' lang='grc' dir='ltr'>ὅμοιόν</span> <span class='ocrx_word' id='word_1_536' title='bbox 2654 3432 2707 3468; x_wconf 90' lang='grc' dir='ltr'><strong>τι</strong></span> <span class='ocrx_word' id='word_1_537' title='bbox 2744 3413 2938 3466; x_wconf 86' lang='grc' dir='ltr'>παθεῖν</span> <span class='ocrx_word' id='word_1_538' title='bbox 2968 3414 3081 3474; x_wconf 88' lang='grc' dir='ltr'>τοῖς</span> <span class='ocrx_word' id='word_1_539' title='bbox 3104 3414 3163 3462; x_wconf 86' lang='grc' dir='ltr'><strong>ἐν</strong></span> <span class='ocrx_word' id='word_1_540' title='bbox 3188 3410 3420 3479; x_wconf 84' lang='grc' dir='ltr'>χειμῶνι</span> <span class='ocrx_word' id='word_1_541' title='bbox 3446 3410 3794 3478; x_wconf 72' lang='grc' dir='ltr'>σφοδροτάτῳ</span> <span class='ocrx_word' id='word_1_542' title='bbox 3824 3411 4035 3477; x_wconf 81' lang='grc' dir='ltr'>ἀχανεῖ</span> 
     </span>
    </p>
   </div>
   <div class='ocr_carea' id='block_1_78' title="bbox 2439 3498 4033 3575">
    <p class='ocr_par' dir='ltr' id='par_1_78' title="bbox 2439 3498 4033 3575">
     <span class='ocr_line' id='line_1_78' title="bbox 2439 3498 4033 3575; baseline -0.005 -15"><span class='ocrx_word' id='word_1_543' title='bbox 2439 3506 2932 3575; x_wconf 80' lang='grc' dir='ltr'>ἐναπειλημμένοις</span> <span class='ocrx_word' id='word_1_544' title='bbox 2963 3503 3217 3569; x_wconf 81' lang='grc' dir='ltr'>πελάγει,</span> <span class='ocrx_word' id='word_1_545' title='bbox 3279 3503 3372 3554; x_wconf 81' lang='grc' dir='ltr'><strong>καὶ</strong></span> <span class='ocrx_word' id='word_1_546' title='bbox 3418 3499 3507 3553; x_wconf 76' lang='grc' dir='ltr'><strong>διὰ</strong></span> <span class='ocrx_word' id='word_1_547' title='bbox 3554 3498 3716 3551; x_wconf 85' lang='grc' dir='ltr'>τοῦτο</span> <span class='ocrx_word' id='word_1_548' title='bbox 3764 3500 4033 3568; x_wconf 60' lang='grc' dir='ltr'>ῥίπτουσι</span> 
     </span>
    </p>
   </div>
   <div class='ocr_carea' id='block_1_79' title="bbox 2441 3590 4034 3666">
    <p class='ocr_par' dir='ltr' id='par_1_79' title="bbox 2441 3590 4034 3666">
     <span class='ocr_line' id='line_1_79' title="bbox 2441 3590 4034 3666; baseline -0.006 -15"><span class='ocrx_word' id='word_1_549' title='bbox 2441 3600 2621 3661; x_wconf 86' lang='grc' dir='ltr'>πάσας</span> <span class='ocrx_word' id='word_1_550' title='bbox 2666 3598 2766 3666; x_wconf 83' lang='grc' dir='ltr'>τῆς</span> <span class='ocrx_word' id='word_1_551' title='bbox 2797 3595 3073 3665; x_wconf 84' lang='grc' dir='ltr'>σωτηρίας</span> <span class='ocrx_word' id='word_1_552' title='bbox 3100 3592 3345 3653; x_wconf 81' lang='grc' dir='ltr'>ἐλπίδας.</span> <span class='ocrx_word' id='word_1_553' title='bbox 3381 3592 3529 3662; x_wconf 82' lang='grc' dir='ltr'>Πλὴν</span> <span class='ocrx_word' id='word_1_554' title='bbox 3553 3592 3635 3644; x_wconf 85' lang='grc' dir='ltr'><strong>ὅτι</strong></span> <span class='ocrx_word' id='word_1_555' title='bbox 3685 3590 3968 3659; x_wconf 80' lang='grc' dir='ltr'>παρέσχεν</span> <span class='ocrx_word' id='word_1_556' title='bbox 4002 3593 4034 3642; x_wconf 80' lang='grc' dir='ltr'>ὁ</span> 
     </span>
    </p>
   </div>
   <div class='ocr_carea' id='block_1_80' title="bbox 2440 3682 4034 3758">
    <p class='ocr_par' dir='ltr' id='par_1_80' title="bbox 2440 3682 4034 3758">
     <span class='ocr_line' id='line_1_80' title="bbox 2440 3682 4034 3758; baseline -0.008 -15"><span class='ocrx_word' id='word_1_557' title='bbox 2440 3690 2670 3743; x_wconf 88' lang='grc' dir='ltr'>πάντοτε</span> <span class='ocrx_word' id='word_1_558' title='bbox 2698 3687 3115 3758; x_wconf 87' lang='grc' dir='ltr'>παριστάμενος</span> <span class='ocrx_word' id='word_1_559' title='bbox 3166 3684 3384 3754; x_wconf 82' lang='grc' dir='ltr'>βοηθὸς,</span> <span class='ocrx_word' id='word_1_560' title='bbox 3420 3683 3515 3736; x_wconf 72' lang='grc' dir='ltr'>καὶ</span> <span class='ocrx_word' id='word_1_561' title='bbox 3536 3683 3854 3749; x_wconf 82' lang='grc' dir='ltr'>ἀνενεγκεῖν</span> <span class='ocrx_word' id='word_1_562' title='bbox 3889 3682 4034 3733; x_wconf 74' lang='grc' dir='ltr'>ἔδω-</span> 
     </span>
    </p>
   </div>
   <div class='ocr_carea' id='block_1_81' title="bbox 2441 3774 4035 3850">
    <p class='ocr_par' dir='ltr' id='par_1_81' title="bbox 2441 3774 4035 3850">
     <span class='ocr_line' id='line_1_81' title="bbox 2441 3774 4035 3850; baseline -0.008 -13"><span class='ocrx_word' id='word_1_563' title='bbox 2441 3801 2535 3837; x_wconf 87' lang='grc' dir='ltr'><strong>κεν</strong></span> <span class='ocrx_word' id='word_1_564' title='bbox 2566 3782 2986 3850; x_wconf 73' lang='grc' dir='ltr'>ἐπιλογίσασθαι</span> <span class='ocrx_word' id='word_1_565' title='bbox 3021 3774 3103 3841; x_wconf 73' lang='grc' dir='ltr'>οἷς</span> <span class='ocrx_word' id='word_1_566' title='bbox 3127 3781 3296 3849; x_wconf 78' lang='grc' dir='ltr'>μέχρι</span> <span class='ocrx_word' id='word_1_567' title='bbox 3340 3781 3433 3831; x_wconf 77' lang='grc' dir='ltr'>καὶ</span> <span class='ocrx_word' id='word_1_568' title='bbox 3465 3775 3559 3830; x_wconf 90' lang='grc' dir='ltr'><strong>νῦν</strong></span> <span class='ocrx_word' id='word_1_569' title='bbox 3588 3777 3649 3829; x_wconf 83' lang='grc' dir='ltr'><strong>οὐ</strong></span> <span class='ocrx_word' id='word_1_570' title='bbox 3676 3775 3888 3828; x_wconf 79' lang='grc' dir='ltr'>διέλιπε</span> <span class='ocrx_word' id='word_1_571' title='bbox 3916 3776 4035 3845; x_wconf 66' lang='grc' dir='ltr'>τὴν</span> 
     </span>
    </p>
   </div>
   <div class='ocr_carea' id='block_1_82' title="bbox 2443 3868 4035 3949">
    <p class='ocr_par' dir='ltr' id='par_1_82' title="bbox 2443 3868 4035 3949">
     <span class='ocr_line' id='line_1_82' title="bbox 2443 3868 4035 3949; baseline -0.008 -18"><span class='ocrx_word' id='word_1_572' title='bbox 2443 3879 2687 3949; x_wconf 79' lang='grc' dir='ltr'>μεγάλην</span> <span class='ocrx_word' id='word_1_573' title='bbox 2724 3877 3012 3945; x_wconf 84' lang='grc' dir='ltr'>ἐπορέγων</span> <span class='ocrx_word' id='word_1_574' title='bbox 3054 3875 3236 3945; x_wconf 88' lang='grc' dir='ltr'>χεῖρα,</span> <span class='ocrx_word' id='word_1_575' title='bbox 3281 3871 3378 3925; x_wconf 77' lang='grc' dir='ltr'>καὶ</span> <span class='ocrx_word' id='word_1_576' title='bbox 3410 3872 3671 3941; x_wconf 81' lang='grc' dir='ltr'>ῥυόμενος</span> <span class='ocrx_word' id='word_1_577' title='bbox 3714 3870 3780 3923; x_wconf 82' lang='grc' dir='ltr'>δι’</span> <span class='ocrx_word' id='word_1_578' title='bbox 3810 3868 4035 3936; x_wconf 78' lang='grc' dir='ltr'>ἄφατον</span> 
     </span>
    </p>
   </div>
   <div class='ocr_carea' id='block_1_83' title="bbox 2440 3962 4035 4041">
    <p class='ocr_par' dir='ltr' id='par_1_83' title="bbox 2440 3962 4035 4041">
     <span class='ocr_line' id='line_1_83' title="bbox 2440 3962 4035 4041; baseline -0.008 -16"><span class='ocrx_word' id='word_1_579' title='bbox 2440 3970 2754 4041; x_wconf 86' lang='grc' dir='ltr'>άγαθότητα</span> <span class='ocrx_word' id='word_1_580' title='bbox 2792 3969 2898 4024; x_wconf 82' lang='grc' dir='ltr'><strong>τῶν</strong></span> <span class='ocrx_word' id='word_1_581' title='bbox 2929 3967 3290 4036; x_wconf 87' lang='grc' dir='ltr'>πολυτρόπων</span> <span class='ocrx_word' id='word_1_582' title='bbox 3346 3965 3441 4017; x_wconf 72' lang='grc' dir='ltr'><strong>καὶ</strong></span> <span class='ocrx_word' id='word_1_583' title='bbox 3481 3962 3880 4032; x_wconf 84' lang='grc' dir='ltr'>πολυμηχάνων</span> <span class='ocrx_word' id='word_1_584' title='bbox 3916 3962 4035 4031; x_wconf 71' lang='grc' dir='ltr'>τὴν</span> 
     </span>
    </p>
   </div>
   <div class='ocr_carea' id='block_1_84' title="bbox 2439 4052 4036 4133">
    <p class='ocr_par' dir='ltr' id='par_1_84' title="bbox 2439 4052 4036 4133">
     <span class='ocr_line' id='line_1_84' title="bbox 2439 4052 4036 4133; baseline -0.006 -18"><span class='ocrx_word' id='word_1_585' title='bbox 2439 4060 2767 4133; x_wconf 81' lang='grc' dir='ltr'>Ἐκκλησίαν</span> <span class='ocrx_word' id='word_1_586' title='bbox 2815 4058 2981 4115; x_wconf 84' lang='grc' dir='ltr'>αὐτοῦ</span> <span class='ocrx_word' id='word_1_587' title='bbox 3018 4058 3418 4129; x_wconf 86' lang='grc' dir='ltr'>περιστάσεων.</span> <span class='ocrx_word' id='word_1_588' title='bbox 3454 4053 3545 4116; x_wconf 81' lang='grc' dir='ltr'><strong>Εἰς</strong></span> <span class='ocrx_word' id='word_1_589' title='bbox 3570 4052 3729 4105; x_wconf 65' lang='grc' dir='ltr'>τοῦτο</span> <span class='ocrx_word' id='word_1_590' title='bbox 3760 4052 3868 4120; x_wconf 83' lang='grc' dir='ltr'>γὰρ</span> <span class='ocrx_word' id='word_1_591' title='bbox 3894 4053 4036 4105; x_wconf 76' lang='grc' dir='ltr'>ἀνε-</span> 
     </span>
    </p>
   </div>
   <div class='ocr_carea' id='block_1_85' title="bbox 2440 4140 4035 4223">
    <p class='ocr_par' dir='ltr' id='par_1_85' title="bbox 2440 4140 4035 4223">
     <span class='ocr_line' id='line_1_85' title="bbox 2440 4140 4035 4223; baseline -0.011 -15"><span class='ocrx_word' id='word_1_592' title='bbox 2440 4152 2728 4223; x_wconf 85' lang='grc' dir='ltr'>νεγκοῦσιν</span> <span class='ocrx_word' id='word_1_593' title='bbox 2760 4153 2895 4221; x_wconf 73' lang='grc' dir='ltr'>ἡμῖν</span> <span class='ocrx_word' id='word_1_594' title='bbox 2933 4150 3032 4212; x_wconf 82' lang='grc' dir='ltr'><strong>τὰς</strong></span> <span class='ocrx_word' id='word_1_595' title='bbox 3070 4146 3445 4218; x_wconf 81' lang='grc' dir='ltr'>χρηστοτέρας</span> <span class='ocrx_word' id='word_1_596' title='bbox 3484 4141 3694 4213; x_wconf 75' lang='grc' dir='ltr'>ὑπῆρξε</span> <span class='ocrx_word' id='word_1_597' title='bbox 3725 4140 4035 4202; x_wconf 74' lang='grc' dir='ltr'>διασώζειν</span> 
     </span>
    </p>
   </div>
   <div class='ocr_carea' id='block_1_86' title="bbox 2440 4232 4035 4311">
    <p class='ocr_par' dir='ltr' id='par_1_86' title="bbox 2440 4232 4035 4311">
     <span class='ocr_line' id='line_1_86' title="bbox 2440 4232 4035 4311; baseline -0.01 -13"><span class='ocrx_word' id='word_1_598' title='bbox 2440 4243 2681 4306; x_wconf 78' lang='grc' dir='ltr'>ἐλπίδας.</span> <span class='ocrx_word' id='word_1_599' title='bbox 2705 4243 2814 4295; x_wconf 78' lang='grc' dir='ltr'>Καὶ</span> <span class='ocrx_word' id='word_1_600' title='bbox 2843 4241 3035 4311; x_wconf 85' lang='grc' dir='ltr'>εἴησαν</span> <span class='ocrx_word' id='word_1_601' title='bbox 3072 4236 3491 4305; x_wconf 80' lang='grc' dir='ltr'>διασωζόμεναι,</span> <span class='ocrx_word' id='word_1_602' title='bbox 3548 4232 3751 4301; x_wconf 83' lang='grc' dir='ltr'>Χριστὲ</span> <span class='ocrx_word' id='word_1_603' title='bbox 3786 4249 3890 4300; x_wconf 77' lang='grc' dir='ltr'><strong>μου</strong></span> <span class='ocrx_word' id='word_1_604' title='bbox 3923 4234 4035 4283; x_wconf 69' lang='grc' dir='ltr'><strong>καὶ</strong></span> 
     </span>
    </p>
   </div>
   <div class='ocr_carea' id='block_1_87' title="bbox 2438 4320 4035 4402">
    <p class='ocr_par' dir='ltr' id='par_1_87' title="bbox 2438 4320 4035 4402">
     <span class='ocr_line' id='line_1_87' title="bbox 2438 4320 4035 4402; baseline -0.01 -15"><span class='ocrx_word' id='word_1_605' title='bbox 2438 4335 2648 4402; x_wconf 84' lang='grc' dir='ltr'>Σῶτερ,</span> <span class='ocrx_word' id='word_1_606' title='bbox 2677 4334 2773 4386; x_wconf 69' lang='grc' dir='ltr'>καὶ</span> <span class='ocrx_word' id='word_1_607' title='bbox 2819 4331 2893 4402; x_wconf 80' lang='grc' dir='ltr'><strong>μὴ</strong></span> <span class='ocrx_word' id='word_1_608' title='bbox 2915 4330 2995 4400; x_wconf 86' lang='grc' dir='ltr'>τῷ</span> <span class='ocrx_word' id='word_1_609' title='bbox 3023 4329 3236 4398; x_wconf 71' lang='grc' dir='ltr'>ἀπείρῳ</span> <span class='ocrx_word' id='word_1_610' title='bbox 3259 4326 3369 4379; x_wconf 80' lang='grc' dir='ltr'>τῶν</span> <span class='ocrx_word' id='word_1_611' title='bbox 3401 4327 3549 4394; x_wconf 87' lang='grc' dir='ltr'>ἐμῶν</span> <span class='ocrx_word' id='word_1_612' title='bbox 3572 4321 3859 4393; x_wconf 81' lang='grc' dir='ltr'>ἁμαρτιῶν</span> <span class='ocrx_word' id='word_1_613' title='bbox 3886 4320 4035 4391; x_wconf 76' lang='grc' dir='ltr'>πλή-</span> 
     </span>
    </p>
   </div>
   <div class='ocr_carea' id='block_1_88' title="bbox 2440 4411 4035 4495">
    <p class='ocr_par' dir='ltr' id='par_1_88' title="bbox 2440 4411 4035 4495">
     <span class='ocr_line' id='line_1_88' title="bbox 2440 4411 4035 4495; baseline -0.011 -17"><span class='ocrx_word' id='word_1_614' title='bbox 2440 4425 2522 4478; x_wconf 87' lang='grc' dir='ltr'><strong>θει</strong></span> <span class='ocrx_word' id='word_1_615' title='bbox 2546 4425 2681 4495; x_wconf 78' lang='grc' dir='ltr'>ἡμῖν</span> <span class='ocrx_word' id='word_1_616' title='bbox 2709 4440 2768 4475; x_wconf 88' lang='grc' dir='ltr'><strong>τε</strong></span> <span class='ocrx_word' id='word_1_617' title='bbox 2809 4423 2902 4474; x_wconf 81' lang='grc' dir='ltr'><strong>καὶ</strong></span> <span class='ocrx_word' id='word_1_618' title='bbox 2929 4424 2996 4492; x_wconf 82' lang='grc' dir='ltr'><strong>τῇ</strong></span> <span class='ocrx_word' id='word_1_619' title='bbox 3029 4424 3095 4490; x_wconf 79' lang='grc' dir='ltr'>σῇ</span> <span class='ocrx_word' id='word_1_620' title='bbox 3126 4419 3259 4489; x_wconf 74' lang='grc' dir='ltr'>ἁγίᾳ</span> <span class='ocrx_word' id='word_1_621' title='bbox 3285 4416 3675 4470; x_wconf 86' lang='grc' dir='ltr'>διαπίπτουσαι</span> <span class='ocrx_word' id='word_1_622' title='bbox 3726 4411 4035 4482; x_wconf 73' lang='grc' dir='ltr'>ἐκκλησίᾳ.</span> 
     </span>
    </p>
   </div>
   <div class='ocr_carea' id='block_1_89' title="bbox 2442 4502 4041 4578">
    <p class='ocr_par' dir='ltr' id='par_1_89' title="bbox 2442 4502 4041 4578">
     <span class='ocr_line' id='line_1_89' title="bbox 2442 4502 4041 4578; baseline -0.007 -14"><span class='ocrx_word' id='word_1_623' title='bbox 2442 4511 2629 4565; x_wconf 90' lang='grc' dir='ltr'>Ταῦτά</span> <span class='ocrx_word' id='word_1_624' title='bbox 2656 4527 2759 4577; x_wconf 92' lang='grc' dir='ltr'>σοι,</span> <span class='ocrx_word' id='word_1_625' title='bbox 2799 4511 2992 4563; x_wconf 84' lang='grc' dir='ltr'>τέκνον</span> <span class='ocrx_word' id='word_1_626' title='bbox 3026 4508 3204 4578; x_wconf 83' lang='grc' dir='ltr'>ἡμῶν,</span> <span class='ocrx_word' id='word_1_627' title='bbox 3233 4506 3469 4574; x_wconf 79' lang='grc' dir='ltr'>γράφειν</span> <span class='ocrx_word' id='word_1_628' title='bbox 3494 4503 3623 4572; x_wconf 71' lang='grc' dir='ltr'>ἔχω.</span> <span class='ocrx_word' id='word_1_629' title='bbox 3664 4503 3801 4571; x_wconf 72' lang='grc' dir='ltr'>Περὶ</span> <span class='ocrx_word' id='word_1_630' title='bbox 3829 4502 3887 4554; x_wconf 78' lang='grc' dir='ltr'>δὲ</span> <span class='ocrx_word' id='word_1_631' title='bbox 3919 4502 4041 4569; x_wconf 74' lang='grc' dir='ltr'>τῆς</span> 
     </span>
    </p>
   </div>
   <div class='ocr_carea' id='block_1_90' title="bbox 766 4586 2329 4697">
    <p class='ocr_par' dir='ltr' id='par_1_90' title="bbox 766 4586 2329 4697">
     <span class='ocr_line' id='line_1_90' title="bbox 766 4586 2329 4697; baseline -0.009 -15"><span class='ocrx_word' id='word_1_632' title='bbox 766 4586 1014 4697; x_wconf 60' lang='lat' dir='ltr'><strong>angustia</strong></span> <span class='ocrx_word' id='word_1_633' title='bbox 1052 4620 1281 4685; x_wconf 81' lang='lat' dir='ltr'><strong>versari,</strong></span> <span class='ocrx_word' id='word_1_634' title='bbox 1331 4632 1513 4687; x_wconf 87' lang='lat' dir='ltr'><strong>neque</strong></span> <span class='ocrx_word' id='word_1_635' title='bbox 1552 4616 1718 4669; x_wconf 90' lang='lat' dir='ltr'><strong>ullam</strong></span> <span class='ocrx_word' id='word_1_636' title='bbox 1761 4615 1852 4669; x_wconf 86' lang='lat' dir='ltr'><strong>hic</strong></span> <span class='ocrx_word' id='word_1_637' title='bbox 1891 4621 1989 4667; x_wconf 91' lang='lat' dir='ltr'><strong>aut</strong></span> <span class='ocrx_word' id='word_1_638' title='bbox 2026 4612 2137 4668; x_wconf 87' lang='lat' dir='ltr'><strong>illic</strong></span> <span class='ocrx_word' id='word_1_639' title='bbox 2179 4626 2329 4682; x_wconf 83' lang='lat' dir='ltr'><strong>opem</strong></span> 
     </span>
    </p>
   </div>
   <div class='ocr_carea' id='block_1_91' title="bbox 2435 4586 4049 4697">
    <p class='ocr_par' dir='ltr' id='par_1_91' title="bbox 2442 4591 4049 4675">
     <span class='ocr_line' id='line_1_91' title="bbox 2442 4591 4049 4675; baseline -0.01 -17"><span class='ocrx_word' id='word_1_640' title='bbox 2442 4604 2630 4675; x_wconf 79' lang='grc' dir='ltr'>ἄλλης,</span> <span class='ocrx_word' id='word_1_641' title='bbox 2655 4604 2756 4656; x_wconf 86' lang='grc' dir='ltr'>ὅσα</span> <span class='ocrx_word' id='word_1_642' title='bbox 2790 4618 2855 4669; x_wconf 88' lang='grc' dir='ltr'><strong>γε</strong></span> <span class='ocrx_word' id='word_1_643' title='bbox 2894 4601 2967 4653; x_wconf 84' lang='grc' dir='ltr'>τὰ</span> <span class='ocrx_word' id='word_1_644' title='bbox 2999 4596 3344 4669; x_wconf 84' lang='grc' dir='ltr'>ἀνθρώπινα,</span> <span class='ocrx_word' id='word_1_645' title='bbox 3396 4592 3650 4664; x_wconf 86' lang='grc' dir='ltr'>βοηθείας</span> <span class='ocrx_word' id='word_1_646' title='bbox 3682 4591 3793 4643; x_wconf 81' lang='grc' dir='ltr'>ῖσθι</span> <span class='ocrx_word' id='word_1_647' title='bbox 3828 4594 3886 4643; x_wconf 83' lang='grc' dir='ltr'><strong>ἐν</strong></span> <span class='ocrx_word' id='word_1_648' title='bbox 3938 4594 4049 4643; x_wconf 59' lang='grc' dir='ltr'>ἐσσι</span> 
     </span>
    </p>
   </div>
   <div class='ocr_carea' id='block_1_92' title="bbox 766 4705 2341 4789">
    <p class='ocr_par' dir='ltr' id='par_1_92' title="bbox 766 4705 2341 4789">
     <span class='ocr_line' id='line_1_92' title="bbox 766 4705 2341 4789; baseline -0.011 -13"><span class='ocrx_word' id='word_1_649' title='bbox 766 4726 909 4777; x_wconf 85' lang='lat' dir='ltr'><strong>terre</strong></span> <span class='ocrx_word' id='word_1_650' title='bbox 947 4730 1128 4789; x_wconf 87' lang='lat' dir='ltr'><strong>posse.</strong></span> <span class='ocrx_word' id='word_1_651' title='bbox 1160 4711 1351 4768; x_wconf 89' lang='lat' dir='ltr'><strong>Potius</strong></span> <span class='ocrx_word' id='word_1_652' title='bbox 1403 4710 1570 4779; x_wconf 78' lang='lat' dir='ltr'><strong>igitur</strong></span> <span class='ocrx_word' id='word_1_653' title='bbox 1598 4722 1687 4763; x_wconf 88' lang='lat' dir='ltr'><strong>res</strong></span> <span class='ocrx_word' id='word_1_654' title='bbox 1712 4712 2017 4777; x_wconf 81' lang='lat' dir='ltr'><strong>exposcunt</strong></span> <span class='ocrx_word' id='word_1_655' title='bbox 2049 4714 2107 4760; x_wconf 93' lang='lat' dir='ltr'><strong>ut</strong></span> <span class='ocrx_word' id='word_1_656' title='bbox 2143 4714 2194 4760; x_wconf 90' lang='lat' dir='ltr'><strong>te</strong></span> <span class='ocrx_word' id='word_1_657' title='bbox 2230 4705 2341 4760; x_wconf 88' lang='lat' dir='ltr'><strong>cito</strong></span> 
     </span>
    </p>
   </div>
   <div class='ocr_carea' id='block_1_93' title="bbox 767 4796 2341 4878">
    <p class='ocr_par' dir='ltr' id='par_1_93' title="bbox 767 4796 2341 4878">
     <span class='ocr_line' id='line_1_93' title="bbox 767 4796 2341 4878; baseline -0.012 -9"><span class='ocrx_word' id='word_1_658' title='bbox 767 4817 833 4870; x_wconf 81' lang='lat' dir='ltr'><strong>ad</strong></span> <span class='ocrx_word' id='word_1_659' title='bbox 866 4828 965 4867; x_wconf 90' lang='lat' dir='ltr'><strong>nos</strong></span> <span class='ocrx_word' id='word_1_660' title='bbox 993 4808 1261 4878; x_wconf 89' lang='lat' dir='ltr'><strong>recipias;</strong></span> <span class='ocrx_word' id='word_1_661' title='bbox 1299 4803 1542 4874; x_wconf 87' lang='lat' dir='ltr'><strong>illudque</strong></span> <span class='ocrx_word' id='word_1_662' title='bbox 1567 4800 1687 4856; x_wconf 86' lang='lat' dir='ltr'><strong>sine</strong></span> <span class='ocrx_word' id='word_1_663' title='bbox 1712 4802 1820 4853; x_wconf 90' lang='lat' dir='ltr'><strong>ulla</strong></span> <span class='ocrx_word' id='word_1_664' title='bbox 1849 4813 2001 4853; x_wconf 90' lang='lat' dir='ltr'><strong>mora</strong></span> <span class='ocrx_word' id='word_1_665' title='bbox 2030 4796 2341 4852; x_wconf 84' lang='lat' dir='ltr'><strong>Iactendum</strong></span> 
     </span>
    </p>
   </div>
   <div class='ocr_carea' id='block_1_94' title="bbox 766 4889 2342 4966">
    <p class='ocr_par' dir='ltr' id='par_1_94' title="bbox 766 4889 2342 4966">
     <span class='ocr_line' id='line_1_94' title="bbox 766 4889 2342 4966; baseline -0.001 -22"><span class='ocrx_word' id='word_1_666' title='bbox 766 4916 871 4963; x_wconf 64' lang='grc' dir='ltr'><strong>εει,</strong></span> <span class='ocrx_word' id='word_1_667' title='bbox 909 4900 1169 4961; x_wconf 63' lang='lat' dir='ltr'><strong>“enim,</strong></span> <span class='ocrx_word' id='word_1_668' title='bbox 1195 4898 1243 4952; x_wconf 89' lang='lat' dir='ltr'><strong>si</strong></span> <span class='ocrx_word' id='word_1_669' title='bbox 1281 4896 1412 4966; x_wconf 91' lang='lat' dir='ltr'><strong>quid</strong></span> <span class='ocrx_word' id='word_1_670' title='bbox 1436 4894 1602 4960; x_wconf 87' lang='lat' dir='ltr'><strong>aliud,</strong></span> <span class='ocrx_word' id='word_1_671' title='bbox 1630 4891 1797 4948; x_wconf 83' lang='lat' dir='ltr'><strong>rebus</strong></span> <span class='ocrx_word' id='word_1_672' title='bbox 1830 4892 1935 4945; x_wconf 90' lang='lat' dir='ltr'><strong>erit</strong></span> <span class='ocrx_word' id='word_1_673' title='bbox 1963 4889 2342 4951; x_wconf 88' lang='lat' dir='ltr'><strong>utilissimum.</strong></span> 
     </span>
    </p>
   </div>
   <div class='ocr_carea' id='block_1_95' title="bbox 768 4986 2345 5056">
    <p class='ocr_par' dir='ltr' id='par_1_95' title="bbox 768 4986 2345 5056">
     <span class='ocr_line' id='line_1_95' title="bbox 768 4986 2345 5056; baseline -0.013 -1"><span class='ocrx_word' id='word_1_674' title='bbox 768 5001 977 5055; x_wconf 78' lang='lat' dir='ltr'><strong>scilicet</strong></span> <span class='ocrx_word' id='word_1_675' title='bbox 1008 5008 1114 5050; x_wconf 87' lang='lat' dir='ltr'><strong>una</strong></span> <span class='ocrx_word' id='word_1_676' title='bbox 1140 5005 1282 5056; x_wconf 89' lang='lat' dir='ltr'><strong>esse,</strong></span> <span class='ocrx_word' id='word_1_677' title='bbox 1313 4998 1373 5044; x_wconf 91' lang='lat' dir='ltr'><strong>ut</strong></span> <span class='ocrx_word' id='word_1_678' title='bbox 1400 4997 1604 5051; x_wconf 88' lang='lat' dir='ltr'><strong>mente,</strong></span> <span class='ocrx_word' id='word_1_679' title='bbox 1634 4986 1705 5040; x_wconf 87' lang='lat' dir='ltr'><strong>ita</strong></span> <span class='ocrx_word' id='word_1_680' title='bbox 1740 4992 1794 5040; x_wconf 90' lang='lat' dir='ltr'><strong>et</strong></span> <span class='ocrx_word' id='word_1_681' title='bbox 1831 4998 2065 5053; x_wconf 89' lang='lat' dir='ltr'><strong>corpore</strong></span> <span class='ocrx_word' id='word_1_682' title='bbox 2098 5000 2112 5036; x_wconf 90' lang='lat'><strong>:</strong></span> <span class='ocrx_word' id='word_1_683' title='bbox 2145 4991 2345 5038; x_wconf 66' lang='lat' dir='ltr'><strong>cetera</strong></span> 
     </span>
    </p>
   </div>
   <div class='ocr_carea' id='block_1_96' title="bbox 770 5074 2343 5159">
    <p class='ocr_par' dir='ltr' id='par_1_96' title="bbox 770 5074 2343 5159">
     <span class='ocr_line' id='line_1_96' title="bbox 770 5074 2343 5159; baseline -0.012 -12"><span class='ocrx_word' id='word_1_684' title='bbox 770 5104 951 5147; x_wconf 89' lang='lat' dir='ltr'><strong>autem</strong></span> <span class='ocrx_word' id='word_1_685' title='bbox 1002 5094 1167 5159; x_wconf 90' lang='lat' dir='ltr'><strong>prout</strong></span> <span class='ocrx_word' id='word_1_686' title='bbox 1226 5097 1437 5152; x_wconf 73' lang='lat' dir='ltr'><strong>magna:</strong></span> <span class='ocrx_word' id='word_1_687' title='bbox 1478 5089 1534 5135; x_wconf 90' lang='lat' dir='ltr'><strong>et</strong></span> <span class='ocrx_word' id='word_1_688' title='bbox 1576 5076 1940 5147; x_wconf 80' lang='lat' dir='ltr'><strong>investigabili</strong></span> <span class='ocrx_word' id='word_1_689' title='bbox 1987 5075 2191 5130; x_wconf 86' lang='lat' dir='ltr'><strong>Christi</strong></span> <span class='ocrx_word' id='word_1_690' title='bbox 2244 5074 2343 5129; x_wconf 84' lang='lat' dir='ltr'><strong>Dei</strong></span> 
     </span>
    </p>
   </div>
   <div class='ocr_carea' id='block_1_97' title="bbox 773 5166 2342 5250">
    <p class='ocr_par' dir='ltr' id='par_1_97' title="bbox 773 5166 2342 5250">
     <span class='ocr_line' id='line_1_97' title="bbox 773 5166 2342 5250; baseline -0.013 -10"><span class='ocrx_word' id='word_1_691' title='bbox 773 5182 946 5240; x_wconf 90' lang='lat' dir='ltr'><strong>nostri</strong></span> <span class='ocrx_word' id='word_1_692' title='bbox 985 5176 1264 5250; x_wconf 61' lang='lat' dir='ltr'><strong>sapientia</strong></span> <span class='ocrx_word' id='word_1_693' title='bbox 1292 5176 1583 5245; x_wconf 89' lang='lat' dir='ltr'><strong>disponere</strong></span> <span class='ocrx_word' id='word_1_694' title='bbox 1608 5171 1786 5226; x_wconf 81' lang='lat' dir='ltr'><strong>visum</strong></span> <span class='ocrx_word' id='word_1_695' title='bbox 1822 5169 2010 5224; x_wconf 77' lang='lat' dir='ltr'><strong>fuerit.</strong></span> <span class='ocrx_word' id='word_1_696' title='bbox 2044 5168 2173 5222; x_wconf 80' lang='lat' dir='ltr'><strong>Vale</strong></span> <span class='ocrx_word' id='word_1_697' title='bbox 2205 5166 2342 5235; x_wconf 87' lang='lat' dir='ltr'><strong>jam,</strong></span> 
     </span>
    </p>
   </div>
   <div class='ocr_carea' id='block_1_98' title="bbox 772 5260 2349 5334">
    <p class='ocr_par' dir='ltr' id='par_1_98' title="bbox 772 5260 2349 5334">
     <span class='ocr_line' id='line_1_98' title="bbox 772 5260 2349 5334; baseline -0.011 -2"><span class='ocrx_word' id='word_1_698' title='bbox 772 5279 848 5333; x_wconf 86' lang='lat' dir='ltr'><strong>tili</strong></span> <span class='ocrx_word' id='word_1_699' title='bbox 886 5275 962 5331; x_wconf 90' lang='lat' dir='ltr'><strong>mi</strong></span> <span class='ocrx_word' id='word_1_700' title='bbox 1001 5270 1393 5334; x_wconf 87' lang='lat' dir='ltr'><strong>sacratissime,</strong></span> <span class='ocrx_word' id='word_1_701' title='bbox 1425 5269 1494 5321; x_wconf 88' lang='lat' dir='ltr'><strong>ab</strong></span> <span class='ocrx_word' id='word_1_702' title='bbox 1536 5266 1687 5320; x_wconf 89' lang='lat' dir='ltr'><strong>omni</strong></span> <span class='ocrx_word' id='word_1_703' title='bbox 1728 5263 2037 5318; x_wconf 85' lang='lat' dir='ltr'><strong>calamitate</strong></span> <span class='ocrx_word' id='word_1_704' title='bbox 2067 5269 2181 5315; x_wconf 91' lang='lat' dir='ltr'><strong>tum</strong></span> <span class='ocrx_word' id='word_1_705' title='bbox 2215 5260 2349 5316; x_wconf 79' lang='lat' dir='ltr'><strong>visi-</strong></span> 
     </span>
    </p>
   </div>
   <div class='ocr_carea' id='block_1_99' title="bbox 781 5355 1949 5433">
    <p class='ocr_par' dir='ltr' id='par_1_99' title="bbox 781 5355 1949 5433">
     <span class='ocr_line' id='line_1_99' title="bbox 781 5355 1949 5433; baseline -0.013 -11"><span class='ocrx_word' id='word_1_706' title='bbox 781 5369 873 5433; x_wconf 70' lang='lat' dir='ltr'><strong>bili</strong></span> <span class='ocrx_word' id='word_1_707' title='bbox 898 5378 1009 5421; x_wconf 92' lang='lat' dir='ltr'><strong>tum</strong></span> <span class='ocrx_word' id='word_1_708' title='bbox 1042 5361 1298 5418; x_wconf 78' lang='lat' dir='ltr'><strong>invisibili</strong></span> <span class='ocrx_word' id='word_1_709' title='bbox 1319 5358 1520 5415; x_wconf 85' lang='lat' dir='ltr'><strong>divinis</strong></span> <span class='ocrx_word' id='word_1_710' title='bbox 1552 5357 1653 5412; x_wconf 90' lang='lat' dir='ltr'><strong>alis</strong></span> <span class='ocrx_word' id='word_1_711' title='bbox 1679 5355 1949 5410; x_wconf 89' lang='lat' dir='ltr'><strong>obtectus.</strong></span> 
     </span>
    </p>
   </div>
   <div class='ocr_carea' id='block_1_100' title="bbox 2443 4680 4047 4769">
    <p class='ocr_par' dir='ltr' id='par_1_100' title="bbox 2443 4680 4047 4769">
     <span class='ocr_line' id='line_1_100' title="bbox 2443 4680 4047 4769; baseline -0.011 -17"><span class='ocrx_word' id='word_1_712' title='bbox 2443 4698 2584 4769; x_wconf 80' lang='grc' dir='ltr'>χάτῃ</span> <span class='ocrx_word' id='word_1_713' title='bbox 2602 4696 2763 4757; x_wconf 75' lang='grc' dir='ltr'>ὄντας</span> <span class='ocrx_word' id='word_1_714' title='bbox 2791 4692 2993 4764; x_wconf 80' lang='grc' dir='ltr'>ἀπορίᾳ</span> <span class='ocrx_word' id='word_1_715' title='bbox 3019 4691 3113 4744; x_wconf 76' lang='grc' dir='ltr'>καὶ</span> <span class='ocrx_word' id='word_1_716' title='bbox 3137 4688 3263 4742; x_wconf 79' lang='grc' dir='ltr'>οὔτε</span> <span class='ocrx_word' id='word_1_717' title='bbox 3290 4688 3403 4749; x_wconf 87' lang='grc' dir='ltr'>τοῖς</span> <span class='ocrx_word' id='word_1_718' title='bbox 3427 4682 3616 4737; x_wconf 83' lang='grc' dir='ltr'>αὐτόθι</span> <span class='ocrx_word' id='word_1_719' title='bbox 3645 4680 3924 4769; x_wconf 64' lang='grc' dir='ltr'>ἐπαμῦναι</span> <span class='ocrx_word' id='word_1_720' title='bbox 3952 4698 4047 4741; x_wconf 77' lang='grc' dir='ltr'>τι.</span> 
     </span>
    </p>
   </div>
   <div class='ocr_carea' id='block_1_101' title="bbox 2445 4765 4054 4847">
    <p class='ocr_par' dir='ltr' id='par_1_101' title="bbox 2445 4765 4054 4847">
     <span class='ocr_line' id='line_1_101' title="bbox 2445 4765 4054 4847; baseline -0.01 -9"><span class='ocrx_word' id='word_1_721' title='bbox 2445 4765 2583 4839; x_wconf 68' lang='grc' dir='ltr'><strong>ὂοτέ</strong></span> <span class='ocrx_word' id='word_1_722' title='bbox 2615 4786 2729 4846; x_wconf 84' lang='grc' dir='ltr'>τοῖς</span> <span class='ocrx_word' id='word_1_723' title='bbox 2759 4780 2994 4834; x_wconf 80' lang='grc' dir='ltr'>ἐνταῦθά</span> <span class='ocrx_word' id='word_1_724' title='bbox 3020 4781 3171 4832; x_wconf 76' lang='grc' dir='ltr'>ἐστιν</span> <span class='ocrx_word' id='word_1_725' title='bbox 3207 4776 3381 4847; x_wconf 87' lang='grc' dir='ltr'>ἰσχύς.</span> <span class='ocrx_word' id='word_1_726' title='bbox 3412 4772 3631 4828; x_wconf 78' lang='grc' dir='ltr'>Μᾶλλον</span> <span class='ocrx_word' id='word_1_727' title='bbox 3663 4770 3764 4841; x_wconf 79' lang='grc' dir='ltr'><strong>μὲν</strong></span> <span class='ocrx_word' id='word_1_728' title='bbox 3806 4765 3902 4822; x_wconf 82' lang='grc' dir='ltr'><strong>οὖν</strong></span> <span class='ocrx_word' id='word_1_729' title='bbox 3932 4772 4054 4824; x_wconf 75' lang='grc' dir='ltr'>καὶ</span> 
     </span>
    </p>
   </div>
   <div class='ocr_carea' id='block_1_102' title="bbox 2449 4862 4055 4947">
    <p class='ocr_par' dir='ltr' id='par_1_102' title="bbox 2449 4862 4055 4947">
     <span class='ocr_line' id='line_1_102' title="bbox 2449 4862 4055 4947; baseline -0.01 -15"><span class='ocrx_word' id='word_1_730' title='bbox 2449 4877 2510 4932; x_wconf 83' lang='grc' dir='ltr'><strong>σέ</strong></span> <span class='ocrx_word' id='word_1_731' title='bbox 2556 4876 2627 4930; x_wconf 85' lang='grc' dir='ltr'>τὰ</span> <span class='ocrx_word' id='word_1_732' title='bbox 2657 4876 2961 4947; x_wconf 85' lang='grc' dir='ltr'>πράγματα</span> <span class='ocrx_word' id='word_1_733' title='bbox 3000 4871 3251 4941; x_wconf 74' lang='grc' dir='ltr'>ἐπιζητεῖ</span> <span class='ocrx_word' id='word_1_734' title='bbox 3304 4867 3394 4921; x_wconf 84' lang='grc' dir='ltr'><strong>διά</strong></span> <span class='ocrx_word' id='word_1_735' title='bbox 3439 4866 3641 4937; x_wconf 85' lang='grc' dir='ltr'>τάχους</span> <span class='ocrx_word' id='word_1_736' title='bbox 3691 4862 4055 4917; x_wconf 79' lang='grc' dir='ltr'>καταλαϐεῖν</span> 
     </span>
    </p>
   </div>
   <div class='ocr_carea' id='block_1_103' title="bbox 2451 4955 4056 5044">
    <p class='ocr_par' dir='ltr' id='par_1_103' title="bbox 2451 4955 4056 5044">
     <span class='ocr_line' id='line_1_103' title="bbox 2451 4955 4056 5044; baseline -0.015 -17"><span class='ocrx_word' id='word_1_737' title='bbox 2451 4973 2588 5044; x_wconf 85' lang='grc' dir='ltr'>πρὸς</span> <span class='ocrx_word' id='word_1_738' title='bbox 2615 4972 2783 5042; x_wconf 81' lang='grc' dir='ltr'>ἡμᾶς,</span> <span class='ocrx_word' id='word_1_739' title='bbox 2816 4969 2912 5023; x_wconf 73' lang='grc' dir='ltr'><strong>καὶ</strong></span> <span class='ocrx_word' id='word_1_740' title='bbox 2952 4965 3110 5020; x_wconf 87' lang='grc' dir='ltr'>τοῦτο</span> <span class='ocrx_word' id='word_1_741' title='bbox 3134 4963 3259 5034; x_wconf 86' lang='grc' dir='ltr'>δίχα</span> <span class='ocrx_word' id='word_1_742' title='bbox 3293 4961 3480 5031; x_wconf 87' lang='grc' dir='ltr'>πάσης</span> <span class='ocrx_word' id='word_1_743' title='bbox 3510 4956 3781 5026; x_wconf 82' lang='grc' dir='ltr'>ἀναϐολῆς</span> <span class='ocrx_word' id='word_1_744' title='bbox 3825 4955 3910 5006; x_wconf 86' lang='grc' dir='ltr'><strong>δεῖ</strong></span> <span class='ocrx_word' id='word_1_745' title='bbox 3939 4971 4056 5022; x_wconf 76' lang='grc' dir='ltr'>γε-</span> 
     </span>
    </p>
   </div>
   <div class='ocr_carea' id='block_1_104' title="bbox 2452 5049 4061 5128">
    <p class='ocr_par' dir='ltr' id='par_1_104' title="bbox 2452 5049 4061 5128">
     <span class='ocr_line' id='line_1_104' title="bbox 2452 5049 4061 5128; baseline -0.011 -11"><span class='ocrx_word' id='word_1_746' title='bbox 2452 5064 2662 5117; x_wconf 84' lang='grc' dir='ltr'>νέσθαι.</span> <span class='ocrx_word' id='word_1_747' title='bbox 2708 5061 2884 5115; x_wconf 87' lang='grc' dir='ltr'>Τοῦτο</span> <span class='ocrx_word' id='word_1_748' title='bbox 2933 5059 3043 5128; x_wconf 87' lang='grc' dir='ltr'>γὰρ</span> <span class='ocrx_word' id='word_1_749' title='bbox 3092 5057 3255 5126; x_wconf 78' lang='grc' dir='ltr'>εἴπερ</span> <span class='ocrx_word' id='word_1_750' title='bbox 3297 5072 3352 5106; x_wconf 86' lang='grc' dir='ltr'><strong>τι</strong></span> <span class='ocrx_word' id='word_1_751' title='bbox 3394 5051 3524 5106; x_wconf 78' lang='grc' dir='ltr'>ἄλλο</span> <span class='ocrx_word' id='word_1_752' title='bbox 3556 5051 3669 5111; x_wconf 85' lang='grc' dir='ltr'>τοῖς</span> <span class='ocrx_word' id='word_1_753' title='bbox 3708 5049 4061 5116; x_wconf 83' lang='grc' dir='ltr'>πράγμασιν</span> 
     </span>
    </p>
   </div>
   <div class='ocr_carea' id='block_1_105' title="bbox 2453 5139 4062 5229">
    <p class='ocr_par' dir='ltr' id='par_1_105' title="bbox 2453 5139 4062 5229">
     <span class='ocr_line' id='line_1_105' title="bbox 2453 5139 4062 5229; baseline -0.015 -16"><span class='ocrx_word' id='word_1_754' title='bbox 2453 5157 2899 5229; x_wconf 71' lang='grc' dir='ltr'>ὠφελιμώτατον,</span> <span class='ocrx_word' id='word_1_755' title='bbox 2921 5150 3237 5221; x_wconf 81' lang='grc' dir='ltr'>ἡνωμένους</span> <span class='ocrx_word' id='word_1_756' title='bbox 3258 5143 3399 5201; x_wconf 73' lang='grc' dir='ltr'>εἶναι</span> <span class='ocrx_word' id='word_1_757' title='bbox 3421 5143 3608 5212; x_wconf 83' lang='grc' dir='ltr'>ὥσπερ</span> <span class='ocrx_word' id='word_1_758' title='bbox 3630 5141 3708 5210; x_wconf 85' lang='grc' dir='ltr'>τῷ</span> <span class='ocrx_word' id='word_1_759' title='bbox 3728 5139 3866 5193; x_wconf 82' lang='grc' dir='ltr'>πνεύ</span> <span class='ocrx_word' id='word_1_760' title='bbox 3876 5154 4000 5208; x_wconf 84' lang='grc' dir='ltr'><strong>ματ</strong></span> <span class='ocrx_word' id='word_1_761' title='bbox 4015 5161 4029 5189; x_wconf 88' lang='lat'><strong>-.</strong></span> <span class='ocrx_word' id='word_1_762' title='bbox 4046 5180 4062 5201; x_wconf 84' lang='lat'><strong>,</strong></span> 
     </span>
    </p>
   </div>
   <div class='ocr_carea' id='block_1_106' title="bbox 2454 5228 4070 5316">
    <p class='ocr_par' dir='ltr' id='par_1_106' title="bbox 2454 5228 4070 5316">
     <span class='ocr_line' id='line_1_106' title="bbox 2454 5228 4070 5316; baseline -0.017 -10"><span class='ocrx_word' id='word_1_763' title='bbox 2454 5252 2598 5306; x_wconf 77' lang='grc' dir='ltr'>οὕτω</span> <span class='ocrx_word' id='word_1_764' title='bbox 2626 5249 2718 5302; x_wconf 79' lang='grc' dir='ltr'><strong>καὶ</strong></span> <span class='ocrx_word' id='word_1_765' title='bbox 2754 5247 2831 5316; x_wconf 84' lang='grc' dir='ltr'>τῷ</span> <span class='ocrx_word' id='word_1_766' title='bbox 2869 5245 3107 5314; x_wconf 86' lang='grc' dir='ltr'>σώματι,</span> <span class='ocrx_word' id='word_1_767' title='bbox 3146 5241 3239 5294; x_wconf 76' lang='grc' dir='ltr'><strong>καὶ</strong></span> <span class='ocrx_word' id='word_1_768' title='bbox 3272 5238 3332 5292; x_wconf 79' lang='grc' dir='ltr'>τὸ</span> <span class='ocrx_word' id='word_1_769' title='bbox 3359 5238 3486 5306; x_wconf 57' lang='lat' dir='ltr'><strong>ten;</strong></span> <span class='ocrx_word' id='word_1_770' title='bbox 3525 5235 3600 5297; x_wconf 81' lang='grc' dir='ltr'>ὡς</span> <span class='ocrx_word' id='word_1_771' title='bbox 3631 5233 3697 5286; x_wconf 74' lang='grc' dir='ltr'>ἂν</span> <span class='ocrx_word' id='word_1_772' title='bbox 3722 5233 3756 5300; x_wconf 82' lang='grc' dir='ltr'>ὴ</span> <span class='ocrx_word' id='word_1_773' title='bbox 3781 5228 3878 5281; x_wconf 86' lang='grc' dir='ltr'><strong>τοῦ</strong></span> <span class='ocrx_word' id='word_1_774' title='bbox 3903 5230 4070 5297; x_wconf 65' lang='grc' dir='ltr'>Χρι-</span> 
     </span>
    </p>
   </div>
   <div class='ocr_carea' id='block_1_107' title="bbox 2458 5321 4074 5409">
    <p class='ocr_par' dir='ltr' id='par_1_107' title="bbox 2458 5321 4074 5409">
     <span class='ocr_line' id='line_1_107' title="bbox 2458 5321 4074 5409; baseline -0.019 -9"><span class='ocrx_word' id='word_1_775' title='bbox 2458 5345 2585 5400; x_wconf 84' lang='grc' dir='ltr'>στοῦ</span> <span class='ocrx_word' id='word_1_776' title='bbox 2616 5342 2723 5400; x_wconf 76' lang='grc' dir='ltr'>καὶ</span> <span class='ocrx_word' id='word_1_777' title='bbox 2754 5339 2891 5394; x_wconf 87' lang='grc' dir='ltr'>Θεοῦ</span> <span class='ocrx_word' id='word_1_778' title='bbox 2912 5338 3071 5409; x_wconf 79' lang='grc' dir='ltr'>ἡμῶν</span> <span class='ocrx_word' id='word_1_779' title='bbox 3109 5333 3319 5405; x_wconf 86' lang='grc' dir='ltr'>μεγάλη</span> <span class='ocrx_word' id='word_1_780' title='bbox 3346 5333 3442 5385; x_wconf 75' lang='grc' dir='ltr'>καὶ</span> <span class='ocrx_word' id='word_1_781' title='bbox 3476 5324 3889 5395; x_wconf 77' lang='grc' dir='ltr'>άνεξιχνίαστος</span> <span class='ocrx_word' id='word_1_782' title='bbox 3911 5321 4074 5374; x_wconf 66' lang='lat' dir='ltr'><strong>5w;-</strong></span> 
     </span>
    </p>
   </div>
   <div class='ocr_carea' id='block_1_108' title="bbox 780 5419 4079 5534">
    <p class='ocr_par' dir='ltr' id='par_1_108' title="bbox 780 5419 4079 5534">
     <span class='ocr_line' id='line_1_108' title="bbox 780 5419 4079 5534; baseline -0.015 -17"><span class='ocrx_word' id='word_1_783' title='bbox 780 5419 1243 5534; x_wconf 81' lang='grc' dir='ltr'>βούληται</span> <span class='ocrx_word' id='word_1_784' title='bbox 1272 5454 1507 5514; x_wconf 86' lang='grc' dir='ltr'>σύνεσις.</span> <span class='ocrx_word' id='word_1_785' title='bbox 1539 5448 1791 5520; x_wconf 72' lang='grc' dir='ltr'>Ἐρῤωσό</span> <span class='ocrx_word' id='word_1_786' title='bbox 1818 5463 1932 5518; x_wconf 89' lang='grc' dir='ltr'>μοι,</span> <span class='ocrx_word' id='word_1_787' title='bbox 1967 5443 2156 5499; x_wconf 73' lang='grc' dir='ltr'>τέκνον</span> <span class='ocrx_word' id='word_1_788' title='bbox 2187 5442 2347 5515; x_wconf 72' lang='grc' dir='ltr'>ἡμῶν</span> <span class='ocrx_word' id='word_1_789' title='bbox 2387 5440 2703 5516; x_wconf 84' lang='grc' dir='ltr'>ἱερώτατον,</span> <span class='ocrx_word' id='word_1_790' title='bbox 2733 5438 2854 5499; x_wconf 85' lang='grc' dir='ltr'>ταῖς</span> <span class='ocrx_word' id='word_1_791' title='bbox 2873 5433 3046 5495; x_wconf 87' lang='grc' dir='ltr'>θείαις</span> <span class='ocrx_word' id='word_1_792' title='bbox 3113 5427 3340 5500; x_wconf 77' lang='grc' dir='ltr'>πτέρυξι</span> <span class='ocrx_word' id='word_1_793' title='bbox 3404 5425 3585 5495; x_wconf 89' lang='grc' dir='ltr'>πάσης</span> <span class='ocrx_word' id='word_1_794' title='bbox 3611 5419 3879 5493; x_wconf 79' lang='grc' dir='ltr'>ἐπηρείας</span> <span class='ocrx_word' id='word_1_795' title='bbox 3907 5421 4079 5488; x_wconf 74' lang='grc' dir='ltr'>ὁρω-</span> 
     </span>
    </p>
   </div>
   <div class='ocr_carea' id='block_1_109' title="bbox 786 5539 1885 5624">
    <p class='ocr_par' dir='ltr' id='par_1_109' title="bbox 786 5539 1885 5624">
     <span class='ocr_line' id='line_1_109' title="bbox 786 5539 1885 5624; baseline -0.016 -16"><span class='ocrx_word' id='word_1_796' title='bbox 786 5556 952 5624; x_wconf 78' lang='grc' dir='ltr'>μένης</span> <span class='ocrx_word' id='word_1_797' title='bbox 979 5567 1036 5602; x_wconf 86' lang='grc' dir='ltr'><strong>τε</strong></span> <span class='ocrx_word' id='word_1_798' title='bbox 1071 5547 1167 5602; x_wconf 75' lang='grc' dir='ltr'>καὶ</span> <span class='ocrx_word' id='word_1_799' title='bbox 1196 5544 1429 5613; x_wconf 78' lang='grc' dir='ltr'>ἀοράτου</span> <span class='ocrx_word' id='word_1_800' title='bbox 1460 5539 1885 5609; x_wconf 79' lang='grc' dir='ltr'>φυλαττόμενος.</span> 
     </span>
    </p>
   </div>
   <div class='ocr_carea' id='block_1_110' title="bbox 782 5652 2352 5730">
    <p class='ocr_par' dir='ltr' id='par_1_110' title="bbox 782 5652 2352 5730">
     <span class='ocr_line' id='line_1_110' title="bbox 782 5652 2352 5730; baseline -0.013 -5"><span class='ocrx_word' id='word_1_801' title='bbox 782 5664 999 5725; x_wconf 52' lang='lat' dir='ltr'><strong>XLIX;</strong></span> <span class='ocrx_word' id='word_1_802' title='bbox 1037 5659 1320 5730; x_wconf 59' lang='lat' dir='ltr'><strong>Episcopis</strong></span> <span class='ocrx_word' id='word_1_803' title='bbox 1383 5666 1543 5730; x_wconf 56' lang='lat' dir='ltr'><strong>extra</strong></span> <span class='ocrx_word' id='word_1_804' title='bbox 1609 5652 2025 5708; x_wconf 70' lang='lat' dir='ltr'><strong>communionem</strong></span> <span class='ocrx_word' id='word_1_805' title='bbox 2077 5653 2352 5705; x_wconf 66' lang='lat' dir='ltr'><strong>exsistan-</strong></span> 
     </span>
    </p>
   </div>
   <div class='ocr_carea' id='block_1_111' title="bbox 1485 5726 1641 5777">
    <p class='ocr_par' dir='ltr' id='par_1_111' title="bbox 1485 5726 1641 5777">
     <span class='ocr_line' id='line_1_111' title="bbox 1485 5726 1641 5777; baseline 0 -1"><span class='ocrx_word' id='word_1_806' title='bbox 1485 5726 1641 5777; x_wconf 83' lang='lat' dir='ltr'><strong>tibus.</strong></span> 
     </span>
    </p>
   </div>
   <div class='ocr_carea' id='block_1_112' title="bbox 854 5854 2348 5931">
    <p class='ocr_par' dir='ltr' id='par_1_112' title="bbox 854 5854 2348 5931">
     <span class='ocr_line' id='line_1_112' title="bbox 854 5854 2348 5931; baseline -0.009 -7"><span class='ocrx_word' id='word_1_807' title='bbox 854 5869 998 5925; x_wconf 89' lang='lat' dir='ltr'><strong>Sane</strong></span> <span class='ocrx_word' id='word_1_808' title='bbox 1027 5868 1103 5923; x_wconf 89' lang='lat' dir='ltr'><strong>ita</strong></span> <span class='ocrx_word' id='word_1_809' title='bbox 1136 5873 1239 5931; x_wconf 79' lang='lat' dir='ltr'><strong>est,</strong></span> <span class='ocrx_word' id='word_1_810' title='bbox 1274 5873 1330 5918; x_wconf 87' lang='lat' dir='ltr'><strong>ut</strong></span> <span class='ocrx_word' id='word_1_811' title='bbox 1378 5860 1587 5919; x_wconf 73' lang='lat' dir='ltr'><strong>cmlesti</strong></span> <span class='ocrx_word' id='word_1_812' title='bbox 1609 5859 1702 5916; x_wconf 92' lang='lat' dir='ltr'><strong>illo</strong></span> <span class='ocrx_word' id='word_1_813' title='bbox 1732 5871 1827 5915; x_wconf 90' lang='lat' dir='ltr'><strong>ore</strong></span> <span class='ocrx_word' id='word_1_814' title='bbox 1858 5854 2059 5913; x_wconf 83' lang='lat' dir='ltr'><strong>Paulus</strong></span> <span class='ocrx_word' id='word_1_815' title='bbox 2093 5854 2348 5917; x_wconf 74' lang='lat' dir='ltr'><strong>afﬁrmat,</strong></span> 
     </span>
    </p>
   </div>
   <div class='ocr_carea' id='block_1_113' title="bbox 2688 5620 3821 5711">
    <p class='ocr_par' dir='ltr' id='par_1_113' title="bbox 2688 5620 3821 5711">
     <span class='ocr_line' id='line_1_113' title="bbox 2688 5620 3821 5711; baseline -0.016 -22"><span class='ocrx_word' id='word_1_816' title='bbox 2688 5633 2824 5689; x_wconf 65' lang='grc' dir='ltr'><strong>ΜΘ.</strong></span> <span class='ocrx_word' id='word_1_817' title='bbox 2853 5629 3017 5711; x_wconf 49' lang='grc' dir='ltr'>Πρός.</span> <span class='ocrx_word' id='word_1_818' title='bbox 3031 5627 3183 5711; x_wconf 47' lang='grc' dir='ltr'>’τοὺς</span> <span class='ocrx_word' id='word_1_819' title='bbox 3224 5622 3669 5711; x_wconf 42' lang='grc' dir='ltr'>μητροπολίτας</span> <span class='ocrx_word' id='word_1_820' title='bbox 3698 5620 3821 5674; x_wconf 76' lang='grc' dir='ltr'>ἔσω</span> 
     </span>
    </p>
   </div>
   <div class='ocr_carea' id='block_1_114' title="bbox 2847 5698 3609 5769">
    <p class='ocr_par' dir='ltr' id='par_1_114' title="bbox 2847 5698 3609 5769">
     <span class='ocr_line' id='line_1_114' title="bbox 2847 5698 3609 5769; baseline -0.016 -13"><span class='ocrx_word' id='word_1_821' title='bbox 2847 5698 2956 5769; x_wconf 84' lang='grc' dir='ltr'>τῆς</span> <span class='ocrx_word' id='word_1_822' title='bbox 3003 5698 3371 5765; x_wconf 74' lang='grc' dir='ltr'>Ἔκκλησίας</span> <span class='ocrx_word' id='word_1_823' title='bbox 3409 5698 3609 5758; x_wconf 81' lang='grc' dir='ltr'>ὄντας.</span> 
     </span>
    </p>
   </div>
   <div class='ocr_carea' id='block_1_115' title="bbox 2531 5826 4081 5917">
    <p class='ocr_par' dir='ltr' id='par_1_115' title="bbox 2531 5826 4081 5917">
     <span class='ocr_line' id='line_1_115' title="bbox 2531 5826 4081 5917; baseline -0.013 -15"><span class='ocrx_word' id='word_1_824' title='bbox 2531 5841 2880 5917; x_wconf 78' lang='grc' dir='ltr'>Ἀνθρώπους</span> <span class='ocrx_word' id='word_1_825' title='bbox 2921 5837 3206 5909; x_wconf 81' lang='grc' dir='ltr'>πείθομεν,</span> <span class='ocrx_word' id='word_1_826' title='bbox 3235 5832 3401 5905; x_wconf 76' lang='grc' dir='ltr'>φησὶν</span> <span class='ocrx_word' id='word_1_827' title='bbox 3426 5832 3455 5886; x_wconf 85' lang='grc' dir='ltr'><strong>ό</strong></span> <span class='ocrx_word' id='word_1_828' title='bbox 3496 5829 3651 5893; x_wconf 63' lang='grc' dir='ltr'>θεῖος</span> <span class='ocrx_word' id='word_1_829' title='bbox 3687 5826 4081 5902; x_wconf 80' lang='grc' dir='ltr'>’Δπόστολος,</span> 
     </span>
    </p>
   </div>
  </div>
