4182 6428
145 317 229 377 ΞΞΙ
1592 325 1796 386 EPIS’I

1765 327 1859 386 ΤΟ
1870 326 2001 384 LE.
3306 339 3369 400 94
3381 341 3413 401 2

143 428 250 496 Ηεῴ
310 429 374 481 δε
419 433 866 503 πεφανερώμεθα
907 450 920 464 ο
959 434 1054 487 καὶ
1114 435 1213 487 οὐκ
1276 431 1422 486 ἔστιν
1464 434 1639 496 ἄλλως
1695 435 1794 504 ἣΑ

1762 435 2145 494 Ahominihus
2206 436 2408 506 imponi
2464 446 2663 507 potest,
2705 439 2813 495 Deo
2871 453 3051 497 autem
3114 450 3413 503 revelatum

142 515 276 567 κατὰ
308 516 416 585 τὴν
444 521 727 589 μακαρίαν
759 522 979 591 ἐκείνην
1018 524 1294 588 γλῶσσαν,
1338 525 1438 592 τὴν
1472 524 1530 589 ἐξ
1570 525 1732 593 οὐρα-

1840 526 2026 580 omnia
2055 535 2241 581 nostra
2276 540 2440 598 atque
2490 531 2862 587 innotescunt.
2899 534 3023 591 ":DC
3065 552 3236 605 pauca
3269 544 3423 598 vobis

143 606 223 657 θεοῦ
266 605 572 673 λαλοῦσαν,
604 613 698 663 καὶ
743 612 868 683 οὐχὶ
906 614 1188 683 λογισμῶν
1248 614 1458 684 θνητῶν
1495 615 1589 668 xai
1639 617 1733 668 ἀν-

1842 620 1913 673 sit
1940 620 2072 673 satis
2115 619 2337 683 dixisse,
2399 637 2536 688 quos
2588 638 2711 692 ego,
2757 634 2817 678 ut
2873 628 3161 685 mitissime
3218 633 3423 695 dictam.

141 698 437 761 θρωπίνων
473 716 488 731 °
532 704 634 771 δρα
672 704 735 775 δὴ
774 700 867 759 οῦν
909 708 1003 759 καὶ
1064 707 1149 770 σὺ,
1192 707 1395 775 μᾶλλον
1446 707 1501 759 δὲ
1544 708 1730 775 ὁρᾶτε,

1841 708 2041 763 infelici
2070 710 2204 764 satis
2238 711 2523 777 Ecclesiae,
2556 715 2795 782 mihique
2842 720 3022 784 genui.
3051 719 3249 785 Quidni
3281 726 3425 776 enim

142 790 224 848 rx);
249 792 354 843 οὐκ
394 788 521 845 οἴδα
562 794 683 858 πῶς
725 797 1181 867 συμπαθέστεροι)
1218 798 1381 861 εἴπω,
1418 796 1732 866 δυστυχῶςς

1846 817 1943 856 vos
1972 804 2049 857 sic
2078 805 2369 873 appellem,
2402 806 2494 873 qui
2535 821 2642 869 me,
2672 824 2833 876 quem
2867 810 3028 865 etiam
3054 815 3247 868 merito
3271 819 3420 870 dan»

142 883 365 950 ἐμαυτῷ
408 887 507 938 καὶ
535 889 600 955 τῇ
643 888 738 940 τοῦ
794 888 1031 959 Χριστοῦ
1064 889 1159 941 καὶ
1196 889 1331 941 Θεοῦ
1392 889 1739 958 ἀπεγέννησα

1850 903 2039 947 natum
2077 894 2368 952 defendere
2405 896 2738 961 debueratis,
2778 912 2836 954 ut
2872 918 2968 971 par
2998 914 3116 959 eral
3144 906 3283 961 ﬁlios
3329 925 3425 977 pn-

151 973 456 1043 Ἐκκλησία
482 993 497 1007 ⁸
532 980 652 1040 πῶς
687 982 796 1048 γὰρ
825 983 947 1052 οὐχὶ
971 982 1251 1050 δυστυχῶς
1275 999 1287 1043 ;
1339 983 1390 1034 οἳ
1417 981 1747 1050 ἐγεννήθητέ

1851 993 2084 1049 rentcm,
2110 986 2310 1039 nullius
2352 986 2570 1041 affinem
2626 990 2819 1059 culpm,
2849 993 2957 1049 imo
3018 1009 3112 1064 per
3156 1014 3424 1051 summam

146 1081 254 1130 μῦι,
282 1067 386 1137 οὐχ
420 1070 509 1121 ἵνα
552 1071 694 1123 κατὰ
716 1072 811 1125 τὸν
838 1076 1118 1140 πρέποντα
1148 1074 1363 1135 τέκνοις
1404 1075 1540 1143 πρὸς
1585 1072 1744 1140 γονέα

1851 1073 2103 1139 iniuriam
2130 1076 2270 1129 snlio
2294 1078 2552 1144 ejectum,
2592 1082 2749 1151 quasi
2794 1098 2984 1152 parum
3020 1087 3213 1141 fuisset
3240 1088 3427 1142 deser-

143 1156 301 1221 νόμον
327 1163 744 1234 προασπίσητε,
803 1166 1299 1236 ὑπερμαχήσησθε,
1335 1167 1431 1218 καὶ
1471 1165 1649 1235 τυχδνί
1687 1166 1745 1215 ἐν

1852 1167 2023 1228 uisse,
2082 1167 2430 1235 proditlistis?
2496 1171 2619 1227 llmc
2679 1176 2864 1229 animo
2926 1180 3226 1247 revolvite,
3294 1181 3427 1235 iram

143 1249 423 1314 κινδύνοις
459 1255 620 1322 ἡμῶν
647 1257 820 1311 ὄντων
851 1260 1345 1329 συναντιλὰὄησθε,
1374 1258 1587 1311 καὶτοῦ
1630 1259 1745 1311 κιν-

1441 1259 1471 1310 ηὶ
1494 1258 1587 1311 τοῦ
1630 1259 1745 1311 xv»)-
1851 1258 2063 1312 Domini
2096 1260 2363 1314 scelerum
2402 1263 2649 1319 ultricem
2689 1276 3092 1336 exspectantes.

140 1339 291 1395 εὔνου
333 1345 584 1416 ῥὺσησθε
622 1350 713 1403 τὸν
748 1354 981 1424 πατέρα,
1004 1354 1106 1407 κᾶν
1140 1357 1269 1417 ἴσως
1288 1354 1439 1423 παρὰ
1480 1354 1657 1421 δίκην.
1692 1352 1923 1423 ἐπείπερ
1956 1353 2074 1405 ἐστὶ
2116 1354 2269 1424 παρὰ
2299 1354 2441 1423 Θεῷ,
2471 1359 2563 1408 καὶ
2601 1360 2861 1430 τοιαύτης
2904 1364 3248 1432 συμπαθείας
3282 1366 3429 1419 ἀντία

141 1435 279 1500 503:;
305 1441 391 1509 τῷ
414 1442 637 1507 τάξαντι
667 1451 837 1517 τιμῆς
874 1450 1034 1520 ὄρους
1078 1451 1320 1521 πατράσι
1360 1450 1454 1503 καὶ
1488 1450 1721 1511 τέκνοις
1763 1448 1879 1501 ἀλλ’
1915 1448 2034 1517 οὐχὶ
2062 1450 2123 1501 τὸ
2194 1452 2466 1524 ἡμέτερον
2538 1454 2799 1509 τοιοῦτονο
2832 1458 2925 1512 τοῦ
2952 1460 3061 1530 γὰρ
3093 1460 3299 1531 Κυρίου
3326 1464 3426 1517 καὶ

143 1537 269 1587 Θεοῦ
304 1556 416 1607 μου
444 1543 544 1610 οὐχ
568 1544 652 1595 ὅτι
677 1546 817 1613 προς
845 1545 1144 1615 θεραπείαν
1176 1547 1342 1600 αὑτοῦ
1374 1545 1728 1616 ἐξείργασταί
1767 1562 1819 1597 τι
1857 1544 1987 1597 ποτὲ
2033 1544 2164 1615 παρ’
2190 1546 2366 1617 ἡμῶν,
2392 1548 2528 1602 ἀλλὰ
2553 1550 2622 1603 δι’
2682 1552 2887 1620 ἄφατον
2947 1555 3262 1627 άγαθότητα
3289 1559 3429 1620 τέως

142 1633 406 1701 εὐμενοῦς
460 1636 593 1703 ἡμῖν
622 1638 1008 1707 τυγχάνοντος,
1060 1641 1153 1693 καὶ
1197 1642 1350 1695 οὐδὲν
1399 1637 1934 1709 παρακεχωρηκότος
1984 1640 2225 1693 τοιοῦτόν
2289 1659 2342 1695 τι
2404 1646 2798 1715 πεπραγμένον
2862 1649 2995 1717 ἡμῖν
3034 1651 3285 1721 ὀφθῆναι.

359 1749 449 1803 N'.
496 1751 1196 1822 Ἰῃψατίῳμητροπολίτῃ
1225 1753 1274 1808 Κ
1282 1753 1504 1814 υζῖκου.
1768 1731 1815 1788 Β

1456 1772 1504 1807 υ,
1768 1731 1815 1788 Β
2166 1752 2225 1805 ι..
2268 1751 2482 1823 Ignatio
2510 1757 2685 1825 (Συεῖεὶ
2734 1762 3107 1831 ηιρινοροίίιω.

216 1862 658 1935 Εὐφράνθημεν,
694 1866 744 1918 εἰ
777 1866 873 1918 καὶ
911 1866 987 1937 μὴ
1031 1867 1644 1938 τελείανεῦφροσῦνην,
1684 1868 1744 1920 τὸ

1918 1864 2102 1918 Guvisi
2166 1880 2382 1927 sumus,
2455 1868 2556 1921 etsi
2611 1884 2715 1922 non
2773 1872 3015 1940 perfecto
3086 1878 3305 1946 gaudio,
3354 1880 3426 1934 lili

145 1957 230 2006 σὸν
266 1957 542 2027 γραμμα,
572 1958 947 2030 τέκνονήμῶν
978 1961 1144 2030 ἱερὸν,
1167 1960 1476 2030 δεξάμενοι.
1506 1962 1615 2015 Καὶ
1636 1961 1745 2029 γὰρ

1848 1967 2034 2012 noster
2063 1967 2295 2023 sacrate,
2338 1962 2581 2030 acceptis
2613 1962 2711 2018 abs
2751 1973 2804 2018 te
2840 1965 3058 2022 litteris.
3092 1968 3146 2023 ld
3172 1972 3316 2026 enim
3345 1974 3427 2043 ἱρ-

144 2048 232 2100 ni
273 2049 423 2102 αὐτὸ
448 2049 608 2103 τοῦτο
632 2054 693 2104 τὸ
723 2050 811 2104 διὰ
867 2052 1124 2105 τοσοῦτον
1177 2055 1393 2122 χρόνον,
1447 2054 1507 2117 ἐξ
1533 2047 1592 2107 οὗ
1650 2054 1743 2105 ἀπ’

1848 2066 1990 2115 sum,
2032 2067 2155 2105 cum
2202 2067 2267 2107 ex
2310 2054 2471 2120 longo
2501 2064 2744 2123 tempore
2796 2072 2907 2126 quo
2951 2059 3021 2112 ab
3083 2060 3310 2117 invicem
3346 2065 3428 2119 di-

146 2140 400 2209 ἀλλήλων
446 2142 766 2212 διέστημεν,
829 2146 979 2215 σαφῆ
1037 2163 1163 2198 τινα
1196 2146 1356 2213 λόγον
1406 2146 1483 2216 μὴ
1551 2144 1745 2215 μαθεῖν

1848 2154 2080 2209 stamus,
2116 2146 2249 2199 nihil
2278 2148 2409 2200 certi
2442 2147 2780 2204 audierimus
2805 2151 2871 2205 de
2893 2161 3068 2207 vestra
3102 2155 3233 2219 vita,
3284 2174 3428 2213 nunc

150 2235 274 2302 περὶ
317 2234 424 2303 τῆς
462 2234 735 2306 ὑμετέρας
769 2236 935 2305 ζωῆς,
979 2237 1075 2291 νῦν
1106 2238 1195 2290 διὰ⁵
1225 2238 1320 2290 τοῦ
1356 2238 1451 2290 σοῦ
1484 2238 1747 2309 γράμμα-

1848 2238 2063 2291 tandem
2118 2238 2469 2294 audientibus
2517 2240 2662 2307 quod
2716 2244 3063 2311 optabamus,
3104 2262 3272 2303 causa
3328 2250 3428 2303 fuit

148 2344 229 2390 τος
262 2327 293 2378 ὃ
320 2327 635 2397 ἐποθοῦμεν
674 2329 1076 2398 μεμαθηκόσιν,
1113 2330 1373 2395 ὑπόθεσις
1404 2330 1629 2398 γέγονεν
1652 2329 1744 2382 εῦ-

1845 2330 2138 2399 gaudendi.
2197 2330 2494 2385 Precamur
2535 2342 2717 2387 autem
2767 2336 3067 2392 beneficum
3108 2339 3273 2395 Deum
3307 2358 3430 2398 nos-

152 2420 461 2489 φροσῦνης.
488 2421 735 2490 Δεόμεθα
772 2422 827 2474 δὲ
858 2422 953 2475 τοῦ
989 2422 1375 2493 φιλανθρώπου
1406 2422 1544 2475 Θεοῦ
1582 2423 1742 2491 ἡμῶν

1848 2430 1991 2474 trum
2035 2432 2092 2474 ut
2130 2437 2230 2476 nos
2282 2422 2574 2491 perfectius
2612 2425 2679 2480 tle
2721 2436 2772 2482 te
2797 2412 3158 2496 gaudeamus,
3196 2433 3265 2487 ob
3300 2449 3424 2503 pcr-

148 2516 234 2563 καὶ
261 2511 603 2583 τελεώτερον
626 2514 719 2565 ἐπὶ
753 2514 835 2566 σοὶ
855 2515 1250 2586 εὐφρανθῆναι,
1298 2515 1386 2569 διὰ
1410 2515 1507 2584 τῆς
1532 2515 1745 2576 τελείας

1847 2512 2041 2567 lectam
2094 2515 2238 2569 illius
2269 2532 2379 2585 quo
2425 2532 2523 2573 nos
2554 2520 2716 2574 simul
2756 2522 3143 2591 laboravimus,
3181 2538 3235 2581 et
3282 2544 3427 2583 nunc

148 2605 481 2673 ἀπαλλαγῆς
516 2605 612 2658 τοῦ
666 2606 861 2669 κοινῶς
894 2608 1042 2677 ἡμᾶς
1071 2608 1441 2678 λελυπηκότος
1482 2608 1578 2661 xai
1615 2608 1745 2674 σφό-

1847 2605 2196 2661 vehementer
2215 2607 2548 2673 laboramus,
2572 2610 2777 2666 doloris
2803 2612 3205 2671 liberationem.
3241 2615 3424 2673 Bonus

150 2696 244 2764 δρα
305 2695 615 2761 λυποῦντος
662 2698 892 2761 πάθους.
958 2701 1067 2753 Καὶ
1122 2699 1333 2768 γένοιτο
1385 2702 1678 2774 πληρωτὴς
1716 2704 1745 2756 ὀ

1847 2698 2118 2767 compleat
2169 2708 2413 2754 nostram
2450 2701 2796 2771 petitionem,
2838 2703 3039 2777 detque
3064 2719 3221 2762 suam
3265 2709 3424 2764 boni-

146 2788 359 2854 ἀγαθὸς
388 2788 492 2857 τῆς
517 2791 816 2860 αἰτήσεως,
848 2791 1029 2855 διδοὺς
1063 2794 1154 2846 καὶ
1183 2794 1367 2859 ἄλλοις
1385 2797 1618 2867 ὀφθῆναι
1647 2798 1742 2851 καὶ

1850 2795 2012 2842 tatem
2075 2789 2225 2847 aliis
2255 2792 2499 2861 conspici
2564 2801 2619 2849 et
2669 2793 2934 2852 celebrari
2976 2799 3179 2869 quibus
3236 2798 3424 2857 donati

148 2882 373 2945 ἰοξάσαι
405 2879 491 2945 οἷς
539 2883 934 2954 ἀπελαύσαμεν
963 2886 1062 2955 τὴν
1090 2887 1256 2941 αὐτοῦ
1293 2890 1629 2961 ἀγαθότητα.
1846 2899 2060 2940 sumus-

244 2974 389 3028 NA’.
431 2973 516 3039 Τῷ
550 2976 846 3043 περιδόξῳ
868 2977 1244 3046 ἐξουσιαστῇ
1293 2983 1630 3050 Ἀϐαστίας.

1561 3001 1630 3050 ις,
2066 2977 2152 3033 Ll.
2194 2978 2408 3035 “lustri
2446 2978 2672 3052 Abangc
2699 2982 2927 3053 regionis
2962 2982 3212 3053 principi.

213 3090 292 3142 Τὸ
333 3089 589 3159 φιλόθεόν
631 3109 728 3144 σου
752 3092 848 3145 καὶ
880 3093 939 3146 τὸ
970 3094 1207 3165 χρηστὸν
1238 3095 1331 3148 τοῦ
1382 3100 1585 3167 τρόπου
1612 3100 1740 3153 ἐκί-
1772 3083 1815 3142 C

1774 3083 1815 3142 C
1921 3091 2103 3149 Pietas
2140 3102 2230 3148 tua
2271 3104 2325 3149 ct
2360 3095 2557 3151 indolis
2599 3094 2815 3153 bonitas
2842 3095 2908 3151 ad
2944 3110 3185 3155 amorem
3215 3098 3289 3155 tui
3326 3104 3425 3158 nos

146 3197 312 3249 νησεν
366 3184 517 3251 ἡμᾶς
568 3183 708 3251 πρὸς
748 3185 848 3251 τὴν
880 3186 979 3252 σὴν
1010 3187 1255 3255 ἀγάπην,
1289 3181 1333 3239 ὦ
1362 3189 1455 3241 τοῦ
1492 3190 1628 3243 Θεοῦ
1650 3192 1743 3245 ἄν·-

1852 3187 2044 3247 movit,
2074 3202 2105 3239 ο
2146 3187 2311 3240 homo
2348 3186 2461 3241 Dei.
2519 3186 2581 3239 Et
2614 3201 2743 3241 ecce
2797 3189 3033 3257 primum
3067 3205 3161 3259 per
3211 3192 3426 3249 litteras

150 3274 342 3342 θρωπε
408 3276 509 3327 καὶ
544 3275 655 3328 ἰδοὺ
692 3276 900 3344 πρῶτοι
924 3278 1013 3331 διὰ
1048 3280 1142 3331 τοῦ
1177 3281 1510 3350 γράμματος
1566 3301 1736 3352 προσ-

1849 3279 2183 3348 alloquimur
2220 3287 2289 3340 te,
2323 3288 2375 3330 ct
2407 3288 2466 3333 ut
2502 3280 2670 3332 [ilium
2699 3281 2854 3348 quasi
2903 3293 3197 3350 praesentes
3219 3286 3424 3356 ample-

148 3367 501 3436 αγορειέομέν
541 3385 623 3431 σε,
675 3370 768 3422 καὶ
822 3370 897 3433 ὡς
924 3372 1117 3425 τέκνον
1163 3374 1320 3441 ἡμῶν
1357 3368 1442 3427 οἷα
1477 3376 1745 3444 παρόντες

1851 3367 2049 3420 ctimur
2089 3377 2141 3421 et
2180 3368 2421 3436 paternis
2456 3368 2659 3423 osculis
2695 3370 3021 3425 salutamus.
3084 3370 3294 3426 Etenim
3321 3384 3424 3429 tune

148 3458 761 3526 ἐναγκαλιζόμεθα,καὶ
801 3465 1092 3531 πατρικοῖς
1121 3463 1390 3533 φιλήμασι
1439 3482 1741 3534 περιπτυσ-

1850 3458 2068 3526 pietatis
2122 3468 2511 3527 argumentum
2563 3468 2644 3513 est
2683 3460 2903 3515 divinus
2947 3462 3035 3515 ille
3073 3464 3223 3518 zelus
3257 3481 3420 3532 quem

151 3552 387 3620 σόμεθα.
429 3553 543 3604 Καὶ
588 3554 696 3621 γὰρ
732 3554 828 3606 τοῦ
866 3556 965 3625 μὲν
1004 3556 1254 3624 φιλοθέου
1285 3558 1560 3624 ἀπόδειξις
1593 3563 1626 3629 ἡ
1658 3560 1744 3613 ἓν·

1850 3565 1949 3617 pro
1980 3550 2237 3603 salvantla
2288 3559 2341 3603 et
2375 3551 2430 3604 in
2474 3552 2705 3606 veritate
2748 3552 3082 3608 instituenda
3126 3558 3421 3610 Alanorum

148 3646 265 3708 0:6;
334 3663 435 3698 σου
505 3646 735 3717 σπουδὴ.
783 3647 849 3716 ἣν
920 3648 1014 3699 ἐπὶ
1067 3652 1134 3717 τῇ
1226 3651 1470 3723 σωτηρίᾳ
1518 3654 1614 3704 καὶ
1676 3657 1741 3724 τῇ

1851 3653 2010 3712 gente
2063 3643 2348 3699 ostendisti
2379 3653 2435 3697 et
2482 3645 2752 3699 ostendis.
2802 3645 3131 3701 Audivimus
3176 3649 3320 3702 cnim
3359 3665 3422 3705 cx

150 3738 458 3804 ἐπιγνώσει
539 3737 639 3805 τῆς
715 3738 972 3807 ἀληθείας
1046 3739 1141 3793 τοῦ
1198 3741 1383 3804 ἔθνους
1439 3744 1548 3796 τῶν
1585 3744 1745 3798 Ἀλι-

1852 3736 2039 3789 multis
2077 3736 2279 3804 quibus
2324 3736 2675 3791 innotescunt
2735 3746 2826 3791 tua
2870 3738 3128 3807 praeclare
3167 3740 3331 3806 facta,
3377 3751 3426 3795 te

148 3830 254 3881 νῶν
372 3829 642 3894 ἐπεδείξω
723 3832 819 3883 καὶ
906 3832 1299 3888 ἐπιδείκνυσαι.
1374 3836 1744 3907 Ἀνεμάθομεν

1853 3827 2077 3880 multam
2100 3826 2399 3882 secundum
2427 3826 2798 3882 Deum'curam
2824 3829 3141 3894 contulisse,
3158 3840 3210 3884 et
3227 3832 3278 3884 in
3302 3832 3427 3885 illu-

148 3923 252 3992 γαρ
323 3924 393 3974 ἐκ
428 3923 708 3992 διαφόρων
757 3923 864 3974 τῶν
899 3926 1281 3994 ἐπισταμένων
1330 3927 1396 3979 τὰ
1437 3930 1504 3980 σὰ
1543 3947 1740 3999 κατορ-

1852 3920 2204 3973 minationem
2227 3919 2804 3990 Alanorum’principis
2832 3931 2884 3975 et
2914 3922 3153 3975 omnium
3179 3923 3269 3991 qui
3300 3940 3424 3978 cum

148 4015 408 4083 ¹ἓώμειτα,
465 4015 545 4078 ὡς
600 4015 741 4085 μετὰ
784 4033 846 4082 γε
894 4016 1026 4070 Θεὸν
1084 4019 1284 4089 πολλὴν
1332 4023 1431 4089 τὴν
1485 4023 1745 4092 πρόνοιαν

1852 4027 1918 4065 co
1940 4020 2130 4066 sancto
2155 4012 2425 4079 baptismo
2460 4013 2642 4066 tlonati
2660 4013 2995 4081 sunt..Boti:c
3021 4024 3200 4068 autem
3229 4016 3427 4072 indolis

149 4110 469 4161 κατεϐάλου
507 4110 589 4171 εἷς
645 4127 703 4161 τε
751 4111 843 4163 τὸν
875 4112 1155 4180 φωτισμὸν
1211 4113 1306 4166 τοῦ
1347 4115 1446 4183 τῆς
1496 4117 1745 4180 Ἀλανίας

1854 4112 1908 4157 et
1960 4102 2333 4156 beneﬁcentiae
2405 4100 2684 4170 quodnam
2732 4102 2935 4156 clarius
2986 4104 3089 4156 erit
3144 4105 3425 4171 indicium,

147 4202 442 4269 ἄρχοντος,
480 4201 577 4252 καὶ
604 4202 686 4264 εἰς
715 4203 843 4264 τοὺς
868 4205 984 4255 ὅσοι
1018 4205 1111 4255 σῦν
1140 4205 1289 4273 αὐτῷ
1323 4206 1745 4278 κατηξιώθησαν

1853 4205 1907 4249 ct
1956 4195 2230 4264 quodnam
2290 4192 2439 4247 aliud
2489 4193 2848 4260 qurercndum
2908 4202 2992 4245 est
3026 4194 3426 4261 testimonium,

148 4294 242 4346 τοῦ
279 4294 452 4363 ἁγίου
520 4293 921 4363 βαπτίσματος.
958 4296 1068 4363 Τῆς
1116 4297 1171 4349 δὲ
1221 4299 1587 4368 χρηστότητος
1636 4300 1746 4354 τῶν

1854 4303 1977 4342 cum
2012 4286 2247 4342 suliiciat
2279 4285 2655 4354 hospitalitas,
2683 4295 2738 4339 et
2759 4300 2917 4349 cura,
2957 4296 3011 4340 ct
3037 4288 3141 4340 alia
3169 4287 3219 4340 in
3250 4290 3428 4342 omni-

147 4386 372 4453 τρόπων
426 4383 529 4435 καὶ
582 4383 684 4454 τῆς
712 4384 961 4447 εὐποιίας
1010 4385 1094 4446 τίς
1135 4385 1268 4452 ἄλλη
1301 4388 1747 4458 περιφανεστέρα
1780 4428 1798 4487 1

1780 4428 1828 4487 D
1855 4381 1958 4435 bus
1991 4379 2324 4444 sollicitudo,
2376 4386 2585 4447 quanta
2630 4378 2880 4447 prmstari
2934 4388 3130 4448 potest,
3166 4395 3328 4449 quam
3373 4381 3426 4435 in

147 4476 302 4529 ἕσται
334 4474 663 4540 ἀπόδειξις;
704 4476 736 4545 ἦ
772 4477 855 4538 τίς
884 4476 950 4529 ἂν
980 4477 1107 4530 ἄλλο
1163 4477 1473 4548 ἑπιζητήσῃ
1534 4481 1748 4549 μαρτύρ
1780 4470 1798 4487 ³

1780 4470 1823 4487 ν
1858 4472 1953 4527 Dei
1988 4471 2406 4527 dilectissimum
2444 4470 2916 4539 archiepiscopum
2949 4472 3118 4525 tilium
3156 4483 3428 4537 nostrum,

151 4587 267 4631 ριον
297 4586 312 4631 ;
345 4568 642 4640 ἀρκούσης
668 4569 768 4637 τῆς
819 4568 1143 4639 ξενοδοχίας,
1171 4570 1269 4638 τῆς
1305 4570 1623 4639 θεραπείας,
1647 4571 1748 4641 τῆς

1859 4572 1968 4616 tota
2004 4560 2286 4615 voluntate
2328 4568 2382 4613 et
2423 4568 2532 4614 tota
2565 4560 2746 4613 anima
2776 4561 3095 4615 ostendisse
3131 4577 3280 4616 Visus
3320 4578 3380 4617 cs
3410 4566 3432 4617 ί

148 4666 321 4733 ἇὶὶης
350 4665 411 4716 ὲν
464 4665 606 4715 πᾶσι
668 4662 1047 4731 παραμυθίας,
1104 4664 1205 4733 ὅση
1258 4665 1457 4734 δυνατὴ
1503 4668 1753 4735 χορηγεῖ-

1859 4652 2155 4721 Propterea
2193 4667 2486 4721 precamur
2506 4667 2630 4706 eum
2664 4653 2759 4721 qui
2805 4653 3105 4707 retribuere
3130 4663 3321 4723 potens
3347 4665 3433 4709 est

150 4757 298 4816 σθαι,
331 4755 405 4825 ἦν
422 4756 512 4817 εἰς
532 4754 623 4805 τὸν
643 4753 1061 4820 θεοφιλέστατον
1084 4755 1519 4823 ἀρχιεπίσκοπον
1541 4756 1600 4808 τὸ
1625 4757 1750 4808 τέκ-

1862 4744 2358 4806 remunerationes,
2416 4751 2535 4796 tum
2592 4742 2648 4796 in
2689 4744 2947 4811 praesenti
2983 4752 3096 4797 tum
3156 4745 3209 4798 in
3247 4744 3429 4799 futura

148 4866 236 4899 νιν
270 4846 464 4917 ἡμῶν,
494 4844 591 4913 ὅλῃ
627 4844 945 4914 προαιρέσει
972 4845 1066 4897 καὶ
1094 4844 1192 4918 ὅλῃ
1222 4846 1368 4915 ψυχῇ
1406 4846 1593 4919 ᾧφθης
1624 4846 1747 4899 ἑπι-

1860 4838 1990 4899 vita,
2012 4845 2072 4889 ut
2101 4835 2401 4890 secundum
2436 4835 2657 4890 divitias
2682 4850 2797 4890 sua:
2814 4835 3431 4905 misericordimgratias

148 4939 500 5007 δειξὰμενος.
539 4935 641 4988 Διὰ
678 4934 835 4988 τοῦτο
884 4936 1119 5005 δεόμεθα
1184 4936 1278 4988 τοῦ
1318 4936 1504 4991 ἱκανοῦ
1553 4937 1750 4991 πολλα-

1860 4929 2127 4998 suppleat,
2155 4945 2301 4984 nunc
2333 4927 2550 4997 quidem
2580 4935 2631 4981 te
2664 4927 2733 4981 ab
2783 4928 2932 4981 omni
2958 4926 3179 4982 malitia
3208 4937 3265 4982 ct
3315 4930 3422 4983 hu-

149 5030 428 5092 πλασίους
456 5027 773 5081 ἀντιδοῦναι
808 5028 906 5090 τὰς
933 5028 1171 5097 ἀμοιϐὰς
1207 5028 1264 5081 ἓν
1303 5046 1362 5081 τε
1412 5028 1489 5099 τῷ
1520 5030 1747 5100 παρόντι

1860 5036 2146 5076 manarum
2177 5035 2357 5075 rerum
2400 5019 2729 5073 adversitate
2757 5020 3133 5082 custodiendo,
3161 5020 3213 5073 in
3250 5020 3428 5075 futura

152 5122 273 5191 βίῳ,
303 5122 409 5174 καὶ
454 5119 538 5188 τῷ
572 5118 821 5188 μέλλοντι
857 5119 1019 5171 αὑτὸν
1078 5120 1224 5172 κατὰ
1263 5119 1352 5172 τὸν
1390 5118 1620 5171 πλοῦτον
1654 5119 1748 5171 τοῦ

1850 5116 2039 5167 autem
2079 5114 2183 5167 vita
2229 5112 2642 5167 annumerando
2685 5121 2736 5167 te
2775 5127 2900 5165 cum
2948 5112 3163 5166 dilectis
3209 5113 3326 5167 suis
3376 5122 3432 5167 ct

149 5216 341 5273 ἐλέους
372 5208 551 5263 αὑτοῦ
587 5209 1090 5280 ἀνταναπληρῶσαι
1110 5208 1209 5272 τὰς
1241 5213 1491 5280 χάριτας,
1523 5211 1619 5263 νῦν
1649 5211 1746 5280 μὲν

1858 5222 1981 5261 eum
2023 5206 2103 5260 eis
2156 5218 2297 5274 quos
2345 5205 2588 5259 continet
2634 5220 2914 5259 servorum
2947 5204 3067 5273 ejus
3119 5213 3316 5261 cretus.
3370 5206 3427 5259 Si

148 5307 211 5355 ἐκ
241 5306 441 5373 πασης
472 5300 839 5370 διατηροῦντὰ
897 5318 956 5353 σε
1010 5300 1489 5371 σκυθρωπότητος,
1527 5302 1618 5354 καὶ
1650 5301 1749 5370 τῆς

1860 5297 2003 5366 quod
2055 5305 2235 5350 autem
2280 5296 2481 5361 adhuc,
2524 5310 2621 5365 pro
2680 5308 2773 5349 tuo
2822 5311 2985 5364 posse
3060 5296 3430 5352 amicissimus

154 5399 259 5449 τών
293 5396 672 5466 ἀνθρωπίνων
697 5395 1040 5463 πραγμάτων
1080 5394 1480 5465 ἐναντιότητος,
1514 5397 1571 5448 ἐν
1603 5396 1659 5448 δὲ
1684 5397 1748 5464 τῇ

1860 5388 1970 5443 Deo
1996 5389 2439 5458 archiepiscopus
2458 5388 2753 5443 obtinuerit
2778 5389 3029 5442 solatiqu
3058 5396 3163 5441 tua.»
3189 5389 3426 5454 virtutis,

152 5489 440 5558 μελλούσῃ
477 5488 592 5557 ζωῇ
643 5486 1083 5557 συναριθμοῦντά
1112 5504 1171 5541 σε
1204 5488 1318 5550 τοῖς
1374 5487 1752 5557 ἠγαπημένοις

1863 5486 1937 5540 iiIi
1969 5487 2063 5549 mi,
2101 5485 2326 5539 omnino
2352 5495 2407 5539 et
2454 5484 2582 5537 illud
2643 5484 2869 5537 habebis
2922 5482 3032 5537 tuis
3074 5483 3427 5550 prrecedenti-

152 5583 331 5651 αῦτῷ,
394 5582 495 5632 καὶ
536 5579 629 5642 οῦς
675 5582 710 5649 ἡ
739 5580 850 5632 τῶν
880 5579 1233 5649 θεραπόντων
1278 5581 1447 5634 αὑτοῦ
1478 5580 1589 5651 ἔχει
1636 5598 1756 5633 συν-

1866 5583 1968 5635 bus
2032 5580 2191 5634 bonis
2235 5580 2507 5639 additum,
2578 5560 2898 5646 centuplum
2968 5576 3344 5631 retributionis
3402 5592 3431 5630 a

154 5680 493 5747 αρίθμησις.
532 5676 597 5728 Εἴ
622 5691 767 5737 τινος
805 5674 850 5726 δ’
877 5675 944 5727 ἂν
975 5676 1069 5727 καί
1101 5676 1178 5728 ἔτι
1209 5675 1437 5728 δυνατοῦ
1468 5693 1562 5728 σου
1606 5677 1753 5738 ὅντος

1165 5695 1178 5728 ι
1209 5675 1437 5728 δυνατοῦ
1468 5693 1562 5728 σου
1606 5677 1753 5738 ὄντος
1861 5674 2118 5728 munilico
2156 5670 2264 5727 Deo
2308 5681 2499 5725 nostro
2537 5672 2816 5726 obtinens.

155 5772 649 5843 ὁθεοςριλέστατος
710 5772 1137 5840 ἀρχιεπίσκοπος
1206 5769 1548 5837 eumeum
1607 5770 1958 5841 παραμυθίας
2023 5768 2115 5845 τῆς
2162 5767 2282 5839 σῆς.
2318 5767 2503 5821 ιὲκνον
2570 5766 2741 5836 ἡμῶν,
2807 5766 3027 5838 ἀρετῆς,
3083 5766 3296 5828 πάντως
3338 5764 3438 5816 και
