4182 6428
772 408 881 473 243
1906 416 2214 478 NICOLAI
2256 419 2361 479 CP.
2400 419 2915 481 PATRIARCIl/E
3929 426 4037 494 ΞΗ

768 533 926 587 τοῦτο
948 530 1091 599 ἔξεις
1123 538 1235 600 τοῖς
1298 536 1639 607 προλαϐοῦσι
1672 554 1765 590 σου
1799 536 1986 601 καλοῖς
2069 540 2598 612 συναριθμούμενον,
2648 541 2741 596 καὶ
2824 542 2925 611 τὴν
2988 542 3259 596 ἀντίδοσιν
3321 543 3472 615 παρα
3505 544 3601 598 τοῦ
3656 546 4036 621 μεγαλοδώρου

764 626 901 682 Θεοῦ
929 629 1088 700 ἡμῶν
1122 634 1201 694 εἰς
1231 631 1293 684 τὸ
1324 630 1699 685 πολυπλάσιον
1740 631 2202 700 ἀπεκδεχόμενος.

1055 763 1167 818 LII.
1206 762 1369 820 Petro
1412 765 1618 821 Alanite
1656 765 2069 834 archiepiscopo.
2382 776 2428 837 Α
2674 772 2706 825 1N

2382 776 2428 837 Α
2674 772 2799 826 NB’.
2838 772 3038 841 Πέτρῳ
3055 773 3506 843 ἁρχιεπισκόπῳ
3523 777 3816 846 Ἀλανίας.

837 897 1168 968 Accepimus
1228 907 1349 953 luas
1380 898 1610 963 litteras,
1633 884 1908 967 j'ucuudas
1949 898 2168 969 quidem
2202 898 2348 969 quod

2538 910 2873 981 Ἑδεξάμεθά
2926 911 3175 980 σου,τήν
3232 910 3550 982 ἐπιστολὴν,
3616 912 3686 966 τὰ
3744 913 3849 981 μὲν
3899 916 4037 969 ἀλλα

769 998 899 1053 tute,
951 1000 1211 1047 caeterum
1256 990 1675 1046 molestissimas
1740 998 1926 1059 utpote
1967 1006 2088 1060 qua:
2154 991 2348 1044 imme-

2452 1004 2753 1074 ήδύνουσαν
2783 1006 2931 1074 ἡμᾶς
2964 1005 3045 1058 ὄτι
3085 1003 3152 1074 σὴ
3184 1002 3465 1075 ἐπιστολὴ,
3503 1004 3573 1058 τά
3615 1005 3673 1059 δὲ
3712 1006 3876 1059 λοιπά
3917 1008 4040 1061 λίαν

769 1097 955 1138 mores
980 1098 1079 1138 nos
1105 1092 1345 1152 paternae
1364 1082 1419 1137 in
1444 1083 1585 1138 filios
1615 1082 1930 1137 dilectionis
1977 1082 2346 1149 appellabant,

2450 1098 2728 1152 ὢυνῶσαν
2753 1099 2822 1151 δι’
2847 1091 2923 1149 ὧν
2949 1096 3328 1168 ἐπιλήσμονας
3360 1098 3455 1150 καὶ
3504 1096 3605 1168 τὴν
3675 1098 3814 1166 πρὸς
3867 1099 4038 1153 τέκνα

768 1186 823 1229 et
860 1175 1006 1244 quod
1038 1174 1426 1245 gravissimum
1460 1185 1542 1230 est
1573 1174 1907 1230 adolescenti
1950 1174 2347 1240 ministerium,

2452 1190 2689 1260 στοργὴν
2738 1191 3157 1261 ἀπορρίψαντας
3229 1169 3407 1255 ἔλεγε,
3463 1190 3557 1243 καὶ
3607 1191 3667 1245 rb
3724 1190 4039 1261 βαρύτατον

768 1265 869 1321 “Si
907 1280 1161 1335 magnam
1205 1266 1257 1321 i"
1311 1266 1421 1322 θθο
1480 1268 1724 1336 re“lniem
1774 1267 2070 1336 Ρνοηιίίιίῑυ
2123 1266 2181 1321 in
2208 1281 2348 1336 [³1⁵³3⁸
2448 1284 2645 1336 τέκνου
2678 1284 2815 1354 πρὸς
2840 1284 3142 1348 διακονίαν,
3174 1285 3223 1337 εί
3269 1282 3367 1336 καὶ
3394 1283 3597 1350 πολλὴν
3625 1284 4037 1351 ἐπαγγέλλεται

769 1357 911 1413 senti
966 1359 1159 1415 saltem
1212 1360 1320 1413 vita
1363 1360 1665 1414 certamina
1718 1370 1773 1414 et
1830 1360 2050 1414 labores
2106 1360 2347 1413 minatur

2449 1377 2548 1447 τὴν
2567 1376 2717 1429 θείαν
2748 1377 3077 1443 ἀνάπαυσιν,
3113 1377 3231 1433 ἀλλ’
3272 1377 3332 1430 ἐν
3385 1394 3451 1445 γε
3512 1380 3578 1448 τῇ
3619 1378 3869 1447 παρούσῃ
3920 1378 4036 1447 ζωῇ

767 1450 960 1513 duros,
994 1451 1098 1505 nisi
1142 1450 1195 1504 in
1226 1450 1407 1503 divina
1447 1453 1649 1504 virtute
1680 1466 1805 1519 spes
1840 1461 2029 1505 nostra
2069 1451 2342 1504 firmatur.

2451 1470 2672 1535 ἀγῶνας
2702 1472 2797 1523 καὶ
2822 1471 3021 1533 πόνους
3071 1471 3133 1523 οὐ
3163 1470 3364 1539 ῥᾳδίως
3414 1471 3683 1537 ἐνεγκεῖν,
3744 1470 3883 1538 πλὴν
3912 1471 4041 1523 ὅσον

770 1539 826 1594 Si
888 1556 1017 1610 ergo
1061 1541 1197 1596 tales
1230 1557 1424 1597 sumus
1476 1557 1602 1612 erga
1662 1543 1829 1604 ﬁlios,
1878 1542 2101 1611 quinam
2138 1542 2347 1597 erimus

2450 1562 2543 1614 ἐπὶ
2574 1564 2639 1630 τῇ
2678 1560 2801 1630 θεία
2829 1560 3061 1629 δυνάμει
3084 1564 3182 1630 τῆς
3214 1561 3429 1623 ἐλπίδος
3459 1561 3621 1632 ἡμῶν
3668 1562 4043 1615 ἀποσαλευού-

770 1646 900 1700 erga
928 1640 1159 1687 ca-teros
1183 1639 1233 1687 et
1251 1633 1343 1703 qui
1370 1646 1475 1685 non
1503 1633 1557 1684 in
1589 1632 1781 1687 ordine
1813 1632 2043 1687 liliorum
2068 1648 2345 1703 reponun-

2452 1668 2570 1718 σης.
2606 1646 2778 1704 Εἰοῦν
2797 1650 2928 1721 περὶ
2981 1651 3149 1703 τέκνα
3207 1652 3468 1713 τοιοῦτοι,
3520 1652 3670 1715 τίνες
3747 1651 3814 1705 ἂν
3840 1652 4041 1721 εἴημεν

767 1726 902 1780 tur?
929 1724 1034 1781 Sed
1068 1735 1215 1780 tuam
1252 1724 1595 1789 memoriam,
1630 1723 1701 1778 (ili
1733 1725 1807 1778 mi
1868 1734 2101 1789 sacrate,
2132 1728 2183 1778 in
2219 1741 2346 1794 pec-

2451 1744 2589 1812 πρὸς
2609 1744 2850 1814 ἐτέρους,
2878 1743 2969 1795 καὶ
2988 1741 3084 1806 οὒς
3116 1744 3147 1811 ή
3175 1743 3284 1797 τῶν
3311 1743 3521 1797 τέκνων
3554 1746 3657 1799 οὐκ
3693 1740 3802 1797 οἶδε
3843 1745 3999 1811 τάξις
4025 1762 4039 1807 ;

770 1829 887 1873 tore
934 1833 1054 1873 meo
1103 1832 1425 1888 permanere
1479 1817 1617 1871 bene
1666 1818 1818 1870 novit
1848 1817 1941 1886 qui
1988 1816 2120 1870 illud
2166 1816 2342 1869 tinxit.

2449 1836 2566 1887 ἀλλ’
2599 1836 2682 1888 ὅτι
2716 1836 2868 1905 μὲνὴ
2899 1836 2963 1906 σὴ
2996 1838 3211 1905 μνήμη,
3243 1837 3435 1889 τέκνον
3485 1838 3643 1907 ἡμῶν
3674 1838 3841 1906 ἱερὸν,
3878 1841 3936 1890 ἐν
3969 1842 4036 1909 τῇ

768 1910 906 1979 Quia
966 1925 1095 1965 vero
1148 1926 1212 1965 ex
1252 1909 1497 1979 epistolis
1562 1908 1729 1962 infers
1779 1921 2027 1962 nostrum
2078 1922 2341 1999 amorem,

2450 1929 2556 1998 ἐμῇ
2586 1928 2783 1998 καρδία
2813 1928 2902 1981 διὰ
2936 1932 3165 1991 παντὸς,
3196 1924 3337 1981 οἶδεν
3367 1931 3395 1982 ὁ
3424 1930 3639 1993 πλάσας
3665 1931 3840 1999 αὐτήν
3870 1948 3884 1961 ·
3910 1932 4044 1983 ἐπεὶ

770 2005 910 2059 scito
947 2018 1045 2058 uec
1073 2004 1202 2057 illud
1232 2017 1331 2057 nos
1373 2002 1647 2059 omisisse.
1685 2000 2021 2072 Scripsimus
2054 2001 2199 2055 enim
2237 2014 2345 2053 non

2448 2021 2505 2073 δὲ
2529 2020 2634 2073 ἀπὸ
2664 2020 2773 2073 τῶν
2826 2021 3176 2090 γραμμάτων
3207 2020 3543 2091 συμϐάλλεις
3596 2022 3697 2092 τὴν
3756 2023 4050 2093 ἡμετέραν

770 2098 961 2160 semel,
999 2097 1091 2153 sed
1126 2095 1209 2150 bis
1239 2106 1289 2149 et
1322 2106 1425 2161 ter,
1464 2096 1740 2176 quamvis,
1774 2104 1835 2149 ut
1894 2095 2130 2156 videtur,
2170 2108 2345 2162 usque
2374 2123 2420 2182 Β

2398 2112 2727 2183 ιστοργὴν,
2782 2112 2894 2165 ῐσθι
2956 2113 3093 2183 μηδὲ
3143 2113 3340 2166 τούτου
3401 2115 3552 2183 ἡμᾶς
3607 2113 4049 2184 διημεληκότας.

770 2190 838 2244 ad
898 2200 948 2244 te
1003 2189 1250 2258 epistola:
1285 2204 1394 2243 non
1452 2196 1841 2260 pervenerunt,
1900 2203 2025 2242 cum
2072 2201 2250 2255 neque
2290 2186 2341 2238 in

2464 2204 2819 2273 Ἐγράψαμεν
2848 2203 2957 2274 γὰρ
2996 2202 3095 2273 οὐχ
3118 2202 3289 2270 ἅπαξ,
3326 2202 3465 2257 ἀλλά
3498 2204 3591 2258 καὶ
3614 2203 3719 2265 δὶς,
3755 2201 3850 2255 καὶ
3890 2203 4048 2271 τρὶς,

773 2294 915 2335 terra
939 2281 1115 2335 aliena
1142 2282 1661 2352 peregrinationem,
1682 2296 1860 2351 neque
1895 2280 2044 2334 aliud
2064 2278 2341 2349 quidpiam

2452 2300 2500 2351 εἰ
2539 2298 2653 2358 καὶ,
2683 2296 2759 2358 di;
2788 2296 2960 2356 ἔοικε,
3000 2297 3165 2367 μέχρι
3194 2295 3290 2349 σοῦ
3333 2296 3401 2349 τὰ
3426 2295 3714 2365 γραφέντα
3762 2294 3886 2365 (μὴ)
3922 2295 4049 2363 8d;-

768 2376 926 2445 quasi
961 2376 1251 2430 oblivionis
1286 2390 1507 2431 causam
1556 2375 1784 2445 allegas.
1820 2376 2093 2439 Attamen,
2138 2373 2208 2426 lili
2247 2371 2342 2432 mi,

2450 2404 2576 2440 κετο
2631 2386 2771 2439 ὥστε
2808 2388 2947 2456 μήτε
3003 2388 3102 2456 τὴν
3162 2386 3220 2437 ἐν
3271 2384 3530 2455 ἀλλοτρίᾳ
3573 2387 3643 2454 γῇ
3698 2382 4047 2450 ἀποδημίαν,

768 2469 985 2523 etiamsi
1014 2471 1085 2522 ita
1144 2478 1314 2531 esset,
1350 2469 1638 2538 oportebat
1675 2479 1727 2522 te
1767 2468 2036 2538 conjicere
2086 2465 2340 2519 ardorem

2454 2480 2593 2551 μήτε
2634 2479 2761 2534 ἄλλο
2788 2497 2838 2532 τι
2870 2478 3011 2549 πρὸς
3061 2479 3243 2532 αἰτίαν
3295 2478 3471 2549 λήθης
3524 2479 3661 2547 ἡμῖν
3716 2476 4047 2544 ἀναφέρετς.

771 2569 971 2614 nostra:
1004 2559 1228 2613 humilis
1255 2560 1473 2623 animai,
1504 2570 1559 2615 et
1584 2574 1647 2614 ea
1682 2575 1802 2630 qua:
1831 2574 1933 2613 nos
1964 2572 2179 2626 semper
2208 2556 2345 2609 deti-

2451 2573 2561 2625 Καί
2597 2590 2701 2636 τοι,
2736 2573 2933 2625 τέκνον
2963 2572 3145 2642 ἡμῶν,
3183 2572 3229 2623 εἰ
3262 2569 3543 2624 καὶτοῦτο
3573 2564 3663 2640 ἦν,
3695 2569 3801 2622 ἔδει
3828 2584 3884 2618 σε
3910 2568 4051 2618 ἀνα-

769 2661 899 2705 nent
924 2663 1143 2722 propter
1164 2652 1357 2707 delicta
1390 2661 1577 2706 nostra
1614 2653 1666 2706 in
1697 2651 2109 2707 excusationem
2145 2648 2344 2703 habere

2447 2664 2802 2734 λογιζόμενον
2832 2664 2931 2736 τὴν
2966 2664 3139 2732 φλόγα
3172 2664 3274 2731 τῆς
3310 2664 3452 2733 ἐμῆς
3498 2665 3770 2732 ταπεινῆς
3828 2662 4043 2730 ψυχῆς.

768 2744 1057 2811 quodnon
1120 2745 1401 2813 acceperis
1453 2743 1760 2812 epistolam,
1813 2758 1919 2796 non
1973 2750 2155 2797 autem
2211 2740 2342 2795 illud

2451 2761 2544 2812 καὶ
2575 2760 2642 2812 τὰ
2676 2758 2971 2828 συνέχοντα
3004 2759 3093 2811 διὰ
3119 2758 3218 2820 τὰς
3248 2758 3525 2827 ἁμαρτίας
3556 2756 3735 2826 ήμῶν,
3782 2759 3858 2818 εἰς
3900 2772 4051 2821 συγ-

769 2836 984 2890 ιετίιιιὶιιί
1022 2845 1254 2890 vertere.
1312 2834 1579 2891 Novimus
1612 2836 1757 2890 enim
1818 2845 1871 2889 te
1921 2849 2142 2904 quoque
2197 2833 2341 2886 inter

2448 2852 2676 2923 γνώμην
2731 2852 2916 2905 δοῦναι
2969 2853 3029 2903 τὸ
3074 2853 3149 2923 μὴ
3185 2852 3443 2919 δέξασθαι
3494 2854 3751 2923 γράμμα,
3792 2850 3927 2903 ἀλλὰ
3966 2850 4051 2921 μὴ

767 2930 1178 2985 vicissitudines
1203 2929 1485 2986 ambulare
1544 2940 1598 2985 et
1625 2929 2037 2983 tribulationum
2065 2927 2341 2981 fornacem

2450 2947 2709 3016 ἔγκλησιν
2740 2946 2901 3000 τοῦτο
2924 2947 3219 3001 ποιεῖσθαι.
3248 2947 3487 3015 Οἴδαμεν
3513 2943 3607 3000 οὖν
3634 2946 3715 2999 ὅτι
3748 2945 3842 2998 καὶ
3870 2945 4051 3007 αὐτὸς

769 3021 1044 3091 experiri;
1077 3022 1168 3077 sed
1203 3030 1421 3077 nostras
1454 3036 1542 3077 res
1572 3036 1696 3077 esse
1730 3021 1836 3075 illis
1863 3037 1983 3091 qnze
2016 3031 2067 3073 te
2098 3019 2341 3072 cireum-

2448 3043 2546 3113 τὴν
2580 3041 2691 3096 τῶν
2745 3041 3128 3112 περιστάσεων
3190 3040 3442 3103 ἐλαύνεις
3508 3041 3760 3113 πορείαν,
3794 3039 3893 3091 καὶ
3938 3038 4051 3104 τῆς

769 3111 995 3165 “mium
1030 3111 1371 3167 mo'esuores
1410 3127 1518 3165 n0"
1566 3112 1811 3180 "°3“bi3'
2451 3109 2683 3203 καμίνου
2720 3109 2833 3187 τῶν
2852 3133 3087 3201 θλίψεων
3113 3136 3308 3204 πεῖραν
3338 3109 3662 3202 λαμϐάνεις.
3694 3130 3856 3183 Ἀλλά
3881 3130 3945 3180 τό
3978 3146 4051 3197 γε

2449 3227 2722 3296 ἡμέτερον
2751 3225 2864 3278 οὐδ’
2908 3225 3070 3287 αὐτὸς
3116 3224 3183 3277 ἂν
3230 3224 3528 3292 ἀντείποις,
3556 3224 3633 3287 ὡς
3662 3222 3785 3293 οὐχὶ
3831 3221 3943 3274 τῶν
3980 3239 4049 3275 σε

2450 3318 2967 3390 περιστοιχιζόντων
3003 3316 3452 3388 ἐπωδυνώτερον.

840 3398 945 3454 Sed
974 3398 1041 3453 de
1072 3398 1157 3453 his
1183 3398 1381 3468 quibus
1431 3414 1531 3468 ego
1563 3408 1615 3453 et
1667 3407 1719 3451 tu
1750 3396 1930 3452 aﬂlieti
1975 3412 2167 3451 sumus
2207 3394 2343 3449 nihil

2536 3413 2697 3466 Ἀλλά
2756 3414 2886 3481 περὶ
2937 3406 3014 3465 ὧν
3064 3412 3175 3480 ἐγώ
3230 3428 3289 3465 τε
3319 3411 3417 3465 καί
3448 3411 3513 3465 σὺ
3542 3409 3921 3480 λελυπήμεθα,
3966 3407 4053 3479 μὴ

771 3494 1026 3563 amplius.
1061 3490 1183 3547 Haec
1218 3503 1397 3547 autem
1424 3492 1605 3547 scribo
1634 3507 1755 3560 qua:
1790 3504 2027 3560 prmsens
2053 3488 2253 3543 audisti
2293 3496 2347 3540 et
2376 3482 2419 3543 C

2403 3482 2419 3543 ἶ
2452 3507 2615 3560 πλέον
2650 3506 2912 3578 εἰρήσθω.
2960 3507 3177 3560 Ἐκεῖνα
3206 3506 3263 3560 δέ
3295 3523 3378 3559 σοι
3403 3506 3592 3559 λοιπὸν
3622 3504 3822 3575 γράφω
3866 3504 3901 3558 ἃ.
3942 3504 4054 3557 καὶ

769 3590 968 3643 absens
998 3585 1178 3650 audis,
1211 3583 1454 3640 dictante
1522 3583 1727 3654 Spiritu
1755 3591 1969 3645 sancto,
2002 3596 2194 3651 nempe
2231 3594 2341 3635 non

2451 3600 2648 3673 παρὼν
2704 3602 2969 3672 ἤκουσας,
3017 3601 3114 3654 καὶ
3179 3599 3336 3653 ἀπὼν
3376 3599 3597 3661 ἀκούεις
3629 3598 3723 3651 τοῦ
3766 3596 4052 3661 παναγίου

768 3696 889 3735 esse
916 3678 1223 3748 condignas
1256 3677 1539 3747 passiones
1574 3677 1737 3746 hujus
1782 3675 2042 3745 temporis
2078 3674 2143 3727 ad
2191 3674 2345 3727 futu-

2452 3712 2536 3747 σοι
2569 3697 2884 3763 Πνεύματος
2933 3694 3277 3765 ἐνηχοῦντος,
3323 3693 3405 3745 ὅτι
3449 3692 3551 3745 ούκ
3588 3691 3712 3755 ἀξια
3752 3692 3818 3743 τά
3862 3689 4054 3760 παθή-

771 3787 885 3825 ram
923 3770 1155 3839 gloriam
1183 3784 1309 3839 quae
1341 3768 1669 3825 revelabitur
1697 3770 1746 3821 in
1775 3769 1955 3821 nobis.
2008 3768 2076 3821 Et
2130 3775 2343 3819 tantum

2454 3803 2598 3857 ματα
2625 3786 2718 3840 τοῦ
2747 3787 2843 3839 νῦν
2873 3786 3069 3857 καιροῦ
3094 3786 3233 3856 πρὸς
3269 3786 3366 3854 τὴν
3409 3784 3714 3854 μέλλουσάν
3761 3799 3844 3835 σοι
3874 3782 4054 3846 δόξαν

770 3870 924 3917 ahest
954 3871 1013 3916 ut
1039 3862 1255 3917 doleam
1299 3862 1366 3916 de
1394 3862 1483 3917 his
1507 3877 1628 3929 qua:
1653 3860 1795 3916 dicis
1821 3859 2063 3927 regionis
2094 3858 2347 3913 alllictio-

2450 3879 2943 3934 ἀποκαλύπτεσθαι
2973 3895 2989 3911 ·
3037 3879 3132 3931 καὶ
3192 3877 3449 3931 τοσοῦτον
3492 3878 3685 3946 ἀπέχω
3714 3875 3809 3929 τοῦ
3846 3876 4052 3942 ἀλγεῖν

769 3955 933 4011 nibus
957 3963 1015 4009 ut
1043 3970 1073 4010 e
1101 3964 1294 4010 contra
1324 3953 1602 4009 desiderio
1630 3962 1834 4008 tenear.
1864 3950 1930 4005 Et
1951 3955 2159 4006 utinam
2194 3951 2345 4005 auris

2448 3972 2537 4042 ἐφ’
2564 3967 2645 4034 οἷς
2690 3971 2872 4040 λέγεις
2904 3970 3175 4040 θλιϐεροῖς
3203 3970 3303 4038 τῆς
3329 3968 3537 4039 χώρας,
3571 3967 3715 4021 ὥστε
3749 3968 3845 4020 καὶ
3875 3966 4052 4034 εὖχο-

767 4050 860 4105 Dei
903 4062 1069 4115 nunc,
1096 4047 1141 4104 si
1182 4047 1324 4101 forte
1355 4062 1621 4117 unquam,
1654 4046 1913 4116 precibus
1948 4047 2085 4099 meis
2126 4043 2345 4097 humili-

2452 4082 2571 4135 μαι.
2623 4066 2734 4117 Καὶ
2790 4064 2877 4133 εἴη
2908 4080 2972 4131 γε
3010 4064 3072 4116 τὸ
3104 4062 3247 4116 θεῖον
3272 4059 3365 4125 οὖς
3394 4063 3446 4115 εἴ
3474 4078 3606 4115 ποτε
3635 4063 3702 4131 τῇ
3740 4062 3844 4130 ἐμῇ
3876 4076 4054 4112 τετει-

766 4144 870 4199 bus
912 4142 1180 4208 attendat,
1227 4150 1282 4196 et
1328 4141 1886 4196 communicationem
1950 4149 2167 4193 tuarum
2200 4151 2343 4191 aeru-

2450 4155 2764 4227 πεινωμένῃ
2824 4155 2956 4225 εὐχῇ
3010 4152 3105 4207 νῦν
3172 4153 3467 4223 προσέχον,
3522 4153 3622 4206 καὶ
3668 4150 3887 4221 εὕροιμι
3934 4152 4054 4221 τὴν

767 4251 1019 4292 mnarum
1053 4235 1349 4289 inveniam.
1397 4235 1538 4301 Quid
1571 4232 1715 4287 enim
1759 4232 1813 4287 in
1844 4232 1970 4287 vitae
2015 4230 2344 4300 prosperita-

2448 4247 2738 4300 κοινωνίαν
2786 4245 2897 4298 τῶν
2960 4245 3070 4297 σῶν
3136 4244 3393 4313 θλίψεων.
3426 4241 3494 4295 Τί
3524 4244 3636 4311 γὰρ
3681 4243 3794 4296 τῶν
3828 4245 3886 4295 ἐν
3937 4241 4054 4313 βίῳ

766 4330 917 4384 tibus
940 4329 1029 4383 his
1050 4326 1498 4383 tribulationibus
1518 4325 1947 4396 comparandum
1973 4323 2346 4381 inveniretur?

2446 4338 2855 4408 εύφραινόντων
2885 4336 3277 4405 ἀντιτιμᾶσθαι
3308 4337 3429 4397 ταῖς
3459 4334 3746 4398 τοιαύταις
3784 4334 4055 4403 θλίψεσιν

766 4419 1026 4486 Quaenam
1057 4434 1120 4472 ex
1146 4419 1225 4473 eis
1247 4432 1371 4487 quae
1400 4417 1558 4473 beata
1589 4426 1882 4473 censentur
1908 4417 2142 4471 felicitas
2172 4417 2346 4479 maui-

2447 4432 2737 4503 εύοεθείης
2777 4430 2916 4484 Ποία
2944 4430 3056 4482 τῶν
3121 4428 3460 4498 νομιζόντων
3521 4427 3860 4496 εὐδαιμόνων
3904 4428 4055 4480 ἀντ-

765 4510 1007 4579 paranda
1042 4506 1185 4563 foret
1235 4508 1321 4563 his
1360 4524 1481 4579 quae
1529 4518 1599 4574 te,
1633 4507 1708 4562 ﬁli
1745 4510 1843 4575 mi,
1886 4509 2123 4580 amigere
2154 4511 2346 4567 viden-

2447 4526 2599 4590 ἀξιος
2626 4522 2790 4593 ἡδονὴ
2822 4522 3035 4590 γένοιτο
3056 4521 3168 4581 τοῖς
3196 4521 3279 4582 σὲ,
3310 4518 3505 4571 τέκνον
3546 4518 3727 4588 ἡμῶν,
3776 4516 4057 4585 ἀλγύνειν

767 4603 890 4656 tur?
938 4601 1190 4671 Magnam
1248 4602 1425 4656 sortiti
1499 4616 1693 4656 sumus
1760 4600 1988 4671 gratiam
2037 4616 2068 4655 a
2110 4602 2347 4673 benigno

2444 4616 2706 4681 δοκοῦσις
2734 4612 2998 4681 Μεγάλης
3027 4610 3302 4680 ἐλάχομεν
3352 4607 3505 4678 παρά
3540 4606 3637 4660 τοῦ
3667 4606 4058 4674 πεςιληκότος

765 4695 987 4750 Christo
1030 4693 1143 4748 Deo
1185 4701 1376 4749 nostro
1404 4693 1498 4763 qui
1532 4694 1723 4748 dilexit
1760 4708 1883 4749 nos.
1914 4693 2345 4764 Magnitudinem

2446 4709 2598 4777 ἡμᾶς
2637 4703 3024 4774 φιλανθρώπου
3046 4699 3287 4768 Χριστοῦ
3319 4698 3417 4753 καὶ
3440 4698 3578 4752 Θεοῦ
3598 4697 3763 4768 ἡμῶν
3783 4698 4054 4777 χάριτος.

765 4788 885 4857 ejus
914 4786 1351 4851 consideremus,
1377 4800 1479 4840 nec
1505 4783 1863 4851 benefactori,
1888 4787 1935 4840 si
1969 4802 2076 4842 non
2103 4787 2340 4857 plenam,
2370 4842 2416 4868 ἢ

2408 4846 2424 4868 ι
2448 4776 2509 4850 τὸ
2541 4794 2831 4868 μεγαλεῖον
2847 4794 3016 4863 αὐτῆς
3040 4792 3334 4861 ἐννοῶμεν,
3368 4791 3463 4844 καὶ
3494 4790 3572 4860 τῷ
3592 4776 3862 4863 εὐεργέέῃ
3892 4791 4059 4844 κατὰ

766 4878 958 4933 saltem
982 4892 1082 4947 pro
1105 4877 1329 4937 viribus.
1350 4876 1740 4947 gratitudinem
1765 4876 1971 4932 referre
1995 4877 2339 4934 omittamus.
2370 4876 2417 4904 ”

2407 4876 2425 4901 ’
2450 4891 2687 4960 δύναμιν
2710 4889 2811 4958 τὴν
2841 4886 3222 4958 εὐχαριστίαν,
3255 4886 3304 4938 εί
3351 4882 3447 4937 καὶ
3483 4882 3559 4955 μὴ
3608 4884 3709 4942 τὴν
3739 4884 4058 4953 ὀφειλομέ-

769 4966 873 5022 Sed
894 4982 1002 5023 non
1032 4968 1189 5038 quasi
1231 4979 1641 5023 murmurantes
1670 4968 1865 5035 simus,
1891 4985 1991 5026 nec
2012 4971 2347 5042 magnitudi-

2450 4999 2571 5052 νην,
2614 4980 2962 5043 ἀποδιδόντες
3016 4979 3091 5048 μὴ
3144 4979 3427 5049 λήγωμεν.
3491 4976 3654 5030 Ἀλλὰ
3712 4977 3786 5047 μὴ
3841 4976 4058 5049 ὥσπερ

764 5076 887 5115 nem
917 5061 1105 5130 gratiae
1139 5060 1294 5114 nihili
1327 5059 1614 5117 faciamus.
1638 5061 1755 5125 Dic,
1790 5061 1862 5116 illi
1898 5064 1993 5127 mi,
2022 5063 2067 5117 si
2123 5064 2249 5132 quis
2276 5078 2343 5118 ex

2450 5069 2965 5139 καταγογγύζοντες
2993 5061 3167 5136 ὦμεν,
3200 5068 3296 5120 καὶ
3322 5067 3383 5120 τὸ
3414 5066 3646 5136 μέγεθος
3675 5068 3778 5136 τῆς
3807 5068 4060 5137 χάριτος

766 5161 925 5207 terra:
956 5153 1273 5221 potentibus
1307 5162 1359 5208 te
1388 5154 1442 5209 in
1479 5154 1595 5209 suis
1619 5155 1906 5210 ordinibus
1940 5158 2344 5219 constituisset,

2448 5161 2603 5233 παρά
2640 5161 2845 5231 φαῦλον
2877 5159 3184 5229 ποιώμεθα.
3214 5158 3371 5222 Εἰπὲ,
3401 5160 3591 5211 τέκνον
3620 5158 3804 5227 ἡμῶν,
3846 5158 3901 5209 εῖ
3957 5160 4062 5222 τίς

767 5244 949 5315 qualis
984 5243 1230 5302 fuisses?
1262 5245 1436 5312 Quam
1491 5248 1908 5316 dispositionem
1950 5252 2288 5318 suscepisses
2318 5252 2341 5303 ἲ

2450 5274 2509 5311 σε
2544 5256 2655 5309 τῶν
2689 5256 2783 5309 ἐπὶ
2826 5254 2932 5322 γῆς
2983 5255 3131 5323 μέγα
3190 5252 3509 5321 δυναμένων
3558 5254 3639 5315 εἰς
3687 5250 3788 5321 τὴν
3833 5250 4061 5304 ἑαυτςῦ

763 5338 921 5392 Nunc
944 5344 1128 5392 autem
1160 5351 1266 5392 non
1289 5340 1527 5393 attendis
1551 5348 1825 5393 amantem
1854 5355 1957 5393 nos
1983 5339 2344 5410 Salvatorem,

2450 5346 2761 5416 κατέστησε
2797 5344 2974 5411 τάξιν,
3029 5344 3113 5406 τίς
3144 5344 3210 5397 ἂν
3237 5342 3428 5411 ἐγένου
3454 5358 3470 5405 ;
3494 5343 3591 5395 καὶ
3624 5341 3789 5393 ποίαν
3811 5339 3880 5393 ἂν
3910 5341 4062 5392 διὰ-

764 5429 857 5501 qui
890 5431 1244 5502 semetipsum
1276 5431 1579 5487 exinanivit
1607 5448 1669 5488 ex
1700 5432 1987 5487 altitudine
2014 5434 2201 5503 gloriae
2229 5450 2343 5490 suae

2451 5437 2601 5491 θεσιν
2629 5437 2896 5491 ἀνελάῆοο
2929 5454 2944 5503 ;
2974 5431 3110 5491 Εἶτα
3162 5436 3259 5490 οὐκ
3292 5438 3518 5499 ἐννοεῖς,
3548 5436 3625 5494 ὡς
3665 5436 3694 5487 ὁ
3724 5432 4062 5501 φιλάνθρω-

765 5532 825 5577 ut
855 5522 1091 5579 salvaret
1145 5527 1293 5594 quod
1352 5525 1612 5594 perierat,
1645 5534 1700 5580 et
1748 5540 1850 5581 eos
1898 5527 1991 5595 qui
2041 5527 2093 5580 in
2146 5527 2340 5581 umbra

2450 5548 2550 5593 πος
2571 5530 2731 5601 ἡμῶν
2777 5529 2969 5599 Σωτὴρ
3004 5530 3032 5581 ὁ
3062 5526 3312 5589 κενώσας
3370 5527 3567 5580 ἐαυτδν
3620 5526 3679 5590 ἐξ
3736 5523 3907 5592 ὕψους
3936 5524 4062 5595 τῆς

768 5617 1065 5686 impietatis
1099 5618 1357 5672 errabant
1407 5618 1461 5671 in
1506 5618 1683 5674 lucem
1731 5620 1989 5689 dirigeret
2020 5621 2261 5690 pietatis,
2292 5631 2343 5675 te

2446 5622 2607 5693 δόξης
2658 5620 2848 5687 αὐτού,
2879 5619 2967 5675 ἵνα
3020 5620 3084 5674 τὸ
3119 5619 3406 5682 ἀπολωλὸς
3465 5617 3641 5690 σώσῃ,
3695 5618 3784 5670 ῖνα
3810 5618 3945 5678 τοὺς
3983 5620 4062 5675 ὲν

767 5709 824 5764 in
848 5710 978 5766 illud
1004 5712 1151 5782 quod
1180 5712 1297 5781 ipse
1322 5712 1564 5783 suscepit
1598 5713 1965 5769 ministeriqu
1994 5716 2343 5784 produxisse,

2450 5717 2633 5770 σκότει
2699 5716 3090 5784 πλανωμένους
3144 5714 3245 5783 τῆς
3311 5712 3570 5773 ἀσεϐείας
3629 5712 3768 5781 πρὸς
3801 5711 3864 5764 τὸ
3913 5713 4060 5779 φῶς

767 5818 871 5859 nec
900 5817 1066 5860 omne
1096 5804 1381 5876 gaudium,
1414 5820 1633 5862 omnem
1663 5806 1908 5863 lzetitiam
1945 5824 2063 5879 quze
2095 5809 2149 5863 in
2193 5824 2345 5863 men-

2448 5808 2693 5879 δδηγήσῃ
2718 5806 2819 5878 τῆς
2842 5807 3233 5873 εὐσεϐείας,είς
3255 5804 3323 5875 ἣν
3346 5803 3509 5867 αὐτὸς
3536 5802 3710 5856 εἵλετο
3726 5802 4058 5873 διακονίαν,

771 5904 878 5951 tem
912 5895 1209 5955 humanam
1242 5898 1439 5957 cadere
1467 5898 1637 5969 possit
1672 5901 1933 5967 assumis,
1971 5917 2069 5958 nec
2097 5900 2341 5957 omnium

2452 5900 2530 5963 εἰς
2554 5897 2763 5970 ταύτην
2794 5916 2853 5953 σε
2880 5898 3224 5971 προύϐάλετο
3256 5898 3348 5952 καὶ
3382 5900 3568 5952 πᾶσαν
3596 5897 3795 5967 χαρὰν,
3854 5897 4067 5953 πᾶσαν
