4182 6428
150 302 248 363 2ίὸ

1618 300 2024 361 EPISTOLJE.

3308 292 3415 353 246

152 416 369 485 ἡδονὴν,
404 416 509 482 ὅση
538 414 730 482 πτεροί
761 410 855 464 τὸν
878 411 1223 480 ἀνθρώπινον
1255 412 1378 465 νοῦν
1421 411 1745 478 ἀναλαμϐα-

1868 409 1943 479 ιυί
1976 415 2107 464 sunt
2166 408 2219 461 in
2285 408 2391 461 vita
2440 416 2491 461 te
2536 404 2821 459 existimas
2859 402 3253 457 beatissimum.
3310 404 3415 457 Sed

154 526 281 573 νεις,
306 507 413 560 καὶ
439 506 664 558 πάντων
695 504 925 558 σεαυτὸν
948 507 1056 577 ἡγῇ
1074 506 1184 558 τῶν
1213 507 1270 558 ὲν
1301 504 1403 575 βίῳ
1442 503 1733 574 μακαριώ-

150 617 332 659 τατον,
368 597 490 652 ἀλλ’
527 597 695 667 ὀδύρῃ
721 597 814 650 καὶ
845 596 1064 667 θρηνεῖς
1094 597 1301 669 ἐσχάτῃ
1330 598 1740 666 περιπεσόντων

154 692 417 761 συμφορᾷ
452 708 469 757 ;
525 690 635 743 Καὶ
682 689 787 741 ποῦ
825 689 1000 742 ταῦτα
1023 688 1132 741 τῶν
1178 689 1254 751 ὡς
1290 689 1353 741 σὲ
1388 688 1570 759 χάριτι
1605 674 1741 740 Θεοῦ

153 785 209 835 ὲκ
250 782 452 845 παιδὸς
511 782 846 852 ἀνηγμένον,
882 782 975 834 καὶ
1033 782 1238 852 ἀρετὴν
1302 780 1736 851 μεμελετηκότα,

156 878 240 927 καί
263 875 428 928 οὐδὲν
454 875 551 927 ἐπὶ
576 875 681 943 γῆς
712 874 808 927 τοῦ
865 873 1266 944 μακαρίζεσθαι
1310 872 1464 938 ἄξιον
1515 872 1742 939 λογισα-

157 968 332 1035 μὲνων
359 968 744 1036 προσήκοντα,
795 965 907 1034 ἐγὼ
943 964 1199 1019 τοσοῦτον
1234 966 1427 1034 ἀπέχω
1472 964 1566 1016 τοῦ
1620 962 1747 1016 ἀθυ-

157 1062 276 1127 μεῖν
311 1060 406 1126 ἐφ’
439 1055 523 1120 οἷς
559 1057 814 1128 ἀθυμεῖς,
860 1056 1001 1110 ὥστε
1057 1058 1187 1111 ὅταν
1220 1056 1288 1109 τὰ
1321 1056 1389 1109 σὰ
1440 1055 1744 1125 πράγματα

154 1154 227 1213 είς
248 1152 381 1204 νοῦν
410 1150 810 1220 ἀναλήψωμαι,
844 1150 932 1202 διὰ
964 1148 1060 1202 τοῦ
1096 1149 1313 1220 χαίρειν
1343 1148 1435 1201 ἐπὶ
1468 1149 1581 1210 τοῖς
1612 1149 1746 1210 σοῖς,

156 1243 603 1312 ἐπιλανθάνομαι
630 1242 743 1295 τῶν
774 1242 995 1295 οἰκείων
1026 1242 1237 1294 κακῶν.

235 1335 440 1403 Ἡμεῖς
464 1336 567 1404 μὲν
592 1335 701 1403 γὰρ
734 1336 783 1387 εἰ
812 1336 908 1388 καὶ
963 1333 1305 1404 συνεχόμεθα
1358 1336 1471 1397 τοῖς
1514 1333 1751 1387 ἐνταῦθα

156 1431 447 1498 λυπηροῖς,
480 1428 615 1481 ἀλλά
635 1428 737 1495 φεῦ
760 1429 869 1481 τῶν
888 1429 1036 1498 ἐμῶν
1066 1429 1277 1493 παθῶν,
1305 1429 1523 1482 πάντων
1548 1429 1621 1490 ὡς
1638 1428 1756 1482 ὲπί-

162 1538 353 1573 σταται
378 1522 602 1583 ἱκανοὺς
622 1521 847 1584 ἑαυτοὺς
868 1522 1127 1589 οἰομένων
1144 1520 1342 1574 εἰδέναι
1362 1522 1456 1588 τὴν
1481 1522 1753 1590 σωτηρίαν

160 1609 360 1680 μικροῦ
396 1612 506 1663 δέω
540 1613 737 1673 εἰπεῖν,
781 1611 987 1680 ἀκερδῆ
1046 1612 1286 1681 φέρομεν
1318 1611 1414 1679 τὴν
1448 1613 1751 1680 ὑπομονήν.

158 1706 242 1756 Σοὶ
279 1703 338 1755 δὲ
372 1703 478 1771 οὺχ
513 1702 685 1765 οὕτως
715 1701 851 1772 ἔχει,
884 1702 1021 1754 ἀλλὰ
1064 1702 1201 1770 μετά
1244 1704 1342 1769 τῆς
1368 1701 1573 1755 ἀνωθεν
1600 1700 1757 1753 δυνά-

159 1795 383 1862 μεω;,εί
411 1793 509 1845 καὶ
532 1794 606 1861 μὴ
627 1792 865 1855 πάντων,
881 1790 995 1842 ἀλλ’
1016 1791 1139 1842 ὅσον
1155 1790 1364 1858 δήποτε
1385 1789 1762 1859 προσεχόντων

165 1882 227 1950 τῷ
240 1882 393 1951 λόγῳ
408 1880 514 1949 τῆς
532 1881 1000 1945 διδασκαλίας-,καὶ
1016 1879 1133 1932 ἀντὶ
1145 1880 1246 1948 τῆς
1260 1879 1447 1941 absim;
1464 1880 1560 1948 τὴν
1576 1879 1759 1948 θεῖκὴν

158 1975 464 2039 ἐπίγνωσιν
484 1972 908 2040 ἀλλασσομένων
930 1973 1265 2041 ἀσύγκριτον
1288 1974 1386 2041 τῆς
1403 1972 1683 2041 ὑπομονῆς
1702 1974 1762 2023 τὸ

160 2064 371 2133 κέρδος.
394 2063 489 2132 Μὴ
501 2058 594 2115 οῦν
610 2062 887 2133 δυσφόρει,
907 2064 1040 2134 μηδὲ
1055 2063 1210 2126 ἀνιῶ,
1233 2062 1367 2133 μηδὲ
1381 2062 1549 2115 τδπτε
1561 2062 1649 2132 ρδν
1662 2063 1763 2130 τῆς

157 2154 405 2218 διανοίας
434 2154 526 2208 διά
552 2154 621 2207 τά
651 2154 1061 2223 προσπίπτοντα
1091 2155 1450 2226 ύποχαλάσῃς
1500 2155 1762 2225 δυσχερῆ,

160 2248 273 2298 ἀλλ’
309 2248 422 2300 ὑπὸ
450 2250 556 2317 τῆς
614 2246 855 2317 ἀληθοῦς
912 2248 1151 2310 ἐλπίδος,
1193 2248 1228 2317 ἢ
1262 2247 1337 2317 μὴ
1407 2247 1763 2313 διαψεύδεται

159 2340 286 2403 τοὺς
322 2338 679 2408 θεράποντας
706 2338 801 2393 τοῦ
821 2340 981 2404 Θεοῦ,
1012 2341 1481 2412 μετεωριζόμενος
1504 2343 1762 2412 ὑπεράνω

166 2450 257 2499 μοι
297 2432 459 2499 γίνου
489 2432 600 2485 τῶν
620 2432 876 2503 ὀδυρμῶν
898 2433 1118 2487 καὶτῶν
1141 2435 1377 2504 θρήνων,
1410 2435 1647 2503 νικώσης
1668 2434 1764 2503 τῆς

164 2526 396 2577 αἰωνίου
431 2525 779 2597 γλυκύτητος
813 2527 992 2580 πάντα
1042 2529 1110 2582 τά
1163 2529 1441 2598 ἐφήμερα.
1483 2528 1551 2580 Τί
1602 2528 1712 2596 γὰρ
1737 2528 1766 2580 ὁ

163 2617 519 2687 ἀνθρώπινος
561 2617 716 2687 βίος;
749 2621 909 2691 εἰπερ
941 2620 1092 2691 χίλια
1133 2621 1230 2691 ἔτη
1272 2621 1350 2683 ὡς
1386 2620 1575 2690 ἡμέρα
1611 2620 1763 2689 λογί-

165 2712 348 2776 ζεται,
396 2714 712 2783 πικραίνειν
747 2713 1009 2768 δοκοῦντα
1034 2714 1136 2785 τὴν
1171 2714 1465 2784 αἴσθησιν,
1494 2714 1677 2783 Χωρὶς
1706 2714 1763 2767 δὲ

166 2806 381 2859 τούτων
404 2806 733 2874 ἀναλογίζου
777 2825 869 2877 μοι
895 2808 963 2861 τά
994 2808 1106 2860 τῶν
1127 2808 1416 2876 μακαρίων
1442 2808 1761 2861 ἀποστόλων

170 2899 320 2969 πάθη
355 2915 371 2929 ·
430 2900 506 2952 ἐῶ
538 2900 649 2970 γάρ
697 2900 765 2954 τά
823 2900 918 2953 τοῦ
970 2901 1281 2953 Δεσπότου’
1353 2900 1533 2953 καίτοι
1604 2902 1765 2953 ποίαν

171 2994 495 3061 πικρότητα
521 2994 712 3046 παθῶν
743 2994 803 3045 ού
834 2992 1041 3047 διαλύει
1079 2993 1189 3046 τῶν
1250 2992 1601 3047 Δεσποτικῶν
1660 3011 1764 3046 πα-

168 3082 232 3152 θη
242 3084 447 3151 μάτων
481 3084 514 3151 ἡ
542 3084 873 3152 ἀνάμνησις.

252 3174 431 3235 Ἀλλ’,
479 3176 529 3226 εί
574 3174 779 3244 βούλει,
832 3173 1015 3244 ἐῶμεν
1047 3175 1244 3241 ταῦτα,
1278 3176 1413 3230 διότι
1447 3179 1635 3246 κύριος
1688 3175 1763 3228 ῶν

170 3268 265 3320 τοῦ
310 3268 393 3337 μὴ
437 3267 695 3337 πάσχειν,
756 3265 898 3320 ἑκὼν
948 3268 1141 3321 ἑαυτὸν
1178 3272 1261 3332 είς
1310 3269 1470 3322 τοῦτο
1495 3271 1761 3340 παρεῖχε.

174 3361 329 3431 Πλὴν
361 3360 669 3429 σκοπῶμεν
700 3361 828 3421 τοὺς
854 3361 971 3428 μετ’
1004 3360 1212 3412 ἐκεῖνον
1240 3360 1308 3413 τά
1362 3360 1554 3413 τούτου
1617 3361 1764 3429 παῖ’]

170 3450 644 3518 ἀναδεξαμένους,
676 3449 915 3512 καὶτοὺς
971 3447 1067 3501 ἀπ’
1100 3449 1284 3501 αὐτῶν
1316 3449 1483 3518 μέχρι
1520 3448 1620 3518 τῆς
1674 3450 1768 3517 σή-

174 3562 347 3614 μερον
379 3544 465 3604 είς
496 3542 590 3595 τὸν
613 3542 708 3595 τοῦ
736 3540 1076 3608 Εὐαγγελίου
1115 3542 1597 3612 παραγγείλαντας
1646 3541 1767 3608 δρό-

174 3656 298 3705 μον,
336 3636 437 3687 καί¹
492 3636 609 3697 τοῖς
647 3635 948 3703 όμοταγὲσι
1009 3633 1077 3685 τά
1126 3636 1305 3686 οἰκεία
1344 3634 1761 3702 συγκρίνοντες,

173 3728 300 3798 μηδ’
340 3729 431 3780 ὅτι
472 3726 717 3794 φέρομεν
754 3723 790 3777 ἃ
840 3724 1119 3786 κάκείνοις
1189 3724 1425 3794 ὑπῆρξε,
1487 3724 1771 3796 δυσφορῶ-

174 3838 296 3889 μεν.
354 3817 505 3872 ’.ἀλλ’
543 3818 596 3870 εί
614 3834 666 3870 τι
699 3816 895 3880 ἐνδεῶς
937 3818 1005 3869 τά
1036 3817 1285 3886 ἡμέτερα
1338 3816 1486 3885 πάθη
1516 3816 1627 3867 τῶν
1662 3834 1767 3885 μα-

171 3914 388 3982 ωρῖων
449 3911 715 3981 Πατέρων
768 3910 925 3979 ⁴ἡμῶν
995 3908 1132 3979 ἔχει’
1187 3910 1246 3963 ὲν
1278 3908 1491 3971 τούτοις
1544 3908 1678 3979 πρὸς
1709 3908 1770 3959 τὸ

170 4005 426 4075 ἁγωνιᾷν
463 4000 847 4070 καθιστάμεθα
882 4000 974 4054 διά
1005 4000 1105 4072 τὴν
1136 4000 1379 4069 ἔλλειψιν
1423 4001 1523 4069 τῆς
1547 4000 1771 4053 ἐκείνων

170 4100 375 4169 χαρᾶς,
414 4096 520 4163 τῆς
579 4094 971 4164 λαμπρότητος
1028 4096 1125 4147 καὶ
1162 4097 1263 4163 τῆς
1322 4094 1502 4163 δόξης,
1530 4094 1660 4146 ὅταν
1693 4094 1772 4155 είς

171 4190 423 4261 ἀμοιϐὴν
466 4188 581 4241 τῶν
610 4188 789 4241 πόνων
819 4189 915 4242 καὶ
950 4187 1051 4265 τὴν
1106 4187 1447 4259 ἀνακηρυξιν
1478 4188 1588 4239 τῶν
1624 4191 1772 4255 ἀγω⁴

173 4285 495 4354 νιζομένων
526 4282 555 4332 ὁ
580 4280 864 4347 Δεσπότης
888 4280 1221 4350 προκαθίση.
1260 4281 1452 4351 ’Δρκεῖ
1491 4279 1664 4332 ταῦτα
1696 4281 1775 4341 είς

175 4374 545 4447 παραμύθιον
605 4372 716 4425 τῶν
766 4370 1001 4441 θλίψεων
1059 4372 1240 4441 ἡμῶν,
1298 4372 1393 4424 καὶ
1449 4371 1654 4439 ουνετῷ
1689 4387 1774 4423 σοι

1844 502 2014 568 gemis
2046 508 2100 554 et
2137 498 2454 552 lamentaris
2494 496 2656 566 quasi
2704 497 2795 564 qui
2829 503 3070 549 extrema
3104 494 3237 560 lapsi
3288 506 3417 548 sunt

1847 592 2087 647 fortuna.
2121 591 2185 646 Et
2214 591 2490 662 quomodo
2522 591 2626 643 ista
2662 587 2804 657 apud
2835 587 3133 651 hominem,
3172 596 3229 639 ιιι
3265 596 3333 643 te.
3367 589 3416 639 in

1850 680 2019 749 gratia
2053 679 2147 734 Dei
2204 696 2233 734 a
2276 693 2446 750 puero
2482 677 2801 743 educatum,
2829 686 2886 730 et
2916 678 3117 731 virtute
3152 676 3421 729 exercita-

1848 784 1985 839 tum,
2017 782 2071 827 et
2099 782 2276 827 ratum
2307 772 2445 827 nihil
2480 786 2603 827 esse
2660 786 2827 840 super
2863 779 3063 823 terram
3112 770 3258 837 quod
3299 768 3423 821 bea-

1850 878 1961 923 tum
1987 868 2201 923 ellieere
2231 868 2427 938 possit.
2453 866 2569 937 Ego
2624 866 2843 935 quidem
2888 871 3101 918 tantum
3153 863 3304 917 abest
3360 873 3421 915 nt

1852 962 2093 1015 animum
2127 960 2491 1029 despondeam
2545 958 2596 1012 in
2639 956 2840 1027 quibus
2890 968 2944 1012 tu
2976 956 3303 1025 despondes,
3340 964 3421 1013 ut.

1852 1072 1972 1110 cum
2002 1065 2123 1111 luas
2152 1068 2238 1109 res
2267 1054 2319 1107 in
2346 1062 2579 1107 mentem
2609 1065 2823 1116 revoco,
2849 1066 2955 1121 pra:
2977 1051 3176 1121 gaudio
3200 1052 3263 1105 de
3293 1047 3422 1107 tuis.

1854 1148 2200 1217 prepriorum
2236 1145 2529 1202 obliviscar
2558 1145 2858 1199 malorum.
3198 1138 3203 1142 ’

1926 1334 2034 1389 Nos
2080 1335 2247 1395 enim,
2284 1333 2384 1388 etsi
2452 1331 2537 1387 bis
2583 1331 2635 1383 in
2670 1331 2830 1384 terris
2862 1328 3264 1383 calamitatibus
3302 1343 3426 1394 pre-

1856 1429 2076 1491 tnimur,
2110 1420 2344 1481 attamen
2376 1427 2477 1479 heu
2506 1425 2519 1477 l
2561 1423 2699 1477 mala
2728 1432 2931 1484 nostra,
2967 1422 3245 1478 omnibus.
3284 1419 3427 1473 sicut

1858 1520 2025 1583 nosti,
2059 1528 2211 1587 aptos
2235 1533 2292 1571 se
2314 1514 2754 1569 existimantibus
2772 1512 2837 1566 ad
2861 1513 3141 1565 sciendum
3173 1510 3428 1571 salutem,

1860 1612 1975 1666 sine
2046 1613 2250 1673 fructu,
2296 1620 2354 1663 ιιι
2417 1609 2489 1661 ita
2540 1608 2740 1672 dicam,
2792 1604 3048 1671 patimur.
3095 1602 3214 1657 Tibi
3249 1614 3429 1656 autem

1867 1720 1973 1758 non
2006 1703 2079 1756 ita
2115 1713 2197 1756 est
2232 1719 2244 1754 :
2299 1700 2389 1756 sed
2416 1715 2537 1753 rum
2563 1714 2797 1767 superna
2836 1698 3055 1760 virtute,
3078 1694 3121 1748 si
3170 1709 3277 1746 non
3314 1709 3431 1745 om-

1872 1797 2044 1859 nium,
2074 1802 2128 1847 at
2148 1808 2339 1847 eorum
2362 1793 2551 1845 saltem
2571 1791 2662 1858 qui
2685 1788 2962 1842 adhaerent
2984 1786 3145 1840 verbo
3172 1785 3433 1838 doctrina:

1865 1897 1938 1952 et,
1997 1902 2095 1954 pro
2126 1885 2216 1939 Dei
2265 1883 2561 1946 oblivione,
2597 1881 2795 1936 divinae
2848 1878 3132 1946 subjacent
3166 1875 3432 1938 scientiae,

1864 1979 2097 2034 eximius
2122 1986 2205 2031 est
2226 1975 2501 2046 patientiae
2532 1974 2758 2027 fructus.
2796 1971 2871 2025 Ne
2910 1971 3075 2039 igitur
3100 1986 3239 2039 argre
3266 1970 3431 2027 feras.

1867 2089 1934 2127 ne
1964 2071 2325 2135 contristeris,
2361 2086 2427 2124 ne
2460 2069 2575 2123 alas
2615 2068 2814 2121 mentis
2857 2074 3079 2137 propter
3126 2061 3434 2116 accidentia

1866 2166 2115 2220 remittas
2153 2164 2293 2216 mala
2322 2180 2335 2228 ;
2378 2162 2471 2216 sed
2506 2176 2599 2230 per
2634 2175 2814 2213 veram
2849 2173 2998 2227 spem
3034 2172 3156 2225 qum
3196 2154 3287 2209 Dei
3321 2168 3435 2207 ser-

1867 2273 1965 2313 vos
1994 2272 2275 2327 nunquam
2302 2254 2437 2309 fallit
2462 2257 2515 2308 in
2539 2254 2706 2308 altum
2734 2252 2985 2307 sublatus
3011 2266 3174 2319 supra
3204 2247 3437 2318 gemitus

1864 2361 1917 2405 et
1943 2350 2359 2405 lamentationes
2394 2350 2511 2410 tias,
2542 2358 2743 2400 aeterna
2765 2343 3055 2399 dulcedine
3084 2342 3270 2394 omnia
3297 2350 3433 2393 tem-

1866 2444 2073 2512 poral‘a
2132 2450 2447 2512 superante.
2507 2440 2649 2506 Quid
2706 2439 2850 2493 enim
2909 2438 3019 2490 vita
3075 2435 3335 2500 humana,
3392 2432 3436 2485 si

1870 2535 2015 2589 mille
2068 2536 2195 2588 anni
2241 2545 2501 2603 tanquam
2545 2547 2688 2587 unus
2733 2533 2850 2586 dies
2899 2538 3311 2599 computantur,
3343 2525 3439 2593 qui

1868 2623 2121 2679 videntur
2167 2624 2406 2677 animam
2457 2620 2925 2692 exasperare‘H'It
2982 2621 3206 2689 insuper
3245 2624 3438 2684 reputa

1868 2717 2149 2771 beatorum
2181 2715 2550 2788 apostolorum
2577 2714 2741 2779 mala,
2770 2723 2829 2767 ut
2860 2722 3068 2767 taceam
3096 2708 3163 2764 de
3193 2705 3438 2776 Magistri

1869 2807 2256 2877 passionibus:
2284 2816 2337 2861 et
2368 2816 2548 2862 tamen
2582 2818 2844 2874 quantam
2873 2804 3121 2859 dolorum
3165 2798 3434 2855 amaritu-

1869 2902 2049 2955 dinem
2094 2915 2199 2954 non
2237 2900 2379 2954 delet
2430 2900 2752 2968 passionum
2802 2895 3047 2969 Magistri
3091 2890 3437 2949 recordatio!

1941 3180 2068 3246 Sed,
2104 3180 2146 3234 si
2186 3180 2383 3249 placet,
2444 3179 2534 3233 illa
2571 3177 3072 3248 praetermittamus,
3138 3173 3263 3243 quia
3315 3188 3439 3227 cum

1868 3288 2034 3341 penes
2080 3288 2204 3325 eum
2259 3280 2404 3326 esset
2466 3286 2570 3324 non
2636 3272 2767 3338 pati,
2824 3277 3017 3337 sponte
3082 3268 3320 3335 seipsnm
3378 3268 3443 3318 ad

1877 3363 2012 3417 illud
2084 3361 2300 3416 obtulit.
2374 3360 2441 3413 At
2518 3360 2702 3429 potius
2784 3374 2878 3413 eos
2937 3358 3296 3426 inspiciamus
3351 3358 3441 3425 qui

1870 3464 1995 3524 post
2030 3454 2209 3523 ipsum
2243 3455 2360 3521 ejus
2394 3454 2680 3522 passiones
2707 3459 3089 3519 susceperunt,
3127 3459 3179 3502 et
3211 3463 3305 3503 eos
3350 3449 3444 3517 qui

1870 3547 1938 3600 ab
1964 3562 2153 3599 eorum
2189 3549 2524 3615 temporibus
2549 3558 2721 3612 usque
2744 3558 2890 3597 nunc
2924 3541 3198 3610 Evangelii
3222 3556 3443 3594 cursum

1872 3640 2104 3708 ingressi
2133 3647 2295 3703 sunt;
2327 3647 2379 3690 et
2411 3635 2879 3691 commilitonibus
2905 3645 3093 3687 nostra
3121 3647 3447 3701 comparan-

1872 3738 1975 3790 tes.
2010 3745 2079 3783 ne
2126 3743 2271 3798 aegre
2302 3727 2545 3782 feramus
2577 3725 2718 3794 quod
2767 3740 2830 3779 ea
2880 3725 3118 3794 patimur
3161 3738 3283 3792 qua:
3314 3721 3448 3791 ipsis

1872 3830 2194 3874 evenerunt.
2255 3820 2358 3874 Sed
2404 3819 2447 3873 si
2480 3818 2609 3888 quid
2666 3818 2849 3871 minus
2905 3817 3106 3870 habent
3158 3815 3447 3882 passiones

1873 3923 2073 3969 nostrae
2114 3913 2461 3983 passionibus
2510 3912 2795 3967 beatorum
2834 3911 3057 3965 Patrum
3109 3920 3447 3968 nostrorum.

1874 4012 1927 4066 in
1970 4012 2056 4066 his
2086 4012 2152 4066 ad
2204 4022 2480 4066 certamen
2534 4011 2931 4066 constituimur
2971 4018 3200 4079 propter
3250 4022 3444 4061 eorum

1874 4103 2081 4175 gaudii,
2143 4104 2436 4166 claritatis,
2470 4112 2525 4158 et
2573 4102 2763 4173 gloriae
2817 4102 3114 4165 delectum,
3190 4116 3314 4155 cum
3382 4101 3449 4153 ad

1876 4196 2312 4251 remunerandos
2367 4195 2585 4250 labores
2639 4203 2694 4248 et
2746 4194 3152 4248 denuntiandos
3213 4192 3450 4246 athletas

1880 4287 2143 4341 Dominus
2174 4288 2408 4342 sedebit.
2441 4286 2547 4341 Sed
2588 4288 2691 4340 ista
2724 4285 2998 4340 sulliciunt
3021 4285 3088 4339 ad
3128 4294 3443 4339 nostrarum

1879 4376 2286 4431 tribulationum
2320 4376 2599 4440 solatium,
2655 4390 2777 4429 eum
2809 4374 3116 4445 intelligens
3155 4375 3232 4429 sis
3252 4384 3307 4429 et
3355 4390 3453 4442 pro

173 4472 311 4533 δτιτι,
338 4468 441 4521 καὶ
468 4468 594 4529 τοῦς
634 4464 776 4533 ὑπὲρ
820 4463 1060 4533 Χριστοῦ
1115 4463 1392 4525 κινδύνους
1422 4465 1763 4533 ἠγαπηκότι·

1877 4468 2095 4522 Christo
2133 4468 2373 4536 pericula
2398 4468 2584 4522 subire
2611 4467 2879 4522 amaveris
2906 4468 3046 4531 ;‘nec
3072 4467 3183 4521 ulla
3208 4482 3450 4535 unquam

177 4563 403 4620 παντως
457 4556 516 4609 δὲ
578 4555 754 4617 οὐδείς
807 4571 873 4621 με
940 4555 1119 4607 πείσει
1170 4554 1347 4620 λόγος,
1398 4555 1479 4606 ὅτι
1537 4558 1630 4605 καὶ
1701 4554 1772 4623 μὴ

171 4652 264 4703 διὰ
296 4651 522 4711 τέλους,
550 4648 580 4699 ό
613 4644 776 4707 αὐτὸς
831 4639 883 4696 εἴ
909 4644 1081 4712 φιλῶν
1120 4644 1266 4717 ἅπερ
1300 4646 1358 4710 ἐξ
1405 4645 1581 4714 ἀρχῆς
1644 4661 1773 4713 προ-

173 4737 483 4814 ετίμησαςῖ

248 4840 325 4891 Πε
338 4837 397 4907 pl.
428 4834 492 4887 δὲ
518 4826 594 4885 ὧν
618 4830 865 4901 ἔγραψας
897 4830 1006 4883 τῶν
1035 4847 1096 4883 τε
1126 4829 1269 4883 κατὰ
1298 4829 1478 4899 γάμον
1500 4829 1777 4882 ἐναντιουο

177 4933 367 5003 μένων
403 4926 760 4998 πραγμάτων
792 4928 857 4996 τῇ
902 4925 1240 4980 καταστάσει
1292 4925 1391 4993 τῆς
1423 4924 1775 4995 Ἐκκλησίας,

176 5024 278 5077 καὶ
306 5021 427 5075 τῶν
461 5018 643 5074 ἀλλων
691 5019 793 5071 ὅσα
838 5018 975 5087 πρὸς
1016 5019 1110 5071 τὸν
1164 5016 1528 5087 ὲθνικώτερον
1576 5018 1776 5087 τρόπον

177 5115 398 5182 ὑπάγει
432 5111 567 5173 τοὺς
598 5109 940 5181 χρωμένους,
985 5109 1087 5163 οὐκ
1119 5108 1307 5175 ἀγνοεῖ
1342 5126 1436 5161 σου
1468 5109 1501 5179 ή
1538 5107 1775 5171 σύνεσις,

175 5208 263 5261 ὅτι
298 5205 487 5265 οὕτως
521 5201 720 5270 ἀθρόον
755 5202 789 5271 η
829 5199 1161 5271 μετάστασις
1221 5197 1323 5267 τῆς
1381 5197 1602 5267 sema;
1632 5196 1778 5267 ζωῆς

178 5301 325 5373 πρὸς
349 5297 457 5368 τὴν
479 5293 767 5366 ἀκρίϐειαν
788 5292 883 5345 τοῦ
905 5291 1238 5360 Εὑαγγελίου
1254 5290 1315 5343 τὸ
1332 5291 1513 5361 ῥᾴδιον
1533 5291 1593 5343 ού
1610 5308 1778 5343 κοιτα-

176 5394 436 5462 δέχεται.
474 5388 577 5441 Διά
606 5385 767 5440 τοῦτο
785 5385 896 5456 χρὴ
923 5385 1026 5457 τὴν
1054 5384 1155 5455 μὲν
1180 5382 1533 5437 διδασκαλίαν
1557 5380 1654 5435 καὶ
1681 5381 1779 5451 τὴν

183 5488 329 5559 πρὸς
366 5482 441 5537 τά
502 5478 645 5534 καλά
678 5479 985 5549 ὁδηγοῦσαν
1034 5477 1362 5549 παραίνεσιν
1414 5474 1779 5537 ἀδιαλείπτως

181 5575 489 5647 πατρικῶς
513 5573 607 5625 καὶ
624 5570 743 5643 μετ’
762 5570 1066 5631 ἐπιεικείας
1088 5568 1414 5640 προσάγεινο
1448 5567 1542 5620 καὶ
1574 5563 1653 5629 οἷς
1680 5563 1781 5635 μὲν

182 5669 560 5739 πειθομένους
583 5665 753 5737 ἔχεις,
780 5663 1131 5734 εὐχαριστεῖν
1164 5661 1240 5731 τῷ
1269 5660 1467 5714 διδόντι
1504 5661 1663 5731 χάριν
1712 5663 1779 5730 τῇ

190 5770 264 5837 σῇ
299 5760 633 5829 διδασκαλία
668 5775 681 5790 ·
736 5752 817 5820 οἷς
876 5755 933 5809 δὲ
984 5751 1438 5827 δυσχεραίνοντας
1472 5753 1625 5826 ὁρᾷς,
1655 5752 1781 5809 ἀνέ.

1883 4562 2015 4615 mihi
2053 4562 2305 4616 suadebit
2335 4563 2511 4616 oratio
2545 4570 2593 4616 te
2621 4562 2673 4615 in
2703 4561 2864 4615 ﬁnem
2898 4574 3005 4614 non
3054 4574 3239 4614 amare
3269 4573 3391 4627 quae
3422 4573 3473 4611 at

1884 4652 2151 4723 principio
2182 4653 2492 4723 prmtulisti.

1953 4839 2105 4906 Quod
2147 4848 2326 4893 autem
2356 4837 2647 4908 scripsisti,
2676 4846 2789 4892 tum
2818 4835 2885 4893 de
2909 4836 2974 4890 iis
2995 4850 3128 4906 quae-
3143 4835 3288 4890 circa
3318 4851 3455 4903 nup-

1885 4933 1985 4985 tias
2010 4931 2366 4985 adversantur
2392 4930 2536 4987 bono
2569 4927 2821 4987 Ecclesia!
2848 4926 3120 4999 regimini,
3147 4937 3259 4982 tum
3290 4926 3352 4980 de
3390 4928 3457 4981 iis

1886 5038 2005 5092 qua!
2031 5022 2095 5075 ad
2135 5023 2385 5076 ethnicos
2406 5036 2581 5075 mores
2608 5021 2780 5089 magis
2802 5020 3068 5074 inducunt
3109 5034 3203 5074 eos
3227 5020 3320 5088 qui
3342 5019 3452 5073 tali-

1886 5116 2246 5178 bnsutttntnr,
2263 5132 2367 5169 non
2388 5113 2686 5169 l'allittuam
2709 5113 3116 5182 intelligentiam
3140 5121 3246 5164 tam
3279 5127 3457 5181 prmu-

1887 5218 2036 5276 ptum
2069 5208 2136 5261 ab
2174 5207 2390 5260 cthnica
2416 5206 2525 5260 vita
2570 5206 2858 5260 transitum
2890 5203 2957 5259 ad
2994 5205 3268 5274 Evangelii
3304 5220 3457 5258 seve-

1886 5299 2101 5354 ritatem
2136 5315 2241 5352 non
2272 5297 2430 5353 facile
2460 5299 2644 5367 recipi.
2688 5298 2916 5367 Propter
2942 5298 3087 5367 quod
3125 5298 3455 5351 documenta

1887 5400 1941 5445 et
1979 5406 2101 5461 qua:
2153 5389 2420 5444 inducunt
2468 5390 2534 5443 ad
2580 5390 2830 5444 virtutem
2885 5389 3297 5443 exhortationes
3342 5389 3458 5442 sine

1889 5481 2299 5537 intermissione
2328 5496 2451 5535 cum
2476 5490 2697 5550 paterna
2726 5482 2992 5535 suavitate
3028 5489 3241 5547 oportet
3280 5479 3455 5533 addu-

1889 5588 2045 5641 cere;
2078 5583 2129 5627 et
2162 5573 2225 5626 de
2254 5573 2319 5627 iis
2351 5573 2570 5641 quidem
2612 5588 2753 5643 quos
2788 5571 3105 5627 obedientcs
3140 5571 3306 5625 habes
3334 5586 3461 5639 ειη-

1892 5666 2020 5719 tiam
2052 5666 2159 5720 Deo
2200 5664 2402 5719 referre
2436 5672 2527 5734 qui
2560 5667 2701 5721 dedit
2758 5667 2865 5719 vim
2916 5667 3021 5719 tuis
3069 5664 3410 5719 documentis
3446 5682 3459 5727 ;

1891 5770 1986 5812 eos
2012 5766 2192 5812 autem
2223 5770 2361 5827 quos
2390 5756 2613 5813 rebelles
2638 5755 2845 5812 invenis
2870 5769 3063 5824 magna
3092 5755 3273 5810 animo
3298 5753 3464 5817 ferre,
