  <div class='ocr_page' id='page_1' title='image "/cluster/home/n/w/nwhite01/storage/ocr_20150623/111/nnc1.0046979743/129.png"; bbox 0 0 4182 6428; ppageno 0'>
   <div class='ocr_carea' id='block_1_1' title="bbox 773 381 881 446">
    <p class='ocr_par' dir='ltr' id='par_1_1' title="bbox 773 381 881 446">
     <span class='ocr_line' id='line_1_1' title="bbox 773 381 881 446; baseline -0.009 0"><span class='ocrx_word' id='word_1_1' title='bbox 773 381 881 446; x_wconf 68' lang='lat'><strong>24&#39;!</strong></span> 
     </span>
    </p>
   </div>
   <div class='ocr_carea' id='block_1_2' title="bbox 1917 371 2935 436">
    <p class='ocr_par' dir='ltr' id='par_1_2' title="bbox 1917 371 2935 436">
     <span class='ocr_line' id='line_1_2' title="bbox 1917 371 2935 436; baseline -0.002 0"><span class='ocrx_word' id='word_1_2' title='bbox 1917 373 2230 436; x_wconf 77' lang='lat' dir='ltr'><strong>NICOLAI</strong></span> <span class='ocrx_word' id='word_1_3' title='bbox 2269 373 2378 436; x_wconf 89' lang='lat' dir='ltr'><strong>CP.</strong></span> <span class='ocrx_word' id='word_1_4' title='bbox 2418 371 2935 435; x_wconf 70' lang='lat' dir='ltr'><strong>PATRIARCH/E</strong></span> 
     </span>
    </p>
   </div>
   <div class='ocr_carea' id='block_1_3' title="bbox 3930 369 4029 434">
    <p class='ocr_par' dir='ltr' id='par_1_3' title="bbox 3930 369 4029 434">
     <span class='ocr_line' id='line_1_3' title="bbox 3930 369 4029 434; baseline 0.04 -5"><span class='ocrx_word' id='word_1_5' title='bbox 3930 369 4029 434; x_wconf 63' lang='lat'><strong>948</strong></span> 
     </span>
    </p>
   </div>
   <div class='ocr_carea' id='block_1_4' title="bbox 781 480 2373 560">
    <p class='ocr_par' dir='ltr' id='par_1_4' title="bbox 781 486 2350 558">
     <span class='ocr_line' id='line_1_4' title="bbox 781 486 2350 558; baseline -0.003 -14"><span class='ocrx_word' id='word_1_6' title='bbox 781 504 832 548; x_wconf 71' lang='grc' dir='ltr'><strong>ιιι</strong></span> <span class='ocrx_word' id='word_1_7' title='bbox 874 489 1114 546; x_wconf 79' lang='lat' dir='ltr'><strong>maxime</strong></span> <span class='ocrx_word' id='word_1_8' title='bbox 1157 489 1201 545; x_wconf 91' lang='lat' dir='ltr'><strong>si</strong></span> <span class='ocrx_word' id='word_1_9' title='bbox 1246 488 1317 544; x_wconf 89' lang='lat' dir='ltr'><strong>ita</strong></span> <span class='ocrx_word' id='word_1_10' title='bbox 1353 486 1728 543; x_wconf 83' lang='lat' dir='ltr'><strong>inohedientes</strong></span> <span class='ocrx_word' id='word_1_11' title='bbox 1772 487 1840 542; x_wconf 89' lang='lat' dir='ltr'><strong>de</strong></span> <span class='ocrx_word' id='word_1_12' title='bbox 1873 488 2205 558; x_wconf 82' lang='lat' dir='ltr'><strong>primoribus</strong></span> <span class='ocrx_word' id='word_1_13' title='bbox 2240 489 2350 541; x_wconf 88' lang='lat' dir='ltr'><strong>sint</strong></span> 
     </span>
    </p>
   </div>
   <div class='ocr_carea' id='block_1_5' title="bbox 2475 480 4028 560">
    <p class='ocr_par' dir='ltr' id='par_1_5' title="bbox 2475 480 4028 560">
     <span class='ocr_line' id='line_1_5' title="bbox 2475 480 4028 560; baseline -0.006 -18"><span class='ocrx_word' id='word_1_14' title='bbox 2475 488 2646 558; x_wconf 76' lang='grc' dir='ltr'><strong>[εσθαι</strong></span> <span class='ocrx_word' id='word_1_15' title='bbox 2689 486 3094 560; x_wconf 69' lang='grc' dir='ltr'><strong>μακροθύμως,</strong></span> <span class='ocrx_word' id='word_1_16' title='bbox 3118 485 3212 539; x_wconf 75' lang='grc' dir='ltr'><strong>καὶ</strong></span> <span class='ocrx_word' id='word_1_17' title='bbox 3249 483 3483 554; x_wconf 72' lang='grc' dir='ltr'><strong>μάλιστα</strong></span> <span class='ocrx_word' id='word_1_18' title='bbox 3518 481 3629 537; x_wconf 83' lang='grc' dir='ltr'><strong>τῶν</strong></span> <span class='ocrx_word' id='word_1_19' title='bbox 3661 480 4028 535; x_wconf 76' lang='grc' dir='ltr'><strong>ἁπειθούντωο</strong></span> 
     </span>
    </p>
   </div>
   <div class='ocr_carea' id='block_1_6' title="bbox 786 579 2354 651">
    <p class='ocr_par' dir='ltr' id='par_1_6' title="bbox 786 579 2354 651">
     <span class='ocr_line' id='line_1_6' title="bbox 786 579 2354 651; baseline -0.001 -17"><span class='ocrx_word' id='word_1_20' title='bbox 786 583 992 651; x_wconf 87' lang='lat' dir='ltr'><strong>p0puli,</strong></span> <span class='ocrx_word' id='word_1_21' title='bbox 1028 593 1082 637; x_wconf 89' lang='lat' dir='ltr'><strong>et</strong></span> <span class='ocrx_word' id='word_1_22' title='bbox 1116 597 1222 636; x_wconf 93' lang='lat' dir='ltr'><strong>non</strong></span> <span class='ocrx_word' id='word_1_23' title='bbox 1253 595 1316 635; x_wconf 82' lang='lat' dir='ltr'><strong>ex</strong></span> <span class='ocrx_word' id='word_1_24' title='bbox 1352 579 1631 649; x_wconf 76' lang='lat' dir='ltr'><strong>subjectis,</strong></span> <span class='ocrx_word' id='word_1_25' title='bbox 1658 579 1753 633; x_wconf 91' lang='lat' dir='ltr'><strong>sed</strong></span> <span class='ocrx_word' id='word_1_26' title='bbox 1790 593 1851 633; x_wconf 82' lang='lat' dir='ltr'><strong>ex</strong></span> <span class='ocrx_word' id='word_1_27' title='bbox 1877 579 2164 647; x_wconf 90' lang='lat' dir='ltr'><strong>imperium</strong></span> <span class='ocrx_word' id='word_1_28' title='bbox 2192 593 2354 633; x_wconf 79' lang='lat' dir='ltr'><strong>excr-</strong></span> 
     </span>
    </p>
   </div>
   <div class='ocr_carea' id='block_1_7' title="bbox 781 669 2353 740">
    <p class='ocr_par' dir='ltr' id='par_1_7' title="bbox 781 669 2353 740">
     <span class='ocr_line' id='line_1_7' title="bbox 781 669 2353 740; baseline -0.003 -11"><span class='ocrx_word' id='word_1_29' title='bbox 781 676 1057 729; x_wconf 72' lang='lat' dir='ltr'><strong>rcntihus.</strong></span> <span class='ocrx_word' id='word_1_30' title='bbox 1111 671 1246 725; x_wconf 81' lang='lat' dir='ltr'><strong>Nam</strong></span> <span class='ocrx_word' id='word_1_31' title='bbox 1283 672 1337 725; x_wconf 90' lang='lat' dir='ltr'><strong>in</strong></span> <span class='ocrx_word' id='word_1_32' title='bbox 1372 671 1657 725; x_wconf 77' lang='lat' dir='ltr'><strong>inferiores</strong></span> <span class='ocrx_word' id='word_1_33' title='bbox 1687 671 1901 740; x_wconf 70' lang='lat' dir='ltr'><strong>quidem</strong></span> <span class='ocrx_word' id='word_1_34' title='bbox 1935 669 2118 723; x_wconf 80' lang='lat' dir='ltr'><strong>forsan</strong></span> <span class='ocrx_word' id='word_1_35' title='bbox 2171 669 2353 724; x_wconf 88' lang='lat' dir='ltr'><strong>aerius</strong></span> 
     </span>
    </p>
   </div>
   <div class='ocr_carea' id='block_1_8' title="bbox 775 759 2352 825">
    <p class='ocr_par' dir='ltr' id='par_1_8' title="bbox 775 759 2352 825">
     <span class='ocr_line' id='line_1_8' title="bbox 775 759 2352 825; baseline -0.004 -7"><span class='ocrx_word' id='word_1_36' title='bbox 775 776 830 818; x_wconf 87' lang='lat' dir='ltr'><strong>et</strong></span> <span class='ocrx_word' id='word_1_37' title='bbox 862 760 1235 817; x_wconf 76' lang='lat' dir='ltr'><strong>vehementius</strong></span> <span class='ocrx_word' id='word_1_38' title='bbox 1269 760 1448 814; x_wconf 84' lang='lat' dir='ltr'><strong>invehi</strong></span> <span class='ocrx_word' id='word_1_39' title='bbox 1476 759 1573 814; x_wconf 80' lang='lat' dir='ltr'><strong>tibi</strong></span> <span class='ocrx_word' id='word_1_40' title='bbox 1602 761 1684 814; x_wconf 81' lang='lat' dir='ltr'><strong>fas</strong></span> <span class='ocrx_word' id='word_1_41' title='bbox 1710 769 1813 814; x_wconf 87' lang='lat' dir='ltr'><strong>est.</strong></span> <span class='ocrx_word' id='word_1_42' title='bbox 1845 759 1947 825; x_wconf 85' lang='lat' dir='ltr'><strong>Qui</strong></span> <span class='ocrx_word' id='word_1_43' title='bbox 1982 769 2163 813; x_wconf 87' lang='lat' dir='ltr'><strong>autem</strong></span> <span class='ocrx_word' id='word_1_44' title='bbox 2197 759 2352 812; x_wconf 82' lang='lat' dir='ltr'><strong>mul-</strong></span> 
     </span>
    </p>
   </div>
   <div class='ocr_carea' id='block_1_9' title="bbox 779 851 2350 922">
    <p class='ocr_par' dir='ltr' id='par_1_9' title="bbox 779 851 2350 922">
     <span class='ocr_line' id='line_1_9' title="bbox 779 851 2350 922; baseline -0.004 -13"><span class='ocrx_word' id='word_1_45' title='bbox 779 867 891 909; x_wconf 90' lang='lat' dir='ltr'><strong>tum</strong></span> <span class='ocrx_word' id='word_1_46' title='bbox 927 863 1171 922; x_wconf 89' lang='lat' dir='ltr'><strong>potentes</strong></span> <span class='ocrx_word' id='word_1_47' title='bbox 1206 861 1334 907; x_wconf 92' lang='lat' dir='ltr'><strong>sunt</strong></span> <span class='ocrx_word' id='word_1_48' title='bbox 1372 851 1636 908; x_wconf 83' lang='lat' dir='ltr'><strong>adversus</strong></span> <span class='ocrx_word' id='word_1_49' title='bbox 1665 852 1846 906; x_wconf 85' lang='lat' dir='ltr'><strong>omnis</strong></span> <span class='ocrx_word' id='word_1_50' title='bbox 1881 851 2066 921; x_wconf 83' lang='lat' dir='ltr'><strong>populi</strong></span> <span class='ocrx_word' id='word_1_51' title='bbox 2095 854 2350 916; x_wconf 88' lang='lat' dir='ltr'><strong>salutem,</strong></span> 
     </span>
    </p>
   </div>
   <div class='ocr_carea' id='block_1_10' title="bbox 720 944 2354 1013">
    <p class='ocr_par' dir='ltr' id='par_1_10' title="bbox 720 944 2354 1013">
     <span class='ocr_line' id='line_1_10' title="bbox 720 944 2354 1013; baseline -0.004 -8"><span class='ocrx_word' id='word_1_52' title='bbox 720 1000 724 1005; x_wconf 90' lang='lat'><strong>.</strong></span> <span class='ocrx_word' id='word_1_53' title='bbox 777 947 1091 1002; x_wconf 87' lang='lat' dir='ltr'><strong>necessario</strong></span> <span class='ocrx_word' id='word_1_54' title='bbox 1125 945 1416 1000; x_wconf 88' lang='lat' dir='ltr'><strong>videndum</strong></span> <span class='ocrx_word' id='word_1_55' title='bbox 1473 955 1557 999; x_wconf 91' lang='lat' dir='ltr'><strong>est</strong></span> <span class='ocrx_word' id='word_1_56' title='bbox 1614 960 1682 1000; x_wconf 90' lang='lat' dir='ltr'><strong>ne</strong></span> <span class='ocrx_word' id='word_1_57' title='bbox 1717 959 1970 1013; x_wconf 79' lang='lat' dir='ltr'><strong>asperius</strong></span> <span class='ocrx_word' id='word_1_58' title='bbox 2022 960 2122 998; x_wconf 87' lang='lat' dir='ltr'><strong>nos</strong></span> <span class='ocrx_word' id='word_1_59' title='bbox 2155 944 2207 996; x_wconf 93' lang='lat' dir='ltr'><strong>in</strong></span> <span class='ocrx_word' id='word_1_60' title='bbox 2257 958 2354 998; x_wconf 89' lang='lat' dir='ltr'><strong>eos</strong></span> 
     </span>
    </p>
   </div>
   <div class='ocr_carea' id='block_1_11' title="bbox 783 1038 2355 1110">
    <p class='ocr_par' dir='ltr' id='par_1_11' title="bbox 783 1038 2355 1110">
     <span class='ocr_line' id='line_1_11' title="bbox 783 1038 2355 1110; baseline -0.003 -18"><span class='ocrx_word' id='word_1_61' title='bbox 783 1051 1029 1110; x_wconf 80' lang='lat' dir='ltr'><strong>agentes,</strong></span> <span class='ocrx_word' id='word_1_62' title='bbox 1055 1039 1256 1094; x_wconf 93' lang='lat' dir='ltr'><strong>incauti</strong></span> <span class='ocrx_word' id='word_1_63' title='bbox 1286 1053 1380 1094; x_wconf 90' lang='lat' dir='ltr'><strong>eos</strong></span> <span class='ocrx_word' id='word_1_64' title='bbox 1403 1038 1638 1107; x_wconf 88' lang='lat' dir='ltr'><strong>denique</strong></span> <span class='ocrx_word' id='word_1_65' title='bbox 1668 1051 2078 1106; x_wconf 81' lang='lat' dir='ltr'><strong>cxasperemus,</strong></span> <span class='ocrx_word' id='word_1_66' title='bbox 2126 1045 2355 1089; x_wconf 74' lang='lat' dir='ltr'><strong>cuncta-</strong></span> 
     </span>
    </p>
   </div>
   <div class='ocr_carea' id='block_1_12' title="bbox 779 1132 1760 1197">
    <p class='ocr_par' dir='ltr' id='par_1_12' title="bbox 779 1132 1760 1197">
     <span class='ocr_line' id='line_1_12' title="bbox 779 1132 1760 1197; baseline -0.002 -15"><span class='ocrx_word' id='word_1_67' title='bbox 779 1148 885 1197; x_wconf 83' lang='lat' dir='ltr'><strong>que</strong></span> <span class='ocrx_word' id='word_1_68' title='bbox 919 1146 1134 1186; x_wconf 81' lang='lat' dir='ltr'><strong>sursum</strong></span> <span class='ocrx_word' id='word_1_69' title='bbox 1168 1132 1424 1184; x_wconf 78' lang='lat' dir='ltr'><strong>deorsum</strong></span> <span class='ocrx_word' id='word_1_70' title='bbox 1462 1140 1760 1183; x_wconf 79' lang='lat' dir='ltr'><strong>vertamus.</strong></span> 
     </span>
    </p>
   </div>
   <div class='ocr_carea' id='block_1_13' title="bbox 784 1223 2346 1296">
    <p class='ocr_par' dir='ltr' id='par_1_13' title="bbox 784 1223 2346 1296">
     <span class='ocr_line' id='line_1_13' title="bbox 784 1223 2346 1296; baseline 0 -18"><span class='ocrx_word' id='word_1_71' title='bbox 784 1242 898 1288; x_wconf 82' lang='grc' dir='ltr'><strong>πως</strong></span> <span class='ocrx_word' id='word_1_72' title='bbox 922 1223 1266 1296; x_wconf 80' lang='grc' dir='ltr'><strong>τραχύτερον</strong></span> <span class='ocrx_word' id='word_1_73' title='bbox 1291 1225 1448 1294; x_wconf 82' lang='grc' dir='ltr'><strong>ἡμῶν</strong></span> <span class='ocrx_word' id='word_1_74' title='bbox 1483 1223 1618 1292; x_wconf 77' lang='grc' dir='ltr'><strong>πρὸς</strong></span> <span class='ocrx_word' id='word_1_75' title='bbox 1681 1225 1879 1286; x_wconf 71' lang='grc' dir='ltr'><strong>αὐτοὺς</strong></span> <span class='ocrx_word' id='word_1_76' title='bbox 1929 1224 2346 1293; x_wconf 72' lang='grc' dir='ltr'><strong>διατιθεμένων,</strong></span> 
     </span>
    </p>
   </div>
   <div class='ocr_carea' id='block_1_14' title="bbox 781 1316 1658 1384">
    <p class='ocr_par' dir='ltr' id='par_1_14' title="bbox 781 1316 1658 1384">
     <span class='ocr_line' id='line_1_14' title="bbox 781 1316 1658 1384; baseline 0 -15"><span class='ocrx_word' id='word_1_77' title='bbox 781 1318 931 1371; x_wconf 77' lang='grc' dir='ltr'><strong>κάτω</strong></span> <span class='ocrx_word' id='word_1_78' title='bbox 960 1317 1021 1371; x_wconf 82' lang='grc' dir='ltr'><strong>τὸ</strong></span> <span class='ocrx_word' id='word_1_79' title='bbox 1048 1319 1157 1370; x_wconf 73' lang='grc' dir='ltr'><strong>πᾶν</strong></span> <span class='ocrx_word' id='word_1_80' title='bbox 1191 1316 1658 1384; x_wconf 67' lang='grc' dir='ltr'><strong>καταστήσαντες.</strong></span> 
     </span>
    </p>
   </div>
   <div class='ocr_carea' id='block_1_15' title="bbox 851 1426 2290 1495">
    <p class='ocr_par' dir='ltr' id='par_1_15' title="bbox 851 1426 2290 1495">
     <span class='ocr_line' id='line_1_15' title="bbox 851 1426 2290 1495; baseline -0.003 -13"><span class='ocrx_word' id='word_1_81' title='bbox 851 1427 988 1483; x_wconf 89' lang='lat' dir='ltr'><strong>LIII.</strong></span> <span class='ocrx_word' id='word_1_82' title='bbox 1019 1426 1216 1480; x_wconf 78' lang='lat' dir='ltr'><strong>Joanni</strong></span> <span class='ocrx_word' id='word_1_83' title='bbox 1265 1426 1598 1480; x_wconf 77' lang='lat' dir='ltr'><strong>sanctissimo</strong></span> <span class='ocrx_word' id='word_1_84' title='bbox 1630 1428 1861 1495; x_wconf 75' lang='lat' dir='ltr'><strong>antiqua:</strong></span> <span class='ocrx_word' id='word_1_85' title='bbox 1896 1426 2074 1480; x_wconf 58' lang='lat' dir='ltr'><strong>R-lma:</strong></span> <span class='ocrx_word' id='word_1_86' title='bbox 2109 1426 2290 1494; x_wconf 73' lang='lat' dir='ltr'><strong>Papm.</strong></span> 
     </span>
    </p>
   </div>
   <div class='ocr_carea' id='block_1_16' title="bbox 848 1606 2360 1676">
    <p class='ocr_par' dir='ltr' id='par_1_16' title="bbox 848 1606 2360 1676">
     <span class='ocr_line' id='line_1_16' title="bbox 848 1606 2360 1676; baseline -0.003 -14"><span class='ocrx_word' id='word_1_87' title='bbox 848 1611 976 1676; x_wconf 69' lang='lat' dir='ltr'><strong>Qum</strong></span> <span class='ocrx_word' id='word_1_88' title='bbox 1027 1610 1185 1664; x_wconf 84' lang='lat' dir='ltr'><strong>nobis</strong></span> <span class='ocrx_word' id='word_1_89' title='bbox 1215 1608 1539 1670; x_wconf 69' lang='lat' dir='ltr'><strong>acciderint,</strong></span> <span class='ocrx_word' id='word_1_90' title='bbox 1576 1607 1888 1661; x_wconf 77' lang='lat' dir='ltr'><strong>bea:issiute</strong></span> <span class='ocrx_word' id='word_1_91' title='bbox 1919 1606 2105 1667; x_wconf 75' lang='lat' dir='ltr'><strong>frater,</strong></span> <span class='ocrx_word' id='word_1_92' title='bbox 2141 1616 2360 1675; x_wconf 87' lang='lat' dir='ltr'><strong>propter</strong></span> 
     </span>
    </p>
   </div>
   <div class='ocr_carea' id='block_1_17' title="bbox 778 1698 2363 1773">
    <p class='ocr_par' dir='ltr' id='par_1_17' title="bbox 778 1698 2363 1773">
     <span class='ocr_line' id='line_1_17' title="bbox 778 1698 2363 1773; baseline -0.005 -16"><span class='ocrx_word' id='word_1_93' title='bbox 778 1711 1000 1771; x_wconf 78' lang='lat' dir='ltr'><strong>peceata</strong></span> <span class='ocrx_word' id='word_1_94' title='bbox 1055 1710 1236 1755; x_wconf 89' lang='lat' dir='ltr'><strong>nostra</strong></span> <span class='ocrx_word' id='word_1_95' title='bbox 1280 1698 1372 1769; x_wconf 90' lang='lat' dir='ltr'><strong>(ita</strong></span> <span class='ocrx_word' id='word_1_96' title='bbox 1424 1699 1568 1752; x_wconf 91' lang='lat' dir='ltr'><strong>enim</strong></span> <span class='ocrx_word' id='word_1_97' title='bbox 1610 1699 1739 1773; x_wconf 80' lang='lat' dir='ltr'><strong>mihi</strong></span> <span class='ocrx_word' id='word_1_98' title='bbox 1777 1699 2105 1766; x_wconf 87' lang='lat' dir='ltr'><strong>loquendum</strong></span> <span class='ocrx_word' id='word_1_99' title='bbox 2153 1707 2254 1761; x_wconf 85' lang='lat' dir='ltr'><strong>est,</strong></span> <span class='ocrx_word' id='word_1_100' title='bbox 2309 1704 2363 1750; x_wconf 90' lang='lat' dir='ltr'><strong>et</strong></span> 
     </span>
    </p>
   </div>
   <div class='ocr_carea' id='block_1_18' title="bbox 2457 575 4027 651">
    <p class='ocr_par' dir='ltr' id='par_1_18' title="bbox 2457 575 4027 651">
     <span class='ocr_line' id='line_1_18' title="bbox 2457 575 4027 651; baseline -0.004 -18"><span class='ocrx_word' id='word_1_101' title='bbox 2457 581 2559 649; x_wconf 85' lang='grc' dir='ltr'><strong>τῆς</strong></span> <span class='ocrx_word' id='word_1_102' title='bbox 2591 579 2928 651; x_wconf 71' lang='grc' dir='ltr'><strong>ὑψηλοτέρας</strong></span> <span class='ocrx_word' id='word_1_103' title='bbox 2959 578 3165 643; x_wconf 81' lang='grc' dir='ltr'><strong>τάξεως</strong></span> <span class='ocrx_word' id='word_1_104' title='bbox 3195 576 3288 630; x_wconf 88' lang='grc' dir='ltr'><strong>τοῦ</strong></span> <span class='ocrx_word' id='word_1_105' title='bbox 3312 576 3497 640; x_wconf 75' lang='grc' dir='ltr'><strong>ἔθνους</strong></span> <span class='ocrx_word' id='word_1_106' title='bbox 3519 575 3904 645; x_wconf 71' lang='grc' dir='ltr'><strong>ὑπαρχόντων,</strong></span> <span class='ocrx_word' id='word_1_107' title='bbox 3938 576 4027 627; x_wconf 65' lang='grc' dir='ltr'><strong>καί</strong></span> 
     </span>
    </p>
   </div>
   <div class='ocr_carea' id='block_1_19' title="bbox 2459 668 4034 744">
    <p class='ocr_par' dir='ltr' id='par_1_19' title="bbox 2459 668 4034 744">
     <span class='ocr_line' id='line_1_19' title="bbox 2459 668 4034 744; baseline -0.005 -18"><span class='ocrx_word' id='word_1_108' title='bbox 2459 673 2522 726; x_wconf 84' lang='grc' dir='ltr'><strong>οὐ</strong></span> <span class='ocrx_word' id='word_1_109' title='bbox 2574 673 2684 737; x_wconf 76' lang='grc' dir='ltr'><strong>τῶν</strong></span> <span class='ocrx_word' id='word_1_110' title='bbox 2725 673 3069 744; x_wconf 78' lang='grc' dir='ltr'><strong>ἀρχομένων,</strong></span> <span class='ocrx_word' id='word_1_111' title='bbox 3124 671 3262 724; x_wconf 78' lang='grc' dir='ltr'><strong>ἀλλὰ</strong></span> <span class='ocrx_word' id='word_1_112' title='bbox 3328 670 3436 722; x_wconf 80' lang='grc' dir='ltr'><strong>τῶν</strong></span> <span class='ocrx_word' id='word_1_113' title='bbox 3501 669 3692 739; x_wconf 80' lang='grc' dir='ltr'><strong>ἄρχειν</strong></span> <span class='ocrx_word' id='word_1_114' title='bbox 3735 668 4034 737; x_wconf 70' lang='grc' dir='ltr'><strong>λαχόντων.</strong></span> 
     </span>
    </p>
   </div>
   <div class='ocr_carea' id='block_1_20' title="bbox 2461 759 4028 834">
    <p class='ocr_par' dir='ltr' id='par_1_20' title="bbox 2461 759 4028 834">
     <span class='ocr_line' id='line_1_20' title="bbox 2461 759 4028 834; baseline -0.004 -18"><span class='ocrx_word' id='word_1_115' title='bbox 2461 763 2604 834; x_wconf 71' lang='grc' dir='ltr'><strong>Πρδς</strong></span> <span class='ocrx_word' id='word_1_116' title='bbox 2640 767 2735 834; x_wconf 86' lang='grc' dir='ltr'><strong>μὲν</strong></span> <span class='ocrx_word' id='word_1_117' title='bbox 2761 765 2869 834; x_wconf 69' lang='grc' dir='ltr'><strong>γὰρ</strong></span> <span class='ocrx_word' id='word_1_118' title='bbox 2892 765 3016 826; x_wconf 73' lang='grc' dir='ltr'><strong>τοὺς</strong></span> <span class='ocrx_word' id='word_1_119' title='bbox 3048 762 3395 834; x_wconf 79' lang='grc' dir='ltr'><strong>ὑποχειρίους</strong></span> <span class='ocrx_word' id='word_1_120' title='bbox 3421 761 3585 830; x_wconf 71' lang='grc' dir='ltr'><strong>τυχδν</strong></span> <span class='ocrx_word' id='word_1_121' title='bbox 3636 761 3730 812; x_wconf 89' lang='grc' dir='ltr'><strong>καί</strong></span> <span class='ocrx_word' id='word_1_122' title='bbox 3756 759 4028 828; x_wconf 80' lang='grc' dir='ltr'><strong>αὐστηρό-</strong></span> 
     </span>
    </p>
   </div>
   <div class='ocr_carea' id='block_1_21' title="bbox 2459 842 4012 928">
    <p class='ocr_par' dir='ltr' id='par_1_21' title="bbox 2459 842 4012 928">
     <span class='ocr_line' id='line_1_21' title="bbox 2459 842 4012 928; baseline -0.006 -19"><span class='ocrx_word' id='word_1_123' title='bbox 2459 874 2618 928; x_wconf 89' lang='grc' dir='ltr'><strong>τερον</strong></span> <span class='ocrx_word' id='word_1_124' title='bbox 2646 859 2740 910; x_wconf 68' lang='grc' dir='ltr'><strong>καὶ</strong></span> <span class='ocrx_word' id='word_1_125' title='bbox 2762 842 3322 926; x_wconf 77' lang='grc' dir='ltr'><strong>ἐξουσιαστικώτερον</strong></span> <span class='ocrx_word' id='word_1_126' title='bbox 3349 856 3578 908; x_wconf 78' lang='grc' dir='ltr'><strong>δυνατόν</strong></span> <span class='ocrx_word' id='word_1_127' title='bbox 3626 870 3707 906; x_wconf 90' lang='grc' dir='ltr'><strong>σοι</strong></span> <span class='ocrx_word' id='word_1_128' title='bbox 3741 866 4012 922; x_wconf 80' lang='grc' dir='ltr'><strong>προσενεχ</strong></span> 
     </span>
    </p>
   </div>
   <div class='ocr_carea' id='block_1_22' title="bbox 2452 942 4026 1017">
    <p class='ocr_par' dir='ltr' id='par_1_22' title="bbox 2452 942 4026 1017">
     <span class='ocr_line' id='line_1_22' title="bbox 2452 942 4026 1017; baseline -0.005 -17"><span class='ocrx_word' id='word_1_129' title='bbox 2452 948 2634 1017; x_wconf 74' lang='grc' dir='ltr'><strong>θῆναι,</strong></span> <span class='ocrx_word' id='word_1_130' title='bbox 2691 948 2786 1002; x_wconf 77' lang='grc' dir='ltr'><strong>καὶ</strong></span> <span class='ocrx_word' id='word_1_131' title='bbox 2845 946 2906 998; x_wconf 77' lang='grc' dir='ltr'><strong>τὸ</strong></span> <span class='ocrx_word' id='word_1_132' title='bbox 2959 948 3222 1016; x_wconf 80' lang='grc' dir='ltr'><strong>ἀτόπημα</strong></span> <span class='ocrx_word' id='word_1_133' title='bbox 3274 945 3543 1015; x_wconf 81' lang='grc' dir='ltr'><strong>μηδαμῶς</strong></span> <span class='ocrx_word' id='word_1_134' title='bbox 3598 942 4026 1007; x_wconf 76' lang='grc' dir='ltr'><strong>καταδέξασθαι.</strong></span> 
     </span>
    </p>
   </div>
   <div class='ocr_carea' id='block_1_23' title="bbox 2450 1019 4028 1111">
    <p class='ocr_par' dir='ltr' id='par_1_23' title="bbox 2450 1019 4028 1111">
     <span class='ocr_line' id='line_1_23' title="bbox 2450 1019 4028 1111; baseline -0.005 -20"><span class='ocrx_word' id='word_1_135' title='bbox 2450 1038 2595 1106; x_wconf 64' lang='grc' dir='ltr'><strong>Πρὸς</strong></span> <span class='ocrx_word' id='word_1_136' title='bbox 2627 1038 2684 1091; x_wconf 74' lang='grc' dir='ltr'><strong>δὲ</strong></span> <span class='ocrx_word' id='word_1_137' title='bbox 2722 1038 2850 1100; x_wconf 70' lang='grc' dir='ltr'><strong>τοὺς</strong></span> <span class='ocrx_word' id='word_1_138' title='bbox 2879 1019 3022 1105; x_wconf 78' lang='grc' dir='ltr'><strong>μέγα</strong></span> <span class='ocrx_word' id='word_1_139' title='bbox 3055 1035 3390 1106; x_wconf 76' lang='grc' dir='ltr'><strong>δυναμένους</strong></span> <span class='ocrx_word' id='word_1_140' title='bbox 3443 1037 3519 1098; x_wconf 85' lang='grc' dir='ltr'><strong>εἰς</strong></span> <span class='ocrx_word' id='word_1_141' title='bbox 3575 1033 3893 1111; x_wconf 79' lang='grc' dir='ltr'><strong>ἐναντίωσιν</strong></span> <span class='ocrx_word' id='word_1_142' title='bbox 3924 1031 4028 1101; x_wconf 81' lang='grc' dir='ltr'><strong>τῆς</strong></span> 
     </span>
    </p>
   </div>
   <div class='ocr_carea' id='block_1_24' title="bbox 2448 1127 4034 1200">
    <p class='ocr_par' dir='ltr' id='par_1_24' title="bbox 2448 1127 4034 1200">
     <span class='ocr_line' id='line_1_24' title="bbox 2448 1127 4034 1200; baseline -0.003 -17"><span class='ocrx_word' id='word_1_143' title='bbox 2448 1129 2542 1183; x_wconf 86' lang='grc' dir='ltr'><strong>τοῦ</strong></span> <span class='ocrx_word' id='word_1_144' title='bbox 2576 1131 2780 1194; x_wconf 76' lang='grc' dir='ltr'><strong>παντὸς</strong></span> <span class='ocrx_word' id='word_1_145' title='bbox 2806 1129 2993 1192; x_wconf 75' lang='grc' dir='ltr'><strong>ἔθνους</strong></span> <span class='ocrx_word' id='word_1_146' title='bbox 3020 1130 3295 1200; x_wconf 83' lang='grc' dir='ltr'><strong>σωτηρίας</strong></span> <span class='ocrx_word' id='word_1_147' title='bbox 3327 1129 3542 1199; x_wconf 73' lang='grc' dir='ltr'><strong>ἀνάγκη</strong></span> <span class='ocrx_word' id='word_1_148' title='bbox 3588 1127 3922 1196; x_wconf 75' lang='grc' dir='ltr'><strong>λογίζεσθαι,</strong></span> <span class='ocrx_word' id='word_1_149' title='bbox 3960 1127 4034 1194; x_wconf 78' lang='grc' dir='ltr'><strong>μή</strong></span> 
     </span>
    </p>
   </div>
   <div class='ocr_carea' id='block_1_25' title="bbox 2390 1220 4040 1294">
    <p class='ocr_par' dir='ltr' id='par_1_25' title="bbox 2390 1220 4040 1294">
     <span class='ocr_line' id='line_1_25' title="bbox 2390 1220 4040 1294; baseline -0.014 0"><span class='ocrx_word' id='word_1_150' title='bbox 2390 1224 2644 1293; x_wconf 69' lang='grc' dir='ltr'><strong>λῆσωμεν</strong></span> <span class='ocrx_word' id='word_1_151' title='bbox 2709 1223 2908 1286; x_wconf 70' lang='grc' dir='ltr'><strong>αὐτοὺς</strong></span> <span class='ocrx_word' id='word_1_152' title='bbox 2966 1223 3150 1276; x_wconf 84' lang='grc' dir='ltr'><strong>τέλεον</strong></span> <span class='ocrx_word' id='word_1_153' title='bbox 3178 1221 3640 1292; x_wconf 80' lang='grc' dir='ltr'><strong>ὲξαγριώσαντες,</strong></span> <span class='ocrx_word' id='word_1_154' title='bbox 3673 1222 3768 1273; x_wconf 72' lang='grc' dir='ltr'><strong>καὶ</strong></span> <span class='ocrx_word' id='word_1_155' title='bbox 3797 1220 3906 1274; x_wconf 83' lang='grc' dir='ltr'><strong>ἄνω</strong></span> <span class='ocrx_word' id='word_1_156' title='bbox 3941 1236 4040 1294; x_wconf 57' lang='grc' dir='ltr'><strong>καὶ</strong></span> 
     </span>
    </p>
   </div>
   <div class='ocr_carea' id='block_1_26' title="bbox 2458 1422 4048 1494">
    <p class='ocr_par' dir='ltr' id='par_1_26' title="bbox 2458 1422 4048 1494">
     <span class='ocr_line' id='line_1_26' title="bbox 2458 1422 4048 1494; baseline 0 -17"><span class='ocrx_word' id='word_1_157' title='bbox 2458 1426 2585 1480; x_wconf 77' lang='lat' dir='ltr'><strong>NI&quot;.</strong></span> <span class='ocrx_word' id='word_1_158' title='bbox 2634 1426 2887 1494; x_wconf 74' lang='grc' dir='ltr'><strong>Ἰωάννῃ</strong></span> <span class='ocrx_word' id='word_1_159' title='bbox 2923 1424 3324 1494; x_wconf 75' lang='grc' dir='ltr'><strong>τῷάγιωτάτῳ</strong></span> <span class='ocrx_word' id='word_1_160' title='bbox 3354 1423 3528 1490; x_wconf 78' lang='grc' dir='ltr'><strong>Πὰπῃ</strong></span> <span class='ocrx_word' id='word_1_161' title='bbox 3568 1422 3677 1492; x_wconf 69' lang='grc' dir='ltr'><strong>τῆς</strong></span> <span class='ocrx_word' id='word_1_162' title='bbox 3719 1422 4048 1491; x_wconf 72' lang='grc' dir='ltr'><strong>πρεσϐυτέ-</strong></span> 
     </span>
    </p>
   </div>
   <div class='ocr_carea' id='block_1_27' title="bbox 3001 1495 3520 1582">
    <p class='ocr_par' dir='ltr' id='par_1_27' title="bbox 3001 1495 3520 1582">
     <span class='ocr_line' id='line_1_27' title="bbox 3001 1495 3520 1582; baseline -0.006 -33"><span class='ocrx_word' id='word_1_163' title='bbox 3001 1515 3116 1563; x_wconf 79' lang='lat' dir='ltr'><strong>par;</strong></span> <span class='ocrx_word' id='word_1_164' title='bbox 3168 1495 3396 1582; x_wconf 62' lang='grc' dir='ltr'><strong>Ῥώμης</strong></span> <span class='ocrx_word' id='word_1_165' title='bbox 3421 1497 3520 1565; x_wconf 83' lang='lat' dir='ltr'><strong>(I).</strong></span> 
     </span>
    </p>
   </div>
   <div class='ocr_carea' id='block_1_28' title="bbox 2533 1605 4046 1678">
    <p class='ocr_par' dir='ltr' id='par_1_28' title="bbox 2533 1605 4046 1678">
     <span class='ocr_line' id='line_1_28' title="bbox 2533 1605 4046 1678; baseline -0.005 -14"><span class='ocrx_word' id='word_1_166' title='bbox 2533 1610 2673 1664; x_wconf 77' lang='grc' dir='ltr'><strong>Ὄτα</strong></span> <span class='ocrx_word' id='word_1_167' title='bbox 2699 1610 2832 1678; x_wconf 77' lang='grc' dir='ltr'><strong>ἡμῖν</strong></span> <span class='ocrx_word' id='word_1_168' title='bbox 2867 1609 3170 1677; x_wconf 78' lang='grc' dir='ltr'><strong>ἀπήντησε,</strong></span> <span class='ocrx_word' id='word_1_169' title='bbox 3211 1605 3599 1677; x_wconf 85' lang='grc' dir='ltr'><strong>μακαριώτατε</strong></span> <span class='ocrx_word' id='word_1_170' title='bbox 3635 1606 3794 1676; x_wconf 78' lang='grc' dir='ltr'><strong>ἡμῶν</strong></span> <span class='ocrx_word' id='word_1_171' title='bbox 3827 1605 4046 1675; x_wconf 59' lang='grc' dir='ltr'><strong>ἁδελφὲ,</strong></span> 
     </span>
    </p>
   </div>
   <div class='ocr_carea' id='block_1_29' title="bbox 2465 1699 4049 1771">
    <p class='ocr_par' dir='ltr' id='par_1_29' title="bbox 2465 1699 4049 1771">
     <span class='ocr_line' id='line_1_29' title="bbox 2465 1699 4049 1771; baseline -0.004 -13"><span class='ocrx_word' id='word_1_172' title='bbox 2465 1705 2555 1758; x_wconf 75' lang='grc' dir='ltr'><strong>δια</strong></span> <span class='ocrx_word' id='word_1_173' title='bbox 2586 1703 2685 1766; x_wconf 79' lang='grc' dir='ltr'><strong>τὰς</strong></span> <span class='ocrx_word' id='word_1_174' title='bbox 2719 1702 2999 1771; x_wconf 85' lang='grc' dir='ltr'><strong>ἁμαρτίας</strong></span> <span class='ocrx_word' id='word_1_175' title='bbox 3052 1700 3210 1770; x_wconf 80' lang='grc' dir='ltr'><strong>ἡμῶν</strong></span> <span class='ocrx_word' id='word_1_176' title='bbox 3265 1700 3434 1770; x_wconf 74' lang='grc' dir='ltr'><strong>(οὕτω</strong></span> <span class='ocrx_word' id='word_1_177' title='bbox 3463 1699 3570 1771; x_wconf 82' lang='grc' dir='ltr'><strong>γὰρ</strong></span> <span class='ocrx_word' id='word_1_178' title='bbox 3599 1701 3701 1770; x_wconf 82' lang='grc' dir='ltr'><strong>ἐμὲ</strong></span> <span class='ocrx_word' id='word_1_179' title='bbox 3730 1699 3810 1752; x_wconf 84' lang='grc' dir='ltr'><strong>δεῖ</strong></span> <span class='ocrx_word' id='word_1_180' title='bbox 3839 1700 4049 1767; x_wconf 84' lang='grc' dir='ltr'><strong>λέγειν,</strong></span> 
     </span>
    </p>
   </div>
   <div class='ocr_carea' id='block_1_30' title="bbox 781 1790 2373 1870">
    <p class='ocr_par' dir='ltr' id='par_1_30' title="bbox 781 1790 2353 1863">
     <span class='ocr_line' id='line_1_30' title="bbox 781 1790 2353 1863; baseline -0.001 -19"><span class='ocrx_word' id='word_1_181' title='bbox 781 1795 987 1863; x_wconf 69' lang='lat' dir='ltr'><strong>quaevis</strong></span> <span class='ocrx_word' id='word_1_182' title='bbox 1024 1795 1128 1846; x_wconf 87' lang='lat' dir='ltr'><strong>alia</strong></span> <span class='ocrx_word' id='word_1_183' title='bbox 1162 1807 1329 1847; x_wconf 87' lang='lat' dir='ltr'><strong>causa</strong></span> <span class='ocrx_word' id='word_1_184' title='bbox 1360 1790 1591 1845; x_wconf 84' lang='lat' dir='ltr'><strong>inferior</strong></span> <span class='ocrx_word' id='word_1_185' title='bbox 1624 1798 1706 1844; x_wconf 88' lang='lat' dir='ltr'><strong>est</strong></span> <span class='ocrx_word' id='word_1_186' title='bbox 1750 1791 1909 1860; x_wconf 90' lang='lat' dir='ltr'><strong>culpa</strong></span> <span class='ocrx_word' id='word_1_187' title='bbox 1945 1792 2158 1859; x_wconf 88' lang='lat' dir='ltr'><strong>nostra)</strong></span> <span class='ocrx_word' id='word_1_188' title='bbox 2205 1799 2353 1843; x_wconf 89' lang='lat' dir='ltr'><strong>tuam</strong></span> 
     </span>
    </p>
   </div>
   <div class='ocr_carea' id='block_1_31' title="bbox 2475 1790 4047 1870">
    <p class='ocr_par' dir='ltr' id='par_1_31' title="bbox 2475 1794 4047 1870">
     <span class='ocr_line' id='line_1_31' title="bbox 2475 1794 4047 1870; baseline -0.004 -16"><span class='ocrx_word' id='word_1_189' title='bbox 2475 1801 2556 1854; x_wconf 75' lang='grc' dir='ltr'><strong>ιαί</strong></span> <span class='ocrx_word' id='word_1_190' title='bbox 2584 1799 2941 1870; x_wconf 82' lang='grc' dir='ltr'><strong>ὑποχωρείτω</strong></span> <span class='ocrx_word' id='word_1_191' title='bbox 2971 1798 3003 1867; x_wconf 86' lang='grc' dir='ltr'><strong>ή</strong></span> <span class='ocrx_word' id='word_1_192' title='bbox 3035 1797 3143 1850; x_wconf 79' lang='grc' dir='ltr'><strong>τῶν</strong></span> <span class='ocrx_word' id='word_1_193' title='bbox 3166 1796 3342 1851; x_wconf 85' lang='grc' dir='ltr'><strong>ἄλλων</strong></span> <span class='ocrx_word' id='word_1_194' title='bbox 3382 1795 3533 1849; x_wconf 79' lang='grc' dir='ltr'><strong>αἰτία</strong></span> <span class='ocrx_word' id='word_1_195' title='bbox 3561 1797 3661 1866; x_wconf 76' lang='grc' dir='ltr'><strong>τῆς</strong></span> <span class='ocrx_word' id='word_1_196' title='bbox 3703 1797 3824 1848; x_wconf 80' lang='grc' dir='ltr'><strong>καο’</strong></span> <span class='ocrx_word' id='word_1_197' title='bbox 3880 1794 4047 1864; x_wconf 77' lang='grc' dir='ltr'><strong>ἡμῶν</strong></span> 
     </span>
    </p>
   </div>
   <div class='ocr_carea' id='block_1_32' title="bbox 786 1883 2354 1955">
    <p class='ocr_par' dir='ltr' id='par_1_32' title="bbox 786 1883 2354 1955">
     <span class='ocr_line' id='line_1_32' title="bbox 786 1883 2354 1955; baseline -0.004 -15"><span class='ocrx_word' id='word_1_198' title='bbox 786 1887 1134 1940; x_wconf 73' lang='lat' dir='ltr'><strong>sanctitatem</strong></span> <span class='ocrx_word' id='word_1_199' title='bbox 1171 1883 1358 1955; x_wconf 78' lang='lat' dir='ltr'><strong>fugere</strong></span> <span class='ocrx_word' id='word_1_200' title='bbox 1401 1900 1505 1937; x_wconf 88' lang='lat' dir='ltr'><strong>non</strong></span> <span class='ocrx_word' id='word_1_201' title='bbox 1547 1883 1806 1946; x_wconf 90' lang='lat' dir='ltr'><strong>arbitror,</strong></span> <span class='ocrx_word' id='word_1_202' title='bbox 1851 1898 2028 1952; x_wconf 89' lang='lat' dir='ltr'><strong>neque</strong></span> <span class='ocrx_word' id='word_1_203' title='bbox 2060 1883 2354 1937; x_wconf 85' lang='lat' dir='ltr'><strong>novissima</strong></span> 
     </span>
    </p>
   </div>
   <div class='ocr_carea' id='block_1_33' title="bbox 785 1977 2354 2046">
    <p class='ocr_par' dir='ltr' id='par_1_33' title="bbox 785 1977 2354 2046">
     <span class='ocr_line' id='line_1_33' title="bbox 785 1977 2354 2046; baseline -0.001 -16"><span class='ocrx_word' id='word_1_204' title='bbox 785 1994 906 2046; x_wconf 63' lang='grc' dir='ltr'><strong>(μελε</strong></span> <span class='ocrx_word' id='word_1_205' title='bbox 939 1979 990 2030; x_wconf 92' lang='lat' dir='ltr'><strong>in</strong></span> <span class='ocrx_word' id='word_1_206' title='bbox 1025 1987 1210 2032; x_wconf 89' lang='lat' dir='ltr'><strong>nostra</strong></span> <span class='ocrx_word' id='word_1_207' title='bbox 1243 1977 1482 2032; x_wconf 84' lang='lat' dir='ltr'><strong>Ecclesia</strong></span> <span class='ocrx_word' id='word_1_208' title='bbox 1516 1985 1820 2031; x_wconf 88' lang='lat' dir='ltr'><strong>evenerunt</strong></span> <span class='ocrx_word' id='word_1_209' title='bbox 1847 1977 2126 2040; x_wconf 79' lang='lat' dir='ltr'><strong>scandala,</strong></span> <span class='ocrx_word' id='word_1_210' title='bbox 2160 1991 2354 2046; x_wconf 90' lang='lat' dir='ltr'><strong>parum</strong></span> 
     </span>
    </p>
   </div>
   <div class='ocr_carea' id='block_1_34' title="bbox 781 2069 2358 2141">
    <p class='ocr_par' dir='ltr' id='par_1_34' title="bbox 781 2069 2358 2141">
     <span class='ocr_line' id='line_1_34' title="bbox 781 2069 2358 2141; baseline -0.001 -17"><span class='ocrx_word' id='word_1_211' title='bbox 781 2072 1081 2141; x_wconf 86' lang='lat' dir='ltr'><strong>ahestquin</strong></span> <span class='ocrx_word' id='word_1_212' title='bbox 1105 2072 1281 2126; x_wconf 81' lang='lat' dir='ltr'><strong>dicam</strong></span> <span class='ocrx_word' id='word_1_213' title='bbox 1311 2071 1581 2125; x_wconf 85' lang='lat' dir='ltr'><strong>ve:erihus</strong></span> <span class='ocrx_word' id='word_1_214' title='bbox 1606 2071 1879 2137; x_wconf 78' lang='lat' dir='ltr'><strong>graviora,</strong></span> <span class='ocrx_word' id='word_1_215' title='bbox 1909 2083 2010 2123; x_wconf 88' lang='lat' dir='ltr'><strong>nec</strong></span> <span class='ocrx_word' id='word_1_216' title='bbox 2043 2069 2208 2124; x_wconf 84' lang='lat' dir='ltr'><strong>ullam</strong></span> <span class='ocrx_word' id='word_1_217' title='bbox 2248 2069 2358 2123; x_wconf 81' lang='lat' dir='ltr'><strong>fere</strong></span> 
     </span>
    </p>
   </div>
   <div class='ocr_carea' id='block_1_35' title="bbox 782 2163 2359 2234">
    <p class='ocr_par' dir='ltr' id='par_1_35' title="bbox 782 2163 2359 2234">
     <span class='ocr_line' id='line_1_35' title="bbox 782 2163 2359 2234; baseline 0 -16"><span class='ocrx_word' id='word_1_218' title='bbox 782 2164 1074 2218; x_wconf 85' lang='lat' dir='ltr'><strong>solutionis</strong></span> <span class='ocrx_word' id='word_1_219' title='bbox 1124 2179 1300 2232; x_wconf 85' lang='lat' dir='ltr'><strong>spem,</strong></span> <span class='ocrx_word' id='word_1_220' title='bbox 1347 2163 1536 2218; x_wconf 76' lang='lat' dir='ltr'><strong>sabem</strong></span> <span class='ocrx_word' id='word_1_221' title='bbox 1565 2175 1831 2234; x_wconf 88' lang='lat' dir='ltr'><strong>quantum</strong></span> <span class='ocrx_word' id='word_1_222' title='bbox 1876 2164 1930 2217; x_wconf 89' lang='lat' dir='ltr'><strong>in</strong></span> <span class='ocrx_word' id='word_1_223' title='bbox 1985 2165 2206 2219; x_wconf 88' lang='lat' dir='ltr'><strong>homine</strong></span> <span class='ocrx_word' id='word_1_224' title='bbox 2254 2174 2359 2229; x_wconf 84' lang='lat' dir='ltr'><strong>est,</strong></span> 
     </span>
    </p>
   </div>
   <div class='ocr_carea' id='block_1_36' title="bbox 782 2253 2360 2327">
    <p class='ocr_par' dir='ltr' id='par_1_36' title="bbox 782 2253 2360 2327">
     <span class='ocr_line' id='line_1_36' title="bbox 782 2253 2360 2327; baseline 0.001 -17"><span class='ocrx_word' id='word_1_225' title='bbox 782 2256 1100 2325; x_wconf 65' lang='lat' dir='ltr'><strong>praebentia.</strong></span> <span class='ocrx_word' id='word_1_226' title='bbox 1130 2253 1299 2327; x_wconf 75' lang='lat' dir='ltr'><strong>Igitur</strong></span> <span class='ocrx_word' id='word_1_227' title='bbox 1331 2266 1589 2326; x_wconf 83' lang='lat' dir='ltr'><strong>tanquam</strong></span> <span class='ocrx_word' id='word_1_228' title='bbox 1611 2258 1803 2311; x_wconf 84' lang='lat' dir='ltr'><strong>scienti</strong></span> <span class='ocrx_word' id='word_1_229' title='bbox 1829 2257 1999 2312; x_wconf 90' lang='lat' dir='ltr'><strong>satius</strong></span> <span class='ocrx_word' id='word_1_230' title='bbox 2021 2259 2153 2311; x_wconf 81' lang='lat' dir='ltr'><strong>duxi</strong></span> <span class='ocrx_word' id='word_1_231' title='bbox 2172 2273 2231 2312; x_wconf 88' lang='lat' dir='ltr'><strong>ea</strong></span> <span class='ocrx_word' id='word_1_232' title='bbox 2255 2273 2360 2312; x_wconf 91' lang='lat' dir='ltr'><strong>non</strong></span> 
     </span>
    </p>
   </div>
   <div class='ocr_carea' id='block_1_37' title="bbox 783 2348 2360 2418">
    <p class='ocr_par' dir='ltr' id='par_1_37' title="bbox 783 2348 2360 2418">
     <span class='ocr_line' id='line_1_37' title="bbox 783 2348 2360 2418; baseline 0.001 -14"><span class='ocrx_word' id='word_1_233' title='bbox 783 2351 1048 2416; x_wconf 84' lang='lat' dir='ltr'><strong>scribere,</strong></span> <span class='ocrx_word' id='word_1_234' title='bbox 1083 2362 1318 2418; x_wconf 87' lang='lat' dir='ltr'><strong>quorum</strong></span> <span class='ocrx_word' id='word_1_235' title='bbox 1356 2348 1476 2402; x_wconf 87' lang='lat' dir='ltr'><strong>sine</strong></span> <span class='ocrx_word' id='word_1_236' title='bbox 1511 2349 1646 2402; x_wconf 88' lang='lat' dir='ltr'><strong>meis</strong></span> <span class='ocrx_word' id='word_1_237' title='bbox 1682 2349 1877 2403; x_wconf 89' lang='lat' dir='ltr'><strong>litteris</strong></span> <span class='ocrx_word' id='word_1_238' title='bbox 1914 2365 2022 2403; x_wconf 90' lang='lat' dir='ltr'><strong>non</strong></span> <span class='ocrx_word' id='word_1_239' title='bbox 2045 2364 2104 2404; x_wconf 86' lang='lat' dir='ltr'><strong>cs</strong></span> <span class='ocrx_word' id='word_1_240' title='bbox 2125 2349 2360 2405; x_wconf 86' lang='lat' dir='ltr'><strong>nescius.</strong></span> 
     </span>
    </p>
   </div>
   <div class='ocr_carea' id='block_1_38' title="bbox 786 2436 2421 2512">
    <p class='ocr_par' dir='ltr' id='par_1_38' title="bbox 786 2436 2421 2512">
     <span class='ocr_line' id='line_1_38' title="bbox 786 2436 2421 2512; baseline 0.001 -16"><span class='ocrx_word' id='word_1_241' title='bbox 786 2442 1199 2512; x_wconf 86' lang='lat' dir='ltr'><strong>Supervacuum</strong></span> <span class='ocrx_word' id='word_1_242' title='bbox 1225 2441 1391 2506; x_wconf 84' lang='lat' dir='ltr'><strong>enim,</strong></span> <span class='ocrx_word' id='word_1_243' title='bbox 1439 2455 1506 2494; x_wconf 92' lang='lat' dir='ltr'><strong>ne</strong></span> <span class='ocrx_word' id='word_1_244' title='bbox 1536 2440 1713 2494; x_wconf 75' lang='lat' dir='ltr'><strong>diram</strong></span> <span class='ocrx_word' id='word_1_245' title='bbox 1755 2456 1973 2508; x_wconf 83' lang='lat' dir='ltr'><strong>vanum,</strong></span> <span class='ocrx_word' id='word_1_246' title='bbox 2006 2457 2129 2497; x_wconf 91' lang='lat' dir='ltr'><strong>cum</strong></span> <span class='ocrx_word' id='word_1_247' title='bbox 2166 2440 2364 2497; x_wconf 82' lang='lat' dir='ltr'><strong>ducere</strong></span> <span class='ocrx_word' id='word_1_248' title='bbox 2414 2436 2421 2454; x_wconf 81' lang='grc'>¹</span> 
     </span>
    </p>
   </div>
   <div class='ocr_carea' id='block_1_39' title="bbox 783 2523 2365 2604">
    <p class='ocr_par' dir='ltr' id='par_1_39' title="bbox 783 2523 2365 2604">
     <span class='ocr_line' id='line_1_39' title="bbox 783 2523 2365 2604; baseline 0.002 -19"><span class='ocrx_word' id='word_1_249' title='bbox 783 2535 878 2604; x_wconf 90' lang='lat' dir='ltr'><strong>qui</strong></span> <span class='ocrx_word' id='word_1_250' title='bbox 901 2550 1006 2588; x_wconf 90' lang='lat' dir='ltr'><strong>non</strong></span> <span class='ocrx_word' id='word_1_251' title='bbox 1042 2533 1246 2602; x_wconf 77' lang='lat' dir='ltr'><strong>indiget</strong></span> <span class='ocrx_word' id='word_1_252' title='bbox 1284 2541 1343 2586; x_wconf 87' lang='lat' dir='ltr'><strong>ut</strong></span> <span class='ocrx_word' id='word_1_253' title='bbox 1367 2534 1650 2588; x_wconf 81' lang='lat' dir='ltr'><strong>doceatur.</strong></span> <span class='ocrx_word' id='word_1_254' title='bbox 1686 2532 1800 2588; x_wconf 91' lang='lat' dir='ltr'><strong>IIoc</strong></span> <span class='ocrx_word' id='word_1_255' title='bbox 1831 2523 2012 2588; x_wconf 58' lang='lat' dir='ltr'><strong>a\utem</strong></span> <span class='ocrx_word' id='word_1_256' title='bbox 2045 2535 2365 2590; x_wconf 84' lang='lat' dir='ltr'><strong>scrihotan-</strong></span> 
     </span>
    </p>
   </div>
   <div class='ocr_carea' id='block_1_40' title="bbox 785 2618 2367 2697">
    <p class='ocr_par' dir='ltr' id='par_1_40' title="bbox 785 2618 2367 2697">
     <span class='ocr_line' id='line_1_40' title="bbox 785 2618 2367 2697; baseline 0 -16"><span class='ocrx_word' id='word_1_257' title='bbox 785 2640 922 2691; x_wconf 87' lang='lat' dir='ltr'><strong>tum,</strong></span> <span class='ocrx_word' id='word_1_258' title='bbox 963 2627 1172 2681; x_wconf 73' lang='lat' dir='ltr'><strong>scilicet</strong></span> <span class='ocrx_word' id='word_1_259' title='bbox 1194 2618 1497 2680; x_wconf 44' lang='lat' dir='ltr'><strong>&quot;tumultum</strong></span> <span class='ocrx_word' id='word_1_260' title='bbox 1529 2626 1788 2681; x_wconf 72' lang='lat' dir='ltr'><strong>Ecclesia:</strong></span> <span class='ocrx_word' id='word_1_261' title='bbox 1820 2637 2022 2682; x_wconf 75' lang='lat' dir='ltr'><strong>nostra:</strong></span> <span class='ocrx_word' id='word_1_262' title='bbox 2061 2627 2176 2696; x_wconf 83' lang='lat' dir='ltr'><strong>jam</strong></span> <span class='ocrx_word' id='word_1_263' title='bbox 2203 2629 2367 2697; x_wconf 87' lang='lat' dir='ltr'><strong>quin-</strong></span> 
     </span>
    </p>
   </div>
   <div class='ocr_carea' id='block_1_41' title="bbox 785 2718 2359 2788">
    <p class='ocr_par' dir='ltr' id='par_1_41' title="bbox 785 2718 2359 2788">
     <span class='ocr_line' id='line_1_41' title="bbox 785 2718 2359 2788; baseline 0 -16"><span class='ocrx_word' id='word_1_264' title='bbox 785 2719 965 2772; x_wconf 86' lang='lat' dir='ltr'><strong>decim</strong></span> <span class='ocrx_word' id='word_1_265' title='bbox 1012 2718 1213 2771; x_wconf 82' lang='lat' dir='ltr'><strong>abhinc</strong></span> <span class='ocrx_word' id='word_1_266' title='bbox 1269 2731 1450 2781; x_wconf 89' lang='lat' dir='ltr'><strong>anms,</strong></span> <span class='ocrx_word' id='word_1_267' title='bbox 1500 2733 1602 2787; x_wconf 82' lang='lat' dir='ltr'><strong>pax</strong></span> <span class='ocrx_word' id='word_1_268' title='bbox 1633 2733 1757 2786; x_wconf 68' lang='lat' dir='ltr'><strong>quae</strong></span> <span class='ocrx_word' id='word_1_269' title='bbox 1795 2728 2089 2788; x_wconf 80' lang='lat' dir='ltr'><strong>exsuperat</strong></span> <span class='ocrx_word' id='word_1_270' title='bbox 2141 2733 2359 2772; x_wconf 89' lang='lat' dir='ltr'><strong>omnem</strong></span> 
     </span>
    </p>
   </div>
   <div class='ocr_carea' id='block_1_42' title="bbox 789 2808 2364 2867">
    <p class='ocr_par' dir='ltr' id='par_1_42' title="bbox 789 2808 2364 2867">
     <span class='ocr_line' id='line_1_42' title="bbox 789 2808 2364 2867; baseline 0.001 -2"><span class='ocrx_word' id='word_1_271' title='bbox 789 2827 1011 2865; x_wconf 83' lang='lat' dir='ltr'><strong>sensum</strong></span> <span class='ocrx_word' id='word_1_272' title='bbox 1042 2810 1306 2865; x_wconf 86' lang='lat' dir='ltr'><strong>Dominus</strong></span> <span class='ocrx_word' id='word_1_273' title='bbox 1334 2818 1520 2864; x_wconf 87' lang='lat' dir='ltr'><strong>noster</strong></span> <span class='ocrx_word' id='word_1_274' title='bbox 1553 2820 1608 2864; x_wconf 86' lang='lat' dir='ltr'><strong>et</strong></span> <span class='ocrx_word' id='word_1_275' title='bbox 1656 2809 1797 2865; x_wconf 84' lang='lat' dir='ltr'><strong>Deus</strong></span> <span class='ocrx_word' id='word_1_276' title='bbox 1824 2808 1985 2865; x_wconf 83' lang='lat' dir='ltr'><strong>Jcsus</strong></span> <span class='ocrx_word' id='word_1_277' title='bbox 2015 2811 2270 2866; x_wconf 80' lang='lat' dir='ltr'><strong>Christus</strong></span> <span class='ocrx_word' id='word_1_278' title='bbox 2312 2817 2364 2867; x_wconf 91' lang='lat' dir='ltr'><strong>in</strong></span> 
     </span>
    </p>
   </div>
   <div class='ocr_carea' id='block_1_43' title="bbox 787 2901 2370 2974">
    <p class='ocr_par' dir='ltr' id='par_1_43' title="bbox 787 2901 2370 2974">
     <span class='ocr_line' id='line_1_43' title="bbox 787 2901 2370 2974; baseline 0.003 -21"><span class='ocrx_word' id='word_1_279' title='bbox 787 2905 1027 2970; x_wconf 77' lang='lat' dir='ltr'><strong>quietem</strong></span> <span class='ocrx_word' id='word_1_280' title='bbox 1056 2901 1331 2964; x_wconf 81' lang='lat' dir='ltr'><strong>dissolvit,</strong></span> <span class='ocrx_word' id='word_1_281' title='bbox 1359 2909 1413 2955; x_wconf 87' lang='lat' dir='ltr'><strong>et</strong></span> <span class='ocrx_word' id='word_1_282' title='bbox 1441 2901 1720 2955; x_wconf 85' lang='lat' dir='ltr'><strong>horridam</strong></span> <span class='ocrx_word' id='word_1_283' title='bbox 1753 2911 2154 2968; x_wconf 79' lang='lat' dir='ltr'><strong>tempestatem,</strong></span> <span class='ocrx_word' id='word_1_284' title='bbox 2187 2905 2370 2974; x_wconf 82' lang='lat' dir='ltr'><strong>inspe-</strong></span> 
     </span>
    </p>
   </div>
   <div class='ocr_carea' id='block_1_44' title="bbox 789 2994 2372 3067">
    <p class='ocr_par' dir='ltr' id='par_1_44' title="bbox 789 2994 2372 3067">
     <span class='ocr_line' id='line_1_44' title="bbox 789 2994 2372 3067; baseline 0.003 -18"><span class='ocrx_word' id='word_1_285' title='bbox 789 3006 962 3050; x_wconf 73' lang='lat' dir='ltr'><strong>iatam</strong></span> <span class='ocrx_word' id='word_1_286' title='bbox 991 2995 1328 3049; x_wconf 87' lang='lat' dir='ltr'><strong>sedationem</strong></span> <span class='ocrx_word' id='word_1_287' title='bbox 1362 2995 1611 3049; x_wconf 80' lang='lat' dir='ltr'><strong>sortitam</strong></span> <span class='ocrx_word' id='word_1_288' title='bbox 1645 2994 1794 3065; x_wconf 85' lang='lat' dir='ltr'><strong>(quis</strong></span> <span class='ocrx_word' id='word_1_289' title='bbox 1823 2995 2141 3062; x_wconf 87' lang='lat' dir='ltr'><strong>Deijudicia</strong></span> <span class='ocrx_word' id='word_1_290' title='bbox 2195 3005 2372 3067; x_wconf 86' lang='lat' dir='ltr'><strong>potest</strong></span> 
     </span>
    </p>
   </div>
   <div class='ocr_carea' id='block_1_45' title="bbox 790 3086 2370 3155">
    <p class='ocr_par' dir='ltr' id='par_1_45' title="bbox 790 3086 2370 3155">
     <span class='ocr_line' id='line_1_45' title="bbox 790 3086 2370 3155; baseline -0.001 -12"><span class='ocrx_word' id='word_1_291' title='bbox 790 3086 1089 3155; x_wconf 75' lang='lat' dir='ltr'><strong>scrutari?)</strong></span> <span class='ocrx_word' id='word_1_292' title='bbox 1117 3086 1169 3139; x_wconf 84' lang='grc' dir='ltr'><strong>ἰιι</strong></span> <span class='ocrx_word' id='word_1_293' title='bbox 1201 3086 1368 3140; x_wconf 80' lang='lat' dir='ltr'><strong>altazn</strong></span> <span class='ocrx_word' id='word_1_294' title='bbox 1400 3087 1849 3155; x_wconf 81' lang='lat' dir='ltr'><strong>tranquillitatem</strong></span> <span class='ocrx_word' id='word_1_295' title='bbox 1877 3088 2059 3141; x_wconf 87' lang='lat' dir='ltr'><strong>subito</strong></span> <span class='ocrx_word' id='word_1_296' title='bbox 2084 3090 2370 3154; x_wconf 86' lang='lat' dir='ltr'><strong>convertit,</strong></span> 
     </span>
    </p>
   </div>
   <div class='ocr_carea' id='block_1_46' title="bbox 2463 1888 4050 1964">
    <p class='ocr_par' dir='ltr' id='par_1_46' title="bbox 2463 1888 4050 1964">
     <span class='ocr_line' id='line_1_46' title="bbox 2463 1888 4050 1964; baseline -0.004 -18"><span class='ocrx_word' id='word_1_297' title='bbox 2463 1894 2748 1964; x_wconf 67' lang='grc' dir='ltr'><strong>ἐπηρείας)</strong></span> <span class='ocrx_word' id='word_1_298' title='bbox 2834 1891 2932 1962; x_wconf 80' lang='grc' dir='ltr'><strong>τήν</strong></span> <span class='ocrx_word' id='word_1_299' title='bbox 2997 1890 3094 1960; x_wconf 85' lang='grc' dir='ltr'><strong>σὴν</strong></span> <span class='ocrx_word' id='word_1_300' title='bbox 3170 1889 3484 1960; x_wconf 73' lang='grc' dir='ltr'><strong>ἁγιωσύνην</strong></span> <span class='ocrx_word' id='word_1_301' title='bbox 3540 1888 3910 1958; x_wconf 75' lang='grc' dir='ltr'><strong>ὑπολαμϐάνω</strong></span> <span class='ocrx_word' id='word_1_302' title='bbox 3972 1888 4050 1956; x_wconf 74' lang='grc' dir='ltr'><strong>μὴ</strong></span> 
     </span>
    </p>
   </div>
   <div class='ocr_carea' id='block_1_47' title="bbox 2463 1979 4048 2053">
    <p class='ocr_par' dir='ltr' id='par_1_47' title="bbox 2463 1979 4048 2053">
     <span class='ocr_line' id='line_1_47' title="bbox 2463 1979 4048 2053; baseline -0.004 -14"><span class='ocrx_word' id='word_1_303' title='bbox 2463 1987 2703 2053; x_wconf 83' lang='grc' dir='ltr'><strong>ἀγνοεῖν,</strong></span> <span class='ocrx_word' id='word_1_304' title='bbox 2755 1983 2878 2036; x_wconf 76' lang='grc' dir='ltr'><strong>οὐδὲ</strong></span> <span class='ocrx_word' id='word_1_305' title='bbox 2914 1983 2984 2036; x_wconf 75' lang='grc' dir='ltr'><strong>τὰ</strong></span> <span class='ocrx_word' id='word_1_306' title='bbox 3030 1985 3088 2036; x_wconf 85' lang='grc' dir='ltr'><strong>ἐν</strong></span> <span class='ocrx_word' id='word_1_307' title='bbox 3133 1985 3198 2052; x_wconf 84' lang='grc' dir='ltr'><strong>τῇ</strong></span> <span class='ocrx_word' id='word_1_308' title='bbox 3233 1981 3355 2035; x_wconf 69' lang='grc' dir='ltr'><strong>καθ’</strong></span> <span class='ocrx_word' id='word_1_309' title='bbox 3385 1983 3535 2052; x_wconf 69' lang='grc' dir='ltr'><strong>ἡμᾶς</strong></span> <span class='ocrx_word' id='word_1_310' title='bbox 3581 1979 3879 2048; x_wconf 74' lang='grc' dir='ltr'><strong>Ἐκκλησία</strong></span> <span class='ocrx_word' id='word_1_311' title='bbox 3905 1996 4048 2047; x_wconf 83' lang='grc' dir='ltr'><strong>συμ-</strong></span> 
     </span>
    </p>
   </div>
   <div class='ocr_carea' id='block_1_48' title="bbox 2464 2071 4049 2149">
    <p class='ocr_par' dir='ltr' id='par_1_48' title="bbox 2464 2071 4049 2149">
     <span class='ocr_line' id='line_1_48' title="bbox 2464 2071 4049 2149; baseline -0.008 -17"><span class='ocrx_word' id='word_1_312' title='bbox 2464 2078 2737 2149; x_wconf 71' lang='grc' dir='ltr'><strong>ϐεϐηκὸτα</strong></span> <span class='ocrx_word' id='word_1_313' title='bbox 2765 2075 3006 2144; x_wconf 82' lang='grc' dir='ltr'><strong>νεώτερα</strong></span> <span class='ocrx_word' id='word_1_314' title='bbox 3043 2075 3142 2144; x_wconf 83' lang='grc' dir='ltr'><strong>μὲν</strong></span> <span class='ocrx_word' id='word_1_315' title='bbox 3175 2072 3468 2137; x_wconf 77' lang='grc' dir='ltr'><strong>σκάνδαλα,</strong></span> <span class='ocrx_word' id='word_1_316' title='bbox 3511 2071 3713 2142; x_wconf 82' lang='grc' dir='ltr'><strong>μικροῦ</strong></span> <span class='ocrx_word' id='word_1_317' title='bbox 3765 2071 3821 2122; x_wconf 78' lang='grc' dir='ltr'><strong>δὲ</strong></span> <span class='ocrx_word' id='word_1_318' title='bbox 3866 2073 4049 2122; x_wconf 84' lang='grc' dir='ltr'><strong>εἰπεῖν</strong></span> 
     </span>
    </p>
   </div>
   <div class='ocr_carea' id='block_1_49' title="bbox 2466 2163 4054 2239">
    <p class='ocr_par' dir='ltr' id='par_1_49' title="bbox 2466 2163 4054 2239">
     <span class='ocr_line' id='line_1_49' title="bbox 2466 2163 4054 2239; baseline -0.008 -13"><span class='ocrx_word' id='word_1_319' title='bbox 2466 2172 2682 2226; x_wconf 79' lang='grc' dir='ltr'><strong>ἀποδέω</strong></span> <span class='ocrx_word' id='word_1_320' title='bbox 2714 2170 2822 2224; x_wconf 80' lang='grc' dir='ltr'><strong>τῶν</strong></span> <span class='ocrx_word' id='word_1_321' title='bbox 2849 2167 3092 2222; x_wconf 83' lang='grc' dir='ltr'><strong>παλαιῶν</strong></span> <span class='ocrx_word' id='word_1_322' title='bbox 3125 2168 3428 2239; x_wconf 80' lang='grc' dir='ltr'><strong>βιαιότερα,</strong></span> <span class='ocrx_word' id='word_1_323' title='bbox 3483 2165 3576 2220; x_wconf 73' lang='grc' dir='ltr'><strong>καὶ</strong></span> <span class='ocrx_word' id='word_1_324' title='bbox 3629 2164 3730 2219; x_wconf 77' lang='grc' dir='ltr'><strong>οῦκ</strong></span> <span class='ocrx_word' id='word_1_325' title='bbox 3795 2163 3861 2216; x_wconf 75' lang='grc' dir='ltr'><strong>ἄν</strong></span> <span class='ocrx_word' id='word_1_326' title='bbox 3917 2179 4054 2215; x_wconf 77' lang='grc' dir='ltr'><strong>ππε</strong></span> 
     </span>
    </p>
   </div>
   <div class='ocr_carea' id='block_1_50' title="bbox 2465 2251 4052 2330">
    <p class='ocr_par' dir='ltr' id='par_1_50' title="bbox 2465 2251 4052 2330">
     <span class='ocr_line' id='line_1_50' title="bbox 2465 2251 4052 2330; baseline -0.009 -13"><span class='ocrx_word' id='word_1_327' title='bbox 2465 2264 2675 2325; x_wconf 84' lang='grc' dir='ltr'><strong>λύσεως</strong></span> <span class='ocrx_word' id='word_1_328' title='bbox 2705 2261 2895 2314; x_wconf 80' lang='grc' dir='ltr'>ἐλπίδα</span> <span class='ocrx_word' id='word_1_329' title='bbox 2935 2259 3268 2330; x_wconf 87' lang='grc' dir='ltr'><strong>παρέχοντα,</strong></span> <span class='ocrx_word' id='word_1_330' title='bbox 3304 2257 3406 2309; x_wconf 78' lang='grc' dir='ltr'><strong>ὅσα</strong></span> <span class='ocrx_word' id='word_1_331' title='bbox 3459 2272 3524 2324; x_wconf 88' lang='grc' dir='ltr'><strong>γε</strong></span> <span class='ocrx_word' id='word_1_332' title='bbox 3579 2254 3648 2308; x_wconf 67' lang='grc' dir='ltr'><strong>τὰ</strong></span> <span class='ocrx_word' id='word_1_333' title='bbox 3702 2251 4052 2322; x_wconf 73' lang='grc' dir='ltr'><strong>ἀνθρώπινα.</strong></span> 
     </span>
    </p>
   </div>
   <div class='ocr_carea' id='block_1_51' title="bbox 2479 2344 4057 2426">
    <p class='ocr_par' dir='ltr' id='par_1_51' title="bbox 2479 2344 4057 2426">
     <span class='ocr_line' id='line_1_51' title="bbox 2479 2344 4057 2426; baseline -0.011 -15"><span class='ocrx_word' id='word_1_334' title='bbox 2479 2359 2567 2422; x_wconf 85' lang='grc' dir='ltr'><strong>Ὠς</strong></span> <span class='ocrx_word' id='word_1_335' title='bbox 2595 2351 2689 2410; x_wconf 77' lang='grc' dir='ltr'><strong>οὖν</strong></span> <span class='ocrx_word' id='word_1_336' title='bbox 2725 2355 2861 2426; x_wconf 81' lang='grc' dir='ltr'><strong>πρὸς</strong></span> <span class='ocrx_word' id='word_1_337' title='bbox 2896 2353 3098 2416; x_wconf 84' lang='grc' dir='ltr'><strong>εἰδότα,</strong></span> <span class='ocrx_word' id='word_1_338' title='bbox 3137 2349 3474 2422; x_wconf 80' lang='grc' dir='ltr'><strong>παραλιπεῖν</strong></span> <span class='ocrx_word' id='word_1_339' title='bbox 3533 2347 3698 2400; x_wconf 69' lang='grc' dir='ltr'><strong>καλὸν</strong></span> <span class='ocrx_word' id='word_1_340' title='bbox 3747 2344 4057 2414; x_wconf 70' lang='grc' dir='ltr'><strong>ἡγησάμην</strong></span> 
     </span>
    </p>
   </div>
   <div class='ocr_carea' id='block_1_52' title="bbox 2465 2434 4056 2521">
    <p class='ocr_par' dir='ltr' id='par_1_52' title="bbox 2465 2434 4056 2521">
     <span class='ocr_line' id='line_1_52' title="bbox 2465 2434 4056 2521; baseline -0.013 -17"><span class='ocrx_word' id='word_1_341' title='bbox 2465 2452 2527 2504; x_wconf 85' lang='grc' dir='ltr'><strong>τὺ</strong></span> <span class='ocrx_word' id='word_1_342' title='bbox 2553 2450 2817 2521; x_wconf 78' lang='grc' dir='ltr'><strong>γράφειν,</strong></span> <span class='ocrx_word' id='word_1_343' title='bbox 2844 2447 2880 2501; x_wconf 80' lang='grc' dir='ltr'><strong>ἃ.</strong></span> <span class='ocrx_word' id='word_1_344' title='bbox 2919 2445 3020 2499; x_wconf 72' lang='grc' dir='ltr'><strong>καὶ</strong></span> <span class='ocrx_word' id='word_1_345' title='bbox 3049 2443 3146 2498; x_wconf 84' lang='grc' dir='ltr'><strong>τοῦ</strong></span> <span class='ocrx_word' id='word_1_346' title='bbox 3174 2443 3503 2514; x_wconf 82' lang='grc' dir='ltr'><strong>γράμματος</strong></span> <span class='ocrx_word' id='word_1_347' title='bbox 3532 2440 3703 2511; x_wconf 67' lang='grc' dir='ltr'><strong>χωρὶς</strong></span> <span class='ocrx_word' id='word_1_348' title='bbox 3728 2438 3787 2490; x_wconf 74' lang='grc' dir='ltr'><strong>οὐ</strong></span> <span class='ocrx_word' id='word_1_349' title='bbox 3822 2434 4056 2503; x_wconf 77' lang='grc' dir='ltr'><strong>λέληθεν</strong></span> 
     </span>
    </p>
   </div>
   <div class='ocr_carea' id='block_1_53' title="bbox 2471 2527 4064 2613">
    <p class='ocr_par' dir='ltr' id='par_1_53' title="bbox 2471 2527 4064 2613">
     <span class='ocr_line' id='line_1_53' title="bbox 2471 2527 4064 2613; baseline -0.013 -15"><span class='ocrx_word' id='word_1_350' title='bbox 2471 2545 2638 2613; x_wconf 76' lang='grc' dir='ltr'><strong>ὑμᾶς.</strong></span> <span class='ocrx_word' id='word_1_351' title='bbox 2676 2538 2940 2610; x_wconf 81' lang='grc' dir='ltr'><strong>Περιττδν</strong></span> <span class='ocrx_word' id='word_1_352' title='bbox 2969 2539 3099 2608; x_wconf 73' lang='grc' dir='ltr'><strong>γὰρ,</strong></span> <span class='ocrx_word' id='word_1_353' title='bbox 3132 2536 3220 2589; x_wconf 81' lang='grc' dir='ltr'><strong>ἵνα</strong></span> <span class='ocrx_word' id='word_1_354' title='bbox 3249 2537 3326 2605; x_wconf 80' lang='grc' dir='ltr'><strong>μὴ</strong></span> <span class='ocrx_word' id='word_1_355' title='bbox 3381 2534 3529 2598; x_wconf 84' lang='grc' dir='ltr'><strong>λέγω</strong></span> <span class='ocrx_word' id='word_1_356' title='bbox 3590 2532 3839 2601; x_wconf 82' lang='grc' dir='ltr'><strong>μάταιον,</strong></span> <span class='ocrx_word' id='word_1_357' title='bbox 3910 2527 4064 2580; x_wconf 68' lang='grc' dir='ltr'><strong>δεδε-</strong></span> 
     </span>
    </p>
   </div>
   <div class='ocr_carea' id='block_1_54' title="bbox 2471 2621 4062 2698">
    <p class='ocr_par' dir='ltr' id='par_1_54' title="bbox 2471 2621 4062 2698">
     <span class='ocr_line' id='line_1_54' title="bbox 2471 2621 4062 2698; baseline -0.014 -7"><span class='ocrx_word' id='word_1_358' title='bbox 2471 2654 2625 2691; x_wconf 87' lang='grc' dir='ltr'><strong>σκειν</strong></span> <span class='ocrx_word' id='word_1_359' title='bbox 2656 2635 2745 2688; x_wconf 78' lang='grc' dir='ltr'><strong>τὸν</strong></span> <span class='ocrx_word' id='word_1_360' title='bbox 2768 2634 2826 2698; x_wconf 87' lang='grc' dir='ltr'><strong>ὃς</strong></span> <span class='ocrx_word' id='word_1_361' title='bbox 2856 2634 2916 2686; x_wconf 75' lang='grc' dir='ltr'><strong>οῦ</strong></span> <span class='ocrx_word' id='word_1_362' title='bbox 2958 2631 3132 2684; x_wconf 85' lang='grc' dir='ltr'><strong>δεῖται</strong></span> <span class='ocrx_word' id='word_1_363' title='bbox 3168 2627 3463 2697; x_wconf 81' lang='grc' dir='ltr'><strong>μανθάνειν</strong></span> <span class='ocrx_word' id='word_1_364' title='bbox 3515 2625 3576 2677; x_wconf 85' lang='grc' dir='ltr'><strong>τδ</strong></span> <span class='ocrx_word' id='word_1_365' title='bbox 3603 2625 3862 2691; x_wconf 86' lang='grc' dir='ltr'><strong>δίδαγμα.</strong></span> <span class='ocrx_word' id='word_1_366' title='bbox 3909 2621 4062 2690; x_wconf 72' lang='grc' dir='ltr'><strong>Γρα-</strong></span> 
     </span>
    </p>
   </div>
   <div class='ocr_carea' id='block_1_55' title="bbox 2472 2711 4063 2799">
    <p class='ocr_par' dir='ltr' id='par_1_55' title="bbox 2472 2711 4063 2799">
     <span class='ocr_line' id='line_1_55' title="bbox 2472 2711 4063 2799; baseline -0.013 -15"><span class='ocrx_word' id='word_1_367' title='bbox 2472 2747 2644 2799; x_wconf 84' lang='grc' dir='ltr'><strong>φομεν</strong></span> <span class='ocrx_word' id='word_1_368' title='bbox 2668 2729 2725 2782; x_wconf 78' lang='grc' dir='ltr'><strong>δὲ</strong></span> <span class='ocrx_word' id='word_1_369' title='bbox 2758 2727 2920 2780; x_wconf 82' lang='grc' dir='ltr'><strong>τοῦτο</strong></span> <span class='ocrx_word' id='word_1_370' title='bbox 2989 2723 3172 2794; x_wconf 82' lang='grc' dir='ltr'><strong>μόνον,</strong></span> <span class='ocrx_word' id='word_1_371' title='bbox 3224 2719 3301 2783; x_wconf 83' lang='grc' dir='ltr'><strong>ὡς</strong></span> <span class='ocrx_word' id='word_1_372' title='bbox 3355 2720 3449 2772; x_wconf 67' lang='grc' dir='ltr'><strong>τὸν</strong></span> <span class='ocrx_word' id='word_1_373' title='bbox 3495 2718 3735 2788; x_wconf 77' lang='grc' dir='ltr'><strong>τάραχον</strong></span> <span class='ocrx_word' id='word_1_374' title='bbox 3785 2715 3884 2781; x_wconf 82' lang='grc' dir='ltr'><strong>τῆς</strong></span> <span class='ocrx_word' id='word_1_375' title='bbox 3928 2711 4063 2764; x_wconf 74' lang='grc' dir='ltr'><strong>καθ’</strong></span> 
     </span>
    </p>
   </div>
   <div class='ocr_carea' id='block_1_56' title="bbox 2473 2805 4064 2890">
    <p class='ocr_par' dir='ltr' id='par_1_56' title="bbox 2473 2805 4064 2890">
     <span class='ocr_line' id='line_1_56' title="bbox 2473 2805 4064 2890; baseline -0.013 -14"><span class='ocrx_word' id='word_1_376' title='bbox 2473 2823 2622 2890; x_wconf 77' lang='grc' dir='ltr'><strong>ἡμᾶς</strong></span> <span class='ocrx_word' id='word_1_377' title='bbox 2685 2815 3019 2886; x_wconf 75' lang='grc' dir='ltr'><strong>Ἕκκλησίας</strong></span> <span class='ocrx_word' id='word_1_378' title='bbox 3100 2815 3211 2867; x_wconf 70' lang='grc' dir='ltr'><strong>ἰδοῦ</strong></span> <span class='ocrx_word' id='word_1_379' title='bbox 3279 2809 3780 2866; x_wconf 84' lang='grc' dir='ltr'><strong>πεντεκαιδέκατον</strong></span> <span class='ocrx_word' id='word_1_380' title='bbox 3839 2805 3962 2868; x_wconf 79' lang='grc' dir='ltr'><strong>ἔτος</strong></span> <span class='ocrx_word' id='word_1_381' title='bbox 4031 2806 4064 2872; x_wconf 76' lang='grc' dir='ltr'>ἡ</span> 
     </span>
    </p>
   </div>
   <div class='ocr_carea' id='block_1_57' title="bbox 2474 2896 4069 2982">
    <p class='ocr_par' dir='ltr' id='par_1_57' title="bbox 2474 2896 4069 2982">
     <span class='ocr_line' id='line_1_57' title="bbox 2474 2896 4069 2982; baseline -0.012 -17"><span class='ocrx_word' id='word_1_382' title='bbox 2474 2914 2819 2982; x_wconf 75' lang='grc' dir='ltr'><strong>ὑπερέχουσα</strong></span> <span class='ocrx_word' id='word_1_383' title='bbox 2873 2909 3052 2963; x_wconf 73' lang='grc' dir='ltr'><strong>πάντα</strong></span> <span class='ocrx_word' id='word_1_384' title='bbox 3116 2906 3244 2959; x_wconf 83' lang='grc' dir='ltr'><strong>νοῦν</strong></span> <span class='ocrx_word' id='word_1_385' title='bbox 3295 2905 3514 2975; x_wconf 77' lang='grc' dir='ltr'><strong>εἰρήνη,</strong></span> <span class='ocrx_word' id='word_1_386' title='bbox 3561 2905 3589 2955; x_wconf 89' lang='grc' dir='ltr'>ὁ</span> <span class='ocrx_word' id='word_1_387' title='bbox 3649 2900 3851 2971; x_wconf 70' lang='grc' dir='ltr'><strong>Κύριος</strong></span> <span class='ocrx_word' id='word_1_388' title='bbox 3899 2896 4069 2967; x_wconf 77' lang='grc' dir='ltr'><strong>ήμῶν</strong></span> 
     </span>
    </p>
   </div>
   <div class='ocr_carea' id='block_1_58' title="bbox 2486 2987 4072 3073">
    <p class='ocr_par' dir='ltr' id='par_1_58' title="bbox 2486 2987 4072 3073">
     <span class='ocr_line' id='line_1_58' title="bbox 2486 2987 4072 3073; baseline -0.012 -16"><span class='ocrx_word' id='word_1_389' title='bbox 2486 3003 2694 3073; x_wconf 77' lang='grc' dir='ltr'><strong>Ἰησοῦς</strong></span> <span class='ocrx_word' id='word_1_390' title='bbox 2721 3003 2750 3054; x_wconf 80' lang='grc' dir='ltr'>ὁ</span> <span class='ocrx_word' id='word_1_391' title='bbox 2778 2999 3020 3070; x_wconf 81' lang='grc' dir='ltr'><strong>Χριστὸς</strong></span> <span class='ocrx_word' id='word_1_392' title='bbox 3047 2999 3142 3052; x_wconf 79' lang='grc' dir='ltr'><strong>καὶ</strong></span> <span class='ocrx_word' id='word_1_393' title='bbox 3175 2997 3331 3059; x_wconf 82' lang='grc' dir='ltr'><strong>Θεὸς,</strong></span> <span class='ocrx_word' id='word_1_394' title='bbox 3366 2998 3445 3058; x_wconf 87' lang='grc' dir='ltr'><strong>εἰς</strong></span> <span class='ocrx_word' id='word_1_395' title='bbox 3473 2995 3534 3046; x_wconf 78' lang='grc' dir='ltr'><strong>τὸ</strong></span> <span class='ocrx_word' id='word_1_396' title='bbox 3567 2994 3846 3062; x_wconf 70' lang='grc' dir='ltr'><strong>ἀταραχἰν</strong></span> <span class='ocrx_word' id='word_1_397' title='bbox 3884 2987 4072 3040; x_wconf 69' lang='grc' dir='ltr'><strong>διελύ-</strong></span> 
     </span>
    </p>
   </div>
   <div class='ocr_carea' id='block_1_59' title="bbox 2477 3080 4074 3160">
    <p class='ocr_par' dir='ltr' id='par_1_59' title="bbox 2477 3080 4074 3160">
     <span class='ocr_line' id='line_1_59' title="bbox 2477 3080 4074 3160; baseline -0.009 -16"><span class='ocrx_word' id='word_1_398' title='bbox 2477 3109 2634 3156; x_wconf 83' lang='grc' dir='ltr'><strong>σατο,</strong></span> <span class='ocrx_word' id='word_1_399' title='bbox 2677 3093 2772 3143; x_wconf 68' lang='grc' dir='ltr'><strong>καὶ</strong></span> <span class='ocrx_word' id='word_1_400' title='bbox 2801 3089 2902 3160; x_wconf 83' lang='grc' dir='ltr'><strong>τὴν</strong></span> <span class='ocrx_word' id='word_1_401' title='bbox 2921 3087 3102 3157; x_wconf 75' lang='grc' dir='ltr'><strong>δεινὴν</strong></span> <span class='ocrx_word' id='word_1_402' title='bbox 3131 3086 3453 3154; x_wconf 85' lang='grc' dir='ltr'><strong>καταιγίδα,</strong></span> <span class='ocrx_word' id='word_1_403' title='bbox 3481 3084 3579 3138; x_wconf 78' lang='grc' dir='ltr'><strong>καὶ</strong></span> <span class='ocrx_word' id='word_1_404' title='bbox 3613 3083 3747 3154; x_wconf 80' lang='grc' dir='ltr'><strong>πρὸς</strong></span> <span class='ocrx_word' id='word_1_405' title='bbox 3785 3083 3843 3134; x_wconf 72' lang='grc' dir='ltr'><strong>τὸ</strong></span> <span class='ocrx_word' id='word_1_406' title='bbox 3901 3080 4074 3132; x_wconf 79' lang='grc' dir='ltr'><strong>ἀνέλ-</strong></span> 
     </span>
    </p>
   </div>
   <div class='ocr_carea' id='block_1_60' title="bbox 790 3161 2373 3250">
    <p class='ocr_par' dir='ltr' id='par_1_60' title="bbox 790 3180 2371 3250">
     <span class='ocr_line' id='line_1_60' title="bbox 790 3180 2371 3250; baseline -0.001 -16"><span class='ocrx_word' id='word_1_407' title='bbox 790 3182 940 3234; x_wconf 79' lang='lat' dir='ltr'><strong>nalla</strong></span> <span class='ocrx_word' id='word_1_408' title='bbox 988 3188 1360 3248; x_wconf 83' lang='lat' dir='ltr'><strong>consequente</strong></span> <span class='ocrx_word' id='word_1_409' title='bbox 1401 3195 1644 3233; x_wconf 68' lang='lat' dir='ltr'><strong>mrumna</strong></span> <span class='ocrx_word' id='word_1_410' title='bbox 1675 3221 1689 3245; x_wconf 91' lang='lat'><strong>,</strong></span> <span class='ocrx_word' id='word_1_411' title='bbox 1725 3180 1939 3249; x_wconf 85' lang='lat' dir='ltr'><strong>qualem</strong></span> <span class='ocrx_word' id='word_1_412' title='bbox 1976 3195 2116 3250; x_wconf 75' lang='lat' dir='ltr'><strong>saepe</strong></span> <span class='ocrx_word' id='word_1_413' title='bbox 2149 3197 2234 3234; x_wconf 87' lang='lat' dir='ltr'><strong>res</strong></span> <span class='ocrx_word' id='word_1_414' title='bbox 2269 3181 2371 3232; x_wconf 91' lang='lat' dir='ltr'><strong>hu-</strong></span> 
     </span>
    </p>
   </div>
   <div class='ocr_carea' id='block_1_61' title="bbox 2475 3161 4072 3250">
    <p class='ocr_par' dir='ltr' id='par_1_61' title="bbox 2477 3173 4072 3250">
     <span class='ocr_line' id='line_1_61' title="bbox 2477 3173 4072 3250; baseline -0.009 -14"><span class='ocrx_word' id='word_1_415' title='bbox 2477 3183 2784 3250; x_wconf 77' lang='grc' dir='ltr'><strong>πιστοντὴν</strong></span> <span class='ocrx_word' id='word_1_416' title='bbox 2825 3178 3616 3250; x_wconf 81' lang='grc' dir='ltr'><strong>καταστόρεσινκεκτημένην.</strong></span> <span class='ocrx_word' id='word_1_417' title='bbox 3652 3176 3770 3247; x_wconf 90' lang='grc' dir='ltr'><strong>(Τίς</strong></span> <span class='ocrx_word' id='word_1_418' title='bbox 3829 3173 3894 3227; x_wconf 79' lang='grc' dir='ltr'><strong>ἂν</strong></span> <span class='ocrx_word' id='word_1_419' title='bbox 3945 3173 4072 3236; x_wconf 78' lang='grc' dir='ltr'><strong>ἐξε-</strong></span> 
     </span>
    </p>
   </div>
   <div class='ocr_carea' id='block_1_62' title="bbox 790 3271 2366 3342">
    <p class='ocr_par' dir='ltr' id='par_1_62' title="bbox 790 3271 2366 3342">
     <span class='ocr_line' id='line_1_62' title="bbox 790 3271 2366 3342; baseline -0.001 -15"><span class='ocrx_word' id='word_1_420' title='bbox 790 3288 966 3327; x_wconf 66' lang='lat' dir='ltr'><strong>rzazlm</strong></span> <span class='ocrx_word' id='word_1_421' title='bbox 992 3279 1195 3342; x_wconf 74' lang='lat' dir='ltr'><strong>cogunt</strong></span> <span class='ocrx_word' id='word_1_422' title='bbox 1232 3279 1428 3340; x_wconf 65' lang='lat' dir='ltr'><strong>prmtcr</strong></span> <span class='ocrx_word' id='word_1_423' title='bbox 1458 3271 1772 3339; x_wconf 77' lang='lat' dir='ltr'><strong>opinionem</strong></span> <span class='ocrx_word' id='word_1_424' title='bbox 1807 3273 2161 3341; x_wconf 79' lang='lat' dir='ltr'><strong>supervenire</strong></span> <span class='ocrx_word' id='word_1_425' title='bbox 2205 3271 2366 3326; x_wconf 89' lang='lat' dir='ltr'><strong>alicui</strong></span> 
     </span>
    </p>
   </div>
   <div class='ocr_carea' id='block_1_63' title="bbox 792 3360 2372 3430">
    <p class='ocr_par' dir='ltr' id='par_1_63' title="bbox 792 3360 2372 3430">
     <span class='ocr_line' id='line_1_63' title="bbox 792 3360 2372 3430; baseline 0.001 -16"><span class='ocrx_word' id='word_1_426' title='bbox 792 3362 1034 3422; x_wconf 74' lang='lat' dir='ltr'><strong>eventui,</strong></span> <span class='ocrx_word' id='word_1_427' title='bbox 1070 3375 1245 3428; x_wconf 86' lang='lat' dir='ltr'><strong>neque</strong></span> <span class='ocrx_word' id='word_1_428' title='bbox 1303 3360 1413 3413; x_wconf 91' lang='lat' dir='ltr'><strong>ullo</strong></span> <span class='ocrx_word' id='word_1_429' title='bbox 1443 3361 1493 3412; x_wconf 93' lang='lat' dir='ltr'><strong>in</strong></span> <span class='ocrx_word' id='word_1_430' title='bbox 1528 3362 1961 3429; x_wconf 68' lang='lat' dir='ltr'><strong>experimentum</strong></span> <span class='ocrx_word' id='word_1_431' title='bbox 1989 3362 2166 3430; x_wconf 86' lang='lat' dir='ltr'><strong>posito</strong></span> <span class='ocrx_word' id='word_1_432' title='bbox 2197 3363 2372 3416; x_wconf 77' lang='lat' dir='ltr'><strong>tribu-</strong></span> 
     </span>
    </p>
   </div>
   <div class='ocr_carea' id='block_1_64' title="bbox 793 3450 2372 3522">
    <p class='ocr_par' dir='ltr' id='par_1_64' title="bbox 793 3450 2372 3522">
     <span class='ocr_line' id='line_1_64' title="bbox 793 3450 2372 3522; baseline 0.003 -20"><span class='ocrx_word' id='word_1_433' title='bbox 793 3450 1020 3504; x_wconf 82' lang='lat' dir='ltr'><strong>lationis</strong></span> <span class='ocrx_word' id='word_1_434' title='bbox 1053 3457 1148 3502; x_wconf 88' lang='lat' dir='ltr'><strong>aut</strong></span> <span class='ocrx_word' id='word_1_435' title='bbox 1207 3453 1499 3519; x_wconf 73' lang='lat' dir='ltr'><strong>angustim,</strong></span> <span class='ocrx_word' id='word_1_436' title='bbox 1526 3462 1801 3504; x_wconf 63' lang='lat' dir='ltr'><strong>extranea:</strong></span> <span class='ocrx_word' id='word_1_437' title='bbox 1833 3451 2078 3520; x_wconf 84' lang='lat' dir='ltr'><strong>inquam,</strong></span> <span class='ocrx_word' id='word_1_438' title='bbox 2124 3453 2372 3522; x_wconf 89' lang='lat' dir='ltr'><strong>proprio-</strong></span> 
     </span>
    </p>
   </div>
   <div class='ocr_carea' id='block_1_65' title="bbox 796 3545 2370 3616">
    <p class='ocr_par' dir='ltr' id='par_1_65' title="bbox 796 3545 2370 3616">
     <span class='ocr_line' id='line_1_65' title="bbox 796 3545 2370 3616; baseline -0.001 -15"><span class='ocrx_word' id='word_1_439' title='bbox 796 3564 914 3602; x_wconf 76' lang='lat' dir='ltr'><strong>rum</strong></span> <span class='ocrx_word' id='word_1_440' title='bbox 951 3547 1321 3616; x_wconf 80' lang='lat' dir='ltr'><strong>spoliationis,</strong></span> <span class='ocrx_word' id='word_1_441' title='bbox 1361 3547 1509 3601; x_wconf 91' lang='lat' dir='ltr'><strong>illius</strong></span> <span class='ocrx_word' id='word_1_442' title='bbox 1557 3545 1764 3602; x_wconf 79' lang='lat' dir='ltr'><strong>scilicet</strong></span> <span class='ocrx_word' id='word_1_443' title='bbox 1794 3549 1933 3603; x_wconf 86' lang='lat' dir='ltr'><strong>alius</strong></span> <span class='ocrx_word' id='word_1_444' title='bbox 1967 3549 2198 3603; x_wconf 74' lang='lat' dir='ltr'><strong>miseria:</strong></span> <span class='ocrx_word' id='word_1_445' title='bbox 2247 3562 2370 3616; x_wconf 68' lang='lat' dir='ltr'><strong>qua:</strong></span> 
     </span>
    </p>
   </div>
   <div class='ocr_carea' id='block_1_66' title="bbox 794 3638 2369 3709">
    <p class='ocr_par' dir='ltr' id='par_1_66' title="bbox 794 3638 2369 3709">
     <span class='ocr_line' id='line_1_66' title="bbox 794 3638 2369 3709; baseline 0 -17"><span class='ocrx_word' id='word_1_446' title='bbox 794 3639 1066 3694; x_wconf 73' lang='lat' dir='ltr'><strong>dominari</strong></span> <span class='ocrx_word' id='word_1_447' title='bbox 1093 3638 1231 3692; x_wconf 85' lang='lat' dir='ltr'><strong>solet</strong></span> <span class='ocrx_word' id='word_1_448' title='bbox 1279 3639 1334 3693; x_wconf 91' lang='lat' dir='ltr'><strong>in</strong></span> <span class='ocrx_word' id='word_1_449' title='bbox 1358 3639 1653 3702; x_wconf 74' lang='lat' dir='ltr'><strong>rationem,</strong></span> <span class='ocrx_word' id='word_1_450' title='bbox 1683 3649 1735 3692; x_wconf 87' lang='lat' dir='ltr'><strong>et</strong></span> <span class='ocrx_word' id='word_1_451' title='bbox 1759 3647 1954 3709; x_wconf 67' lang='lat' dir='ltr'><strong>praeter</strong></span> <span class='ocrx_word' id='word_1_452' title='bbox 1976 3639 2369 3695; x_wconf 88' lang='lat' dir='ltr'><strong>conscientiam</strong></span> 
     </span>
    </p>
   </div>
   <div class='ocr_carea' id='block_1_67' title="bbox 797 3729 2370 3801">
    <p class='ocr_par' dir='ltr' id='par_1_67' title="bbox 797 3729 2370 3801">
     <span class='ocr_line' id='line_1_67' title="bbox 797 3729 2370 3801; baseline 0.001 -20"><span class='ocrx_word' id='word_1_453' title='bbox 797 3731 939 3799; x_wconf 69' lang='lat' dir='ltr'><strong>cogit</strong></span> <span class='ocrx_word' id='word_1_454' title='bbox 984 3729 1293 3800; x_wconf 70' lang='lat' dir='ltr'><strong>quempiam</strong></span> <span class='ocrx_word' id='word_1_455' title='bbox 1315 3732 1624 3785; x_wconf 85' lang='lat' dir='ltr'><strong>necessitati</strong></span> <span class='ocrx_word' id='word_1_456' title='bbox 1665 3735 1875 3786; x_wconf 78' lang='lat' dir='ltr'><strong>cedere.</strong></span> <span class='ocrx_word' id='word_1_457' title='bbox 1911 3731 2013 3785; x_wconf 90' lang='lat' dir='ltr'><strong>Sed</strong></span> <span class='ocrx_word' id='word_1_458' title='bbox 2051 3732 2221 3801; x_wconf 81' lang='lat' dir='ltr'><strong>gratia</strong></span> <span class='ocrx_word' id='word_1_459' title='bbox 2255 3729 2370 3796; x_wconf 87' lang='lat' dir='ltr'><strong>Dei,</strong></span> 
     </span>
    </p>
   </div>
   <div class='ocr_carea' id='block_1_68' title="bbox 797 3821 2374 3892">
    <p class='ocr_par' dir='ltr' id='par_1_68' title="bbox 797 3821 2374 3892">
     <span class='ocr_line' id='line_1_68' title="bbox 797 3821 2374 3892; baseline 0 -18"><span class='ocrx_word' id='word_1_460' title='bbox 797 3821 954 3890; x_wconf 89' lang='lat' dir='ltr'><strong>quasi</strong></span> <span class='ocrx_word' id='word_1_461' title='bbox 998 3836 1062 3873; x_wconf 82' lang='lat' dir='ltr'><strong>ex</strong></span> <span class='ocrx_word' id='word_1_462' title='bbox 1102 3837 1206 3874; x_wconf 85' lang='lat' dir='ltr'><strong>una</strong></span> <span class='ocrx_word' id='word_1_463' title='bbox 1246 3822 1609 3876; x_wconf 88' lang='lat' dir='ltr'><strong>c0nventione</strong></span> <span class='ocrx_word' id='word_1_464' title='bbox 1658 3823 1809 3892; x_wconf 84' lang='lat' dir='ltr'><strong>(quid</strong></span> <span class='ocrx_word' id='word_1_465' title='bbox 1865 3823 1988 3877; x_wconf 92' lang='lat' dir='ltr'><strong>dico</strong></span> <span class='ocrx_word' id='word_1_466' title='bbox 2019 3838 2083 3877; x_wconf 79' lang='lat' dir='ltr'><strong>ex</strong></span> <span class='ocrx_word' id='word_1_467' title='bbox 2137 3823 2374 3875; x_wconf 88' lang='lat' dir='ltr'><strong>humana</strong></span> 
     </span>
    </p>
   </div>
   <div class='ocr_carea' id='block_1_69' title="bbox 798 3913 2376 3984">
    <p class='ocr_par' dir='ltr' id='par_1_69' title="bbox 798 3913 2376 3984">
     <span class='ocr_line' id='line_1_69' title="bbox 798 3913 2376 3984; baseline 0.003 -22"><span class='ocrx_word' id='word_1_468' title='bbox 798 3914 1162 3968; x_wconf 66' lang='lat' dir='ltr'><strong>conventione</strong></span> <span class='ocrx_word' id='word_1_469' title='bbox 1187 3913 1251 3984; x_wconf 68' lang='grc' dir='ltr'><strong>ί),</strong></span> <span class='ocrx_word' id='word_1_470' title='bbox 1292 3915 1384 3968; x_wconf 83' lang='lat' dir='ltr'><strong>sed</strong></span> <span class='ocrx_word' id='word_1_471' title='bbox 1436 3929 1622 3969; x_wconf 83' lang='lat' dir='ltr'><strong>revera</strong></span> <span class='ocrx_word' id='word_1_472' title='bbox 1663 3930 1726 3969; x_wconf 82' lang='lat' dir='ltr'><strong>ex</strong></span> <span class='ocrx_word' id='word_1_473' title='bbox 1781 3915 1874 3970; x_wconf 90' lang='lat' dir='ltr'><strong>Dei</strong></span> <span class='ocrx_word' id='word_1_474' title='bbox 1927 3927 2084 3978; x_wconf 89' lang='lat' dir='ltr'><strong>nutu,</strong></span> <span class='ocrx_word' id='word_1_475' title='bbox 2127 3915 2182 3968; x_wconf 92' lang='lat' dir='ltr'><strong>in</strong></span> <span class='ocrx_word' id='word_1_476' title='bbox 2215 3929 2376 3968; x_wconf 90' lang='lat' dir='ltr'><strong>uuam</strong></span> 
     </span>
    </p>
   </div>
   <div class='ocr_carea' id='block_1_70' title="bbox 799 4006 2380 4076">
    <p class='ocr_par' dir='ltr' id='par_1_70' title="bbox 799 4006 2380 4076">
     <span class='ocr_line' id='line_1_70' title="bbox 799 4006 2380 4076; baseline 0.002 -17"><span class='ocrx_word' id='word_1_477' title='bbox 799 4006 1124 4059; x_wconf 58' lang='lat' dir='ltr'><strong>sententiam</strong></span> <span class='ocrx_word' id='word_1_478' title='bbox 1158 4021 1349 4059; x_wconf 86' lang='lat' dir='ltr'><strong>omnes</strong></span> <span class='ocrx_word' id='word_1_479' title='bbox 1382 4014 1780 4069; x_wconf 80' lang='lat' dir='ltr'><strong>convenerunt,</strong></span> <span class='ocrx_word' id='word_1_480' title='bbox 1816 4019 1868 4061; x_wconf 68' lang='lat' dir='ltr'><strong>et</strong></span> <span class='ocrx_word' id='word_1_481' title='bbox 1912 4016 2059 4063; x_wconf 86' lang='lat' dir='ltr'><strong>tenet</strong></span> <span class='ocrx_word' id='word_1_482' title='bbox 2097 4009 2238 4076; x_wconf 83' lang='lat' dir='ltr'><strong>apud</strong></span> <span class='ocrx_word' id='word_1_483' title='bbox 2281 4023 2380 4062; x_wconf 90' lang='lat' dir='ltr'><strong>nos</strong></span> 
     </span>
    </p>
   </div>
   <div class='ocr_carea' id='block_1_71' title="bbox 800 4098 2205 4171">
    <p class='ocr_par' dir='ltr' id='par_1_71' title="bbox 800 4098 2205 4171">
     <span class='ocr_line' id='line_1_71' title="bbox 800 4098 2205 4171; baseline 0.002 -18"><span class='ocrx_word' id='word_1_484' title='bbox 800 4109 986 4153; x_wconf 84' lang='lat' dir='ltr'><strong>sancta</strong></span> <span class='ocrx_word' id='word_1_485' title='bbox 1022 4099 1264 4154; x_wconf 81' lang='lat' dir='ltr'><strong>Ecclesia</strong></span> <span class='ocrx_word' id='word_1_486' title='bbox 1326 4098 1420 4154; x_wconf 83' lang='lat' dir='ltr'><strong>Dei</strong></span> <span class='ocrx_word' id='word_1_487' title='bbox 1459 4103 1507 4152; x_wconf 91' lang='lat' dir='ltr'><strong>in</strong></span> <span class='ocrx_word' id='word_1_488' title='bbox 1534 4115 1634 4154; x_wconf 83' lang='lat' dir='ltr'><strong>suo</strong></span> <span class='ocrx_word' id='word_1_489' title='bbox 1674 4113 2030 4171; x_wconf 78' lang='lat' dir='ltr'><strong>congregatos</strong></span> <span class='ocrx_word' id='word_1_490' title='bbox 2059 4103 2205 4158; x_wconf 90' lang='lat' dir='ltr'><strong>sinu.</strong></span> 
     </span>
    </p>
   </div>
   <div class='ocr_carea' id='block_1_72' title="bbox 2479 3263 4076 3346">
    <p class='ocr_par' dir='ltr' id='par_1_72' title="bbox 2479 3263 4076 3346">
     <span class='ocr_line' id='line_1_72' title="bbox 2479 3263 4076 3346; baseline -0.011 -18"><span class='ocrx_word' id='word_1_491' title='bbox 2479 3275 2742 3346; x_wconf 89' lang='grc' dir='ltr'><strong>ρευνήσαι</strong></span> <span class='ocrx_word' id='word_1_492' title='bbox 2777 3273 2916 3327; x_wconf 86' lang='grc' dir='ltr'><strong>Θεοῦ</strong></span> <span class='ocrx_word' id='word_1_493' title='bbox 2965 3273 3211 3344; x_wconf 83' lang='grc' dir='ltr'><strong>κρίματα</strong></span> <span class='ocrx_word' id='word_1_494' title='bbox 3241 3270 3281 3340; x_wconf 76' lang='grc' dir='ltr'><strong>ς)</strong></span> <span class='ocrx_word' id='word_1_495' title='bbox 3343 3271 3480 3341; x_wconf 77' lang='grc' dir='ltr'><strong>πρὸς</strong></span> <span class='ocrx_word' id='word_1_496' title='bbox 3537 3267 3761 3340; x_wconf 79' lang='grc' dir='ltr'><strong>βαθεῖαν</strong></span> <span class='ocrx_word' id='word_1_497' title='bbox 3820 3263 4076 3333; x_wconf 76' lang='grc' dir='ltr'><strong>γαλήνην</strong></span> 
     </span>
    </p>
   </div>
   <div class='ocr_carea' id='block_1_73' title="bbox 2475 3357 4074 3439">
    <p class='ocr_par' dir='ltr' id='par_1_73' title="bbox 2475 3357 4074 3439">
     <span class='ocr_line' id='line_1_73' title="bbox 2475 3357 4074 3439; baseline -0.009 -19"><span class='ocrx_word' id='word_1_498' title='bbox 2475 3367 2672 3439; x_wconf 74' lang='grc' dir='ltr'><strong>ἀθρόον</strong></span> <span class='ocrx_word' id='word_1_499' title='bbox 2731 3366 3059 3436; x_wconf 81' lang='grc' dir='ltr'><strong>μετήνεγκε,</strong></span> <span class='ocrx_word' id='word_1_500' title='bbox 3150 3363 3382 3434; x_wconf 75' lang='grc' dir='ltr'><strong>μηδενὸς</strong></span> <span class='ocrx_word' id='word_1_501' title='bbox 3467 3357 4074 3431; x_wconf 77' lang='grc' dir='ltr'><strong>παρακολουθήσαντος</strong></span> 
     </span>
    </p>
   </div>
   <div class='ocr_carea' id='block_1_74' title="bbox 2475 3447 4076 3531">
    <p class='ocr_par' dir='ltr' id='par_1_74' title="bbox 2475 3447 4076 3531">
     <span class='ocr_line' id='line_1_74' title="bbox 2475 3447 4076 3531; baseline -0.009 -18"><span class='ocrx_word' id='word_1_502' title='bbox 2475 3460 2793 3531; x_wconf 74' lang='grc' dir='ltr'><strong>δυσχεροῦς,</strong></span> <span class='ocrx_word' id='word_1_503' title='bbox 2833 3455 2922 3513; x_wconf 76' lang='grc' dir='ltr'><strong>οἷα</strong></span> <span class='ocrx_word' id='word_1_504' title='bbox 2951 3456 3215 3517; x_wconf 74' lang='grc' dir='ltr'><strong>πολλάκις</strong></span> <span class='ocrx_word' id='word_1_505' title='bbox 3247 3455 3308 3509; x_wconf 80' lang='grc' dir='ltr'><strong>τὸ</strong></span> <span class='ocrx_word' id='word_1_506' title='bbox 3349 3451 3696 3524; x_wconf 81' lang='grc' dir='ltr'><strong>ἀνθρώπινον</strong></span> <span class='ocrx_word' id='word_1_507' title='bbox 3747 3447 4076 3512; x_wconf 71' lang='grc' dir='ltr'><strong>ἐκϐιάζεται</strong></span> 
     </span>
    </p>
   </div>
   <div class='ocr_carea' id='block_1_75' title="bbox 2479 3544 4080 3625">
    <p class='ocr_par' dir='ltr' id='par_1_75' title="bbox 2479 3544 4080 3625">
     <span class='ocr_line' id='line_1_75' title="bbox 2479 3544 4080 3625; baseline -0.01 -16"><span class='ocrx_word' id='word_1_508' title='bbox 2479 3555 2632 3625; x_wconf 81' lang='grc' dir='ltr'><strong>παρά</strong></span> <span class='ocrx_word' id='word_1_509' title='bbox 2652 3553 2879 3622; x_wconf 81' lang='grc' dir='ltr'><strong>γνώμην</strong></span> <span class='ocrx_word' id='word_1_510' title='bbox 2903 3549 3266 3622; x_wconf 72' lang='grc' dir='ltr'><strong>συνέρχεσθαι</strong></span> <span class='ocrx_word' id='word_1_511' title='bbox 3295 3549 3374 3620; x_wconf 84' lang='grc' dir='ltr'><strong>τῷ</strong></span> <span class='ocrx_word' id='word_1_512' title='bbox 3421 3546 3714 3617; x_wconf 84' lang='grc' dir='ltr'><strong>γινομένῳ,</strong></span> <span class='ocrx_word' id='word_1_513' title='bbox 3744 3544 3866 3596; x_wconf 77' lang='grc' dir='ltr'><strong>οὐδέ</strong></span> <span class='ocrx_word' id='word_1_514' title='bbox 3921 3559 4080 3604; x_wconf 88' lang='grc' dir='ltr'><strong>τινος</strong></span> 
     </span>
    </p>
   </div>
   <div class='ocr_carea' id='block_1_76' title="bbox 2480 3632 4078 3713">
    <p class='ocr_par' dir='ltr' id='par_1_76' title="bbox 2480 3632 4078 3713">
     <span class='ocr_line' id='line_1_76' title="bbox 2480 3632 4078 3713; baseline -0.011 -14"><span class='ocrx_word' id='word_1_515' title='bbox 2480 3645 2852 3706; x_wconf 81' lang='grc' dir='ltr'><strong>καταστάντος</strong></span> <span class='ocrx_word' id='word_1_516' title='bbox 2904 3644 2986 3706; x_wconf 86' lang='grc' dir='ltr'><strong>εἰς</strong></span> <span class='ocrx_word' id='word_1_517' title='bbox 3031 3644 3230 3713; x_wconf 84' lang='grc' dir='ltr'><strong>πεῖραν</strong></span> <span class='ocrx_word' id='word_1_518' title='bbox 3283 3638 3514 3707; x_wconf 69' lang='grc' dir='ltr'><strong>Θλίψεως</strong></span> <span class='ocrx_word' id='word_1_519' title='bbox 3578 3635 3610 3706; x_wconf 85' lang='grc' dir='ltr'>ἦ</span> <span class='ocrx_word' id='word_1_520' title='bbox 3676 3632 4078 3703; x_wconf 78' lang='grc' dir='ltr'><strong>στενοχωρίας,</strong></span> 
     </span>
    </p>
   </div>
   <div class='ocr_carea' id='block_1_77' title="bbox 2483 3725 4082 3806">
    <p class='ocr_par' dir='ltr' id='par_1_77' title="bbox 2483 3725 4082 3806">
     <span class='ocr_line' id='line_1_77' title="bbox 2483 3725 4082 3806; baseline -0.01 -16"><span class='ocrx_word' id='word_1_521' title='bbox 2483 3737 2783 3806; x_wconf 80' lang='grc' dir='ltr'><strong>ὑπερορίας</strong></span> <span class='ocrx_word' id='word_1_522' title='bbox 2806 3735 2970 3805; x_wconf 74' lang='grc' dir='ltr'><strong>φημί,</strong></span> <span class='ocrx_word' id='word_1_523' title='bbox 3001 3733 3112 3786; x_wconf 79' lang='grc' dir='ltr'><strong>τῶν</strong></span> <span class='ocrx_word' id='word_1_524' title='bbox 3135 3733 3353 3786; x_wconf 79' lang='grc' dir='ltr'><strong>οἰκείων</strong></span> <span class='ocrx_word' id='word_1_525' title='bbox 3386 3728 3666 3798; x_wconf 86' lang='grc' dir='ltr'><strong>ἀποστερή</strong></span> <span class='ocrx_word' id='word_1_526' title='bbox 3680 3743 3835 3787; x_wconf 81' lang='grc' dir='ltr'><strong>σεως,</strong></span> <span class='ocrx_word' id='word_1_527' title='bbox 3874 3725 4082 3776; x_wconf 81' lang='grc' dir='ltr'><strong>ταλαι-</strong></span> 
     </span>
    </p>
   </div>
   <div class='ocr_carea' id='block_1_78' title="bbox 2478 3816 4083 3900">
    <p class='ocr_par' dir='ltr' id='par_1_78' title="bbox 2478 3816 4083 3900">
     <span class='ocr_line' id='line_1_78' title="bbox 2478 3816 4083 3900; baseline -0.011 -17"><span class='ocrx_word' id='word_1_528' title='bbox 2478 3829 2691 3900; x_wconf 78' lang='grc' dir='ltr'><strong>πωρίας</strong></span> <span class='ocrx_word' id='word_1_529' title='bbox 2733 3827 2921 3897; x_wconf 83' lang='grc' dir='ltr'><strong>ἄλλης,</strong></span> <span class='ocrx_word' id='word_1_530' title='bbox 2955 3827 3054 3896; x_wconf 83' lang='grc' dir='ltr'><strong>ὅση</strong></span> <span class='ocrx_word' id='word_1_531' title='bbox 3086 3825 3375 3894; x_wconf 78' lang='grc' dir='ltr'><strong>τυραννεῖν</strong></span> <span class='ocrx_word' id='word_1_532' title='bbox 3406 3820 3760 3887; x_wconf 81' lang='grc' dir='ltr'><strong>ἐξεπίσταται</strong></span> <span class='ocrx_word' id='word_1_533' title='bbox 3806 3818 3897 3869; x_wconf 63' lang='grc' dir='ltr'><strong>τὶν</strong></span> <span class='ocrx_word' id='word_1_534' title='bbox 3924 3816 4083 3883; x_wconf 74' lang='grc' dir='ltr'><strong>λογιο</strong></span> 
     </span>
    </p>
   </div>
   <div class='ocr_carea' id='block_1_79' title="bbox 2481 3906 4086 3990">
    <p class='ocr_par' dir='ltr' id='par_1_79' title="bbox 2481 3906 4086 3990">
     <span class='ocr_line' id='line_1_79' title="bbox 2481 3906 4086 3990; baseline -0.01 -17"><span class='ocrx_word' id='word_1_535' title='bbox 2481 3923 2640 3990; x_wconf 79' lang='grc' dir='ltr'><strong>σμὸν,</strong></span> <span class='ocrx_word' id='word_1_536' title='bbox 2667 3919 2764 3973; x_wconf 70' lang='grc' dir='ltr'><strong>καὶ</strong></span> <span class='ocrx_word' id='word_1_537' title='bbox 2787 3918 2940 3985; x_wconf 78' lang='grc' dir='ltr'><strong>παρά</strong></span> <span class='ocrx_word' id='word_1_538' title='bbox 2993 3907 3301 3983; x_wconf 80' lang='grc' dir='ltr'><strong>συνείδησιν</strong></span> <span class='ocrx_word' id='word_1_539' title='bbox 3333 3911 3643 3982; x_wconf 73' lang='grc' dir='ltr'><strong>ἀναγκάζει</strong></span> <span class='ocrx_word' id='word_1_540' title='bbox 3702 3910 3776 3978; x_wconf 80' lang='grc' dir='ltr'><strong>τῷ</strong></span> <span class='ocrx_word' id='word_1_541' title='bbox 3820 3906 4086 3960; x_wconf 74' lang='grc' dir='ltr'><strong>δοκοῦντι</strong></span> 
     </span>
    </p>
   </div>
   <div class='ocr_carea' id='block_1_80' title="bbox 2480 3997 4086 4084">
    <p class='ocr_par' dir='ltr' id='par_1_80' title="bbox 2480 3997 4086 4084">
     <span class='ocr_line' id='line_1_80' title="bbox 2480 3997 4086 4084; baseline -0.011 -18"><span class='ocrx_word' id='word_1_542' title='bbox 2480 4016 2546 4084; x_wconf 75' lang='grc' dir='ltr'><strong>τῇ</strong></span> <span class='ocrx_word' id='word_1_543' title='bbox 2587 4013 2806 4082; x_wconf 67' lang='grc' dir='ltr'><strong>ἀνάγκῃ</strong></span> <span class='ocrx_word' id='word_1_544' title='bbox 2860 4009 3239 4080; x_wconf 81' lang='grc' dir='ltr'><strong>συνέρχεσθαι.</strong></span> <span class='ocrx_word' id='word_1_545' title='bbox 3291 4005 3457 4060; x_wconf 71' lang='grc' dir='ltr'><strong>Ἀλλὰ</strong></span> <span class='ocrx_word' id='word_1_546' title='bbox 3519 4006 3630 4074; x_wconf 72' lang='grc' dir='ltr'><strong>γὰρ</strong></span> <span class='ocrx_word' id='word_1_547' title='bbox 3677 4001 3863 4073; x_wconf 80' lang='grc' dir='ltr'><strong>χάριτι</strong></span> <span class='ocrx_word' id='word_1_548' title='bbox 3908 3997 4086 4059; x_wconf 85' lang='grc' dir='ltr'><strong>Θεοῦ,</strong></span> 
     </span>
    </p>
   </div>
   <div class='ocr_carea' id='block_1_81' title="bbox 2484 4089 4088 4172">
    <p class='ocr_par' dir='ltr' id='par_1_81' title="bbox 2484 4089 4088 4172">
     <span class='ocr_line' id='line_1_81' title="bbox 2484 4089 4088 4172; baseline -0.01 -18"><span class='ocrx_word' id='word_1_549' title='bbox 2484 4101 2675 4172; x_wconf 68' lang='grc' dir='ltr'><strong>ὥσπερ</strong></span> <span class='ocrx_word' id='word_1_550' title='bbox 2709 4100 2770 4164; x_wconf 76' lang='grc' dir='ltr'><strong>ἐξ</strong></span> <span class='ocrx_word' id='word_1_551' title='bbox 2827 4100 2945 4161; x_wconf 59' lang='lat' dir='ltr'><strong>sub;</strong></span> <span class='ocrx_word' id='word_1_552' title='bbox 3002 4099 3352 4168; x_wconf 65' lang='grc' dir='ltr'><strong>συνθήματος</strong></span> <span class='ocrx_word' id='word_1_553' title='bbox 3393 4095 3468 4164; x_wconf 87' lang='grc' dir='ltr'><strong>(τί</strong></span> <span class='ocrx_word' id='word_1_554' title='bbox 3525 4093 3673 4162; x_wconf 86' lang='grc' dir='ltr'><strong>λέγω</strong></span> <span class='ocrx_word' id='word_1_555' title='bbox 3726 4089 4088 4156; x_wconf 69' lang='grc' dir='ltr'><strong>ἀνθρωπίνου</strong></span> 
     </span>
    </p>
   </div>
   <div class='ocr_carea' id='block_1_82' title="bbox 801 4183 4090 4268">
    <p class='ocr_par' dir='ltr' id='par_1_82' title="bbox 801 4183 4090 4268">
     <span class='ocr_line' id='line_1_82' title="bbox 801 4183 4090 4268; baseline -0.002 -24"><span class='ocrx_word' id='word_1_556' title='bbox 801 4193 1209 4262; x_wconf 75' lang='grc' dir='ltr'><strong>συνθήματος;)</strong></span> <span class='ocrx_word' id='word_1_557' title='bbox 1240 4193 1380 4246; x_wconf 83' lang='grc' dir='ltr'><strong>ἀλλά</strong></span> <span class='ocrx_word' id='word_1_558' title='bbox 1427 4195 1502 4263; x_wconf 67' lang='grc' dir='ltr'><strong>τίς)</strong></span> <span class='ocrx_word' id='word_1_559' title='bbox 1538 4197 1650 4248; x_wconf 80' lang='grc' dir='ltr'><strong>ὄντι</strong></span> <span class='ocrx_word' id='word_1_560' title='bbox 1683 4197 1830 4250; x_wconf 75' lang='grc' dir='ltr'><strong>θείου</strong></span> <span class='ocrx_word' id='word_1_561' title='bbox 1885 4197 2157 4266; x_wconf 78' lang='grc' dir='ltr'><strong>νεύματος</strong></span> <span class='ocrx_word' id='word_1_562' title='bbox 2211 4199 2289 4259; x_wconf 90' lang='grc' dir='ltr'><strong>εἰς</strong></span> <span class='ocrx_word' id='word_1_563' title='bbox 2319 4197 2379 4249; x_wconf 88' lang='grc' dir='ltr'><strong>ἒν</strong></span> <span class='ocrx_word' id='word_1_564' title='bbox 2418 4199 2674 4268; x_wconf 67' lang='grc' dir='ltr'><strong>φρόνημα</strong></span> <span class='ocrx_word' id='word_1_565' title='bbox 2706 4197 2909 4258; x_wconf 68' lang='grc' dir='ltr'><strong>πάντες</strong></span> <span class='ocrx_word' id='word_1_566' title='bbox 2970 4195 3254 4265; x_wconf 69' lang='grc' dir='ltr'><strong>συνῆλθον,</strong></span> <span class='ocrx_word' id='word_1_567' title='bbox 3286 4194 3380 4246; x_wconf 80' lang='grc' dir='ltr'><strong>καὶ</strong></span> <span class='ocrx_word' id='word_1_568' title='bbox 3444 4190 3832 4262; x_wconf 78' lang='grc' dir='ltr'><strong>ἐχειᾶπαντας</strong></span> <span class='ocrx_word' id='word_1_569' title='bbox 3899 4187 3933 4256; x_wconf 71' lang='grc' dir='ltr'><strong>ἡ</strong></span> <span class='ocrx_word' id='word_1_570' title='bbox 3985 4183 4090 4237; x_wconf 82' lang='grc' dir='ltr'><strong>τοῦ</strong></span> 
     </span>
    </p>
   </div>
   <div class='ocr_carea' id='block_1_83' title="bbox 798 4285 3271 4359">
    <p class='ocr_par' dir='ltr' id='par_1_83' title="bbox 798 4285 3271 4359">
     <span class='ocr_line' id='line_1_83' title="bbox 798 4285 3271 4359; baseline 0.001 -23"><span class='ocrx_word' id='word_1_571' title='bbox 798 4285 935 4338; x_wconf 84' lang='grc' dir='ltr'><strong>Θεοῦ</strong></span> <span class='ocrx_word' id='word_1_572' title='bbox 993 4285 1116 4339; x_wconf 73' lang='grc' dir='ltr'><strong>καθ’</strong></span> <span class='ocrx_word' id='word_1_573' title='bbox 1180 4286 1325 4356; x_wconf 84' lang='grc' dir='ltr'><strong>ἡμᾶς</strong></span> <span class='ocrx_word' id='word_1_574' title='bbox 1380 4285 1513 4352; x_wconf 84' lang='grc' dir='ltr'><strong>ἁγία</strong></span> <span class='ocrx_word' id='word_1_575' title='bbox 1582 4288 1882 4358; x_wconf 80' lang='grc' dir='ltr'><strong>Ἐκκλησία</strong></span> <span class='ocrx_word' id='word_1_576' title='bbox 1950 4289 2009 4340; x_wconf 83' lang='grc' dir='ltr'><strong>ἐν</strong></span> <span class='ocrx_word' id='word_1_577' title='bbox 2061 4291 2176 4350; x_wconf 80' lang='grc' dir='ltr'><strong>τοῖς</strong></span> <span class='ocrx_word' id='word_1_578' title='bbox 2212 4288 2374 4359; x_wconf 86' lang='grc' dir='ltr'><strong>ἱεροῖς</strong></span> <span class='ocrx_word' id='word_1_579' title='bbox 2419 4290 2588 4356; x_wconf 77' lang='grc' dir='ltr'><strong>αὐτῆς</strong></span> <span class='ocrx_word' id='word_1_580' title='bbox 2621 4288 2992 4356; x_wconf 85' lang='grc' dir='ltr'><strong>συνηγμένους</strong></span> <span class='ocrx_word' id='word_1_581' title='bbox 3026 4285 3271 4348; x_wconf 77' lang='grc' dir='ltr'><strong>κόλποις.</strong></span> 
     </span>
    </p>
   </div>
   <div class='ocr_carea' id='block_1_84' title="bbox 873 4377 2385 4448">
    <p class='ocr_par' dir='ltr' id='par_1_84' title="bbox 873 4377 2385 4448">
     <span class='ocr_line' id='line_1_84' title="bbox 873 4377 2385 4448; baseline 0.001 -12"><span class='ocrx_word' id='word_1_582' title='bbox 873 4377 979 4436; x_wconf 87' lang='lat' dir='ltr'><strong>Sed</strong></span> <span class='ocrx_word' id='word_1_583' title='bbox 1009 4378 1126 4433; x_wconf 57' lang='lat' dir='ltr'><strong>hac</strong></span> <span class='ocrx_word' id='word_1_584' title='bbox 1176 4380 1394 4448; x_wconf 82' lang='lat' dir='ltr'><strong>quidem</strong></span> <span class='ocrx_word' id='word_1_585' title='bbox 1449 4381 1516 4434; x_wconf 88' lang='lat' dir='ltr'><strong>de</strong></span> <span class='ocrx_word' id='word_1_586' title='bbox 1549 4382 1732 4436; x_wconf 87' lang='lat' dir='ltr'><strong>nobis.</strong></span> <span class='ocrx_word' id='word_1_587' title='bbox 1770 4383 2040 4448; x_wconf 84' lang='lat' dir='ltr'><strong>Quoniam</strong></span> <span class='ocrx_word' id='word_1_588' title='bbox 2092 4393 2274 4438; x_wconf 82' lang='lat' dir='ltr'><strong>autem</strong></span> <span class='ocrx_word' id='word_1_589' title='bbox 2331 4394 2385 4437; x_wconf 89' lang='lat' dir='ltr'><strong>et</strong></span> 
     </span>
    </p>
   </div>
   <div class='ocr_carea' id='block_1_85' title="bbox 2576 4372 4093 4451">
    <p class='ocr_par' dir='ltr' id='par_1_85' title="bbox 2576 4372 4093 4451">
     <span class='ocr_line' id='line_1_85' title="bbox 2576 4372 4093 4451; baseline -0.008 -15"><span class='ocrx_word' id='word_1_590' title='bbox 2576 4382 2738 4436; x_wconf 71' lang='grc' dir='ltr'><strong>Ἀλλὰ</strong></span> <span class='ocrx_word' id='word_1_591' title='bbox 2769 4383 2836 4435; x_wconf 72' lang='lat' dir='ltr'><strong>tit</strong></span> <span class='ocrx_word' id='word_1_592' title='bbox 2887 4381 2986 4451; x_wconf 83' lang='grc' dir='ltr'><strong>μὲν</strong></span> <span class='ocrx_word' id='word_1_593' title='bbox 3041 4380 3290 4450; x_wconf 80' lang='grc' dir='ltr'><strong>ἡμέτερα</strong></span> <span class='ocrx_word' id='word_1_594' title='bbox 3340 4379 3590 4434; x_wconf 84' lang='grc' dir='ltr'><strong>τοιαῦτα.</strong></span> <span class='ocrx_word' id='word_1_595' title='bbox 3641 4376 3863 4447; x_wconf 74' lang='grc' dir='ltr'><strong>Ἐπειδὴ</strong></span> <span class='ocrx_word' id='word_1_596' title='bbox 3891 4374 3954 4428; x_wconf 80' lang='grc' dir='ltr'><strong>δὲ</strong></span> <span class='ocrx_word' id='word_1_597' title='bbox 3981 4372 4093 4427; x_wconf 68' lang='grc' dir='ltr'><strong>καὶ</strong></span> 
     </span>
    </p>
   </div>
   <div class='ocr_carea' id='block_1_86' title="bbox 802 4467 2373 4558">
    <p class='ocr_par' dir='ltr' id='par_1_86' title="bbox 802 4472 2373 4541">
     <span class='ocr_line' id='line_1_86' title="bbox 802 4472 2373 4541; baseline 0.003 -17"><span class='ocrx_word' id='word_1_598' title='bbox 802 4481 1040 4524; x_wconf 75' lang='lat' dir='ltr'><strong>vestram</strong></span> <span class='ocrx_word' id='word_1_599' title='bbox 1095 4472 1392 4522; x_wconf 74' lang='lat' dir='ltr'><strong>fraternam</strong></span> <span class='ocrx_word' id='word_1_600' title='bbox 1434 4472 1504 4524; x_wconf 91' lang='lat' dir='ltr'><strong>ah</strong></span> <span class='ocrx_word' id='word_1_601' title='bbox 1549 4473 1707 4526; x_wconf 90' lang='lat' dir='ltr'><strong>initio</strong></span> <span class='ocrx_word' id='word_1_602' title='bbox 1747 4474 2010 4526; x_wconf 85' lang='lat' dir='ltr'><strong>unitatem</strong></span> <span class='ocrx_word' id='word_1_603' title='bbox 2063 4475 2373 4541; x_wconf 65' lang='lat' dir='ltr'><strong>quaerimus,</strong></span> 
     </span>
    </p>
   </div>
   <div class='ocr_carea' id='block_1_87' title="bbox 2475 4467 4093 4558">
    <p class='ocr_par' dir='ltr' id='par_1_87' title="bbox 2490 4467 4093 4547">
     <span class='ocr_line' id='line_1_87' title="bbox 2490 4467 4093 4547; baseline -0.011 -18"><span class='ocrx_word' id='word_1_604' title='bbox 2490 4476 2589 4547; x_wconf 74' lang='grc' dir='ltr'><strong>τὴν</strong></span> <span class='ocrx_word' id='word_1_605' title='bbox 2621 4476 2896 4546; x_wconf 78' lang='grc' dir='ltr'><strong>ὑμετέραν</strong></span> <span class='ocrx_word' id='word_1_606' title='bbox 2925 4473 3222 4542; x_wconf 72' lang='grc' dir='ltr'><strong>ἀδελφικὴν</strong></span> <span class='ocrx_word' id='word_1_607' title='bbox 3281 4472 3342 4536; x_wconf 78' lang='grc' dir='ltr'><strong>ἐξ</strong></span> <span class='ocrx_word' id='word_1_608' title='bbox 3399 4472 3575 4542; x_wconf 85' lang='grc' dir='ltr'><strong>ἀρχῆς</strong></span> <span class='ocrx_word' id='word_1_609' title='bbox 3631 4471 3827 4522; x_wconf 82' lang='grc' dir='ltr'><strong>’ένωσιν</strong></span> <span class='ocrx_word' id='word_1_610' title='bbox 3875 4467 4093 4537; x_wconf 72' lang='grc' dir='ltr'><strong>ἐπιζη-</strong></span> 
     </span>
    </p>
   </div>
   <div class='ocr_carea' id='block_1_88' title="bbox 804 4561 2380 4631">
    <p class='ocr_par' dir='ltr' id='par_1_88' title="bbox 804 4561 2380 4631">
     <span class='ocr_line' id='line_1_88' title="bbox 804 4561 2380 4631; baseline 0.003 -15"><span class='ocrx_word' id='word_1_611' title='bbox 804 4577 992 4631; x_wconf 88' lang='lat' dir='ltr'><strong>quam,</strong></span> <span class='ocrx_word' id='word_1_612' title='bbox 1023 4561 1350 4631; x_wconf 87' lang='lat' dir='ltr'><strong>quihusdam</strong></span> <span class='ocrx_word' id='word_1_613' title='bbox 1385 4577 1448 4616; x_wconf 82' lang='lat' dir='ltr'><strong>ex</strong></span> <span class='ocrx_word' id='word_1_614' title='bbox 1503 4564 1660 4619; x_wconf 87' lang='lat' dir='ltr'><strong>nobis</strong></span> <span class='ocrx_word' id='word_1_615' title='bbox 1694 4565 1760 4617; x_wconf 89' lang='lat' dir='ltr'><strong>ad</strong></span> <span class='ocrx_word' id='word_1_616' title='bbox 1809 4579 1905 4618; x_wconf 90' lang='lat' dir='ltr'><strong>vos</strong></span> <span class='ocrx_word' id='word_1_617' title='bbox 1939 4565 2380 4629; x_wconf 75' lang='lat' dir='ltr'><strong>transeuntibus,</strong></span> 
     </span>
    </p>
   </div>
   <div class='ocr_carea' id='block_1_89' title="bbox 806 4653 2384 4723">
    <p class='ocr_par' dir='ltr' id='par_1_89' title="bbox 806 4653 2384 4723">
     <span class='ocr_line' id='line_1_89' title="bbox 806 4653 2384 4723; baseline 0.002 -17"><span class='ocrx_word' id='word_1_618' title='bbox 806 4668 954 4707; x_wconf 87' lang='lat' dir='ltr'><strong>nunc</strong></span> <span class='ocrx_word' id='word_1_619' title='bbox 999 4661 1209 4708; x_wconf 89' lang='lat' dir='ltr'><strong>tantum</strong></span> <span class='ocrx_word' id='word_1_620' title='bbox 1258 4653 1600 4708; x_wconf 81' lang='lat' dir='ltr'><strong>disciderunt</strong></span> <span class='ocrx_word' id='word_1_621' title='bbox 1632 4671 1753 4723; x_wconf 75' lang='lat' dir='ltr'><strong>qua:</strong></span> <span class='ocrx_word' id='word_1_622' title='bbox 1801 4656 1853 4708; x_wconf 90' lang='lat' dir='ltr'><strong>in</strong></span> <span class='ocrx_word' id='word_1_623' title='bbox 1902 4654 2142 4710; x_wconf 85' lang='lat' dir='ltr'><strong>Ecclesia</strong></span> <span class='ocrx_word' id='word_1_624' title='bbox 2194 4665 2384 4710; x_wconf 90' lang='lat' dir='ltr'><strong>nostra</strong></span> 
     </span>
    </p>
   </div>
   <div class='ocr_carea' id='block_1_90' title="bbox 805 4742 2384 4812">
    <p class='ocr_par' dir='ltr' id='par_1_90' title="bbox 805 4742 2384 4812">
     <span class='ocr_line' id='line_1_90' title="bbox 805 4742 2384 4812; baseline 0.003 -15"><span class='ocrx_word' id='word_1_625' title='bbox 805 4751 1110 4797; x_wconf 86' lang='lat' dir='ltr'><strong>evenerunt</strong></span> <span class='ocrx_word' id='word_1_626' title='bbox 1155 4742 1436 4807; x_wconf 86' lang='lat' dir='ltr'><strong>scandala,</strong></span> <span class='ocrx_word' id='word_1_627' title='bbox 1472 4744 1636 4812; x_wconf 88' lang='lat' dir='ltr'><strong>hujus</strong></span> <span class='ocrx_word' id='word_1_628' title='bbox 1668 4744 1745 4797; x_wconf 76' lang='lat' dir='ltr'><strong>rei</strong></span> <span class='ocrx_word' id='word_1_629' title='bbox 1796 4759 1961 4800; x_wconf 69' lang='lat' dir='ltr'><strong>causa</strong></span> <span class='ocrx_word' id='word_1_630' title='bbox 2000 4757 2187 4798; x_wconf 87' lang='lat' dir='ltr'><strong>uotum</strong></span> <span class='ocrx_word' id='word_1_631' title='bbox 2229 4748 2384 4801; x_wconf 80' lang='lat' dir='ltr'><strong>vobis</strong></span> 
     </span>
    </p>
   </div>
   <div class='ocr_carea' id='block_1_91' title="bbox 812 4832 2431 4904">
    <p class='ocr_par' dir='ltr' id='par_1_91' title="bbox 812 4832 2431 4904">
     <span class='ocr_line' id='line_1_91' title="bbox 812 4832 2431 4904; baseline 0.003 -20"><span class='ocrx_word' id='word_1_632' title='bbox 812 4833 1067 4898; x_wconf 61' lang='lat' dir='ltr'><strong>tat-imus,</strong></span> <span class='ocrx_word' id='word_1_633' title='bbox 1105 4832 1421 4886; x_wconf 84' lang='lat' dir='ltr'><strong>beatissime</strong></span> <span class='ocrx_word' id='word_1_634' title='bbox 1463 4832 1650 4897; x_wconf 76' lang='lat' dir='ltr'><strong>frater,</strong></span> <span class='ocrx_word' id='word_1_635' title='bbox 1687 4844 1746 4886; x_wconf 90' lang='lat' dir='ltr'><strong>ut</strong></span> <span class='ocrx_word' id='word_1_636' title='bbox 1774 4844 1830 4888; x_wconf 92' lang='lat' dir='ltr'><strong>et</strong></span> <span class='ocrx_word' id='word_1_637' title='bbox 1879 4850 1976 4889; x_wconf 92' lang='lat' dir='ltr'><strong>vos</strong></span> <span class='ocrx_word' id='word_1_638' title='bbox 2019 4835 2138 4904; x_wconf 69' lang='lat' dir='ltr'><strong>pari</strong></span> <span class='ocrx_word' id='word_1_639' title='bbox 2190 4846 2389 4890; x_wconf 73' lang='lat' dir='ltr'><strong>nostrze</strong></span> <span class='ocrx_word' id='word_1_640' title='bbox 2425 4845 2431 4852; x_wconf 86' lang='lat'>&#39;</span> 
     </span>
    </p>
   </div>
   <div class='ocr_carea' id='block_1_92' title="bbox 811 4923 2392 4998">
    <p class='ocr_par' dir='ltr' id='par_1_92' title="bbox 811 4923 2392 4998">
     <span class='ocr_line' id='line_1_92' title="bbox 811 4923 2392 4998; baseline 0.004 -22"><span class='ocrx_word' id='word_1_641' title='bbox 811 4923 1271 4996; x_wconf 86' lang='lat' dir='ltr'><strong>condelectantes,</strong></span> <span class='ocrx_word' id='word_1_642' title='bbox 1305 4926 1539 4992; x_wconf 71' lang='lat' dir='ltr'><strong>primum</strong></span> <span class='ocrx_word' id='word_1_643' title='bbox 1573 4925 1817 4994; x_wconf 85' lang='lat' dir='ltr'><strong>quidem,</strong></span> <span class='ocrx_word' id='word_1_644' title='bbox 1868 4929 2120 4996; x_wconf 88' lang='lat' dir='ltr'><strong>quod-et</strong></span> <span class='ocrx_word' id='word_1_645' title='bbox 2182 4930 2392 4998; x_wconf 82' lang='lat' dir='ltr'><strong>absque</strong></span> 
     </span>
    </p>
   </div>
   <div class='ocr_carea' id='block_1_93' title="bbox 815 5017 2388 5090">
    <p class='ocr_par' dir='ltr' id='par_1_93' title="bbox 815 5017 2388 5090">
     <span class='ocr_line' id='line_1_93' title="bbox 815 5017 2388 5090; baseline 0.004 -22"><span class='ocrx_word' id='word_1_646' title='bbox 815 5017 997 5071; x_wconf 72' lang='lat' dir='ltr'><strong>verbis</strong></span> <span class='ocrx_word' id='word_1_647' title='bbox 1043 5019 1245 5072; x_wconf 88' lang='lat' dir='ltr'><strong>nostris</strong></span> <span class='ocrx_word' id='word_1_648' title='bbox 1279 5028 1715 5074; x_wconf 84' lang='lat' dir='ltr'><strong>consentaneum</strong></span> <span class='ocrx_word' id='word_1_649' title='bbox 1748 5028 1853 5084; x_wconf 88' lang='lat' dir='ltr'><strong>est,</strong></span> <span class='ocrx_word' id='word_1_650' title='bbox 1905 5020 2221 5090; x_wconf 71' lang='lat' dir='ltr'><strong>gloriﬁcetis</strong></span> <span class='ocrx_word' id='word_1_651' title='bbox 2261 5037 2388 5075; x_wconf 85' lang='lat' dir='ltr'><strong>eum</strong></span> 
     </span>
    </p>
   </div>
   <div class='ocr_carea' id='block_1_94' title="bbox 813 5109 2392 5180">
    <p class='ocr_par' dir='ltr' id='par_1_94' title="bbox 813 5109 2392 5180">
     <span class='ocr_line' id='line_1_94' title="bbox 813 5109 2392 5180; baseline 0.003 -19"><span class='ocrx_word' id='word_1_652' title='bbox 813 5111 907 5180; x_wconf 88' lang='lat' dir='ltr'><strong>qui</strong></span> <span class='ocrx_word' id='word_1_653' title='bbox 941 5109 1163 5178; x_wconf 84' lang='lat' dir='ltr'><strong>reliquit</strong></span> <span class='ocrx_word' id='word_1_654' title='bbox 1211 5110 1370 5164; x_wconf 87' lang='lat' dir='ltr'><strong>nobis</strong></span> <span class='ocrx_word' id='word_1_655' title='bbox 1405 5113 1558 5179; x_wconf 89' lang='lat' dir='ltr'><strong>pacis</strong></span> <span class='ocrx_word' id='word_1_656' title='bbox 1593 5113 1969 5166; x_wconf 64' lang='lat' dir='ltr'><strong>haereditatem</strong></span> <span class='ocrx_word' id='word_1_657' title='bbox 2017 5123 2074 5168; x_wconf 84' lang='lat' dir='ltr'><strong>et</strong></span> <span class='ocrx_word' id='word_1_658' title='bbox 2119 5128 2237 5167; x_wconf 89' lang='lat' dir='ltr'><strong>eam</strong></span> <span class='ocrx_word' id='word_1_659' title='bbox 2277 5114 2392 5168; x_wconf 87' lang='lat' dir='ltr'><strong>sin-</strong></span> 
     </span>
    </p>
   </div>
   <div class='ocr_carea' id='block_1_95' title="bbox 815 5201 2394 5274">
    <p class='ocr_par' dir='ltr' id='par_1_95' title="bbox 815 5201 2394 5274">
     <span class='ocr_line' id='line_1_95' title="bbox 815 5201 2394 5274; baseline 0.003 -18"><span class='ocrx_word' id='word_1_660' title='bbox 815 5202 959 5272; x_wconf 81' lang='lat' dir='ltr'><strong>gulis</strong></span> <span class='ocrx_word' id='word_1_661' title='bbox 1004 5201 1219 5263; x_wconf 88' lang='lat' dir='ltr'><strong>diebus,</strong></span> <span class='ocrx_word' id='word_1_662' title='bbox 1248 5217 1564 5271; x_wconf 86' lang='lat' dir='ltr'><strong>quanquam</strong></span> <span class='ocrx_word' id='word_1_663' title='bbox 1621 5202 1893 5273; x_wconf 82' lang='lat' dir='ltr'><strong>malignus</strong></span> <span class='ocrx_word' id='word_1_664' title='bbox 1944 5219 2064 5256; x_wconf 84' lang='lat' dir='ltr'><strong>eam</strong></span> <span class='ocrx_word' id='word_1_665' title='bbox 2117 5206 2394 5274; x_wconf 89' lang='lat' dir='ltr'><strong>surripere</strong></span> 
     </span>
    </p>
   </div>
   <div class='ocr_carea' id='block_1_96' title="bbox 816 5297 2392 5366">
    <p class='ocr_par' dir='ltr' id='par_1_96' title="bbox 816 5297 2392 5366">
     <span class='ocr_line' id='line_1_96' title="bbox 816 5297 2392 5366; baseline 0.003 -18"><span class='ocrx_word' id='word_1_666' title='bbox 816 5304 1070 5358; x_wconf 82' lang='lat' dir='ltr'><strong>conatur,</strong></span> <span class='ocrx_word' id='word_1_667' title='bbox 1109 5305 1403 5361; x_wconf 77' lang='lat' dir='ltr'><strong>conservat</strong></span> <span class='ocrx_word' id='word_1_668' title='bbox 1447 5303 1627 5348; x_wconf 89' lang='lat' dir='ltr'><strong>tamen</strong></span> <span class='ocrx_word' id='word_1_669' title='bbox 1666 5297 1732 5350; x_wconf 91' lang='lat' dir='ltr'><strong>iis</strong></span> <span class='ocrx_word' id='word_1_670' title='bbox 1767 5298 1859 5365; x_wconf 88' lang='lat' dir='ltr'><strong>qui</strong></span> <span class='ocrx_word' id='word_1_671' title='bbox 1912 5297 2148 5366; x_wconf 76' lang='lat' dir='ltr'><strong>diligunt</strong></span> <span class='ocrx_word' id='word_1_672' title='bbox 2181 5298 2331 5352; x_wconf 88' lang='lat' dir='ltr'><strong>illum</strong></span> <span class='ocrx_word' id='word_1_673' title='bbox 2380 5317 2392 5352; x_wconf 92' lang='lat'>:</span> 
     </span>
    </p>
   </div>
   <div class='ocr_carea' id='block_1_97' title="bbox 817 5386 2394 5451">
    <p class='ocr_par' dir='ltr' id='par_1_97' title="bbox 817 5386 2394 5451">
     <span class='ocr_line' id='line_1_97' title="bbox 817 5386 2394 5451; baseline 0.004 -13"><span class='ocrx_word' id='word_1_674' title='bbox 817 5386 1035 5449; x_wconf 85' lang='lat' dir='ltr'><strong>deinde,</strong></span> <span class='ocrx_word' id='word_1_675' title='bbox 1069 5396 1150 5449; x_wconf 88' lang='lat' dir='ltr'><strong>ut,</strong></span> <span class='ocrx_word' id='word_1_676' title='bbox 1197 5386 1583 5441; x_wconf 72' lang='lat' dir='ltr'><strong>scandalorum</strong></span> <span class='ocrx_word' id='word_1_677' title='bbox 1634 5389 1813 5442; x_wconf 90' lang='lat' dir='ltr'><strong>soluta</strong></span> <span class='ocrx_word' id='word_1_678' title='bbox 1865 5403 2056 5451; x_wconf 88' lang='lat' dir='ltr'><strong>causa,</strong></span> <span class='ocrx_word' id='word_1_679' title='bbox 2098 5401 2286 5444; x_wconf 89' lang='lat' dir='ltr'><strong>mutua</strong></span> <span class='ocrx_word' id='word_1_680' title='bbox 2327 5391 2394 5444; x_wconf 89' lang='lat' dir='ltr'><strong>ad</strong></span> 
     </span>
    </p>
   </div>
   <div class='ocr_carea' id='block_1_98' title="bbox 818 5475 2396 5548">
    <p class='ocr_par' dir='ltr' id='par_1_98' title="bbox 818 5475 2396 5548">
     <span class='ocr_line' id='line_1_98' title="bbox 818 5475 2396 5548; baseline 0.004 -20"><span class='ocrx_word' id='word_1_681' title='bbox 818 5475 1054 5529; x_wconf 83' lang='lat' dir='ltr'><strong>invicem</strong></span> <span class='ocrx_word' id='word_1_682' title='bbox 1111 5477 1456 5532; x_wconf 86' lang='lat' dir='ltr'><strong>transmissio</strong></span> <span class='ocrx_word' id='word_1_683' title='bbox 1501 5487 1557 5532; x_wconf 93' lang='lat' dir='ltr'><strong>et</strong></span> <span class='ocrx_word' id='word_1_684' title='bbox 1605 5478 1938 5548; x_wconf 89' lang='lat' dir='ltr'><strong>colloquium</strong></span> <span class='ocrx_word' id='word_1_685' title='bbox 1987 5483 2396 5535; x_wconf 88' lang='lat' dir='ltr'><strong>rcnovationem</strong></span> 
     </span>
    </p>
   </div>
   <div class='ocr_carea' id='block_1_99' title="bbox 819 5567 2399 5644">
    <p class='ocr_par' dir='ltr' id='par_1_99' title="bbox 819 5567 2399 5644">
     <span class='ocr_line' id='line_1_99' title="bbox 819 5567 2399 5644; baseline 0.004 -22"><span class='ocrx_word' id='word_1_686' title='bbox 819 5567 1220 5637; x_wconf 83' lang='lat' dir='ltr'><strong>accipiat;nec</strong></span> <span class='ocrx_word' id='word_1_687' title='bbox 1264 5584 1371 5624; x_wconf 93' lang='lat' dir='ltr'><strong>non</strong></span> <span class='ocrx_word' id='word_1_688' title='bbox 1419 5581 1473 5625; x_wconf 88' lang='lat' dir='ltr'><strong>et</strong></span> <span class='ocrx_word' id='word_1_689' title='bbox 1517 5572 1661 5625; x_wconf 88' lang='lat' dir='ltr'><strong>sacri</strong></span> <span class='ocrx_word' id='word_1_690' title='bbox 1705 5573 1870 5626; x_wconf 82' lang='lat' dir='ltr'><strong>vestri</strong></span> <span class='ocrx_word' id='word_1_691' title='bbox 1909 5573 2146 5628; x_wconf 88' lang='lat' dir='ltr'><strong>nominis</strong></span> <span class='ocrx_word' id='word_1_692' title='bbox 2181 5576 2399 5644; x_wconf 80' lang='lat' dir='ltr'><strong>procla-</strong></span> 
     </span>
    </p>
   </div>
   <div class='ocr_carea' id='block_1_100' title="bbox 2485 4559 4096 4638">
    <p class='ocr_par' dir='ltr' id='par_1_100' title="bbox 2485 4559 4096 4638">
     <span class='ocr_line' id='line_1_100' title="bbox 2485 4559 4096 4638; baseline -0.007 -17"><span class='ocrx_word' id='word_1_693' title='bbox 2485 4568 2712 4638; x_wconf 76' lang='grc' dir='ltr'><strong>τοῦμεν,</strong></span> <span class='ocrx_word' id='word_1_694' title='bbox 2758 4569 2853 4622; x_wconf 68' lang='grc' dir='ltr'><strong>καὶ</strong></span> <span class='ocrx_word' id='word_1_695' title='bbox 2884 4567 2992 4620; x_wconf 82' lang='grc' dir='ltr'><strong>τῶν</strong></span> <span class='ocrx_word' id='word_1_696' title='bbox 3017 4567 3076 4630; x_wconf 79' lang='grc' dir='ltr'><strong>ἐξ</strong></span> <span class='ocrx_word' id='word_1_697' title='bbox 3109 4565 3265 4637; x_wconf 83' lang='grc' dir='ltr'><strong>ήμῶν</strong></span> <span class='ocrx_word' id='word_1_698' title='bbox 3329 4564 3468 4635; x_wconf 78' lang='grc' dir='ltr'><strong>πρὸς</strong></span> <span class='ocrx_word' id='word_1_699' title='bbox 3503 4564 3649 4633; x_wconf 82' lang='grc' dir='ltr'><strong>ὑμᾶς</strong></span> <span class='ocrx_word' id='word_1_700' title='bbox 3695 4559 4096 4631; x_wconf 85' lang='grc' dir='ltr'><strong>παραγινομέ-</strong></span> 
     </span>
    </p>
   </div>
   <div class='ocr_carea' id='block_1_101' title="bbox 2488 4656 4095 4732">
    <p class='ocr_par' dir='ltr' id='par_1_101' title="bbox 2488 4656 4095 4732">
     <span class='ocr_line' id='line_1_101' title="bbox 2488 4656 4095 4732; baseline -0.005 -18"><span class='ocrx_word' id='word_1_701' title='bbox 2488 4680 2618 4726; x_wconf 77' lang='grc' dir='ltr'><strong>νων,</strong></span> <span class='ocrx_word' id='word_1_702' title='bbox 2674 4663 2742 4732; x_wconf 84' lang='grc' dir='ltr'><strong>ἣν</strong></span> <span class='ocrx_word' id='word_1_703' title='bbox 2810 4661 2948 4722; x_wconf 81' lang='grc' dir='ltr'><strong>τέως</strong></span> <span class='ocrx_word' id='word_1_704' title='bbox 2991 4658 3062 4711; x_wconf 73' lang='grc' dir='ltr'><strong>τὰ</strong></span> <span class='ocrx_word' id='word_1_705' title='bbox 3105 4658 3459 4728; x_wconf 76' lang='grc' dir='ltr'><strong>συμπεσόντα</strong></span> <span class='ocrx_word' id='word_1_706' title='bbox 3521 4656 3795 4710; x_wconf 78' lang='grc' dir='ltr'><strong>σκάνδαλα</strong></span> <span class='ocrx_word' id='word_1_707' title='bbox 3847 4657 3914 4725; x_wconf 76' lang='grc' dir='ltr'><strong>τῇ</strong></span> <span class='ocrx_word' id='word_1_708' title='bbox 3957 4656 4095 4708; x_wconf 77' lang='grc' dir='ltr'><strong>καθ’</strong></span> 
     </span>
    </p>
   </div>
   <div class='ocr_carea' id='block_1_102' title="bbox 2491 4745 4099 4824">
    <p class='ocr_par' dir='ltr' id='par_1_102' title="bbox 2491 4745 4099 4824">
     <span class='ocr_line' id='line_1_102' title="bbox 2491 4745 4099 4824; baseline -0.005 -20"><span class='ocrx_word' id='word_1_709' title='bbox 2491 4756 2639 4821; x_wconf 77' lang='grc' dir='ltr'><strong>ἡμᾶς</strong></span> <span class='ocrx_word' id='word_1_710' title='bbox 2674 4752 2977 4824; x_wconf 74' lang='grc' dir='ltr'><strong>Ἐκκλησία</strong></span> <span class='ocrx_word' id='word_1_711' title='bbox 3027 4750 3302 4818; x_wconf 72' lang='grc' dir='ltr'><strong>διέκοψεν.</strong></span> <span class='ocrx_word' id='word_1_712' title='bbox 3339 4748 3546 4803; x_wconf 81' lang='grc' dir='ltr'><strong>Τούτου</strong></span> <span class='ocrx_word' id='word_1_713' title='bbox 3599 4747 3665 4818; x_wconf 77' lang='grc' dir='ltr'><strong>δὴ</strong></span> <span class='ocrx_word' id='word_1_714' title='bbox 3692 4747 3853 4818; x_wconf 82' lang='grc' dir='ltr'><strong>χάριν</strong></span> <span class='ocrx_word' id='word_1_715' title='bbox 3875 4745 4099 4816; x_wconf 81' lang='grc' dir='ltr'><strong>γνωρί-</strong></span> 
     </span>
    </p>
   </div>
   <div class='ocr_carea' id='block_1_103' title="bbox 2494 4829 4097 4916">
    <p class='ocr_par' dir='ltr' id='par_1_103' title="bbox 2494 4829 4097 4916">
     <span class='ocr_line' id='line_1_103' title="bbox 2494 4829 4097 4916; baseline -0.006 -18"><span class='ocrx_word' id='word_1_716' title='bbox 2494 4847 2664 4916; x_wconf 69' lang='grc' dir='ltr'><strong>ζομέν</strong></span> <span class='ocrx_word' id='word_1_717' title='bbox 2725 4862 2842 4908; x_wconf 86' lang='grc' dir='ltr'><strong>σοι,</strong></span> <span class='ocrx_word' id='word_1_718' title='bbox 2893 4829 3302 4913; x_wconf 36' lang='grc' dir='ltr'><strong>’μακαριώτατε</strong></span> <span class='ocrx_word' id='word_1_719' title='bbox 3354 4839 3513 4911; x_wconf 84' lang='grc' dir='ltr'><strong>ήμῶν</strong></span> <span class='ocrx_word' id='word_1_720' title='bbox 3565 4840 3785 4908; x_wconf 71' lang='grc' dir='ltr'><strong>ἀδελφὲ,</strong></span> <span class='ocrx_word' id='word_1_721' title='bbox 3849 4837 3938 4890; x_wconf 79' lang='grc' dir='ltr'><strong>ἵνα</strong></span> <span class='ocrx_word' id='word_1_722' title='bbox 3988 4838 4097 4891; x_wconf 74' lang='grc' dir='ltr'><strong>καὶ</strong></span> 
     </span>
    </p>
   </div>
   <div class='ocr_carea' id='block_1_104' title="bbox 2497 4931 4095 5007">
    <p class='ocr_par' dir='ltr' id='par_1_104' title="bbox 2497 4931 4095 5007">
     <span class='ocr_line' id='line_1_104' title="bbox 2497 4931 4095 5007; baseline -0.004 -18"><span class='ocrx_word' id='word_1_723' title='bbox 2497 4938 2654 5007; x_wconf 81' lang='grc' dir='ltr'><strong>ὑμεῖς</strong></span> <span class='ocrx_word' id='word_1_724' title='bbox 2691 4939 2758 5006; x_wconf 76' lang='grc' dir='ltr'><strong>τῇ</strong></span> <span class='ocrx_word' id='word_1_725' title='bbox 2794 4937 2954 5006; x_wconf 86' lang='grc' dir='ltr'><strong>ήμῶν</strong></span> <span class='ocrx_word' id='word_1_726' title='bbox 2985 4937 3185 5007; x_wconf 74' lang='grc' dir='ltr'><strong>εἰρήνῃ</strong></span> <span class='ocrx_word' id='word_1_727' title='bbox 3236 4933 3790 5005; x_wconf 85' lang='grc' dir='ltr'><strong>συνευφραινόμενοι,</strong></span> <span class='ocrx_word' id='word_1_728' title='bbox 3854 4931 4095 5000; x_wconf 81' lang='grc' dir='ltr'><strong>πρῶτον</strong></span> 
     </span>
    </p>
   </div>
   <div class='ocr_carea' id='block_1_105' title="bbox 2503 5014 4100 5100">
    <p class='ocr_par' dir='ltr' id='par_1_105' title="bbox 2503 5014 4100 5100">
     <span class='ocr_line' id='line_1_105' title="bbox 2503 5014 4100 5100; baseline -0.003 -18"><span class='ocrx_word' id='word_1_729' title='bbox 2503 5030 2604 5100; x_wconf 76' lang='grc' dir='ltr'><strong>μὲν</strong></span> <span class='ocrx_word' id='word_1_730' title='bbox 2649 5029 2678 5082; x_wconf 83' lang='grc' dir='ltr'><strong>ὃ</strong></span> <span class='ocrx_word' id='word_1_731' title='bbox 2723 5031 2818 5082; x_wconf 70' lang='grc' dir='ltr'><strong>καὶ</strong></span> <span class='ocrx_word' id='word_1_732' title='bbox 2863 5030 3032 5099; x_wconf 71' lang='grc' dir='ltr'><strong>χωρὶς</strong></span> <span class='ocrx_word' id='word_1_733' title='bbox 3077 5029 3186 5082; x_wconf 84' lang='grc' dir='ltr'><strong>τῶν</strong></span> <span class='ocrx_word' id='word_1_734' title='bbox 3217 5014 3520 5098; x_wconf 74' lang='grc' dir='ltr'><strong>ἡμετέρων</strong></span> <span class='ocrx_word' id='word_1_735' title='bbox 3547 5027 3729 5092; x_wconf 85' lang='grc' dir='ltr'><strong>λόγων</strong></span> <span class='ocrx_word' id='word_1_736' title='bbox 3780 5025 4100 5078; x_wconf 77' lang='grc' dir='ltr'><strong>ἀκόλουοόν</strong></span> 
     </span>
    </p>
   </div>
   <div class='ocr_carea' id='block_1_106' title="bbox 2502 5120 4099 5192">
    <p class='ocr_par' dir='ltr' id='par_1_106' title="bbox 2502 5120 4099 5192">
     <span class='ocr_line' id='line_1_106' title="bbox 2502 5120 4099 5192; baseline 0 -17"><span class='ocrx_word' id='word_1_737' title='bbox 2502 5126 2638 5185; x_wconf 77' lang='grc' dir='ltr'><strong>ἐστι,</strong></span> <span class='ocrx_word' id='word_1_738' title='bbox 2698 5121 2960 5192; x_wconf 80' lang='grc' dir='ltr'><strong>δοξάσητε</strong></span> <span class='ocrx_word' id='word_1_739' title='bbox 3018 5121 3110 5173; x_wconf 82' lang='grc' dir='ltr'><strong>τὸν</strong></span> <span class='ocrx_word' id='word_1_740' title='bbox 3171 5121 3546 5175; x_wconf 85' lang='grc' dir='ltr'><strong>καταλιπόντα</strong></span> <span class='ocrx_word' id='word_1_741' title='bbox 3592 5120 3684 5172; x_wconf 81' lang='grc' dir='ltr'><strong>τὸν</strong></span> <span class='ocrx_word' id='word_1_742' title='bbox 3716 5120 3816 5189; x_wconf 84' lang='grc' dir='ltr'><strong>τῆς</strong></span> <span class='ocrx_word' id='word_1_743' title='bbox 3850 5121 4099 5192; x_wconf 75' lang='grc' dir='ltr'><strong>εἰρήνης</strong></span> 
     </span>
    </p>
   </div>
   <div class='ocr_carea' id='block_1_107' title="bbox 2497 5213 4103 5285">
    <p class='ocr_par' dir='ltr' id='par_1_107' title="bbox 2497 5213 4103 5285">
     <span class='ocr_line' id='line_1_107' title="bbox 2497 5213 4103 5285; baseline -0.001 -16"><span class='ocrx_word' id='word_1_744' title='bbox 2497 5215 2701 5285; x_wconf 78' lang='grc' dir='ltr'><strong>κλῆρον</strong></span> <span class='ocrx_word' id='word_1_745' title='bbox 2735 5217 2888 5284; x_wconf 79' lang='grc' dir='ltr'><strong>ἡμῖν,</strong></span> <span class='ocrx_word' id='word_1_746' title='bbox 2915 5215 3008 5266; x_wconf 75' lang='grc' dir='ltr'><strong>καὶ</strong></span> <span class='ocrx_word' id='word_1_747' title='bbox 3033 5213 3224 5266; x_wconf 84' lang='grc' dir='ltr'><strong>τοῦτον</strong></span> <span class='ocrx_word' id='word_1_748' title='bbox 3244 5213 3367 5266; x_wconf 88' lang='grc' dir='ltr'><strong>δσαι</strong></span> <span class='ocrx_word' id='word_1_749' title='bbox 3406 5214 3636 5283; x_wconf 83' lang='grc' dir='ltr'><strong>ἡμέραι,</strong></span> <span class='ocrx_word' id='word_1_750' title='bbox 3662 5213 3710 5264; x_wconf 84' lang='grc' dir='ltr'><strong>εί</strong></span> <span class='ocrx_word' id='word_1_751' title='bbox 3736 5213 3830 5265; x_wconf 79' lang='grc' dir='ltr'><strong>καὶ</strong></span> <span class='ocrx_word' id='word_1_752' title='bbox 3850 5213 4033 5284; x_wconf 79' lang='grc' dir='ltr'><strong>συλᾷν</strong></span> <span class='ocrx_word' id='word_1_753' title='bbox 4072 5218 4103 5268; x_wconf 87' lang='grc' dir='ltr'>ὁ</span> 
     </span>
    </p>
   </div>
   <div class='ocr_carea' id='block_1_108' title="bbox 2499 5296 4132 5375">
    <p class='ocr_par' dir='ltr' id='par_1_108' title="bbox 2499 5296 4132 5375">
     <span class='ocr_line' id='line_1_108' title="bbox 2499 5296 4132 5375; baseline -0.001 -17"><span class='ocrx_word' id='word_1_754' title='bbox 2499 5305 2734 5375; x_wconf 69' lang='grc' dir='ltr'><strong>πονηρὸς</strong></span> <span class='ocrx_word' id='word_1_755' title='bbox 2761 5296 3112 5371; x_wconf 79' lang='grc' dir='ltr'><strong>ἀγωνίζεται,</strong></span> <span class='ocrx_word' id='word_1_756' title='bbox 3136 5303 3286 5371; x_wconf 82' lang='grc' dir='ltr'><strong>ὅμως</strong></span> <span class='ocrx_word' id='word_1_757' title='bbox 3329 5301 3755 5365; x_wconf 74' lang='grc' dir='ltr'><strong>ὲπανασὼζοντα</strong></span> <span class='ocrx_word' id='word_1_758' title='bbox 3799 5304 3918 5364; x_wconf 80' lang='grc' dir='ltr'><strong>τοῖς</strong></span> <span class='ocrx_word' id='word_1_759' title='bbox 3950 5304 4102 5370; x_wconf 83' lang='grc' dir='ltr'><strong>ἀγα-</strong></span> <span class='ocrx_word' id='word_1_760' title='bbox 4129 5368 4132 5369; x_wconf 19' lang='grc' dir='ltr'><strong>ν</strong></span> 
     </span>
    </p>
   </div>
   <div class='ocr_carea' id='block_1_109' title="bbox 2499 5391 4104 5461">
    <p class='ocr_par' dir='ltr' id='par_1_109' title="bbox 2499 5391 4104 5461">
     <span class='ocr_line' id='line_1_109' title="bbox 2499 5391 4104 5461; baseline -0.002 -13"><span class='ocrx_word' id='word_1_761' title='bbox 2499 5398 2675 5448; x_wconf 80' lang='grc' dir='ltr'><strong>πῶσιν</strong></span> <span class='ocrx_word' id='word_1_762' title='bbox 2709 5394 2900 5447; x_wconf 82' lang='grc' dir='ltr'><strong>αὐτόν’</strong></span> <span class='ocrx_word' id='word_1_763' title='bbox 2938 5393 3128 5445; x_wconf 72' lang='grc' dir='ltr'><strong>ἔπειτα</strong></span> <span class='ocrx_word' id='word_1_764' title='bbox 3152 5393 3208 5446; x_wconf 77' lang='grc' dir='ltr'><strong>δὲ</strong></span> <span class='ocrx_word' id='word_1_765' title='bbox 3240 5391 3326 5445; x_wconf 77' lang='grc' dir='ltr'><strong>ἵνα</strong></span> <span class='ocrx_word' id='word_1_766' title='bbox 3374 5394 3470 5446; x_wconf 67' lang='grc' dir='ltr'><strong>κα)⁸</strong></span> <span class='ocrx_word' id='word_1_767' title='bbox 3497 5391 3594 5461; x_wconf 80' lang='grc' dir='ltr'><strong>τῆς</strong></span> <span class='ocrx_word' id='word_1_768' title='bbox 3625 5392 3735 5443; x_wconf 83' lang='grc' dir='ltr'><strong>τῶν</strong></span> <span class='ocrx_word' id='word_1_769' title='bbox 3766 5391 4104 5447; x_wconf 72' lang='grc' dir='ltr'><strong>σκανδάλων</strong></span> 
     </span>
    </p>
   </div>
   <div class='ocr_carea' id='block_1_110' title="bbox 2497 5484 4106 5556">
    <p class='ocr_par' dir='ltr' id='par_1_110' title="bbox 2497 5484 4106 5556">
     <span class='ocr_line' id='line_1_110' title="bbox 2497 5484 4106 5556; baseline -0.001 -17"><span class='ocrx_word' id='word_1_770' title='bbox 2497 5487 2800 5556; x_wconf 85' lang='grc' dir='ltr'><strong>λελυμένης</strong></span> <span class='ocrx_word' id='word_1_771' title='bbox 2858 5485 3042 5548; x_wconf 86' lang='grc' dir='ltr'><strong>αἰτίας</strong></span> <span class='ocrx_word' id='word_1_772' title='bbox 3090 5487 3124 5556; x_wconf 86' lang='grc' dir='ltr'><strong>ή</strong></span> <span class='ocrx_word' id='word_1_773' title='bbox 3180 5485 3320 5552; x_wconf 72' lang='grc' dir='ltr'><strong>πρδς</strong></span> <span class='ocrx_word' id='word_1_774' title='bbox 3377 5484 3643 5553; x_wconf 78' lang='grc' dir='ltr'><strong>ἀλλήλους</strong></span> <span class='ocrx_word' id='word_1_775' title='bbox 3673 5484 3962 5555; x_wconf 80' lang='grc' dir='ltr'><strong>ἀποστολὴ</strong></span> <span class='ocrx_word' id='word_1_776' title='bbox 3996 5489 4106 5540; x_wconf 78' lang='grc' dir='ltr'><strong>καὶ</strong></span> 
     </span>
    </p>
   </div>
   <div class='ocr_carea' id='block_1_111' title="bbox 2500 5561 4110 5659">
    <p class='ocr_par' dir='ltr' id='par_1_111' title="bbox 2500 5561 4110 5647">
     <span class='ocr_line' id='line_1_111' title="bbox 2500 5561 4110 5647; baseline 0 -17"><span class='ocrx_word' id='word_1_777' title='bbox 2500 5575 2784 5641; x_wconf 77' lang='grc' dir='ltr'><strong>συνομιλία</strong></span> <span class='ocrx_word' id='word_1_778' title='bbox 2813 5577 2914 5646; x_wconf 80' lang='grc' dir='ltr'><strong>τὴν</strong></span> <span class='ocrx_word' id='word_1_779' title='bbox 2943 5561 3553 5647; x_wconf 65' lang='grc' dir='ltr'><strong>ἀνακαίνισινδέξηται.</strong></span> <span class='ocrx_word' id='word_1_780' title='bbox 3579 5574 3655 5627; x_wconf 77' lang='grc' dir='ltr'><strong>Οὐ</strong></span> <span class='ocrx_word' id='word_1_781' title='bbox 3684 5570 3795 5644; x_wconf 70' lang='grc' dir='ltr'><strong>μὴν</strong></span> <span class='ocrx_word' id='word_1_782' title='bbox 3829 5575 3979 5629; x_wconf 72' lang='grc' dir='ltr'><strong>ἀλλὰ</strong></span> <span class='ocrx_word' id='word_1_783' title='bbox 4005 5581 4110 5630; x_wconf 74' lang='grc' dir='ltr'><strong>καὶ</strong></span> 
     </span>
    </p>
   </div>
   <div class='ocr_carea' id='block_1_112' title="bbox 3599 5672 3631 5695">
    <p class='ocr_par' dir='ltr' id='par_1_112' title="bbox 3599 5672 3631 5695">
     <span class='ocr_line' id='line_1_112' title="bbox 3599 5672 3631 5695; baseline 0 -4"><span class='ocrx_word' id='word_1_784' title='bbox 3599 5672 3631 5695; x_wconf 67' lang='grc' dir='ltr'><strong>,ί</strong></span> 
     </span>
    </p>
   </div>
   <div class='ocr_carea' id='block_1_113' title="bbox 892 5746 4108 5824">
    <p class='ocr_par' dir='ltr' id='par_1_113' title="bbox 892 5746 4108 5824">
     <span class='ocr_line' id='line_1_113' title="bbox 892 5746 4108 5824; baseline 0.001 -22"><span class='ocrx_word' id='word_1_785' title='bbox 892 5746 1207 5824; x_wconf 51' lang='grc' dir='ltr'><strong>ςιληιιυιω</strong></span> <span class='ocrx_word' id='word_1_786' title='bbox 1233 5754 1319 5804; x_wconf 83' lang='lat' dir='ltr'><strong>est</strong></span> <span class='ocrx_word' id='word_1_787' title='bbox 1364 5749 1718 5823; x_wconf 77' lang='lat' dir='ltr'><strong>lucclongior</strong></span> <span class='ocrx_word' id='word_1_788' title='bbox 1774 5750 2025 5820; x_wconf 81' lang='lat' dir='ltr'><strong>epistola,</strong></span> <span class='ocrx_word' id='word_1_789' title='bbox 2060 5767 2220 5821; x_wconf 83' lang='lat' dir='ltr'><strong>quam</strong></span> <span class='ocrx_word' id='word_1_790' title='bbox 2266 5753 2355 5810; x_wconf 89' lang='lat' dir='ltr'><strong>illa</strong></span> <span class='ocrx_word' id='word_1_791' title='bbox 2403 5767 2524 5823; x_wconf 82' lang='lat' dir='ltr'><strong>quae</strong></span> <span class='ocrx_word' id='word_1_792' title='bbox 2567 5752 2755 5810; x_wconf 83' lang='lat' dir='ltr'><strong>Latine</strong></span> <span class='ocrx_word' id='word_1_793' title='bbox 2786 5753 3337 5812; x_wconf 79' lang='lat' dir='ltr'><strong>cxstathrcviuscula</strong></span> <span class='ocrx_word' id='word_1_794' title='bbox 3379 5752 3522 5824; x_wconf 88' lang='lat' dir='ltr'><strong>apud</strong></span> <span class='ocrx_word' id='word_1_795' title='bbox 3569 5751 3867 5808; x_wconf 84' lang='lat' dir='ltr'><strong>Baronium</strong></span> <span class='ocrx_word' id='word_1_796' title='bbox 3898 5752 3973 5808; x_wconf 79' lang='lat' dir='ltr'><strong>ad</strong></span> <span class='ocrx_word' id='word_1_797' title='bbox 4007 5771 4108 5822; x_wconf 60' lang='lat' dir='ltr'><strong>an,</strong></span> 
     </span>
    </p>
   </div>
   <div class='ocr_carea' id='block_1_114' title="bbox 819 5816 1056 5875">
    <p class='ocr_par' dir='ltr' id='par_1_114' title="bbox 819 5816 1056 5875">
     <span class='ocr_line' id='line_1_114' title="bbox 819 5816 1056 5875; baseline 0.013 -3"><span class='ocrx_word' id='word_1_798' title='bbox 819 5816 1056 5875; x_wconf 76' lang='lat' dir='ltr'><strong>CMXVI.</strong></span> 
     </span>
    </p>
   </div>
  </div>
