4182 6428
714 395 817 462 251

1852 403 2163 465 NICOLAI
2203 404 2313 468 (ΣΡ.
2354 403 2877 466 ΡᾹΤΒΙΛΗΕΗΕ

3876 405 3993 469 252

716 531 781 570 ex
818 514 905 568 his
940 515 1293 586 pontificibus
1338 530 1528 572 ansam
1578 517 1818 584 arripere
1850 528 2201 589 tempestates
2238 521 2291 575 in
2322 574 2326 582 ,

2427 524 2630 592 ιήρυξιν
2662 522 2880 591 ὁμαλῶς
2916 520 3007 574 καὶ
3064 520 3430 588 ἀφιλονείκως
3470 520 3751 590 γενέσθαι.
3801 525 4001 590 Οὐδεὶς

719 606 962 662 Ecclesia
984 618 1169 678 postea
1191 608 1485 672 excitandi,
1506 617 1727 678 promer
1753 621 1985 665 vestram
2010 615 2289 667 unionem.

719 697 991 766 Quoniam
1039 711 1219 754 autem
1269 716 1486 770 semper
1530 702 1741 772 aliquos
1778 704 2046 759 malorum
2101 714 2293 759 natura

721 793 787 845 ad
817 808 877 847 se
906 793 1072 845 trahit
1122 792 1307 861 (liceat
1337 803 1391 847 et
1420 794 1523 848 hoc
1550 795 1749 850 litteris
1776 795 2021 865 addere),
2070 805 2125 851 et
2166 806 2295 853 sunt

722 887 814 955 qui
848 886 1308 953 perturbationem
1340 888 1714 955 prmferentcs.
1759 900 1812 943 et
1846 889 2097 944 Ecclesize
2134 900 2297 943 tran-

722 972 1049 1042 quillitatem
1078 990 1219 1041 εδει-ο
1253 974 1512 1039 ferentes,
1534 992 1563 1029 ε
1610 979 1770 1032 nobis
1801 979 2011 1045 seipsos
2048 980 2298 1034 abscide-

672 1060 673 1063 “
723 1074 873 1129 runt,
932 1066 1302 1121 mandandum
1356 1083 1649 1124 censemus
1704 1069 1897 1124 vestris
1950 1070 2167 1140 legatis,
2219 1080 2296 1137 ut,

723 1159 983 1226 spectatis
1010 1173 1133 1226 quae
1165 1158 1421 1215 Ecclesia:
1464 1162 1794 1226 conducant,
1852 1161 1983 1215 illud
2022 1162 2168 1215 circa
2197 1162 2301 1216 hos

724 1248 1007 1303 nobiscum
1048 1260 1254 1305 etcum
1299 1250 1543 1307 Ecclesia
1592 1262 1891 1322 peragant;
1947 1253 2093 1323 quod
2146 1269 2303 1322 pera-

724 1354 850 1409 gere
875 1355 1092 1411 aequum
1119 1353 1200 1396 est
1234 1342 1489 1397 homines
1514 1344 1606 1412 qui
1634 1360 1731 1413 pro
1758 1345 2145 1399 ecclesiasticae
2172 1361 2305 1400 con-

726 1431 1030 1487 stitutionis
1063 1433 1320 1496 utilitate.
1364 1446 1415 1489 et
1464 1444 1587 1490 vota
1635 1434 1843 1491 faciunt
1874 1446 1927 1491 et
1952 1446 2012 1491 ut
2051 1452 2149 1491 sua
2181 1447 2303 1492 vota
2344 1428 2347 1433 ’

637 1586 645 1593 ,
728 1539 851 1577 cum
892 1524 1101 1578 caelesti
1144 1526 1522 1581 misericordia
1595 1528 1797 1583 bonum
1843 1529 2114 1600 accipiant
2144 1532 2304 1585 tinem

727 1615 968 1669 student.
1014 1616 1298 1671 Mittantur
1342 1628 1525 1673 autem
1580 1619 1726 1687 digni
1781 1631 1964 1675 vestra
2015 1621 2311 1677 sanctitate

728 1707 915 1777 legati,
970 1724 1065 1777 per
1108 1725 1268 1776 quos,
1322 1726 1446 1764 cum
1478 1711 1570 1764 Dei
1606 1726 1731 1782 ope,
1780 1712 1915 1768 bene
1961 1722 2013 1765 et
2050 1714 2311 1767 conveni-

728 1810 886 1855 enter
915 1817 1003 1856 res
1051 1801 1423 1858 Ecclesiarum
1472 1803 1778 1872 dirigantur
1820 1814 1876 1859 et
1917 1805 2148 1859 dixerim
2187 1805 2311 1874 qui-

2396 614 2503 683 γάρ
2526 614 2603 666 ἔτι
2631 614 2950 683 δυνήσεται,
2993 612 3184 683 ὥσπερ
3237 612 3473 681 ἔφημεν,
3512 611 3613 681 τῆς
3657 612 3811 682 ὑμῶν
3839 615 4004 683 ἀγιό-

2396 721 2557 775 τητος
2627 702 2975 773 πραττούσης
3009 702 3117 753 τῶν
3154 702 3391 754 ὲνταόθα
3423 702 3733 771 ἀρχιερέων
3772 704 3868 755 καὶ
3916 705 3987 755 ίε·

2403 799 2540 868 ρέων
2573 796 2899 867 προφάσεως
2929 795 3194 847 λαϐέσθαι
3223 794 3317 847 τοῦ
3341 794 3511 866 ζάλην
3541 798 3818 849 ἀνακινεῖν
3854 795 3992 862 μετὲ

2398 890 2573 943 ταῦτα
2620 892 2685 958 τῇ
2741 886 3043 957 Ἐκκλησῗᾳ
3103 887 3291 940 ἕνεκεν
3341 887 3441 955 τῆς
3500 886 3663 956 ὑμῶν
3712 885 3979 947 ’ένώσεως

2415 980 2639 1051 Ἐπειδὴ
2699 981 2757 1034 δὲ
2814 979 2902 1032 ἀεί
2935 996 3091 1041 τινας
3128 982 3162 1048 ἡ
3214 977 3324 1044 τῶν
3354 978 3616 1049 χειρόνων
3643 979 3804 1044 φύσις
3842 976 3973 1029 ’ἐλκε

2402 1077 2539 1147 πρὸς
2567 1075 2764 1145 ἑαυτὴν
2786 1075 2889 1143 (δεῖ
2910 1073 3003 1127 καὶ
3026 1072 3185 1126 τοῦτο
3208 1070 3527 1142 προσθεῖναι
3556 1068 3632 1139 τῷ
3652 1066 3975 1139 γράμματι)

2404 1171 2498 1219 καί
2542 1166 2648 1219 εἰσί
2674 1181 2827 1227 τινες
2862 1167 2910 1217 oi
2946 1164 3328 1232 προτιμῶντες
3360 1162 3462 1231 τὴν
3511 1160 3781 1229 ταραχὴν,
3812 1160 3904 1211 καὶ
3928 1160 4005 1227 τῇ

2406 1259 2837 1329 ὲκκλησιαστικῇ
2884 1258 3097 1327 γαλήνῃ
3150 1255 3625 1323 δυσχεραίνοντες.
3670 1251 4005 1321 ἀπέρρηξαν

2410 1351 2640 1412 ἑαυτοὺς
2685 1348 2745 1413 ἐξ
2794 1348 2977 1416 ἡμῶν,
3017 1345 3668 1412 ἐντείλασθαι’ἀξιοῦμεν
3697 1346 3808 1406 τοῖς
3844 1342 4007 1410 ὑμῶν

2408 1441 2729 1503 ἀποστόλοις
2756 1441 2829 1503 ὡς
2849 1440 2918 1492 τά
2952 1440 3302 1511 συμφέροντα
3338 1440 3404 1509 τῇ
3449 1437 3755 1507 Ἐκκλησία
3786 1436 4004 1503 σκεψά-

2415 1551 2585 1604 μενοι,
2642 1536 2820 1587 ἐκεῖνο
2875 1534 2969 1585 καὶ
3023 1533 3153 1601 περὶ
3201 1532 3385 1584 αὐτῶν
3428 1530 3547 1599 μεθ’
3586 1528 3747 1598 ἡμῶν
3781 1528 3877 1580 καὶ
3900 1529 4007 1597 τῆς

2424 1624 2753 1694 Ἐκκλησίας
2794 1622 3232 1692 διαπράξωνται,
3290 1621 3319 1673 ὃ
3370 1622 3635 1691 πράττειν
3685 1621 3830 1681 είκθις
3875 1620 4007 1679 τοὺς

2414 1719 2555 1786 ὑπὲρ
2585 1718 2683 1785 τῆς
2733 1716 3019 1785 ἱερατικῆς
3051 1716 3465 1779 καταστάσεως,
3498 1717 3593 1768 καὶ
3630 1715 3795 1783 εὐχὴν
3818 1729 4012 1764 ποιου-

2420 1808 2615 1875 μένους
2642 1808 2743 1857 καὶ
2794 1807 2894 1873 τὴν
2934 1807 3101 1875 εὐχὴν
3137 1806 3234 1859 σὺν
3266 1808 3330 1875 τῇ
3368 1804 3576 1857 ἀνωθεν
3613 1803 3870 1873 εὐμενείᾳ
3904 1801 4009 1853 3.1-

728 1896 876 1957 tlem,
924 1895 971 1948 si
1021 1894 1138 1949 ﬁeri
1185 1903 1399 1965 posset,
1456 1895 1715 1959 Iacobus,
1763 1896 1857 1951 Dei
1895 1881 2308 1952 amantissimus

2427 1866 2532 1952 δεῖν
2585 1898 2758 1969 πέρας
2809 1866 3090 1961 λυσιτελὲς
3151 1866 3636 1958 διεσπουδακότας.
3683 1866 4009 1948 unos-tom:

730 1986 1060 2056 episcopus:
1101 2003 1223 2042 cum
1259 1990 1399 2043 enim
1448 1988 1561 2057 jam
1610 1989 1678 2043 ad
1726 2006 1824 2045 nos
1870 1990 2101 2055 venerit,
2150 1991 2308 2044 nobis

732 2091 826 2144 per
856 2078 1041 2132 omnia
1075 2078 1272 2149 dignus
1308 2078 1521 2148 legatus
1567 2091 1769 2133 sanctae
1791 2079 2161 2133 Romanorum
2210 2078 2313 2134 Ec-

731 2168 914 2223 clesia:
954 2169 1105 2224 visus
1153 2178 1266 2235 est;
1320 2181 1416 2224 aut
1470 2171 1605 2224 alter
1660 2171 1878 2239 quidem
1935 2171 2064 2225 huic
2113 2171 2316 2226 virtute

732 2260 949 2316 similis.

733 2353 1001 2424 πρότερον
1050 2355 1190 2427 πρὸς
1238 2358 1383 2426 ἡμᾶς
1442 2356 1684 2411 ἀνελθὼν
1740 2356 1880 2411 κατὰ
1927 2357 2105 2410 πάντα
2168 2355 2346 2422 ἔδοξεν
2386 2358 2517 2426 ἡμῖν
2576 2358 2704 2421 ἀξια
2752 2358 2849 2427 τῆς
2911 2357 3073 2424 ἁγίας
3118 2355 3232 2408 τῶν

2418 1991 2475 2044 δὲ
2508 1989 2648 2054 ἄξιοι
2698 1989 2792 2059 τῆς
2828 1989 2981 2058 ὑμῶν
3024 1989 3315 2058 ἁγιότητος
3356 1987 3899 2065 ἀποσταλείσθωσαν,
3932 1984 4010 2038 δι’

2419 2079 2493 2137 ὧν
2552 2084 2735 2153 μέλλει
2787 2085 2885 2136 σὺν
2930 2082 3049 2151 Θεῷ
3082 2081 3263 2145 καλῶς
3304 2083 3399 2135 καὶ
3438 2082 3761 2151 πρεπόντως
3794 2080 3861 2132 τὰ
3893 2078 4011 2131 τῶν

2434 2175 2773 2247 Ἐκκλησιῶν
2796 2176 3233 2246 διευθετηθῆναι.
3280 2175 3544 2243 Λέγωμεν
3593 2173 3657 2242 δὴ
3687 2174 3734 2225 εἰ
3778 2171 4015 2224 δυνατὸν

2436 2266 2692 2329 Ἰάκωϐος
2746 2269 2774 2319 ὁ
2808 2266 3221 2335 θεοφιλέστατος
3276 2265 3608 2325 ἐπίσκοπος·
3636 2265 3729 2316 καὶ
3774 2262 3884 2330 γὰρ
3912 2261 4019 2313 καὶ

3316 2354 3605 2423 Ῥωμαίων
3676 2351 4015 2420 Ἐκκλησίας

733 2450 1114 2504 ἀποστέλλων·
1180 2451 1277 2504 καὶ
1327 2452 1515 2522 ἕτερός
1565 2470 1649 2516 τις
1721 2451 1915 2522 ἐκείνῳ
1968 2452 2067 2523 τὴν
2110 2452 2312 2523 ἀρετὴν
2353 2453 2759 2523 παραπλήσιος.

1324 2590 1455 2645 ων.
1495 2589 1733 2645 Incerto.

807 2730 921 2786 Etsi
957 2730 1111 2800 plena
1144 2728 1425 2783 hominum
1465 2730 1571 2783 vita
1599 2729 1863 2784 molestiis
1902 2739 2006 2794 est,
2041 2730 2204 2784 habet
2233 2739 2320 2784 ta-

739 2839 863 2877 men
927 2839 1025 2894 pro
1057 2824 1255 2878 solatio
1305 2822 1609 2877 amantium
1666 2823 2004 2893 frequentem
2061 2826 2322 2879 recorda—

738 2917 965 2971 tionem.
1017 2914 1115 2970 Uhi
1164 2926 1344 2970 autem
1403 2915 1547 2970 istud
1579 2916 1751 2980 abest,
1808 2917 2109 2984 praesertim
2159 2917 2320 2985 sijus

740 3009 1238 3077 consanguinitatis
1268 3008 1320 3062 id
1357 3008 1619 3078 postulat,
1658 3018 1787 3063 tunc
1832 3008 2057 3078 insuper
2102 3011 2321 3065 dolores

670 3116 673 3119 '
742 3104 1020 3157 adduntur
1063 3102 1395 3156 dolentibus.
1426 3100 1595 3155 Porro
1630 3101 1735 3154 tale
1760 3102 1890 3171 quid
1925 3104 2080 3157 nobis
2106 3104 2321 3157 accidit.

2956 2608 2962 2615 .
3005 2570 3128 2625 Μ’.
3162 2570 3418 2638 Ἀδιλῖῳ.

2493 2710 2555 2761 ΕΞ
2588 2710 2682 2762 καὶ
2708 2708 2923 2778 πλήρης
2958 2711 2985 2760 ὁ
3014 2708 3123 2760 τῶν
3148 2707 3456 2777 ἀνθρώπων
3482 2707 3595 2776 βίος
3624 2707 3733 2758 τῶν
3772 2704 4017 2758 λυπούν-

2424 2819 2532 2855 των
2566 2801 2735 2866 ἐστὶν,
2769 2801 2919 2869 ὅμως
2947 2801 3061 2870 ἔχει
3092 2800 3453 2869 παραμυθίαν
3480 2801 3605 2853 τινὰ
3635 2799 3735 2867 τὴν
3765 2796 3873 2849 ἀπὸ
3901 2796 4023 2849 τῶν

2428 2892 2726 2959 φιλούντων
2785 2890 3047 2953 πολλάκις
3090 2893 3333 2961 μνήμην.
3398 2888 3569 2944 Ὅταν
3622 2890 3679 2942 δὲ
3740 2888 3898 2941 τοῦτο
3937 2888 4021 2957 μὴ

2428 2987 2601 3054 παρῇ,
2628 2986 2723 3037 καὶ
2767 2983 3002 3053 μάλιστα
3024 2983 3119 3035 τοῦ
3140 2984 3353 3036 δικαίου
3378 2984 3476 3052 τῆς
3508 2982 3829 3050 συγγενείας
3849 2983 4024 3035 ἀπαι-

2429 3082 2670 3145 τοῦντος,
2740 3080 2904 3135 πλέον
2958 3079 3185 3145 αὔξεται
3246 3082 3361 3142 τοῖς
3416 3079 3785 3149 λυπουμένοις
3813 3077 3883 3131 τὰ
3914 3076 4025 3129 λυο

744 3195 881 3247 Cum
924 3193 1067 3247 enim
1104 3190 1291 3245 multis
1324 3190 1825 3244 circunweniamur
1854 3189 2084 3259 singulis
2131 3190 2323 3243 diebus

2428 3175 2600 3244 πηρά.
2637 3172 2891 3227 Τοιοῦτόν
2914 3190 2969 3226 τι
3004 3173 3099 3226 καὶ
3131 3173 3263 3241 ἡμῖν
3297 3172 3608 3241 ἀπήντησε.
3652 3170 3875 3232 Πολλοῖς
3906 3168 4027 3236 γὰρ

742 3302 865 3355 qure
898 3285 1141 3340 animum
1179 3283 1887 3353 angunt,nullns(humano
1906 3283 2067 3337 modo
2087 3282 2321 3352 loquor),

745 3378 1002 3435 solatium
1077 3374 1262 3431 ferens
1330 3376 1480 3429 visus
1532 3384 1637 3430 est.
1700 3374 1769 3429 Et
1820 3386 2049 3430 caeteros
2107 3375 2325 3443 quidem

745 3470 941 3525 omitto
979 3487 993 3525 :
1033 3467 1470 3539 consanguineos
1519 3482 1649 3522 vero
1694 3467 1929 3521 similem
1980 3480 2168 3536 gerere
2211 3466 2330 3520 ani-

746 3579 920 3629 mum,
970 3562 1245 3632 quomodo
1283 3561 1409 3632 quis
1439 3561 1692 3631 ignorare
1737 3561 1933 3629 possit.
1970 3559 2074 3613 nisi
2104 3559 2329 3614 omnino

746 3650 931 3709 rerum
969 3654 1333 3708 humanarum
1373 3668 1538 3709 sensu
1570 3652 1797 3709 careat?
1847 3650 1973 3707 Haec
1998 3651 2181 3707 scribo
2219 3666 2327 3706 non

749 3755 808 3803 ut
836 3747 1190 3817 exprobrem,
1235 3746 1330 3801 sed
1382 3755 1439 3799 ut
1468 3760 1749 3809 renovem,
1802 3745 1849 3799 si
1896 3745 2048 3808 libet,
2096 3758 2331 3799 consan-

749 3839 1039 3911 guinitatis
1091 3838 1377 3893 illecebras
1424 3847 1482 3893 et
1528 3838 1690 3892 aliam
1734 3837 1990 3893 amicitiae
2036 3836 2328 3903 rationem,

732 3947 916 4005 .quam
951 3931 1091 3986 haud
1116 3931 1231 3987 scio
1259 3930 1539 4001 quomodo
1576 3930 1734 3985 nobis
1766 3928 2063 3983 observare
2092 3942 2333 3998 praesens

753 4035 969 4095 tempus
1020 4039 1130 4078 non
1175 4022 1384 4078 siverit.
1426 4022 1656 4088 Quantis
1688 4022 1834 4076 enim
1877 4021 2149 4090 angustiis
2177 4034 2333 4073 com-

755 4115 1008 4187 prehensi
1065 4115 1331 4171 fuerimus
1383 4130 1490 4169 non
1548 4113 1787 4168 arbitror
1842 4122 1915 4178 te,
1963 4113 2128 4166 etiam
2176 4112 2334 4166 nobis

754 4226 866 4265 non
922 4210 1334 4274 scribentibus,
1398 4208 1672 4279 ignorare.
1734 4204 1810 4259 'l'e
1864 4216 2045 4258 autem
2109 4201 2336 4257 omnino

756 4304 984 4357 dccehat
1018 4310 1077 4355 ut
1128 4312 1478 4370 praesentem,
1516 4314 1638 4353 cum
1674 4298 1831 4352 nobis
1866 4295 2141 4353 scribendi
2169 4293 2339 4349 facul-

758 4403 842 4447 tas
867 4407 973 4445 non
995 4402 1159 4452 esset,
1188 4392 1414 4443 Romam
1441 4390 1587 4442 adire
1616 4396 1670 4441 et
1691 4385 2101 4441 sanctissimum
2134 4383 2335 4453 l’apam

755 4494 812 4539 et
848 4484 1071 4538 fratrem
1110 4491 1355 4537 nostrum
1391 4481 1678 4535 certiorem
1738 4480 1917 4533 facere
1965 4478 2033 4532 de
2082 4477 2166 4530 his
2214 4490 2337 4544 qua:

748 4572 918 4626 nobis
956 4582 1251 4625 evenerant
1282 4570 1413 4635 (non
1442 4570 1586 4623 enim
1617 4570 1745 4637 quid
1780 4580 1833 4623 te
1868 4567 2070 4622 latebat
2117 4576 2333 4619 nostra-

760 4844 1153 4915 apocrisiarios
1182 4844 1422 4898 mitteret
1468 4843 1535 4897 ad
1582 4841 1801 4896 fratrem
1839 4840 2098 4909 injuriam
2130 4838 2344 4908 patieno

762 4948 894 5004 tem,
929 4944 985 4992 et
1024 4946 1084 4992 ut
1109 4936 1472 4992 collaboraret
1501 4936 1567 4989 ad
1598 4934 1894 4990 Ecclesiam
1929 4943 2173 4988 nostram
2205 4946 2344 4985 cou-

766 5022 1024 5099 gruenter
1071 5044 1231 5084 sacro
1281 5029 1444 5084 statui
1481 5028 1896 5091 restituendam,
1954 5034 2102 5079 ctex
2131 5022 2345 5093 quartis

768 5124 975 5193 nuptiis
1029 5134 1155 5178 nata
1218 5122 1473 5179 scandala
1527 5121 1849 5190 corrigeret,
1901 5125 2123 5187 propter
2176 5129 2343 5183 quam

768 5216 1188 5279 correctionem,
1238 5217 1359 5286 ejus
1415 5229 1612 5270 nomen
1664 5214 1720 5267 in
1770 5211 1945 5268 sacris
1994 5209 2199 5264 nostris
2227 5208 2350 5278 dip-

772 5310 946 5385 tychis
978 5308 1391 5365 rescribendum
1419 5318 1475 5363 et
1510 5322 1635 5363 eum
1671 5314 1859 5361 nostra
1898 5301 2349 5359 denominatione

771 5412 918 5461 esset
958 5402 1411 5461 denuntiandum.

855 5684 963 5741 Sed
1008 5686 1268 5755 quoniam
1307 5683 1419 5737 haec
1471 5682 1654 5736 omnia
1694 5680 1807 5749 jam
1862 5678 2263 5749 prmtericrunt,
2305 5685 2360 5732 ct

784 5780 1036 5836 Christus
1073 5776 1217 5832 Deus
1247 5786 1432 5831 noster
1473 5783 1530 5831 et
1566 5788 1800 5845 magnus
1848 5771 2093 5827 Pontifex
2138 5770 2361 5826 investi-

790 5873 952 5944 gabili
1003 5888 1101 5931 sua
1148 5869 1416 5942 sapientia
1453 5867 1679 5926 multam
1722 5866 1862 5923 hanc
1898 5865 2359 5936 perturbationem

2426 3266 2550 3319 καθ’
2582 3266 2823 3335 ἑκάστην
2861 3264 3397 3335 περιστοιχιζόμενοι
3441 3264 3555 3325 τοῖς
3591 3259 3884 3329 ἀλγύνουσι
3916 3260 4028 3327 τὴν

2425 3353 2627 3423 ψυχὴν,
2677 3354 2779 3407 ὅσα
2843 3370 2907 3421 γε
2966 3354 3035 3407 τὰ
3087 3353 3409 3423 ἀνθρώπινα
3466 3352 3647 3414 οὐδεὶς
3697 3352 3830 3419 ημῖν
3861 3350 4027 3418 ὤφθη

2430 3448 2611 3518 φέρων
2634 3446 2985 3517 παραψυχήν.
3043 3448 3152 3500 Καὶ
3208 3447 3332 3510 τοὺς
3372 3447 3474 3515 μὶν
3504 3445 3698 3507 ἄλλους
3740 3443 3836 3506 ἐῶ,
3878 3443 3938 3495 τὸ
3963 3442 4030 3495 δὲ

2429 3546 2524 3597 καὶ
2554 3545 2839 3610 συγγενεῖς
2890 3543 2991 3613 τὴν
3029 3543 3223 3613 ὁμοίαν
3268 3542 3459 3613 φέρειν
3490 3541 3758 3603 διάθεσιν,
3794 3537 3912 3600 πῶς
3953 3537 4033 3590 ἄν

2431 3653 2513 3699 τις
2550 3636 2767 3705 παρίδοι
2830 3637 2903 3707 μὴ
2937 3636 3062 3688 λίαν
3094 3636 3172 3689 ὢν
3212 3636 3322 3688 τῶν
3354 3633 3715 3699 ἀνθρωπίνων
3752 3630 4027 3700 πραγμά-

2430 3746 2540 3783 των
2570 3730 3009 3800 ἀνεπαίσθητος;
3058 3728 3261 3799 Γράφω
3311 3725 3484 3780 ταῦτα
3517 3726 3618 3779 οὐκ
3664 3722 4032 3788 ἐξονειδίζων,

2432 3823 2549 3878 ἀλλ’
2580 3822 2951 3887 ἀνακαινίζων
3003 3823 3052 3875 εἰ
3086 3821 3265 3892 βούλει
3301 3821 3363 3873 τὸ
3411 3816 3739 3887 συγγενικὸν
3774 3816 4032 3884 φίλτρον,

2434 3916 2529 3969 καὶ
2560 3916 2658 3985 τὴν
2690 3915 2859 3985 ἀλλην
2885 3914 3073 3984 σχέσιν
3119 3916 3220 3985 τῆς
3271 3912 3482 3981 φιλίας,
3522 3912 3590 3982 ἦν
3623 3910 3723 3963 οὐκ
3756 3903 3875 3961 οῖδα
3906 3905 4034 3967 πῶς

2434 4007 2558 4060 ὅσον
2591 4008 2727 4077 ἡμῖν
2768 4008 3057 4061 κατανοεῖν
3102 4008 3131 4059 ό
3173 4004 3367 4075 παρὼν
3403 4002 3645 4072 ἐκάλυψε
3690 4000 3905 4071 χρόνος.
3944 3998 4038 4053 Τά

2440 4098 2672 4171 μὲνγὰρ
2709 4098 2957 4171 ἡμέτερα
3016 4098 3161 4163 οἵαις
3218 4099 3491 4166 ἀνάγκαις
3534 4094 3895 4165 ωνειχόμεθα
3930 4092 4037 4161 οὐχ

2439 4192 2815 4263 ὑπολαμϐάνω
2869 4209 2931 4245 σε
2977 4192 3073 4246 καὶ
3108 4191 3184 4263 μὴ
3219 4191 3545 4262 γραφόντων
3594 4190 3755 4259 ἡμῶν
3782 4189 4034 4253 ἀγνοεῖν.

2438 4287 2507 4341 Σὲ
2552 4286 2609 4341 δὲ
2663 4288 2883 4349 πάντως
2926 4285 3170 4356 ἔπρεπεν
3220 4287 3280 4337 ὲν
3323 4285 3437 4347 τοῖς
3512 4281 3701 4336 αὐτόοι
3758 4281 4037 4350 παρόντα,

2441 4380 2548 4434 κᾶν
2592 4380 2753 4450 ἡμεῖς
2798 4378 3155 4448 ἐκωλυόμεθα
3186 4379 3441 4448 γράφειν,
3476 4377 3569 4431 καὶ
3600 4375 3737 4445 πρὸς
3762 4373 3860 4445 τὴν
3897 4372 4041 4425 Ῥώ-

2445 4491 2561 4542 μην
2598 4473 3040 4544 παραγενέσθαι,
3090 4474 3186 4526 καὶ
3218 4473 3311 4526 τὸν
3361 4472 3668 4540 ἁγιώτατον
3708 4470 3909 4522 Πάπαν
3939 4468 4043 4520 καὶ

2362 4543 2415 4601 D
2441 4543 2867 4637 hoeltpbvr'qtttiw
2891 4564 3206 4630 ἀναδιδάξαι
3229 4564 3298 4618 τά
3327 4565 3410 4626 εἰς
3436 4564 3585 4633 ἡμᾶς
3642 4560 4045 4630 συμϐεϐηκότα

761 4679 882 4717 rum
917 4663 1277 4716 tentationum
1308 4670 1362 4716 et
1393 4666 1787 4729 aerumnarum)
1830 4669 1883 4713 et
1914 4658 2173 4713 Ecclesia:
2206 4671 2335 4724 per-

761 4753 1155 4816 turbationetn,
1208 4760 1392 4806 notam
1426 4752 1530 4823 ipsi
1563 4751 1762 4816 facere,
1806 4759 1861 4804 et
1903 4750 2133 4803 suadere
2176 4748 2251 4801 illi
2283 4755 2344 4801 ut
2376 4756 2379 4759 ‘

2447 4659 2531 4730 (οὐ
2559 4658 2667 4728 γὰρ
2706 4659 2971 4712 ὲλάνθανέ
3006 4658 3066 4711 σέ
3097 4675 3152 4710 τι
3196 4657 3305 4711 τῶν
3335 4656 3459 4710 καθ’
3494 4656 3654 4725 ἡμῶν
3680 4652 4042 4716 επιϐουλῶν),

2446 4752 2539 4805 καὶ
2571 4751 2673 4821 τῆς
2706 4752 2972 4821 ἐπηρείας
3001 4750 3096 4803 καὶ
3122 4750 3221 4819 τῆς
3257 4748 3595 4818 Ἐκκλησίας
3628 4748 3727 4816 τὴν
3756 4744 4044 4815 ταραχὴν,

2380 4898 2383 4901 ,
2446 4849 2546 4918 ὅση
2573 4860 2659 4909 τις
2702 4840 2772 4915 ἦν
2794 4845 3065 4914 γνωρίσαι
3116 4841 3289 4913 αὐτῷ,
3321 4842 3419 4895 καὶ
3464 4843 3653 4894 πεῖσαι
3700 4840 4046 4908 ἀποκρισια-

2453 4938 2604 5010 ρίους
2646 4938 2853 4991 στεῖλαι
2910 4936 3050 5006 πρὸς
3091 4935 3325 5002 ἀδελφὸν
3372 4931 3730 5013 ἠδικημένον,
3776 4930 3870 4983 καὶ
3906 4946 4046 4981 συν-

2450 5030 2825 5099 αγωνίσασθαι
2857 5031 2995 5100 πρός
3022 5045 3082 5082 τε
3110 5030 3171 5082 τὸ
3188 5026 3288 5099 τὴν
3332 5026 3663 5093 Ἐκκλησίαν
3692 5022 3851 5093 ἡμῶν
3881 5021 4049 5074 ἀπο-

2452 5121 2790 5191 καταστῆναι
2828 5120 2996 5185 ἀξίως
3042 5120 3143 5189 τῆς
3196 5119 3348 5188 ἱερᾶς
3380 5116 3796 5178 καταστάσεως,
3838 5113 3939 5165 καὶ
3970 5112 4048 5165 τὰ

2452 5215 2517 5267 ὲκ
2562 5213 2657 5267 τοῦ
2709 5213 2973 5282 τετάρτου
3004 5211 3186 5281 γάμου
3237 5209 3552 5278 ἀναφυέντα
3581 5206 3859 5261 σκάνδαλα
3892 5203 4051 5273 διορ-

2455 5283 2758 5366 ὸώσασθαι.
2813 5305 2875 5356 οὐ
2937 5303 3043 5373 μὴν
3072 5302 3209 5356 ἀλλά
3252 5303 3350 5355 καὶ
3387 5302 3449 5354 τι
3477 5298 3691 5353 ικεινου
3732 5298 3911 5366 ὄνομα
3950 5295 4052 5351 διὰ

2454 5398 2554 5469 τῆς
2591 5396 2850 5467 τοιαύτης
2877 5395 3218 5468 διορθώσεως
3250 5397 3308 5449 ὲν
3331 5396 3445 5457 τοῖς
3473 5394 3641 5463 ἱεροῖς
3667 5391 3827 5461 ἡμῶν
3846 5389 4056 5443 διπτύ-

2456 5504 2573 5558 χοις
2601 5486 2950 5557 ἐγγραφῆναι
2979 5487 3074 5539 καὶ
3118 5484 3255 5556 μετά
3284 5478 3385 5554 τῆς
3417 5482 3693 5555 ἡμετέρας
3723 5477 4057 5549 ἀνακηρύτ-

2458 5580 2647 5634 τεσθαι
2680 5581 2946 5651 κλήσεως.

2532 5676 2674 5731 Ἀλλ’
2734 5676 2856 5728 ἐπεὶ
2914 5674 3089 5728 ταῦτα
3147 5671 3427 5745 παρῆλθεν
3490 5671 3614 5741 ἤδη,
3664 5668 3757 5722 καὶ
3803 5666 4056 5735 Χριστὸς

2462 5770 2490 5822 ὁ
2532 5769 2665 5833 Θεὸς
2698 5767 2856 5839 ἡμῶν
2910 5767 2939 5819 ὀ
2993 5765 3212 5836 πρῶτος
3251 5764 3347 5818 καὶ
3405 5763 3579 5835 μέγας
3630 5758 3929 5832 ἀρχιερεὺς
3976 5760 4054 5825 τῇ

2465 5863 2874 5935 ἀνεξερευνήτῳ
2918 5858 3085 5916 αὑτοῦ
3122 5857 3287 5931 σοφίᾳ
3315 5857 3415 5929 τὴν
3451 5855 3655 5927 πολλὴν
3696 5851 3918 5920 ἐκείνην
3952 5867 4058 5905 ταο
