4182 6428
153 426 235 489 953
1581 430 1991 492 EPISTOLE.

3269 434 3379 500 254

156 533 299 604 patan
339 534 438 587 καὶ
477 535 648 606 ζάλην
692 536 803 590 ίδοῦ
853 540 1343 594 πεντεκαιδέκατον
1374 538 1503 603 ἔτος
1574 557 1704 594 κατ·
1735 545 1779 601 Α

1816 552 1862 596 et
1921 539 2213 610 procellam
2259 542 2370 612 jam
2444 556 2473 595 a
2524 541 2831 612 quindecim
2898 544 3058 599 annis
3110 545 3375 615 vigentem

154 623 354 685 ἔπαυσε,
393 624 493 678 καὶ
520 626 655 695 πρὸς
685 628 798 697 ἒνή
841 629 1140 699 Ἐκκλησία
1166 631 1392 699 συνῆλθε
1426 631 1702 702 φρόνημα.

157 713 365 781 Συνῆλθε
427 716 537 785 γάρ
594 717 706 771 τῶν
761 720 1232 791 ὑπουργησάντων
1268 723 1366 794 μὲν
1396 725 1487 777 ἐπὶ
1516 724 1590 793 τῷ
1616 741 1708 776 τε·

156 805 307 875 τάρτῳ
327 807 499 876 γάμῳ
532 808 595 861 τὸ
617 810 819 863 οἰκεῖον
845 817 1099 884 πταῖσμα
1127 816 1497 886 ἔξομολογησα
1508 817 1709 884 μένων,

152 896 285 963 ἡμῶν
316 896 375 949 δὲ
420 899 518 951 σὺν
555 901 621 967 τῇ
655 900 778 972 θείᾳ
808 903 1196 977 φιλανθρωπίᾳ
1232 907 1329 977 τὴν
1359 907 1711 978 συγχώρησιν

153 987 309 1049 αὐτοῖς
359 992 800 1060 παρασχόντων,
858 996 953 1048 καὶ
1010 1000 1111 1068 μιᾷ
1162 998 1359 1072 γνώμῃ
1386 1038 1400 1061 ,
1458 1001 1556 1052 καὶ
1613 1000 1711 1069 μιᾷ

156 1082 347 1153 γλώσσῃ
403 1084 632 1138 ἐκείνων
670 1101 731 1138 τε
766 1088 860 1140 καὶ
889 1087 1046 1156 ἡμῶν
1075 1087 1169 1141 τὸν
1209 1089 1473 1159 τέταρτον
1496 1090 1712 1160 ἀποκη-

160 1173 410 1241 ρυξάντων
440 1176 641 1246 γάμον,
668 1180 766 1232 καὶ
800 1181 878 1241 είς
904 1180 1137 1249 ἑνότητα
1164 1181 1557 1235 καταστάντων
1583 1185 1713 1252 μιᾶς

166 1264 499 1334 Ἐκκλησίας,
531 1270 627 1322 καὶ
666 1271 799 1339 μιᾶς
847 1273 1086 1342 ποίμνης
1138 1275 1359 1327 πάντων
1378 1277 1710 1345 γενομένων,

158 1357 233 1408 καὶ
254 1357 337 1424 ὑφ’
377 1359 465 1411 ἑνὶ
497 1364 726 1430 ποιμένι
778 1365 845 1433 τῇ
876 1365 986 1433 ὲμῇ
1041 1364 1392 1434 ταπεινότητι
1422 1382 1711 1435 ποιμαινο-

159 1445 331 1513 μένων.
400 1448 591 1503 Ταῦτα
651 1454 753 1522 μὲν
813 1454 951 1507 Θεοῦ
1006 1456 1191 1525 χάριτι
1245 1456 1420 1517 οὕτως
1474 1456 1713 1511 ἐνταῦθα

156 1538 401 1609 ἐπράχθη.
441 1540 847 1612 Ἐπιζητοῦμεν
902 1545 962 1607 δὲ
1020 1545 1202 1609 καθὼς
1246 1548 1343 1599 ἀπ’
1388 1548 1564 1615 ἀρχῆς
1616 1550 1713 1603 καὶ

156 1628 233 1680 τοῦ
284 1631 593 1698 άγιωτάτου
654 1636 822 1689 Πάπα
865 1637 961 1690 τοῦ
1014 1638 1250 1707 ἀδελφοῦ
1304 1642 1362 1692 ὲν
1400 1644 1513 1704 τοῖς
1548 1644 1714 1712 ἱεροῖς

156 1720 289 1787 ἡμῶν
331 1723 623 1794 διπτύχοις
663 1728 761 1781 τοῦ
812 1729 1077 1797 ὀνόματος
1104 1730 1204 1802 τὴν
1243 1734 1546 1803 ἀναφορὰν,
1570 1734 1603 1802 ἥ
1629 1751 1714 1797 τις

159 1812 297 1882 μέχρι
331 1815 429 1867 τοῦ
482 1816 579 1870 νῦν
608 1819 710 1873 οὐκ
741 1820 1081 1891 ὲκηρύσσετο
1124 1822 1212 1875 διὰ
1234 1825 1293 1876 τὸ
1333 1826 1396 1876 ὲκ
1423 1824 1523 1884 τῆς
1568 1823 1708 1877 Ῥω-

161 1909 335 1977 μαῑκῆς
382 1909 717 1980 Ἐκκλησίας
767 1913 863 1966 τοῦ
908 1915 1171 1986 τετάρτου
1216 1918 1396 1987 γάμου
1451 1918 1708 1984 γενέσθαι
1741 1898 1783 1955 Β

158 1998 237 2065 τὴν
278 2000 598 2055 ὑπόστασιν.
655 2003 772 2055 Νῦν
807 2000 900 2058 οὖν
942 2006 1130 2075 ἐπειδὴ
1170 2007 1350 2061 πάντα
1399 2008 1469 2062 τὰ
1507 2009 1716 2078 προλα-

158 2091 296 2143 ϐόντα
326 2095 756 2164 οὶκτιρμοῖςικαὶ
774 2097 1158 2171 φιλανθρωπίᾳ
1176 2100 1273 2153 τοῦ
1300 2100 1436 2153 Θεοῦ
1464 2118 1721 2172 παρεχω-

162 2182 405 2251 ρήσαμεν,
436 2183 598 2236 τοῦτο
627 2187 790 2254 μόνον
817 2187 935 2239 δέον
965 2188 1084 2241 ἐστὶ
1114 2189 1371 2256 γενέσθαι
1399 2192 1459 2243 τὸ
1495 2192 1592 2244 καὶ
1620 2192 1720 2261 τὴν

164 2266 457 2344 Ῥωμαᾶὴν
472 2273 829 2355 Ἐκκλησίαν.
854 2278 1036 2342 καθὼς
1053 2283 1086 2350 ἡ
1108 2280 1342 2333 ἐνταῦθα
1362 2282 1721 2352 ὁμολογῆσαι,

159 2363 219 2425 ὡς
262 2367 288 2418 ό
330 2358 826 2445 τέταρτοςὶγάμος
880 2372 930 2424 εί
989 2373 1085 2426 καὶ
1136 2374 1224 2426 διά
1264 2373 1361 2444 τὴν
1426 2374 1712 2447 βασιλικὴν

156 2456 375 2529 ἀνάγκην
407 2462 861 2533 συγκεχώρηται,
888 2464 1007 2517 ἀλλ’
1050 2465 1155 2529 ἔξω
1200 2466 1295 2519 τοῦ
1328 2468 1712 2538 ἐκκλησιαστι-

158 2547 238 2601 κοῦ
259 2553 419 2622 νόμου
453 2555 895 2625 συγκεχώρηται,
930 2559 1023 2611 καὶ
1067 2564 1171 2628 τῆς
1206 2562 1523 2633 πρεπούσης
1543 2581 1711 2633 γαμι-

158 2640 245 2705 κῆς
294 2648 686 2711 καταστάσεως
714 2664 729 2679 ·
777 2649 851 2711 ὡς
881 2651 1064 2705 ἂνιδιά
1092 2656 1190 2724 τῆς
1238 2656 1499 2725 τοιαύτης
1522 2658 1713 2727 ὁμολο-

158 2732 259 2795 γίας
285 2735 389 2787 ἀπό
420 2754 485 2804 γε
521 2739 617 2791 τοῦ
648 2741 914 2811 παρόντος
941 2746 969 2799 ὁ
1004 2745 1241 2809 τοιοῦτος
1270 2750 1467 2818 γάμος,
1497 2750 1592 2803 καὶ
1619 2750 1711 2804 τοῦ

158 2824 475 2893 Χριστιανῶν
522 2831 717 2899 γένους
758 2836 1041 2906 ἀλλότριος
1072 2837 1463 2912 ὲξασφαλισϐῇ,
1512 2845 1605 2896 καὶ
1640 2844 1714 2915 μὴ

158 2918 315 2987 χώραν
361 2922 504 2995 λάϐῃ
561 2926 639 2988 είς
681 2928 883 2993 ὄνειδος
916 2930 1025 2985 τῶν
1056 2931 1402 3002 Ἐκκλησιῶν
1423 2934 1517 2987 τοῦ
1554 2935 1715 3001 Θεοῦ,

1806 633 2058 704 placavit,
2095 643 2149 689 et
2174 634 2229 688 in
2262 649 2423 688 unam
2455 635 2707 689 convenit
2735 636 2977 691 Ecclesia
3014 638 3376 705 sententiam;

1809 729 2067 783 convenit
2097 728 2243 782 enim
2276 742 2399 783 cum
2442 729 2495 782 bi
2528 729 2619 798 qui
2658 730 2866 797 quartis
2918 730 3123 799 nuptiis
3171 732 3384 786 submi-

1809 821 2190 883 nistraverant,
2242 834 2402 875 suum
2450 834 2687 875 errorem
2725 820 2964 875 confessi
2993 834 3144 885 sunt.
3178 833 3231 878 et
3280 826 3383 879 nos

1812 931 1938 971 cum
1988 914 2169 968 divina
2202 913 2469 969 charitate
2497 915 2706 967 veniam
2742 913 2874 984 ipsis
2909 916 3282 984 praestitimus,
3330 930 3383 973 et

1810 1023 1915 1064 una
1967 1015 2169 1072 mente,
2194 1022 2300 1061 una
2328 1007 2508 1077 lingua
2538 1016 2592 1061 et
2640 1008 2714 1063 illi
2753 1024 2851 1064 nos
2882 1018 3106 1078 quartas
3163 1012 3378 1079 nuptias

1811 1100 2061 1155 detestati
2117 1097 2344 1165 fuimus,
2396 1107 2451 1153 et
2498 1114 2691 1153 omnes
2740 1111 3012 1157 steterunt
3065 1103 3119 1157 in
3174 1105 3387 1157 ttnitate

1811 1195 1976 1249 unius
2009 1192 2295 1256 Ecclesiae;
2346 1201 2398 1247 et
2433 1192 2653 1248 fuerunt
2683 1195 2841 1249 unius
2871 1197 3069 1265 gregis,
3095 1198 3241 1252 etab
3273 1211 3383 1251 uno

1813 1294 2053 1355 pastore,
2121 1285 2430 1341 humilitate
2479 1301 2621 1353 mea,
2689 1286 2999 1357 gubernati.
3030 1289 3123 1342 llla
3166 1290 3386 1358 quidem

1812 1375 1906 1430 Dei
1939 1377 2108 1445 gratia
2141 1385 2358 1446 peracta
2390 1387 2517 1431 sunt
2553 1396 2565 1431 :
2599 1379 2899 1447 qna-rimus
2945 1389 3148 1441 autem,
3191 1396 3388 1449 quem-

1813 1470 2108 1523 admodum
2156 1469 2223 1522 ab
2261 1468 2435 1530 initio,
2484 1470 2820 1523 sanctissimi
2878 1469 3063 1525 fratris
3098 1487 3249 1541 papze
3286 1486 3389 1525 no-

1812 1562 1976 1616 minis
2017 1562 2069 1614 in
2116 1561 2286 1617 sacris
2317 1562 2516 1616 nostris
2570 1562 2839 1632 diptychis
2871 1565 3215 1627 relationem,
3268 1581 3389 1635 qua!

1814 1653 1924 1707 huc
1952 1668 2123 1719 usque
2155 1668 2261 1707 non
2296 1654 2455 1708 fiebat
2478 1664 2701 1723 propter
2738 1667 2960 1724 quartas
2994 1658 3208 1725 nuptias
3245 1656 3387 1726 apud

1813 1745 2108 1800 Ecclesiam
2180 1746 2502 1799 Romanam.
2562 1745 2717 1801 Nunc
2776 1756 2957 1800 autem
3015 1765 3138 1802 cum
3190 1760 3389 1803 cuncta

1815 1836 2174 1905 praecedentia
2213 1836 2304 1890 Dei
2353 1836 2707 1891 miseratione
2749 1848 2800 1891 et
2847 1839 3114 1893 cbaritate
3163 1854 3392 1895 conces-

1815 1929 2010 1994 simus,
2038 1944 2205 1982 unum
2236 1926 2339 1983 hoc
2370 1936 2496 1991 stat,
2528 1943 2719 1996 nempe
2757 1930 3053 1985 Ecclesiam
3083 1930 3389 1985 Romanam

1817 2020 1958 2075 sicut
2004 2027 2058 2073 et
2106 2026 2353 2073 nostram
2409 2018 2659 2073 confiteri
2714 2029 2939 2087 quartas
2991 2022 3231 2090 nuptias,
3286 2021 3391 2077 etsi

1816 2122 2037 2182 propter
2060 2110 2466 2180 imperatoriam
2500 2112 2880 2166 necessitatem
2899 2115 3178 2182 permissa:
3196 2115 3397 2171 fuerint

1820 2214 1971 2259 extra
2006 2212 2188 2258 tamen
2224 2204 2396 2272 legem
2432 2204 2865 2259 ecclesiasticam
2892 2221 3182 2261 concessas
3205 2207 3395 2273 fuisse,

1824 2308 1879 2354 et
1906 2306 2058 2352 extra
2093 2307 2295 2352 rectam
2331 2298 2661 2352 matrimonii
2695 2299 3182 2367 constitutionem;
3236 2301 3307 2354 ita
3341 2307 3401 2356 nt

1820 2407 1914 2462 per
1956 2391 2096 2444 hanc
2143 2390 2545 2446 confessionem
2580 2408 2645 2447 ex
2676 2393 2790 2448 hoc
2821 2410 2966 2446 nunc
3013 2394 3147 2448 tales
3194 2395 3401 2461 nuptiae

1819 2499 1849 2537 a
1872 2483 2185 2539 Christiano
2215 2485 2415 2555 populo
2440 2496 2716 2540 extranea:
2739 2487 3072 2542 aﬂirmentur
3096 2502 3194 2541 nec
3218 2488 3396 2542 locum

1821 2577 2038 2647 capiant
2069 2579 2120 2631 in
2152 2578 2508 2647 opprobrium
2547 2580 2917 2634 Ecclesiarnm
2954 2580 3045 2635 Dei
3073 2581 3187 2635 sive
3219 2582 3400 2650 potius

1820 2669 2116 2723 Christiani
2184 2670 2420 2738 generis.
2482 2671 2605 2727 Scis
2657 2674 2823 2735 enim,
2861 2671 2952 2724 utili
3009 2680 3219 2735 noster,
3273 2687 3397 2726 cum

1823 2759 2003 2829 aliqua
2039 2776 2128 2816 res
2181 2762 2396 2816 initium
2433 2765 2602 2818 sumit
2634 2765 2701 2817 ab
2752 2762 2947 2818 illustri
3000 2773 3053 2817 et
3100 2762 3399 2831 conspicua

1824 2867 2080 2921 persona,
2134 2854 2236 2908 nisi
2269 2855 2416 2908 omni
2448 2855 2659 2909 ratione
2707 2856 3079 2925 prohibeatur,
3123 2860 3189 2909 ad
3238 2856 3400 2924 hujus

1826 2942 2186 2999 imitationem
2223 2943 2381 3000 facile
2410 2946 2730 3001 humiliores
2768 2946 3018 3000 homines
3047 2946 3263 3000 deduci.

161 3013 333 3107 μᾶλλον
370 3015 430 3069 δὲ
474 3019 571 3071 τοῦ
607 3021 1001 3090 Χριστιανικοῦ
1090 3026 1282 3093 γένους
1341 3026 1742 3085 πολιτεύεσθαι.
1799 3034 2125 3093 Ἐπίστασαι
2165 3039 2295 3107 γὰρ,
2358 3040 2551 3093 τέκνον
2598 3040 2780 3109 ἡμῶν,
2825 3042 2906 3093 ὅτι
2985 3041 3115 3093 ὅταν
3168 3041 3401 3110 πρᾶγμα

158 3106 349 3203 οέξηται
380 3109 558 3203 ἀρχὴν
591 3110 650 3175 ἐξ
674 3114 886 3180 ἐνδόξου
916 3116 1211 3186 προσώπου
1243 3119 1337 3173 καὶ
1388 3123 1744 3190 περιφανοῦς,
1787 3128 1835 3178 εἰ
1902 3128 1978 3198 μὴ
2048 3134 2211 3183 παντὶ
2261 3132 2450 3202 τρόπῳ
2503 3106 2722 3202 κωλυθῇ
2748 3172 2764 3195 ,
2814 3132 2952 3203 πρὸς
3016 3131 3115 3203 τὴν
3171 3106 3402 3203 μέμηάιν

156 3198 322 3252 τούτου
347 3202 589 3297 εὐκόλως
621 3207 669 3259 οί
699 3211 1076 3283 ταπεινότεροι
1107 3213 1216 3267 τῶν
1238 3214 1544 3286 ἀνθρώπων
1576 3218 1902 3287 ὑπάγονται.

212 3321 301 3373 Διὰ
336 3322 513 3377 ταῦτα
565 3327 660 3379 καὶ
690 3328 988 3401 ’Ᾱδεοδάτῳ
1038 3332 1116 3402 τῷ
1152 3334 1533 3407 εὐλαϐεστάτῳ
1576 3339 1710 3409 κλη-
1744 3331 1783 3387 C

1891 3320 2190 3391 Propterea
2268 3334 2321 3377 et
2378 3323 2659 3377 Adeodato
2737 3321 3151 3389 religiosissimo
3201 3319 3407 3375 clerico

157 3413 273 3482 ρικῷ
326 3417 562 3471 αὐτόθεν
619 3420 990 3493 ἀναδραμόντι
1063 3427 1283 3488 πάντως
1328 3428 1464 3480 Θεοῦ
1519 3430 1715 3500 βουλη-

156 3503 313 3571 θέντος
357 3511 716 3582 ὲνετύχομεν,
768 3518 864 3568 καὶ
927 3516 1194 3586 μαθόντες
1230 3520 1363 3590 παρ’
1402 3522 1568 3575 αὑτοῦ
1615 3526 1715 3594 τὴν

156 3598 313 3655 αἰτίαν
335 3605 436 3671 τῆς
472 3606 807 3677 άναδρομῆς,
839 3612 935 3663 καὶ
966 3610 1042 3673 ὡς
1087 3618 1225 3682 προς
1255 3618 1322 3667 τά
1366 3613 1714 3687 Ἱεροσόλυμα

152 3693 234 3761 τὴν
284 3696 516 3766 πορνίαν
568 3702 825 3764 ποιεῖται,
866 3702 967 3772 τῆς
1003 3708 1231 3773 πορείας
1274 3709 1579 3779 ἐπέσχομεν
1613 3712 1713 3764 αύ-

153 3787 245 3851 τδν,
277 3790 517 3859 μάλιστα
567 3796 694 3864 περὶ
752 3796 851 3862 τῆς
902 3798 1177 3871 ὑμετέρας
1210 3802 1411 3871 ἀρετῆς
1448 3803 1716 3872 ἀπαγγεί-

152 3877 315 3943 λαντος
370 3887 507 3955 ἡμῖν
550 3887 654 3940 ὅσα
713 3889 1056 3959 ἀπήγγειλε,
1117 3892 1214 3946 καὶ
1254 3896 1715 3967 προετρεψάμεθα

152 3972 290 4026 αὐτὸν
338 3977 690 4048 ἀποστρέψαι
749 3982 842 4033 καὶ
875 3980 1197 4053 διακονῆσαι
1244 3985 1417 4056 ταύτῃ
1449 3987 1608 4056 ἡμῶν
1645 3990 1712 4059 τῇ

152 4071 289 4140 χρεία
312 4085 325 4098 ·
357 4071 417 4122 ὃν
436 4073 533 4123 καὶ
562 4072 649 4125 διὰ
678 4073 772 4125 τοῦ
801 4075 1135 4145 γράμματος
1183 4077 1277 4130 καὶ
1310 4078 1391 4131 ἔτι
1445 4079 1712 4132 συνιστώ-

155 4158 239 4225 μέν
286 4178 389 4222 σοι,
427 4164 526 4215 καὶ
572 4167 997 4235 προτρεπόμεθα
1032 4168 1107 4238 μὴ
1158 4168 1387 4237 ὀκνῆσαι
1433 4172 1568 4239 πρὸς
1615 4172 1715 4241 τὴν

160 4250 359 4325 Ῥώμην
410 4255 691 4326 διαϐῆναι,
741 4258 834 4310 καὶ
900 4260 1201 4312 σπουδάσαι
1244 4261 1397 4323 τέλος
1440 4261 1645 4326 λαϐεῖν,
1682 4262 1717 4317 ἃ

154 4343 216 4413 τῷ
269 4349 681 4419 μακαριωτάτῳ
735 4351 900 4421 Πάπᾳ
949 4352 1047 4404 καὶ
1105 4352 1322 4423 ἀδελφῷ
1382 4355 1540 4424 ἡμῶν
1590 4356 1617 4408 ὃ
1657 4374 1716 4409 τε

153 4437 480 4507 φιλόχριστος
527 4438 784 4509 βασιλεὺς
814 4441 974 4510 ἡμῶν
1004 4446 1102 4495 καὶ
1131 4443 1276 4509 υἱὸς;
1296 4445 1389 4497 καὶ
1417 4445 1450 4512 ἡ
1473 4446 1716 4516 ἡμετέρα

154 4528 337 4599 ἔγραψε
381 4531 701 4601 μετριότης.

718 4646 844 4702 κε’.
885 4648 1139 4716 maluo.

212 4783 271 4833 ’Δ
302 4785 595 4852 γράφομεν
619 4786 683 4853 τῇ
730 4784 1007 4855 τιμιότητί
1052 4801 1168 4850 σου,
1214 4786 1439 4856 οἴδαμεν
1473 4788 1555 4841 ὅτι
1583 4804 1707 4839 συν.

157 4872 249 4925 (ut
308 4877 694 4946 κοσμούμενος
745 4880 802 4929 ἐν
848 4877 1062 4948 σεαυτῴ
1104 4879 1511 4947 περιστρέφεις.
1548 4881 1715 4933 Οὐδὲν

155 4969 244 5037 γὰρ
278 4970 422 5024 οὕτω
484 4972 754 5034 συνέσεως
808 4971 1120 5041 γνώρισμα,
1149 4972 1221 5035 ὡς
1263 4972 1323 5025 τὺ
1358 4974 1445 5025 άεὶ
1482 4975 1715 5044 μελετᾷν

154 5061 236 5112 ὅσα
288 5065 551 5117 ἑκάστοτε
606 5065 703 5116 καὶ
766 5063 889 5116 καθ’
934 5065 1065 5132 ὃλην
1095 5066 1252 5135 ἡμῶν
1287 5066 1712 5135 διαπράττομεν.

162 5154 215 5207 'H
245 5157 349 5227 γὰρ
381 5158 614 5225 τοιαύτη
648 5158 851 5227 μελέτη
884 5156 1323 5227 άσφαλεστέρους
1356 5160 1505 5227 ἡμᾶς
1534 5176 1717 5230 παρα-

158 5250 421 5312 σκευάζει’
455 5248 554 5301 καὶ
584 5243 660 5301 ὧν
695 5249 793 5317 μὲν
828 5249 880 5300 εἰ
906 5266 957 5300 τι
994 5249 1146 5320 παρὰ
1179 5249 1242 5301 τὸ
1268 5250 1412 5312 είκὸς
1438 5251 1710 5321 ἐπράχθη,

156 5339 412 5412 Emunxij
478 5342 619 5409 πρὸς
675 5340 1087 5410 ἐπανόρθωσιν·
1142 5342 1197 5393 el
1234 5358 1286 5393 τι
1336 5342 1391 5395 δὲ
1450 5342 1712 5411 χρηστὸν,

158 5434 593 5505 σπουδαιοτέρους
622 5434 760 5504 πρδς
810 5434 910 5501 τὴν
958 5434 1150 5486 τούτου
1186 5435 1450 5502 ἐργασίαν
1481 5437 1707 5489 ποιοῖτο.

159 5518 296 5587 Οἶδας
349 5526 377 5579 ὃ
417 5525 589 5593 λέγω.
648 5527 839 5579 τέκνον
891 5526 1045 5593 ἐμὸν,
1080 5527 1219 5596 πλὴν
1255 5528 1347 5579 καὶ
1379 5529 1405 5579 ό
1444 5528 1712 5597 ἡμέτερος

160 5614 289 5680 λόγος
341 5617 645 5682 άναπτύξει
692 5618 844 5671 αὑτό.
872 5617 1124 5686 Ἐγένετό
1160 5634 1242 5681 τις
1273 5619 1331 5670 ἐν
1360 5622 1473 5681 τοῖς
1509 5618 1710 5689 προλα-

160 5704 290 5760 ϐοῦσι
335 5712 555 5779 καιροῖς
608 5710 842 5782 ὲπήρεια
896 5709 1018 5762 καθ’
1060 5710 1219 5780 ἡμῶν
1268 5710 1569 5779 (αἰτιᾶσθαι
1609 5710 1710 5779 μὲν

162 5799 209 5849 οὔ
268 5800 529 5871 βούλομαι
577 5803 751 5867 τινάς,
777 5802 913 5856 ἀλλά
958 5808 1051 5857 καὶ
1092 5803 1468 5874 παραιτοῦμαι
1511 5804 1602 5856 τὸν
1628 5802 1709 5855 δί-

166 5908 291 5947 καιον
348 5896 567 5966 κριτὴν,
626 5895 748 5972 μηδ’
804 5896 964 5954 αὑτὸν
1011 5898 1307 5971 ἀπαιτῆσαι
1341 5898 1437 5962 τὰς
1480 5897 1708 5963 εὐθύνας

1819 3418 1946 3471 inde
1973 3417 2221 3471 redeunti
2271 3415 2361 3470 Dci
2415 3416 2698 3471 voluntate
2729 3414 3113 3479 occurrimus;
3169 3422 3223 3465 et
3272 3427 3399 3465 cum

1818 3509 1887 3563 ab
1914 3524 1978 3563 eo
2004 3508 2354 3564 didicerimus
2386 3510 2592 3564 reditus
2620 3522 2841 3562 causam
2871 3520 2926 3561 et
2958 3505 3109 3559 illum
3144 3503 3210 3557 ad
3242 3503 3401 3558 Jero«

1818 3604 2078 3673 solymam
2107 3618 2353 3672 pergere,
2393 3603 2461 3656 ab
2495 3602 2694 3655 itinere
2722 3616 2845 3655 eum
2878 3599 3236 3665 detinuimus,
3265 3615 3403 3669 pra:-

1818 3695 2003 3749 sertitn
2051 3708 2175 3748 cum
2212 3696 2277 3749 de
2306 3703 2485 3748 vestra
2533 3693 2735 3747 virtute
2774 3692 3116 3747 annnntiavit
3144 3706 3265 3758 quae
3297 3706 3401 3743 an-

1819 3789 2098 3842 nuntiavit
2145 3798 2197 3842 ct
2252 3788 2453 3841 hortati
2509 3802 2701 3841 sumus
2757 3800 2787 3839 a
2839 3785 2927 3838 via
2976 3782 3287 3847 deﬂectere,
3331 3782 3410 3837 adt

1819 3882 1977 3937 nobis
2030 3882 2438 3935 inserviendum
2487 3902 2498 3936 :
2560 3895 2683 3935 eum
2744 3881 2922 3934 adhuc
2954 3894 3049 3948 per
3082 3878 3223 3930 hanc
3256 3891 3401 3946 epts~

1820 3975 1983 4028 tolam
2038 3974 2131 4029 tibi
2178 3974 2650 4037 connncndamus,
2717 3983 2771 4027 et
2823 3974 3108 4026 hortamur
3169 3969 3402 4023 Romam

1818 4066 2011 4122 sedulo
2057 4066 2244 4130 adeas,
2293 4076 2347 4120 et
2405 4068 2469 4120 ad
2524 4066 2578 4120 id
2630 4067 2916 4121 incumbas
2957 4074 3015 4117 nt
3060 4063 3218 4117 finem
3252 4062 3400 4116 acci-

1818 4160 1967 4228 piant
2009 4174 2131 4227 quae
2173 4157 2490 4213 beatissimo
2528 4157 2686 4227 Papm
2732 4166 2786 4212 et.
2834 4155 2989 4210 fratri
3041 4163 3230 4209 nostro
3281 4163 3404 4207 tum

1818 4250 2324 4306 Christianissimus
2373 4253 2669 4320 imperator
2710 4258 2894 4305 noster
2949 4258 3002 4303 et
3052 4247 3216 4312 lilius,
3272 4255 3407 4304 tunc:

1821 4356 2004 4402 nostra
2037 4347 2257 4416 srripsit
2287 4346 2589 4401 humilitas.

2412 4652 2525 4707 LV.
2568 4650 2800 4706 Incerto.

1886 4799 2016 4865 Quae
2046 4806 2149 4852 ture
2178 4795 2469 4851 scribimus
2498 4793 2812 4847 reverentia:
2838 4790 3041 4845 scitnns
3072 4799 3146 4852 te,
3182 4804 3280 4859 pro
3303 4798 3399 4843 tua

1812 4906 1915 4960 qua
1949 4888 2163 4941 ornaris
2200 4884 2577 4947 intelligentia,
2612 4884 2664 4937 in
2713 4893 2765 4937 te
2797 4884 2914 4951 ipso
2951 4882 3190 4935 volvere.
3249 4879 3401 4935 Nihil

1813 4980 1953 5035 enim
1985 4988 2069 5033 est
2093 4975 2275 5044 majus
2313 4973 2685 5043 intelligentiae
2722 4973 3009 5037 indicium,
3039 4988 3201 5041 quam
3234 4972 3300 5025 ad
3334 4986 3399 5025 ea

1814 5071 1993 5125 omnia
2024 5083 2145 5139 quae
2176 5069 2390 5139 agimus
2420 5066 2737 5136 singulatim
2772 5074 2825 5117 et
2859 5080 2953 5133 per
2986 5078 3149 5117 omne
3183 5078 3399 5131 tempus

1816 5164 2114 5215 attendere.
2158 5158 2283 5214 “me
2322 5159 2467 5213 enim
2522 5159 2692 5212 animi
2750 5158 2982 5211 attentio
3032 5158 3259 5210 tutiores
3298 5171 3402 5209 nos

1825 5254 1970 5318 facit,
2011 5263 2064 5307 et
2105 5255 2149 5309 si
2194 5252 2322 5321 quid
2367 5260 2558 5306 contra
2591 5263 2803 5306 rectum
2838 5249 3241 5321 egerimnshad
3275 5263 3374 5300 cur

1821 5346 2104 5416 rigcndum
2162 5360 2259 5398 nos
2309 5344 2516 5397 inducit
2569 5360 2584 5397 :
2640 5343 2683 5397 si
2738 5342 2867 5411 quid
2926 5353 3107 5395 autem
3170 5339 3399 5401 bonum,

1821 5437 2174 5493 studiosiores
2205 5436 2269 5489 ad
2305 5436 2451 5489 illius
2479 5435 2851 5504 operationem
2891 5431 3088 5487 reddit.

1892 5526 2099 5582 Novisti
2133 5542 2253 5597 quae
2295 5526 2444 5589 dico,
2480 5526 2551 5579 fili
2583 5526 2695 5590 mi,
2719 5525 2807 5580 sed
2846 5525 2975 5578 illud
3016 5535 3200 5577 nostra
3232 5521 3396 5576 verba

1819 5617 2088 5673 evolvent.
2156 5617 2317 5671 Facta
2380 5626 2465 5671 est
2518 5616 2764 5686 quaedam
2848 5615 2901 5669 in
2971 5613 3399 5684 praecedentibus

1823 5711 2157 5780 temporibus
2203 5711 2492 5765 adversum
2545 5725 2646 5764 nos
2693 5709 2995 5764 diﬂ'amatio
3051 5708 3174 5775 (nec
3203 5719 3397 5775 quem—

1823 5821 1987 5875 quam
2018 5804 2335 5859 insimularc
2363 5803 2621 5869 intendo;
2673 5802 2767 5858 sed
2814 5803 2975 5855 etiam
3019 5801 3224 5869 justum
3257 5796 3399 5867 judi-

1821 5911 1938 5955 cont
1974 5895 2233 5968 dcprccor
2269 5912 2333 5952 nc
2363 5895 2602 5954 ratione:
2637 5895 2753 5966 ipsc
2786 5893 3047 5965 exigatdc
3066 5888 3398 5949 diffamanti-
