4182 6428
733 409 841 471 255

1878 412 2189 472 NICOLAI
2230 413 2349 473 ΟΡ,
2390 411 2912 475 ΡᾹΤΒΙΑΗΟΙΙᾸΞ

3899 412 4013 473 956

734 525 859 589 bus)
892 520 1033 576 facta
1066 529 1147 577 est
1178 528 1360 575 tamen
1396 528 1548 584 tunc,
1579 530 1633 574 et
1666 519 1794 575 hinc
1820 533 2040 593 accepta
2073 524 2310 593 origine,

2437 519 2527 572 τῶν
2583 521 3049 589 ὲπηρεασάντωνο
3105 521 3247 591 πλὴν
3298 520 3565 589 ἐγένετο),
3606 520 3667 574 τὸ
3711 521 3811 590 μέν
3844 539 3896 575 τι
3931 527 4021 577 ἐν·

735 628 848 670 ιιιηι
879 623 932 668 et
965 629 1030 667 ex
1060 621 1244 667 Sancta
1282 610 1654 666 Romanorum
1692 613 1974 680 Ecclesia;
2020 626 2074 669 et
2103 616 2317 684 expuISt

733 705 942 760 fuimus
1007 704 1251 757 Ecclesia
1304 713 1526 769 nostra,
1565 720 1689 758 cum
1730 706 1860 759 nihi'
1897 707 2320 776 deliquissemus

735 799 849 853 sive
873 804 1061 851 contra
1097 793 1467 847 Romanorum
1500 795 1819 854 Ecclesiam.
1853 797 1969 851 sive
2008 808 2194 853 contra
2226 814 2319 854 eos

734 892 826 960 qui
873 890 957 942 hic
988 898 1138 952 sunt,
1188 887 1315 940 licet
1340 902 1521 940 coram
1564 888 1674 942 Deo
1725 890 2095 944 indesinenter
2123 905 2319 960 pecca-

742 997 885 1035 mus.
926 980 990 1033 lit
1021 997 1083 1034 ex
1120 981 1219 1033 hac
1269 994 1433 1033 causa
1502 981 1822 1049 prodierunt
1866 983 2145 1049 scandala,
2198 1000 2320 1052 quae

734 1072 1033 1127 secundum
1083 1073 1350 1125 humanas
1406 1088 1531 1142 spes
1589 1088 1806 1127 omnem
1838 1077 2108 1130 medelam
2161 1092 2319 1131 exce-

743 1164 953 1217 derent.
999 1163 1101 1216 Sed
1136 1164 1226 1232 qui
1269 1164 1542 1218 mirabilia
1577 1174 1840 1232 operatur
1885 1166 2052 1232 Deus,
2089 1176 2143 1223 et
2175 1183 2320 1224 nunc

734 1257 943 1321 statim,
1001 1266 1054 1309 et
1105 1271 1169 1309 eo
1221 1273 1331 1326 quo
1375 1258 1557 1312 nullus
1601 1259 1857 1327 sperabat
1903 1260 2090 1326 modo,
2138 1262 2321 1317 attulit

734 1348 1010 1402 scandalis
1058 1349 1391 1403 solutionem
1447 1357 1502 1402 et
1556 1348 1608 1402 in
1668 1352 2123 1421 tranquillitatem
2183 1370 2319 1408 cou-

735 1440 896 1493 vertit
938 1442 1230 1509 procellam
1287 1456 1406 1507 qua:
1456 1441 1689 1510 nosjam
1724 1458 1754 1495 a
1805 1443 2115 1510 quindecim
2162 1445 2321 1500 annis

734 1531 1087 1585 vehementer
1130 1533 1467 1602 exagitabat.
1529 1530 1597 1584 Et
1647 1532 1876 1601 gratiam
1923 1532 2214 1591 referimus
2266 1545 2321 1591 et

734 1620 976 1673 debitam
1028 1620 1255 1689 gloriam
1305 1620 1635 1676 benefactori
1686 1622 1753 1676 de
1803 1631 2007 1678 nostrm
2062 1623 2321 1682 Ecclesiae

734 1714 1159 1770 rcstaurationc.

809 1902 1195 1957 Desideramus
1226 1910 1407 1957 autem
1444 1912 1496 1958 et
1529 1904 1808 1974 antiquam
1839 1907 2122 1961 vobiscum
2156 1910 2317 1965 unio-

737 2011 883 2060 nem,
920 2003 973 2049 et
1009 2004 1295 2064 propterea
1327 1997 1482 2050 vobis
1518 1999 1828 2065 scribimus,
1875 2009 1986 2054 tum
2035 2001 2102 2058 de
2132 2013 2318 2057 nostra

740 2086 1133 2141 constitutione
1204 2086 1379 2141 lanista
1451 2088 1788 2153 nuntiantes,
1849 2099 1963 2143 tum
2040 2092 2320 2150 trahentes

743 2194 839 2233 vos
872 2180 938 2233 ad
993 2179 1285 2233 fraternam
1337 2180 1682 2235 dilectionem
1720 2191 1776 2237 et
1824 2185 2161 2241 societatem.
2207 2185 2321 2242 Hoc

738 2281 919 2327 autem
976 2271 1135 2325 facile
1184 2272 1293 2334 lict,
1340 2273 1501 2327 modo
1559 2274 1761 2329 velitis.
1824 2276 2121 2332 Dicendum
2176 2280 2318 2334 enim

739 2365 1082 2419 solummodo
1119 2382 1181 2419 ca
1212 2382 1333 2435 qua:
1362 2368 1518 2422 nobis
1550 2376 1857 2423 evenerunt
1903 2370 2047 2425 circa
2098 2382 2321 2441 quartas

740 2459 988 2528 nuptias,
1026 2468 1249 2528 propter
1286 2460 1719 2528 eompassionem
1755 2477 1881 2531 erga
1932 2463 2320 2533 imperatorem

740 2552 883 2607 facta
914 2551 1103 2618 fuisse,
1142 2568 1248 2605 non
1288 2562 1471 2605 autem
1502 2553 1805 2608 secundum
1841 2554 1892 2608 id
1924 2557 2066 2623 quod
2098 2559 2325 2612 decebat

739 2644 1039 2699 licelesiam
1073 2652 1123 2695 et
1153 2644 1474 2713 gravitatem
1512 2646 1813 2701 Christiani
1863 2647 2166 2718 regiminis.
2204 2650 2321 2705 Nan

738 2737 882 2790 cnim
947 2736 1090 2791 istud
1149 2736 1374 2806 dignum
1444 2738 1825 2794 Romanorum
1881 2741 2127 2796 Ecclesia
2180 2743 2321 2798 viam

739 2830 951 2885 scilicet
994 2831 1209 2899 aperire
1243 2818 1457 2900 quartis
1489 2832 1716 2899 nuptiis,
1765 2840 1819 2885 ct
1854 2833 2133 2887 licentiam
2188 2851 2327 2904 pra:-

741 2926 870 2978 hcre
904 2923 971 2981 iis
1005 2923 1097 2992 qui
1136 2923 1446 2993 polygamia
1480 2925 1645 2977 vitam
1680 2926 1969 3003 pecuinam
2020 2942 2183 2997 agere
2228 2945 2325 2983 vo-

741 3020 881 3069 lunt.
925 3016 1117 3085 Igitur,
1166 3024 1225 3069 ut
1259 3016 1461 3070 dictum
1507 3026 1612 3080 est,
1662 3028 1883 3087 propter
1915 3022 2051 3074 hanc
2080 3036 2324 3083 causam,

742 3116 959 3176 quarta:
999 3106 1216 3175 quidem
1272 3109 1477 3177 nuptia:
1528 3109 1897 3176 damnantur;
1951 3112 2095 3180 quod
2144 3122 2326 3166 autem

2423 610 2612 663 τεῦθεν
2653 611 2891 665 λαϐοῦσα
2924 612 3022 681 τὴν
3049 612 3328 682 ἀφορμὴν,
3348 612 3409 664 τὸ
3437 612 3494 665 δι
3518 614 3611 665 καὶ
3633 614 3697 665 ἐκ
3727 615 3825 681 τῆς
3856 615 4023 680 άγτας

2422 701 2531 754 τῶν
2591 702 2883 772 Ῥωμαίων
2932 704 3287 773 Ἐκκλησίας,
3329 704 3425 755 καὶ
3480 702 3855 773 ἀπηλάθημεν
3920 708 4024 774 τῆς

2436 793 2762 864 Ἐκκλησίας
2798 796 2979 866 ἡμῶν,
3013 797 3168 849 οὐδὲν
3194 795 3319 849 οὔτε
3348 799 3413 866 τῇ
3450 796 3741 866 Ῥωμαίων
3762 799 4026 851 πταίσαν-

2421 904 2514 949 τες
2542 886 2864 959 Ἐκκλησία,
2917 887 3043 941 οὔτε
3105 891 3219 951 τοῖς
3246 888 3511 952 ἐνταῦθα,
3544 891 3593 942 εί
3628 893 3723 942 καὶ
3756 891 3892 960 πρὸς
3930 891 4026 943 τὸν

2423 980 2559 1033 Θεὸν
2582 966 2851 1050 διηνεκῶς
2885 981 3277 1051 ἁμαρτάνομεν
3301 1022 3314 1034 .
3361 982 3473 1035 Καὶ
3516 982 3719 1051 συνέϐη
3746 984 4021 1037 σκάνδαλα

2422 1075 2487 1126 ἐκ
2519 1074 2618 1143 τῆς
2668 1073 2848 1133 αἰτίας
2892 1076 3120 1145 ταύτης,
3160 1077 3286 1128 ὅσον
3325 1076 3406 1139 είς
3435 1075 3743 1147 ἀνθρώπων
3775 1078 4026 1148 ὑπῆρχεν

2424 1166 2668 1230 ἐλπίδας,
2709 1168 2891 1219 πᾶσαν
2921 1168 3161 1220 νικῶντα
3220 1168 3551 1238 θεραπείαν.
3577 1167 3724 1221 Ἀλλ’
3768 1171 3795 1221 ὁ
3838 1171 4027 1238 παράσ

2422 1259 2549 1324 δοξα
2585 1259 2755 1314 ποιῶν
2776 1260 2910 1323 Θεὸς
2938 1261 3150 1322 ἐκεῖνος
3181 1261 3276 1318 καὶ
3317 1260 3413 1313 νῦν
3446 1261 3667 1330 ἀθρόον,
3698 1261 3794 1314 καὶ
3819 1261 3894 1322 ὡς
3923 1262 4028 1315 οὐκ

2422 1350 2489 1404 ἄν
2516 1367 2600 1413 τις
2636 1349 2867 1419 ἧλπισεν
2893 1351 3171 1421 ἐπήνεγκε
3204 1350 3315 1403 τῶν
3361 1352 3685 1405 σκανδάλων
3722 1351 3824 1419 τὴν
3846 1352 4023 1416 λύσιν,

2426 1442 2520 1495 καὶ
2560 1443 2660 1512 τὴν
2708 1444 2958 1511 ταραχὴν
3029 1445 3369 1513 μετήνεγκεν
3429 1445 3513 1506 είς
3574 1444 3843 1514 γαλήνην,
3913 1444 4027 1496 ίδοῦ

2425 1533 2922 1589 πεντεκαιδέκατον
2956 1535 3075 1600 ἔτος
3124 1536 3381 1607 χαλεπῶς
3407 1538 3556 1607 ἡμᾶς
3585 1538 3978 1607 ἑκταράξασαν
4009 1554 4023 1567 ο

2427 1627 2520 1681 καὶ
2545 1628 2709 1698 χάριν
2736 1628 2837 1696 μὲν
2859 1628 3210 1699 άναφέρομεν
3230 1629 3309 1699 τῷ
3331 1630 3603 1703 εὐεργέτῃ
3635 1631 3727 1682 καὶ
3746 1632 3848 1700 τὴν
3875 1630 4029 1697 ὀφειυ

2424 1720 2658 1791 λομένην
2690 1720 2852 1786 δόξαν
2891 1722 2987 1774 ἐπὶ
3041 1723 3105 1793 τῇ
3164 1721 3501 1776 καταστάσει
3550 1724 3653 1792 τῆς
3701 1722 3825 1776 καθ’
3870 1725 4027 1792 ἡμᾶς

2437 1811 2786 1882 Ἐκκλησίας.

2498 1906 2904 1976 Ἐπιποθοῦμεν
2962 1908 3020 1960 δὲ
3076 1907 3171 1960 καὶ
3228 1906 3329 1975 τὴν
3391 1906 3514 1976 μεθ’
3574 1906 3735 1975 ὑμῶν
3786 1909 4031 1978 ἀρχαίαν

2427 1994 2639 2058 ἕνωσιν,
2668 1998 2763 2051 καὶ
2793 1998 2879 2050 διὰ
2912 1997 3071 2051 τοῦτο
3112 1998 3402 2069 γράφομεν
3434 2000 3583 2068 ὑμῖν,
3617 1998 3733 2067 ἅμα
3764 2000 3862 2067 μὲν
3894 2018 3959 2051 πε
3974 2003 4031 2067 p‘.

2426 2086 2528 2155 τῆς
2557 2088 2713 2157 ἡμῶν
2738 2090 3132 2151 καταστάσεως
3169 2088 3489 2156 εὐαγγέλια,
3523 2089 3641 2158 ἆμα
3666 2089 3723 2142 δὲ
3750 2090 3846 2141 καὶ
3876 2090 4029 2159 ὑμᾶς

2427 2181 2679 2245 ἕλκοντες
2720 2182 2859 2251 πρὸς
2899 2182 3000 2251 τὴν
3047 2181 3348 2251 ἀδελφικὴν
3409 2181 3632 2250 ἀγάπην
3666 2198 3727 2233 τε
3765 2181 3859 2233 καὶ
3896 2198 4032 2234 συν·

2430 2274 2651 2342 ἀφειαν.
2713 2272 2887 2326 Τοῦτο
2934 2274 2992 2326 δὲ
3050 2274 3346 2343 γενήσεται
3420 2274 3621 2344 ῥᾳδίως
3674 2274 4031 2343 βουπομένων

2430 2365 2609 2434 ὑμῶν.
2658 2365 2936 2430 Ἐξειπεῖν
2978 2366 3088 2437 γάρ
3135 2367 3218 2420 δεῖ
3250 2367 3412 2435 μόνον
3460 2368 3536 2430 ὡς
3573 2368 3641 2420 τά
3679 2368 4032 2437 γεγενημένα

2429 2459 2565 2528 ἡμῖν
2590 2458 2721 2529 περὶ
2754 2457 2849 2511 τοῦ
2899 2460 3169 2530 τετάρτου
3199 2458 3406 2529 γάμου,
3444 2458 3633 2511 ἕνεκεν
3676 2459 3777 2527 τῆς
3813 2460 4037 2527 βασιλι-

2432 2552 2533 2622 κῆς
2566 2551 2919 2620 συμπαθείας
2949 2551 3225 2622 ἐπράχθη,
3256 2554 3354 2604 καὶ
3397 2552 3458 2604 οὐ
3488 2552 3629 2605 κατά
3658 2552 3719 2606 τὸ
3745 2556 4033 2623 προσῆκον

2430 2647 2497 2716 τῇ
2536 2644 2842 2715 ,Εκκλησίᾳ
2889 2644 2982 2697 καὶ
3029 2646 3094 2714 τῇ
3148 2645 3440 2714 σεμνότητι
3486 2644 3590 2713 τῆς
3627 2646 4035 2715 Χριστιανικῆς

2434 2736 2733 2799 πολιτείας.
2766 2737 2903 2791 Οὐδὲ
2936 2736 3046 2808 γὰρ
3067 2736 3217 2803 ἄξιον
3248 2736 3408 2790 τοῦτο
3434 2738 3534 2805 τῆς
3574 2736 3865 2803 Ῥωμαίων
3897 2738 4035 2791 Ἐκ-

2434 2827 2665 2898 κλησίας
2696 2826 2882 2898 χώραν
2946 2828 3265 2895 ὑπανοίγειν
3311 2827 3389 2898 τῷ
3418 2829 3669 2897 τετάρτῳ
3700 2828 3889 2899 γάμῳ,
3934 2832 4036 2883 καὶ

2436 2921 2706 2992 παρέχειν
2758 2920 3072 2990 ἐπιτροπὴν
3131 2922 3245 2980 τοῖς
3304 2920 3653 2989 βουλομένοις
3708 2920 4037 2992 πολυγαμίᾳ

2435 3012 2574 3083 πρὸς
2602 3012 2695 3065 τὸν
2725 3011 2977 3081 κτηνώδη
3018 3011 3131 3080 βίον
3162 3010 3496 3077 ὑπάγεσθαι.
3535 3009 3625 3071 Ὠς
3662 3004 3756 3061 οὖν
3788 3010 4035 3079 εἴρηται.

2436 3105 2523 3159 διὰ
2546 3104 2867 3174 ταύτηντὴν
2893 3103 3097 3167 αἰτίαν,
3125 3105 3152 3155 ὁ
3179 3103 3280 3172 μὲν
3298 3103 3556 3171 τέταρτος
3583 3098 4040 3170 ἀποκηρυχθήτω

745 3201 945 3253 factum
980 3208 1085 3260 est,
1134 3200 1487 3268 indulgentia:
1518 3202 1863 3270 imperatoris
1893 3207 2329 3267 commendetur,

2437 3196 2639 3266 γάμος,
2692 3194 2753 3246 τὸ
2807 3194 2864 3246 δὲ
2892 3192 3140 3263 πραχθὲν
3172 3191 3311 3262 πρὸς
3359 3189 3456 3260 τὴν
3489 3190 3780 3261 βασιλικὴν
3816 3191 4039 3255 ἀναφε-

743 3302 797 3344 ct
830 3292 897 3343 de
924 3302 1143 3354 cancro,
1183 3291 1276 3345 Dei
1308 3296 1481 3363 gratia
1518 3295 1915 3365 conjungamqr
1947 3297 2092 3349 sicut
2122 3313 2148 3349 a
2188 3299 2336 3365 prin—

745 3384 913 3451 cipio,
952 3399 1053 3437 nec
1083 3384 1319 3452 amplius
1347 3384 1499 3439 locus
1533 3386 1637 3437 erit
1668 3386 1763 3437 ulli
1816 3387 1885 3439 ab
1934 3387 2163 3441 invicem
2201 3388 2337 3442 divi-

745 3475 911 3528 sioni.
948 3474 1053 3529 Sed
1104 3486 1158 3529 et
1204 3475 1570 3545 apocrisiarii,
1619 3477 1775 3545 juxta
1829 3488 2065 3532 veterem
2104 3494 2334 3543 morem,

748 3568 874 3621 inde
903 3568 970 3621 ad
1012 3583 1111 3622 nos
1160 3576 1213 3621 et
1240 3568 1366 3623 hinc
1418 3568 1482 3621 ad
1531 3583 1627 3623 vos
1669 3580 1930 3638 perpetuo
1986 3580 2338 3625 transeuntes

749 3668 927 3719 erunt,
956 3668 1008 3713 rt
1042 3659 1223 3713 debita
1257 3659 1547 3714 dilectione
1567 3671 1618 3714 et
1664 3661 2036 3716 familiaritate
2067 3661 2335 3725 fruemur,

754 3761 809 3804 at
867 3759 1062 3820 prater
1116 3753 1229 3806 ha'c
1273 3753 1455 3806 omnia
1503 3754 1645 3808 sacri
1704 3754 1947 3807 nominis
2002 3753 2337 3809 sanctissimi

759 3842 918 3912 Papae
957 3843 1331 3912 pronuntiatio
1362 3859 1485 3898 cum
1523 3855 1710 3900 nostra
1742 3846 1929 3899 humili
1962 3847 2250 3901 vocatione
2286 3848 2338 3900 in

757 3934 929 3990 sacris
994 3935 1269 4005 diptychis
1308 3936 1659 4005 perficietur;
1733 3948 1787 3992 et
1836 3939 2180 4008 simpliciter,
2230 3954 2340 3994 uno

755 4042 943 4092 sensu,
985 4042 1092 4081 una
1123 4036 1324 4091 mente,
1364 4044 1476 4083 uno
1517 4029 1737 4098 spiritu,
1786 4031 1931 4099 quod
1965 4033 2340 4101 gratissimum

755 4128 841 4173 cst
891 4119 1019 4183 Deo,
1075 4121 1338 4174 vivemus.
1404 4121 1473 4175 Et
1513 4121 1628 4177 hinc
1680 4116 1902 4192 quidem
1942 4139 2065 4188 nos,
2116 4124 2189 4178 lili
2243 4124 2339 4188 tui,

757 4212 1073 4275 scribimus,
1106 4211 1481 4267 desiderantes
1510 4214 1560 4266 in
1589 4212 1698 4267 Deo
1724 4221 1956 4268 vestram
1991 4216 2339 4269 dilectionem

760 4304 853 4357 sed
911 4305 1041 4358 nihil
1093 4319 1282 4358 eorum
1336 4305 1539 4374 quibus
1582 4306 1765 4361 amicti
1809 4303 2002 4361 Sumus
2053 4307 2120 4363 de
2153 4318 2342 4363 sancta

767 4396 1139 4453 Romanorum
1173 4399 1437 4454 Ecclesia.

1128 4721 1262 4777 LVI.
1308 4721 1468 4790 Papw
1504 4721 1736 4788 antiqua:
1774 4719 1974 4776 Rontw.

834 4862 987 4931 Schc
1021 4876 1124 4914 non
1166 4869 1272 4913 tam
1306 4876 1401 4929 per
1439 4860 1648 4913 litteras
1686 4874 1848 4929 quam
1883 4873 1976 4927 per
2013 4860 2280 4914 viroshuc
2310 4875 2341 4914 a

761 4965 941 5010 vestra
996 4953 1166 5007 Roma
1230 4953 1585 5007 devenientes
1648 4954 1762 5006 sive
1826 4954 2163 5018 monachus,
2226 4955 2342 5009 sive

763 5047 1135 5107 clericos,sivc
1167 5045 1328 5098 etiam
1365 5043 1555 5104 laicus,
1586 5056 1686 5095 vos
1716 5038 2123 5106 admonuirnus,
2156 5056 2344 5095 sacra-

767 5140 978 5194 tissime
1009 5136 1193 5199 l‘rater,
1233 5147 1292 5190 ut
1332 5152 1360 5190 a
1388 5136 1544 5190 vobis
1574 5135 1733 5204 legati
1785 5135 1873 5189 hic
1925 5135 2201 5202 adessent,
2250 5135 2341 5198 qui

768 5234 1053 5289 nobiscum
1088 5239 1142 5285 et
1172 5246 1295 5285 cum
1324 5241 1435 5284 t0ta
1472 5237 1660 5283 nostra
1693 5226 1959 5292 Ecclesia,
2007 5244 2129 5297 quae
2175 5231 2227 5282 in
2282 5244 2344 5282 ea

767 5334 1069 5379 evenerunt
1124 5323 1335 5394 (nescio
1395 5319 1672 5390 quomodo
1720 5320 1928 5385 dicam;
1986 5320 2158 5374 satius
2198 5322 2343 5374 enim

770 5418 991 5472 silentio
1023 5416 1118 5485 uti)
1150 5414 1384 5469 dolenda
1425 5411 1708 5476 scandala,
1762 5412 1959 5481 partim
2000 5411 2128 5465 hinc
2174 5412 2346 5480 origi-

774 5525 896 5563 nem
930 5507 1211 5569 habentia,
1245 5505 1443 5576 partim
1482 5514 1536 5559 et
1564 5520 1630 5558 ex
1669 5503 1753 5557 his
1779 5503 1870 5572 qui
1909 5504 2102 5573 primis
2146 5502 2347 5558 liouia-

774 5618 969 5656 norum
1033 5601 1291 5656 Ecclesia:
1341 5599 1562 5655 sedibus
1605 5606 1877 5665 praesunt,
1934 5613 2056 5650 cum
2110 5612 2350 5665 superno

776 5693 1052 5761 adiutorio
1086 5695 1153 5749 de
1186 5692 1366 5747 medio
1396 5690 1669 5750 tollerent,
1715 5696 1769 5742 et
1810 5688 2047 5743 debitam
2084 5688 2351 5743 stabilita-

778 5798 886 5842 tem
918 5796 971 5842 et
1003 5787 1449 5857 tranquillitatem
1482 5782 1584 5853 ipsi
1613 5780 1979 5851 providerent.
2021 5780 2143 5835 Hice
2173 5790 2352 5835 autem

779 5897 923 5951 saepe
968 5880 1241 5937 notilicata
1275 5874 1803 5947 l'ucrunt.Et.ct-.jam
1847 5891 2023 5931 nonus
2060 5891 2233 5931 annus
2273 5885 2355 5931 cst

2444 3286 2622 3357 ρέσθω
2653 3286 3039 3353 συμπάθειαν,
3079 3284 3177 3337 καὶ
3202 3283 3265 3336 τὸ
3296 3283 3484 3335 λοιπὸν
3515 3281 3652 3334 Θεοῦ
3680 3282 3863 3352 χάριτι
3900 3296 4039 3331 συν-

2439 3377 2776 3447 απτώμεθα,
2811 3374 3111 3449 καθὼςῆάπ⁹
3135 3375 3333 3444 ἀρχῆς,
3363 3376 3458 3427 καὶ
3488 3373 3677 3426 οὐκέτι
3707 3373 3817 3439 ἕξει
3844 3371 4042 3443 χώραν

2440 3472 2562 3541 me
2589 3469 2841 3539 ἀλλήλων
2881 3468 3185 3530 διάστασις.
3240 3467 3404 3519 Ἀλλὰ
3455 3468 3548 3519 καὶ
3612 3465 4037 3536 αποκρισιάριοι

2440 3567 2582 3620 κατὰ
2642 3565 2704 3618 τὸ
2762 3566 2997 3635 ἀρχαῖον
3036 3564 3155 3626 ἔθος
3191 3564 3423 3616 αὐτόθεν
3464 3581 3523 3615 τε
3560 3564 3698 3634 πρὸς
3734 3563 3902 3631 ἡμᾶς,
3935 3563 4039 3615 καὶ

2441 3656 2579 3726 πρὸς
2616 3655 2762 3725 ὑμᾶς
2825 3657 2890 3707 ὲκ
2939 3653 3051 3706 τῶν
3108 3652 3347 3706 ἐνταῦθα
3380 3653 3622 3723 συνεχῶς
3661 3651 4040 3716 διαϐαίνοντες

2441 3749 2678 3813 ἔσονται,
2730 3748 2826 3802 καὶ
2875 3751 2972 3815 τῆς
3030 3744 3395 3814 ὀφειλομένης
3425 3745 3649 3811 ἀγάπης
3686 3742 3779 3794 καὶ
3809 3742 4043 3810 ὁμιλίας

2443 3842 2677 3913 ἐσόμεθα
2714 3839 3136 3913 ἀπολαύοντες.
3189 3837 3302 3890 Καὶ
3358 3836 3454 3889 ἐπὶ
3513 3834 3727 3896 τούτοις
3758 3835 3891 3887 πᾶσι
3936 3834 4042 3886 τοῦ

2444 3936 2593 4005 ἱεροῦ
2623 3934 2954 4005 ὀνόματοςή
2986 3930 3323 4001 ἀνακήρυξις
3370 3928 3465 3981 τοῦ
3518 3930 3822 3997 ἀγιωτάτου
3870 3926 4045 3979 Urina.

2447 4028 2587 4099 μετά
2644 4026 2746 4095 τῆς
2796 4025 2956 4095 ήμῶν
2994 4022 3483 4091 τεταπεινωμένης
3529 4022 3778 4089 κλήσεως
3828 4020 3885 4072 ἐν
3918 4022 4043 4082 τοῖς

2446 4119 2615 4189 ἱεροῖς
2675 4118 2955 4186 διπτύχοις
2999 4113 3500 4183 ὲκτελεσθήσεταιο
3562 4112 3658 4164 καὶ
3702 4110 3895 4173 ἁπλῶς
3954 4112 4045 4163 ἐνὶ

2446 4212 2782 4283 φρονήματι,
2812 4211 2910 4263 καὶ
2937 4211 3036 4279 μιᾷ
3060 4207 3278 4280 γνώμῃ.
3327 4209 3422 4259 καὶ
3456 4207 3537 4258 ένὶ
3568 4204 3863 4274 πνεύματι,
3893 4203 4044 4272 ὅπερ

2444 4304 2564 4357 ἐστὶ
2612 4301 2731 4378 Θεῷ
2785 4301 3119 4370 εὐάρεστονι
3166 4297 3573 4367 διαϐιώσωμεν.
3644 4296 3833 4365 Ἡμεῖς
3906 4293 4045 4363 μὲν,

2445 4397 2639 4449 τέκνον
2672 4394 2852 4465 ἡμῶν,
2884 4393 3059 4446 ταῦτα
3089 4394 3375 4463 γράφομεν
3419 4392 3477 4441 ὲν
3512 4390 3700 4458 Κυρίῳ
3728 4388 3882 4458 ὑμῶν
3911 4391 4048 4442 ὲπι-

2451 4490 2741 4559 ζητοῦντες
2773 4488 3017 4557 ἀγάπην,
3043 4486 3178 4556 μηδέ
3211 4478 3353 4537 τιῶν
3380 4483 3733 4553 ὲλυπήθημεν
3758 4483 3909 4550 παρά
3937 4483 4049 4553 τῆς

2376 4565 2420 4619 ι)
2450 4583 2612 4651 ἁγίας
2632 4581 2744 4633 τῶν
2782 4578 3075 4649 Ῥωμαίων
3103 4577 3459 4645 Ἐκκλησίας.

2556 4715 2699 4782 NCT.
2742 4713 2825 4778 Τῷ
2875 4711 3044 4781 acim;
3087 4711 3199 4781 τῆς
3226 4712 3637 4780 πρεσϐυτέρας
3683 4711 3927 4782 Ῥώμης.

2517 4850 2809 4912 Πολλάκις,
2838 4851 2886 4901 εί
2918 4849 3013 4902 καὶ
3038 4850 3113 4918 μὴ
3147 4848 3236 4900 διὰ
3256 4848 3627 4917 γραμμάτων,
3647 4848 3783 4900 ἀλλά
3813 4848 3901 4900 διὰ
3926 4850 4052 4903 τῶν

2446 4946 2510 4996 ἐκ
2566 4942 2667 5013 τῆς
2717 4942 2998 5011 ὑμετέρας
3061 4941 3280 5010 Ῥώμης
3328 4937 3569 4993 ἐνταῦθα
3616 4938 4054 4993 καταλαϐόντων

2447 5034 2681 5104 ἀνδρῶν,
2742 5034 2902 5086 τοῦτο
2957 5033 3056 5100 μὲν
3096 5032 3193 5084 καὶ
3232 5032 3598 5101 μοναζόντων,
3637 5030 3796 5083 τούτο
3833 5030 3889 5082 δὲ
3940 5034 4054 5085 καὶ

2451 5127 2769 5196 ἱερατικῶν,
2820 5127 2908 5177 ναὶ
2959 5125 3022 5193 δὴ
3088 5126 3184 5176 καὶ
3236 5125 3337 5190 τῆς
3406 5123 3603 5191 λαῖκῆς
3660 5123 4055 5191 τυγχανόντων

2448 5223 2676 5286 τάξεως,
2713 5219 3090 5288 ἐδηλώσαμεν,
3134 5216 3331 5283 ἀδελφέ
3375 5216 3535 5284 ἡμῶν
3573 5215 3858 5283 ἱερώτατε,
3894 5214 4055 5271 ὥστε

2451 5310 2785 5372 ἀποστόλους
2828 5309 2984 5376 ὑμῶν
3036 5307 3274 5359 ἐνταῦθα
3331 5304 3764 5377 παραγενέσθαι,
3813 5307 3908 5359 καὶ
3944 5310 4057 5362 σὺν

2452 5405 2584 5472 ἡμῖν
2612 5404 2703 5454 καὶ
2729 5401 2828 5469 τῆς
2853 5401 2981 5465 ὅλης
3013 5399 3167 5469 ἡμῶν
3194 5398 3550 5468 Ἐκκλησίας,
3571 5398 3640 5451 τὰ
3662 5399 3719 5450 ὲν
3750 5399 3889 5469 αὐτῇ
3918 5400 4061 5470 (οὐκ

2454 5495 2572 5549 οἶδα
2620 5496 2738 5556 πῶς
2788 5494 2948 5552 εἴπω.
3004 5492 3170 5544 καλὶν
3217 5493 3325 5561 γὰρ
3359 5494 3540 5560 σιωπῇ
3578 5491 3788 5561 δοῦναι)
3820 5492 4065 5563 λυπηρίξ

2458 5585 2843 5654 συμϐεϐηκότα
2882 5582 3173 5648 σκάνδαλα,
3225 5582 3393 5651 μέρος
3445 5582 3543 5651 μέν
3573 5600 3626 5634 τι
3670 5583 3930 5653 ἀφορμὴν
3957 5586 4014 5636 ὲν

2457 5678 2651 5745 τεῦοεν
2701 5674 2995 5745 ἐσχηκότα,
3033 5672 3196 5741 μέρος
3316 5690 3367 5725 τι
3418 5674 3512 5724 καὶ
3552 5672 3619 5725 ἐκ
3651 5673 3759 5724 τῶν
3795 5688 4017 5743 προηιοη
4050 5707 4063 5714 ~

2463 5773 2715 5841 σαμένων
2743 5770 2841 5837 τῆς
2877 5765 3168 5834 ἰ’ωςιαῖων
3191 5764 3522 5833 Ἐκκλησίας
3554 5763 3863 5833 προέδρων,
3904 5774 4063 5831 μετὰ

2464 5867 2557 5937 τῆς
2589 5861 2795 5922 ἀνωθεν
2818 5856 3255 5927 συναντιλήψεως
3281 5855 3520 5910 ἐκποδῶν
3548 5856 3794 5925 ποιῆσαι,
3828 5855 3922 5909 καὶ
3952 5857 4062 5929 τὴν
