4182 6428
794 399 901 465 259

1926 389 1974 448 Ν
1987 387 2239 449 lCOLAI
2280 385 2393 450 (ΖΡ.
2437 387 2951 453 ΡΑΤΒῘΑΗΟΗΑΞ

3928 400 4040 468 960

791 523 902 566 tua
922 513 1285 579 congruenter
1313 514 1475 571 agens
1498 497 1705 562 virtuti,
1753 496 2052 567 deprecare
2093 505 2148 550 et
2184 508 2352 550 exora

2460 492 2571 557 κὼς
2616 496 2742 559 τοὺς
2796 498 3097 562 διώκοντας
3135 501 3402 570 εὐλογεῖν,
3432 521 3523 557 κα.
3558 504 3666 557 τῶν
3692 508 4041 580 ἐπηρεαζόνο

787 617 913 660 eum
945 602 1038 672 qui
1072 616 1159 656 res
1190 599 1454 652 humanas
1484 606 1638 662 aequa
1681 589 1836 646 lance
1866 591 2149 661 ponderat.
2199 588 2350 644 Vale.

1370 888 1506 946 LIX.
1545 889 1768 943 Incerto.

857 1033 987 1088 Mihi
1017 1036 1108 1101 qui
1143 1031 1257 1083 scio
1283 1040 1473 1083 vestra:
1502 1025 1870 1092 intelligentia:
1901 1027 2075 1081 zelum
2132 1027 2184 1081 in
2233 1042 2352 1081 om-

792 1127 970 1189 nibus,
1007 1124 1075 1174 lili
1110 1121 1205 1189 mi,
1261 1121 1391 1175 illud
1425 1119 1731 1172 mirandum
1780 1118 1943 1185 venit,
1987 1119 2264 1189 quomodo
2297 1119 2348 1172 in

785 1213 1037 1284 praesenti
1075 1212 1375 1281 proposito,
1431 1209 1497 1263 de
1527 1223 1634 1277 quo
1663 1211 1902 1265 scribere
1932 1211 2085 1274 libet,
2136 1211 2353 1280 propri-

785 1323 876 1359 um
925 1320 1028 1359 non
1072 1302 1366 1358 servaverit
1417 1302 1661 1356 modum.
1706 1301 1810 1354 Sed
1860 1301 2046 1356 nescio
2098 1317 2167 1356 an
2210 1303 2349 1357 obli-

785 1398 965 1461 vione,
1004 1400 1183 1448 nescio
1214 1409 1281 1446 an
1314 1392 1418 1446 alia
1450 1393 1630 1462 aliqua
1663 1392 1984 1461 impediente
2035 1408 2222 1458 causa,
2262 1410 2352 1449 us-

781 1505 889 1559 que
921 1489 982 1542 ad
1016 1502 1274 1557 praesens,
1325 1486 1514 1540 saltem
1543 1483 1691 1553 quod
1734 1485 1931 1549 sciam,
1981 1500 2091 1539 non
2128 1486 2351 1555 contigit

783 1591 843 1636 ut
878 1582 1248 1651 perﬁceretur.
1307 1579 1459 1643 Quod
1490 1578 1723 1631 maxime
1756 1579 2126 1633 necessariam
2162 1579 2353 1644 requi-

784 1675 855 1725 rit
888 1674 1316 1725 CXSl'CllllOllt’m.
1380 1668 1515 1722 Dato
1562 1672 1705 1723 enim
1760 1671 1853 1722 tibi
1908 1670 1976 1722 ab
2022 1670 2350 1737 imperatore

783 1766 1061 1827 "laudato,
1100 1776 1154 1815 ut
1186 1764 1338 1816 aiunt
1382 1762 1571 1815 saltem
1602 1761 1692 1830 qui
1728 1762 1777 1813 id
1812 1761 2015 1822 sciunt,
2068 1769 2127 1814 ut
2171 1761 2351 1815 consi-

2453 604 2563 639 των
2597 588 3022 659 ὑπερεύχεσθαι,
3058 592 3184 659 ἄξια
3212 594 3317 662 τῆς
3352 597 3564 659 οἰκείας
3602 600 3773 651 ποιῶν
3800 602 4037 674 ἀρετῆς,

2455 678 2758 749 ὑπερεῦχου
2785 682 2880 735 καὶ
2912 684 3205 754 παραιτοῦ,
3242 686 3331 738 τὸν
3373 687 3560 753 ζυγοῖς
3596 692 4036 763 ἀντιμετροῦντα

2454 769 2591 832 ἴσοις
2611 771 2679 822 τὰ
2718 773 3037 843 ἀνθρώπινα
3075 777 3403 847 πράγματα.
3444 780 3717 849 Ἐρῤωσο.

3017 890 3145 945 ΝΘ¹.
3206 892 3459 960 Ἀδήλῳ.

2523 1024 2597 1076 Τὸ
2624 1028 2680 1079 ἐν
2704 1027 2837 1079 πᾶσι
2878 1028 3165 1081 σπουδαῖον
3198 1028 3303 1098 τῆς
3338 1029 3493 1098 ὑμῶν
3535 1033 3804 1095 συνέσεως
3859 1038 4032 1089 εἰδότι

2454 1134 2567 1187 μοι,
2605 1119 2794 1172 τέκνον
2831 1118 3007 1188 ἡμῶν,
3045 1121 3350 1190 θαυμάζειν
3394 1123 3595 1195 ἐπῆλθε
3638 1127 3755 1190 πῶς
3801 1130 3893 1181 ἐπὶ
3927 1134 4033 1201 τῆς

2452 1210 2732 1281 παρούσης
2759 1213 3085 1277 ὑποθέσεως,
3114 1215 3243 1283 περὶ
3274 1209 3341 1285 ἧς
3374 1218 3734 1287 προαγόμεθα
3764 1223 4028 1288 γράφειν,

2452 1303 2548 1373 τὴν
2573 1305 2779 1356 οἰκείαν
2809 1308 2908 1360 οὑκ
2932 1307 3162 1375 ἐφύλαξε
3189 1306 3363 1371 τάξιν.
3397 1310 3539 1364 Ἀλλ’
3561 1314 3662 1366 οὑκ
3688 1308 3802 1366 οἶδα
3831 1313 4028 1384 λήθης.

2452 1399 2552 1450 οῦκ
2582 1393 2695 1449 οἶδα
2732 1397 2898 1466 ἄλλης
2946 1402 3093 1462 τινὸς
3130 1402 3309 1465 αἰτίας
3355 1403 3693 1473 κωλυούσης,
3735 1409 3895 1477 μέχρι
3929 1410 4032 1460 καὶ

2452 1491 2547 1543 τοῦ
2581 1491 2847 1561 παρόντος
2885 1492 2985 1544 ὅσα
3031 1509 3092 1559 γε
3127 1496 3275 1563 ἡμᾶς
3328 1496 3552 1557 εἰδέναι,
3598 1499 3699 1548 οὑκ
3748 1499 4034 1565 ἐξεγένετο

2451 1584 2877 1653 διαπραχθῆναι,
2930 1584 3424 1655 ὃάναγκαιοτάτην
3480 1589 3734 1659 ἐπιζητεῖ
3786 1591 3884 1659 τὴν
3936 1610 4033 1643 τε-

2451 1674 2689 1727 λείωσιν.
2720 1676 3017 1746 Βασιλικῆς
3043 1678 3152 1746 γὰρ
3186 1677 3478 1748 δεδομένης
3525 1697 3609 1732 σοι
3645 1682 4027 1750 προστάξεως,

2453 1766 2527 1831 ὣς
2555 1784 2617 1835 γε
2652 1769 2813 1835 φασιν
2846 1769 2895 1820 οἰ
2926 1771 3084 1822 τοῦτο
3125 1772 3348 1834 εἰδότες,
3379 1772 3781 1843 ἐπισκέψασθαι
3824 1778 3884 1827 τὸ
3917 1796 4033 1845 χω-

781 1857 998 1912 derares
1032 1857 1210 1909 locum
1262 1870 1323 1910 ex
1358 1870 1467 1923 quo
1513 1854 1777 1925 inclytum
1815 1852 1907 1907 Dei
1941 1854 2203 1924 templum
2234 1853 2350 1907 fru-

2459 1864 2590 1933 ρίον,
2618 1862 2676 1926 ἐξ
2701 1858 2759 1915 οὗ
2779 1863 2805 1914 ό
2828 1862 3175 1933 περιώνυμος
3210 1864 3305 1916 τοῦ
3335 1866 3470 1918 Θεοῦ
3510 1867 3635 1929 ναὸς
3671 1872 3816 1920 σῖτον
3840 1871 4033 1936 μὲλὶει

787 1958 965 2002 menta
1000 1947 1101 2002 sibi
1133 1961 1449 2015 comparare
1481 1946 1662 2011 debet,
1698 1956 1810 1999 tum
1841 1946 1905 1999 ad
1951 1945 2347 1999 coniectionem

781 2046 936 2115 panis
963 2044 1145 2097 divino
1182 2042 1385 2112 Spiritu
1438 2039 1758 2095 sanetilicati
1803 2052 1857 2093 et
1892 2053 1987 2092 eos
2037 2038 2126 2108 qui
2170 2038 2237 2093 de
2283 2053 2349 2091 eo

783 2136 1113 2206 participant
1144 2134 1553 2197 sanetiiirantis,
1606 2141 1719 2185 tum
1750 2132 1915 2186 etiam
1956 2131 2024 2185 ad
2072 2139 2351 2184 sustenta-

782 2230 985 2283 tionem
1020 2238 1217 2283 nostrm
1250 2227 1592 2292 humilitatis,
1645 2234 1698 2279 ct
1728 2224 1952 2293 reliqum
1988 2223 2351 2277 multitudinis

783 2334 969 2373 eorum
1027 2320 1118 2388 qui
1174 2329 1332 2374 nocte
1385 2334 1447 2372 ac
1486 2320 1572 2373 die
1616 2319 1817 2386 templo
1866 2316 1958 2370 Dei
2011 2316 2347 2378 ministrant,

781 2411 968 2465 nescio
994 2411 1269 2481 quomodo
1288 2412 1484 2476 dicam,
1517 2424 1621 2463 non
1654 2410 1898 2463 studiose
1924 2410 2238 2462 mandatum
2258 2423 2351 2461 ex-

783 2506 1117 2574 sequendum
1153 2503 1431 2557 curavisti.
1472 2502 1576 2556 Sed
1611 2511 1664 2555 tu
1702 2501 1923 2570 quidem
1960 2516 2179 2554 causam
2211 2501 2350 2554 scire

785 2600 983 2667 possis.
1039 2598 1151 2650 Nos
1177 2606 1355 2651 autem
1388 2596 1700 2660 scribimus,
1754 2593 1828 2645 liii
1861 2593 1957 2658 mi,
1992 2602 2049 2645 ut
2078 2593 2182 2645 alia
2214 2608 2352 2662 qna-

782 2690 915 2743 libet
967 2690 1128 2743 citius
1185 2704 1242 2741 re
1299 2689 1364 2741 de
1424 2687 1524 2741 hoc
1548 2687 1751 2740 releras
1795 2686 1879 2739 his
1911 2685 2001 2753 qui
2032 2687 2348 2738 mandatum

783 2781 1070 2835 dederunt.
1118 2780 1253 2834 Nam
1288 2778 1635 2847 Ecclesiaque
1685 2777 1779 2831 Dei
1820 2787 1874 2831 et
1914 2792 2039 2840 nos,
2082 2788 2348 2845 quantum

781 2873 972 2925 saltem
1006 2873 1070 2925 ad
1124 2872 1315 2925 horum
1351 2871 1696 2924 commodum
1745 2884 1851 2923 non
1893 2871 2105 2922 modice
2133 2868 2349 2937 pericli-

782 2972 981 3021 tamur.
1022 2964 1285 3017 Caeterum
1322 2971 1499 3016 autem
1544 2963 1745 3027 valens,
1792 2960 2043 3030 superior
2083 2960 2352 3013 constitu-

784 3063 870 3107 tus
900 3056 1047 3107 omni
1084 3055 1248 3109 malo.

1062 3261 1172 3315 LX.
1215 3261 1509 3315 CEconomo
1552 3261 1760 3332 Magnae
1818 3263 2066 3318 ccclesiw.

855 3399 1049 3454 Tenuit
1083 3414 1180 3453 nos
1224 3413 1349 3468 spes
1382 3401 1494 3453 fore
1532 3408 1613 3465 ut,
1665 3399 1717 3452 in
1766 3400 1942 3453 sancti
1973 3400 2244 3468 propheta:
2274 3399 2354 3453 di-

784 3496 913 3547 vino
943 3492 1101 3556 festo,
1156 3501 1247 3545 tua
1275 3493 1533 3545 sanctitas
1570 3492 1856 3545 nobiscum
1906 3501 2240 3553 versaretur,
2275 3500 2349 3551 et,

784 3597 846 3640 ut
881 3602 977 3655 par
1004 3594 1108 3646 est,
1141 3585 1194 3639 in
1228 3586 1525 3639 amicorum
1569 3585 1790 3649 unione,
1836 3584 2086 3639 suaviore
2115 3583 2349 3652 quodam

784 3686 929 3729 statu
967 3676 1274 3730 {tueremur
1315 3676 1612 3745 praesertim
1657 3691 1780 3730 cum
1829 3684 1907 3730 tot
1956 3684 2010 3729 et
2055 3686 2213 3730 tantae
2245 3674 2355 3729 sint

784 3767 1124 3820 calamitates
1153 3781 1275 3834 qua:
1302 3766 1459 3820 nobis
1484 3765 1827 3820 incumbunt.
1870 3765 2138 3832 Quoniam
2173 3776 2351 3819 autent

787 3860 1039 3913 humana:
1068 3874 1155 3912 res
1194 3857 1480 3913 mutabiles
1514 3866 1640 3913 sunt
1671 3865 1726 3913 et
1758 3858 2075 3923 indeﬁnitie,
2107 3866 2355 3927 propter-

786 3966 959 4020 eaque
992 3964 1090 4003 nos
1122 3948 1309 4003 fefellit
1366 3964 1511 4019 spes,
1557 3959 1610 4004 et
1643 3965 1712 4004 ex
1753 3950 2062 4015 eventibus,
2121 3951 2355 4003 adventu

788 4043 997 4096 scilicet
1028 4039 1445 4105 Saracenorum,
1478 4040 1676 4109 prodiit
1710 4041 2157 4111 impedimentum
2194 4056 2261 4095 ne
2298 4042 2355 4094 in

788 4133 1043 4201 praesenti
1070 4140 1159 4183 tua
1188 4132 1449 4186 sanctitas
1472 4131 1684 4197 aﬂoret,
1709 4132 1865 4201 juxta
1889 4140 2126 4186 vestram
2156 4146 2357 4200 urgen-

790 4233 898 4277 tem
932 4222 1380 4291 postulationem,
1420 4236 1562 4288 aegre
1594 4223 1740 4287 licet,
1787 4222 2143 4277 concedimus
2175 4230 2357 4275 tamen

791 4314 1117 4383 praeﬁnitum
1152 4323 1366 4382 tempus
1392 4314 1534 4382 quod
1581 4315 1855 4382 postulare
1892 4314 1988 4367 tibi
2035 4312 2211 4368 visum
2252 4321 2355 4366 est.

793 4403 1054 4467 Tantum,
1094 4404 1202 4457 Deo
1239 4406 1584 4472 praevalente,
1620 4404 1798 4457 valere
1827 4418 2011 4473 perge,
2047 4412 2101 4457 et
2144 4403 2361 4471 quando

793 4496 889 4551 tibi
920 4495 1135 4549 libuerit
1158 4504 1210 4548 et
1240 4494 1383 4548 Deus
1412 4494 1662 4548 annuerit
1696 4496 1800 4547 iter
1830 4495 1897 4547 ad
1931 4509 2033 4547 nos
2064 4493 2358 4560 suscipere,

795 4598 927 4641 tunc
977 4587 1077 4639 iter
1128 4585 1238 4637 liat.
1300 4585 1616 4653 Logothetaa
1668 4585 1886 4654 quidem
1943 4583 2237 4638 commissa
2279 4592 2361 4636 est

794 4678 1020 4748 epistola
1056 4694 1070 4734 :
1106 4678 1234 4745 quid
1283 4688 1461 4730 autem
1512 4676 1721 4730 homini
1770 4686 1954 4729 aetum
2012 4677 2085 4729 sit
2118 4676 2359 4729 nondum

796 4771 1068 4825 novimus.
1111 4768 1189 4823 Tu
1239 4769 1437 4833 valeas,
1490 4783 1589 4823 nec
1619 4770 1672 4822 in
1712 4769 1821 4823 tuis
1866 4768 2070 4824 sanctis
2108 4770 2361 4838 precibus

795 4863 1137 4919 obliviscaris
1169 4876 1369 4916 nostra:
1404 4861 1751 4915 humilitatis.

1372 5165 1509 5221 LXI.
1550 5166 1779 5221 Incerto.

869 5286 1211 5347 Audivimus,
1253 5285 1325 5339 illi
1374 5292 1584 5348 noster,
1640 5284 1823 5336 dolere
1884 5290 1937 5335 te
1986 5281 2141 5351 quasi
2180 5288 2364 5333 nostra

804 5380 1085 5434 humilitas
1135 5378 1367 5447 aliquam
1418 5377 1557 5431 inte
1588 5374 1942 5430 offensionem
2000 5374 2211 5427 habeat.
2256 5371 2366 5424 Hoc

801 5483 1004 5535 autem,
1059 5472 1133 5525 Illi
1170 5470 1269 5537 ini,
1327 5471 1443 5525 sive
1472 5470 1598 5538 quis
1644 5467 1870 5538 pertulit
1898 5467 1964 5520 ad
2018 5476 2141 5520 tuas
2183 5478 2365 5528 aures,

805 5568 1034 5620 mendax
1062 5573 1147 5620 est
1180 5578 1281 5619 nec
1304 5564 1590 5618 veritatem
1625 5569 1932 5625 reveretur;
1982 5559 2096 5615 sive
2145 5569 2199 5612 tu
2253 5559 2368 5629 ipse

807 5673 906 5728 pro
938 5659 1171 5712 humana
1219 5657 1541 5712 conditione
1571 5664 1763 5725 sponte
1783 5654 2095 5723 suspicatus
2123 5667 2203 5717 es,
2248 5652 2363 5706 noli

801 5748 914 5817 jam
966 5747 1020 5800 in
1048 5755 1143 5802 tuo
1198 5744 1552 5802 circumferre
1599 5756 1837 5816 pectore.
1903 5745 2021 5801 Scit
2076 5744 2219 5799 enim
2272 5745 2365 5813 qui

806 5841 974 5898 corda
1018 5847 1292 5899 scrutatur
1342 5839 1525 5912 Deus,
1589 5836 1856 5910 ejusmodi
1917 5836 1998 5895 rei
2058 5837 2214 5895 nobis
2267 5850 2371 5893 nos

2453 1954 2795 2022 πορίζεσθαι,
2828 1955 2987 2009 τοῦτο
3024 1955 3121 2026 μὲν
3162 1958 3242 2019 εἰς
3277 1960 3546 2027 χορηγίαν
3590 1960 3683 2010 τοῦ
3721 1960 4033 2029 ἁγιαζομέ-

2452 2065 2542 2101 νου
2572 2047 2650 2117 τῷ
2689 2048 2818 2117 θείῳ
2868 2050 3147 2119 ιίνεύματι
3200 2053 3293 2103 καὶ
3334 2053 3458 2114 τοὺς
3506 2051 4036 2121 μεταλαμϐάνοντας

2453 2141 2767 2208 ἁγιάζοντος
2814 2143 3002 2212 ἄρτου,
3038 2144 3195 2195 τοῦτο
3225 2146 3281 2197 δὲ
3329 2146 3425 2197 καὶ
3462 2147 3542 2208 είς
3584 2146 3886 2215 διατροφὴν
3930 2150 4035 2212 τῆς

2453 2234 2610 2303 ἡμῶν
2648 2236 3033 2305 ταπεινότητος
3065 2236 3159 2287 καὶ
3189 2234 3282 2287 τοῦ
3328 2236 3520 2287 λοιποῦ
3563 2238 3822 2303 πλήθους,
3862 2238 3912 2288 οἳ
3942 2256 4037 2289 νυ-

2454 2327 2577 2388 κτὸς
2608 2328 2702 2380 καὶ
2741 2330 2956 2398 ἡμέρας
2987 2328 3449 2397 ὲξυπηρετοῦνται
3480 2328 3559 2397 τῷ
3586 2328 3700 2397 ναῷ
3737 2329 3832 2381 τοῦ
3866 2328 4033 2393 Θεοῦ,

2451 2421 2551 2473 οὑκ
2585 2415 2702 2472 οἶδα
2732 2419 2848 2481 πῶς
2895 2422 3053 2480 εἴπω,
3088 2421 3185 2472 οὑκ
3221 2421 3373 2489 ἔσχες
3400 2422 3457 2472 ἐν
3481 2421 3681 2488 σπουδῇ
3717 2421 3808 2472 τοῦ
3851 2438 4036 2490 προσ-

2452 2515 2735 2584 τάγματος
2798 2514 2898 2582 τὴν
2953 2511 3341 2582 ἐκπλήρωσιν·
3376 2512 3513 2564 ἀλλά
3553 2516 3653 2581 τὴν
3699 2512 3797 2581 μὲν
3846 2513 4036 2565 αἰτίαν

2452 2607 2613 2667 αὑτὸς
2653 2606 2717 2658 ἂν
2763 2603 2979 2675 εἰδείης.
3025 2604 3215 2671 Ἡμεῖς
3250 2603 3305 2655 δὲ
3348 2602 3639 2674 γράφομέν
3686 2620 3790 2665 σοι,
3833 2604 4037 2654 τέκνον

2455 2698 2634 2769 ἡμῶν,
2668 2698 2807 2749 ὥστε
2835 2698 3021 2764 τάχιον
3050 2695 3143 2748 τοῦ
3176 2695 3365 2749 λοιποῦ
3395 2698 3715 2763 ἀνενεγκεῖν
3746 2696 3875 2766 περὶ
3903 2696 4037 2747 τοῦ·

2453 2809 2545 2844 τοῦ
2576 2793 2688 2850 τοῖς
2733 2788 2990 2841 δεδωκόσι
3041 2786 3101 2838 τὸ
3144 2787 3498 2855 πρόσταγμα.
3532 2789 3641 2839 Καὶ
3701 2790 3807 2855 γὰρ
3871 2790 3969 2838 καὶ
4004 2789 4037 2855 η

2465 2879 2759 2948 Ἐκκλησία
2780 2877 2873 2929 τοῦ
2897 2876 3031 2928 Θεοῦ
3056 2879 3148 2927 καὶ
3182 2878 3365 2944 ἡμεῖς,
3394 2877 3495 2929 ὅσα
3536 2893 3597 2941 γε
3630 2876 3698 2929 τὰ
3733 2879 3811 2936 εἰς
3839 2875 4037 2943 χρείαν

2452 2976 2561 3027 τῖλν
2601 2971 2779 3025 αὑτῶν
2826 2970 2886 3021 οὑ
2950 2967 3166 3039 μικρῶς
3216 2968 3641 3037 κινδυνεύομεν·
3690 2966 3757 3017 τὰ
3796 2965 3841 3016 δ’
3891 2965 4040 3016 ἅλλα

2456 3066 2766 3139 ἐρρωμένος
2798 3064 2914 3132 εἴης
2948 3062 3207 3130 ὑπεράνω
3250 3060 3591 3130 τηρούμενος
3638 3060 3820 3127 πάσης
3862 3059 4038 3112 κακός

2377 3193 2421 3247 C
2452 3177 2633 3233 τητος.

2545 3278 2617 3329 Ξ’.
2655 3272 2737 3337 Τῷ
2767 3269 3058 3337 οἰκονόμῳ
3084 3266 3192 3335 τῆς
3225 3264 3509 3333 Μεγάλης
3588 3265 3939 3331 ἐκκλησίας.

2537 3408 2781 3469 Ἐλπίδες
2813 3401 2957 3474 εἰχον
2997 3404 3147 3471 ἡμᾶς
3190 3402 3247 3452 ἐν
3277 3402 3345 3469 τῇ
3386 3399 3480 3451 τοῦ
3534 3399 3694 3466 ἁγίου
3748 3398 4039 3467 προφήτου

2454 3502 2577 3571 θείᾳ
2609 3500 2769 3569 ἑορτῇ
2800 3497 2898 3566 τὴν
2947 3494 3046 3563 σὴν
3092 3495 3350 3561 ὁσιότητα
3390 3488 3717 3543 συνέσεσθαι
3756 3490 3908 3557 ἡμῖν,
3942 3489 4045 3539 καὶ

2453 3594 2527 3656 ὣς
2577 3609 2639 3660 γε
2688 3589 2836 3650 εἰκὸς
2885 3587 2979 3639 ἐπὶ
3031 3585 3202 3653 φίλων
3252 3582 3444 3636 ἐνώσει
3493 3581 3841 3650 γλυκυτέρας
3888 3580 4047 3641 τινος

2454 3685 2745 3746 διαθέσεως
2782 3680 3105 3741 ἀπόλαυσιν,
3137 3676 3233 3729 καὶ
3274 3675 3509 3743 μάλιστα
3542 3673 3814 3726 τοσούτων
3862 3672 4048 3723 ὄντων

2456 3775 2695 3846 ἀνιαρῶν
2724 3776 2832 3827 τῶν
2861 3771 3227 3840 ἐπικειμένων
3254 3770 3405 3837 ἡμῖν.
3432 3767 3588 3820 Ἐπεὶ
3614 3765 3671 3818 δὲ
3708 3766 3776 3818 τὰ
3817 3761 4048 3831 ἀνθρώ-

2458 3886 2589 3923 πινα
2616 3867 2922 3937 πράγματα
2942 3863 3001 3916 τὸ
3031 3860 3387 3929 ἀστάθμητον
3417 3860 3530 3929 ἔχει
3562 3859 3737 3913 καὶτὸ
3756 3859 4043 3928 ἀόριστον,

2457 3962 2549 4012 καὶ
2587 3960 2676 4012 διὰ
2714 3957 2876 4011 τοῦτο
2928 3954 3200 4023 ἐψεύσατο
3233 3955 3384 4022 ἡμᾶς
3412 3954 3447 4023 ὴ
3471 3953 3648 4015 ἐλπὶς,
3679 3951 3775 4005 καὶ
3812 3951 4051 4020 κώλυμα

2457 4051 2704 4122 παρέστη
2736 4052 2798 4101 ὲκ
2818 4047 2926 4100 τῶν
2956 4045 3405 4116 συμϐεϐηκότων,
3438 4045 3671 4113 λέγομεν
3695 4044 3758 4113 δὴ
3793 4045 3891 4112 τῆς
3926 4045 4048 4095 τῶν

2459 4142 2793 4212 Σαρακηνῶν
2849 4140 3108 4208 ἀφίξεως,
3155 4137 3232 4206 τῷ
3286 4136 3380 4190 νῦν
3432 4137 3534 4205 τὴν
3579 4136 3733 4204 ὑμῶν
3783 4137 4049 4204 ὁσιότητα

2459 4230 2886 4304 παραγενέσθαι,
2918 4230 3060 4282 κατά
3097 4228 3196 4299 τὴν
3232 4227 3387 4297 ὑμῶν
3418 4228 3700 4297 ἐξαίτησιν
3733 4226 4052 4291 ἀναγκαίαν

2461 4324 2644 4390 οὖσαν,
2674 4327 2723 4377 εἰ
2759 4326 2855 4377 καί⁸
2901 4316 3233 4391 λυπούμενοι
3278 4322 3430 4390 ὅμως
3465 4319 3907 4391 παραχωροῦμεν
3941 4319 4053 4386 τὴν

2461 4417 2556 4469 τοῦ
2631 4414 2826 4485 καιροῦ
2901 4411 3267 4481 προθεσμίαν,
3328 4409 3396 4481 ἢν
3454 4410 3741 4477 ἐξαιτῆσαι
3790 4410 4052 4474 διέγνως.

2462 4508 2639 4561 Μόνον
2683 4505 2817 4557 Θεοῦ
2860 4505 3224 4573 ὑπερέχοντος
3274 4501 3594 4570 ἐρρωμένος
3638 4500 3893 4561 διατέλει,
3949 4500 4056 4550 καὶ

2462 4600 2551 4652 ὅτε
2587 4614 2669 4649 σοι
2710 4597 2864 4664 φίλον
2904 4597 2998 4649 καὶ
3044 4594 3179 4656 Θεὸς
3232 4592 3533 4655 ἐπινεύσοι,
3580 4592 3892 4643 στείλασθαι
3942 4591 4054 4657 τὴν

2464 4694 2601 4761 πρὸς
2631 4691 2778 4760 ἡμᾶς
2808 4687 3057 4758 πορείαν,
3098 4687 3221 4738 τότε
3269 4686 3301 4755 ἡ
3343 4685 3538 4753 πορεία
3578 4682 3831 4750 γινέσθω.
3862 4681 3956 4747 Τῷ
3988 4682 4054 4731 δὲ

2462 4783 2719 4851 λογοθέτῃ
2764 4780 2874 4833 τῶν
2923 4777 3135 4846 ἀγελῶν
3192 4776 3479 4844 ἀπεστάλη
3541 4777 3821 4842 γράμμα·
3877 4771 3930 4822 τί
3984 4771 4051 4823 δὲ

2464 4875 2779 4945 πέπρακται
2822 4873 2900 4941 τῷ
2947 4870 3238 4939 ἀνθρώπῳ,
3266 4868 3419 4921 οὔπω
3458 4870 3550 4920 καὶ
3582 4867 3820 4934 σήμερον
3868 4864 4053 4933 ἔγνω-

2470 4984 2585 5037 μεν.
2624 4965 2966 5037 Ἐρῤωμὲνος
2994 4965 3125 5033 ἡμῖν
3157 4960 3296 5028 εἴης,
3333 4960 3426 5012 καὶ
3465 4961 3522 5010 ἐν
3572 4960 3689 5017 ταῖς
3722 4954 3897 5015 ὁσίαις
3948 4956 4051 5005 ε)-

2466 5061 2588 5129 χαῖς
2619 5060 2695 5128 μὴ
2724 5057 2893 5128 λήθην
2918 5056 3056 5125 ἔχων
3085 5054 3185 5124 τῆς
3222 5050 3380 5122 ἡμῶν
3426 5049 3804 5119 μετριότητος.

3033 5163 3153 5219 ΞΛ’.
3220 5162 3474 5230 Ἀὃήλῳ.

2549 5283 2914 5353 Ἀκηκόαμεν,
2947 5280 3138 5331 τέκνον
3186 5276 3367 5347 ἡμῶν,
3399 5272 3687 5327 λυπεῖσθαί
3734 5288 3792 5323 σε
3834 5269 3909 5332 ώς
3945 5270 4059 5337 τῆς

2470 5380 2627 5450 ὴμῶν
2658 5378 3041 5441 ταπεινότητος
3085 5366 3460 5439 ἀγανάκτησίν
3491 5383 3611 5419 τινα
3642 5362 3782 5416 κατά
3824 5360 3920 5414 σοῦ
3952 5377 4061 5429 (ξε-

2472 5472 2670 5544 ροὺσης
2692 5484 2707 5500 ο
2740 5470 2834 5521 καὶ
2865 5466 3043 5528 τοῦτο,
3078 5465 3269 5516 τέκνον
3296 5460 3472 5531 ἡμῶν,
3505 5460 3616 5511 εῐτε
3654 5474 3740 5519 τις
3778 5455 3914 5524 πρὸς
3948 5455 4061 5517 τὰς

2474 5567 2572 5627 σὰς
2604 5561 2940 5631 ἀπεκόμισεν
2982 5556 3172 5620 ἀκοὰς,
3198 5553 3439 5625 ψεύστης
3486 5551 3602 5603 ἐστί
3632 5551 3724 5602 καὶ
3757 5547 3831 5617 μὴ
3873 5546 4062 5614 τιμῶν

2472 5656 2567 5727 τὴν
2597 5652 2853 5724 ἀληθειαν
2872 5666 2886 5679 '
2917 5650 3024 5703 εἴτε
3059 5648 3220 5710 αὑτὸς
3263 5641 3351 5699 οἷα
3379 5645 3463 5697 τά-
3486 5641 3805 5714 ἀνθρώπινα
3832 5638 4062 5691 οἴκοθεν

2473 5749 2630 5802 τοῦτο
2660 5744 2950 5806 ὑπέλαϐες,
2983 5743 3182 5811 μηκέτι
3216 5739 3375 5793 τοῦτο
3411 5740 3468 5790 ἐν
3514 5740 3583 5807 τῇ
3634 5737 3701 5805 σῇ
3742 5733 4061 5804 περιφέρῃς

2479 5842 2698 5905 καρδία.
2739 5840 2911 5903 Αὑτος
2941 5836 3050 5907 γὰρ
3085 5835 3376 5889 ἐπίσταται
3402 5833 3429 5885 ὁ
3463 5832 3594 5894 Θεὸς
3631 5832 3659 5883 ό
3698 5831 3795 5891 τὰς
3824 5829 4062 5897 καρδίας
