4182 6428
142 382 211 443 Ξῦὶ
1536 359 1946 423 EPISTOLAE.

3268 358 3375 421 ἳῧὲ

144 485 355 560 ἐρευνῶν,
418 482 572 537 οὐδὲν
630 478 874 533 τοιοῦτον
933 475 1147 537 ἑαυτοῖς
1210 469 1682 541 συγγινώσκομεν.
1715 484 1795 534 At

1721 484 1760 534 Α
1791 468 2045 522 conscios
2073 482 2182 521 non
2220 480 2363 522 esse.
2414 464 2679 519 Novimus
2705 464 2851 520 enim
2885 464 2980 520 Dei
3011 467 3183 534 gratia
3220 483 3372 538 mag-

154 576 483 647 Ἐπιστάμεθα
512 575 619 644 γὰρ
650 572 832 642 χάριτι
859 567 995 621 Θεοῦ
1020 566 1112 620 καὶ
1142 566 1200 619 τὸ
1234 566 1332 634 τῆς
1358 564 1676 635 φρονήσεως

147 672 263 743 ὑμῶν
282 670 509 731 τέλειον,
543 664 639 717 καὶ
672 664 770 731 τὴν
807 659 942 729 πρὸς
976 658 1121 727 ἡμᾶς
1146 656 1511 726 ἀνυπόκριτον
1542 654 1682 720 ἀγά-

148 784 243 834 πην,
268 764 353 817 καί
395 758 497 829 τὴν
530 757 667 827 πρὸς
712 753 810 815 τὰς
845 750 938 803 τοῦ
970 748 1105 803 Θεοῦ
1138 747 1473 818 Ἐκκλησίας
1519 744 1683 797 εὐλάς

147 860 262 912 θείαν
305 855 368 923 ἦν
427 852 589 921 ἔχεις,
624 846 698 911 ώς
746 845 1034 914 ἄνθρωπος
1083 840 1217 893 Θεὸν
1267 842 1363 893 καὶ
1394 836 1550 902 εἰδὼς
1587 838 1683 891 καὶ

146 948 298 1017 τιμῶν,
333 946 432 998 καὶ
468 939 775 1009 γινώσκων,
815 939 898 988 ὅτι
951 935 1046 986 καὶ
1084 934 1144 986 τὸ
1186 935 1353 1003 τιμᾷν
1404 932 1494 985 τὸν
1552 932 1684 984 Θεὸν

147 1042 228 1109 ἔχει
256 1037 453 1105 φρίκην
494 1033 639 1086 τινά.
676 1030 748 1080 0-5
792 1028 901 1097 γὰρ
940 1027 1184 1096 οἴδαμεν,
1219 1027 1266 1078 εἰ
1309 1024 1477 1091 ἀξίως
1508 1023 1685 1093 τιμῶ-

148 1148 248 1203 μεν·
278 1129 332 1180 τί)
366 1128 425 1180 δὲ
458 1121 843 1195 προσκρούειν,
875 1120 1027 1189 πόσῳ
1056 1118 1263 1189 μᾶλλον
1304 1115 1687 1187 φοϐερώτερόν

147 1231 232 1278 ἐστι
260 1225 339 1275 καὶ
382 1218 860 1291 φρικωδέστερονὲ
907 1213 1257 1285 Ἐρρωμένον
1297 1228 1355 1263 σε
1386 1208 1683 1277 διαφυλάτ-

144 1318 251 1368 τοιὸ
293 1316 522 1382 Κύριος,
566 1312 743 1380 πάσης
800 1307 1101 1367 κακώσεως
1138 1304 1233 1357 καὶ
1268 1304 1550 1373 ὁριυμένης
1594 1304 1687 1355 καὶ

146 1410 332 1479 ἀοράτου
362 1406 660 1474 ἀνώτερον.

525 1515 642 1569 EB'.
686 1514 887 1582 Πέτρῳ
915 1513 1256 1583 μονάζοιντι.

206 1632 517 1685 Ἑσπούδασε
568 1630 667 1698 μὲν
715 1627 827 1692 ὁέξ
880 1629 1055 1697 ἀρχῆς
1090 1628 1187 1694 τῆς
1238 1626 1295 1675 ἐν
1345 1626 1534 1696 εἰρήνῃ
1583 1643 1682 1678 κα-

145 1729 416 1785 ταστάσεως
461 1720 563 1791 τῆς
597 1721 945 1790 ἀνθρωπίνης
968 1719 1113 1785 ζωῆς
1158 1717 1416 1787 πολέμιος
1450 1718 1518 1770 τὰ
1553 1734 1686 1771 συν-

144 1819 222 1885 ήθη
270 1817 442 1883 ἐαυτῷ
498 1811 967 1883 πονηρεύσασθαι,
1058 1810 1150 1862 καὶ
1202 1810 1528 1881 διαταράξαι
1587 1808 1687 1881 τὴν

146 1909 266 1973 ὑμῶν
311 1908 467 1975 ίεράν
519 1904 795 1973 ποίμνην·
851 1903 944 1954 καὶ
979 1901 1107 1963 ἴσως
1141 1901 1262 1953 οὐδὲ
1314 1899 1687 1971 προαιρέσεως

144 2001 241 2052 εντα
266 1998 516 2065 τοιαύτης
551 1997 641 2048 τὸν
675 1994 963 2064 ἄνθρωπον
995 1993 1224 2055 ἐκεῖνον.
1256 1993 1348 2046 τδν
1394 1992 1683 2063 Ἰλαρίωνα.

147 2093 273 2160 nul,
317 2093 438 2152 ταῖς
489 2088 722 2149 οἰκείαις
782 2084 1058 2155 μεθοδίαις
1107 2084 1325 2153 ἐκίνησε
1382 2084 1687 2137 σκάνδαλον

144 2186 243 2249 ὑμῖν
279 2180 556 2249 γενέσθαι.
605 2180 799 2249 Ὅμως
870 2176 925 2229 δὲ
973 2179 1001 2230 ὁ
1048 2177 1147 2246 τὴν
1206 2178 1427 2247 εἰρήνην
1487 2178 1690 2247 κλῆρον

147 2271 420 2325 καταλιπὼν
472 2274 579 2334 τοῖς
630 2269 919 2335 ἀγαπῶσιν
958 2268 1141 2329 αὑτὸν,
1183 2269 1293 2320 εἴτε
1335 2269 1686 2340 ἀνθρωπίνης

146 2366 462 2434 ιιιυςὸτητος,
498 2364 609 2415 εἴτε
655 2361 983 2431 δαιμονικῆς
1036 2359 1302 2429 ἐπηρείας
1352 2361 1413 2412 τὸ
1463 2362 1689 2429 γεγονὸς

146 2456 367 2525 ὑπῆρξεν,
402 2458 590 2507 ἐκεῖνα
613 2453 880 2516 διέλυσεν,
915 2454 1045 2521 ὑμῖν
1071 2453 1126 2506 δὲ
1154 2454 1396 2523 παρέσχε
1437 2454 1496 2504 τὸ
1529 2455 1687 2522 εἰρη-

146 2545 305 2596 νεύειν.
352 2544 464 2596 Καὶ
500 2544 591 2595 ἐπὶ
629 2541 790 2594 τοῦτο
838 2542 937 2609 μὲν
977 2543 1135 2613 χάριν
1185 2541 1559 2611 ὁμολογοῦμεν
1607 2542 1684 2613 τῷ

146 2636 255 2705 ἀγίῳ
285 2637 421 2707 Θεῷ,
465 2637 594 2703 ὑμῖν
641 2634 697 2686 δὲ
728 2636 819 2686 καὶ
850 2638 1019 2704 χωρὶς
1051 2636 1159 2687 τῶν
1196 2635 1481 2703 ἡμετέρων
1513 2634 1688 2704 λόγων

144 2728 323 2790 eadem,
370 2723 462 2778 οἷα
513 2726 576 2797 δὴ
614 2726 893 2795 Ιῐνεύματι
939 2725 1074 2777 Θεοῦ
1129 2726 1585 2795 κυδερνωμένοις,
1614 2727 1689 2789 ώς

144 2816 367 2868 ἓιτιδέον
408 2815 816 2884 προσφέρεσθαι
843 2813 920 2882 τῷ
976 2812 1269 2884 ἀνθρώπῳ,
1318 2817 1600 2884 γράψομεν
1650 2814 1685 2868 ἃ

143 2907 445 2987 γινώσκομεν
478 2908 575 2960 καὶ
611 2909 680 2977 τῇ
719 2910 783 2976 σῇ
816 2907 1056 2976 ὁσιότητι
1089 2909 1390 2975 πρέποντα,
1441 2910 1685 2977 κάκείνῳ

143 3004 346 3068 σωτήρια
388 3002 523 3053 ὄντα
564 3000 662 3053 καὶ
708 3000 1057 3069 συμφέροντα
1088 3000 1181 3053 τοῦ
1212 3001 1285 3068 μὴ
1330 3000 1518 3067 ῶσπερ
1580 3002 1686 3053 ἀτι-

141 3091 437 3160 εξετώμένον
470 3093 634 3145 αὺτδιν
693 3090 860 3161 ἔχειν,
917 3091 1050 3159 μηδὲ
1099 3091 1195 3159 τῆς
1255 3094 1354 3159 σῆς
1407 3091 1685 3159 ἀλλότριον

1787 574 1912 614 nam
1974 569 2209 613 vestram
2293 558 2620 629 sapientiam
2703 566 2757 613 et
2834 569 3072 613 vestram
3131 559 3184 614 in
3274 578 3373 616 nos

1785 654 2055 708 sinceram
2087 650 2455 716 dilectionem,
2505 660 2558 705 et
2584 658 2842 720 quantam
2880 649 2933 705 in
2971 649 3063 706 Dei
3099 651 3375 705 Ecclesias

1786 743 1956 799 habes
2007 742 2351 811 religionem,
2414 751 2673 811 tanquam
2734 741 2899 796 homo
2951 742 3043 811 qui
3099 742 3268 797 Deum
3321 752 3375 797 et

1786 836 2070 904 cognoscit
2097 844 2147 889 et
2181 844 2484 899 reveretur,
2532 843 2587 889 et
2610 834 2714 889 scit
2757 833 2848 888 Dei
2883 833 3047 887 etiam
3100 834 3370 889 hooorem

1790 942 1899 982 non
1923 942 2043 982 esse
2064 928 2185 983 sine
2213 927 2399 995 aliqua
2434 936 2616 990 metu;
2643 927 2923 981 nescimus
2950 930 3097 981 enim
3124 943 3191 982 an
3222 929 3371 982 illum

1787 1019 1969 1073 debite
2019 1020 2374 1073 honoremus.
2418 1016 2574 1072 illum
2631 1026 2811 1071 autem
2846 1018 3125 1074 oﬂ‘endere
3169 1028 3375 1089 quanto

1790 1112 1965 1182 magis
2020 1111 2520 1181 pertimescendum
2572 1120 2626 1165 et
2662 1108 3104 1167 formidandum!
3162 1110 3377 1167 lneo|u~

1792 1220 1934 1258 mem
1997 1212 2048 1258 te
2098 1212 2281 1259 servet
2332 1202 2617 1267 Dominus,
2677 1202 2827 1257 omni
2882 1203 3024 1257 malo
3068 1204 3268 1259 visibili
3317 1213 3372 1260 et

1793 1295 2057 1351 invisibili
2091 1296 2457 1366 superiorem.

2244 1499 2404 1556 LXII.
2446 1500 2610 1555 Petro
2647 1502 2911 1558 solitario.

1856 1615 2103 1672 Conatus
2134 1622 2216 1670 est
2246 1616 2466 1685 quidem
2499 1614 2591 1670 ille
2622 1615 2715 1686 qui
2754 1618 2822 1668 ab
2858 1616 3015 1670 initio
3048 1626 3133 1671 est
3163 1616 3377 1688 paciﬁci

1788 1717 1963 1762 status
1996 1708 2248 1762 humana:
2299 1708 2423 1762 vita:
2458 1707 2633 1763 hostis
2677 1707 2842 1763 solita
2895 1708 3040 1763 mala
3078 1723 3374 1779 peragere,

1790 1809 2147 1866 vestrumque
2196 1811 2417 1851 sacrum
2463 1814 2680 1868 gregem
2733 1799 3091 1870 perturbare;
3148 1800 3379 1855 ethunc

1790 1889 1883 1958 qui
1920 1889 2060 1943 forte
2092 1903 2200 1942 non
2228 1895 2346 1943 erat
2401 1888 2713 1944 istiusmodi
2738 1890 3040 1946 voluntatis
3072 1891 3377 1958 hominem,

1792 1978 2125 2034 llilarionem
2181 1980 2447 2050 inquam,
2524 1980 2639 2036 suis
2704 1980 2990 2037 fraudibus
3040 1982 3257 2052 impulit
3317 1992 3378 2039 ut

1791 2072 2109 2126 scandalum
2156 2072 2313 2127 vobis
2348 2072 2522 2127 ﬁeret.
2585 2074 2841 2128 Attamen
2894 2074 2985 2129 ille
3036 2075 3131 2143 qui
3187 2089 3375 2144 pacem

1790 2165 2014 2233 reliquit
2045 2165 2415 2218 liazreditatem
2465 2165 2814 2234 diligentibus
2847 2180 2926 2231 se,
2957 2166 3075 2221 sive
3125 2166 3379 2221 humanae

1792 2257 2026 2312 levitatis
2062 2257 2178 2312 sive
2210 2254 2501 2311 diabolicae
2542 2254 2765 2311 malitia:
2798 2272 2938 2325 opus
3000 2259 3281 2327 superavit
3322 2268 3377 2315 et

1792 2348 2062 2411 dissolvit,
2097 2348 2366 2417 vobisque
2404 2347 2549 2402 dedit
2575 2348 2628 2401 in
2660 2362 2791 2416 pace
2823 2348 3040 2419 degere.
3082 2348 3144 2404 Et
3172 2350 3239 2404 de
3271 2350 3378 2404 hac

1793 2453 1850 2492 re
1884 2439 2087 2508 gratias
2124 2436 2234 2492 Deo
2268 2448 2457 2492 sancto
2487 2439 2847 2503 conﬁtemur;
2886 2441 3039 2496 vobis
3067 2453 3249 2497 autem
3276 2444 3375 2514 qui

1790 2532 1954 2585 etiam
1995 2530 2202 2599 absque
2252 2530 2599 2586 sermonibus
2649 2532 2853 2589 nostris
2886 2533 3061 2600 scitis,
3105 2546 3165 2589 ut
3214 2537 3370 2606 quia

1795 2621 2001 2691 Spiritu
2038 2622 2131 2677 Dei
2160 2622 2459 2689 ducimini;
2510 2625 2786 2693 quomodo
2819 2636 3068 2695 oporteat
3105 2629 3159 2683 in
3195 2630 3375 2687 homi-

1790 2729 1912 2767 nem
1962 2730 2021 2768 se
2079 2728 2288 2783 gerere,
2336 2716 2629 2769 scribimus
2674 2732 2796 2785 qute
2849 2719 3100 2775 novimus
3152 2732 3206 2776 et
3262 2733 3372 2779 tua:

1791 2804 2072 2861 sanctitati
2108 2797 2375 2872 congrua,
2407 2815 2459 2859 et
2486 2805 2561 2858 illi
2590 2805 2851 2861 salutaria
2880 2816 2935 2863 et
2964 2811 3139 2881 utilia,
3174 2830 3368 2884 nempe

1791 2905 1851 2947 ut
1881 2908 2005 2947 eum
2046 2907 2151 2946 non
2181 2903 2238 2947 ut
2267 2904 2582 2947 extraneum
2620 2897 2843 2963 habeas,
2900 2915 3077 2970 neque
3118 2913 3224 2959 tuae
3257 2907 3373 2976 Spi-

1792 2987 1969 3041 ritalis
2002 2985 2387 3040 benevolentia:
2428 2988 2704 3054 alienum;
2761 2991 2856 3045 sed
2901 2992 3027 3050 licet
3076 3011 3199 3050 eum
3257 3014 3366 3054 non

1791 3078 2037 3147 permisit
2087 3093 2300 3132 morum
2352 3078 2764 3147 dissimilitudo,
2818 3093 2875 3137 ut
2912 3100 3053 3154 saepe
3084 3087 3143 3140 ﬁt
3175 3088 3229 3143 in
3266 3090 3369 3145 ltu-

142 3186 487 3251 πνευματικῆς
514 3184 775 3251 σχέσεως.
811 3180 951 3233 Ἀλλ’
982 3185 1029 3234 εξ
1073 3183 1165 3234 καὶ
1199 3183 1273 3251 μὴ
1309 3182 1687 3252 συνεχώρησεν
1715 3188 1757 3247 C

1717 3188 1757 3247 ε
1793 3172 1974 3226 manis
2003 3172 2186 3236 rebus,
2225 3185 2453 3239 corpore
2500 3183 2815 3228 conversari
2871 3186 2925 3229 et
2950 3178 3241 3236 convivere
3274 3198 3368 3238 vo-

141 3273 343 3342 αὖτὸνή
394 3272 494 3325 τοῦ
549 3274 752 3343 τρόπου
811 3273 1191 3343 ἀνομαλότης,
1255 3268 1342 3324 οἷα
1400 3274 1571 3326 πολλὰ
1616 3275 1685 3326 τὰ

141 3360 457 3430 ἀνθρώπινα,
524 3365 855 3433 σωματικῶς
922 3366 1162 3415 συνεῖναι
1225 3364 1320 3415 καὶ
1379 3364 1688 3430 συνδιάγειν

141 3450 272 3518 ὑμῖν,
316 3455 454 3516 τέως
509 3456 611 3524 τῆς
662 3457 1039 3525 πνευματικῆς
1099 3456 1353 3523 ἐνότητος
1415 3455 1490 3525 μὴ
1546 3451 1688 3508 εἶναι

140 3546 516 3612 κεχωρισμένον
573 3544 775 3596 αὐτόν·
834 3542 952 3594 ἀλλ’
1008 3545 1155 3604 ὅπως
1217 3546 1283 3595 ἂν
1424 3547 1524 3613 τὴν
1586 3547 1687 3614 σὴν

139 3635 377 3703 πατρικὴν
414 3634 745 3703 κηδεμονίαν
767 3633 1082 3698 διαϐαίνειν,
1124 3633 1217 3685 καὶ
1248 3633 1354 3685 τῶν
1386 3633 1494 3686 σῶν
1512 3652 1685 3705 προσ-

138 3724 280 3788 ευχὼν
306 3727 397 3777 καὶ
446 3723 849 3790 παραινέσεων,
899 3723 966 3776 δι’
996 3718 1070 3777 ὧν
1102 3725 1238 3793 πρὸς
1270 3727 1371 3794 την
1403 3728 1682 3797 μακαρίαν

139 3817 209 3864 καὶ
237 3816 311 3876 είς
342 3814 494 3884 ζωὴν
522 3814 764 3882 ἄγουσαν
791 3813 909 3865 ὁδὸν
952 3815 1369 3877 κατευθύνεται,
1408 3816 1482 3885 μὴ
1516 3819 1683 3885 ἀμοι-

139 3910 227 3973 ρεῖν
258 3911 440 3973 αὐτὸν,
482 3908 618 3977 μηδὲ
664 3908 1052 3975 ἀποκήρυκτον
1082 3905 1177 3959 τοῦ
1216 3906 1455 3976 μεγάλου
1489 3909 1683 3961 τούτου

1789 3265 2027 3329 hiscum,
2076 3279 2183 3317 non
2238 3274 2415 3317 tamen
2473 3264 2676 3319 unione
2724 3266 2955 3333 spiritali
3009 3271 3365 3340 excludatur;

1792 3356 1884 3412 sed
1917 3356 2419 3425 quomodocunque
2452 3360 2544 3420 sit,
2581 3368 2725 3411 tuam
2761 3358 2866 3428 ipsi
2931 3372 3212 3430 paternam
3256 3365 3369 3416 sol-

1791 3449 2125 3503 licitudinem
2175 3446 2502 3514 transferas,
2554 3458 2607 3503 et
2664 3457 2883 3503 tuarmn
2918 3467 3136 3521 precum
3172 3452 3369 3508 exltorv

1789 3543 2193 3612 tationumque,
2229 3559 2324 3612 per
2348 3559 2484 3612 quas
2512 3545 2578 3597 ad
2608 3544 2818 3598 beatam
2851 3554 2902 3600 et
2931 3562 3053 3615 qua:
3088 3548 3152 3601 ad
3192 3551 3356 3602 vitam

1792 3636 1946 3689 ducit
1993 3636 2137 3690 viam
2188 3636 2475 3706 dirigatur,
2528 3652 2596 3692 ne
2642 3646 2914 3692 exsortem
2969 3640 3120 3693 illum
3176 3640 3367 3707 facias,

1791 3744 1967 3797 neque
2016 3729 2164 3784 illius
2229 3744 2441 3800 magnae
2497 3729 2834 3784 liaareditatis
2890 3743 3163 3800 expertem
3234 3749 3369 3786 con—

1790 3824 2007 3873 stituas.
2066 3818 2361 3873 Incolumis
2412 3820 2572 3873 nobis
2622 3822 2877 3884 servet-is,
2916 3838 3124 3877 memor
3152 3825 3202 3877 in
3257 3826 3369 3880 tuis

1792 3912 1999 3966 sanetis
2031 3911 2289 3980 precibus
2321 3921 2525 3966 nostra:
2557 3912 2905 3967 humilitatis.

136 4003 304 4073 nam
332 4002 723 4057 καθίστασθαι.
762 4002 1102 4071 Ἐρρωμένος
1148 4002 1280 4071 ἡμῖν
1349 4002 1703 4074 διαφυλάττῃ,
1747 4010 2098 4075 μεμνημένος
2147 4010 2205 4060 ὲν
2245 4011 2365 4072 ταῖς
2436 4008 2614 4074 ὁσίαις
2667 4013 2857 4082 εὐχαῖς
2910 4028 3007 4066 σου
3053 4008 3148 4078 τῆς
3202 4007 3367 4078 ἡμῶν

135 4101 517 4170 ταπεινότητος.

460 4217 581 4271 ΞΓ.
627 4216 953 4285 Ἐπιφανίῳ
976 4215 1315 4286 μονάζοντι.

191 4334 328 4401 Ἔχει
351 4349 405 4382 τι
439 4330 581 4400 πρὸς
615 4331 808 4400 ἡδονὴν
844 4333 937 4382 καὶ
969 4333 1001 4399 ὴ
1033 4329 1320 4400 σωματικὴ
1357 4329 1467 4382 τῶν
1510 4328 1681 4397 φίλων

135 4424 386 4492 συνομιλία
432 4426 505 4491 τῇ
573 4425 861 4491 σωματικῇ
931 4423 1200 4492 συναφείᾳ
1260 4421 1496 4476 δοκοῦσα
1554 4422 1683 4484 τοὺς

136 4515 551 4583 συναπτομένους
612 4512 863 4582 ἡδύνειν·
924 4512 1039 4565 ἀλλ’
1093 4514 1126 4581 ἥ
1182 4528 1245 4579 γε
1310 4512 1679 4580 πνευματικὴ,

132 4606 286 4659 τέκνον
315 4607 499 4676 ἡμῶν,
536 4604 637 4657 κᾶν
729 4606 836 4655 τῶν
868 4605 1139 4674 σωμάτων
1168 4605 1493 4669 ἀπόστασις,
1514 4605 1679 4656 πλέον

131 4695 214 4751 οἶδε
238 4702 297 4753 τδ
326 4701 425 4769 ἡδὺ
456 4696 733 4766 πηγιῆειν
764 4698 820 4749 ὲν
836 4700 956 4759 ταῖς
986 4697 1236 4765 καρδίαις
1280 4696 1390 4748 τῶν
1427 4697 1547 4749 κατ’
1579 4696 1679 4751 αὑ-

130 4789 205 4857 τὴν
268 4790 727 4856 συναπτομένων.
788 4788 1026 4858 Ἐχομεν
1088 4783 1184 4839 οὖν
1243 4787 1504 4855 ἀνελλιπῆ
1579 4785 1679 4855 τὴν

130 4883 415 4945 ἀπόλαυσιν,
466 4883 598 4934 ἐπεὶ
644 4882 826 4951 χάριτι
878 4880 1014 4933 Θεοῦ
1057 4881 1154 4934 καὶ
1189 4880 1462 4948 πνεύματι
1509 4879 1677 4947 ἐσμὲν

130 4971 385 5041 ἡνωμένοι.
442 4972 619 5043 μηδὲν
655 4971 767 5021 ἀπὸ
820 4972 919 5039 τῆς
969 4968 1290 5038 σωματικῆς
1341 4966 1678 5028 διαστάσεως

131 5063 481 5136 ζημιούμενοι.
525 5063 763 5131 Τοιαύτη
790 5060 897 5131 γὰρ
928 5063 961 5130 ἠ
988 5060 1083 5114 τοῦ
1121 5061 1432 5128 πνεύματος
1475 5061 1680 5129 σχέσις,

129 5156 200 5205 zz".
231 5157 397 5217 οὕτως
452 5152 571 5207 οἶδε
630 5157 697 5222 τῇ
732 5155 871 5206 κατὰ
924 5152 1014 5206 τὸν
1070 5152 1196 5205 νοῦν
1243 5155 1509 5225 συναφεία
1568 5156 1679 5216 τοῖς

132 5246 355 5315 καθαρῶς
390 5245 702 5316 ὴνωμένοις
750 5244 1093 5313 χαρίζεσθαι,
1124 5244 1264 5297 ὥστε
1301 5247 1347 5298 εἰ
1382 5247 1474 5297 καὶ
1513 5246 1677 5298 πολε-

132 5348 226 5396 μιος
252 5337 279 5385 ὁ
302 5335 498 5401 καιρὸς
530 5334 598 5401 τῇ
632 5338 915 5401 σωματικῇ
950 5334 1264 5403 ἀπήντησεν
1293 5334 1502 5404 ὁμιλία,
1522 5334 1677 5387 οὐδὲν

130 5424 371 5489 ζημιῶσαι
419 5424 751 5494 δεδύνηται·
795 5426 1014 5487 πάντως
1054 5424 1111 5476 δὲ
1162 5426 1297 5477 Θεοῦ
1349 5427 1675 5497 βουλομένου

131 5518 435 5584 συνεσόμεθα
468 5517 569 5569 καὶ
598 5517 928 5586 σωματικῶς
972 5518 1245 5589 ἀλλήλοις,
1276 5520 1436 5573 ὁπότε
1487 5521 1675 5573 τούτου

130 5605 203 5671 τῆς
244 5608 385 5674 θείας
425 5609 633 5679 βουλῆς
676 5609 829 5662 ἔπαιε
890 5609 1092 5680 κρίπῖ·
1143 5614 1278 5683 Περὶ
1329 5612 1386 5665 δὲ
1422 5608 1496 5667 ὧν
1544 5616 1677 5684 ἡμῖν

134 5699 211 5758 μὲν
241 5702 423 5772 ἐδήλου
461 5701 528 5754 τὸ
572 5701 831 5770 γράμμα,
874 5705 902 5755 ὁ
953 5702 1008 5755 δὲ
1062 5704 1411 5775 χαρτοφύλαξ
1467 5708 1531 5757 ἐκ
1584 5704 1675 5759 τοῦ

135 5792 240 5853 πῶς
275 5794 434 5849 αὑτὸν
466 5791 901 5864 ἀπεσταλμένοι»
924 5794 1251 5865 γράμματος
1291 5794 1472 5852 λαϐὼν
1506 5798 1676 5867 ἀνήγ-

2182 4207 2361 4263 LXIII.
2392 4208 2684 4279 Epiphanio
2708 4214 2966 4267 solitario.

1860 4330 2077 4398 Aliquid
2130 4327 2341 4383 confert
2372 4330 2437 4381 ad
2466 4329 2798 4399 voluptatem
2829 4333 3127 4401 corporalis
3155 4336 3365 4393 amico-

1790 4436 1907 4475 rum
1955 4420 2323 4484 conversatio,
2360 4422 2563 4490 quippe
2592 4437 2714 4490 qute
2754 4423 3002 4479 videatur
3043 4428 3368 4497 conjunctos

1716 4498 2080 4566 Ddelectare.
2122 4510 2228 4566 Sed
2296 4512 2562 4580 spiritalis
2608 4515 2974 4579 conversatio,
3030 4518 3102 4571 [ili
3156 4531 3362 4585 noster,

1784 4606 1910 4659 licet
1952 4617 2181 4671 corpora
2228 4618 2259 4656 a
2309 4618 2368 4657 se
2416 4604 2646 4658 invicem
2703 4605 2927 4671 distent,
2976 4622 3085 4661 non
3137 4610 3365 4665 minoris

1783 4694 2079 4763 voluptatis
2108 4693 2243 4748 lous
2275 4702 2361 4747 est
2391 4694 2653 4750 cordibus
2686 4712 2808 4765 qua:
2845 4711 2941 4766 per
2974 4713 3093 4752 eam
3118 4701 3366 4770 jungun-

1784 4785 2198 4840 tur.llabemus
2229 4786 2396 4853 igitur
2424 4787 2640 4854 plenam
2691 4788 3050 4859 voluptatem,
3096 4808 3219 4847 eum
3269 4794 3363 4848 Dei

1782 4875 1954 4944 gratia
1992 4875 2155 4927 etiam
2204 4876 2397 4943 spiritu
2435 4878 2709 4944 uniamur,
2746 4881 2955 4934 nullum
2995 4897 3060 4935 ex
3087 4885 3364 4954 corporali

1783 4966 2127 5036 separatione
2160 4967 2553 5022 detrimentum
2586 4972 2759 5038 passi.
2796 4970 2873 5024 Ea
2903 4981 2987 5028 est
3015 4975 3162 5029 enim
3195 4977 3362 5045 spiri-

1785 5069 1868 5113 tus
1899 5059 2120 5111 habitus
2148 5071 2202 5112 et
2231 5059 2392 5112 talem
2437 5060 2539 5114 scit
2570 5061 2801 5128 spiritali
2831 5062 3215 5133 conjunctione
3247 5068 3360 5122 sin-

1782 5165 1904 5204 cere
1938 5153 2105 5206 unitis
2130 5152 2529 5219 jucunditatem
2562 5163 2847 5223 praestare,
2881 5167 2940 5209 ut
2984 5158 3198 5213 etiamsi
3227 5159 3361 5215 belli

1785 5253 1996 5312 tempus
2039 5244 2473 5297 conversationis
2517 5243 2832 5298 facultatem
2885 5247 3102 5312 adimit,
3142 5251 3357 5306 nullum

1781 5335 2167 5390 detrimentum
2203 5335 2395 5389 aﬂerre
2444 5340 2703 5405 potuerit.
2742 5337 2853 5393 Deo
2904 5351 3085 5397 autem
3117 5345 3359 5413 volente,

1780 5429 1914 5482 alter
1939 5445 2063 5483 cum
2089 5430 2259 5483 altero
2294 5432 2456 5483 etiam
2499 5435 2852 5501 corporaliter
2882 5437 3355 5501 cont'ersabimur,

1780 5523 1996 5592 quando
2040 5524 2143 5577 hoc
2176 5522 2374 5577 divinas
2420 5522 2683 5579 voluntati
2718 5526 2899 5582 visum
2940 5526 3126 5583 fuerit.
3159 5527 3238 5584 De
3268 5529 3356 5585 his

1780 5626 1959 5671 autem
2006 5632 2128 5687 qua:
2173 5616 2558 5685 signiﬁcabant
2611 5619 2821 5685 litterae,
2864 5632 2917 5675 et
2951 5637 3073 5691 qua:
3130 5624 3353 5677 charte-

1780 5709 1976 5780 pltylax
2030 5726 2092 5765 ex
2143 5709 2285 5765 datis
2330 5710 2431 5763 sibi
2486 5711 2678 5766 litteris
2734 5714 3027 5781 nuntiavit,
3082 5716 3355 5784 separatio

1782 5803 2103 5859 necessario
2133 5803 2342 5871 prolata
2370 5813 2475 5861 cst.
2527 5802 2753 5873 Reliqua
2783 5814 2967 5862 autem
3008 5806 3083 5863 ita
3121 5806 3251 5866 ﬁent
3292 5816 3353 5863 ut
