4182 6428
795 387 908 451 263

1993 385 2301 445 NICOLAI
2341 386 2449 447 (ΣΡ.
2493 388 3004 448 ΡΑΤ11[;111(Σ11.Ε

3969 403 4070 469 26ἱ

793 517 826 556 a
864 499 1026 556 nobis
1063 499 1329 567 scriptum
1353 507 1438 553 est
1469 498 1534 552 ad
1563 513 1658 553 eos
1685 497 1776 566 qui
1806 497 1984 551 idonei
2017 509 2143 553 sunt
2164 499 2385 570 scriptis

2492 502 2693 569 γειλεν,
2728 506 2760 572 ἡ
2793 503 3025 556 δοκοῦσα
3057 507 3290 574 πρέπειν
3326 511 3586 584 ἐξηνέχθη
3619 516 3902 583 διάστασις
3928 537 3939 550 ’
3981 519 4071 574 καὶ

795 593 1138 665 perﬁciendi.
1194 592 1466 646 Caeterum
1505 593 1648 654 vale,
1698 601 1899 646 nostra:
1951 591 2277 647 humilitatis
2324 593 2378 645 in

797 688 906 744 tuis
938 686 1141 742 sanctis
1169 685 1427 754 precibus
1459 697 1688 739 memor.

1183 987 1368 1043 LXIV.
1413 987 1684 1058 Tryphoni
1719 986 1994 1041 monacho.

869 1132 1185 1189 Gaudemus
1209 1129 1357 1198 quod
1396 1127 1656 1182 sanctitas
1689 1135 1873 1180 vestra
1906 1126 1960 1179 in
1995 1132 2142 1179 tanta
2173 1123 2380 1179 sollici-

795 1229 986 1282 tudine
1020 1240 1117 1279 nos
1164 1223 1401 1286 habeat;
1457 1235 1583 1275 nam
1615 1229 1664 1273 et
1702 1220 1805 1274 hoc
1836 1234 2091 1288 magnum
2126 1228 2209 1271 est
2236 1216 2382 1271 sola-

802 1326 938 1376 tium
968 1319 1210 1383 obtritis,
1248 1318 1390 1371 sicut
1422 1325 1476 1369 et
1506 1315 1843 1370 contrarium
1878 1313 2227 1366 vehementer
2248 1326 2382 1365 con-

796 1417 975 1470 tristat
1013 1428 1109 1466 eos
1151 1411 1244 1478 qui
1279 1410 1440 1463 talem
1469 1410 1726 1462 invocant
1761 1405 2118 1458 voluntatem.
2163 1402 2238 1457 De
2271 1419 2382 1473 quo

795 1517 850 1562 et
895 1504 1177 1574 Scriptura
1221 1502 1397 1556 dicit:
1440 1518 1458 1551 ι
1509 1498 1574 1552 Ει
1619 1495 1859 1551 sustinui
1902 1496 1997 1562 qui
2049 1494 2212 1548 simul
2247 1509 2382 1548 con-

795 1601 1134 1661 tristaretur,
1182 1605 1236 1650 et
1278 1609 1386 1648 non
1425 1590 1566 1657 fuit;
1617 1589 1989 1652 consolantes,
2039 1594 2093 1640 et
2140 1601 2250 1638 non
2293 1584 2382 1636 in-

796 1691 917 1746 veni
945 1691 985 1742 ¹.
1039 1708 1058 1740 ι
1121 1690 1181 1741 ln
1227 1684 1482 1741 omnibus
1531 1681 1678 1736 enim
1731 1676 2159 1734 communicatio
2209 1674 2381 1728 levius

794 1782 930 1838 facit
953 1796 1095 1836 onus
1131 1779 1331 1849 quibus
1363 1776 1496 1828 illud
1524 1772 1732 1828 ferendi
1763 1769 2060 1824 necessitas
2090 1763 2378 1820 incumbit.

796 1875 992 1944 Igitur,
1021 1882 1080 1926 ut
1099 1872 1234 1932 dixi,
1267 1865 1581 1936 huiusmodi
1608 1862 1808 1934 gaudio
1837 1860 2072 1915 fruimur
2098 1866 2153 1911 et
2174 1857 2380 1927 gratias

797 1963 910 2019 Deo
967 1969 1158 2017 sancto
1207 1959 1421 2030 agimus
1473 1956 1566 2025 qui
1616 1970 1711 2008 vos
1756 1953 1829 2006 ita
1883 1950 2074 2004 movit.
2125 1949 2381 2001 Attamen

799 2053 1036 2126 procella
1073 2066 1198 2122 quae
1227 2051 1299 2104 ob
1330 2057 1552 2120 peccata
1590 2055 1778 2100 nostra
1809 2044 1878 2097 ab
1924 2041 2082 2095 initio
2113 2039 2271 2092 nobis
2295 2038 2382 2090 iu-

796 2158 906 2204 stat
958 2146 1323 2202 nihilominus
1382 2143 1558 2195 adhuc
1611 2137 1786 2202 saevit,
1846 2151 1973 2190 cum
2029 2140 2382 2204 peccatorum

796 2248 1112 2294 nostrorqu
1158 2236 1337 2289 nubes
1380 2245 1710 2302 magnopere
1745 2227 2108 2290 concreverit,
2151 2226 2384 2279 necdum

798 2331 1133 2386 solutionem
1165 2341 1195 2379 a
1230 2325 1418 2379 divina
1455 2320 1833 2378 benevolentia
1873 2321 2184 2388 acceperit;
2218 2331 2384 2386 quam

801 2431 859 2476 tu
894 2420 1100 2476 sanctis
1129 2416 1385 2487 precibus
1418 2412 1629 2467 ﬂectas.
1673 2410 1840 2466 Forte
1882 2424 2008 2465 sero
2039 2411 2256 2464 tandem
2296 2421 2386 2460 se-

801 2510 1089 2564 renitatem
1144 2503 1296 2559 dabit
1345 2503 1505 2556 nobis
1565 2501 1742 2554 bonus
1796 2500 1958 2563 Deus,
2012 2509 2067 2554 et
2111 2498 2387 2568 respirare

798 2599 1060 2654 concedet
1104 2612 1258 2654 suam
1311 2593 1615 2649 Ecclesiam
1659 2592 1728 2645 ab
1773 2606 1835 2646 ca
1881 2606 1988 2661 qua
2039 2599 2252 2645 tenetur
2284 2604 2387 2642 an-

799 2692 1000 2762 εοεαε.

1141 2890 1302 2946 LXV.
1337 2891 1537 2945 Joanni
1570 2892 1815 2959 episcopo
1844 2891 2039 2945 Amisi.

873 3026 1004 3083 Tum
1033 3027 1350 3082 sanctitatis
1375 3027 1569 3081 litterae
1592 3027 1868 3096 duplicem
1897 3025 2056 3080 nobis
2079 3025 2388 3094 injccerunt

805 3137 1052 3184 sensum,
1128 3135 1194 3173 ex
1250 3121 1502 3190 Opposita
1561 3134 1728 3173 causa
1788 3120 2192 3188 procedentem.
2254 3117 2390 3172 Hinc

804 3215 952 3269 enim
995 3212 1238 3266 laetitiam
1281 3212 1639 3280 comparavit,
1687 3212 1830 3281 quod
1857 3212 1982 3264 vita:
2017 3218 2213 3264 vestra:
2245 3210 2388 3263 uoti-

806 3307 935 3362 tiam
966 3305 1125 3361 nobis
1152 3303 1560 3369 manifestavit;
1592 3303 1719 3356 hinc
1748 3312 1930 3356 autem
1961 3302 2178 3356 dolendi
2206 3300 2278 3355 1οι
2297 3316 2386 3354 uin

807 3400 958 3465 fecit,
995 3399 1141 3470 quod
1173 3397 1465 3453 didicimus
1497 3409 1548 3452 te
1588 3409 1699 3465 prae
1727 3395 1982 3449 violentis
2007 3403 2059 3448 et
2084 3394 2390 3448 ambitiosis

803 3488 1122 3546 inferiorem
1147 3487 1489 3552 discessisse,
1514 3490 1641 3543 dum
1669 3485 1869 3540 malam
1903 3486 1978 3539 illi
2008 3484 2391 3553 funestamque

807 3582 1098 3637 victoriam
1131 3581 1471 3635 retulissent.
1504 3579 1642 3633 lllud
1671 3589 1853 3632 autem
1884 3587 2221 3648 reputantes,
2246 3578 2389 3646 quod

810 3675 905 3730 Dei
948 3676 1126 3746 gratia
1171 3673 1380 3728 nullum
1417 3672 1577 3727 bona:
1613 3672 1912 3725 voluntatis
1943 3681 1996 3724 ct
2033 3672 2199 3724 studii
2228 3669 2394 3724 detri-

809 3776 1059 3822 mentum
1106 3780 1269 3835 passa
1317 3774 1400 3819 est
1435 3774 1524 3817 tua
1561 3765 1766 3828 virtus;
1819 3777 1921 3818 nec
1963 3774 2112 3816 certe
2141 3764 2390 3816 labarum

811 3873 952 3929 quos
1004 3874 1100 3928 per
1142 3856 1416 3912 dillieilem
1455 3857 1598 3908 viam
1641 3855 1857 3908 subiisti
1891 3855 2198 3908 mercedem
2224 3869 2253 3907 a
2281 3854 2393 3908 Deo

811 3953 909 4007 tibi
945 3953 1309 4021 abripuerunt
1351 3950 1444 4019 qui
1496 3949 1787 4002 victoriam
1840 3946 2093 4001 retulisse
2140 3946 2243 4000 sibi
2290 3945 2392 3999 visi

811 4053 962 4112 sunt,
1013 4045 1448 4100 consolationem
1496 4057 1604 4096 non
1649 4041 1921 4095 modicam
1970 4041 2280 4094 invenimus
2327 4053 2394 4091 ne

813 4137 1126 4192 doleremus
1151 4151 1168 4190 :
1197 4134 1342 4204 quod
1371 4143 1426 4188 et
1457 4142 1564 4187 tua:
1591 4133 1684 4186 liat
1706 4133 1892 4186 virtuti
1917 4147 2058 4200 quae,
2084 4130 2177 4184 Dei
2199 4129 2393 4198 gratia,

815 4229 1003 4283 omnia
1047 4227 1275 4280 materia
1329 4225 1497 4279 libera
1547 4233 1632 4278 est
1675 4233 1730 4278 et
1777 4223 1844 4276 ad
1894 4224 2010 4277 sola
2042 4223 2096 4275 in
2125 4234 2394 4275 aeternum

816 4329 1095 4376 reservata
1146 4319 1300 4373 lucra
1351 4318 1608 4372 intendit.
1651 4315 2092 4370 Contumeliosos
2125 4323 2310 4368 autem
2342 4322 2396 4367 et

815 4413 1114 4477 derisores,
1147 4410 1468 4480 quicunque
1508 4409 1640 4471 sint,
1671 4423 1794 4462 cum
1828 4407 2022 4460 iisdem
2049 4405 2396 4460 contumeliis

815 4515 872 4561 et
902 4503 1276 4560 derisionibus
1311 4501 1378 4554 ad
1422 4499 1656 4554 nihilqu
1683 4499 2031 4561 reducamus,
2059 4497 2208 4551 nullo
2234 4496 2398 4550 modo

2488 590 2675 644 λοιπὸν
2735 594 2879 648 οὕτω
2934 597 3226 666 γενήσεται
3258 600 3440 666 καθὼς
3471 607 3602 677 παρ’
3652 609 3812 676 ἡμῶν
3851 614 4066 682 ἐγράφη

2487 686 2599 748 τοῖς
2632 687 2775 740 κατά
2827 688 3012 760 χώραν
3050 691 3255 756 ἱκανοῖς
3313 691 3434 749 οὖσι
3484 698 3708 755 διοικεῖν
3742 701 3810 755 τὰ
3860 708 4067 774 γραφέ-

2491 795 2652 847 μενα.
2683 779 2764 832 Τὰ
2803 780 2848 832 δ’
2869 781 3004 836 ἄλλα
3039 784 3248 855 ἔρρωσό
3285 804 3374 856 μοι
3408 792 3505 860 τῆς
3547 793 3704 862 ἡμῶν
3733 799 4065 868 ταπεινότη.

2485 888 2577 935 τος
2606 874 2663 925 ἐν
2690 874 2814 936 ταῖς
2841 875 3022 939 ὁσίαις
3052 879 3240 948 εὐχαῖς
3272 897 3366 932 σου
3400 887 3776 956 μεμνημένος.

2906 984 3024 1043 ΞΔἏ
3066 991 3332 1060 Τρύφωνι
3371 995 3639 1063 μοναχῷ.

2555 1123 2836 1195 Χαῖρομεν
2866 1125 2951 1196 ἐφ’
2981 1121 3118 1199 οἷςή
3147 1130 3367 1200 ὁσιότης
3402 1134 3558 1204 ὑμῶν
3597 1134 3739 1189 οὕτω
3776 1140 3864 1194 διὰ
3900 1159 4068 1212 φρον-

2483 1211 2627 1275 τίδος
2656 1214 2768 1283 ἔχει
2795 1217 2997 1287 πολλῆς
3036 1220 3105 1270 τὰ
3135 1220 3383 1291 ἡμέτερα
3405 1239 3419 1254 ⁸
3455 1225 3580 1278 ἐπεὶ
3612 1227 3704 1279 καὶ
3736 1228 3896 1282 τοῦτο
3920 1211 4066 1300 μέγα

2486 1307 2840 1375 παραμύθιον
2899 1315 3012 1374 τοῖς
3063 1311 3432 1382 θλιϐομένοις,
3482 1315 3675 1391 ὥσπερ
3735 1320 3799 1392 δὴ
3856 1326 3951 1374 καὶ
4012 1327 4072 1377 τὸ

2487 1399 2732 1451 ἐναντίον
2774 1401 3025 1470 σφοδρῶς
3062 1406 3188 1475 ἀνιᾷ
3221 1406 3348 1470 τοὺς
3377 1408 3460 1470 είς
3498 1414 3853 1483 παράκλησιν
3885 1415 4074 1466 τοιαύ-

2489 1508 2586 1560 της
2609 1495 3004 1562 προαιρέσεως·
3043 1500 3174 1566 περὶ
3200 1493 3261 1553 οὗ
3293 1502 3389 1553 καὶ
3411 1502 3470 1554 τὸ
3493 1502 3691 1568 Λόγιον
3715 1497 3870 1576 φησι,
3907 1529 3926 1561 ι
3960 1511 4072 1562 Καὶ

2488 1581 2762 1650 ὑπέμεινα
2811 1584 3255 1656 συλλυπούμενον
3290 1593 3386 1644 καὶ
3427 1595 3526 1663 οὑχ
3557 1595 3789 1663 ὑπῆρξε·
3829 1601 3925 1651 καὶ
3964 1620 4072 1654 πα-

2489 1673 2891 1744 ρακαλοῦντας,
2925 1681 3018 1731 καὶ
3037 1681 3136 1750 οὑχ
3166 1681 3346 1752 εὖρον.
3376 1702 3394 1734 ι
3445 1686 3532 1738 Ἐν
3551 1691 3716 1742 παντὶ
3752 1691 3857 1761 γὰρ
3883 1709 4079 1745 κοινω-

2487 1765 2576 1818 νία
2605 1767 2937 1838 κουφότερον
2969 1776 3117 1824 ποιεῖ
3141 1775 3201 1826 τὸ
3229 1776 3392 1844 βάρος
3425 1777 3534 1830 τῶν
3557 1780 3808 1853 ἀνάγκην
3839 1787 4076 1853 ἐχόντων

2417 1891 2458 1945 Β
2488 1859 2676 1930 φέρειν
2709 1861 2862 1914 αὑτό.
2898 1863 2986 1926 Ὠς
3017 1862 3110 1916 οὖν
3138 1867 3276 1937 ἔφην
3304 1874 3480 1940 χαρᾶς
3512 1874 3569 1926 ἐν
3602 1874 3778 1945 τούτῳ
3799 1878 3878 1945 τῷ
3912 1881 4078 1948 μέρει

2486 1950 2860 2022 ἀπολαύομεν,
2895 1957 2988 2009 καὶ
3037 1957 3476 2030 εὐχαριστοῦμεν
3519 1965 3597 2034 τῷ
3642 1966 3784 2035 ἁγίῳ
3829 1966 3946 2037 Θεῴ
3996 1971 4075 2038 τῷ

2486 2041 2646 2096 τοῦτο
2696 2045 2840 2113 ὑμᾶς
2883 2049 3252 2115 συγκινοῦντι.
3312 2051 3459 2123 Πλὴν
3489 2058 3517 2106 ὁ
3545 2059 3753 2127 χειμὼν
3783 2063 3810 2112 ὁ
3839 2060 3926 2114 διὰ
3976 2062 4080 2122 τὰς

2487 2135 2764 2204 ἁμαρτίας
2796 2137 2952 2206 ἡμῶν
2979 2140 3038 2204 ἑξ
3073 2142 3246 2211 ἀρχῆς
3275 2145 3407 2214 ἡμῖν
3448 2147 3882 2219 ἐπιτεθειμένος,
3917 2153 4078 2206 οὐδὲν

2489 2228 2710 2282 ἔλαττον
2745 2231 2836 2283 καὶ
2872 2231 2953 2284 ἔτι
2995 2234 3267 2302 χειμάζει,
3303 2238 3523 2302 πάντως
3571 2239 3668 2293 τοῦ
3720 2244 3918 2312 νέφους
3967 2245 4080 2296 τῶν

2488 2322 2780 2391 ἡμετέρων
2818 2322 3158 2393 σφαλμάτων
3186 2326 3388 2397 πολλὴν
3422 2331 3519 2400 τὴν
3551 2333 3832 2386 πύκνωσιν
3865 2351 4079 2402 κεκτη-

2492 2412 2678 2480 μένον,
2714 2416 2809 2466 καὶ
2849 2413 3004 2470 οὑπω
3050 2417 3151 2484 τῆς
3184 2418 3370 2490 θεῖκῆς
3423 2423 3714 2490 εὐμενείας
3744 2425 3932 2478 λαϐεῖν
3979 2427 4083 2494 τὴν

2488 2504 2641 2558 λύσιν
2673 2505 2981 2570 ἐθέλοντος·
3022 2509 3088 2578 ἢν
3115 2513 3237 2574 ταῖς
3267 2516 3388 2576 σαῖς
3424 2515 3599 2579 ὁσίαις
3627 2515 3832 2579 ἐξιλέον
3859 2518 4081 2583 εὐχαῖς.

2491 2597 2652 2662 Ἴσως
2673 2599 2770 2668 ὀψέ
2817 2617 2948 2652 ποτε
2993 2600 3153 2654 δώσει
3188 2601 3408 2673 αἰθρίαν
3447 2607 3579 2676 ἡμῖν
3608 2608 3636 2658 ὁ
3668 2606 4083 2677 Φιλὰνθρωπος.

2493 2690 2586 2743 καὶ
2612 2692 2950 2746 ἀναπνεῦσαι
2980 2695 3257 2765 παράσχοι
3285 2698 3384 2766 τὴν
3421 2698 3756 2770 Ἐκκλησίαν
3795 2702 3896 2770 τῆς
3946 2718 4084 2754 σνν-

2493 2781 2726 2852 εχούσης
2754 2785 2920 2836 αὑτοῦ
2953 2786 3348 2858 χαλεπότητος.

2738 2896 2860 2953 ΞΕ’.
2912 2901 3162 2970 Ἰωάννῃ
3195 2903 3510 2972 ἐπισκόπῳ
3550 2910 3825 2977 Ἀμίσου.

2563 3034 2639 3087 Τὸ
2688 3035 2925 3104 γράμμα
2990 3037 3090 3106 τῆς
3153 3037 3310 3107 ὑμῶν
3363 3040 3648 3109 ὁσιότητος
3692 3044 3889 3114 διπλῆν
3948 3049 4095 3117 ἡμῖν

2495 3125 2782 3194 ἐνεποίησε
2828 3125 2928 3197 τὴν
2969 3127 3214 3180 διάθεσιν
3251 3131 3308 3196 ἐξ
3359 3133 3620 3185 ἐναντίων
3662 3138 4096 3206 προερχομένην

2492 3216 2602 3266 τῶν
2653 3217 2942 3284 ἀφορμῶν.
3000 3220 3065 3271 Ἢ
3097 3220 3337 3290 μὲνγὰρ
3401 3226 3784 3294 παρεσκεύαζε
3839 3232 4098 3298 χαίρειν,

2490 3305 2590 3374 τῆς
2622 3306 2896 3377 ὑμετέρας
2931 3307 3078 3376 ζωῆς
3109 3312 3211 3378 τὴν
3254 3312 3458 3378 γνῶσιν
3491 3316 3621 3383 ἡμῖν
3658 3318 4052 3386 ἐμφανίζουσα
4078 3339 4092 3352 '

2492 3399 2526 3465 ἠ
2558 3397 2614 3448 δὲ
2655 3398 3037 3453 τὸλυπεῖσθαι
3088 3403 3375 3473 προεξένει
3405 3421 3419 3434 ο
3470 3405 3539 3456 δι’
3590 3402 3665 3459 ὧν
3699 3410 4102 3478 ἐμανθάνομέν

2493 3488 2568 3550 ὠς
2604 3490 2756 3558 παρὰ
2790 3489 2901 3542 τῶν
2933 3489 3124 3559 βιαίων
3149 3497 3240 3544 καὶ
3266 3497 3404 3564 πρὸς
3440 3498 3609 3564 μόνην
3633 3499 3731 3569 τὴν
3760 3501 4099 3565 πλεονεξίαν

2493 3577 2766 3647 ὁρώντων,
2802 3579 2861 3629 τὸ
2893 3579 3120 3631 ἔλαττον
3148 3581 3309 3642 αὐτὸς
3351 3584 3677 3652 ἀπηνέγκω,
3701 3591 3880 3659 κακὴν
3909 3591 4099 3652 ὅντως

2496 3671 2592 3722 καὶ
2658 3669 2901 3737 ὀλέθριον
2971 3669 3130 3741 νίκην
3199 3673 3424 3726 ἐκείνων
3485 3677 3894 3747 νενικηκότωνιΔ
3943 3683 4105 3750 πλὴν

2495 3762 2673 3814 ἐκεῖνο
2727 3762 3148 3834 ἐνθυμηθέντες,
3184 3763 3266 3816 δτι
3317 3767 3500 3835 χάριτι
3560 3767 3695 3819 Θεοῦ
3749 3771 3903 3822 οὐδὲν
3950 3775 4101 3843 ἔζη-

2501 3855 2703 3924 μίωται
2734 3856 2768 3923 ἡ
2803 3856 2872 3925 σὴ
2921 3855 3116 3925 ἀρετὴ,
3152 3857 3254 3926 τῆς
3300 3860 3402 3928 σῆς
3444 3859 3661 3928 ἀγαθῆς
3702 3863 4104 3932 προαιρέσεως

2498 3946 2589 3999 καὶ
2617 3947 2874 4016 σπουδῆς.
2917 3947 3026 4000 Ναὶ
3059 3947 3121 4017 δὴ
3170 3948 3266 4000 καὶ
3294 3951 3387 4001 τοῦ
3424 3952 3590 4004 πόνον
3628 3953 3719 4004 καὶ
3753 3954 3860 4005 τῶν
3891 3973 3966 4008 κα
3977 3959 4105 4026 μά-

2496 4056 2626 4104 των,
2661 4037 2761 4102 οὑς
2792 4039 2880 4091 διὰ
2915 4039 3014 4107 τῆς
3049 4039 3293 4109 χαλεπῆς
3326 4041 3569 4112 ὑπέστης
3599 4044 3937 4115 ὁδοιπορίας,
3990 4053 4106 4102 οὑκ

2498 4132 2884 4200 ἀπεστέρησαν
2943 4133 3043 4200 τῆς
3119 4134 3268 4202 παρὰ
3335 4133 3474 4186 Θεοῦ
3541 4136 3980 4202 μισθαποδοσίας
4055 4146 4111 4194 εἰ

2499 4222 2750 4287 δόξαντες
2801 4223 3182 4301 ἀποφέρεσθαι
3231 4226 3330 4293 τὴν
3385 4226 3566 4292 νίκην,
3617 4228 3979 4296 παραμύθιον
4046 4239 4116 4285 οὐ

2502 4315 2701 4385 μικρὸν
2732 4313 2969 4385 εὖρομεν
3001 4315 3096 4367 τοῦ
3131 4316 3205 4385 μὴ
3254 4316 3566 4383 λυπεῖσθαι,
3594 4320 3731 4388 ὅπερ
3763 4324 3855 4373 καὶ
3901 4327 3978 4394 τῇ
4039 4331 4116 4395 σῇ

2500 4408 2672 4475 ἀρετῇ
2723 4407 2969 4473 γενέσθω
3025 4409 3209 4476 χάριτι
3256 4408 3390 4460 Θεοῦ
3439 4409 3622 4478 πάσης
3659 4411 3791 4481 ὖλης
3823 4411 4124 4486 ἐλευθέρᾳ

2501 4497 2868 4566 τυγχανούση,
2896 4499 2990 4550 καὶ
3033 4499 3171 4568 πρὸς
3205 4500 3345 4568 μόνα
3375 4501 3444 4554 τὰ
3472 4504 3813 4569 ἀποκείμενα
3845 4507 4120 4571 αἰωνίως

817 4605 1078 4653 curantes
1117 4595 1233 4651 sive
1279 4592 1642 4649 contumelias
1675 4592 1887 4662 pluant,
1928 4592 2043 4645 sive
2071 4591 2219 4644 aliud
2261 4589 2389 4659 quid

2501 4589 2668 4658 κέρδη
2705 4588 3050 4661 ἁτενιζούσῃ.
3084 4591 3224 4652 Τοὺς
3253 4592 3311 4642 δὲ
3344 4592 3610 4659 ὑδριστὰς
3642 4595 3736 4646 καὶ
3767 4594 4023 4664 εἴρωνας
4067 4602 4127 4653 οἱ

817 4689 1128 4759 excogitent
1172 4694 1362 4741 contra
1379 4700 1500 4738 nos.
1517 4683 1786 4738 Caeterum
1811 4681 1994 4735 valere
2008 4690 2058 4734 te
2077 4681 2235 4734 nobis
2262 4697 2398 4734 con-

821 4780 981 4834 cedat
1005 4778 1149 4833 Deus
1172 4786 1420 4840 sanctus,
1451 4789 1748 4829 memorem
1800 4780 2004 4827 nostrze
2047 4772 2392 4826 humilitatis.

817 4875 942 4928 τίδα
995 4874 1335 4943 ποιούμενοι,
1390 4869 1503 4922 εἴτε
1561 4867 1857 4921 πλύνουσιν
1909 4865 2153 4935 ὕϐρεσιν,
2205 4867 2314 4920 εἴτε
2354 4883 2406 4919 τι
2448 4866 2637 4937 ἕτερον
2719 4870 2798 4930 εἰς
2846 4867 3092 4923 ἐπίνοιαν
3139 4872 3368 4940 φέρουσι
3425 4872 3520 4922 τοῦ

2505 4698 2647 4743 τινες
2676 4681 2806 4731 ποτέ
2836 4684 2943 4732 εἰσι
2979 4684 3115 4750 μετὰ
3147 4683 3246 4749 τῆς
3288 4683 3461 4752 αὑτῆς
3495 4684 3810 4753 δυσφημίας
3860 4688 3968 4739 καὶ
4034 4693 4127 4742 εἰ-

2507 4773 2729 4843 ρωνίας,
2766 4773 2844 4834 εἰς
2875 4773 2936 4826 τὸ
2969 4776 3136 4844 μηδὲν
3165 4776 3586 4847 ἀπορῤίῲωμεν,
3619 4778 3896 4846 μηδεμίαν
3923 4797 4132 4849 φρον-

3615 4872 3738 4924 καθ*
3770 4875 3937 4942 ἡμῶν
3992 4883 4136 4935 ἐστι⁹

818 4964 1156 5020 δείκνυσθαι.
1209 4965 1288 5017 Τὰ
1317 4963 1361 5015 δ’
1389 4964 1526 5018 ἄλλα
1553 4963 1832 5035 ἐρρῶσθαι
1861 4981 1919 5017 σε
1958 4966 2091 5036 ἡμῖν
2119 4965 2392 5034 παράσχοι
2417 4967 2444 5017 ὁ
2476 4964 2630 5032 ἅγιος
2662 4963 2818 5028 Θεὸς,
2852 4966 3208 5034 μεμνημένον
3258 4966 3359 5035 τῆς
3411 4966 3572 5035 ἡμῶν
3626 4969 4025 5040 μετριότητος,

1387 5083 1572 5138 LXVI.
1605 5083 1834 5140 Incerto.

899 5197 1102 5254 Dilecte
1146 5199 1306 5254 nobis
1358 5197 1466 5264 lili;
1508 5214 1595 5253 res
1623 5199 1824 5265 evenit,
1863 5210 1921 5254 ut
1964 5201 2188 5270 quidam
2223 5203 2399 5266 aiunt,

827 5293 1053 5348 minime
1091 5293 1255 5363 digna
1285 5293 1390 5348 ista
1433 5293 1591 5359 urbe,
1620 5293 1676 5347 in
1707 5309 1815 5363 qua
1857 5295 2040 5349 omnis
2062 5296 2217 5360 ordo,
2241 5296 2403 5349 disci-

825 5385 972 5454 plina
1003 5384 1315 5439 Christiana
1340 5394 1393 5439 et
1419 5385 1595 5454 pietas
1622 5397 1831 5455 regnat,
1852 5396 1906 5440 et
1934 5402 2098 5441 omne
2120 5387 2404 5456 sapientia:

826 5477 1042 5531 culmen
1082 5484 1137 5531 et
1176 5490 1349 5531 sacrae
1395 5477 1807 5532 constitutionis
1855 5478 2168 5544 sinceritas,
2230 5495 2404 5548 neque

832 5565 1127 5624 Ecclesiam
1177 5567 1387 5623 doloris
1439 5579 1535 5624 aut
1594 5570 2041 5640 reprehensionis
2102 5571 2401 5626 immunem

831 5671 1118 5731 praestans.
1172 5660 1325 5715 Talia
1357 5661 1507 5717 enim
1554 5661 1813 5719 dicuntur
1863 5662 2006 5720 facta
2055 5679 2178 5721 esse
2223 5662 2405 5733 qualia

900 5840 917 5873 ⁸
959 5839 1106 5899 Psal.
1133 5855 1323 5901 uvm.
1352 5841 1444 5897 21.

3088 5083 3225 5152 εςν.
3275 5083 3526 5151 uanam.

2581 5199 2785 5253 Τέκνον
2845 5214 2946 5266 μου
3004 5195 3404 5266 ἠγαπημένον·
3459 5196 3692 5264 πρᾶγμα
3742 5197 3984 5262 ἐγένετο
4054 5205 4141 5268 ὡς

2500 5291 2724 5361 λέγουσί
2772 5307 2920 5352 τινες
2968 5291 3109 5359 μήτε
3167 5291 3232 5359 τῇ
3278 5289 3406 5360 δόξῃ
3459 5288 3671 5356 πρέπον
3727 5288 3824 5355 τῆς
3885 5292 4140 5356 πόλεωὲ

2503 5384 2705 5453 ταύτης
2758 5383 2816 5433 ἐν
2925 5381 3076 5432 πᾶσα
3107 5379 3261 5442 τάξις
3305 5376 3656 5446 χρισειανικὴ
3690 5378 3784 5428 καὶ
3815 5380 3989 5431 πᾶσα
4029 5386 4102 5436 εξ,

2506 5477 2692 5530 σέϐεια
2737 5472 3106 5538 πολιτεύεται,
3138 5473 3234 5523 καὶ
3279 5473 3430 5523 πᾶσα
3465 5471 3659 5538 σοφίας
3707 5471 3972 5539 ἀκρότης
4030 5481 4142 5526 καὶ

2507 5572 2660 5641 ἱερᾶς
2705 5565 3096 5627 καταστάσεως
3144 5563 3426 5635 ἀκρίϐεια,
3459 5564 3600 5633 μήτε
3644 5562 3706 5613 τὸ
3754 5562 3986 5616 ἄλυπον
4031 5571 4144 5621 καὶ

2507 5663 2798 5734 ἄμεμπτον
2825 5663 2892 5730 τῇ
2923 5659 3224 5728 Ἐκκλησία⁵
3259 5655 3656 5727 παρεχόμενον.
3692 5654 3950 5725 Λέγουσι
4010 5664 4141 5731 γὰρ
