4182 6428
740 388 842 450 267

1850 385 2155 447 NICOLAI
2194 388 2301 450 GP.
2343 387 2619 448 PATR’IA
2633 391 2850 451 RCl’I/E

3870 409 3982 473 268

739 495 1059 566 ἅδιάϐλητον
1086 494 1171 547 διὰ
1203 493 1299 564 τὴν
1345 494 1591 566 ἀνάγκην
1625 495 1714 548 καὶ
1747 495 2138 566 ἀκατάκριτον.
2179 498 2303 552 Ἐάν
2341 499 2396 552 δὲ
2433 498 2589 568 μείνῃ
2623 499 3017 570 ἀθεράπευτον,
3061 502 3184 558 οὔτε
3215 507 3246 578 η
3315 513 3565 583 παροῦσα
3641 523 3820 587 γενεὰ,
3858 526 3982 580 οδτε

738 597 770 665 η
805 589 940 662 μετὰ
989 587 1163 642 ταῦτα
1195 589 1430 659 ἐσομένη
1469 589 1824 658 ἀδιαϐλήτους
1858 590 2005 658 ἡμᾶς
2036 591 2128 642 καὶ
2164 591 2568 664 ἀκατακρίτους
2599 595 2871 650 ἐάσουσιν.

1321 702 1475 758 LVII.
1521 701 1752 759 Incerto.

810 820 1010 875 Dilecto
1045 819 1140 882 fili,
1166 834 1261 888 pro
1292 816 1554 885 obsequio
1579 825 1632 870 et
1658 817 1957 873 reverentia
1989 833 2151 887 quam
2185 832 2309 888 erga

743 908 830 962 Dei
870 909 1167 964 Z‘chlesiam
1205 906 1373 962 habes
1405 917 1459 961 et
1490 916 1544 960 tn
1583 917 1639 962 et
1684 909 1859 962 caeteri
1895 909 2130 963 illustres
2165 907 2307 963 sacri

740 1002 922 1069 palatii
973 999 1266 1068 principes,
1316 1013 1626 1067 precamur,
1679 999 1804 1051 licet
1837 1009 2172 1066 peccatores,
2207 1000 2308 1054 do-

738 1091 856 1144 nari
907 1091 1058 1143 vobis
1108 1100 1368 1143 aeternam
1417 1090 1534 1159 ejus
1579 1087 1804 1156 gloriam
1854 1098 1908 1143 et
1945 1089 2227 1156 honorem,
2256 1097 2305 1145 et

737 1179 1148 1234 misericordem
1190 1177 1479 1234 Dominum
1526 1185 1772 1232 nostrum
1812 1177 2088 1234 Christum
2135 1179 2304 1234 Deum

733 1285 856 1325 esse
908 1268 1168 1325 omnibus
1224 1269 1418 1324 vestris
1462 1268 1806 1324 orationibus
1859 1269 2200 1337 audientem,
2257 1281 2308 1326 et

736 1363 961 1429 implere
1004 1363 1268 1416 salutares
1309 1369 1520 1415 vestras
1551 1361 1969 1431 postulationes.
2007 1363 2069 1416 Et
2095 1363 2309 1418 confide

734 1452 1176 1508 miserationibus
1211 1451 1332 1522 ejus
1383 1452 1453 1505 ita
1493 1451 1606 1506 fore
1644 1453 1697 1506 in
1737 1467 1834 1507 vos
1872 1463 1928 1506 ut.
1975 1463 2029 1507 et
2071 1470 2164 1508 vos
2207 1455 2307 1523 ipsi

736 1546 787 1597 in
835 1552 1078 1597 sanctam
1140 1545 1260 1614 ejus
1309 1543 1611 1598 Ecclesiam
1660 1545 1913 1612 dispositi
1943 1544 2144 1598 fuistis.
2203 1545 2304 1608 Qui

732 1635 876 1687 enim
911 1635 1045 1687 dixit
1078 1650 1091 1686 :
1149 1652 1166 1684 ι
1201 1633 1471 1701 Quidquid
1503 1633 1593 1684 uni
1626 1647 1690 1686 ex
1734 1633 1856 1687 istis
1886 1634 2125 1688 minimis
2160 1634 2306 1688 fece-

733 1726 872 1791 ritis,
907 1727 1040 1778 mihi
1071 1724 1336 1786 fecistis',
1379 1740 1397 1772 ›
1440 1721 1719 1790 quomodo
1774 1739 1883 1778 non
1917 1739 2151 1778 vesu'am
2180 1741 2302 1795 erga

733 1827 975 1870 sanctam
1024 1816 1142 1881 ejus
1191 1812 1492 1868 Ecclesiam
1533 1815 1920 1868 verecundiam
1967 1824 2021 1870 et
2067 1817 2306 1871 submis-

732 1909 942 1962 sionem
987 1905 1158 1960 multo
1202 1907 1374 1975 magis
1417 1906 1761 1976 rependerit?
1809 1905 1915 1962 Sed
1946 1909 2057 1962 haec
2087 1899 2317 1977 quidem'

2976 715 3094 768 EZ'.
3142 717 3392 786 Ἀδήλῳ.

2486 818 2683 876 Τέκνον
2714 842 2815 895 μου
2845 826 3234 897 ἠγαπημένον,
3265 834 3386 887 ἀντὶ
3419 835 3518 904 τῆς
3548 842 3853 909 εὑπειθειας
3884 865 3983 904 και

2410 914 2509 983 τῆς
2540 919 2728 986 τιμῆς,
2762 921 2826 990 ἢν
2853 920 2989 990 πρὸς
3040 927 3139 992 τὴν
3163 925 3253 976 τοῦ
3286 925 3419 978 Θεοῦ
3455 927 3784 1000 Ἐκκλησίαν
3810 937 3975 1006 ἔχεις,

2411 1007 2508 1056 καὶ
2535 1009 2696 1072 αὐτὸς
2733 1011 2829 1063 καὶ
2865 1014 2912 1063 οἱ
2941 1012 3122 1064 λοιποὶ
3158 1015 3356 1083 ἔνδοξοι
3385 1018 3476 1071 τοῦ
3512 1019 3657 1088 ἱεροῦ
3712 1028 3975 1082 παλατίου

2409 1096 2687 1166 ἄρχοντες,
2719 1103 2988 1172 εὐχόμεθα
3018 1105 3066 1156 εί
3095 1105 3193 1157 καὶ
3231 1109 3546 1176 ἁμαρτωλοὶ
3579 1113 3796 1182 δοθῆναι
3844 1122 3975 1188 ὑμῖν

2407 1187 2508 1259 τὴν
2534 1189 2752 1244 αἰώνιον
2804 1195 2963 1260 δόξαν
3000 1196 3164 1249 αὑτοῦ
3217 1201 3310 1250 καὶ
3360 1202 3548 1273 τιμὴν,
3583 1206 3674 1258 καὶ
3718 1202 3857 1263 εἶναι
3882 1187 3976 1266 τὸν

2411 1279 2790 1351 φιλάνθρωπον
2846 1286 3122 1358 Δεσπότην
3155 1289 3383 1358 Χριστὸν
3416 1294 3590 1362 ἡμῶν,
3623 1300 3713 1350 καὶ
3758 1298 3888 1352 Θεὸν
3917 1305 3980 1355 ἐν

2411 1370 2612 1462 πάσαις
2641 1376 2760 1436 ταῖς
2800 1376 3083 1445 αίτήσεσιν
3118 1380 3268 1448 ὑμῶν
3296 1381 3525 1452 εὐπειθῆ
3568 1387 3662 1440 καὶ
3686 1389 3976 1462 ἐκπληρω-

2409 1461 2509 1531 τὴν
2549 1463 2657 1517 τῶν
2691 1467 2976 1536 σωτηρίων
3023 1468 3178 1539 ὑμῶν
3227 1473 3576 1541 αἰτημάτων·
3610 1481 3704 1532 καὶ
3737 1461 3983 1535 πιστεύω

2408 1553 2520 1614 τοῖς
2572 1555 2878 1623 οίκτιρμοῖς
2923 1560 3110 1621 αὑτοῦ,
3149 1561 3230 1614 ὅτι
3283 1563 3452 1626 οὕτως
3499 1568 3792 1635 γενήσεται
3844 1573 3984 1641 πρὸς

2408 1641 2575 1711 ὑμᾶς.
2612 1642 2801 1714 ὥσπερ
2843 1650 2938 1700 καὶ
2969 1651 3127 1704 αὐτοὶ⁵
3161 1653 3297 1723 πρὸς
3324 1657 3426 1726 τὴν
3458 1658 3617 1724 ἁγίαν
3649 1662 3809 1714 αὐτοῦ
3852 1664 3981 1717 Ἐκο

2407 1734 2634 1804 κλησίαν
2654 1735 2944 1806 διετέθητε.
2977 1738 3034 1791 Ὀ
3065 1742 3174 1809 γὰρ
3202 1745 3393 1810 εἰπὼν,
3429 1766 3447 1799 ι
3472 1749 3586 1816 Ἐφ’
3613 1749 3732 1802 ὅσον
3761 1752 3839 1805 ἑνὶ
3869 1755 3981 1806 τῶν

2407 1828 2708 1898 ἐλαχίστων
2738 1828 2941 1881 τούτων
2967 1833 3279 1902 ἐποιήσατε,
3308 1837 3430 1903 ἐμοὶ
3459 1841 3770 1910 ἐποιήσατε,
3801 1861 3818 1894 ι
3853 1847 3972 1906 πῶς

2409 1919 2529 1988 οὐχὶ
2567 1919 2666 1988 τὴν
2717 1921 2854 1990 πρὸς
2898 1922 2996 1986 τὴν
3039 1923 3200 1991 ἁγίαν
3232 1926 3396 1979 αὐτοῦ
3434 1930 3758 2002 Ἐκκλησίαν
3809 1937 3981 2006 τιμὴν

731 1999 796 2054 de
849 2009 1030 2053 vestra
1082 2001 1136 2052 in
1191 1997 1358 2053 Deum
1401 2000 1537 2052 bona
1585 2000 1883 2053 voluntate.
1942 1999 2075 2055 Tres
2121 2011 2301 2054 autem

2409 2012 2559 2080 ὑμῶν
2584 2014 2676 2063 καὶ
2706 2014 2734 2064 ὑ
2751 2016 2985 2082 ποταγὴν
3007 2019 3302 2089 ἀμείψεται
3327 1997 3746 2090 πολλαπλασίως
3767 2045 3781 2094 ;
3819 1997 3982 2086 Ἀλλὰ

733 2092 1128 2159 metropolitas,
1161 2091 1290 2159 quia
1332 2088 1642 2158 principum
1693 2089 1986 2142 multitudo
2035 2103 2142 2142 non
2174 2090 2302 2144 sinit

734 2192 793 2236 ut
824 2183 891 2235 ad
926 2197 1026 2235 nos
1066 2183 1307 2245 veniant,
1336 2179 1612 2234 mittemus
1646 2181 1734 2247 qui
1781 2179 1835 2234 in
1885 2194 2044 2234 sacro
2075 2181 2300 2250 palatio,

731 2289 916 2328 coram
948 2284 1018 2336 te,
1054 2273 1125 2326 [ili
1170 2273 1268 2339 mi,
1311 2279 1367 2327 et
1396 2271 1716 2342 conspicuis
1745 2271 2104 2342 principibus,
2143 2283 2305 2342 quot-

727 2374 863 2435 quot
890 2365 1092 2418 inventi
1122 2363 1347 2430 fuerint,
1383 2363 1664 2420 definitam
1701 2379 1918 2434 poenam
1947 2365 2099 2421 vobis
2129 2366 2301 2435 signi-

731 2459 912 2514 licent.
955 2457 1092 2512 Illud
1137 2465 1317 2511 autem
1360 2467 1413 2511 et
1441 2472 1536 2512 vos
1571 2458 1939 2521 contristabit,
1978 2473 2085 2512 non
2120 2468 2301 2513 autem

727 2552 986 2617 oﬂ‘endet,
1018 2561 1069 2606 et
1099 2551 1165 2606 iis
1198 2552 1288 2619 qui
1323 2557 1515 2604 contra
1549 2549 1846 2604 Ecclesiam
1894 2551 1989 2604 Dei
2014 2552 2302 2620 insurgunt

728 2641 1052 2696 seditionum
1089 2639 1233 2692 viam
1283 2637 1628 2692 intercludet.
1664 2639 1864 2693 lterum
1914 2650 2095 2695 autem
2136 2641 2297 2697 dico:

727 2733 869 2786 Deus
901 2731 994 2800 qui
1023 2739 1242 2801 propter
1284 2731 1515 2784 salutem
1549 2729 1771 2782 humani
1817 2732 2029 2800 generis
2065 2732 2306 2802 cruciligi

728 2839 787 2878 se
837 2823 1029 2887 voluit,
1077 2838 1177 2892 pro
1225 2831 1404 2876 vestra
1455 2821 1787 2891 benignitate
1834 2829 1890 2876 et
1936 2822 2160 2876 salutari
2210 2823 2303 2876 illa

731 2915 1036 2968 humilitate
1065 2913 1265 2968 exaltet
1287 2923 1340 2966 et
1362 2912 1429 2965 ad
1461 2912 1664 2966 bonum
1690 2912 1898 2966 exitum
1917 2911 2115 2984 dirigat
2141 2914 2304 2984 quid-

728 3007 856 3075 quid
881 3005 1150 3076 cogitatis,
1186 3003 1370 3068 vultis,
1407 3003 1588 3074 agitis.

2407 2102 2581 2156 ταῦτα
2616 2103 2714 2172 μὲν
2752 2105 3010 2175 περὶτῆς
3047 2109 3332 2178 θεοφιλοῦς
3392 2115 3546 2184 ὑμῶν
3580 2122 3981 2188 προαιρέσεως·

2413 2193 2812 2263 μητροπολίτας
2845 2197 2900 2248 δὲ
2953 2199 3370 2272 ἁποστελοῦμεν
3419 2210 3607 2275 τρεῖς,
3669 2211 3790 2262 ἐπεὶ
3844 2212 3984 2282 πρὸς⁵

2409 2286 2557 2354 ἡμᾶς
2588 2286 2647 2338 τὸ
2677 2287 2879 2356 πλῆθος
2899 2288 3007 2344 τῶν
3031 2291 3308 2361 ἀρχόντων
3327 2296 3571 2350 ἀνελθεῖν
3599 2301 3698 2355 οὐκ
3720 2302 3971 2374 ἐγχωρεῖ,

2409 2375 2496 2429 ἵνα
2553 2379 2750 2431 ἐκεῖνοι
2782 2381 2841 2432 ἐν
2870 2381 2948 2449 τῷ
3005 2384 3134 2453 ιερῷ
3193 2385 3441 2458 παλατίῳ
3491 2393 3829 2447 κατενώπιόν
3859 2412 3980 2459 σου,

2409 2466 2596 2521 τέκνον
2620 2470 2800 2539 ἡμῶν,
2833 2474 2938 2524 καῖε
2969 2473 3077 2526 τῶν
3108 2477 3486 2545 περιϐλέπτων
3537 2481 3837 2550 ἀρχόντων,
3863 2485 3983 2536 ὅσοι

2407 2556 2473 2611 ἂν
2505 2559 2772 2630 εύρεθῶσι
2798 2563 2860 2615 τὸ
2893 2565 3111 2636 ὁρισθὲν
3143 2569 3420 2638 ἐπιτίμιον
3448 2574 3788 2644 γνωρίσωσιν
3824 2575 3978 2645 ὑμῖν.

2405 2647 2578 2702 Τοῦτο
2601 2650 2657 2703 δὲ
2684 2651 2837 2706 ἐσται
2868 2657 2963 2708 καὶ
2994 2657 3140 2726 ὑμᾶς
3179 2659 3405 2726 λυποῦν,
3441 2663 3573 2732 μηδὲ
3606 2666 3700 2716 καὶ
3724 2665 3983 2734 βαρῦνον,

2405 2741 2502 2794 καὶ
2546 2745 2660 2805 τοῖς
2695 2744 2954 2810 πολλάκις
3017 2747 3158 2801 κατὰ
3203 2748 3298 2818 τῆς
3354 2752 3679 2824 Ἐκκλησίας
3715 2756 3805 2808 τοῦ
3839 2757 3980 2810 Θεοῦ

2409 2831 2759 2904 ἐφεδρεύουσι
2790 2837 2884 2890 καὶ
2911 2839 3256 2908 κινουμένοις
3279 2842 3571 2894 άποκλεῖον
3596 2845 3695 2913 τὴν
3727 2846 3944 2917 κίνησιν
3962 2862 3980 2876 ο

2409 2923 2506 2975 καὶ
2553 2925 2714 2978 πάλιν
2743 2927 2798 2979 δέ
2849 2947 3024 3000 φημι·
3061 2932 3159 3003 Είη
3189 2935 3218 2985 ὁ
3246 2932 3380 2996 Θεὸς
3406 2935 3434 2987 ὸ
3463 2933 3549 2987 διὰ
3578 2933 3675 3005 τὴν
3704 2937 3984 3006 σωτηρίαν

2410 3013 2506 3066 τοῦ
2546 3017 2736 3084 γένους
2769 3021 2877 3073 τῶν
2919 3023 3223 3092 ἀνθρώπων
3254 3026 3630 3097 σταυρωθῆναι
3684 3026 3987 3091 καταδεξά.

733 3117 891 3167 μενος
932 3099 1054 3151 ἀντ’ι
1095 3099 1192 3167 τῆς
1239 3096 1539 3160 ἐπιεικείας
1574 3095 1750 3167 ὑμῶν,
1778 3099 2001 3168 καὶτῆς
2032 3098 2298 3169 σωτηρίου
2339 3105 2543 3178 ταύτης
2573 3109 3063 3179 ύποκατακλίσεως
3125 3118 3343 3187 ἁνυψίυν
3379 3095 3470 3172 καὶ
3531 3095 3846 3174 Ἵκατευοδῶν
3881 3123 3983 3175 καὶ

730 3195 797 3247 τά
850 3194 1173 3264 φρονήματα
1231 3189 1386 3260 ὑμῶν
1441 3189 1533 3240 καὶ
1566 3189 1633 3241 τά
1685 3187 2032 3259 βουλεύματα
2084 3191 2180 3242 καὶ
2229 3191 2298 3245 τὰ
2337 3198 2663 3269 πράγματα,

1277 3300 1508 3356 LXVIII.
1544 3301 1773 3356 Incerto.

799 3421 1061 3478 Perlectis
1090 3419 1197 3473 tuis
1225 3419 1446 3481 litteris,
1475 3417 1547 3470 lili
1579 3425 1784 3482 noster,
1815 3417 2052 3485 primum
2082 3419 2304 3488 quidem

730 3519 797 3570 de
851 3509 1409 3568 circumvenientibus
1464 3521 1562 3561 vos
1624 3508 1891 3573 angustiis
1958 3508 2306 3562 vehementer

731 3608 911 3662 animo
950 3605 1247 3660 doluimus.
1280 3600 1566 3665 Quomodo
1608 3599 1752 3653 enim
1789 3614 1897 3653 non
1931 3599 2162 3652 multum
2210 3599 2306 3652 do-

731 3701 950 3755 lendum
1003 3698 1158 3751 nobis
1199 3695 1390 3748 fuisset
1436 3692 1784 3747 audientibus
1817 3692 1870 3744 in
1901 3689 2096 3745 talibus
2138 3688 2306 3743 mole-

734 3793 854 3847 stiis
889 3800 938 3845 te
968 3787 1150 3852 obrui,
1177 3787 1249 3840 Iili
1283 3783 1627 3840 noster'iSed
1659 3783 1964 3837 litterarum
1989 3791 2202 3835 tuarum
2229 3783 2308 3836 ul-

733 3887 862 3938 tima
922 3881 1087 3936 verba
1155 3877 1311 3932 nobis
1387 3875 1639 3932 solamini
1705 3873 1963 3938 fuerunt,
2025 3887 2147 3928 cum
2207 3888 2307 3928 nos

732 3977 996 4033 certiores
1027 3972 1258 4026 fecerint
1290 3968 1380 4024 illa
1412 3967 1650 4022 diflicilia
1710 3965 1804 4021 Dei
1835 3966 2007 4036 gratia
2039 3964 2303 4034 dirempta

733 4081 854 4124 esse
885 4063 1148 4136 pericula,
1192 4071 1351 4130 teque
1402 4067 1718 4127 susceptum
1757 4071 1880 4111 cum
1933 4055 2107 4111 salute
2138 4055 2305 4111 fuisse

733 4161 790 4215 in
805 4156 1251 4213 Chersonitarum
1272 4151 1422 4206 urbe.
1449 4148 1514 4203 Et
1542 4163 1754 4204 summe
1776 4147 1951 4203 bonus
1975 4147 2139 4212 Deus,
2167 4162 2306 4218 quo-

736 4252 882 4305 niam
937 4247 1070 4301 nihil
1116 4245 1259 4314 apud
1306 4242 1556 4296 homines
1598 4240 1823 4309 planum
1849 4248 1932 4295 est
1963 4253 2064 4293 nec
2095 4236 2305 4292 vicissi-

737 4342 940 4398 tudinis
983 4352 1197 4408 expers,
1229 4336 1307 4390 sic
1356 4347 1502 4387 tuam
1535 4331 1766 4386 deducat
1797 4331 1964 4384 vitam
2016 4339 2073 4384 ut
2115 4329 2303 4383 ultima

739 4448 953 4491 tuarum
1020 4432 1320 4486 litterarum
1387 4424 1550 4480 verha
1610 4423 1769 4477 nobis
1818 4421 2304 4476 annuntiaverunt.

741 4527 895 4594 Quod
947 4524 1014 4576 ad
1072 4522 1388 4589 episcopum
1438 4515 1736 4568 Chersonis
1793 4514 2007 4579 attinet,
2059 4511 2307 4566 meminit

741 4628 831 4672 tua
864 4616 1131 4685 sapientia
1173 4625 1271 4663 nos
1307 4606 1526 4677 proprio
1573 4619 1668 4660 ore
1707 4604 1933 4667 dixisse,
1981 4612 2034 4656 et
2078 4617 2170 4671 per
2207 4601 2303 4655 has

2975 3318 3104 3372 ειν.
3150 3319 3391 3389 Ἀδιξλφ.

2479 3429 2560 3481 Τά
2589 3428 2895 3499 γράμματά
2918 3447 3036 3493 σου,
3062 3431 3253 3484 τέκνον
3282 3433 3461 3500 ἡμῶν,
3484 3432 3980 3501 ἀναγινώσκοντες,

2407 3521 2622 3589 πρῶτον
2657 3521 2755 3586 μὲν
2795 3521 2886 3574 ἐπὶ
2930 3523 3053 3583 ταῖς
3086 3521 3523 3585 καταλαϐούσαις
3554 3524 3694 3591 ὑμᾶς
3745 3527 3985 3593 χαλεπό-

2406 3627 2563 3680 τησιν
2587 3609 2940 3680 ὠδυνήθημεν
2975 3611 3221 3680 σφοδρῶς
3275 3613 3377 3681 την
3429 3613 3678 3680 καρδίαν.
3710 3615 3832 3676 Πῶς
3863 3614 3984 3683 γὰρ

2406 3702 2505 3754 οὐκ
2533 3700 2833 3771 ἐμέλλομεν
2868 3701 3103 3771 σφοδρὰν
3129 3703 3382 3771 δέχεσθαι
3423 3704 3519 3773 τὴν
3563 3701 3756 3771 ὀδύνην
3797 3706 3988 3757 τοιού-

2407 3809 2518 3855 τοις
2551 3792 2746 3845 πάθεσι
2789 3793 3149 3861 μανθάνοντες
3211 3793 3642 3863 ἐμπεπτωκέναι
3676 3811 3757 3856 σε,
3783 3794 3986 3847 τέκνον

2410 3884 2594 3953 ἡμῶνς
2660 3881 2820 3936 Ἀλλά
2872 3884 2942 3935 τά
2996 3883 3091 3936 τοῦ
3143 3886 3469 3953 γράμματος
3524 3885 3728 3956 ἔσχατα
3773 3887 3986 3938 ἔδωκεν

2407 3978 2745 4030 ἀναπνεῦσαι
2773 3977 2901 4046 ἡμῖν
2919 3975 3241 4028 διδάσκοντα
3264 3973 3399 4026 Θεοῦ
3433 3976 3615 4045 χάριτι
3654 3975 3775 4037 τοὺς
3808 3975 3982 4044 χαλε-

2408 4065 2540 4127 ποὺς
2568 4064 2809 4124 ἐκείνους
2843 4061 3189 4117 διαλελύσθαι
3218 4060 3522 4123 κινδύνους,
3554 4062 3645 4114 καὶ
3689 4063 3786 4131 τὴν
3818 4065 3988 4131 ὑμῶν

2409 4156 2549 4225 μετὰ
2581 4156 2856 4225 σωτηρίας
2881 4153 3187 4223 κατάληψιν
3218 4153 3276 4206 ἐν
3317 4157 3383 4223 τῇ
3446 4152 3553 4205 τῶν
3612 4154 3982 4223 Χερσωνιτῶν

2407 4247 2592 4299 πόλει·
2628 4247 2722 4299 καὶ
2771 4247 2860 4316 εἴη
2888 4248 2914 4299 ό
2950 4244 3298 4316 ύπτράγαθος
3342 4244 3495 4305 Θεὸς,
3528 4245 3648 4296 ἐπεὶ
3683 4244 3835 4297 οὐδὲν
3863 4245 3982 4296 τῶν

2405 4341 2463 4392 ἐν
2486 4337 2795 4406 ἀνθρώποις
2816 4338 3020 4407 ὁμαλὸν
3042 4337 3160 4389 ούδέ
3180 4336 3348 4406 χωρὶς
3377 4335 3774 4406 περιστάσεως,
3795 4333 3980 4398 οὕτως

2405 4429 2503 4500 τὴν
2565 4430 2662 4500 σὴν
2706 4428 2969 4494 διεξάγων
3020 4427 3201 4497 ζωὴν,
3233 4426 3423 4494 ὥσπερ
3493 4426 3562 4480 τά
3611 4426 3816 4496 ἔσχατα
3871 4425 3980 4479 τοῦ

2405 4520 2732 4589 γράμματος
2767 4519 2909 4588 ἡμᾶς
2942 4517 3243 4583 άνεδίδαξε.
3272 4517 3406 4587 Περὶ
3441 4516 3497 4569 δὲ
3543 4516 3638 4569 τοῦ
3672 4517 3982 4570 ἐπισκόπου

2405 4610 2506 4679 τῆς
2554 4608 2839 4678 Χερσῶνος
2886 4608 3160 4677 μέμνηται
3200 4624 3294 4658 σου
3326 4609 3358 4676 ἡ
3391 4607 3571 4676 ἀγαθὴ
3615 4609 3853 4670 σύνεσις,
3889 4608 3984 4661 δτι

738 4707 947 4758 litteras
984 4715 1128 4753 nunc
1171 4698 1332 4752 etiam
1381 4704 1569 4749 notum
1604 4692 1853 4755 facimus,
1890 4707 2012 4755 nos,
2043 4707 2163 4746 cum
2197 4692 2303 4746 huc

2410 4701 2502 4751 καὶ
2551 4699 2778 4769 στόματι
2826 4699 3014 4768 οἰκείῳ
3048 4697 3586 4767 προσωμιλησαμεν,
3620 4698 3714 4750 καὶ
3743 4697 3837 4749 νῦν
3875 4697 3984 4766 δη·-

738 4812 768 4850 a
820 4795 1084 4849 Cliuzai-La
1138 4787 1457 4844 devenerint
1519 4787 1838 4854 episcopum
1896 4790 2161 4853 petentes,
2209 4782 2303 4852 qui

742 4886 1138 4939 ordinationem
1182 4880 1622 4949 presbyterorum
1678 4877 1751 4930 ibi
1798 4875 2097 4944 perliceret,
2127 4876 2218 4928 sed
2254 4883 2307 4928 et

740 4979 807 5032 de
834 4991 966 5046 pura
993 4973 1424 5028 Christianorum
1454 4969 1555 5022 Iide
1586 4968 1882 5034 susriperet
1915 4959 2303 5029 ministerium,

741 5068 1079 5136 designatum
1113 5060 1408 5116 Chersonis
1437 5059 1906 5128 archiepiscopum
1943 5058 2155 5112 misisse
2183 5058 2300 5128 qui,

741 5159 855 5214 Deo
897 5156 1064 5213 simul
1111 5161 1460 5225 cooperante,
1512 5151 1831 5207 Chazariam
1885 5151 2056 5204 adiret
2087 5161 2140 5206 et
2184 5167 2304 5221 qua:

745 5251 817 5303 ibi
858 5263 995 5318 opus
1039 5246 1238 5298 fuerint
1290 5242 1717 5308 administraret,
1765 5242 1960 5296 deinde
2009 5243 2074 5296 ad
2119 5241 2302 5295 sedem

742 5352 840 5407 pro
887 5351 990 5404 qua
1041 5334 1360 5402 designatus
1411 5343 1528 5386 erat
1580 5341 1965 5394 reverteretur,
1999 5332 2052 5385 id
2099 5339 2204 5394 est,
2237 5331 2302 5384 ad

744 5425 926 5478 sedem
989 5421 1306 5476 Chersonis.
1352 5419 1418 5473 Et
1466 5431 1519 5474 tu
1564 5421 1790 5474 omnino
1842 5420 1997 5488 quasi
2047 5419 2303 5475 Ecclesia:

745 5517 888 5569 lilius
920 5524 1031 5567 toto
1053 5514 1234 5568 animo
1265 5513 1521 5567 incumbe
1569 5523 1625 5566 ut
1667 5527 1964 5568 concurras
1997 5523 2050 5567 et
2074 5514 2140 5567 ad
2169 5527 2305 5582 opus

744 5605 1020 5661 L'liazariue
1065 5613 1120 5658 et
1160 5605 1227 5657 ad
1279 5604 1726 5660 constitutionem
1782 5605 2306 5677 collpcationemque

811 5788 830 5821 ⁸
857 5785 1041 5842 Matth.
1078 5802 1218 5857 t-xv,
1249 5784 1339 5841 40.

2408 4789 2608 4857 λοῦμεν
2648 4789 2732 4841 διὰ
2775 4788 2868 4841 τοῦ
2922 4787 3272 4856 γράμματος,
3300 4788 3381 4839 ὃτι
3420 4787 3527 4839 τῶν
3555 4788 3662 4839 άπὸ
3693 4787 3984 4855 Χαζαρίας

2408 4879 2545 4949 πρὸς
2574 4881 2642 4932 τά
2676 4878 2912 4930 ἐνταῦθα
2965 4875 3380 4930 καταλαϐόντων
3417 4879 3717 4931 ἐπίσκοπον
3753 4881 3983 4948 ἐξαιτηο

2410 4971 2681 5039 σαμένων,
2700 4969 2841 5021 ὥστε
2873 4970 3207 5039 χειροτονίας
3229 4971 3408 5022 ἐκεῖσε
3441 4971 3826 5040 πρεσϐυτέρων
3851 4972 3983 5023 ἐπι-

2406 5061 2641 5127 τελέσαι,
2671 5060 2916 5112 ἀλλὰκαὶ
2935 5062 3062 5128 περ)⁵
3090 5060 3190 5128 τῆς
3221 5060 3467 5130 καθαρᾶς
3490 5059 3598 5112 τῶν
3631 5059 3982 5130 Χριστιανῶν

2411 5154 2648 5213 πίστεως
2715 5149 3072 5212 ἀναδέξασθαι
3128 5148 3225 5217 τὴν
3281 5147 3575 5213 διακονίαν,
3640 5151 3729 5199 τὸν
3792 5149 3850 5199 ἐν
3905 5151 3980 5218 τῇ

2411 5240 2660 5309 Χερσῶνι
2686 5238 3060 5308 προϐληθέντα
3089 5239 3519 5307 ἁρχιεπίσκοπον
3549 5237 3982 5308 ἀπεστείλαμεν,

2409 5332 2550 5384 ὥστε
2593 5330 2730 5384 Θεοῦ
2775 5329 3385 5399 συνεπιλαμϐανομένου
3416 5329 3676 5384 ἀπελθεῖν
3705 5329 3804 5398 μὲν
3836 5331 3986 5398 πρὸς

2406 5424 2504 5494 τὴν
2527 5422 2831 5494 Χαζαρίαν,
2860 5424 2952 5475 καὶ
2974 5423 3070 5474 ὅσα
3091 5422 3208 5474 ἐκεῖ
3227 5422 3408 5491 δεήσει
3435 5420 3982 5490 ἐξυπηρετήσασθαι,

2407 5515 2526 5570 εἶτα
2565 5516 2700 5586 πρὸς
2728 5515 2786 5568 δν
2816 5513 3128 5585 προεϐλήθη
3154 5513 3343 5585 θρόνον
3367 5512 3699 5578 ἐπανελθεῖν,
3724 5512 3991 5568 τουτέστι

2411 5608 2548 5680 πρδς
2578 5607 2667 5662 τὸν
2694 5607 2790 5678 τῆς
2838 5606 3147 5679 Χερσῶνος.
3200 5606 3305 5658 Καὶ
3338 5605 3553 5666 πάντως
3591 5603 3666 5667 ὡς
3704 5601 3802 5672 τῆς
3849 5603 3984 5655 Ἐκ-
