4182 6428
121 462 204 521 269
1541 440 1659 499 EPl
1673 439 1948 500 STOIJE.
3225 425 3332 489 ετο

127 580 323 649 κῖησίας
354 575 493 638 υἱὸς,
525 571 669 626 οὕτω
714 564 1116 638 προθυμήθητι,
1151 562 1245 613 καὶ
1278 559 1354 630 τῷ
1388 558 1522 629 πρδς
1569 559 1668 624 τὴν
1693 562 1744 619 Α
1771 572 1818 609 ³1

1794 553 2166 624 ιΙὌΙΙῘΘρῘΞΓΟρὶ
2217 555 2271 609 in
2328 570 2424 611 sua
2479 554 2630 618 sedc,
2681 554 2839 607 rebus
2889 535 3166 605 Chazaria:
3208 565 3332 605 cum

125 641 379 737 Χιξαρίαν
408 665 553 730 ἔργῳ
581 652 1054 723 συναγωνίσασθαι
1093 650 1185 701 καὶ
1224 651 1290 719 τῇ
1328 646 1663 700 καταστάσει
1779 646 1818 698 D

1794 646 1870 699 )ei
1919 645 2125 698 auxilio
2167 645 2441 713 perfectis.
2484 645 2737 702 Christus
2764 652 2943 697 autem
2979 641 3121 697 Deus
3152 650 3335 695 noster

127 730 492 827 καὶὲνιδρύσει
523 749 618 804 τοῦ
656 744 1091 824 ἀρχιεπισκόπου
1135 740 1274 810 πρὸς
1323 740 1415 792 τὸν
1462 738 1665 791 οἰκεῖον
1775 745 1818 790 ct

1794 744 1831 790 :t
1858 743 1911 791 te
1936 735 2008 790 ibi
2048 736 2421 790 bonorabilem
2463 736 2679 801 reddat,
2725 746 2779 790 et
2812 734 2922 788 huc
2951 733 3046 788 tibi
3074 730 3338 789 concedat

125 848 305 916 θράιον,
340 842 567 896 ἐπειδὰν
614 838 750 909 πρὸς
807 833 907 903 τὴν
964 830 1247 901 Χαξαρίαν
1284 829 1421 882 Θεοῦ
1464 845 1661 898 συνερσ
1775 843 1818 882 ct

1794 843 1896 881 tum
1923 827 2100 883 salute
2128 827 2387 883 reditum.

126 914 317 1008 τοῦντος
344 934 631 1004 ἐκτελέσῃ.
666 931 768 997 Εῖη
800 926 857 979 δὲ
886 924 1122 995 Χριστὸς
1151 924 1179 974 ὁ
1208 920 1342 982 θεὸς
1375 921 1532 992 ἡμῶν
1591 919 1686 972 καὶ
1753 918 1941 973 αὐτόθι
1980 918 2269 989 εὐδόκιμον
2299 935 2358 970 σε
2388 917 2624 985 δεικνὺς,
2688 919 2786 973 καὶ
2835 918 2936 987 τὴν
2986 916 3122 989 πρὸς
3157 914 3227 969 τὰ
3254 914 3340 967 ιν.

128 1030 273 1085 milia
330 1021 689 1097 χαριζόμενος
757 1035 837 1071 σοι
915 1016 1053 1084 μετὰ
1108 1012 1380 1084 σωτηρίας
1464 1009 1818 1081 ἀνακομιδήν.

1931 1129 2117 1185 LXIX.
2153 1129 2347 1183 Davidi
2381 1128 2699 1183 Camuliano
2747 1128 3190 1196 protospathario.

193 1258 252 1309 Ἀ
280 1254 545 1324 ἔγραψας,
576 1254 765 1307 τέκνον
794 1252 952 1321 ἡμῶν
982 1249 1364 1321 ἠγαπημένον,
1388 1248 1518 1316 περὶ
1546 1246 1675 1311 τῶν,

1843 1242 1977 1308 Quae
2031 1239 2319 1308 scripsisti,
2360 1237 2555 1292 dilecte
2580 1235 2761 1302 lili,oe
2795 1252 2859 1290 us
2885 1237 3001 1304 qui,
3048 1232 3235 1289 nescio
3274 1248 3343 1287 au

131 1352 211 1403 οὐκ
235 1345 348 1401 οἶδα
389 1347 508 1409 πῶς
543 1346 711 1409 εῐπω,
774 1343 939 1414 μανίᾳ
978 1343 1011 1412 ἢ
1057 1338 1429 1412 μισανθρὼπῳ
1468 1336 1679 1408 δαίμονι
1775 1335 1818 1388 in

1797 1333 1988 1389 nsania
2013 1331 2191 1385 dicam
2212 1344 2282 1385 an
2308 1329 2452 1385 malo
2474 1329 2813 1383 dazmonead
2836 1338 2993 1381 actos
3016 1326 3346 1379 inhumanos

133 1445 245 1508 πρὸς
296 1439 397 1509 τὴν
451 1436 819 1504 ἀπάνθρωπον
852 1434 1051 1505 πρᾶξιν
1114 1429 1549 1493 συνελαθέντων,
1601 1428 1681 1490 εἰς
1780 1424 1818 1477 it

1794 1420 2002 1493 mpulsi
2049 1428 2202 1485 sunt,
2266 1418 2333 1474 ad
2387 1432 2549 1474 aures
2597 1418 2977 1487 imperatorias
3035 1422 3340 1475 venerunt;

136 1507 420 1599 ὑπόμνησιν
464 1523 561 1577 τοῦ
597 1523 880 1594 βασιλικοῦ
908 1519 1177 1590 ἀνηνέχθη
1223 1518 1498 1589 κράτους·
1534 1514 1677 1584 πλὴν
1780 1530 1813 1584 p

1794 1523 2139 1582 arteterquam
2185 1514 2328 1581 quod
2368 1519 2422 1566 et
2460 1522 2584 1565 ante
2637 1520 2877 1564 nostram
2911 1507 3339 1563 admonitionem

134 1597 356 1687 καὶγπρδ
386 1616 489 1683 τῆς
544 1616 819 1685 ἡμετέρας
876 1612 1232 1682 ὑπομνήσεως
1278 1608 1345 1661 δι’
1400 1606 1679 1674 ἀναφορᾶς
1794 1619 1818 1673 p

1794 1619 1890 1673 per
1917 1612 2157 1657 vestram
2208 1602 2607 1671 expositionem
2642 1616 2749 1654 non
2774 1615 2869 1654 eos
2898 1599 3052 1654 latuit
3078 1597 3345 1652 factorum

134 1710 264 1778 ὑμῶν
311 1709 347 1779 ἡ
392 1708 505 1763 τῶν
551 1704 908 1777 πραχθέντων
969 1705 1031 1757 οὐ
1082 1700 1392 1757 διελάνθανε
1454 1698 1680 1759 τούτους
1785 1711 1817 1748 n

1794 1696 1997 1748 notitia.
2030 1693 2427 1748 Mandavcrunt
2457 1694 2621 1762 igitur
2654 1708 2883 1746 summa:
2924 1700 3029 1744 tum
3071 1688 3353 1758 sapientia:

134 1800 327 1868 γνῶσις.
377 1799 857 1871 Παρεκελεύσαντο
889 1793 984 1852 οὗν
1007 1799 1073 1867 τῇ
1110 1792 1502 1864 ὲντρεχεστάτῃ
1552 1807 1679 1843 συν·
1736 1849 1747 1857 ,
1785 1802 1817 1841 c

1794 1801 1911 1841 cum
1958 1785 2049 1840 Dei
2098 1786 2477 1840 amantissimo
2526 1784 2726 1854 Ephesi
2778 1783 3191 1851 archiepiscopo
3238 1779 3349 1835 ﬁeri

136 1893 228 1944 ἐπει
268 1908 386 1955 σου,
430 1870 506 1953 ὥς
562 1906 625 1956 γε
656 1888 1024 1958 ὑπολαμϐάνω
1056 1886 1155 1938 σὺν
1182 1885 1260 1953 τῷ
1285 1880 1683 1950 θεοφιλεστάτῳ
1711 1916 1759 1976 Β
1788 1876 1818 1928 it

1794 1876 2019 1929 istorum
2064 1875 2552 1929 cxaminationem.
2594 1872 2698 1927 Sed
2743 1873 2816 1927 ita
2868 1874 2935 1927 de
2981 1872 3085 1927 his.
3120 1870 3231 1926 Nos
3259 1884 3355 1923 au-

136 1984 215 2053 τῆς
249 1982 479 2051 Ἐφέσου
516 1980 932 2051 άρχιεπισκόπῳ
976 1973 1309 2045 ποιήσασθαι
1344 1973 1444 2039 τὴν
1476 1971 1682 2024 τούτων
1712 1962 1758 1976 υ
1788 1976 1818 2021 ιι

1794 1976 1895 2022 tem
1930 1975 1986 2021 et
2019 1981 2192 2035 nuper
2224 1975 2515 2034 conspecta
2569 1974 2657 2018 tua
2706 1964 2903 2017 eximia
2953 1962 3263 2033 prudentia,
3301 1971 3357 2015 et

136 2076 421 2143 ἐπίσκεψιν.
469 2073 629 2127 Ἀλλὰ
675 2072 805 2141 περὶ
850 2070 950 2141 μὲν
998 2068 1204 2122 τούτων
1247 2067 1440 2128 οὕτως.
1488 2064 1683 2133 Ἡμεῖς
1791 2077 1818 2114 ιι

1794 2075 1940 2115 nunc
1975 2070 2134 2115 aucta
2171 2056 2225 2114 in
2254 2058 2415 2113 nobis
2444 2072 2543 2129 per
2578 2066 2701 2111 tuas
2732 2055 2975 2110 actiones
3014 2057 3093 2109 tui
3138 2054 3385 2118 notitia,‘

134 2167 179 2220 δὲ
205 2169 291 2219 καὶ
321 2164 517 2235 πρώην
542 2164 738 2226 ἰδόντες
764 2162 862 2232 τὴν
892 2162 992 2230 σὴν
1025 2160 1366 2237 τελειοτάτην
1394 2155 1680 2225 φρόνησιν,
1788 2166 1818 2220 p

1794 2165 2100 2220 precamur,
2137 2150 2263 2205 licet
2310 2158 2648 2220 peccatores,
2699 2160 2748 2202 te
2792 2147 2887 2203 Dei
2930 2148 3118 2225 dextra
3165 2147 3356 2201 deduci

212 1142 323 1199 ΞΘ’.
359 1143 540 1198 Δαϐίδ
586 1140 981 1212 Καμοινλιανῷ
1033 1134 1564 1207 πρωτοσπαθαρίῳ.

138 2259 214 2308 καὶ
237 2256 329 2308 νῦν
363 2255 706 2320 αὐξάνουσαν
734 2253 948 2321 ἔχοντες
978 2252 1069 2304 διὰ
1108 2250 1216 2304 τῶν
1234 2248 1502 2318 πράξεων
1531 2244 1684 2313 ὑμῶν

136 2350 216 2418 τὴν
240 2350 366 2420 περὶ
390 2348 487 2402 σοῦ
505 2347 726 2416 γνῶσιν,
754 2344 1026 2416 εὐχόμεθα
1056 2346 1106 2397 ει
1137 2342 1230 2395 καὶ
1253 2337 1570 2411 ἁμαρτωλοὶ
1598 2336 1685 2389 διὰ

139 2443 310 2504 παντός
331 2458 392 2494 σε
422 2442 490 2509 τῇ
520 2438 614 2492 τοῦ
646 2437 779 2491 Θεοῦ
815 2435 1123 2507 δδηγεῖσθαι
1153 2433 1303 2502 δεξιᾷ
1335 2432 1392 2484 ὲν
1418 2430 1581 2481 πᾶσιν
1602 2421 1684 2489 οἷς

138 2533 345 2606 πορεύῃ,
373 2532 477 2586 καὶ
506 2532 611 2585 ὐπὸ
639 2531 737 2601 τῆς
769 2529 976 2584 ἄνωθεν
1020 2527 1114 2579 τοῦ
1165 2526 1321 2592 ἁγίου
1362 2520 1681 2589 Πνεῦματος

139 2626 400 2687 ἐπιπνοίας
430 2622 775 2692 κινούμενον,
808 2622 995 2673 ἐκεῖνα
1020 2618 1111 2670 καὶ
1132 2615 1352 2685 φρονεῖν
1381 2612 1474 2663 καὶ
1512 2609 1681 2677 πράτ-

1792 2244 1845 2296 in
1879 2243 2138 2299 omnibus
2189 2242 2294 2297 viis
2337 2243 2479 2306 tuis,
2520 2251 2576 2297 et
2623 2256 2861 2311 superna
2912 2220 3360 2310 sancti-Spiritus

1792 2331 2153 2401 inspiratione
2204 2339 2415 2386 motum
2454 2346 2520 2384 ea
2569 2332 2812 2398 cogitare
2852 2340 2909 2383 et
2942 2344 3103 2399 agere
3151 2342 3270 2398 qua:
3307 2336 3362 2381 et

1791 2421 1846 2475 in
1895 2421 2145 2490 praesenti
2178 2421 2287 2476 vita
2357 2420 2508 2475 omni
2541 2419 2962 2490 reprehensione
3021 2419 3359 2488 superiorem

1788 2514 2158 2580 constituant;
2218 2523 2269 2566 et
2330 2514 2382 2565 in
2442 2512 2623 2567 futura
2678 2519 2935 2567 aternam
2982 2512 3081 2566 tibi
3132 2511 3361 2582 gloriam

1789 2616 2125 2673 comparent.

140 2732 250 2783 τειν,
278 2717 375 2770 ὅσα
432 2716 531 2769 καὶ
579 2715 640 2767 ἑν
680 2715 746 2783 τῇ
798 2708 1049 2779 παρούσῃ
1087 2706 1200 2773 ζωῇ
1252 2700 1451 2762 παντὸς
1483 2700 1674 2769 μώμου
1715 2694 1987 2764 ἀνώτερον
2060 2694 2371 2766 καθίστησι,
2414 2698 2505 2748 καὶ
2538 2698 2595 2749 ἐν
2639 2698 2705 2767 τῇ
2772 2694 3047 2766 μελλούσῃ
3089 2694 3363 2764 τὴν,αιω.

141 2813 243 2865 νίαν
270 2829 351 2866 σοι
378 2811 640 2865 εὔκλειαν
665 2808 959 2878 χαριεῖται.

262 2929 338 2981 0'.
371 2923 557 2981 Δαϐὶδ
595 2921 989 2993 Καμουλιανῷ
1020 2916 1547 2986 πρωτοσπαθαρέῳ.

203 3044 265 3095 ’Δ
286 3041 385 3109 μὲν
407 3038 517 3092 ἔδει
544 3036 681 3107 πρὸς
703 3033 835 3087 Θεὸν
862 3033 1196 3099 ἀνενεγκεῖν,
1227 3030 1311 3082 ὅτι
1344 3030 1532 3081 τέκνου
1555 3029 1691 3097 ἠγα-

141 3133 361 3203 πημένον
401 3128 698 3197 γράμμασι
736 3126 861 3187 τοὺς
893 3122 1205 3193 ὀφθαλμοὺς
1255 3120 1413 3190 ἡμῶν
1463 3120 1692 3173 ὲπεϐάλυ

1974 2872 2135 2957 LXX.
2172 2903 2360 2956 Davidi
2387 2902 2706 2956 Camuliano
2741 2908 3190 2974 protospathario.

1868 3018 1999 3085 Quae
2034 3018 2100 3071 ad
2152 3016 2317 3071 Deum
2362 3016 2556 3072 ollerre
2585 3020 2850 3086 oportuit,
2897 3035 3019 3073 cum
3062 3020 3155 3075 lilii
3184 3020 3363 3078 dilecti

1796 3108 1996 3163 litteris
2030 3107 2222 3162 oculos
2261 3106 2569 3175 injecimus,
2614 3115 2676 3160 et
2714 3107 2815 3161 hac
2861 3107 3158 3177 injectione
3207 3113 3365 3181 quasi

141 3199 312 3294 λομεν,
350 3224 447 3275 καὶ
492 3223 559 3289 τῇ
612 3216 837 3285 ἐπιϐολῇ
880 3213 1052 3284 ταύτῃ
1098 3212 1286 3280 ὥσπερ
1314 3212 1372 3262 ὲν
1400 3209 1696 3278 ὀφθαλμοῖς
1724 3213 1769 3271 C
1798 3218 1818 3257 ε

1798 3202 1868 3257 ob
1902 3200 2092 3255 oculos
2133 3199 2335 3251 habere
2379 3199 2550 3251 lilium
2601 3199 2951 3267 putabamus,
2998 3200 3179 3255 oblata
3215 3214 3363 3257 sunt.

143 3318 266 3382 ἔχειν
317 3315 380 3365 τὸ
435 3311 626 3363 τέκνον
684 3306 1029 3375 ἐνομίζομεν,
1076 3300 1369 3370 ἀνηνέχθη.
1431 3300 1497 3352 ’Δ
1545 3296 1699 3350 δὲτὸ

143 3410 355 3479 γράμμα
380 3407 516 3475 περὶ
545 3403 655 3455 τῶν
679 3401 778 3469 τὴν
809 3399 1065 3468 γλῶσσαν
1104 3394 1343 3448 εὐκόλων
1370 3396 1449 3456 είς
1478 3394 1700 3463 μνήμην

140 3493 244 3565 ἦγε,
276 3495 329 3548 τί
362 3495 466 3557 δεῖ,
497 3492 685 3544 τέκνον
715 3505 839 3557 μου,
868 3483 1090 3537 συνετὸν
1111 3482 1242 3535 ὄντα
1274 3498 1333 3533 σε
1361 3480 1492 3533 Θεοῦ
1516 3480 1697 3547 χάριτι

142 3586 438 3656 πειρᾶσθαι,
464 3584 552 3634 διὶι
595 3580 707 3632 τῶν
752 3577 1038 3648 ἡμετέρων
1069 3574 1273 3640 λόγων,
1320 3570 1415 3623 τοῦ
1456 3568 1696 3656 τοιούτου

142 3652 234 3728 τῶν
265 3674 573 3744 ἀνθρώπων
604 3668 810 3729 πάθους
844 3665 1002 3734 ἄγειν
1054 3665 1133 3726 είς
1179 3662 1546 3730 κατανόησιν;
1577 3652 1701 3711 Οἶδα

144 3768 234 3836 γὰρ
256 3769 333 3819 ὅτι
365 3764 525 3817 οὐδὲν
548 3760 723 3823 οὕτως
754 3758 851 3828 ἡδὺ
882 3759 994 3820 τοῖς
1017 3755 1329 3825 ἀνθρώποις
1358 3746 1469 3805 οἷον
1494 3751 1555 3803 τὸ
1584 3749 1700 3802 δια-

145 3858 308 3923 σύρειν
333 3852 411 3929 τά
434 3851 545 3905 τῶν
577 3848 803 3919 πλησίον
842 3845 1143 3917 πράγματα
1188 3842 1282 3896 καὶ
1325 3839 1452 3902 τοὺς
1485 3837 1697 3929 λόγους,

152 3947 292 3998 ὁποῖά
315 3928 453 3995 ποτε
481 3943 545 3992 iv
572 3933 694 3991 ὦσι.
744 3937 852 3988 Καὶ
894 3936 946 3988 τί
998 3931 1331 4003 θαυμαστὸν,
1365 3930 1413 3981 εί
1446 3928 1540 3981 καὶ
1568 3928 1700 3996 ἡμῖν

144 4035 416 4104 συμϐαίνει
496 4031 561 4082 ἐκ
618 4026 717 4080 τοῦ
774 4027 1016 4081 τοιούτου
1090 4024 1434 4092 ἀνθρωπίνου
1494 4018 1702 4082 πάθους

144 4120 574 4190 κακολογεῖσθαις
599 4118 762 4172 Ὥστε
786 4118 912 4178 τοὺς
932 4112 1362 4181 κακολογοῦντας
1386 4109 1448 4164 ἔα
1468 4109 1698 4179 χαίρειν,

144 4218 314 4270 τέκνον
356 4213 517 4281 ιμὺν,
551 4212 615 4262 σὺ
649 4209 708 4262 δὲ
737 4209 833 4277 τῆς
881 4206 982 4274 σῆς
1022 4203 1233 4274 ἀγαθῆς
1259 4201 1403 4273 ’ἔχου
1452 4200 1701 4270 συνειδή-

146 4324 287 4371 σεως,
334 4306 401 4375 ἦν
460 4300 582 4369 Θεῷ
624 4298 949 4362 σπουδάζεις
993 4298 1340 4366 παραστῆσαι
1386 4291 1464 4362 τῷ
1490 4295 1700 4361 ἀπροσ-

143 4397 440 4466 ωπολήπτῳ
459 4393 623 4460 κριτῇ
652 4388 990 4457 ἀδιάϐλητον·
1014 4388 1137 4438 ἐπεὶ
1161 4387 1229 4438 τά
1246 4400 1307 4453 γε
1331 4383 1466 4452 πρὸς
1487 4382 1699 4452 ἀνθρώ-

1800 3296 1932 3362 Quae
1958 3302 2138 3348 autem
2167 3293 2365 3348 litterae
2398 3301 2506 3347 tua:
2551 3293 2618 3348 de
2662 3294 2987 3363 loquacibus
3037 3310 3367 3366 memorant,

1799 3386 1928 3455 quid
1964 3399 2103 3454 opus
2148 3392 2233 3438 est
2280 3391 2339 3437 ut
2378 3385 2513 3437 meis
2547 3384 2893 3441 sermonibus
2923 3387 3247 3442 contendam
3294 3400 3365 3452 te,

1799 3476 1891 3547 qui
1922 3477 2016 3531 Dei
2047 3477 2218 3547 gratia
2248 3474 2558 3545 intelligens
2583 3492 2664 3539 cs,
2689 3478 2755 3531 ad
2781 3478 3030 3531 notitiam
3065 3480 3366 3549 perducere

1800 3565 2113 3621 istiusmodi
2160 3565 2442 3618 hominum
2477 3564 2717 3621 indolis?
2759 3566 2879 3623 Scis
2910 3569 3054 3623 enim
3086 3573 3219 3625 nihil
3254 3586 3364 3627 tant

1801 3656 2114 3710 hominibus
2165 3669 2332 3713 suave
2381 3670 2544 3722 quam
2594 3658 2828 3726 proximi
2886 3669 2999 3714 tum
3051 3672 3207 3717 actus
3252 3676 3363 3719 tum

1800 3761 2104 3810 sermones,
2145 3745 2558 3815 qualescunque
2610 3746 2743 3813 sint,
2802 3750 3063 3806 lacerare.
3112 3751 3179 3806 Et
3232 3757 3364 3824 quid

1800 3837 2021 3902 mirum,
2049 3839 2093 3892 si
2125 3846 2180 3891 et
2205 3838 2363 3891 nobis
2387 3839 2662 3909 contingat
2689 3840 2842 3908 juxta
2869 3844 3016 3897 hunc
3064 3845 3363 3899 humanum

1803 3942 2011 3981 morem
2044 3927 2338 3982 maledici?
2380 3925 2583 3983 Omitte
2618 3929 2785 3999 igitur
2810 3932 3125 3999 maledicos,
3160 3936 3231 3988 mi
3267 3936 3363 3990 ﬁli.

1803 4018 1884 4073 Tu
1916 4033 2045 4073 vero
2082 4020 2238 4074 home
2262 4021 2609 4075 conscientia:
2640 4022 2874 4088 adhaerc,
2908 4039 3071 4093 quam
3114 4025 3243 4093 Deo,
3272 4030 3365 4097 qui

1803 4127 1910 4165 non
1942 4120 2025 4165 est
2062 4126 2423 4179 personarum
2461 4123 2715 4183 acceptor
2745 4115 2937 4183 judex,
2972 4116 3366 4186 irreprchensi-

1799 4201 1963 4255 bilem
2018 4202 2261 4271 przebere
2316 4208 2539 4270 studes;
2587 4206 2878 4274 quoniam,
2934 4222 3061 4277 erga
3119 4209 3367 4265 homines

1802 4307 1962 4347 nemo
1996 4303 2082 4348 est
2113 4294 2186 4347 ita
2222 4302 2368 4348 recta
2412 4294 2749 4349 conscientia
2795 4298 3042 4352 munitus
3071 4306 3127 4351 ut
3154 4298 3205 4351 in
3237 4316 3361 4355 eum

1803 4383 1951 4437 nulla
1971 4386 2197 4438 omnino
2220 4386 2572 4454 reprehensio
2605 4387 2914 4456 objiciatur.
2936 4388 3153 4445 Scimus
3182 4400 3362 4447 autem

145 4503 263 4549 πως
294 4486 478 4545 οὐδεὶς
523 4481 668 4533 οὕτω
706 4478 1179 4547 χατωχυρωμένος
1211 4475 1361 4527 ἐστὶν
1417 4473 1477 4537 ἐξ
1531 4472 1699 4541 ὀρθῆς
1730 4547 1749 4549 _
1802 4488 1818 4526 t

1802 4482 1856 4527 ct
1893 4487 1994 4527 nos
2043 4483 2094 4526 te
2140 4473 2358 4527 labores
2394 4474 2629 4528 subiisse
2673 4482 2727 4527 et
2768 4489 2915 4529 nunc
2964 4476 3234 4531 sustinere
3270 4479 3361 4546 qui

146 4547 513 4645 συνειδήσεως,
554 4565 597 4637 ᾧ
636 4572 711 4642 μὴ
764 4572 983 4631 πάντως
1021 4568 1050 4619 ὁ
1102 4566 1292 4636 μῶμος
1350 4564 1443 4617 τὸν
1495 4562 1692 4633 πικρὸν
1727 4547 1815 4615 Ι)ι

1800 4563 2008 4615 nullum
2046 4563 2139 4616 tibi
2165 4564 2232 4616 ab
2261 4563 2580 4618 hominibus
2605 4564 2837 4619 fructum
2870 4580 3361 4637 comparaverunt:

144 4670 399 4739 ὀφθαλμὸν
452 4664 761 4718 ἐπιϐάλλει.
801 4661 1037 4729 Οἴδαμεν
1062 4659 1119 4711 δὲ
1145 4659 1239 4711 καὶ
1265 4658 1430 4726 ἡμεῖς
1456 4656 1538 4708 ὅτι
1564 4653 1699 4723 πρό·

146 4782 282 4836 τερον
320 4767 522 4824 πόνους
562 4759 801 4827 ὑπέστης
826 4755 921 4808 καὶ
953 4754 1047 4806 νῦν
1083 4754 1400 4823 ὑπομένεις,
1437 4751 1591 4804 οὐδὲν
1641 4748 1701 4813 ἐξ

147 4857 437 4925 ἀνθρώπων
465 4850 916 4922 προξενήσαντας
956 4844 1147 4913 δφελος
1168 4860 1183 4877 ο
1216 4844 1311 4898 καὶ
1357 4843 1490 4905 Θεὸς
1538 4841 1703 4902 αὐτὸς

150 4947 340 5017 μάρτυς
375 4949 405 4999 δ
438 4944 541 5006 τὰς
565 4939 791 5009 καρδίας
818 4936 1155 4992 ὑποπτεύων.
1194 4932 1563 5002 Ἀλγυνόμεθα
1600 4932 1701 5002 τὴν

148 5039 321 5109 ψυχὴν,
358 5035 503 5090 ἀλλά
529 5032 583 5087 τί
630 5031 695 5086 ἄν
718 5047 801 5093 τις
833 5029 976 5082 εἴποι
1006 5027 1137 5097 περὶ
1178 5026 1286 5079 τῶν
1336 5022 1702 5095 πεφυρμένων

147 5131 227 5183 τοῦ
256 5131 369 5201 βίου
394 5126 770 5199 πραγμάτων,
796 5122 932 5184 πλὴν
962 5121 1089 5174 εἴτι
1115 5121 1198 5174 δεῖ
1220 5118 1356 5188 πρὸς
1389 5116 1702 5188 κρείττονας

149 5225 262 5294 ὁρᾷν
307 5222 575 5284 ὲλπίδας;
617 5219 824 5271 Ἐκεῖνο
874 5213 1187 5283 ἐλπίζομεν,
1246 5212 1327 5266 ὅτι
1400 5210 1496 5264 καὶ
1552 5210 1584 5279 ὴ
1634 5208 1701 5279 σὴ

150 5315 300 5385 ἁρετὴ
319 5315 421 5384 τῆς
449 5311 810 5379 ὀφειλομένης
850 5309 987 5377 αὖτῇ
1026 5305 1242 5376 μεθέξει
1298 5305 1484 5375 τιμῆς.
1542 5301 1703 5356 Ἀλλὰ

153 5402 299 5456 ταῦτα
336 5406 442 5473 μὲν
476 5400 851 5472 περὶτούτων.
889 5401 958 5454 ’Δ
985 5400 1040 5451 δὲ
1071 5397 1396 5460 ἀπέστειλας
1414 5396 1546 5467 ἡμῖν
1572 5393 1702 5465 περὶ

154 5493 244 5544 τῶν
272 5496 349 5557 είς
397 5494 657 5559 ἐξέτασιν
702 5490 1118 5561 ὑποϐληθέντων
1150 5487 1475 5557 ἀνθρώπων,
1511 5487 1592 5554 ἐφ’
1618 5480 1700 5547 οἷς

153 5584 315 5647 κακῶς
338 5583 726 5653 διεπράξαντο,
753 5581 928 5636 ταῦτα
964 5582 1102 5654 πρὸς
1130 5582 1228 5651 τὴν
1263 5578 1548 5649 βασιλικὴν
1580 5577 1700 5630 ἐπί-

155 5673 324 5743 σκεψιν
379 5671 681 5743 προσῆλθε,
724 5672 815 5724 καὶ
844 5670 1023 5735 καθὼς
1084 5669 1459 5739 ὲπετκέῴαντο
1516 5669 1582 5737 τῇ
1632 5666 1698 5736 σῇ

155 5765 407 5834 τιμιότητι
452 5762 868 5833 παρακέλευσιν
922 5762 1252 5833 ἐποιήσαντο
1279 5801 1291 5820 .
1326 5761 1476 5817 ὅπως
1520 5747 1702 5829 δέἡσει

156 5854 236 5905 tu".
276 5855 352 5907 ἔτι
409 5855 483 5908 τὰ
536 5854 801 5924 περὶτῶν
867 5855 1116 5923 ἀφρόνων
1178 5853 1400 5906 ἐκείνων
1461 5850 1701 5923 μετιέναι

1802 4662 1856 4706 et
1887 4653 2031 4709 Deus
2061 4654 2178 4723 ipse
2223 4654 2380 4710 testis
2421 4656 2513 4725 qui
2558 4656 2720 4711 corda
2770 4657 3009 4728 inSpieit.
3059 4660 3257 4715 Animo
3302 4660 3367 4716 dc

1804 4744 1909 4798 hoc
1938 4744 2186 4798 dolemus
2218 4761 2230 4798 :
2263 4745 2355 4799 sed
2391 4745 2521 4813 quid
2551 4745 2656 4800 dici
2688 4758 2869 4815 potest
2892 4750 2959 4803 de
2991 4751 3220 4805 turbatis
3247 4752 3367 4805 vitae

1805 4834 1989 4897 rebus,
2038 4835 2147 4889 nisi
2196 4835 2587 4890 intendendum
2632 4853 2756 4892 esse
2797 4839 2861 4892 ad
2916 4840 3179 4894 meliora?
3223 4840 3363 4895 Illud

1805 4941 2089 4996 speramus
2132 4935 2282 4981 tuam
2329 4927 2589 4982 virtutem
2630 4929 2825 4983 debitae
2870 4930 2970 4999 ipsi
3001 4931 3186 5001 gloria:
3218 4948 3368 4987 com-

1804 5032 1978 5093 potem
2020 5021 2156 5077 fore.
2207 5018 2314 5076 Sed
2360 5023 2475 5077 haec
2520 5022 2589 5077 de
2633 5023 2755 5078 istis
2796 5024 2981 5079 rebus.
3019 5024 3151 5091 Quae
3186 5031 3363 5080 autem

1805 5112 1959 5166 nobis
1987 5112 2259 5181 scripsisti
2311 5114 2377 5167 dc
2432 5111 2743 5168 hominibus
2777 5114 2867 5183 qui
2900 5113 3137 5167 examini
3178 5113 3365 5183 subje-

1804 5206 1875 5261 cti
1910 5215 2057 5271 sunt,
2097 5204 2167 5260 ob
2208 5205 2541 5267 malefacta,
2574 5205 2687 5259 lucc
2718 5204 2784 5260 ad
2822 5206 3234 5275 imperatoriam
3282 5208 3394 5279 in-_

1804 5296 2133 5367 spcctionem
2178 5304 2466 5358 venerunt,
2507 5305 2559 5350 et
2586 5296 2741 5365 juxta
2773 5297 2915 5353 hanc
2947 5298 3368 5365 inspectionem,

1803 5396 1914 5442 tua:
1947 5394 2263 5441 reverentiae
2303 5387 2617 5442 mandatum
2669 5395 2754 5442 est
2800 5389 3079 5458 quomodo
3122 5396 3179 5445 et
3222 5405 3369 5445 nunc

1803 5489 2052 5551 oporteat
2082 5478 2224 5548 quod
2251 5480 2318 5536 ad
2353 5481 2452 5535 hos
2483 5481 2708 5538 insanos
2750 5482 2999 5538 homines
3036 5483 3236 5540 attinet
3277 5498 3367 5539 re-

1804 5574 2039 5627 mittere.
2069 5571 2333 5627 Czeterum
2366 5584 2469 5627 tuae
2503 5582 2588 5628 est
2616 5588 2841 5629 summa:
2882 5575 3186 5646 sapientiae,
3216 5576 3366 5648 quod

1803 5665 1980 5721 adhuc
2001 5664 2336 5733 deestjusta:
2372 5666 2742 5731 retributioui,
2785 5667 2871 5722 bis
2905 5669 3064 5723 linem
3089 5667 3370 5739 imponere

1803 5758 1894 5827 qui
1931 5759 2128 5813 mentis
2155 5756 2394 5822 delectu,
2418 5772 2487 5813 ne
2514 5758 2689 5813 dicam
2716 5760 2949 5825 insania,
2968 5776 3090 5818 reos
3112 5777 3170 5817 se
3191 5762 3370 5817 istius-

1806 5850 1949 5903 modi
1983 5848 2387 5905 constituerunt
2416 5865 2609 5920 poenae.
2650 5849 2725 5907 De
2753 5863 2948 5909 caetero
2981 5855 3286 5910 incolumen
3320 5864 3371 5908 te
