  <div class='ocr_page' id='page_1' title='image "/cluster/home/n/w/nwhite01/storage/ocr_20150623/111/nnc1.0046979743/141.png"; bbox 0 0 4182 6428; ppageno 0'>
   <div class='ocr_carea' id='block_1_1' title="bbox 796 413 2344 511">
    <p class='ocr_par' dir='ltr' id='par_1_1' title="bbox 796 413 2344 483">
     <span class='ocr_line' id='line_1_1' title="bbox 796 413 2344 483; baseline 0.003 -5"><span class='ocrx_word' id='word_1_1' title='bbox 796 413 899 480; x_wconf 75' lang='grc'><strong>271</strong></span> <span class='ocrx_word' id='word_1_2' title='bbox 1891 422 2200 483; x_wconf 77' lang='lat' dir='ltr'><strong>NICOLAI</strong></span> <span class='ocrx_word' id='word_1_3' title='bbox 2241 423 2344 482; x_wconf 71' lang='grc' dir='ltr'><strong>ΕΡ.</strong></span> 
     </span>
    </p>
   </div>
   <div class='ocr_carea' id='block_1_2' title="bbox 2448 413 4053 511">
    <p class='ocr_par' dir='ltr' id='par_1_2' title="bbox 2448 425 4053 511">
     <span class='ocr_line' id='line_1_2' title="bbox 2448 425 4053 511; baseline 0.013 -28"><span class='ocrx_word' id='word_1_4' title='bbox 2448 425 2905 488; x_wconf 70' lang='grc' dir='ltr'><strong>ΑΤΗΙΑΒΟΙΙίΕ</strong></span> <span class='ocrx_word' id='word_1_5' title='bbox 3936 442 4053 511; x_wconf 73' lang='grc'><strong>272</strong></span> 
     </span>
    </p>
   </div>
   <div class='ocr_carea' id='block_1_3' title="bbox 787 527 2344 618">
    <p class='ocr_par' dir='ltr' id='par_1_3' title="bbox 787 527 2344 597">
     <span class='ocr_line' id='line_1_3' title="bbox 787 527 2344 597; baseline -0.001 -13"><span class='ocrx_word' id='word_1_6' title='bbox 787 539 959 584; x_wconf 75' lang='lat' dir='ltr'><strong>servet</strong></span> <span class='ocrx_word' id='word_1_7' title='bbox 1014 529 1175 595; x_wconf 71' lang='lat' dir='ltr'><strong>Deus,</strong></span> <span class='ocrx_word' id='word_1_8' title='bbox 1215 538 1264 582; x_wconf 92' lang='lat' dir='ltr'><strong>et</strong></span> <span class='ocrx_word' id='word_1_9' title='bbox 1296 527 1632 597; x_wconf 79' lang='lat' dir='ltr'><strong>superiorem</strong></span> <span class='ocrx_word' id='word_1_10' title='bbox 1667 527 1814 583; x_wconf 85' lang='lat' dir='ltr'><strong>omni</strong></span> <span class='ocrx_word' id='word_1_11' title='bbox 1850 527 2049 583; x_wconf 84' lang='lat' dir='ltr'><strong>visibili</strong></span> <span class='ocrx_word' id='word_1_12' title='bbox 2080 539 2133 584; x_wconf 85' lang='lat' dir='ltr'><strong>et</strong></span> <span class='ocrx_word' id='word_1_13' title='bbox 2164 529 2344 583; x_wconf 75' lang='lat' dir='ltr'><strong>invisi-</strong></span> 
     </span>
    </p>
   </div>
   <div class='ocr_carea' id='block_1_4' title="bbox 2448 527 4052 618">
    <p class='ocr_par' dir='ltr' id='par_1_4' title="bbox 2462 530 4052 618">
     <span class='ocr_line' id='line_1_4' title="bbox 2462 530 4052 618; baseline 0.014 -35"><span class='ocrx_word' id='word_1_14' title='bbox 2462 530 2787 602; x_wconf 74' lang='grc' dir='ltr'><strong>ἀνθρώπιον.</strong></span> <span class='ocrx_word' id='word_1_15' title='bbox 2815 535 3019 589; x_wconf 77' lang='grc' dir='ltr'>Λοιπὸν</span> <span class='ocrx_word' id='word_1_16' title='bbox 3070 536 3216 591; x_wconf 80' lang='grc' dir='ltr'>εστιν</span> <span class='ocrx_word' id='word_1_17' title='bbox 3251 540 3550 598; x_wconf 80' lang='grc' dir='ltr'>ἀκόλουθον</span> <span class='ocrx_word' id='word_1_18' title='bbox 3576 545 3674 614; x_wconf 76' lang='grc' dir='ltr'>τῆς</span> <span class='ocrx_word' id='word_1_19' title='bbox 3711 549 3807 618; x_wconf 80' lang='grc' dir='ltr'>σῆς</span> <span class='ocrx_word' id='word_1_20' title='bbox 3839 551 4052 606; x_wconf 82' lang='grc' dir='ltr'>τελειο-</span> 
     </span>
    </p>
   </div>
   <div class='ocr_carea' id='block_1_5' title="bbox 786 621 2344 704">
    <p class='ocr_par' dir='ltr' id='par_1_5' title="bbox 786 621 1482 677">
     <span class='ocr_line' id='line_1_5' title="bbox 786 621 1482 677; baseline -0.003 0"><span class='ocrx_word' id='word_1_21' title='bbox 786 622 878 677; x_wconf 83' lang='lat' dir='ltr'><strong>bili</strong></span> <span class='ocrx_word' id='word_1_22' title='bbox 912 621 1204 676; x_wconf 84' lang='lat' dir='ltr'><strong>calamitati</strong></span> <span class='ocrx_word' id='word_1_23' title='bbox 1234 630 1286 674; x_wconf 91' lang='lat' dir='ltr'><strong>et</strong></span> <span class='ocrx_word' id='word_1_24' title='bbox 1323 623 1482 675; x_wconf 92' lang='lat' dir='ltr'><strong>malo.</strong></span> 
     </span>
    </p>
   </div>
   <div class='ocr_carea' id='block_1_6' title="bbox 2448 621 4053 704">
    <p class='ocr_par' dir='ltr' id='par_1_6' title="bbox 2466 625 4053 704">
     <span class='ocr_line' id='line_1_6' title="bbox 2466 625 4053 704; baseline 0.013 -30"><span class='ocrx_word' id='word_1_25' title='bbox 2466 625 2638 693; x_wconf 85' lang='grc' dir='ltr'>τάτης</span> <span class='ocrx_word' id='word_1_26' title='bbox 2671 627 2936 689; x_wconf 82' lang='grc' dir='ltr'>συνέσεως</span> <span class='ocrx_word' id='word_1_27' title='bbox 2971 629 3031 680; x_wconf 83' lang='grc' dir='ltr'>τὸ</span> <span class='ocrx_word' id='word_1_28' title='bbox 3074 630 3259 684; x_wconf 80' lang='grc' dir='ltr'><strong>λεῖπον</strong></span> <span class='ocrx_word' id='word_1_29' title='bbox 3292 631 3374 684; x_wconf 85' lang='grc' dir='ltr'>ετι</span> <span class='ocrx_word' id='word_1_30' title='bbox 3410 636 3508 704; x_wconf 87' lang='grc' dir='ltr'>τῆς</span> <span class='ocrx_word' id='word_1_31' title='bbox 3543 638 3762 702; x_wconf 87' lang='grc' dir='ltr'>δικαίας</span> <span class='ocrx_word' id='word_1_32' title='bbox 3801 641 4053 694; x_wconf 77' lang='grc' dir='ltr'>ἀνταπο-</span> 
     </span>
    </p>
   </div>
   <div class='ocr_carea' id='block_1_7' title="bbox 785 710 4052 798">
    <p class='ocr_par' dir='ltr' id='par_1_7' title="bbox 785 710 4052 798">
     <span class='ocr_line' id='line_1_7' title="bbox 785 710 4052 798; baseline 0.006 -32"><span class='ocrx_word' id='word_1_33' title='bbox 785 717 986 776; x_wconf 81' lang='grc' dir='ltr'>δόσεως</span> <span class='ocrx_word' id='word_1_34' title='bbox 1026 716 1347 781; x_wconf 75' lang='grc' dir='ltr'><strong>ἐπενεγκεῖν</strong></span> <span class='ocrx_word' id='word_1_35' title='bbox 1377 712 1534 775; x_wconf 71' lang='grc' dir='ltr'>τέλος</span> <span class='ocrx_word' id='word_1_36' title='bbox 1579 712 1692 772; x_wconf 90' lang='grc' dir='ltr'>τοῖς</span> <span class='ocrx_word' id='word_1_37' title='bbox 1738 710 1805 763; x_wconf 87' lang='grc' dir='ltr'><strong>δι’</strong></span> <span class='ocrx_word' id='word_1_38' title='bbox 1839 712 2080 783; x_wconf 74' lang='grc' dir='ltr'>ἐρημίαν</span> <span class='ocrx_word' id='word_1_39' title='bbox 2123 713 2362 784; x_wconf 81' lang='grc' dir='ltr'>φρενῶν,</span> <span class='ocrx_word' id='word_1_40' title='bbox 2402 713 2488 765; x_wconf 85' lang='grc' dir='ltr'>ἵνα</span> <span class='ocrx_word' id='word_1_41' title='bbox 2561 713 2639 784; x_wconf 80' lang='grc' dir='ltr'>μὴ</span> <span class='ocrx_word' id='word_1_42' title='bbox 2675 715 2818 783; x_wconf 79' lang='grc' dir='ltr'>λέγω</span> <span class='ocrx_word' id='word_1_43' title='bbox 2851 717 3049 786; x_wconf 88' lang='grc' dir='ltr'>μανίαν</span> <span class='ocrx_word' id='word_1_44' title='bbox 3126 719 3415 785; x_wconf 78' lang='grc' dir='ltr'>ὑποδίκους</span> <span class='ocrx_word' id='word_1_45' title='bbox 3459 725 3688 790; x_wconf 75' lang='grc' dir='ltr'>ἑαυτοὺς</span> <span class='ocrx_word' id='word_1_46' title='bbox 3719 729 3815 798; x_wconf 79' lang='grc' dir='ltr'>τῆς</span> <span class='ocrx_word' id='word_1_47' title='bbox 3861 733 4052 782; x_wconf 82' lang='grc' dir='ltr'>τοιαύ-</span> 
     </span>
    </p>
   </div>
   <div class='ocr_carea' id='block_1_8' title="bbox 784 803 4054 892">
    <p class='ocr_par' dir='ltr' id='par_1_8' title="bbox 784 803 4054 892">
     <span class='ocr_line' id='line_1_8' title="bbox 784 803 4054 892; baseline 0.005 -36"><span class='ocrx_word' id='word_1_48' title='bbox 784 821 886 878; x_wconf 88' lang='grc' dir='ltr'><strong>της</strong></span> <span class='ocrx_word' id='word_1_49' title='bbox 915 806 1245 875; x_wconf 80' lang='grc' dir='ltr'>πεποιηκόσι</span> <span class='ocrx_word' id='word_1_50' title='bbox 1279 804 1671 865; x_wconf 62' lang='grc' dir='ltr'>κολάσεωςκτά</span> <span class='ocrx_word' id='word_1_51' title='bbox 1694 803 1738 856; x_wconf 78' lang='grc' dir='ltr'>δ’</span> <span class='ocrx_word' id='word_1_52' title='bbox 1773 804 1907 857; x_wconf 86' lang='grc' dir='ltr'>ἀλλα</span> <span class='ocrx_word' id='word_1_53' title='bbox 1934 806 2256 876; x_wconf 68' lang='grc' dir='ltr'>ἐρρωμένον</span> <span class='ocrx_word' id='word_1_54' title='bbox 2293 823 2352 858; x_wconf 91' lang='grc' dir='ltr'><strong>σε</strong></span> <span class='ocrx_word' id='word_1_55' title='bbox 2390 805 2744 877; x_wconf 78' lang='grc' dir='ltr'><strong>διαφυλάττοι</strong></span> <span class='ocrx_word' id='word_1_56' title='bbox 2804 811 2833 862; x_wconf 82' lang='grc' dir='ltr'><strong>ό</strong></span> <span class='ocrx_word' id='word_1_57' title='bbox 2867 809 3093 880; x_wconf 84' lang='grc' dir='ltr'>Κύριος,</span> <span class='ocrx_word' id='word_1_58' title='bbox 3126 815 3222 866; x_wconf 80' lang='grc' dir='ltr'>καὶ</span> <span class='ocrx_word' id='word_1_59' title='bbox 3285 814 3558 884; x_wconf 80' lang='grc' dir='ltr'>ἀνώτερον</span> <span class='ocrx_word' id='word_1_60' title='bbox 3598 821 3667 874; x_wconf 61' lang='grc' dir='ltr'>ἐκ</span> <span class='ocrx_word' id='word_1_61' title='bbox 3690 821 3870 891; x_wconf 80' lang='grc' dir='ltr'><strong>πάσης</strong></span> <span class='ocrx_word' id='word_1_62' title='bbox 3907 827 4054 892; x_wconf 59' lang='lat' dir='ltr'><strong>opus.</strong></span> 
     </span>
    </p>
   </div>
   <div class='ocr_carea' id='block_1_9' title="bbox 784 898 2113 970">
    <p class='ocr_par' dir='ltr' id='par_1_9' title="bbox 784 898 2113 970">
     <span class='ocr_line' id='line_1_9' title="bbox 784 898 2113 970; baseline 0 -17"><span class='ocrx_word' id='word_1_63' title='bbox 784 901 951 970; x_wconf 80' lang='grc' dir='ltr'>μένης</span> <span class='ocrx_word' id='word_1_64' title='bbox 979 899 1074 953; x_wconf 79' lang='grc' dir='ltr'>καὶ</span> <span class='ocrx_word' id='word_1_65' title='bbox 1093 898 1320 969; x_wconf 80' lang='grc' dir='ltr'>ἀοράτου</span> <span class='ocrx_word' id='word_1_66' title='bbox 1349 898 1613 968; x_wconf 74' lang='grc' dir='ltr'><strong>ἐπηρείας</strong></span> <span class='ocrx_word' id='word_1_67' title='bbox 1653 900 1746 952; x_wconf 76' lang='grc' dir='ltr'><strong>καὶ</strong></span> <span class='ocrx_word' id='word_1_68' title='bbox 1791 901 2113 968; x_wconf 83' lang='grc' dir='ltr'>κακότητος.</span> 
     </span>
    </p>
   </div>
   <div class='ocr_carea' id='block_1_10' title="bbox 1163 1010 1978 1068">
    <p class='ocr_par' dir='ltr' id='par_1_10' title="bbox 1163 1010 1978 1068">
     <span class='ocr_line' id='line_1_10' title="bbox 1163 1010 1978 1068; baseline 0.004 -4"><span class='ocrx_word' id='word_1_69' title='bbox 1163 1010 1350 1066; x_wconf 80' lang='lat' dir='ltr'><strong>LXXI.</strong></span> <span class='ocrx_word' id='word_1_70' title='bbox 1396 1012 1703 1068; x_wconf 69' lang='lat' dir='ltr'><strong>Alexandro</strong></span> <span class='ocrx_word' id='word_1_71' title='bbox 1733 1011 1978 1067; x_wconf 60' lang='lat' dir='ltr'><strong>Niceno.</strong></span> 
     </span>
    </p>
   </div>
   <div class='ocr_carea' id='block_1_11' title="bbox 850 1126 2348 1197">
    <p class='ocr_par' dir='ltr' id='par_1_11' title="bbox 850 1126 2348 1197">
     <span class='ocr_line' id='line_1_11' title="bbox 850 1126 2348 1197; baseline -0.004 -12"><span class='ocrx_word' id='word_1_72' title='bbox 850 1131 984 1186; x_wconf 90' lang='lat' dir='ltr'><strong>Cum</strong></span> <span class='ocrx_word' id='word_1_73' title='bbox 1030 1135 1344 1197; x_wconf 88' lang='lat' dir='ltr'><strong>reputemus</strong></span> <span class='ocrx_word' id='word_1_74' title='bbox 1385 1126 1719 1196; x_wconf 81' lang='lat' dir='ltr'><strong>superﬂuum</strong></span> <span class='ocrx_word' id='word_1_75' title='bbox 1765 1136 1824 1180; x_wconf 93' lang='lat' dir='ltr'><strong>ut</strong></span> <span class='ocrx_word' id='word_1_76' title='bbox 1853 1127 1919 1182; x_wconf 91' lang='lat' dir='ltr'><strong>de</strong></span> <span class='ocrx_word' id='word_1_77' title='bbox 1950 1126 2037 1183; x_wconf 86' lang='lat' dir='ltr'><strong>his</strong></span> <span class='ocrx_word' id='word_1_78' title='bbox 2073 1136 2125 1182; x_wconf 88' lang='lat' dir='ltr'><strong>te</strong></span> <span class='ocrx_word' id='word_1_79' title='bbox 2158 1126 2348 1180; x_wconf 83' lang='lat' dir='ltr'><strong>admo-</strong></span> 
     </span>
    </p>
   </div>
   <div class='ocr_carea' id='block_1_12' title="bbox 780 1218 2349 1291">
    <p class='ocr_par' dir='ltr' id='par_1_12' title="bbox 780 1218 2349 1291">
     <span class='ocr_line' id='line_1_12' title="bbox 780 1218 2349 1291; baseline -0.003 -13"><span class='ocrx_word' id='word_1_80' title='bbox 780 1237 1008 1278; x_wconf 88' lang='lat' dir='ltr'><strong>neamus</strong></span> <span class='ocrx_word' id='word_1_81' title='bbox 1059 1235 1178 1291; x_wconf 78' lang='lat' dir='ltr'><strong>quae</strong></span> <span class='ocrx_word' id='word_1_82' title='bbox 1233 1221 1302 1275; x_wconf 87' lang='lat' dir='ltr'><strong>ab</strong></span> <span class='ocrx_word' id='word_1_83' title='bbox 1358 1218 1605 1284; x_wconf 82' lang='lat' dir='ltr'><strong>Jacobo,</strong></span> <span class='ocrx_word' id='word_1_84' title='bbox 1656 1235 1781 1276; x_wconf 91' lang='lat' dir='ltr'><strong>cum</strong></span> <span class='ocrx_word' id='word_1_85' title='bbox 1838 1220 2051 1286; x_wconf 88' lang='lat' dir='ltr'><strong>aderit,</strong></span> <span class='ocrx_word' id='word_1_86' title='bbox 2116 1220 2349 1282; x_wconf 87' lang='lat' dir='ltr'><strong>edisces,</strong></span> 
     </span>
    </p>
   </div>
   <div class='ocr_carea' id='block_1_13' title="bbox 731 1308 2352 1378">
    <p class='ocr_par' dir='ltr' id='par_1_13' title="bbox 731 1308 2352 1378">
     <span class='ocr_line' id='line_1_13' title="bbox 731 1308 2352 1378; baseline 0 -16"><span class='ocrx_word' id='word_1_87' title='bbox 731 1331 741 1339; x_wconf 92' lang='lat'><em>-</em></span> <span class='ocrx_word' id='word_1_88' title='bbox 779 1308 1067 1363; x_wconf 83' lang='lat' dir='ltr'><strong>omisimus</strong></span> <span class='ocrx_word' id='word_1_89' title='bbox 1097 1321 1358 1362; x_wconf 78' lang='lat' dir='ltr'><strong>enarrare</strong></span> <span class='ocrx_word' id='word_1_90' title='bbox 1391 1308 1668 1378; x_wconf 84' lang='lat' dir='ltr'><strong>quomodo</strong></span> <span class='ocrx_word' id='word_1_91' title='bbox 1714 1308 2092 1364; x_wconf 79' lang='lat' dir='ltr'><strong>administrata</strong></span> <span class='ocrx_word' id='word_1_92' title='bbox 2135 1312 2245 1364; x_wconf 87' lang='lat' dir='ltr'><strong>sint</strong></span> <span class='ocrx_word' id='word_1_93' title='bbox 2287 1325 2352 1364; x_wconf 85' lang='lat' dir='ltr'><strong>ea</strong></span> 
     </span>
    </p>
   </div>
   <div class='ocr_carea' id='block_1_14' title="bbox 2836 1011 3664 1088">
    <p class='ocr_par' dir='ltr' id='par_1_14' title="bbox 2836 1011 3664 1088">
     <span class='ocr_line' id='line_1_14' title="bbox 2836 1011 3664 1088; baseline 0.013 -23"><span class='ocrx_word' id='word_1_94' title='bbox 2836 1011 2957 1067; x_wconf 80' lang='lat' dir='ltr'><strong>UA&#39;.</strong></span> <span class='ocrx_word' id='word_1_95' title='bbox 3003 1012 3375 1082; x_wconf 69' lang='grc' dir='ltr'>Ἀλεξάνδρῳ</span> <span class='ocrx_word' id='word_1_96' title='bbox 3396 1016 3664 1088; x_wconf 72' lang='grc' dir='ltr'>Νικαίᾱς.</span> 
     </span>
    </p>
   </div>
   <div class='ocr_carea' id='block_1_15' title="bbox 2533 1125 4046 1206">
    <p class='ocr_par' dir='ltr' id='par_1_15' title="bbox 2533 1125 4046 1206">
     <span class='ocr_line' id='line_1_15' title="bbox 2533 1125 4046 1206; baseline 0.014 -28"><span class='ocrx_word' id='word_1_97' title='bbox 2533 1125 2794 1196; x_wconf 85' lang='grc' dir='ltr'>Περιττδν</span> <span class='ocrx_word' id='word_1_98' title='bbox 2859 1127 3189 1195; x_wconf 74' lang='grc' dir='ltr'>ἡγούμενοι,</span> <span class='ocrx_word' id='word_1_99' title='bbox 3259 1133 3451 1184; x_wconf 85' lang='grc' dir='ltr'>τέκνον</span> <span class='ocrx_word' id='word_1_100' title='bbox 3519 1138 3716 1206; x_wconf 80' lang='grc' dir='ltr'>ήμῶν,</span> <span class='ocrx_word' id='word_1_101' title='bbox 3775 1143 3870 1195; x_wconf 78' lang='grc' dir='ltr'><strong>τοῦ</strong></span> <span class='ocrx_word' id='word_1_102' title='bbox 3948 1145 4046 1198; x_wconf 68' lang='grc' dir='ltr'><strong>διὰ</strong></span> 
     </span>
    </p>
   </div>
   <div class='ocr_carea' id='block_1_16' title="bbox 2459 1219 4041 1291">
    <p class='ocr_par' dir='ltr' id='par_1_16' title="bbox 2459 1219 4041 1291">
     <span class='ocr_line' id='line_1_16' title="bbox 2459 1219 4041 1291; baseline 0.015 -24"><span class='ocrx_word' id='word_1_103' title='bbox 2459 1219 2805 1287; x_wconf 74' lang='grc' dir='ltr'>γραμμάτων</span> <span class='ocrx_word' id='word_1_104' title='bbox 2845 1220 3132 1290; x_wconf 79' lang='grc' dir='ltr'><strong>ἡμετέρων</strong></span> <span class='ocrx_word' id='word_1_105' title='bbox 3190 1222 3485 1290; x_wconf 77' lang='grc' dir='ltr'>διδάσκειν,</span> <span class='ocrx_word' id='word_1_106' title='bbox 3529 1227 3565 1280; x_wconf 70' lang='grc' dir='ltr'>ἃ</span> <span class='ocrx_word' id='word_1_107' title='bbox 3608 1232 3704 1286; x_wconf 81' lang='grc' dir='ltr'>τοῦ</span> <span class='ocrx_word' id='word_1_108' title='bbox 3773 1235 4041 1291; x_wconf 78' lang='grc' dir='ltr'>Ἰακώϐου</span> 
     </span>
    </p>
   </div>
   <div class='ocr_carea' id='block_1_17' title="bbox 2459 1311 4047 1393">
    <p class='ocr_par' dir='ltr' id='par_1_17' title="bbox 2459 1311 4047 1393">
     <span class='ocr_line' id='line_1_17' title="bbox 2459 1311 4047 1393; baseline 0.014 -34"><span class='ocrx_word' id='word_1_109' title='bbox 2459 1311 2728 1377; x_wconf 79' lang='grc' dir='ltr'>παρόντος</span> <span class='ocrx_word' id='word_1_110' title='bbox 2784 1311 2914 1380; x_wconf 87' lang='grc' dir='ltr'>παρ’</span> <span class='ocrx_word' id='word_1_111' title='bbox 2947 1311 3113 1365; x_wconf 76' lang='grc' dir='ltr'>αὑτοῦ</span> <span class='ocrx_word' id='word_1_112' title='bbox 3168 1317 3387 1381; x_wconf 83' lang='grc' dir='ltr'>μάθοις,</span> <span class='ocrx_word' id='word_1_113' title='bbox 3421 1321 3755 1390; x_wconf 80' lang='grc' dir='ltr'>παρείδομεν</span> <span class='ocrx_word' id='word_1_114' title='bbox 3777 1326 4047 1393; x_wconf 74' lang='grc' dir='ltr'>διεξιέναι</span> 
     </span>
    </p>
   </div>
   <div class='ocr_carea' id='block_1_18' title="bbox 776 1398 2344 1490">
    <p class='ocr_par' dir='ltr' id='par_1_18' title="bbox 776 1399 2344 1469">
     <span class='ocr_line' id='line_1_18' title="bbox 776 1399 2344 1469; baseline 0.001 -16"><span class='ocrx_word' id='word_1_115' title='bbox 776 1401 842 1454; x_wconf 84' lang='lat' dir='ltr'><strong>de</strong></span> <span class='ocrx_word' id='word_1_116' title='bbox 870 1400 1072 1469; x_wconf 87' lang='lat' dir='ltr'><strong>quibus</strong></span> <span class='ocrx_word' id='word_1_117' title='bbox 1101 1400 1396 1469; x_wconf 85' lang='lat' dir='ltr'><strong>scripsisti.</strong></span> <span class='ocrx_word' id='word_1_118' title='bbox 1444 1399 1562 1454; x_wconf 80' lang='lat' dir='ltr'><strong>Hoc</strong></span> <span class='ocrx_word' id='word_1_119' title='bbox 1603 1409 1784 1453; x_wconf 91' lang='lat' dir='ltr'><strong>autem</strong></span> <span class='ocrx_word' id='word_1_120' title='bbox 1838 1400 1936 1453; x_wconf 87' lang='lat' dir='ltr'><strong>tibi</strong></span> <span class='ocrx_word' id='word_1_121' title='bbox 1985 1409 2174 1453; x_wconf 89' lang='lat' dir='ltr'><strong>notum</strong></span> <span class='ocrx_word' id='word_1_122' title='bbox 2217 1401 2344 1456; x_wconf 78' lang='lat' dir='ltr'><strong>faci-</strong></span> 
     </span>
    </p>
   </div>
   <div class='ocr_carea' id='block_1_19' title="bbox 2448 1398 4038 1490">
    <p class='ocr_par' dir='ltr' id='par_1_19' title="bbox 2458 1398 4038 1490">
     <span class='ocr_line' id='line_1_19' title="bbox 2458 1398 4038 1490; baseline 0.017 -40"><span class='ocrx_word' id='word_1_123' title='bbox 2458 1398 2556 1467; x_wconf 76' lang='grc' dir='ltr'>τὴν</span> <span class='ocrx_word' id='word_1_124' title='bbox 2607 1402 2717 1452; x_wconf 90' lang='grc' dir='ltr'><strong>τῶν</strong></span> <span class='ocrx_word' id='word_1_125' title='bbox 2776 1405 2931 1472; x_wconf 71' lang='grc' dir='ltr'>παρὰ</span> <span class='ocrx_word' id='word_1_126' title='bbox 2999 1406 3093 1458; x_wconf 76' lang='grc' dir='ltr'><strong>σού</strong></span> <span class='ocrx_word' id='word_1_127' title='bbox 3139 1410 3460 1476; x_wconf 83' lang='grc' dir='ltr'>γραφέντων</span> <span class='ocrx_word' id='word_1_128' title='bbox 3510 1413 3684 1467; x_wconf 79' lang='grc' dir='ltr'>διόλου</span> <span class='ocrx_word' id='word_1_129' title='bbox 3741 1419 4038 1490; x_wconf 70' lang='grc' dir='ltr'>διοίκησιν.</span> 
     </span>
    </p>
   </div>
   <div class='ocr_carea' id='block_1_20' title="bbox 775 1491 2355 1563">
    <p class='ocr_par' dir='ltr' id='par_1_20' title="bbox 775 1491 2355 1563">
     <span class='ocr_line' id='line_1_20' title="bbox 775 1491 2355 1563; baseline 0.001 -17"><span class='ocrx_word' id='word_1_130' title='bbox 775 1507 923 1557; x_wconf 88' lang='lat' dir='ltr'><strong>mus,</strong></span> <span class='ocrx_word' id='word_1_131' title='bbox 949 1493 1096 1563; x_wconf 89' lang='lat' dir='ltr'><strong>quod</strong></span> <span class='ocrx_word' id='word_1_132' title='bbox 1126 1491 1343 1556; x_wconf 79' lang='lat' dir='ltr'><strong>Petrus,</strong></span> <span class='ocrx_word' id='word_1_133' title='bbox 1376 1492 1481 1545; x_wconf 89' lang='lat' dir='ltr'><strong>nisi</strong></span> <span class='ocrx_word' id='word_1_134' title='bbox 1523 1506 1718 1545; x_wconf 84' lang='lat' dir='ltr'><strong>rursus</strong></span> <span class='ocrx_word' id='word_1_135' title='bbox 1759 1491 2106 1546; x_wconf 86' lang='lat' dir='ltr'><strong>mendacium</strong></span> <span class='ocrx_word' id='word_1_136' title='bbox 2139 1494 2355 1547; x_wconf 80' lang='lat' dir='ltr'><strong>veritati</strong></span> 
     </span>
    </p>
   </div>
   <div class='ocr_carea' id='block_1_21' title="bbox 775 1583 2348 1653">
    <p class='ocr_par' dir='ltr' id='par_1_21' title="bbox 775 1583 2348 1653">
     <span class='ocr_line' id='line_1_21' title="bbox 775 1583 2348 1653; baseline 0.001 -16"><span class='ocrx_word' id='word_1_137' title='bbox 775 1583 1045 1653; x_wconf 65' lang='lat' dir='ltr'><strong>praeferat,</strong></span> <span class='ocrx_word' id='word_1_138' title='bbox 1085 1583 1298 1637; x_wconf 86' lang='lat' dir='ltr'><strong>tertiam</strong></span> <span class='ocrx_word' id='word_1_139' title='bbox 1328 1583 1492 1646; x_wconf 81' lang='lat' dir='ltr'><strong>hanc,</strong></span> <span class='ocrx_word' id='word_1_140' title='bbox 1518 1598 1680 1652; x_wconf 91' lang='lat' dir='ltr'><strong>quam</strong></span> <span class='ocrx_word' id='word_1_141' title='bbox 1701 1584 2022 1652; x_wconf 68' lang='lat' dir='ltr'><strong>quaerimus,</strong></span> <span class='ocrx_word' id='word_1_142' title='bbox 2058 1599 2348 1653; x_wconf 87' lang='lat' dir='ltr'><strong>personant</strong></span> 
     </span>
    </p>
   </div>
   <div class='ocr_carea' id='block_1_22' title="bbox 775 1674 2350 1741">
    <p class='ocr_par' dir='ltr' id='par_1_22' title="bbox 775 1674 2350 1741">
     <span class='ocr_line' id='line_1_22' title="bbox 775 1674 2350 1741; baseline 0.001 -12"><span class='ocrx_word' id='word_1_143' title='bbox 775 1674 1062 1730; x_wconf 77' lang='lat' dir='ltr'><strong>confessus</strong></span> <span class='ocrx_word' id='word_1_144' title='bbox 1089 1684 1174 1730; x_wconf 90' lang='lat' dir='ltr'><strong>est</strong></span> <span class='ocrx_word' id='word_1_145' title='bbox 1207 1690 1264 1728; x_wconf 92' lang='lat' dir='ltr'><strong>se</strong></span> <span class='ocrx_word' id='word_1_146' title='bbox 1295 1675 1587 1730; x_wconf 86' lang='lat' dir='ltr'><strong>revelasse.</strong></span> <span class='ocrx_word' id='word_1_147' title='bbox 1615 1675 1772 1741; x_wconf 84' lang='lat' dir='ltr'><strong>Quod</strong></span> <span class='ocrx_word' id='word_1_148' title='bbox 1801 1677 1845 1730; x_wconf 88' lang='lat' dir='ltr'><strong>si</strong></span> <span class='ocrx_word' id='word_1_149' title='bbox 1882 1676 2169 1730; x_wconf 81' lang='lat' dir='ltr'><strong>conﬁrmet</strong></span> <span class='ocrx_word' id='word_1_150' title='bbox 2193 1692 2350 1731; x_wconf 88' lang='lat' dir='ltr'><strong>suam</strong></span> 
     </span>
    </p>
   </div>
   <div class='ocr_carea' id='block_1_23' title="bbox 2472 1491 4043 1580">
    <p class='ocr_par' dir='ltr' id='par_1_23' title="bbox 2472 1491 4043 1580">
     <span class='ocr_line' id='line_1_23' title="bbox 2472 1491 4043 1580; baseline 0.017 -39"><span class='ocrx_word' id='word_1_151' title='bbox 2472 1491 2678 1544; x_wconf 79' lang='grc' dir='ltr'>Ἐκεῖνο</span> <span class='ocrx_word' id='word_1_152' title='bbox 2711 1492 2766 1544; x_wconf 79' lang='grc' dir='ltr'>δὲ</span> <span class='ocrx_word' id='word_1_153' title='bbox 2800 1497 3141 1568; x_wconf 76' lang='grc' dir='ltr'>γνωρίζομεν</span> <span class='ocrx_word' id='word_1_154' title='bbox 3167 1538 3181 1563; x_wconf 95' lang='grc'><strong>,</strong></span> <span class='ocrx_word' id='word_1_155' title='bbox 3214 1499 3290 1564; x_wconf 89' lang='grc' dir='ltr'><strong>ώς</strong></span> <span class='ocrx_word' id='word_1_156' title='bbox 3323 1503 3352 1553; x_wconf 85' lang='grc' dir='ltr'><strong>ό</strong></span> <span class='ocrx_word' id='word_1_157' title='bbox 3392 1505 3618 1573; x_wconf 79' lang='grc' dir='ltr'>Πέτρος,</span> <span class='ocrx_word' id='word_1_158' title='bbox 3649 1509 3697 1560; x_wconf 80' lang='grc' dir='ltr'><strong>εί</strong></span> <span class='ocrx_word' id='word_1_159' title='bbox 3748 1511 3822 1580; x_wconf 81' lang='grc' dir='ltr'>μὴ</span> <span class='ocrx_word' id='word_1_160' title='bbox 3869 1514 4043 1566; x_wconf 83' lang='grc' dir='ltr'>πάλιν</span> 
     </span>
    </p>
   </div>
   <div class='ocr_carea' id='block_1_24' title="bbox 2459 1585 4040 1671">
    <p class='ocr_par' dir='ltr' id='par_1_24' title="bbox 2459 1585 4040 1671">
     <span class='ocr_line' id='line_1_24' title="bbox 2459 1585 4040 1671; baseline 0.015 -38"><span class='ocrx_word' id='word_1_161' title='bbox 2459 1585 2775 1656; x_wconf 80' lang='grc' dir='ltr'>προτιμήσῃ</span> <span class='ocrx_word' id='word_1_162' title='bbox 2813 1586 2874 1638; x_wconf 81' lang='grc' dir='ltr'>τὸ</span> <span class='ocrx_word' id='word_1_163' title='bbox 2905 1587 3100 1655; x_wconf 72' lang='grc' dir='ltr'>ψεῦδος</span> <span class='ocrx_word' id='word_1_164' title='bbox 3139 1593 3241 1659; x_wconf 86' lang='grc' dir='ltr'>τῆς</span> <span class='ocrx_word' id='word_1_165' title='bbox 3285 1594 3573 1664; x_wconf 79' lang='grc' dir='ltr'>ἀληθείας,</span> <span class='ocrx_word' id='word_1_166' title='bbox 3604 1601 3665 1650; x_wconf 79' lang='grc' dir='ltr'><strong>τὸ</strong></span> <span class='ocrx_word' id='word_1_167' title='bbox 3701 1601 4040 1671; x_wconf 81' lang='grc' dir='ltr'>ζητούμενον</span> 
     </span>
    </p>
   </div>
   <div class='ocr_carea' id='block_1_25' title="bbox 2456 1674 4039 1764">
    <p class='ocr_par' dir='ltr' id='par_1_25' title="bbox 2456 1674 4039 1764">
     <span class='ocr_line' id='line_1_25' title="bbox 2456 1674 4039 1764; baseline 0.015 -41"><span class='ocrx_word' id='word_1_168' title='bbox 2456 1674 2642 1742; x_wconf 82' lang='grc' dir='ltr'>τρίτον</span> <span class='ocrx_word' id='word_1_169' title='bbox 2673 1675 2972 1744; x_wconf 86' lang='grc' dir='ltr'>πρόσωπον</span> <span class='ocrx_word' id='word_1_170' title='bbox 3012 1679 3335 1752; x_wconf 83' lang='grc' dir='ltr'>ὡμολόγησε</span> <span class='ocrx_word' id='word_1_171' title='bbox 3365 1691 3703 1757; x_wconf 79' lang='grc' dir='ltr'>παρασχεῖνο</span> <span class='ocrx_word' id='word_1_172' title='bbox 3734 1696 3825 1745; x_wconf 72' lang='grc' dir='ltr'>καὶ</span> <span class='ocrx_word' id='word_1_173' title='bbox 3852 1696 3896 1746; x_wconf 87' lang='grc' dir='ltr'><strong>εί</strong></span> <span class='ocrx_word' id='word_1_174' title='bbox 3930 1698 4039 1764; x_wconf 78' lang='grc' dir='ltr'>μὲν</span> 
     </span>
    </p>
   </div>
   <div class='ocr_carea' id='block_1_26' title="bbox 775 1765 2344 1849">
    <p class='ocr_par' dir='ltr' id='par_1_26' title="bbox 775 1765 2344 1836">
     <span class='ocr_line' id='line_1_26' title="bbox 775 1765 2344 1836; baseline 0.002 -18"><span class='ocrx_word' id='word_1_175' title='bbox 775 1765 1203 1832; x_wconf 67' lang='lat' dir='ltr'><strong>confessionem,</strong></span> <span class='ocrx_word' id='word_1_176' title='bbox 1239 1766 1378 1820; x_wconf 86' lang='lat' dir='ltr'><strong>nihil</strong></span> <span class='ocrx_word' id='word_1_177' title='bbox 1402 1767 1640 1836; x_wconf 84' lang='lat' dir='ltr'><strong>amplius</strong></span> <span class='ocrx_word' id='word_1_178' title='bbox 1677 1782 1774 1834; x_wconf 91' lang='lat' dir='ltr'><strong>pro</strong></span> <span class='ocrx_word' id='word_1_179' title='bbox 1807 1767 1902 1820; x_wconf 91' lang='lat' dir='ltr'><strong>illo</strong></span> <span class='ocrx_word' id='word_1_180' title='bbox 1931 1765 2127 1832; x_wconf 75' lang='lat' dir='ltr'><strong>iacias;</strong></span> <span class='ocrx_word' id='word_1_181' title='bbox 2157 1767 2201 1820; x_wconf 93' lang='lat' dir='ltr'><strong>si</strong></span> <span class='ocrx_word' id='word_1_182' title='bbox 2223 1782 2344 1821; x_wconf 83' lang='lat' dir='ltr'><strong>vero</strong></span> 
     </span>
    </p>
   </div>
   <div class='ocr_carea' id='block_1_27' title="bbox 2448 1765 4036 1849">
    <p class='ocr_par' dir='ltr' id='par_1_27' title="bbox 2456 1765 4036 1849">
     <span class='ocr_line' id='line_1_27' title="bbox 2456 1765 4036 1849; baseline 0.016 -35"><span class='ocrx_word' id='word_1_183' title='bbox 2456 1765 2665 1834; x_wconf 83' lang='grc' dir='ltr'>τιμήσῃ</span> <span class='ocrx_word' id='word_1_184' title='bbox 2713 1767 2812 1835; x_wconf 84' lang='grc' dir='ltr'>τὴν</span> <span class='ocrx_word' id='word_1_185' title='bbox 2874 1769 3070 1822; x_wconf 76' lang='grc' dir='ltr'>ἑαυτοῦ</span> <span class='ocrx_word' id='word_1_186' title='bbox 3127 1772 3457 1841; x_wconf 72' lang='grc' dir='ltr'>ὁμολογίαν,</span> <span class='ocrx_word' id='word_1_187' title='bbox 3505 1780 3673 1849; x_wconf 73' lang='grc' dir='ltr'>μηδὲν</span> <span class='ocrx_word' id='word_1_188' title='bbox 3724 1783 3885 1835; x_wconf 80' lang='grc' dir='ltr'>πλέον</span> <span class='ocrx_word' id='word_1_189' title='bbox 3939 1788 4036 1840; x_wconf 80' lang='grc' dir='ltr'><strong>ἐπ’</strong></span> 
     </span>
    </p>
   </div>
   <div class='ocr_carea' id='block_1_28' title="bbox 771 1857 2344 1944">
    <p class='ocr_par' dir='ltr' id='par_1_28' title="bbox 771 1859 2344 1929">
     <span class='ocr_line' id='line_1_28' title="bbox 771 1859 2344 1929; baseline -0.003 -16"><span class='ocrx_word' id='word_1_190' title='bbox 771 1874 894 1914; x_wconf 84' lang='lat' dir='ltr'><strong>eam</strong></span> <span class='ocrx_word' id='word_1_191' title='bbox 945 1869 1248 1914; x_wconf 84' lang='lat' dir='ltr'><strong>retractare</strong></span> <span class='ocrx_word' id='word_1_192' title='bbox 1281 1860 1416 1924; x_wconf 88' lang='lat' dir='ltr'><strong>vult,</strong></span> <span class='ocrx_word' id='word_1_193' title='bbox 1454 1867 1513 1914; x_wconf 90' lang='lat' dir='ltr'><strong>ut</strong></span> <span class='ocrx_word' id='word_1_194' title='bbox 1556 1859 1862 1929; x_wconf 78' lang='lat' dir='ltr'><strong>expellatur</strong></span> <span class='ocrx_word' id='word_1_195' title='bbox 1899 1875 2124 1914; x_wconf 91' lang='lat' dir='ltr'><strong>necesse</strong></span> <span class='ocrx_word' id='word_1_196' title='bbox 2147 1868 2250 1926; x_wconf 84' lang='lat' dir='ltr'><strong>est,</strong></span> <span class='ocrx_word' id='word_1_197' title='bbox 2299 1869 2344 1920; x_wconf 64' lang='lat' dir='ltr'><strong>et</strong></span> 
     </span>
    </p>
   </div>
   <div class='ocr_carea' id='block_1_29' title="bbox 2448 1857 4033 1944">
    <p class='ocr_par' dir='ltr' id='par_1_29' title="bbox 2457 1857 4033 1944">
     <span class='ocr_line' id='line_1_29' title="bbox 2457 1857 4033 1944; baseline 0.013 -37"><span class='ocrx_word' id='word_1_198' title='bbox 2457 1857 2604 1927; x_wconf 81' lang='grc' dir='ltr'>αύτῷ</span> <span class='ocrx_word' id='word_1_199' title='bbox 2667 1859 2915 1929; x_wconf 80' lang='grc' dir='ltr'>πράξεις.</span> <span class='ocrx_word' id='word_1_200' title='bbox 2949 1863 3013 1914; x_wconf 72' lang='lat' dir='ltr'><strong>Et</strong></span> <span class='ocrx_word' id='word_1_201' title='bbox 3068 1863 3124 1916; x_wconf 82' lang='grc' dir='ltr'>δὲ</span> <span class='ocrx_word' id='word_1_202' title='bbox 3177 1866 3315 1933; x_wconf 84' lang='grc' dir='ltr'>πρὸς</span> <span class='ocrx_word' id='word_1_203' title='bbox 3367 1869 3625 1941; x_wconf 77' lang='grc' dir='ltr'>ἀθέτησιν</span> <span class='ocrx_word' id='word_1_204' title='bbox 3669 1875 3870 1944; x_wconf 87' lang='grc' dir='ltr'>ταύτης</span> <span class='ocrx_word' id='word_1_205' title='bbox 3903 1878 4033 1943; x_wconf 80' lang='grc' dir='ltr'>ἴδοι,</span> 
     </span>
    </p>
   </div>
   <div class='ocr_carea' id='block_1_30' title="bbox 771 1949 2350 2022">
    <p class='ocr_par' dir='ltr' id='par_1_30' title="bbox 771 1949 2350 2022">
     <span class='ocr_line' id='line_1_30' title="bbox 771 1949 2350 2022; baseline 0.001 -18"><span class='ocrx_word' id='word_1_206' title='bbox 771 1952 962 2022; x_wconf 87' lang='lat' dir='ltr'><strong>utique</strong></span> <span class='ocrx_word' id='word_1_207' title='bbox 1006 1952 1321 2022; x_wconf 84' lang='lat' dir='ltr'><strong>repelletur.</strong></span> <span class='ocrx_word' id='word_1_208' title='bbox 1362 1949 1599 2006; x_wconf 65' lang='lat' dir='ltr'><strong>Iacobus</strong></span> <span class='ocrx_word' id='word_1_209' title='bbox 1646 1961 1825 2004; x_wconf 91' lang='lat' dir='ltr'><strong>autem</strong></span> <span class='ocrx_word' id='word_1_210' title='bbox 1870 1950 1940 2005; x_wconf 90' lang='lat' dir='ltr'><strong>ad</strong></span> <span class='ocrx_word' id='word_1_211' title='bbox 1993 1962 2350 2020; x_wconf 85' lang='lat' dir='ltr'><strong>conspectum</strong></span> 
     </span>
    </p>
   </div>
   <div class='ocr_carea' id='block_1_31' title="bbox 2458 1949 4034 2030">
    <p class='ocr_par' dir='ltr' id='par_1_31' title="bbox 2458 1949 4034 2030">
     <span class='ocr_line' id='line_1_31' title="bbox 2458 1949 4034 2030; baseline 0.013 -31"><span class='ocrx_word' id='word_1_212' title='bbox 2458 1949 2673 2019; x_wconf 74' lang='grc' dir='ltr'>ἀνάγκη</span> <span class='ocrx_word' id='word_1_213' title='bbox 2724 1953 2887 2008; x_wconf 77' lang='grc' dir='ltr'>αὐτὸν</span> <span class='ocrx_word' id='word_1_214' title='bbox 2931 1955 3142 2009; x_wconf 79' lang='grc' dir='ltr'>ἐκεῖθεν</span> <span class='ocrx_word' id='word_1_215' title='bbox 3186 1959 3604 2026; x_wconf 81' lang='grc' dir='ltr'>ἀπελαύνεσθαι,</span> <span class='ocrx_word' id='word_1_216' title='bbox 3667 1967 3757 2018; x_wconf 82' lang='grc' dir='ltr'>καὶ</span> <span class='ocrx_word' id='word_1_217' title='bbox 3805 1969 4034 2030; x_wconf 81' lang='grc' dir='ltr'>πάντως</span> 
     </span>
    </p>
   </div>
   <div class='ocr_carea' id='block_1_32' title="bbox 775 2037 2344 2124">
    <p class='ocr_par' dir='ltr' id='par_1_32' title="bbox 775 2044 2344 2114">
     <span class='ocr_line' id='line_1_32' title="bbox 775 2044 2344 2114; baseline -0.001 -17"><span class='ocrx_word' id='word_1_218' title='bbox 775 2045 1126 2114; x_wconf 85' lang='lat' dir='ltr'><strong>imperatoris</strong></span> <span class='ocrx_word' id='word_1_219' title='bbox 1157 2044 1506 2099; x_wconf 76' lang='lat' dir='ltr'><strong>introductus</strong></span> <span class='ocrx_word' id='word_1_220' title='bbox 1538 2054 1642 2108; x_wconf 87' lang='lat' dir='ltr'><strong>est,</strong></span> <span class='ocrx_word' id='word_1_221' title='bbox 1674 2054 1749 2108; x_wconf 89' lang='lat' dir='ltr'><strong>et,</strong></span> <span class='ocrx_word' id='word_1_222' title='bbox 1789 2054 1951 2112; x_wconf 87' lang='lat' dir='ltr'><strong>prout</strong></span> <span class='ocrx_word' id='word_1_223' title='bbox 1987 2045 2146 2098; x_wconf 85' lang='lat' dir='ltr'><strong>nobis</strong></span> <span class='ocrx_word' id='word_1_224' title='bbox 2195 2059 2344 2097; x_wconf 89' lang='lat' dir='ltr'><strong>man-</strong></span> 
     </span>
    </p>
   </div>
   <div class='ocr_carea' id='block_1_33' title="bbox 2448 2037 4034 2124">
    <p class='ocr_par' dir='ltr' id='par_1_33' title="bbox 2454 2037 4034 2124">
     <span class='ocr_line' id='line_1_33' title="bbox 2454 2037 4034 2124; baseline 0.015 -35"><span class='ocrx_word' id='word_1_225' title='bbox 2454 2037 2876 2110; x_wconf 80' lang='grc' dir='ltr'>ἀπελαθήσεται.</span> <span class='ocrx_word' id='word_1_226' title='bbox 2937 2043 2994 2098; x_wconf 85' lang='grc'><strong>’0</strong></span> <span class='ocrx_word' id='word_1_227' title='bbox 3036 2046 3089 2098; x_wconf 74' lang='grc' dir='ltr'>δὲ</span> <span class='ocrx_word' id='word_1_228' title='bbox 3118 2049 3370 2113; x_wconf 83' lang='grc' dir='ltr'>Ἰάκωϐος</span> <span class='ocrx_word' id='word_1_229' title='bbox 3399 2054 3622 2123; x_wconf 75' lang='grc' dir='ltr'>είσήχθη</span> <span class='ocrx_word' id='word_1_230' title='bbox 3669 2062 3809 2110; x_wconf 78' lang='grc' dir='ltr'>κατὰ</span> <span class='ocrx_word' id='word_1_231' title='bbox 3855 2061 4034 2124; x_wconf 70' lang='grc' dir='ltr'>πρόσ-</span> 
     </span>
    </p>
   </div>
   <div class='ocr_carea' id='block_1_34' title="bbox 770 2131 2344 2217">
    <p class='ocr_par' dir='ltr' id='par_1_34' title="bbox 770 2133 2344 2206">
     <span class='ocr_line' id='line_1_34' title="bbox 770 2133 2344 2206; baseline -0.002 -15"><span class='ocrx_word' id='word_1_232' title='bbox 770 2138 944 2199; x_wconf 83' lang='lat' dir='ltr'><strong>davit.</strong></span> <span class='ocrx_word' id='word_1_233' title='bbox 993 2137 1380 2206; x_wconf 88' lang='lat' dir='ltr'><strong>imperatorem</strong></span> <span class='ocrx_word' id='word_1_234' title='bbox 1427 2136 1493 2188; x_wconf 87' lang='lat' dir='ltr'><strong>ad</strong></span> <span class='ocrx_word' id='word_1_235' title='bbox 1539 2143 1762 2188; x_wconf 91' lang='lat' dir='ltr'><strong>nostros</strong></span> <span class='ocrx_word' id='word_1_236' title='bbox 1811 2133 2158 2188; x_wconf 75' lang='lat' dir='ltr'><strong>adversarios</strong></span> <span class='ocrx_word' id='word_1_237' title='bbox 2196 2134 2344 2188; x_wconf 82' lang='lat' dir='ltr'><strong>valde</strong></span> 
     </span>
    </p>
   </div>
   <div class='ocr_carea' id='block_1_35' title="bbox 2448 2131 4033 2217">
    <p class='ocr_par' dir='ltr' id='par_1_35' title="bbox 2453 2131 4033 2217">
     <span class='ocr_line' id='line_1_35' title="bbox 2453 2131 4033 2217; baseline 0.013 -37"><span class='ocrx_word' id='word_1_238' title='bbox 2453 2146 2600 2183; x_wconf 85' lang='grc' dir='ltr'>ωπον</span> <span class='ocrx_word' id='word_1_239' title='bbox 2663 2131 2758 2184; x_wconf 76' lang='grc' dir='ltr'>τοῦ</span> <span class='ocrx_word' id='word_1_240' title='bbox 2809 2134 3206 2208; x_wconf 84' lang='grc' dir='ltr'>βασιλεύοντος,</span> <span class='ocrx_word' id='word_1_241' title='bbox 3237 2142 3332 2193; x_wconf 80' lang='grc' dir='ltr'>καὶ</span> <span class='ocrx_word' id='word_1_242' title='bbox 3377 2143 3452 2206; x_wconf 88' lang='grc' dir='ltr'><strong>ώς</strong></span> <span class='ocrx_word' id='word_1_243' title='bbox 3511 2145 3820 2214; x_wconf 74' lang='grc' dir='ltr'>ἐξηγήσατο</span> <span class='ocrx_word' id='word_1_244' title='bbox 3870 2153 4033 2217; x_wconf 73' lang='grc' dir='ltr'>ἡμῖν,</span> 
     </span>
    </p>
   </div>
   <div class='ocr_carea' id='block_1_36' title="bbox 771 2224 2350 2296">
    <p class='ocr_par' dir='ltr' id='par_1_36' title="bbox 771 2224 2350 2296">
     <span class='ocr_line' id='line_1_36' title="bbox 771 2224 2350 2296; baseline -0.002 -16"><span class='ocrx_word' id='word_1_245' title='bbox 771 2225 1128 2281; x_wconf 82' lang='lat' dir='ltr'><strong>inclinantem</strong></span> <span class='ocrx_word' id='word_1_246' title='bbox 1174 2227 1330 2280; x_wconf 73' lang='lat' dir='ltr'><strong>vidit.</strong></span> <span class='ocrx_word' id='word_1_247' title='bbox 1386 2224 1526 2291; x_wconf 84' lang='lat' dir='ltr'><strong>Quid</strong></span> <span class='ocrx_word' id='word_1_248' title='bbox 1569 2241 1700 2296; x_wconf 82' lang='lat' dir='ltr'><strong>ergo</strong></span> <span class='ocrx_word' id='word_1_249' title='bbox 1731 2235 1948 2296; x_wconf 87' lang='lat' dir='ltr'><strong>oportet</strong></span> <span class='ocrx_word' id='word_1_250' title='bbox 1995 2226 2198 2294; x_wconf 83' lang='lat' dir='ltr'><strong>facere,</strong></span> <span class='ocrx_word' id='word_1_251' title='bbox 2253 2226 2350 2290; x_wconf 83' lang='lat' dir='ltr'><strong>iili,</strong></span> 
     </span>
    </p>
   </div>
   <div class='ocr_carea' id='block_1_37' title="bbox 773 2315 2354 2386">
    <p class='ocr_par' dir='ltr' id='par_1_37' title="bbox 773 2315 2354 2386">
     <span class='ocr_line' id='line_1_37' title="bbox 773 2315 2354 2386; baseline 0.001 -17"><span class='ocrx_word' id='word_1_252' title='bbox 773 2332 896 2370; x_wconf 85' lang='lat' dir='ltr'><strong>eum</strong></span> <span class='ocrx_word' id='word_1_253' title='bbox 949 2332 1036 2369; x_wconf 88' lang='lat' dir='ltr'><strong>res</strong></span> <span class='ocrx_word' id='word_1_254' title='bbox 1075 2316 1147 2371; x_wconf 90' lang='lat' dir='ltr'><strong>ita</strong></span> <span class='ocrx_word' id='word_1_255' title='bbox 1204 2331 1261 2370; x_wconf 94' lang='lat' dir='ltr'><strong>se</strong></span> <span class='ocrx_word' id='word_1_256' title='bbox 1310 2315 1585 2370; x_wconf 82' lang='lat' dir='ltr'><strong>habeant?</strong></span> <span class='ocrx_word' id='word_1_257' title='bbox 1636 2315 1776 2381; x_wconf 85' lang='lat' dir='ltr'><strong>Quid</strong></span> <span class='ocrx_word' id='word_1_258' title='bbox 1831 2316 1935 2370; x_wconf 88' lang='lat' dir='ltr'><strong>nisi</strong></span> <span class='ocrx_word' id='word_1_259' title='bbox 1979 2317 2354 2386; x_wconf 73' lang='lat' dir='ltr'><strong>philosophice</strong></span> 
     </span>
    </p>
   </div>
   <div class='ocr_carea' id='block_1_38' title="bbox 773 2406 2352 2476">
    <p class='ocr_par' dir='ltr' id='par_1_38' title="bbox 773 2406 2352 2476">
     <span class='ocr_line' id='line_1_38' title="bbox 773 2406 2352 2476; baseline 0.002 -18"><span class='ocrx_word' id='word_1_260' title='bbox 773 2406 972 2469; x_wconf 77' lang='lat' dir='ltr'><strong>vivere,</strong></span> <span class='ocrx_word' id='word_1_261' title='bbox 1021 2414 1076 2460; x_wconf 76' lang='lat' dir='ltr'><strong>et</strong></span> <span class='ocrx_word' id='word_1_262' title='bbox 1126 2408 1355 2475; x_wconf 87' lang='lat' dir='ltr'><strong>tempori</strong></span> <span class='ocrx_word' id='word_1_263' title='bbox 1396 2407 1610 2472; x_wconf 89' lang='lat' dir='ltr'><strong>cedere,</strong></span> <span class='ocrx_word' id='word_1_264' title='bbox 1656 2410 1917 2476; x_wconf 90' lang='lat' dir='ltr'><strong>quoniam</strong></span> <span class='ocrx_word' id='word_1_265' title='bbox 1967 2408 2127 2462; x_wconf 84' lang='lat' dir='ltr'><strong>nobis</strong></span> <span class='ocrx_word' id='word_1_266' title='bbox 2174 2407 2352 2462; x_wconf 85' lang='lat' dir='ltr'><strong>eccle-</strong></span> 
     </span>
    </p>
   </div>
   <div class='ocr_carea' id='block_1_39' title="bbox 768 2495 2348 2566">
    <p class='ocr_par' dir='ltr' id='par_1_39' title="bbox 768 2495 2348 2566">
     <span class='ocr_line' id='line_1_39' title="bbox 768 2495 2348 2566; baseline 0 -18"><span class='ocrx_word' id='word_1_267' title='bbox 768 2499 974 2550; x_wconf 81' lang='lat' dir='ltr'><strong>siarum</strong></span> <span class='ocrx_word' id='word_1_268' title='bbox 1021 2497 1115 2550; x_wconf 92' lang='lat' dir='ltr'><strong>Dei</strong></span> <span class='ocrx_word' id='word_1_269' title='bbox 1174 2495 1480 2566; x_wconf 84' lang='lat' dir='ltr'><strong>proditores</strong></span> <span class='ocrx_word' id='word_1_270' title='bbox 1525 2497 1787 2551; x_wconf 88' lang='lat' dir='ltr'><strong>ostendit.</strong></span> <span class='ocrx_word' id='word_1_271' title='bbox 1848 2496 2071 2550; x_wconf 83' lang='lat' dir='ltr'><strong>Caeteris</strong></span> <span class='ocrx_word' id='word_1_272' title='bbox 2096 2510 2218 2565; x_wconf 67' lang='lat' dir='ltr'><strong>qua!</strong></span> <span class='ocrx_word' id='word_1_273' title='bbox 2255 2497 2348 2549; x_wconf 90' lang='lat' dir='ltr'><strong>tibi</strong></span> 
     </span>
    </p>
   </div>
   <div class='ocr_carea' id='block_1_40' title="bbox 772 2587 2346 2659">
    <p class='ocr_par' dir='ltr' id='par_1_40' title="bbox 772 2587 2346 2659">
     <span class='ocr_line' id='line_1_40' title="bbox 772 2587 2346 2659; baseline 0.002 -18"><span class='ocrx_word' id='word_1_274' title='bbox 772 2589 1045 2643; x_wconf 87' lang='lat' dir='ltr'><strong>nuntiahit</strong></span> <span class='ocrx_word' id='word_1_275' title='bbox 1089 2587 1351 2652; x_wconf 85' lang='lat' dir='ltr'><strong>Jacobus,</strong></span> <span class='ocrx_word' id='word_1_276' title='bbox 1393 2591 1496 2644; x_wconf 90' lang='lat' dir='ltr'><strong>hoc</strong></span> <span class='ocrx_word' id='word_1_277' title='bbox 1567 2605 1785 2659; x_wconf 90' lang='lat' dir='ltr'><strong>quoque</strong></span> <span class='ocrx_word' id='word_1_278' title='bbox 1857 2605 2056 2644; x_wconf 85' lang='lat' dir='ltr'><strong>novum</strong></span> <span class='ocrx_word' id='word_1_279' title='bbox 2109 2590 2346 2659; x_wconf 87' lang='lat' dir='ltr'><strong>adjieict.</strong></span> 
     </span>
    </p>
   </div>
   <div class='ocr_carea' id='block_1_41' title="bbox 2455 2220 4027 2305">
    <p class='ocr_par' dir='ltr' id='par_1_41' title="bbox 2455 2220 4027 2305">
     <span class='ocr_line' id='line_1_41' title="bbox 2455 2220 4027 2305; baseline 0.013 -32"><span class='ocrx_word' id='word_1_280' title='bbox 2455 2223 2632 2276; x_wconf 83' lang='grc' dir='ltr'>πᾶσαν</span> <span class='ocrx_word' id='word_1_281' title='bbox 2662 2220 2767 2278; x_wconf 78' lang='grc' dir='ltr'>εἶδε</span> <span class='ocrx_word' id='word_1_282' title='bbox 2819 2228 2920 2298; x_wconf 82' lang='grc' dir='ltr'>τὴν</span> <span class='ocrx_word' id='word_1_283' title='bbox 2955 2229 3170 2285; x_wconf 76' lang='grc' dir='ltr'>ἐκείνου</span> <span class='ocrx_word' id='word_1_284' title='bbox 3198 2235 3373 2304; x_wconf 75' lang='grc' dir='ltr'>ῥοπὴν</span> <span class='ocrx_word' id='word_1_285' title='bbox 3407 2236 3545 2305; x_wconf 77' lang='grc' dir='ltr'>μετὰ</span> <span class='ocrx_word' id='word_1_286' title='bbox 3571 2238 3678 2289; x_wconf 88' lang='grc' dir='ltr'><strong>τῶν</strong></span> <span class='ocrx_word' id='word_1_287' title='bbox 3710 2240 4027 2294; x_wconf 80' lang='grc' dir='ltr'>ἀντιδίκων.</span> 
     </span>
    </p>
   </div>
   <div class='ocr_carea' id='block_1_42' title="bbox 2454 2311 4039 2402">
    <p class='ocr_par' dir='ltr' id='par_1_42' title="bbox 2454 2311 4039 2402">
     <span class='ocr_line' id='line_1_42' title="bbox 2454 2311 4039 2402; baseline 0.014 -38"><span class='ocrx_word' id='word_1_288' title='bbox 2454 2313 2497 2365; x_wconf 84' lang='grc' dir='ltr'>Τ</span> <span class='ocrx_word' id='word_1_289' title='bbox 2504 2313 2519 2364; x_wconf 87' lang='grc' dir='ltr'><strong>ί</strong></span> <span class='ocrx_word' id='word_1_290' title='bbox 2542 2311 2634 2368; x_wconf 77' lang='grc' dir='ltr'>οὖν</span> <span class='ocrx_word' id='word_1_291' title='bbox 2654 2316 2735 2368; x_wconf 80' lang='grc' dir='ltr'><strong>δεῖ</strong></span> <span class='ocrx_word' id='word_1_292' title='bbox 2761 2320 3065 2388; x_wconf 64' lang='grc' dir='ltr'>σπράττειν,</span> <span class='ocrx_word' id='word_1_293' title='bbox 3094 2323 3284 2378; x_wconf 80' lang='grc' dir='ltr'>τέκνον</span> <span class='ocrx_word' id='word_1_294' title='bbox 3314 2327 3494 2396; x_wconf 79' lang='grc' dir='ltr'>ἡμῶν,</span> <span class='ocrx_word' id='word_1_295' title='bbox 3535 2327 3646 2381; x_wconf 88' lang='grc' dir='ltr'><strong>τῶν</strong></span> <span class='ocrx_word' id='word_1_296' title='bbox 3683 2334 4039 2402; x_wconf 76' lang='grc' dir='ltr'>πραγμάτων</span> 
     </span>
    </p>
   </div>
   <div class='ocr_carea' id='block_1_43' title="bbox 2453 2405 4034 2494">
    <p class='ocr_par' dir='ltr' id='par_1_43' title="bbox 2453 2405 4034 2494">
     <span class='ocr_line' id='line_1_43' title="bbox 2453 2405 4034 2494; baseline 0.012 -37"><span class='ocrx_word' id='word_1_297' title='bbox 2453 2405 2626 2470; x_wconf 72' lang='grc' dir='ltr'>οὕτως</span> <span class='ocrx_word' id='word_1_298' title='bbox 2671 2409 2941 2477; x_wconf 74' lang='grc' dir='ltr'>ἐχόντωνς</span> <span class='ocrx_word' id='word_1_299' title='bbox 2975 2415 3009 2484; x_wconf 72' lang='grc' dir='ltr'>ἢ</span> <span class='ocrx_word' id='word_1_300' title='bbox 3060 2416 3364 2484; x_wconf 73' lang='grc' dir='ltr'>φιλοσόφως</span> <span class='ocrx_word' id='word_1_301' title='bbox 3415 2419 3783 2487; x_wconf 79' lang='grc' dir='ltr'>διαγενέσθαι,</span> <span class='ocrx_word' id='word_1_302' title='bbox 3819 2424 3914 2474; x_wconf 74' lang='grc' dir='ltr'>καὶ</span> <span class='ocrx_word' id='word_1_303' title='bbox 3947 2425 4034 2494; x_wconf 77' lang='grc' dir='ltr'>τῷ</span> 
     </span>
    </p>
   </div>
   <div class='ocr_carea' id='block_1_44' title="bbox 2454 2497 4029 2588">
    <p class='ocr_par' dir='ltr' id='par_1_44' title="bbox 2454 2497 4029 2588">
     <span class='ocr_line' id='line_1_44' title="bbox 2454 2497 4029 2588; baseline 0.016 -41"><span class='ocrx_word' id='word_1_304' title='bbox 2454 2497 2628 2568; x_wconf 84' lang='grc' dir='ltr'>καιρῷ</span> <span class='ocrx_word' id='word_1_305' title='bbox 2676 2506 2998 2569; x_wconf 71' lang='grc' dir='ltr'>παρασχεῖν,</span> <span class='ocrx_word' id='word_1_306' title='bbox 3036 2505 3161 2557; x_wconf 84' lang='grc' dir='ltr'>ὅσον</span> <span class='ocrx_word' id='word_1_307' title='bbox 3190 2507 3266 2576; x_wconf 85' lang='grc' dir='ltr'>μὴ</span> <span class='ocrx_word' id='word_1_308' title='bbox 3293 2512 3572 2572; x_wconf 78' lang='grc' dir='ltr'>παντελῶς</span> <span class='ocrx_word' id='word_1_309' title='bbox 3607 2513 3848 2569; x_wconf 78' lang='grc' dir='ltr'>δείκνυσι</span> <span class='ocrx_word' id='word_1_310' title='bbox 3885 2536 4029 2588; x_wconf 79' lang='grc' dir='ltr'>προ-</span> 
     </span>
    </p>
   </div>
   <div class='ocr_carea' id='block_1_45' title="bbox 2449 2586 4037 2672">
    <p class='ocr_par' dir='ltr' id='par_1_45' title="bbox 2449 2586 4037 2672">
     <span class='ocr_line' id='line_1_45' title="bbox 2449 2586 4037 2672; baseline 0.014 -34"><span class='ocrx_word' id='word_1_311' title='bbox 2449 2586 2603 2651; x_wconf 80' lang='grc' dir='ltr'>δότας</span> <span class='ocrx_word' id='word_1_312' title='bbox 2649 2590 2759 2642; x_wconf 92' lang='grc' dir='ltr'><strong>τῶν</strong></span> <span class='ocrx_word' id='word_1_313' title='bbox 2809 2591 3144 2663; x_wconf 80' lang='grc' dir='ltr'>Ἐκκλησιῶν</span> <span class='ocrx_word' id='word_1_314' title='bbox 3192 2596 3287 2649; x_wconf 84' lang='grc' dir='ltr'>τοῦ</span> <span class='ocrx_word' id='word_1_315' title='bbox 3333 2600 3502 2664; x_wconf 81' lang='grc' dir='ltr'>Θεοῦ;</span> <span class='ocrx_word' id='word_1_316' title='bbox 3554 2603 3696 2672; x_wconf 74' lang='grc' dir='ltr'>Πλὴν</span> <span class='ocrx_word' id='word_1_317' title='bbox 3738 2610 3876 2672; x_wconf 86' lang='grc' dir='ltr'><strong>μετά</strong></span> <span class='ocrx_word' id='word_1_318' title='bbox 3915 2586 4037 2660; x_wconf 78' lang='grc' dir='ltr'><strong>τῶν</strong></span> 
     </span>
    </p>
   </div>
   <div class='ocr_carea' id='block_1_46' title="bbox 775 2675 2344 2768">
    <p class='ocr_par' dir='ltr' id='par_1_46' title="bbox 775 2680 2344 2751">
     <span class='ocr_line' id='line_1_46' title="bbox 775 2680 2344 2751; baseline 0.003 -17"><span class='ocrx_word' id='word_1_319' title='bbox 775 2681 991 2746; x_wconf 82' lang='lat' dir='ltr'><strong>Valeas,</strong></span> <span class='ocrx_word' id='word_1_320' title='bbox 1030 2691 1082 2736; x_wconf 91' lang='lat' dir='ltr'><strong>et</strong></span> <span class='ocrx_word' id='word_1_321' title='bbox 1107 2689 1308 2738; x_wconf 61' lang='lat' dir='ltr'><strong>nostra</strong></span> <span class='ocrx_word' id='word_1_322' title='bbox 1344 2680 1670 2737; x_wconf 87' lang='lat' dir='ltr'><strong>humilitatis</strong></span> <span class='ocrx_word' id='word_1_323' title='bbox 1710 2683 1762 2735; x_wconf 92' lang='lat' dir='ltr'><strong>in</strong></span> <span class='ocrx_word' id='word_1_324' title='bbox 1804 2681 1911 2750; x_wconf 90' lang='lat' dir='ltr'><strong>piis</strong></span> <span class='ocrx_word' id='word_1_325' title='bbox 1947 2683 2054 2737; x_wconf 82' lang='lat' dir='ltr'><strong>tuis</strong></span> <span class='ocrx_word' id='word_1_326' title='bbox 2101 2683 2344 2751; x_wconf 80' lang='lat' dir='ltr'><strong>precibus</strong></span> 
     </span>
    </p>
   </div>
   <div class='ocr_carea' id='block_1_47' title="bbox 2448 2675 4034 2768">
    <p class='ocr_par' dir='ltr' id='par_1_47' title="bbox 2450 2675 4034 2768">
     <span class='ocr_line' id='line_1_47' title="bbox 2450 2675 4034 2768; baseline 0.015 -41"><span class='ocrx_word' id='word_1_327' title='bbox 2450 2675 2650 2730; x_wconf 85' lang='grc' dir='ltr'>λοιπῶν</span> <span class='ocrx_word' id='word_1_328' title='bbox 2706 2682 2805 2734; x_wconf 84' lang='grc' dir='ltr'>ὅσα</span> <span class='ocrx_word' id='word_1_329' title='bbox 2871 2684 2899 2734; x_wconf 88' lang='grc' dir='ltr'><strong>ό</strong></span> <span class='ocrx_word' id='word_1_330' title='bbox 2953 2685 3210 2750; x_wconf 83' lang='grc' dir='ltr'>Ἰάκωϐος</span> <span class='ocrx_word' id='word_1_331' title='bbox 3266 2689 3602 2757; x_wconf 85' lang='grc' dir='ltr'>ἀπαγγελεῖ,</span> <span class='ocrx_word' id='word_1_332' title='bbox 3667 2697 3760 2747; x_wconf 80' lang='grc' dir='ltr'>καὶ</span> <span class='ocrx_word' id='word_1_333' title='bbox 3814 2697 4034 2768; x_wconf 82' lang='grc' dir='ltr'>ταύτην</span> 
     </span>
    </p>
   </div>
   <div class='ocr_carea' id='block_1_48' title="bbox 772 2778 1070 2827">
    <p class='ocr_par' dir='ltr' id='par_1_48' title="bbox 772 2778 1070 2827">
     <span class='ocr_line' id='line_1_48' title="bbox 772 2778 1070 2827; baseline 0.007 -3"><span class='ocrx_word' id='word_1_334' title='bbox 772 2778 1070 2827; x_wconf 69' lang='lat' dir='ltr'><strong>memento.</strong></span> 
     </span>
    </p>
   </div>
   <div class='ocr_carea' id='block_1_49' title="bbox 1334 3071 1811 3128">
    <p class='ocr_par' dir='ltr' id='par_1_49' title="bbox 1334 3071 1811 3128">
     <span class='ocr_line' id='line_1_49' title="bbox 1334 3071 1811 3128; baseline 0 -2"><span class='ocrx_word' id='word_1_335' title='bbox 1334 3071 1543 3128; x_wconf 76' lang='lat' dir='ltr'><strong>LXXII.</strong></span> <span class='ocrx_word' id='word_1_336' title='bbox 1579 3071 1811 3127; x_wconf 82' lang='lat' dir='ltr'><strong>Incerto.</strong></span> 
     </span>
    </p>
   </div>
   <div class='ocr_carea' id='block_1_50' title="bbox 843 3186 2340 3255">
    <p class='ocr_par' dir='ltr' id='par_1_50' title="bbox 843 3186 2340 3255">
     <span class='ocr_line' id='line_1_50' title="bbox 843 3186 2340 3255; baseline 0.002 -14"><span class='ocrx_word' id='word_1_337' title='bbox 843 3187 942 3242; x_wconf 81' lang='lat' dir='ltr'><strong>Fili</strong></span> <span class='ocrx_word' id='word_1_338' title='bbox 979 3186 1354 3247; x_wconf 88' lang='lat' dir='ltr'><strong>dilectissime,</strong></span> <span class='ocrx_word' id='word_1_339' title='bbox 1403 3196 1602 3255; x_wconf 63' lang='lat' dir='ltr'><strong>praeter</strong></span> <span class='ocrx_word' id='word_1_340' title='bbox 1653 3197 1878 3242; x_wconf 76' lang='lat' dir='ltr'><strong>caeteras</strong></span> <span class='ocrx_word' id='word_1_341' title='bbox 1920 3196 2040 3243; x_wconf 90' lang='lat' dir='ltr'><strong>tuas</strong></span> <span class='ocrx_word' id='word_1_342' title='bbox 2091 3189 2340 3252; x_wconf 87' lang='lat' dir='ltr'><strong>virtutes.</strong></span> 
     </span>
    </p>
   </div>
   <div class='ocr_carea' id='block_1_51' title="bbox 2451 2769 4028 2857">
    <p class='ocr_par' dir='ltr' id='par_1_51' title="bbox 2451 2769 4028 2857">
     <span class='ocr_line' id='line_1_51' title="bbox 2451 2769 4028 2857; baseline 0.013 -39"><span class='ocrx_word' id='word_1_343' title='bbox 2451 2769 2750 2842; x_wconf 86' lang='grc' dir='ltr'>προσθήσει</span> <span class='ocrx_word' id='word_1_344' title='bbox 2798 2775 2896 2844; x_wconf 84' lang='grc' dir='ltr'>τὴν</span> <span class='ocrx_word' id='word_1_345' title='bbox 2940 2777 3304 2845; x_wconf 86' lang='grc' dir='ltr'>ἀπαγγελίαν.</span> <span class='ocrx_word' id='word_1_346' title='bbox 3347 2781 3695 2853; x_wconf 72' lang='grc' dir='ltr'>Ἐῤῥωμὲνος</span> <span class='ocrx_word' id='word_1_347' title='bbox 3733 2789 3863 2855; x_wconf 82' lang='grc' dir='ltr'>ἡμῖν</span> <span class='ocrx_word' id='word_1_348' title='bbox 3899 2791 4028 2857; x_wconf 76' lang='grc' dir='ltr'>εἴης</span> 
     </span>
    </p>
   </div>
   <div class='ocr_carea' id='block_1_52' title="bbox 2451 2862 4027 2950">
    <p class='ocr_par' dir='ltr' id='par_1_52' title="bbox 2451 2862 4027 2950">
     <span class='ocr_line' id='line_1_52' title="bbox 2451 2862 4027 2950; baseline 0.014 -40"><span class='ocrx_word' id='word_1_349' title='bbox 2451 2862 2542 2911; x_wconf 82' lang='grc' dir='ltr'>καὶ</span> <span class='ocrx_word' id='word_1_350' title='bbox 2574 2867 2920 2933; x_wconf 78' lang='grc' dir='ltr'>μεμνημένος</span> <span class='ocrx_word' id='word_1_351' title='bbox 2968 2870 3026 2920; x_wconf 83' lang='grc' dir='ltr'>ὲν</span> <span class='ocrx_word' id='word_1_352' title='bbox 3079 2872 3197 2934; x_wconf 88' lang='grc' dir='ltr'>ταῖς</span> <span class='ocrx_word' id='word_1_353' title='bbox 3249 2872 3424 2937; x_wconf 82' lang='grc' dir='ltr'>ὁσίαις</span> <span class='ocrx_word' id='word_1_354' title='bbox 3475 2878 3660 2946; x_wconf 81' lang='grc' dir='ltr'>εὐχαῖς</span> <span class='ocrx_word' id='word_1_355' title='bbox 3705 2881 3802 2948; x_wconf 78' lang='grc' dir='ltr'>τῆς</span> <span class='ocrx_word' id='word_1_356' title='bbox 3863 2881 4027 2950; x_wconf 67' lang='grc' dir='ltr'>ἡμῶν</span> 
     </span>
    </p>
   </div>
   <div class='ocr_carea' id='block_1_53' title="bbox 2448 2955 2853 3024">
    <p class='ocr_par' dir='ltr' id='par_1_53' title="bbox 2448 2955 2853 3024">
     <span class='ocr_line' id='line_1_53' title="bbox 2448 2955 2853 3024; baseline 0.02 -23"><span class='ocrx_word' id='word_1_357' title='bbox 2448 2955 2853 3024; x_wconf 78' lang='grc' dir='ltr'>ταπεινότητος.</span> 
     </span>
    </p>
   </div>
   <div class='ocr_carea' id='block_1_54' title="bbox 3031 3075 3435 3144">
    <p class='ocr_par' dir='ltr' id='par_1_54' title="bbox 3031 3075 3435 3144">
     <span class='ocr_line' id='line_1_54' title="bbox 3031 3075 3435 3144; baseline 0.017 -18"><span class='ocrx_word' id='word_1_358' title='bbox 3031 3075 3150 3129; x_wconf 86' lang='lat' dir='ltr'><strong>OB&#39;.</strong></span> <span class='ocrx_word' id='word_1_359' title='bbox 3195 3078 3435 3144; x_wconf 66' lang='grc' dir='ltr'>Ἀδιμῳ.</span> 
     </span>
    </p>
   </div>
   <div class='ocr_carea' id='block_1_55' title="bbox 2520 3189 4026 3263">
    <p class='ocr_par' dir='ltr' id='par_1_55' title="bbox 2520 3189 4026 3263">
     <span class='ocr_line' id='line_1_55' title="bbox 2520 3189 4026 3263; baseline 0.014 -25"><span class='ocrx_word' id='word_1_360' title='bbox 2520 3189 2718 3240; x_wconf 65' lang='grc' dir='ltr'>Τέκνον</span> <span class='ocrx_word' id='word_1_361' title='bbox 2750 3207 2850 3258; x_wconf 76' lang='grc' dir='ltr'><strong>μου</strong></span> <span class='ocrx_word' id='word_1_362' title='bbox 2885 3192 3244 3262; x_wconf 72' lang='grc' dir='ltr'>ἠγαπημένον</span> <span class='ocrx_word' id='word_1_363' title='bbox 3268 3235 3282 3257; x_wconf 98' lang='grc'><strong>,</strong></span> <span class='ocrx_word' id='word_1_364' title='bbox 3316 3198 3455 3263; x_wconf 88' lang='grc' dir='ltr'><strong>μετά</strong></span> <span class='ocrx_word' id='word_1_365' title='bbox 3506 3200 3727 3255; x_wconf 83' lang='grc' dir='ltr'>πάντων</span> <span class='ocrx_word' id='word_1_366' title='bbox 3774 3221 3866 3256; x_wconf 76' lang='grc' dir='ltr'><strong>σου</strong></span> <span class='ocrx_word' id='word_1_367' title='bbox 3911 3208 4026 3258; x_wconf 73' lang='grc' dir='ltr'><strong>τῶν</strong></span> 
     </span>
    </p>
   </div>
   <div class='ocr_carea' id='block_1_56' title="bbox 770 3251 2344 3368">
    <p class='ocr_par' dir='ltr' id='par_1_56' title="bbox 770 3277 2342 3336">
     <span class='ocr_line' id='line_1_56' title="bbox 770 3277 2342 3336; baseline 0.001 -3"><span class='ocrx_word' id='word_1_368' title='bbox 770 3280 1000 3333; x_wconf 85' lang='lat' dir='ltr'><strong>ostende</strong></span> <span class='ocrx_word' id='word_1_369' title='bbox 1031 3277 1194 3332; x_wconf 74' lang='lat' dir='ltr'><strong>etiam</strong></span> <span class='ocrx_word' id='word_1_370' title='bbox 1227 3286 1374 3331; x_wconf 88' lang='lat' dir='ltr'><strong>tuam</strong></span> <span class='ocrx_word' id='word_1_371' title='bbox 1417 3277 1614 3332; x_wconf 88' lang='lat' dir='ltr'><strong>bonam</strong></span> <span class='ocrx_word' id='word_1_372' title='bbox 1661 3280 2000 3332; x_wconf 89' lang='lat' dir='ltr'><strong>voluntatem</strong></span> <span class='ocrx_word' id='word_1_373' title='bbox 2044 3281 2097 3332; x_wconf 92' lang='lat' dir='ltr'><strong>in</strong></span> <span class='ocrx_word' id='word_1_374' title='bbox 2144 3295 2342 3336; x_wconf 86' lang='lat' dir='ltr'><strong>conso-</strong></span> 
     </span>
    </p>
   </div>
   <div class='ocr_carea' id='block_1_57' title="bbox 2448 3251 4027 3368">
    <p class='ocr_par' dir='ltr' id='par_1_57' title="bbox 2449 3280 4027 3368">
     <span class='ocr_line' id='line_1_57' title="bbox 2449 3280 4027 3368; baseline 0.012 -36"><span class='ocrx_word' id='word_1_375' title='bbox 2449 3280 2627 3333; x_wconf 82' lang='grc' dir='ltr'>καλῶν</span> <span class='ocrx_word' id='word_1_376' title='bbox 2655 3281 2825 3345; x_wconf 78' lang='grc' dir='ltr'>δεῖξον</span> <span class='ocrx_word' id='word_1_377' title='bbox 2859 3286 2951 3335; x_wconf 76' lang='grc' dir='ltr'>καὶ</span> <span class='ocrx_word' id='word_1_378' title='bbox 2979 3285 3076 3355; x_wconf 81' lang='grc' dir='ltr'>τὴν</span> <span class='ocrx_word' id='word_1_379' title='bbox 3121 3287 3331 3357; x_wconf 83' lang='grc' dir='ltr'>ἀγαθήν</span> <span class='ocrx_word' id='word_1_380' title='bbox 3382 3306 3476 3342; x_wconf 89' lang='grc' dir='ltr'><strong>σου</strong></span> <span class='ocrx_word' id='word_1_381' title='bbox 3509 3294 3828 3364; x_wconf 88' lang='grc' dir='ltr'>προαίρεσιν</span> <span class='ocrx_word' id='word_1_382' title='bbox 3875 3299 4027 3368; x_wconf 75' lang='grc' dir='ltr'>ὑπὲρ</span> 
     </span>
    </p>
   </div>
   <div class='ocr_carea' id='block_1_58' title="bbox 770 3371 2344 3441">
    <p class='ocr_par' dir='ltr' id='par_1_58' title="bbox 770 3371 2344 3441">
     <span class='ocr_line' id='line_1_58' title="bbox 770 3371 2344 3441; baseline 0.001 -15"><span class='ocrx_word' id='word_1_383' title='bbox 770 3373 948 3428; x_wconf 89' lang='lat' dir='ltr'><strong>landis</strong></span> <span class='ocrx_word' id='word_1_384' title='bbox 981 3373 1072 3427; x_wconf 88' lang='lat' dir='ltr'><strong>Dei</strong></span> <span class='ocrx_word' id='word_1_385' title='bbox 1105 3372 1343 3436; x_wconf 84' lang='lat' dir='ltr'><strong>clericis,</strong></span> <span class='ocrx_word' id='word_1_386' title='bbox 1375 3373 1466 3441; x_wconf 85' lang='lat' dir='ltr'><strong>qni</strong></span> <span class='ocrx_word' id='word_1_387' title='bbox 1503 3371 1688 3426; x_wconf 89' lang='lat' dir='ltr'><strong>laudes</strong></span> <span class='ocrx_word' id='word_1_388' title='bbox 1723 3372 1936 3427; x_wconf 89' lang='lat' dir='ltr'><strong>Domini</strong></span> <span class='ocrx_word' id='word_1_389' title='bbox 1970 3373 2344 3430; x_wconf 86' lang='lat' dir='ltr'><strong>indesinenter</strong></span> 
     </span>
    </p>
   </div>
   <div class='ocr_carea' id='block_1_59' title="bbox 769 3460 2345 3535">
    <p class='ocr_par' dir='ltr' id='par_1_59' title="bbox 769 3460 2345 3535">
     <span class='ocr_line' id='line_1_59' title="bbox 769 3460 2345 3535; baseline 0.002 -20"><span class='ocrx_word' id='word_1_390' title='bbox 769 3463 1065 3523; x_wconf 81' lang='lat' dir='ltr'><strong>celebrant,</strong></span> <span class='ocrx_word' id='word_1_391' title='bbox 1097 3470 1150 3515; x_wconf 88' lang='lat' dir='ltr'><strong>et</strong></span> <span class='ocrx_word' id='word_1_392' title='bbox 1184 3476 1280 3530; x_wconf 90' lang='lat' dir='ltr'><strong>pro</strong></span> <span class='ocrx_word' id='word_1_393' title='bbox 1327 3460 1670 3530; x_wconf 86' lang='lat' dir='ltr'><strong>imperatoris</strong></span> <span class='ocrx_word' id='word_1_394' title='bbox 1700 3463 1877 3517; x_wconf 85' lang='lat' dir='ltr'><strong>salute</strong></span> <span class='ocrx_word' id='word_1_395' title='bbox 1907 3471 1959 3516; x_wconf 90' lang='lat' dir='ltr'><strong>et</strong></span> <span class='ocrx_word' id='word_1_396' title='bbox 1987 3463 2119 3528; x_wconf 89' lang='lat' dir='ltr'><strong>vita,</strong></span> <span class='ocrx_word' id='word_1_397' title='bbox 2145 3473 2345 3535; x_wconf 85' lang='lat' dir='ltr'><strong>tuaque</strong></span> 
     </span>
    </p>
   </div>
   <div class='ocr_carea' id='block_1_60' title="bbox 768 3554 2346 3630">
    <p class='ocr_par' dir='ltr' id='par_1_60' title="bbox 768 3554 2346 3630">
     <span class='ocr_line' id='line_1_60' title="bbox 768 3554 2346 3630; baseline 0.003 -22"><span class='ocrx_word' id='word_1_398' title='bbox 768 3564 822 3608; x_wconf 89' lang='lat' dir='ltr'><strong>et</strong></span> <span class='ocrx_word' id='word_1_399' title='bbox 873 3555 1119 3608; x_wconf 89' lang='lat' dir='ltr'><strong>omnium</strong></span> <span class='ocrx_word' id='word_1_400' title='bbox 1162 3554 1510 3608; x_wconf 88' lang='lat' dir='ltr'><strong>subditorum</strong></span> <span class='ocrx_word' id='word_1_401' title='bbox 1554 3569 1742 3623; x_wconf 88' lang='lat' dir='ltr'><strong>preces</strong></span> <span class='ocrx_word' id='word_1_402' title='bbox 1791 3555 2060 3624; x_wconf 79' lang='lat' dir='ltr'><strong>fundunt;</strong></span> <span class='ocrx_word' id='word_1_403' title='bbox 2104 3559 2190 3614; x_wconf 90' lang='lat' dir='ltr'><strong>his</strong></span> <span class='ocrx_word' id='word_1_404' title='bbox 2225 3575 2346 3630; x_wconf 76' lang='lat' dir='ltr'><strong>gra-</strong></span> 
     </span>
    </p>
   </div>
   <div class='ocr_carea' id='block_1_61' title="bbox 769 3643 2344 3717">
    <p class='ocr_par' dir='ltr' id='par_1_61' title="bbox 769 3643 2344 3717">
     <span class='ocr_line' id='line_1_61' title="bbox 769 3643 2344 3717; baseline 0.003 -19"><span class='ocrx_word' id='word_1_405' title='bbox 769 3645 914 3699; x_wconf 91' lang='lat' dir='ltr'><strong>nulis</strong></span> <span class='ocrx_word' id='word_1_406' title='bbox 941 3684 956 3709; x_wconf 93' lang='lat'><strong>,</strong></span> <span class='ocrx_word' id='word_1_407' title='bbox 989 3660 1110 3714; x_wconf 76' lang='lat' dir='ltr'><strong>qua:</strong></span> <span class='ocrx_word' id='word_1_408' title='bbox 1151 3645 1219 3698; x_wconf 90' lang='lat' dir='ltr'><strong>ab</strong></span> <span class='ocrx_word' id='word_1_409' title='bbox 1248 3643 1504 3699; x_wconf 70' lang='lat' dir='ltr'><strong>Ecclesiae</strong></span> <span class='ocrx_word' id='word_1_410' title='bbox 1539 3647 1930 3701; x_wconf 85' lang='lat' dir='ltr'><strong>conSIitulione</strong></span> <span class='ocrx_word' id='word_1_411' title='bbox 1975 3663 2149 3717; x_wconf 83' lang='lat' dir='ltr'><strong>usque</strong></span> <span class='ocrx_word' id='word_1_412' title='bbox 2184 3651 2344 3704; x_wconf 91' lang='lat' dir='ltr'><strong>modo</strong></span> 
     </span>
    </p>
   </div>
   <div class='ocr_carea' id='block_1_62' title="bbox 777 3734 2344 3807">
    <p class='ocr_par' dir='ltr' id='par_1_62' title="bbox 777 3734 2344 3807">
     <span class='ocr_line' id='line_1_62' title="bbox 777 3734 2344 3807; baseline 0.002 -17"><span class='ocrx_word' id='word_1_413' title='bbox 777 3737 1134 3807; x_wconf 87' lang='lat' dir='ltr'><strong>accipiebant,</strong></span> <span class='ocrx_word' id='word_1_414' title='bbox 1199 3734 1376 3806; x_wconf 71' lang='lat' dir='ltr'><strong>Magni</strong></span> <span class='ocrx_word' id='word_1_415' title='bbox 1413 3735 1760 3791; x_wconf 84' lang='lat' dir='ltr'><strong>Constantini</strong></span> <span class='ocrx_word' id='word_1_416' title='bbox 1793 3737 1980 3792; x_wconf 87' lang='lat' dir='ltr'><strong>diebus</strong></span> <span class='ocrx_word' id='word_1_417' title='bbox 2020 3753 2087 3792; x_wconf 91' lang='lat' dir='ltr'><strong>ne</strong></span> <span class='ocrx_word' id='word_1_418' title='bbox 2123 3736 2344 3793; x_wconf 80' lang='lat' dir='ltr'><strong>defrau-</strong></span> 
     </span>
    </p>
   </div>
   <div class='ocr_carea' id='block_1_63' title="bbox 770 3828 2344 3897">
    <p class='ocr_par' dir='ltr' id='par_1_63' title="bbox 770 3828 2344 3897">
     <span class='ocr_line' id='line_1_63' title="bbox 770 3828 2344 3897; baseline 0.001 -15"><span class='ocrx_word' id='word_1_419' title='bbox 770 3833 987 3893; x_wconf 74' lang='lat' dir='ltr'><strong>tlentur,</strong></span> <span class='ocrx_word' id='word_1_420' title='bbox 1020 3844 1196 3897; x_wconf 87' lang='lat' dir='ltr'><strong>neque</strong></span> <span class='ocrx_word' id='word_1_421' title='bbox 1244 3829 1478 3897; x_wconf 86' lang='lat' dir='ltr'><strong>posteris</strong></span> <span class='ocrx_word' id='word_1_422' title='bbox 1513 3828 1824 3883; x_wconf 84' lang='lat' dir='ltr'><strong>istiusmodi</strong></span> <span class='ocrx_word' id='word_1_423' title='bbox 1867 3829 2150 3883; x_wconf 88' lang='lat' dir='ltr'><strong>historiam</strong></span> <span class='ocrx_word' id='word_1_424' title='bbox 2176 3829 2344 3883; x_wconf 89' lang='lat' dir='ltr'><strong>relin-</strong></span> 
     </span>
    </p>
   </div>
   <div class='ocr_carea' id='block_1_64' title="bbox 770 3919 2341 3991">
    <p class='ocr_par' dir='ltr' id='par_1_64' title="bbox 770 3919 2341 3991">
     <span class='ocr_line' id='line_1_64' title="bbox 770 3919 2341 3991; baseline 0.002 -19"><span class='ocrx_word' id='word_1_425' title='bbox 770 3938 928 3990; x_wconf 77' lang='lat' dir='ltr'><strong>quas.</strong></span> <span class='ocrx_word' id='word_1_426' title='bbox 970 3921 1027 3974; x_wconf 85' lang='lat' dir='ltr'><strong>Si</strong></span> <span class='ocrx_word' id='word_1_427' title='bbox 1066 3921 1210 3974; x_wconf 87' lang='lat' dir='ltr'><strong>enim</strong></span> <span class='ocrx_word' id='word_1_428' title='bbox 1244 3919 1279 3974; x_wconf 93' lang='lat' dir='ltr'><strong>ii</strong></span> <span class='ocrx_word' id='word_1_429' title='bbox 1311 3919 1401 3988; x_wconf 88' lang='lat' dir='ltr'><strong>qui</strong></span> <span class='ocrx_word' id='word_1_430' title='bbox 1437 3930 1565 3974; x_wconf 89' lang='lat' dir='ltr'><strong>ante</strong></span> <span class='ocrx_word' id='word_1_431' title='bbox 1613 3931 1664 3975; x_wconf 89' lang='lat' dir='ltr'><strong>te</strong></span> <span class='ocrx_word' id='word_1_432' title='bbox 1707 3935 1796 3975; x_wconf 91' lang='lat' dir='ltr'><strong>res</strong></span> <span class='ocrx_word' id='word_1_433' title='bbox 1838 3935 2122 3991; x_wconf 87' lang='lat' dir='ltr'><strong>perperam</strong></span> <span class='ocrx_word' id='word_1_434' title='bbox 2170 3921 2341 3976; x_wconf 89' lang='lat' dir='ltr'><strong>admi-</strong></span> 
     </span>
    </p>
   </div>
   <div class='ocr_carea' id='block_1_65' title="bbox 771 4011 2340 4081">
    <p class='ocr_par' dir='ltr' id='par_1_65' title="bbox 771 4011 2340 4081">
     <span class='ocr_line' id='line_1_65' title="bbox 771 4011 2340 4081; baseline 0.001 -17"><span class='ocrx_word' id='word_1_435' title='bbox 771 4015 1094 4075; x_wconf 87' lang='lat' dir='ltr'><strong>nistravere,</strong></span> <span class='ocrx_word' id='word_1_436' title='bbox 1150 4011 1266 4065; x_wconf 63' lang='lat' dir='ltr'><strong>haec</strong></span> <span class='ocrx_word' id='word_1_437' title='bbox 1315 4011 1652 4076; x_wconf 88' lang='lat' dir='ltr'><strong>reciderunt,</strong></span> <span class='ocrx_word' id='word_1_438' title='bbox 1698 4019 1756 4065; x_wconf 90' lang='lat' dir='ltr'><strong>tu</strong></span> <span class='ocrx_word' id='word_1_439' title='bbox 1807 4026 1998 4065; x_wconf 87' lang='lat' dir='ltr'><strong>eorum</strong></span> <span class='ocrx_word' id='word_1_440' title='bbox 2055 4021 2340 4081; x_wconf 90' lang='lat' dir='ltr'><strong>peccatum</strong></span> 
     </span>
    </p>
   </div>
   <div class='ocr_carea' id='block_1_66' title="bbox 769 4101 2341 4170">
    <p class='ocr_par' dir='ltr' id='par_1_66' title="bbox 769 4101 2341 4170">
     <span class='ocr_line' id='line_1_66' title="bbox 769 4101 2341 4170; baseline 0 -13"><span class='ocrx_word' id='word_1_441' title='bbox 769 4102 1007 4170; x_wconf 69' lang='lat' dir='ltr'><strong>corrige,</strong></span> <span class='ocrx_word' id='word_1_442' title='bbox 1056 4101 1122 4155; x_wconf 90' lang='lat' dir='ltr'><strong>ad</strong></span> <span class='ocrx_word' id='word_1_443' title='bbox 1167 4103 1514 4169; x_wconf 88' lang='lat' dir='ltr'><strong>imperatoris</strong></span> <span class='ocrx_word' id='word_1_444' title='bbox 1553 4101 1782 4170; x_wconf 79' lang='lat' dir='ltr'><strong>gloriam</strong></span> <span class='ocrx_word' id='word_1_445' title='bbox 1817 4112 1872 4154; x_wconf 91' lang='lat' dir='ltr'><strong>et</strong></span> <span class='ocrx_word' id='word_1_446' title='bbox 1912 4102 1979 4154; x_wconf 88' lang='lat' dir='ltr'><strong>ad</strong></span> <span class='ocrx_word' id='word_1_447' title='bbox 2019 4101 2217 4155; x_wconf 88' lang='lat' dir='ltr'><strong>bonam</strong></span> <span class='ocrx_word' id='word_1_448' title='bbox 2263 4102 2341 4157; x_wconf 92' lang='lat' dir='ltr'><strong>tui</strong></span> 
     </span>
    </p>
   </div>
   <div class='ocr_carea' id='block_1_67' title="bbox 770 4191 2339 4260">
    <p class='ocr_par' dir='ltr' id='par_1_67' title="bbox 770 4191 2339 4260">
     <span class='ocr_line' id='line_1_67' title="bbox 770 4191 2339 4260; baseline 0.002 -14"><span class='ocrx_word' id='word_1_449' title='bbox 770 4194 1005 4247; x_wconf 89' lang='lat' dir='ltr'><strong>nominis</strong></span> <span class='ocrx_word' id='word_1_450' title='bbox 1040 4196 1380 4256; x_wconf 85' lang='lat' dir='ltr'><strong>memoriam,</strong></span> <span class='ocrx_word' id='word_1_451' title='bbox 1419 4208 1544 4246; x_wconf 90' lang='lat' dir='ltr'><strong>cum</strong></span> <span class='ocrx_word' id='word_1_452' title='bbox 1602 4201 1708 4245; x_wconf 78' lang='lat' dir='ltr'><strong>tuae</strong></span> <span class='ocrx_word' id='word_1_453' title='bbox 1765 4191 1982 4260; x_wconf 89' lang='lat' dir='ltr'><strong>pietatis</strong></span> <span class='ocrx_word' id='word_1_454' title='bbox 2017 4207 2206 4256; x_wconf 89' lang='lat' dir='ltr'><strong>causa,</strong></span> <span class='ocrx_word' id='word_1_455' title='bbox 2231 4208 2339 4249; x_wconf 90' lang='lat' dir='ltr'><strong>non</strong></span> 
     </span>
    </p>
   </div>
   <div class='ocr_carea' id='block_1_68' title="bbox 772 4284 2340 4353">
    <p class='ocr_par' dir='ltr' id='par_1_68' title="bbox 772 4284 2340 4353">
     <span class='ocr_line' id='line_1_68' title="bbox 772 4284 2340 4353; baseline 0 -15"><span class='ocrx_word' id='word_1_456' title='bbox 772 4295 979 4340; x_wconf 79' lang='lat' dir='ltr'><strong>tantam</strong></span> <span class='ocrx_word' id='word_1_457' title='bbox 1020 4284 1387 4338; x_wconf 84' lang='lat' dir='ltr'><strong>calamitatem</strong></span> <span class='ocrx_word' id='word_1_458' title='bbox 1422 4284 1653 4338; x_wconf 87' lang='lat' dir='ltr'><strong>subierit</strong></span> <span class='ocrx_word' id='word_1_459' title='bbox 1697 4284 1963 4348; x_wconf 83' lang='lat' dir='ltr'><strong>Ecclesia,</strong></span> <span class='ocrx_word' id='word_1_460' title='bbox 1998 4299 2172 4353; x_wconf 83' lang='lat' dir='ltr'><strong>neque</strong></span> <span class='ocrx_word' id='word_1_461' title='bbox 2206 4299 2340 4340; x_wconf 88' lang='lat' dir='ltr'><strong>con-</strong></span> 
     </span>
    </p>
   </div>
   <div class='ocr_carea' id='block_1_69' title="bbox 774 4374 2340 4444">
    <p class='ocr_par' dir='ltr' id='par_1_69' title="bbox 774 4374 2340 4444">
     <span class='ocr_line' id='line_1_69' title="bbox 774 4374 2340 4444; baseline -0.002 -13"><span class='ocrx_word' id='word_1_462' title='bbox 774 4379 986 4432; x_wconf 83' lang='lat' dir='ltr'><strong>ﬁrmata</strong></span> <span class='ocrx_word' id='word_1_463' title='bbox 1021 4375 1190 4430; x_wconf 79' lang='lat' dir='ltr'><strong>fuerit</strong></span> <span class='ocrx_word' id='word_1_464' title='bbox 1253 4375 1580 4444; x_wconf 88' lang='lat' dir='ltr'><strong>impostura,</strong></span> <span class='ocrx_word' id='word_1_465' title='bbox 1629 4389 1792 4442; x_wconf 90' lang='lat' dir='ltr'><strong>quam</strong></span> <span class='ocrx_word' id='word_1_466' title='bbox 1841 4374 1930 4427; x_wconf 86' lang='lat' dir='ltr'><strong>isti</strong></span> <span class='ocrx_word' id='word_1_467' title='bbox 1973 4375 2219 4428; x_wconf 88' lang='lat' dir='ltr'><strong>homines</strong></span> <span class='ocrx_word' id='word_1_468' title='bbox 2247 4374 2340 4429; x_wconf 85' lang='lat' dir='ltr'><strong>atl-</strong></span> 
     </span>
    </p>
   </div>
   <div class='ocr_carea' id='block_1_70' title="bbox 771 4465 2339 4526">
    <p class='ocr_par' dir='ltr' id='par_1_70' title="bbox 771 4465 2339 4526">
     <span class='ocr_line' id='line_1_70' title="bbox 771 4465 2339 4526; baseline -0.003 -2"><span class='ocrx_word' id='word_1_469' title='bbox 771 4473 968 4526; x_wconf 87' lang='lat' dir='ltr'><strong>misere</strong></span> <span class='ocrx_word' id='word_1_470' title='bbox 1032 4469 1126 4524; x_wconf 86' lang='lat' dir='ltr'><strong>sed</strong></span> <span class='ocrx_word' id='word_1_471' title='bbox 1173 4476 1366 4522; x_wconf 91' lang='lat' dir='ltr'><strong>contra</strong></span> <span class='ocrx_word' id='word_1_472' title='bbox 1414 4467 1468 4519; x_wconf 93' lang='lat' dir='ltr'><strong>in</strong></span> <span class='ocrx_word' id='word_1_473' title='bbox 1513 4465 1708 4520; x_wconf 89' lang='lat' dir='ltr'><strong>diebus</strong></span> <span class='ocrx_word' id='word_1_474' title='bbox 1759 4467 1867 4520; x_wconf 90' lang='lat' dir='ltr'><strong>tuis</strong></span> <span class='ocrx_word' id='word_1_475' title='bbox 1914 4465 2105 4519; x_wconf 89' lang='lat' dir='ltr'><strong>honori</strong></span> <span class='ocrx_word' id='word_1_476' title='bbox 2156 4465 2339 4520; x_wconf 87' lang='lat' dir='ltr'><strong>habita</strong></span> 
     </span>
    </p>
   </div>
   <div class='ocr_carea' id='block_1_71' title="bbox 2448 3373 4023 3455">
    <p class='ocr_par' dir='ltr' id='par_1_71' title="bbox 2448 3373 4023 3455">
     <span class='ocr_line' id='line_1_71' title="bbox 2448 3373 4023 3455; baseline 0.011 -34"><span class='ocrx_word' id='word_1_477' title='bbox 2448 3373 2541 3438; x_wconf 81' lang='grc' dir='ltr'>τῆς</span> <span class='ocrx_word' id='word_1_478' title='bbox 2597 3375 2948 3442; x_wconf 78' lang='grc' dir='ltr'>παραμυθίας</span> <span class='ocrx_word' id='word_1_479' title='bbox 3003 3377 3101 3445; x_wconf 80' lang='grc' dir='ltr'>τῆς</span> <span class='ocrx_word' id='word_1_480' title='bbox 3156 3377 3484 3449; x_wconf 82' lang='grc' dir='ltr'>Ἐκκλησίας</span> <span class='ocrx_word' id='word_1_481' title='bbox 3537 3383 3631 3435; x_wconf 74' lang='grc' dir='ltr'>τοῦ</span> <span class='ocrx_word' id='word_1_482' title='bbox 3676 3387 3880 3455; x_wconf 79' lang='grc' dir='ltr'>κλήρου</span> <span class='ocrx_word' id='word_1_483' title='bbox 3922 3392 4023 3441; x_wconf 68' lang='grc' dir='ltr'>τοῦ</span> 
     </span>
    </p>
   </div>
   <div class='ocr_carea' id='block_1_72' title="bbox 2446 3461 4027 3544">
    <p class='ocr_par' dir='ltr' id='par_1_72' title="bbox 2446 3461 4027 3544">
     <span class='ocr_line' id='line_1_72' title="bbox 2446 3461 4027 3544; baseline 0.01 -32"><span class='ocrx_word' id='word_1_484' title='bbox 2446 3461 2603 3525; x_wconf 82' lang='grc' dir='ltr'>Θεοῦ,</span> <span class='ocrx_word' id='word_1_485' title='bbox 2639 3463 2743 3514; x_wconf 89' lang='grc' dir='ltr'><strong>τῶν</strong></span> <span class='ocrx_word' id='word_1_486' title='bbox 2796 3466 3012 3534; x_wconf 80' lang='grc' dir='ltr'>ἡμέρας</span> <span class='ocrx_word' id='word_1_487' title='bbox 3062 3467 3156 3519; x_wconf 76' lang='grc' dir='ltr'>καὶ</span> <span class='ocrx_word' id='word_1_488' title='bbox 3205 3470 3398 3531; x_wconf 82' lang='grc' dir='ltr'>νυκτὸς</span> <span class='ocrx_word' id='word_1_489' title='bbox 3434 3474 3510 3531; x_wconf 73' lang='grc' dir='ltr'>εἰς</span> <span class='ocrx_word' id='word_1_490' title='bbox 3564 3471 3662 3541; x_wconf 78' lang='grc' dir='ltr'>τὴν</span> <span class='ocrx_word' id='word_1_491' title='bbox 3709 3475 4027 3544; x_wconf 75' lang='grc' dir='ltr'>δοξοὶ.ογίαν</span> 
     </span>
    </p>
   </div>
   <div class='ocr_carea' id='block_1_73' title="bbox 2447 3553 4026 3635">
    <p class='ocr_par' dir='ltr' id='par_1_73' title="bbox 2447 3553 4026 3635">
     <span class='ocr_line' id='line_1_73' title="bbox 2447 3553 4026 3635; baseline 0.009 -32"><span class='ocrx_word' id='word_1_492' title='bbox 2447 3553 2540 3604; x_wconf 74' lang='grc' dir='ltr'>τοῦ</span> <span class='ocrx_word' id='word_1_493' title='bbox 2598 3554 2732 3605; x_wconf 68' lang='grc' dir='ltr'>θεοῦ</span> <span class='ocrx_word' id='word_1_494' title='bbox 2794 3557 3148 3620; x_wconf 84' lang='grc' dir='ltr'>κοπιώντων,</span> <span class='ocrx_word' id='word_1_495' title='bbox 3206 3561 3302 3612; x_wconf 76' lang='grc' dir='ltr'>καὶ</span> <span class='ocrx_word' id='word_1_496' title='bbox 3364 3565 3818 3632; x_wconf 86' lang='grc' dir='ltr'>προσευχομένων</span> <span class='ocrx_word' id='word_1_497' title='bbox 3877 3569 4026 3635; x_wconf 78' lang='grc' dir='ltr'>ὑπὲρ</span> 
     </span>
    </p>
   </div>
   <div class='ocr_carea' id='block_1_74' title="bbox 2448 3645 4020 3726">
    <p class='ocr_par' dir='ltr' id='par_1_74' title="bbox 2448 3645 4020 3726">
     <span class='ocr_line' id='line_1_74' title="bbox 2448 3645 4020 3726; baseline 0.008 -30"><span class='ocrx_word' id='word_1_498' title='bbox 2448 3645 2592 3712; x_wconf 75' lang='grc' dir='ltr'>ζωῆς</span> <span class='ocrx_word' id='word_1_499' title='bbox 2624 3647 2716 3697; x_wconf 76' lang='grc' dir='ltr'>καὶ</span> <span class='ocrx_word' id='word_1_500' title='bbox 2773 3647 3042 3714; x_wconf 84' lang='grc' dir='ltr'>σωτηρίας</span> <span class='ocrx_word' id='word_1_501' title='bbox 3091 3649 3186 3700; x_wconf 73' lang='grc' dir='ltr'>τοῦ</span> <span class='ocrx_word' id='word_1_502' title='bbox 3241 3649 3531 3719; x_wconf 82' lang='grc' dir='ltr'>βασιλέως,</span> <span class='ocrx_word' id='word_1_503' title='bbox 3585 3656 3679 3706; x_wconf 80' lang='grc' dir='ltr'>καὶ</span> <span class='ocrx_word' id='word_1_504' title='bbox 3729 3656 3827 3724; x_wconf 80' lang='grc' dir='ltr'>τῆς</span> <span class='ocrx_word' id='word_1_505' title='bbox 3890 3660 4020 3726; x_wconf 65' lang='grc' dir='ltr'>σῆς,</span> 
     </span>
    </p>
   </div>
   <div class='ocr_carea' id='block_1_75' title="bbox 2446 3735 4021 3814">
    <p class='ocr_par' dir='ltr' id='par_1_75' title="bbox 2446 3735 4021 3814">
     <span class='ocr_line' id='line_1_75' title="bbox 2446 3735 4021 3814; baseline 0.008 -27"><span class='ocrx_word' id='word_1_506' title='bbox 2446 3737 2538 3788; x_wconf 80' lang='grc' dir='ltr'>καὶ</span> <span class='ocrx_word' id='word_1_507' title='bbox 2562 3735 2774 3789; x_wconf 88' lang='grc' dir='ltr'>πάντων</span> <span class='ocrx_word' id='word_1_508' title='bbox 2806 3739 2913 3789; x_wconf 84' lang='grc' dir='ltr'><strong>τῶν</strong></span> <span class='ocrx_word' id='word_1_509' title='bbox 2945 3739 3220 3806; x_wconf 75' lang='grc' dir='ltr'>ὑπηκόων.</span> <span class='ocrx_word' id='word_1_510' title='bbox 3257 3742 3347 3810; x_wconf 82' lang='grc' dir='ltr'><strong>Μὴ</strong></span> <span class='ocrx_word' id='word_1_511' title='bbox 3378 3743 3473 3811; x_wconf 76' lang='grc' dir='ltr'>τὴν</span> <span class='ocrx_word' id='word_1_512' title='bbox 3509 3745 3683 3811; x_wconf 81' lang='grc' dir='ltr'>ρῶγα,</span> <span class='ocrx_word' id='word_1_513' title='bbox 3738 3749 3802 3814; x_wconf 74' lang='grc' dir='ltr'>ἣν</span> <span class='ocrx_word' id='word_1_514' title='bbox 3833 3748 3927 3814; x_wconf 85' lang='grc' dir='ltr'>ἀφ’</span> <span class='ocrx_word' id='word_1_515' title='bbox 3957 3749 4021 3801; x_wconf 81' lang='grc' dir='ltr'>οὗ</span> 
     </span>
    </p>
   </div>
   <div class='ocr_carea' id='block_1_76' title="bbox 2447 3825 4022 3904">
    <p class='ocr_par' dir='ltr' id='par_1_76' title="bbox 2447 3825 4022 3904">
     <span class='ocr_line' id='line_1_76' title="bbox 2447 3825 4022 3904; baseline 0.008 -27"><span class='ocrx_word' id='word_1_516' title='bbox 2447 3825 2672 3895; x_wconf 85' lang='grc' dir='ltr'>συνέστη</span> <span class='ocrx_word' id='word_1_517' title='bbox 2706 3829 2736 3895; x_wconf 84' lang='grc' dir='ltr'>ἡ</span> <span class='ocrx_word' id='word_1_518' title='bbox 2780 3827 3096 3898; x_wconf 80' lang='grc' dir='ltr'>Ἐκκλησία,</span> <span class='ocrx_word' id='word_1_519' title='bbox 3133 3830 3226 3882; x_wconf 80' lang='grc' dir='ltr'>καὶ</span> <span class='ocrx_word' id='word_1_520' title='bbox 3253 3832 3419 3899; x_wconf 80' lang='grc' dir='ltr'>μέχρι</span> <span class='ocrx_word' id='word_1_521' title='bbox 3452 3835 3546 3883; x_wconf 77' lang='grc' dir='ltr'>τοῦ</span> <span class='ocrx_word' id='word_1_522' title='bbox 3583 3835 3677 3885; x_wconf 76' lang='grc' dir='ltr'><strong>νύν</strong></span> <span class='ocrx_word' id='word_1_523' title='bbox 3711 3835 4022 3904; x_wconf 72' lang='grc' dir='ltr'>ἐλάμϐανον</span> 
     </span>
    </p>
   </div>
   <div class='ocr_carea' id='block_1_77' title="bbox 2445 3916 4020 3992">
    <p class='ocr_par' dir='ltr' id='par_1_77' title="bbox 2445 3916 4020 3992">
     <span class='ocr_line' id='line_1_77' title="bbox 2445 3916 4020 3992; baseline 0.008 -24"><span class='ocrx_word' id='word_1_524' title='bbox 2445 3916 2814 3987; x_wconf 78' lang='grc' dir='ltr'>ἀποστερηθῇ,</span> <span class='ocrx_word' id='word_1_525' title='bbox 2870 3921 2928 3970; x_wconf 85' lang='grc' dir='ltr'>ὲν</span> <span class='ocrx_word' id='word_1_526' title='bbox 2987 3920 3108 3983; x_wconf 90' lang='grc' dir='ltr'>ταῖς</span> <span class='ocrx_word' id='word_1_527' title='bbox 3169 3922 3407 3990; x_wconf 80' lang='grc' dir='ltr'>ἡμέραις</span> <span class='ocrx_word' id='word_1_528' title='bbox 3458 3923 3552 3974; x_wconf 85' lang='grc' dir='ltr'>τοῦ</span> <span class='ocrx_word' id='word_1_529' title='bbox 3606 3923 3867 3992; x_wconf 75' lang='grc' dir='ltr'>βασιλέως</span> <span class='ocrx_word' id='word_1_530' title='bbox 3919 3930 4020 3982; x_wconf 75' lang='grc' dir='ltr'>τοῦ</span> 
     </span>
    </p>
   </div>
   <div class='ocr_carea' id='block_1_78' title="bbox 2446 4005 4019 4088">
    <p class='ocr_par' dir='ltr' id='par_1_78' title="bbox 2446 4005 4019 4088">
     <span class='ocr_line' id='line_1_78' title="bbox 2446 4005 4019 4088; baseline 0.007 -29"><span class='ocrx_word' id='word_1_531' title='bbox 2446 4005 2612 4076; x_wconf 85' lang='grc' dir='ltr'>κυροῦ</span> <span class='ocrx_word' id='word_1_532' title='bbox 2653 4008 3095 4073; x_wconf 78' lang='grc' dir='ltr'>Κωνσταντίνου,</span> <span class='ocrx_word' id='word_1_533' title='bbox 3155 4011 3290 4080; x_wconf 78' lang='grc' dir='ltr'>μηδὲ</span> <span class='ocrx_word' id='word_1_534' title='bbox 3341 4013 3650 4084; x_wconf 77' lang='grc' dir='ltr'>καταλίπῃς</span> <span class='ocrx_word' id='word_1_535' title='bbox 3708 4015 3785 4084; x_wconf 84' lang='grc' dir='ltr'>τῷ</span> <span class='ocrx_word' id='word_1_536' title='bbox 3835 4025 4019 4088; x_wconf 81' lang='grc' dir='ltr'>χρόνῳ</span> 
     </span>
    </p>
   </div>
   <div class='ocr_carea' id='block_1_79' title="bbox 2446 4099 4016 4184">
    <p class='ocr_par' dir='ltr' id='par_1_79' title="bbox 2446 4099 4016 4184">
     <span class='ocr_line' id='line_1_79' title="bbox 2446 4099 4016 4184; baseline 0.007 -34"><span class='ocrx_word' id='word_1_537' title='bbox 2446 4099 2684 4169; x_wconf 86' lang='grc' dir='ltr'>ίστορίαν</span> <span class='ocrx_word' id='word_1_538' title='bbox 2711 4099 2988 4169; x_wconf 83' lang='grc' dir='ltr'>τοιαύτην.</span> <span class='ocrx_word' id='word_1_539' title='bbox 3033 4101 3171 4151; x_wconf 84' lang='grc' dir='ltr'>Ἀλλ’</span> <span class='ocrx_word' id='word_1_540' title='bbox 3200 4103 3246 4153; x_wconf 85' lang='grc' dir='ltr'><strong>εί</strong></span> <span class='ocrx_word' id='word_1_541' title='bbox 3291 4104 3382 4154; x_wconf 73' lang='grc' dir='ltr'>καὶ</span> <span class='ocrx_word' id='word_1_542' title='bbox 3437 4102 3723 4184; x_wconf 54' lang='grc' dir='ltr'>ἀπέκοψαν</span> <span class='ocrx_word' id='word_1_543' title='bbox 3759 4108 3931 4178; x_wconf 68' lang='grc' dir='ltr'>αὐτὴν</span> <span class='ocrx_word' id='word_1_544' title='bbox 3962 4111 4016 4161; x_wconf 81' lang='grc' dir='ltr'>οἱ</span> 
     </span>
    </p>
   </div>
   <div class='ocr_carea' id='block_1_80' title="bbox 2447 4190 4024 4268">
    <p class='ocr_par' dir='ltr' id='par_1_80' title="bbox 2447 4190 4024 4268">
     <span class='ocr_line' id='line_1_80' title="bbox 2447 4190 4024 4268; baseline 0.007 -26"><span class='ocrx_word' id='word_1_545' title='bbox 2447 4191 2521 4260; x_wconf 78' lang='grc' dir='ltr'>μὴ</span> <span class='ocrx_word' id='word_1_546' title='bbox 2547 4190 2726 4254; x_wconf 90' lang='grc' dir='ltr'>καλῶς</span> <span class='ocrx_word' id='word_1_547' title='bbox 2752 4193 2857 4261; x_wconf 83' lang='grc' dir='ltr'>πρὸ</span> <span class='ocrx_word' id='word_1_548' title='bbox 2882 4193 2974 4245; x_wconf 81' lang='grc' dir='ltr'>σοῦ</span> <span class='ocrx_word' id='word_1_549' title='bbox 2995 4195 3373 4262; x_wconf 81' lang='grc' dir='ltr'>ὄιοικήσαντες</span> <span class='ocrx_word' id='word_1_550' title='bbox 3402 4196 3468 4249; x_wconf 79' lang='grc' dir='ltr'><strong>τά</strong></span> <span class='ocrx_word' id='word_1_551' title='bbox 3502 4200 3658 4249; x_wconf 79' lang='grc' dir='ltr'>κοινὰ</span> <span class='ocrx_word' id='word_1_552' title='bbox 3683 4201 4024 4268; x_wconf 83' lang='grc' dir='ltr'>πράγματα,</span> 
     </span>
    </p>
   </div>
   <div class='ocr_carea' id='block_1_81' title="bbox 2445 4281 4024 4358">
    <p class='ocr_par' dir='ltr' id='par_1_81' title="bbox 2445 4281 4024 4358">
     <span class='ocr_line' id='line_1_81' title="bbox 2445 4281 4024 4358; baseline 0.007 -25"><span class='ocrx_word' id='word_1_553' title='bbox 2445 4281 2509 4333; x_wconf 81' lang='grc' dir='ltr'>σὺ</span> <span class='ocrx_word' id='word_1_554' title='bbox 2540 4281 2832 4352; x_wconf 88' lang='grc' dir='ltr'>διόρθωσαι</span> <span class='ocrx_word' id='word_1_555' title='bbox 2872 4283 2932 4335; x_wconf 75' lang='grc' dir='ltr'><strong>τὸ</strong></span> <span class='ocrx_word' id='word_1_556' title='bbox 2973 4284 3196 4336; x_wconf 73' lang='grc' dir='ltr'>ἐκείνων</span> <span class='ocrx_word' id='word_1_557' title='bbox 3231 4286 3456 4355; x_wconf 73' lang='grc' dir='ltr'>σφάλμα</span> <span class='ocrx_word' id='word_1_558' title='bbox 3484 4290 3563 4349; x_wconf 88' lang='grc' dir='ltr'><strong>εἰς</strong></span> <span class='ocrx_word' id='word_1_559' title='bbox 3595 4288 3751 4354; x_wconf 77' lang='grc' dir='ltr'>δόξαν</span> <span class='ocrx_word' id='word_1_560' title='bbox 3789 4292 3889 4358; x_wconf 84' lang='grc' dir='ltr'>μὲν</span> <span class='ocrx_word' id='word_1_561' title='bbox 3919 4293 4024 4344; x_wconf 74' lang='grc' dir='ltr'><strong>τοῦ</strong></span> 
     </span>
    </p>
   </div>
   <div class='ocr_carea' id='block_1_82' title="bbox 2445 4372 4025 4448">
    <p class='ocr_par' dir='ltr' id='par_1_82' title="bbox 2445 4372 4025 4448">
     <span class='ocr_line' id='line_1_82' title="bbox 2445 4372 4025 4448; baseline 0.007 -25"><span class='ocrx_word' id='word_1_562' title='bbox 2445 4372 2730 4440; x_wconf 79' lang='grc' dir='ltr'>βασιλέως,</span> <span class='ocrx_word' id='word_1_563' title='bbox 2785 4374 2864 4435; x_wconf 81' lang='grc' dir='ltr'>εἰς</span> <span class='ocrx_word' id='word_1_564' title='bbox 2926 4374 3272 4446; x_wconf 89' lang='grc' dir='ltr'>μνημόσυνον</span> <span class='ocrx_word' id='word_1_565' title='bbox 3300 4376 3358 4428; x_wconf 84' lang='grc' dir='ltr'>δὲ</span> <span class='ocrx_word' id='word_1_566' title='bbox 3384 4378 3588 4444; x_wconf 69' lang='grc' dir='ltr'>ἀγαθὸν</span> <span class='ocrx_word' id='word_1_567' title='bbox 3618 4379 3711 4431; x_wconf 76' lang='grc' dir='ltr'>τοῦ</span> <span class='ocrx_word' id='word_1_568' title='bbox 3749 4378 4025 4448; x_wconf 72' lang='grc' dir='ltr'>ὀνόματός</span> 
     </span>
    </p>
   </div>
   <div class='ocr_carea' id='block_1_83' title="bbox 2445 4462 4022 4538">
    <p class='ocr_par' dir='ltr' id='par_1_83' title="bbox 2445 4462 4022 4538">
     <span class='ocr_line' id='line_1_83' title="bbox 2445 4462 4022 4538; baseline 0.007 -27"><span class='ocrx_word' id='word_1_569' title='bbox 2445 4477 2561 4524; x_wconf 88' lang='grc' dir='ltr'>σου,</span> <span class='ocrx_word' id='word_1_570' title='bbox 2610 4462 2691 4513; x_wconf 83' lang='grc' dir='ltr'>ὃτι</span> <span class='ocrx_word' id='word_1_571' title='bbox 2743 4462 2831 4514; x_wconf 83' lang='grc' dir='ltr'>διὰ</span> <span class='ocrx_word' id='word_1_572' title='bbox 2877 4463 2978 4530; x_wconf 84' lang='grc' dir='ltr'>τῆς</span> <span class='ocrx_word' id='word_1_573' title='bbox 3043 4464 3141 4531; x_wconf 81' lang='grc' dir='ltr'>σῆς</span> <span class='ocrx_word' id='word_1_574' title='bbox 3194 4465 3506 4528; x_wconf 81' lang='grc' dir='ltr'>θεοσεϐείας</span> <span class='ocrx_word' id='word_1_575' title='bbox 3563 4469 3660 4536; x_wconf 78' lang='grc' dir='ltr'><strong>οὐχ</strong></span> <span class='ocrx_word' id='word_1_576' title='bbox 3715 4469 4022 4538; x_wconf 77' lang='grc' dir='ltr'>ὑπέμεινεν</span> 
     </span>
    </p>
   </div>
   <div class='ocr_carea' id='block_1_84' title="bbox 769 4549 2344 4645">
    <p class='ocr_par' dir='ltr' id='par_1_84' title="bbox 769 4555 2334 4624">
     <span class='ocr_line' id='line_1_84' title="bbox 769 4555 2334 4624; baseline -0.004 -8"><span class='ocrx_word' id='word_1_577' title='bbox 769 4564 932 4618; x_wconf 84' lang='lat' dir='ltr'><strong>luerit</strong></span> <span class='ocrx_word' id='word_1_578' title='bbox 968 4560 1231 4614; x_wconf 81' lang='lat' dir='ltr'><strong>Ecclesia.</strong></span> <span class='ocrx_word' id='word_1_579' title='bbox 1273 4557 1453 4616; x_wconf 68' lang='lat' dir='ltr'><strong>Libras</strong></span> <span class='ocrx_word' id='word_1_580' title='bbox 1492 4555 1711 4624; x_wconf 83' lang='lat' dir='ltr'><strong>quidem</strong></span> <span class='ocrx_word' id='word_1_581' title='bbox 1741 4556 1864 4621; x_wconf 68' lang='lat' dir='ltr'><strong>illae,</strong></span> <span class='ocrx_word' id='word_1_582' title='bbox 1904 4556 1975 4608; x_wconf 90' lang='lat' dir='ltr'><strong>tni</strong></span> <span class='ocrx_word' id='word_1_583' title='bbox 2013 4556 2108 4620; x_wconf 87' lang='lat' dir='ltr'><strong>liii,</strong></span> <span class='ocrx_word' id='word_1_584' title='bbox 2146 4556 2190 4612; x_wconf 91' lang='lat' dir='ltr'><strong>si</strong></span> <span class='ocrx_word' id='word_1_585' title='bbox 2226 4571 2334 4610; x_wconf 94' lang='lat' dir='ltr'><strong>non</strong></span> 
     </span>
    </p>
   </div>
   <div class='ocr_carea' id='block_1_85' title="bbox 2448 4549 4020 4645">
    <p class='ocr_par' dir='ltr' id='par_1_85' title="bbox 2455 4549 4020 4623">
     <span class='ocr_line' id='line_1_85' title="bbox 2455 4549 4020 4623; baseline 0.004 -22"><span class='ocrx_word' id='word_1_586' title='bbox 2455 4549 2752 4617; x_wconf 84' lang='grc' dir='ltr'>Ἐκκλησία</span> <span class='ocrx_word' id='word_1_587' title='bbox 2786 4551 2885 4618; x_wconf 79' lang='grc' dir='ltr'>τὴν</span> <span class='ocrx_word' id='word_1_588' title='bbox 2928 4550 3197 4619; x_wconf 83' lang='grc' dir='ltr'>τοσαύτην</span> <span class='ocrx_word' id='word_1_589' title='bbox 3227 4553 3454 4622; x_wconf 81' lang='grc' dir='ltr'>ζημίαν,</span> <span class='ocrx_word' id='word_1_590' title='bbox 3486 4554 3607 4605; x_wconf 82' lang='grc' dir='ltr'>οὐδὲ</span> <span class='ocrx_word' id='word_1_591' title='bbox 3635 4558 3662 4605; x_wconf 91' lang='grc' dir='ltr'><strong>ό</strong></span> <span class='ocrx_word' id='word_1_592' title='bbox 3706 4557 4020 4623; x_wconf 72' lang='grc' dir='ltr'>παραλογιο</span> 
     </span>
    </p>
   </div>
   <div class='ocr_carea' id='block_1_86' title="bbox 768 4648 2339 4718">
    <p class='ocr_par' dir='ltr' id='par_1_86' title="bbox 768 4648 2339 4718">
     <span class='ocr_line' id='line_1_86' title="bbox 768 4648 2339 4718; baseline -0.005 -8"><span class='ocrx_word' id='word_1_593' title='bbox 768 4658 980 4710; x_wconf 74' lang='lat' dir='ltr'><strong>donata:</strong></span> <span class='ocrx_word' id='word_1_594' title='bbox 1018 4660 1200 4717; x_wconf 87' lang='lat' dir='ltr'><strong>erunt,</strong></span> <span class='ocrx_word' id='word_1_595' title='bbox 1249 4664 1356 4704; x_wconf 92' lang='lat' dir='ltr'><strong>non</strong></span> <span class='ocrx_word' id='word_1_596' title='bbox 1403 4650 1690 4718; x_wconf 77' lang='lat' dir='ltr'><strong>angebitur</strong></span> <span class='ocrx_word' id='word_1_597' title='bbox 1741 4648 2014 4712; x_wconf 68' lang='lat' dir='ltr'><strong>ararium,</strong></span> <span class='ocrx_word' id='word_1_598' title='bbox 2065 4663 2239 4717; x_wconf 89' lang='lat' dir='ltr'><strong>neque</strong></span> <span class='ocrx_word' id='word_1_599' title='bbox 2294 4649 2339 4702; x_wconf 88' lang='lat' dir='ltr'><strong>si</strong></span> 
     </span>
    </p>
   </div>
   <div class='ocr_carea' id='block_1_87' title="bbox 767 4737 2338 4809">
    <p class='ocr_par' dir='ltr' id='par_1_87' title="bbox 767 4737 2338 4809">
     <span class='ocr_line' id='line_1_87' title="bbox 767 4737 2338 4809; baseline -0.004 -10"><span class='ocrx_word' id='word_1_600' title='bbox 767 4754 927 4799; x_wconf 83' lang='lat' dir='ltr'><strong>erunt</strong></span> <span class='ocrx_word' id='word_1_601' title='bbox 957 4743 1192 4807; x_wconf 61' lang='lat' dir='ltr'><strong>donata,</strong></span> <span class='ocrx_word' id='word_1_602' title='bbox 1224 4739 1428 4809; x_wconf 83' lang='lat' dir='ltr'><strong>aliquid</strong></span> <span class='ocrx_word' id='word_1_603' title='bbox 1474 4739 1600 4794; x_wconf 76' lang='lat' dir='ltr'><strong>novi</strong></span> <span class='ocrx_word' id='word_1_604' title='bbox 1646 4739 1844 4792; x_wconf 72' lang='lat' dir='ltr'><strong>aerario</strong></span> <span class='ocrx_word' id='word_1_605' title='bbox 1866 4739 2101 4793; x_wconf 84' lang='lat' dir='ltr'><strong>eveniet.</strong></span> <span class='ocrx_word' id='word_1_606' title='bbox 2125 4737 2338 4803; x_wconf 85' lang='lat' dir='ltr'><strong>Quanta</strong></span> 
     </span>
    </p>
   </div>
   <div class='ocr_carea' id='block_1_88' title="bbox 769 4829 2341 4900">
    <p class='ocr_par' dir='ltr' id='par_1_88' title="bbox 769 4829 2341 4900">
     <span class='ocr_line' id='line_1_88' title="bbox 769 4829 2341 4900; baseline -0.001 -14"><span class='ocrx_word' id='word_1_607' title='bbox 769 4843 951 4886; x_wconf 79' lang='lat' dir='ltr'><strong>autem</strong></span> <span class='ocrx_word' id='word_1_608' title='bbox 981 4833 1053 4885; x_wconf 91' lang='lat' dir='ltr'><strong>sit</strong></span> <span class='ocrx_word' id='word_1_609' title='bbox 1095 4830 1239 4900; x_wconf 82' lang='lat' dir='ltr'><strong>apud</strong></span> <span class='ocrx_word' id='word_1_610' title='bbox 1284 4829 1450 4883; x_wconf 89' lang='lat' dir='ltr'><strong>Deum</strong></span> <span class='ocrx_word' id='word_1_611' title='bbox 1495 4829 1867 4884; x_wconf 89' lang='lat' dir='ltr'><strong>remuneratio</strong></span> <span class='ocrx_word' id='word_1_612' title='bbox 1915 4841 1969 4882; x_wconf 88' lang='lat' dir='ltr'><strong>et</strong></span> <span class='ocrx_word' id='word_1_613' title='bbox 2017 4839 2222 4899; x_wconf 84' lang='lat' dir='ltr'><strong>quanta</strong></span> <span class='ocrx_word' id='word_1_614' title='bbox 2271 4831 2341 4886; x_wconf 89' lang='lat' dir='ltr'><strong>sit</strong></span> 
     </span>
    </p>
   </div>
   <div class='ocr_carea' id='block_1_89' title="bbox 770 4920 2337 4990">
    <p class='ocr_par' dir='ltr' id='par_1_89' title="bbox 770 4920 2337 4990">
     <span class='ocr_line' id='line_1_89' title="bbox 770 4920 2337 4990; baseline 0 -14"><span class='ocrx_word' id='word_1_615' title='bbox 770 4924 1048 4976; x_wconf 81' lang='lat' dir='ltr'><strong>damnatio</strong></span> <span class='ocrx_word' id='word_1_616' title='bbox 1078 4922 1378 4976; x_wconf 90' lang='lat' dir='ltr'><strong>considera.</strong></span> <span class='ocrx_word' id='word_1_617' title='bbox 1426 4920 1484 4974; x_wconf 86' lang='lat' dir='ltr'><strong>Si</strong></span> <span class='ocrx_word' id='word_1_618' title='bbox 1527 4921 1673 4976; x_wconf 89' lang='lat' dir='ltr'><strong>enim</strong></span> <span class='ocrx_word' id='word_1_619' title='bbox 1707 4936 1832 4976; x_wconf 87' lang='lat' dir='ltr'><strong>eum</strong></span> <span class='ocrx_word' id='word_1_620' title='bbox 1868 4923 1959 4990; x_wconf 91' lang='lat' dir='ltr'><strong>qui</strong></span> <span class='ocrx_word' id='word_1_621' title='bbox 2009 4935 2138 4989; x_wconf 72' lang='lat' dir='ltr'><strong>erga</strong></span> <span class='ocrx_word' id='word_1_622' title='bbox 2173 4937 2337 4977; x_wconf 91' lang='lat' dir='ltr'><strong>uuunt</strong></span> 
     </span>
    </p>
   </div>
   <div class='ocr_carea' id='block_1_90' title="bbox 769 5011 2338 5082">
    <p class='ocr_par' dir='ltr' id='par_1_90' title="bbox 769 5011 2338 5082">
     <span class='ocr_line' id='line_1_90' title="bbox 769 5011 2338 5082; baseline 0 -15"><span class='ocrx_word' id='word_1_623' title='bbox 769 5015 1006 5082; x_wconf 78' lang='lat' dir='ltr'><strong>aliquem</strong></span> <span class='ocrx_word' id='word_1_624' title='bbox 1072 5011 1386 5068; x_wconf 86' lang='lat' dir='ltr'><strong>misericors</strong></span> <span class='ocrx_word' id='word_1_625' title='bbox 1437 5011 1638 5076; x_wconf 82' lang='lat' dir='ltr'><strong>fuerit,</strong></span> <span class='ocrx_word' id='word_1_626' title='bbox 1693 5025 1909 5069; x_wconf 87' lang='lat' dir='ltr'><strong>merces</strong></span> <span class='ocrx_word' id='word_1_627' title='bbox 1969 5012 2110 5080; x_wconf 89' lang='lat' dir='ltr'><strong>apud</strong></span> <span class='ocrx_word' id='word_1_628' title='bbox 2168 5011 2338 5067; x_wconf 89' lang='lat' dir='ltr'><strong>Deum</strong></span> 
     </span>
    </p>
   </div>
   <div class='ocr_carea' id='block_1_91' title="bbox 776 5104 2343 5176">
    <p class='ocr_par' dir='ltr' id='par_1_91' title="bbox 776 5104 2343 5176">
     <span class='ocr_line' id='line_1_91' title="bbox 776 5104 2343 5176; baseline -0.001 -16"><span class='ocrx_word' id='word_1_629' title='bbox 776 5115 982 5168; x_wconf 86' lang='lat' dir='ltr'><strong>manet,</strong></span> <span class='ocrx_word' id='word_1_630' title='bbox 1013 5115 1066 5160; x_wconf 91' lang='lat' dir='ltr'><strong>ct</strong></span> <span class='ocrx_word' id='word_1_631' title='bbox 1118 5120 1335 5161; x_wconf 87' lang='lat' dir='ltr'><strong>rursum</strong></span> <span class='ocrx_word' id='word_1_632' title='bbox 1369 5105 1569 5175; x_wconf 84' lang='lat' dir='ltr'><strong>injuste</strong></span> <span class='ocrx_word' id='word_1_633' title='bbox 1591 5104 1646 5158; x_wconf 91' lang='lat' dir='ltr'><strong>in</strong></span> <span class='ocrx_word' id='word_1_634' title='bbox 1678 5119 1847 5158; x_wconf 88' lang='lat' dir='ltr'><strong>unum</strong></span> <span class='ocrx_word' id='word_1_635' title='bbox 1869 5104 2155 5175; x_wconf 83' lang='lat' dir='ltr'><strong>quemdam</strong></span> <span class='ocrx_word' id='word_1_636' title='bbox 2181 5118 2343 5176; x_wconf 81' lang='lat' dir='ltr'><strong>agen-</strong></span> 
     </span>
    </p>
   </div>
   <div class='ocr_carea' id='block_1_92' title="bbox 773 5193 2342 5265">
    <p class='ocr_par' dir='ltr' id='par_1_92' title="bbox 773 5193 2342 5265">
     <span class='ocr_line' id='line_1_92' title="bbox 773 5193 2342 5265; baseline -0.002 -15"><span class='ocrx_word' id='word_1_637' title='bbox 773 5205 878 5250; x_wconf 85' lang='lat' dir='ltr'><strong>tctn</strong></span> <span class='ocrx_word' id='word_1_638' title='bbox 911 5209 1070 5265; x_wconf 77' lang='lat' dir='ltr'><strong>poena</strong></span> <span class='ocrx_word' id='word_1_639' title='bbox 1099 5204 1262 5262; x_wconf 81' lang='lat' dir='ltr'><strong>atque</strong></span> <span class='ocrx_word' id='word_1_640' title='bbox 1290 5193 1553 5260; x_wconf 84' lang='lat' dir='ltr'><strong>vindicta,</strong></span> <span class='ocrx_word' id='word_1_641' title='bbox 1595 5201 1804 5264; x_wconf 88' lang='lat' dir='ltr'><strong>quanto</strong></span> <span class='ocrx_word' id='word_1_642' title='bbox 1849 5194 2023 5262; x_wconf 75' lang='lat' dir='ltr'><strong>magis</strong></span> <span class='ocrx_word' id='word_1_643' title='bbox 2074 5195 2207 5247; x_wconf 89' lang='lat' dir='ltr'><strong>tanti</strong></span> <span class='ocrx_word' id='word_1_644' title='bbox 2247 5208 2342 5263; x_wconf 93' lang='lat' dir='ltr'><strong>po—</strong></span> 
     </span>
    </p>
   </div>
   <div class='ocr_carea' id='block_1_93' title="bbox 773 5285 2340 5356">
    <p class='ocr_par' dir='ltr' id='par_1_93' title="bbox 773 5285 2340 5356">
     <span class='ocr_line' id='line_1_93' title="bbox 773 5285 2340 5356; baseline -0.001 -15"><span class='ocrx_word' id='word_1_645' title='bbox 773 5288 910 5355; x_wconf 91' lang='lat' dir='ltr'><strong>puli,</strong></span> <span class='ocrx_word' id='word_1_646' title='bbox 944 5295 1024 5340; x_wconf 91' lang='lat' dir='ltr'><strong>tot</strong></span> <span class='ocrx_word' id='word_1_647' title='bbox 1058 5286 1369 5350; x_wconf 87' lang='lat' dir='ltr'><strong>mulierum,</strong></span> <span class='ocrx_word' id='word_1_648' title='bbox 1423 5288 1771 5353; x_wconf 88' lang='lat' dir='ltr'><strong>miserorum,</strong></span> <span class='ocrx_word' id='word_1_649' title='bbox 1825 5285 2181 5354; x_wconf 71' lang='lat' dir='ltr'><strong>indigentium</strong></span> <span class='ocrx_word' id='word_1_650' title='bbox 2223 5287 2340 5356; x_wconf 88' lang='lat' dir='ltr'><strong>opi-</strong></span> 
     </span>
    </p>
   </div>
   <div class='ocr_carea' id='block_1_94' title="bbox 777 5377 2339 5449">
    <p class='ocr_par' dir='ltr' id='par_1_94' title="bbox 777 5377 2339 5449">
     <span class='ocr_line' id='line_1_94' title="bbox 777 5377 2339 5449; baseline -0.001 -16"><span class='ocrx_word' id='word_1_651' title='bbox 777 5380 965 5433; x_wconf 78' lang='lat' dir='ltr'><strong>tulatio</strong></span> <span class='ocrx_word' id='word_1_652' title='bbox 999 5379 1094 5433; x_wconf 91' lang='lat' dir='ltr'><strong>tibi</strong></span> <span class='ocrx_word' id='word_1_653' title='bbox 1139 5377 1410 5432; x_wconf 78' lang='lat' dir='ltr'><strong>inﬁnitam</strong></span> <span class='ocrx_word' id='word_1_654' title='bbox 1435 5378 1847 5433; x_wconf 84' lang='lat' dir='ltr'><strong>retributionem</strong></span> <span class='ocrx_word' id='word_1_655' title='bbox 1878 5393 1908 5432; x_wconf 85' lang='lat' dir='ltr'><strong>a</strong></span> <span class='ocrx_word' id='word_1_656' title='bbox 1940 5377 2048 5432; x_wconf 91' lang='lat' dir='ltr'><strong>Deo</strong></span> <span class='ocrx_word' id='word_1_657' title='bbox 2074 5379 2339 5449; x_wconf 82' lang='lat' dir='ltr'><strong>acquiret.</strong></span> 
     </span>
    </p>
   </div>
   <div class='ocr_carea' id='block_1_95' title="bbox 774 5468 2342 5536">
    <p class='ocr_par' dir='ltr' id='par_1_95' title="bbox 774 5468 2342 5536">
     <span class='ocr_line' id='line_1_95' title="bbox 774 5468 2342 5536; baseline 0.001 -13"><span class='ocrx_word' id='word_1_658' title='bbox 774 5471 966 5536; x_wconf 80' lang='lat' dir='ltr'><strong>Macte,</strong></span> <span class='ocrx_word' id='word_1_659' title='bbox 1011 5470 1084 5524; x_wconf 82' lang='lat' dir='ltr'><strong>iiii</strong></span> <span class='ocrx_word' id='word_1_660' title='bbox 1133 5468 1508 5535; x_wconf 83' lang='lat' dir='ltr'><strong>dilec&#39;tissime,</strong></span> <span class='ocrx_word' id='word_1_661' title='bbox 1557 5471 1858 5526; x_wconf 88' lang='lat' dir='ltr'><strong>Eeclesiam</strong></span> <span class='ocrx_word' id='word_1_662' title='bbox 1935 5471 2164 5536; x_wconf 87' lang='lat' dir='ltr'><strong>honora,</strong></span> <span class='ocrx_word' id='word_1_663' title='bbox 2206 5480 2342 5525; x_wconf 85' lang='lat' dir='ltr'><strong>utet</strong></span> 
     </span>
    </p>
   </div>
   <div class='ocr_carea' id='block_1_96' title="bbox 775 5562 2340 5632">
    <p class='ocr_par' dir='ltr' id='par_1_96' title="bbox 775 5562 2340 5632">
     <span class='ocr_line' id='line_1_96' title="bbox 775 5562 2340 5632; baseline 0.002 -19"><span class='ocrx_word' id='word_1_664' title='bbox 775 5572 832 5613; x_wconf 92' lang='lat' dir='ltr'><strong>tu</strong></span> <span class='ocrx_word' id='word_1_665' title='bbox 865 5568 986 5630; x_wconf 89' lang='lat' dir='ltr'><strong>post</strong></span> <span class='ocrx_word' id='word_1_666' title='bbox 1017 5569 1329 5616; x_wconf 86' lang='lat' dir='ltr'><strong>terrestrem</strong></span> <span class='ocrx_word' id='word_1_667' title='bbox 1384 5562 1649 5616; x_wconf 79' lang='lat' dir='ltr'><strong>honorem</strong></span> <span class='ocrx_word' id='word_1_668' title='bbox 1697 5572 1924 5627; x_wconf 69' lang='lat' dir='ltr'><strong>aterno,</strong></span> <span class='ocrx_word' id='word_1_669' title='bbox 1962 5577 2124 5632; x_wconf 87' lang='lat' dir='ltr'><strong>quem</strong></span> <span class='ocrx_word' id='word_1_670' title='bbox 2156 5562 2340 5632; x_wconf 90' lang='lat' dir='ltr'><strong>utique</strong></span> 
     </span>
    </p>
   </div>
   <div class='ocr_carea' id='block_1_97' title="bbox 775 5651 2339 5724">
    <p class='ocr_par' dir='ltr' id='par_1_97' title="bbox 775 5651 2339 5724">
     <span class='ocr_line' id='line_1_97' title="bbox 775 5651 2339 5724; baseline 0 -16"><span class='ocrx_word' id='word_1_671' title='bbox 775 5652 1143 5724; x_wconf 85' lang='lat' dir='ltr'><strong>prosequeris,</strong></span> <span class='ocrx_word' id='word_1_672' title='bbox 1205 5654 1382 5722; x_wconf 86' lang='lat' dir='ltr'><strong>possis</strong></span> <span class='ocrx_word' id='word_1_673' title='bbox 1455 5652 1682 5724; x_wconf 76' lang='lat' dir='ltr'><strong>perfrui.</strong></span> <span class='ocrx_word' id='word_1_674' title='bbox 1737 5651 1956 5709; x_wconf 86' lang='lat' dir='ltr'><strong>Utinam</strong></span> <span class='ocrx_word' id='word_1_675' title='bbox 2013 5669 2227 5721; x_wconf 84' lang='lat' dir='ltr'><strong>semper</strong></span> <span class='ocrx_word' id='word_1_676' title='bbox 2275 5669 2339 5708; x_wconf 80' lang='lat' dir='ltr'><strong>ea</strong></span> 
     </span>
    </p>
   </div>
   <div class='ocr_carea' id='block_1_98' title="bbox 775 5744 2338 5815">
    <p class='ocr_par' dir='ltr' id='par_1_98' title="bbox 775 5744 2338 5815">
     <span class='ocr_line' id='line_1_98' title="bbox 775 5744 2338 5815; baseline 0.001 -19"><span class='ocrx_word' id='word_1_677' title='bbox 775 5747 981 5815; x_wconf 68' lang='lat' dir='ltr'><strong>cogites</strong></span> <span class='ocrx_word' id='word_1_678' title='bbox 1013 5753 1068 5798; x_wconf 88' lang='lat' dir='ltr'><strong>et</strong></span> <span class='ocrx_word' id='word_1_679' title='bbox 1100 5744 1268 5799; x_wconf 79' lang='lat' dir='ltr'><strong>facias</strong></span> <span class='ocrx_word' id='word_1_680' title='bbox 1296 5760 1416 5814; x_wconf 67' lang='lat' dir='ltr'><strong>qua:</strong></span> <span class='ocrx_word' id='word_1_681' title='bbox 1466 5746 1534 5801; x_wconf 84' lang='lat' dir='ltr'><strong>ad</strong></span> <span class='ocrx_word' id='word_1_682' title='bbox 1580 5745 1914 5802; x_wconf 84' lang='lat' dir='ltr'><strong>sanctissimi</strong></span> <span class='ocrx_word' id='word_1_683' title='bbox 1949 5744 2045 5798; x_wconf 86' lang='lat' dir='ltr'><strong>Dei</strong></span> <span class='ocrx_word' id='word_1_684' title='bbox 2086 5745 2338 5813; x_wconf 73' lang='lat' dir='ltr'><strong>gloriam,</strong></span> 
     </span>
    </p>
   </div>
   <div class='ocr_carea' id='block_1_99' title="bbox 775 5836 2336 5906">
    <p class='ocr_par' dir='ltr' id='par_1_99' title="bbox 775 5836 2336 5906">
     <span class='ocr_line' id='line_1_99' title="bbox 775 5836 2336 5906; baseline 0.002 -15"><span class='ocrx_word' id='word_1_685' title='bbox 775 5841 842 5894; x_wconf 81' lang='lat' dir='ltr'><strong>ad</strong></span> <span class='ocrx_word' id='word_1_686' title='bbox 877 5837 951 5894; x_wconf 90' lang='lat' dir='ltr'><strong>tui</strong></span> <span class='ocrx_word' id='word_1_687' title='bbox 995 5837 1164 5906; x_wconf 77' lang='lat' dir='ltr'><strong>ipsius</strong></span> <span class='ocrx_word' id='word_1_688' title='bbox 1204 5836 1462 5894; x_wconf 85' lang='lat' dir='ltr'><strong>honorem</strong></span> <span class='ocrx_word' id='word_1_689' title='bbox 1497 5847 1553 5894; x_wconf 86' lang='lat' dir='ltr'><strong>et</strong></span> <span class='ocrx_word' id='word_1_690' title='bbox 1599 5838 1835 5895; x_wconf 84' lang='lat' dir='ltr'><strong>salutem</strong></span> <span class='ocrx_word' id='word_1_691' title='bbox 1865 5837 2214 5894; x_wconf 76' lang='lat' dir='ltr'><strong>conducant!</strong></span> <span class='ocrx_word' id='word_1_692' title='bbox 2256 5838 2336 5894; x_wconf 87' lang='lat' dir='ltr'><strong>Te</strong></span> 
     </span>
    </p>
   </div>
   <div class='ocr_carea' id='block_1_100' title="bbox 2445 4640 4023 4716">
    <p class='ocr_par' dir='ltr' id='par_1_100' title="bbox 2445 4640 4023 4716">
     <span class='ocr_line' id='line_1_100' title="bbox 2445 4640 4023 4716; baseline 0.004 -23"><span class='ocrx_word' id='word_1_693' title='bbox 2445 4642 2580 4709; x_wconf 85' lang='grc' dir='ltr'>σμὸς</span> <span class='ocrx_word' id='word_1_694' title='bbox 2611 4640 2913 4710; x_wconf 78' lang='grc' dir='ltr'>ἐϐεϐαιώθη</span> <span class='ocrx_word' id='word_1_695' title='bbox 2950 4641 3009 4694; x_wconf 80' lang='grc' dir='ltr'>ὃν</span> <span class='ocrx_word' id='word_1_696' title='bbox 3053 4643 3482 4712; x_wconf 85' lang='grc' dir='ltr'>παρελογίσαντο</span> <span class='ocrx_word' id='word_1_697' title='bbox 3525 4646 3695 4713; x_wconf 76' lang='grc' dir='ltr'>αὐτὴν</span> <span class='ocrx_word' id='word_1_698' title='bbox 3725 4647 3773 4696; x_wconf 72' lang='grc' dir='ltr'>οἱ</span> <span class='ocrx_word' id='word_1_699' title='bbox 3802 4647 4023 4716; x_wconf 82' lang='grc' dir='ltr'>ἀνθρω-</span> 
     </span>
    </p>
   </div>
   <div class='ocr_carea' id='block_1_101' title="bbox 2443 4734 4025 4806">
    <p class='ocr_par' dir='ltr' id='par_1_101' title="bbox 2443 4734 4025 4806">
     <span class='ocr_line' id='line_1_101' title="bbox 2443 4734 4025 4806; baseline 0.001 -20"><span class='ocrx_word' id='word_1_700' title='bbox 2443 4751 2534 4787; x_wconf 88' lang='grc' dir='ltr'><strong>ποι</strong></span> <span class='ocrx_word' id='word_1_701' title='bbox 2561 4737 2779 4797; x_wconf 68' lang='grc' dir='ltr'>ικεῖνοι,</span> <span class='ocrx_word' id='word_1_702' title='bbox 2810 4734 2945 4786; x_wconf 82' lang='grc' dir='ltr'>ἀλλὰ</span> <span class='ocrx_word' id='word_1_703' title='bbox 3001 4735 3164 4789; x_wconf 85' lang='grc' dir='ltr'>πάλιν</span> <span class='ocrx_word' id='word_1_704' title='bbox 3210 4737 3267 4787; x_wconf 65' lang='grc' dir='ltr'>ἐν</span> <span class='ocrx_word' id='word_1_705' title='bbox 3294 4739 3432 4798; x_wconf 72' lang='grc' dir='ltr'>σταῖς</span> <span class='ocrx_word' id='word_1_706' title='bbox 3455 4737 3701 4806; x_wconf 75' lang='grc' dir='ltr'>-ημέραις</span> <span class='ocrx_word' id='word_1_707' title='bbox 3737 4753 3828 4789; x_wconf 74' lang='grc' dir='ltr'><strong>σου</strong></span> <span class='ocrx_word' id='word_1_708' title='bbox 3868 4743 4025 4791; x_wconf 83' lang='grc' dir='ltr'>τετί.</span> 
     </span>
    </p>
   </div>
   <div class='ocr_carea' id='block_1_102' title="bbox 2447 4825 4019 4897">
    <p class='ocr_par' dir='ltr' id='par_1_102' title="bbox 2447 4825 4019 4897">
     <span class='ocr_line' id='line_1_102' title="bbox 2447 4825 4019 4897; baseline 0.003 -21"><span class='ocrx_word' id='word_1_709' title='bbox 2447 4841 2613 4895; x_wconf 86' lang='grc' dir='ltr'>μηται</span> <span class='ocrx_word' id='word_1_710' title='bbox 2641 4827 2675 4894; x_wconf 77' lang='grc' dir='ltr'>ἡ</span> <span class='ocrx_word' id='word_1_711' title='bbox 2709 4826 3009 4895; x_wconf 82' lang='grc' dir='ltr'>Ἐκκλησία</span> <span class='ocrx_word' id='word_1_712' title='bbox 3029 4840 3044 4856; x_wconf 88' lang='grc'><strong>·</strong></span> <span class='ocrx_word' id='word_1_713' title='bbox 3075 4825 3262 4879; x_wconf 68' lang='grc' dir='ltr'>ἕνεκεν</span> <span class='ocrx_word' id='word_1_714' title='bbox 3299 4825 3399 4895; x_wconf 78' lang='grc' dir='ltr'>μὲν</span> <span class='ocrx_word' id='word_1_715' title='bbox 3431 4827 3649 4896; x_wconf 87' lang='grc' dir='ltr'>λιτρῶν,</span> <span class='ocrx_word' id='word_1_716' title='bbox 3672 4828 3860 4880; x_wconf 63' lang='grc' dir='ltr'>τέκνον</span> <span class='ocrx_word' id='word_1_717' title='bbox 3885 4847 4019 4897; x_wconf 77' lang='grc' dir='ltr'>μου,</span> 
     </span>
    </p>
   </div>
   <div class='ocr_carea' id='block_1_103' title="bbox 2442 4915 4027 4990">
    <p class='ocr_par' dir='ltr' id='par_1_103' title="bbox 2442 4915 4027 4990">
     <span class='ocr_line' id='line_1_103' title="bbox 2442 4915 4027 4990; baseline 0.003 -22"><span class='ocrx_word' id='word_1_718' title='bbox 2442 4915 2566 4969; x_wconf 79' lang='grc' dir='ltr'>οὕτε</span> <span class='ocrx_word' id='word_1_719' title='bbox 2598 4919 2694 4971; x_wconf 74' lang='grc' dir='ltr'><strong>ὲάν</strong></span> <span class='ocrx_word' id='word_1_720' title='bbox 2727 4918 2801 4989; x_wconf 80' lang='grc' dir='ltr'>μὴ</span> <span class='ocrx_word' id='word_1_721' title='bbox 2840 4917 3037 4970; x_wconf 85' lang='grc' dir='ltr'>δοθῶσι</span> <span class='ocrx_word' id='word_1_722' title='bbox 3064 4920 3124 4969; x_wconf 81' lang='grc' dir='ltr'>τὸ</span> <span class='ocrx_word' id='word_1_723' title='bbox 3146 4920 3372 4988; x_wconf 86' lang='grc' dir='ltr'>ταμεῖον</span> <span class='ocrx_word' id='word_1_724' title='bbox 3405 4923 3503 4971; x_wconf 84' lang='grc' dir='ltr'>τοῦ</span> <span class='ocrx_word' id='word_1_725' title='bbox 3537 4919 3799 4988; x_wconf 75' lang='grc' dir='ltr'>βασιλέως</span> <span class='ocrx_word' id='word_1_726' title='bbox 3843 4921 4027 4990; x_wconf 73' lang='grc' dir='ltr'>αὐξη-</span> 
     </span>
    </p>
   </div>
   <div class='ocr_carea' id='block_1_104' title="bbox 2443 5007 4027 5081">
    <p class='ocr_par' dir='ltr' id='par_1_104' title="bbox 2443 5007 4027 5081">
     <span class='ocr_line' id='line_1_104' title="bbox 2443 5007 4027 5081; baseline 0.003 -20"><span class='ocrx_word' id='word_1_727' title='bbox 2443 5008 2692 5078; x_wconf 75' lang='grc' dir='ltr'>θήσεται,</span> <span class='ocrx_word' id='word_1_728' title='bbox 2719 5007 2844 5062; x_wconf 80' lang='grc' dir='ltr'>οὗτε</span> <span class='ocrx_word' id='word_1_729' title='bbox 2876 5009 2971 5062; x_wconf 66' lang='grc' dir='ltr'>ἐὰν</span> <span class='ocrx_word' id='word_1_730' title='bbox 3000 5009 3193 5063; x_wconf 84' lang='grc' dir='ltr'>δοθῶσι</span> <span class='ocrx_word' id='word_1_731' title='bbox 3214 5011 3531 5079; x_wconf 86' lang='grc' dir='ltr'>καινοτομία</span> <span class='ocrx_word' id='word_1_732' title='bbox 3560 5029 3640 5074; x_wconf 91' lang='grc' dir='ltr'><strong>τις</strong></span> <span class='ocrx_word' id='word_1_733' title='bbox 3664 5011 3810 5081; x_wconf 75' lang='grc' dir='ltr'>αὐτῷ</span> <span class='ocrx_word' id='word_1_734' title='bbox 3841 5030 4027 5081; x_wconf 76' lang='grc' dir='ltr'>προσ-</span> 
     </span>
    </p>
   </div>
   <div class='ocr_carea' id='block_1_105' title="bbox 2441 5105 4022 5176">
    <p class='ocr_par' dir='ltr' id='par_1_105' title="bbox 2441 5105 4022 5176">
     <span class='ocr_line' id='line_1_105' title="bbox 2441 5105 4022 5176; baseline 0 -18"><span class='ocrx_word' id='word_1_735' title='bbox 2441 5106 2747 5176; x_wconf 78' lang='grc' dir='ltr'>γενήσεται.</span> <span class='ocrx_word' id='word_1_736' title='bbox 2786 5105 2889 5159; x_wconf 80' lang='grc' dir='ltr'><strong>Τὸν</strong></span> <span class='ocrx_word' id='word_1_737' title='bbox 2907 5105 2964 5158; x_wconf 65' lang='grc' dir='ltr'>δὲ</span> <span class='ocrx_word' id='word_1_738' title='bbox 2997 5105 3184 5174; x_wconf 64' lang='grc' dir='ltr'>μισθὸν</span> <span class='ocrx_word' id='word_1_739' title='bbox 3211 5105 3404 5157; x_wconf 87' lang='grc' dir='ltr'>σκόπει</span> <span class='ocrx_word' id='word_1_740' title='bbox 3442 5106 3605 5168; x_wconf 79' lang='grc' dir='ltr'>πόσος</span> <span class='ocrx_word' id='word_1_741' title='bbox 3633 5107 3801 5168; x_wconf 60' lang='grc' dir='ltr'>ἐστὶν,</span> <span class='ocrx_word' id='word_1_742' title='bbox 3829 5105 4022 5158; x_wconf 68' lang='lat' dir='ltr'><strong>dicat).</strong></span> 
     </span>
    </p>
   </div>
   <div class='ocr_carea' id='block_1_106' title="bbox 2440 5195 4019 5265">
    <p class='ocr_par' dir='ltr' id='par_1_106' title="bbox 2440 5195 4019 5265">
     <span class='ocr_line' id='line_1_106' title="bbox 2440 5195 4019 5265; baseline 0.001 -17"><span class='ocrx_word' id='word_1_743' title='bbox 2440 5213 2546 5259; x_wconf 90' lang='grc' dir='ltr'><strong>τως</strong></span> <span class='ocrx_word' id='word_1_744' title='bbox 2579 5196 2670 5248; x_wconf 77' lang='grc' dir='ltr'>καὶ</span> <span class='ocrx_word' id='word_1_745' title='bbox 2699 5197 3036 5265; x_wconf 75' lang='grc' dir='ltr'>κατάκριμα.</span> <span class='ocrx_word' id='word_1_746' title='bbox 3082 5196 3206 5248; x_wconf 86' lang='grc' dir='ltr'><strong>Ἐάν</strong></span> <span class='ocrx_word' id='word_1_747' title='bbox 3236 5195 3293 5247; x_wconf 73' lang='grc' dir='ltr'>δὲ</span> <span class='ocrx_word' id='word_1_748' title='bbox 3318 5196 3435 5258; x_wconf 66' lang='grc' dir='ltr'>ἑνὸς</span> <span class='ocrx_word' id='word_1_749' title='bbox 3465 5197 3783 5263; x_wconf 68' lang='grc' dir='ltr'>ιλεουμένου</span> <span class='ocrx_word' id='word_1_750' title='bbox 3814 5198 4019 5264; x_wconf 80' lang='grc' dir='ltr'>μισθὸς</span> 
     </span>
    </p>
   </div>
   <div class='ocr_carea' id='block_1_107' title="bbox 2442 5287 4018 5356">
    <p class='ocr_par' dir='ltr' id='par_1_107' title="bbox 2442 5287 4018 5356">
     <span class='ocr_line' id='line_1_107' title="bbox 2442 5287 4018 5356; baseline 0.001 -17"><span class='ocrx_word' id='word_1_751' title='bbox 2442 5288 2730 5341; x_wconf 75' lang='grc' dir='ltr'>ἀπόκειται</span> <span class='ocrx_word' id='word_1_752' title='bbox 2757 5288 2907 5356; x_wconf 86' lang='grc' dir='ltr'><strong>παρά</strong></span> <span class='ocrx_word' id='word_1_753' title='bbox 2947 5288 3024 5356; x_wconf 84' lang='grc' dir='ltr'>τῷ</span> <span class='ocrx_word' id='word_1_754' title='bbox 3051 5287 3192 5356; x_wconf 81' lang='grc' dir='ltr'>Θεῷ,</span> <span class='ocrx_word' id='word_1_755' title='bbox 3226 5288 3258 5356; x_wconf 79' lang='grc' dir='ltr'>ἢ</span> <span class='ocrx_word' id='word_1_756' title='bbox 3305 5287 3468 5340; x_wconf 87' lang='grc' dir='ltr'>πάλιν</span> <span class='ocrx_word' id='word_1_757' title='bbox 3498 5287 3618 5350; x_wconf 80' lang='grc' dir='ltr'>ἑνὸς</span> <span class='ocrx_word' id='word_1_758' title='bbox 3648 5288 4018 5355; x_wconf 84' lang='grc' dir='ltr'>ἀδικουμένου</span> 
     </span>
    </p>
   </div>
   <div class='ocr_carea' id='block_1_108' title="bbox 2441 5379 4018 5450">
    <p class='ocr_par' dir='ltr' id='par_1_108' title="bbox 2441 5379 4018 5450">
     <span class='ocr_line' id='line_1_108' title="bbox 2441 5379 4018 5450; baseline 0 -20"><span class='ocrx_word' id='word_1_759' title='bbox 2441 5379 2658 5441; x_wconf 82' lang='grc' dir='ltr'>κόλασις</span> <span class='ocrx_word' id='word_1_760' title='bbox 2688 5379 2840 5448; x_wconf 85' lang='grc' dir='ltr'>μένει</span> <span class='ocrx_word' id='word_1_761' title='bbox 2879 5379 2973 5432; x_wconf 77' lang='grc' dir='ltr'>καὶ</span> <span class='ocrx_word' id='word_1_762' title='bbox 3002 5379 3264 5448; x_wconf 81' lang='grc' dir='ltr'>τιμωρία,</span> <span class='ocrx_word' id='word_1_763' title='bbox 3298 5379 3449 5450; x_wconf 82' lang='grc' dir='ltr'>πόσῳ</span> <span class='ocrx_word' id='word_1_764' title='bbox 3494 5379 3698 5449; x_wconf 76' lang='grc' dir='ltr'>μᾶλλον</span> <span class='ocrx_word' id='word_1_765' title='bbox 3749 5380 4018 5432; x_wconf 78' lang='grc' dir='ltr'>τοσούτου</span> 
     </span>
    </p>
   </div>
   <div class='ocr_carea' id='block_1_109' title="bbox 2441 5470 4016 5541">
    <p class='ocr_par' dir='ltr' id='par_1_109' title="bbox 2441 5470 4016 5541">
     <span class='ocr_line' id='line_1_109' title="bbox 2441 5470 4016 5541; baseline 0 -19"><span class='ocrx_word' id='word_1_766' title='bbox 2441 5471 2568 5523; x_wconf 89' lang='grc' dir='ltr'>λαοῦ</span> <span class='ocrx_word' id='word_1_767' title='bbox 2613 5475 2706 5524; x_wconf 75' lang='grc' dir='ltr'>καὶ</span> <span class='ocrx_word' id='word_1_768' title='bbox 2739 5471 3011 5539; x_wconf 89' lang='grc' dir='ltr'>γυναικῶν</span> <span class='ocrx_word' id='word_1_769' title='bbox 3047 5470 3249 5524; x_wconf 88' lang='grc' dir='ltr'>ἀθλίων</span> <span class='ocrx_word' id='word_1_770' title='bbox 3279 5471 3514 5540; x_wconf 80' lang='grc' dir='ltr'>πτωχῶν</span> <span class='ocrx_word' id='word_1_771' title='bbox 3565 5472 3940 5541; x_wconf 74' lang='grc' dir='ltr'>ἠπορημένων</span> <span class='ocrx_word' id='word_1_772' title='bbox 3978 5473 4016 5539; x_wconf 78' lang='grc' dir='ltr'><strong>ἡ</strong></span> 
     </span>
    </p>
   </div>
   <div class='ocr_carea' id='block_1_110' title="bbox 2441 5560 4019 5632">
    <p class='ocr_par' dir='ltr' id='par_1_110' title="bbox 2441 5560 4019 5632">
     <span class='ocr_line' id='line_1_110' title="bbox 2441 5560 4019 5632; baseline -0.001 -18"><span class='ocrx_word' id='word_1_773' title='bbox 2441 5561 2776 5632; x_wconf 70' lang='grc' dir='ltr'>ἐλεημοσύνη</span> <span class='ocrx_word' id='word_1_774' title='bbox 2808 5560 3135 5632; x_wconf 72' lang='grc' dir='ltr'>προξενήσει</span> <span class='ocrx_word' id='word_1_775' title='bbox 3171 5579 3254 5614; x_wconf 85' lang='grc' dir='ltr'><strong>σοι</strong></span> <span class='ocrx_word' id='word_1_776' title='bbox 3285 5565 3511 5632; x_wconf 79' lang='grc' dir='ltr'>ἄπειρον</span> <span class='ocrx_word' id='word_1_777' title='bbox 3546 5563 3695 5631; x_wconf 88' lang='grc' dir='ltr'><strong>παρά</strong></span> <span class='ocrx_word' id='word_1_778' title='bbox 3726 5561 3863 5612; x_wconf 76' lang='grc' dir='ltr'>Θεοῦ</span> <span class='ocrx_word' id='word_1_779' title='bbox 3909 5565 4019 5629; x_wconf 77' lang='grc' dir='ltr'>τὴν</span> 
     </span>
    </p>
   </div>
   <div class='ocr_carea' id='block_1_111' title="bbox 2446 5653 4020 5725">
    <p class='ocr_par' dir='ltr' id='par_1_111' title="bbox 2446 5653 4020 5725">
     <span class='ocr_line' id='line_1_111' title="bbox 2446 5653 4020 5725; baseline -0.002 -18"><span class='ocrx_word' id='word_1_780' title='bbox 2446 5655 2902 5725; x_wconf 74' lang='grc' dir='ltr'>μισθαποδοσίανς</span> <span class='ocrx_word' id='word_1_781' title='bbox 2955 5655 3082 5719; x_wconf 77' lang='grc' dir='ltr'>Ναὶ,</span> <span class='ocrx_word' id='word_1_782' title='bbox 3114 5654 3300 5707; x_wconf 85' lang='grc' dir='ltr'>τέκνον</span> <span class='ocrx_word' id='word_1_783' title='bbox 3330 5655 3724 5723; x_wconf 75' lang='grc' dir='ltr'>ἠγαπημένον,</span> <span class='ocrx_word' id='word_1_784' title='bbox 3773 5653 4020 5721; x_wconf 80' lang='grc' dir='ltr'>τίμησόν</span> 
     </span>
    </p>
   </div>
   <div class='ocr_carea' id='block_1_112' title="bbox 2439 5744 4017 5815">
    <p class='ocr_par' dir='ltr' id='par_1_112' title="bbox 2439 5744 4017 5815">
     <span class='ocr_line' id='line_1_112' title="bbox 2439 5744 4017 5815; baseline -0.002 -16"><span class='ocrx_word' id='word_1_785' title='bbox 2439 5750 2539 5814; x_wconf 77' lang='grc' dir='ltr'><strong>την</strong></span> <span class='ocrx_word' id='word_1_786' title='bbox 2603 5746 2963 5815; x_wconf 83' lang='grc' dir='ltr'>Ἐκκλησίαν,</span> <span class='ocrx_word' id='word_1_787' title='bbox 3017 5747 3102 5798; x_wconf 77' lang='grc' dir='ltr'><strong>ἴνα</strong></span> <span class='ocrx_word' id='word_1_788' title='bbox 3159 5750 3253 5799; x_wconf 82' lang='grc' dir='ltr'>καὶ</span> <span class='ocrx_word' id='word_1_789' title='bbox 3307 5747 3371 5798; x_wconf 80' lang='grc' dir='ltr'>σὺ</span> <span class='ocrx_word' id='word_1_790' title='bbox 3430 5748 3568 5815; x_wconf 73' lang='grc' dir='ltr'>μετὰ</span> <span class='ocrx_word' id='word_1_791' title='bbox 3613 5744 3710 5812; x_wconf 74' lang='grc' dir='ltr'>τῆς</span> <span class='ocrx_word' id='word_1_792' title='bbox 3757 5744 4017 5809; x_wconf 67' lang='grc' dir='ltr'>ἐπιγείου</span> 
     </span>
    </p>
   </div>
   <div class='ocr_carea' id='block_1_113' title="bbox 2439 5832 4018 5910">
    <p class='ocr_par' dir='ltr' id='par_1_113' title="bbox 2439 5832 4018 5910">
     <span class='ocr_line' id='line_1_113' title="bbox 2439 5832 4018 5910; baseline -0.005 -18"><span class='ocrx_word' id='word_1_793' title='bbox 2439 5838 2604 5910; x_wconf 80' lang='grc' dir='ltr'>τιμῆς</span> <span class='ocrx_word' id='word_1_794' title='bbox 2631 5840 2722 5892; x_wconf 80' lang='grc' dir='ltr'>καὶ</span> <span class='ocrx_word' id='word_1_795' title='bbox 2742 5838 2841 5907; x_wconf 82' lang='grc' dir='ltr'>τῆς</span> <span class='ocrx_word' id='word_1_796' title='bbox 2862 5839 3102 5908; x_wconf 77' lang='grc' dir='ltr'>αἰωνίου,</span> <span class='ocrx_word' id='word_1_797' title='bbox 3127 5840 3192 5909; x_wconf 73' lang='grc' dir='ltr'>ἣν</span> <span class='ocrx_word' id='word_1_798' title='bbox 3213 5839 3429 5902; x_wconf 77' lang='grc' dir='ltr'>πάντως</span> <span class='ocrx_word' id='word_1_799' title='bbox 3452 5832 3566 5890; x_wconf 74' lang='grc' dir='ltr'>οἶδα</span> <span class='ocrx_word' id='word_1_800' title='bbox 3588 5836 3670 5889; x_wconf 84' lang='grc' dir='ltr'>ὅτι</span> <span class='ocrx_word' id='word_1_801' title='bbox 3693 5834 4018 5904; x_wconf 68' lang='grc' dir='ltr'>ἐπιθυμεῖς,</span> 
     </span>
    </p>
   </div>
  </div>
