4182 6428
179 418 292 485 2'73
1645 438 2056 501 EPISTOLE.
3332 447 3447 511 2n

178 533 532 608 ἀπολαύσῃς.
587 537 865 609 Παράσχοι
912 541 967 596 δὲ
1011 543 1040 596 ὁ
1097 544 1228 610 Gai-4
1274 547 1302 600 ὁ
1334 546 1492 615 ἀγιος
1542 547 1645 603 ὅσα
1693 551 1773 614 είς
1802 557 1829 613 Α

1802 557 1847 613 Α
1877 550 2072 606 liberet
2129 551 2273 608 Deus
2320 551 2387 607 ab
2432 553 2688 610 omnibus
2731 556 2890 614 malis
2931 565 2985 614 et
3032 557 3342 616 visibilibus
3388 574 3441 616 Ct

181 626 351 690 δόξαν
382 627 577 693 αὐτοῦ,
604 630 703 682 ὅσα
749 633 831 694 είς
862 633 960 694 τὴν
1006 635 1102 706 σὴν
1146 636 1314 708 τιμὴν
1345 639 1438 691 καὶ
1473 639 1768 708 σωτηρίαν,

604 630 703 682 ὅσα
749 633 831 694 είς
862 633 960 694 τὴν
1006 635 1102 706 σὴν
1146 636 1314 708 τιμὴν
1345 639 1438 691 καὶ
1473 639 1768 708 σωτηρίαν,
1881 642 2245 699 invisibilibus

183 714 366 859 Σαῦτα
413 717 510 770 καὶ
547 717 882 774 διανοεῖσθαι
945 721 1041 775 καὶ
1090 724 1355 795 πράττειν
1381 768 1396 792 ,
1437 728 1702 796 ῥυόμενὸς
1748 746 1807 781 σε
1846 731 1955 784 ἀπὸ
2019 732 2200 801 πάσης
2249 735 2434 789 κακῶν
2478 739 2850 807 περιστάσεως
2887 743 2981 796 καὶ
3031 742 3320 815 ὁρωμένης
3357 740 3454 793 κει

225 825 459 859 οοατου.

225 825 459 878 ορατου.

775 933 894 988 οΓ’.
940 935 1192 1004 Ἀδήλῳ.
2407 940 2426 994 1

2407 940 2641 996 LXXIII.
2680 942 2912 1001 Incerto.

260 1065 464 1130 Γένους
515 1069 775 1141 ὑπάρχων
806 1072 865 1137 ἐξ
898 1073 1112 1142 ἀγαθοῦ
1169 1077 1261 1129 καὶ
1308 1077 1520 1131 δικαίου
1540 1119 1554 1141 ,
1584 1078 1779 1132 τῖκνον

1969 1075 2105 1129 Cum
2135 1092 2334 1144 genere
2373 1079 2579 1147 optimo
2623 1089 2678 1134 et
2716 1081 2864 1150 justo
2904 1091 3058 1138 ortus
3097 1082 3196 1146 sis,
3244 1084 3316 1138 {ili
3359 1087 3456 1149 mi,

186 1157 374 1223 ἡμῶν,
410 1159 626 1214 οἴκοθεν
654 1162 800 1232 ἔχεις
831 1165 892 1217 τὸ
925 1167 1129 1234 ἀγαθὸν
1182 1172 1556 1240 καρποφορεῖν
1601 1171 1692 1222 καὶ
1721 1172 1779 1224 τ’)

1877 1173 2069 1217 natura
2107 1166 2332 1222 sortitus
2352 1183 2411 1222 es
2443 1176 2501 1222 ut
2542 1167 2750 1224 fructus
2773 1171 2944 1227 bonos
2977 1181 3029 1226 et
3054 1173 3234 1241 justos
3253 1175 3455 1231 Tacias.

186 1246 426 1305 δίκαιον.
464 1252 565 1305 Διά
617 1254 775 1308 τοῦτο
825 1257 978 1312 οὐδὲν
1018 1258 1210 1329 ἄλ).οῆ
1261 1261 1428 1332 μόνην
1492 1261 1591 1331 τὴν
1649 1263 1781 1316 ὑπό-

1880 1257 2232 1328 Quapropter
2277 1261 2411 1314 nihil
2459 1263 2565 1315 nisi
2617 1263 2723 1317 hoc
2775 1263 2871 1318 tibi
2927 1266 3243 1322 scribimus.
3307 1267 3460 1324 Tunc

189 1338 348 1393 Οεσιν
407 1343 715 1416 γράφομεν.
761 1347 910 1404 Ἐκεῖ
961 1350 1070 1419 γάρ
1130 1353 1161 1422 ή
1222 1354 1548 1422 παραίνεσις
1594 1355 1779 1426 χώραν

1885 1351 2030 1406 enim
2077 1352 2374 1406 liortationi
2415 1352 2566 1409 locus
2610 1363 2714 1417 est,
2763 1370 2886 1410 cum
2917 1371 3043 1410 eum
3076 1372 3236 1424 quem
3271 1359 3462 1413 horta-

187 1430 331 1499 ἔχει,
365 1429 430 1484 οὗ
487 1435 633 1490 ἔστιν
685 1439 913 1493 ὑπόνοια
979 1441 1055 1512 μὴ
1099 1443 1229 1511 παρ’
1267 1443 1459 1496 ἑαυτοῦ
1523 1462 1787 1514 κατηρτι-

1886 1458 2011 1497 mur
2065 1444 2308 1513 suspicio
2352 1453 2437 1498 est
2478 1460 2584 1498 non
2615 1461 2736 1501 esse
2774 1462 2869 1516 per
2914 1463 2973 1503 se
3021 1447 3086 1502 ad
3128 1449 3268 1504 bona
3307 1466 3464 1506 com-

186 1525 399 1590 σμένον
459 1525 601 1582 εἶναι
659 1530 754 1583 τὸν
795 1535 1259 1603 παραινούμενον·
1287 1538 1448 1605 ἡμεῖς
1493 1537 1549 1588 δὲ
1598 1537 1786 1607 πόρρω

1888 1546 2157 1606 paratum.
2185 1537 2308 1595 Haec
2341 1549 2526 1596 autem
2556 1541 2622 1594 de
2657 1550 2708 1596 te
2736 1543 2979 1612 suspicio
3014 1543 3173 1614 longe
3215 1560 3244 1599 ε
3284 1555 3463 1602 mente

189 1615 407 1686 ταύτης
450 1621 552 1684 τῆς
612 1622 870 1687 ὑπονοίας
916 1625 1083 1694 ἐσμὲν
1135 1627 1264 1697 περὶ
1295 1626 1431 1693 σοῦ.
1484 1627 1580 1680 Διά
1633 1628 1789 1682 τοῦτο

1886 1635 2071 1682 nostra
2105 1613 2282 1683 abest.
2321 1627 2445 1684 Ideo
2471 1645 2584 1684 rem
2629 1631 2804 1701 ipsam
2885 1613 3232 1688 solummodo
3292 1635 3460 1688 tradi-

194 1706 366 1771 μόνον
427 1710 489 1759 τὸ
563 1713 800 1781 πρᾶγμα
865 1716 1223 1785 παριστῶμεν
1289 1717 1352 1770 τὸ
1421 1716 1559 1788 βαρὺ
1630 1717 1788 1770 τοῦτο

1887 1735 2008 1775 mus
2053 1736 2214 1790 grave
2246 1731 2298 1776 et
2330 1722 2544 1778 iliﬂicile
2573 1739 2733 1778 onus.
2769 1723 2869 1789 Qui
2902 1724 3102 1778 dicitur
3138 1726 3367 1787 κόκκος,
3404 1735 3465 1778 ut

191 1800 290 1848 καὶ
365 1801 603 1869 χαλεπὸν
671 1806 919 1875 φορτίον⁶
983 1809 1012 1860 ό
1077 1808 1370 1876 λεγόμενος
1429 1811 1671 1875 κόκκος,
1715 1811 1842 1880 ὥς]

1817 1821 1864 1880 Β
1893 1813 1970 1866 ait
1995 1813 2087 1882 qui
2127 1813 2288 1867 hasce
2315 1811 2417 1867 fert
2444 1814 2677 1880 litteras,
2706 1831 2985 1884 nunquam
3022 1815 3310 1885 hucusque
3339 1831 3466 1870 san-

194 1906 372 1958 cm'rtv
434 1893 464 1945 ὁ
517 1894 580 1946 τὸ
634 1897 874 1966 γράμμα
907 1898 1172 1969 κομίξων,
1198 1899 1255 1964 ἐξ
1283 1903 1456 1971 ἀρχῆς
1495 1903 1656 1973 μέχρι
1695 1903 1789 1955 καὶ

1888 1908 1957 1959 eti
1994 1906 2238 1976 Apostoli
2291 1906 2638 1976 possessione
2686 1915 2943 1962 oneratus
2986 1917 3104 1973 est;
3161 1922 3305 1961 nunc
3339 1921 3466 1960 vero

198 1983 456 2052 σήμερον
485 1986 583 2038 οὐκ
608 1989 976 2060 ὲπεφορτίσθη
1010 1991 1090 2062 τῷ
1128 1992 1220 2044 τοῦ
1254 1994 1408 2061 ἁγίου
1450 1996 1782 2048 Ἀποστόλου

1882 1998 1995 2065 jam
2032 1999 2084 2052 in
2133 2013 2198 2053 eo
2233 2009 2315 2053 est
2352 2009 2411 2052 ut
2441 1999 2544 2054 hoc
2589 2013 2755 2054 onere
2781 2010 3060 2069 gravetur.
3087 1998 3264 2052 Tuum
3303 1998 3466 2069 igitur

194 2075 478 2144 κτήματι,
560 2077 657 2133 νῦν
722 2079 779 2134 δὲ
818 2082 968 2144 ὅπως
1022 2085 1121 2136 οὐκ
1180 2079 1301 2138 οἶδα
1349 2086 1646 2140 κινδυνεύει
1712 2087 1790 2158 τῷ

1885 2102 1987 2155 est,
2013 2090 2083 2144 (ili
2115 2091 2212 2155 mi,
2261 2097 2314 2145 et
2359 2101 2463 2145 tuae
2499 2092 2721 2146 virtutis
2755 2091 3055 2161 intelligere
3099 2101 3363 2161 quantum
3398 2091 3469 2145 sit

197 2165 364 2235 ἄχθει
467 2169 643 2241 τούτῳ
738 2174 1189 2245 κατασαρεῖσθαι.
1290 2177 1388 2229 Σὺν
1465 2173 1557 2230 οὖν
1648 2179 1786 2242 ἐστι.

1886 2199 2046 2249 onus,
2079 2199 2257 2254 neque
2286 2185 2600 2253 permittere
2630 2194 2690 2239 ut
2723 2187 3111 2240 monasterium
3174 2185 3286 2238 imo
3338 2197 3467 2236 vero

198 2259 395 2313 τέκνον
448 2263 630 2332 ἡμῶν,
680 2267 776 2318 καὶ
812 2267 911 2332 τῆς
958 2269 1059 2338 σῆς
1095 2269 1296 2338 ἀρετῆς
1327 2271 1420 2323 καὶ
1458 2269 1694 2324 συνιδεῖν
1728 2272 1788 2325 τὸ

1892 2292 2122 2346 magnus
2169 2277 2260 2331 ille
2303 2275 2518 2331 Domini
2559 2276 2861 2346 discipulus
2902 2292 3194 2346 guavamen
3227 2276 3471 2330 incurrat

197 2350 398 2420 βάρος,
435 2355 530 2407 καὶ
561 2355 637 2424 τῷ
682 2360 1055 2428 μοναστηρίῳ,
1095 2361 1297 2430 μᾶλλον
1352 2361 1410 2415 δὲ
1452 2361 1531 2430 τῷ
1567 2363 1784 2433 μεγάλῳ

1894 2369 2037 2439 quod
2069 2384 2245 2439 usque
2276 2367 2436 2423 modo
2470 2384 2577 2423 non
2613 2370 2863 2423 incurrit.
2898 2368 3090 2424 Valeas
3126 2367 3180 2421 in
3215 2365 3469 2424 Domino.

205 2444 432 2514 μαθητῇ
468 2445 562 2499 τοῦ
593 2447 823 2518 Κυρίου,
861 2449 934 2519 μὴ
968 2453 1320 2521 συγχωρῆσαι
1351 2453 1414 2523 ἢν
1439 2454 1538 2506 οὐκ
1579 2453 1782 2520 ἔγνωκε

1895 2469 2057 2528 atque
2085 2459 2286 2514 utinam
2321 2462 2503 2515 omnia
2549 2461 2710 2528 mala,
2762 2461 2877 2517 sive
2919 2458 3152 2515 visibilia
3183 2459 3300 2514 sive
3329 2455 3473 2511 invi-

208 2535 378 2606 μέχρι
407 2537 502 2589 σοῦ
535 2536 816 2609 βαρύτητα
837 2543 953 2592 νυνὶ
972 2543 1264 2612 γνωρίσαι.
1293 2544 1423 2613 Εῖης
1452 2547 1584 2614 ἡμῖν
1612 2547 1789 2618 ὲρῤω-

948 2543 1264 2612 γνωρίσαι.
1293 2544 1423 2613 Εῖης
1452 2547 1584 2614 ἡμῖν
1612 2547 1789 2618 ὲρῤω-
1897 2551 2100 2617 sibilia,
2135 2551 2374 2621 en‘ugere
2404 2552 2599 2622 possis.

200 2624 378 2689 μένος
417 2625 478 2678 ὲν
542 2627 750 2696 Κυρίῳ,
811 2628 904 2680 καὶ
968 2629 1148 2701 πάσης
1220 2633 1508 2702 ὀρωμένης
1570 2650 1628 2686 τε
1697 2633 1794 2688 καὶ
2279 2633 2291 2645 ’

206 2721 452 2792 ἀοράτου
485 2722 783 2787 κακώσεως
813 2725 1233 2795 ὑπερκείμενος.

788 2841 868 2891 ΟΔ
881 2845 912 2892 ’.
973 2840 1214 2908 Ἀδιξλῳ.
2425 2847 2439 2901 1

2425 2846 2662 2904 LXXIV.
2709 2847 2943 2901 Incerto.

283 2971 402 3026 Kal.
434 2975 610 3045 οἰκεία
641 2973 862 3046 γλώσσῃ
898 2977 1286 3047 ἐνετειλάμεθα
1311 2983 1376 3051 τῇ
1409 2981 1664 3052 εὐλαϐείᾳ.
1697 3001 1789 3036 σου

1975 2984 2040 3036 Ει
2072 2982 2193 3036 viva
2224 2997 2356 3038 voce
2404 2993 2510 3037 tua;
2560 2981 2919 3037 sollicitudini
2950 2995 3046 3035 eos
3071 2979 3478 3036 commendavi-

210 3067 339 3126 τοὺς
375 3082 749 3136 χορηγουντας
782 3071 840 3121 τὸ
875 3071 1088 3137 ἐτήσιον
1134 3072 1229 3125 τοῦ
1293 3073 1465 3144 κηροῦ
1513 3075 1686 3139 τέλος,
1721 3075 1796 3145 μὴ

1909 3093 2028 3131 mus
2062 3077 2155 3147 qui
2185 3092 2424 3131 annuum
2465 3091 2602 3132 certe
2643 3075 2906 3129 tributum
2942 3075 3179 3138 solvunt,
3219 3076 3284 3128 de
3315 3089 3479 3141 supra

214 3158 386 3211 πλέον
431 3159 532 3227 τῆς
561 3159 866 3229 δυνάμεως,
902 3163 1039 3230 μηδὲ
1076 3165 1210 3233 πρὸς
1248 3166 1461 3219 ἀδικίαν
1488 3169 1587 3236 τῆς
1626 3171 1797 3239 ροπῆς
1830 3161 1865 3214 (ἶ

1830 3161 1870 3214 C
1907 3170 2047 3222 vires
2077 3184 2106 3222 a
2135 3178 2387 3238 vergente
2431 3167 2496 3220 ad
2547 3167 2870 3234 iniustitiam
2923 3164 3107 3217 studio
3150 3163 3218 3217 ab
3243 3163 3324 3218 eis
3363 3163 3480 3217 exi-

214 3248 515 3317 κὶινούσης
561 3253 914 3306 ἀπαιτεῖσθαι
952 3257 1013 3307 τὸ
1048 3256 1288 3326 τέλεσμα
1314 3274 1328 3289 ο
1354 3259 1472 3311 ἀλλ’
1501 3261 1624 3312 ὅσον
1660 3263 1694 3331 ἡ
1730 3262 1796 3329 σὴ

1904 3269 2084 3324 μων.
2109 3256 2302 3313 Caveat
2327 3267 2508 3310 autem
2544 3265 2634 3309 tua
2674 3253 2965 3318 prudentia
2993 3267 3062 3306 ne
3093 3261 3149 3306 et
3184 3253 3261 3306 illi
3292 3251 3479 3305 Eccle-

213 3345 320 3413 est
356 3344 574 3406 σύνεσις
609 3345 749 3415 μήτε
777 3346 1019 3410 ἐκείνους
1049 3348 1148 3418 τῆς
1169 3349 1530 3422 ὀφειλομένης
1563 3356 1628 3422 τῇ
1677 3353 1801 3407 Ἐκ·

1904 3349 2041 3402 siam
2098 3347 2281 3402 debito
2349 3347 2554 3400 tributo
2613 3343 2975 3402 defraudem.
3038 3357 3172 3396 neve
3236 3341 3481 3396 Ecclesia

215 3431 711 3510 xlqoigjnptoiv
774 3435 1062 3505 χορηγίας,
1125 3438 1263 3506 μήτε
1313 3439 1410 3509 τὴν
1470 3439 1800 3508 Ἐκκλησίαν

1907 3442 2104 3509 injuste
2121 3440 2322 3510 aliquid
2352 3455 2415 3494 ex
2442 3440 2521 3494 eis
2552 3439 2825 3504 lucretur;
2858 3453 2920 3491 ex
2943 3450 3100 3506 aequo
3118 3437 3261 3490 enim
3295 3449 3483 3503 repro-

213 3525 426 3589 άδίκως
467 3544 518 3579 τι
564 3527 709 3595 παρ’
751 3527 973 3583 ἐκείνων
1024 3530 1349 3599 κερδαίνειν.
1381 3532 1472 3598 Ἐξ
1529 3534 1650 3586 ῖσου
1696 3533 1802 3603 γὰρ

1907 3533 2098 3584 Lamus
2124 3539 2178 3584 et
2203 3545 2297 3584 eos
2325 3527 2623 3582 Ecclesiam
2657 3525 2839 3580 debito
2880 3525 3096 3594 privare
3128 3533 3181 3578 ct
3211 3523 3282 3577 ab
3310 3523 3485 3577 eccle-

222 3620 413 3673 καὶτὸ
445 3621 684 3685 ἐκείνους
722 3622 820 3691 τὴν
867 3623 1197 3693 Ἐκκλησίαν
1235 3628 1558 3695 ἀποστερεῖν
1593 3627 1692 3695 τῆς
1721 3627 1804 3679 ὀι-

1906 3625 1990 3677 sia
2017 3623 2154 3676 male
2189 3619 2433 3674 multari.
2465 3618 2676 3687 Itaque!
2703 3627 2762 3670 ut
2811 3617 2893 3671 vir
2919 3615 3158 3685 prudens
3188 3623 3244 3668 et
3268 3613 3485 3682 sapiens

223 3713 390 3776 κιίας
411 3713 696 3783 χορηγίας,
715 3715 807 3766 καὶ
830 3714 889 3766 τὺ
905 3714 1058 3784 παρὰ
1082 3719 1180 3786 τῆς
1211 3717 1539 3786 Ἐκκλησίας
1563 3718 1805 3781 ἐκείνους

1910 3716 1978 3768 ali
2014 3713 2164 3768 omni
2207 3707 2451 3767 molestia
2486 3719 2772 3779 utramque
2813 3719 3020 3780 partem
3055 3707 3291 3762 vindica.
3357 3704 3487 3774 Epi-

225 3804 694 3870 πλεονεκτεῖσίλαι,
730 3805 1177 3877 άποὸεϐλημένον
1213 3811 1344 3878 ἡμῖν
1372 3825 1386 3838 ·
1423 3809 1565 3863 ὥστε
1600 3810 1674 3873 ὼς
1712 3810 1806 3864 dv-

1911 3821 2134 3874 scopum
2185 3820 2313 3858 vero
2361 3805 2453 3874 qui
2491 3802 2796 3859 inordinate
2865 3810 2919 3854 et
2992 3809 3179 3854 contra
3246 3810 3486 3851 canones

226 3898 453 3967 ορωπος
505 3897 767 3968 φρόνιμος
810 3899 901 3952 καὶ
952 3900 1170 3960 συνετὸς
1207 3901 1268 3952 τὸ
1309 3900 1514 3954 ἄλυπον
1564 3900 1809 3970 ἑκατέρῳ

1914 3893 2150 3963 negotiis
2185 3908 2242 3947 se
2275 3894 2440 3947 tradit
2480 3907 2601 3961 quin
2639 3900 2694 3946 et
2737 3891 2874 3945 alios
2919 3898 2972 3943 et
3014 3887 3165 3941 illum
3208 3901 3363 3941 reum
3407 3884 3488 3938 ia-

225 3991 394 4060 μὲρει
421 3988 813 4060 περιποίησαισ
845 3990 934 4043 τὸν
977 3991 1034 4044 δδ
1085 3990 1403 4057 ὶπίσκοπον,
1453 3991 1518 4054 ὃς
1560 3991 1811 4054 ἀτάκτως

1914 3987 2096 4052 ciunt;
2127 3985 2171 4040 si
2210 3985 2376 4051 adsit,
2409 3986 2551 4054 aptis
2593 3984 2776 4039 verbis
2817 3981 3057 4037 fraterne
3104 3979 3398 4036 admeneas
3430 3985 3489 4031 ut

228 4087 324 4137 καὶ
364 4083 521 4152 παρά
563 4086 764 4137 κανόνα
807 4085 886 4148 είς
923 4084 1226 4154 πράγματα
1278 4084 1472 4138 ἑαυτὸν
1511 4062 1808 4143 ἐπιδίδωσι.

1914 4081 2060 4150 quod
2113 4081 2268 4135 decet
2316 4078 2579 4146 intelligat
2633 4086 2688 4132 et
2739 4091 2768 4130 a
2823 4075 3128 4130 temeritate
3165 4077 3372 4124 caveat.
3430 4066 3487 4122 Si

229 4178 328 4230 καὶ
348 4175 547 4238 ἀλλους
570 4176 639 4229 τὰ
657 4177 962 4246 πράγματα
979 4179 1233 4230 κάκεῖνον
1254 4177 1507 4230 ὑπόδικον
1532 4176 1811 4235 ποιοῦντα,

1917 4180 2097 4226 autem
2148 4171 2310 4233 absit,
2359 4185 2420 4224 ea
2467 4185 2590 4240 quae
2635 4183 2767 4223 voce
2816 4164 3203 4220 commendare
3229 4159 3487 4223 debebas,

229 4269 280 4320 εί
316 4268 418 4336 μὲν
449 4267 678 4338 πλησίον
705 4269 854 4321 ἐστὶν
892 4271 1114 4331 οἰκείοις
1152 4269 1330 4337 λόγοις
1360 4267 1666 4335 ἀδελφικῶς
1711 4285 1814 4319 πα-

1918 4282 2014 4335 per
2061 4265 2268 4319 litteras
2324 4261 2664 4318 commenda.
2721 4259 2776 4314 Si
2800 4257 3056 4319 audierit,
3105 4256 3215 4309 Deo
3260 4250 3487 4320 gratias.

233 4357 575 4426 ρακάλεσον,
609 4359 671 4409 τὸ
698 4360 913 4429 πρέπον
954 4358 1189 4412 συνιδεῖν
1220 4360 1315 4412 καὶ
1354 4358 1600 4427 ἐπισχεῖν
1628 4357 1820 4409 ἑαυτὸν

1922 4369 2086 4427 atque
2134 4358 2207 4410 ita
2259 4371 2347 4410 res
2381 4355 2434 4408 in
2472 4355 2617 4408 bono
2647 4360 2792 4408 statu
2846 4347 3160 4417 composita:
3204 4351 3400 4407 erunt;
3444 4341 3489 4393 si

233 4451 336 4519 τῆς
367 4451 610 4504 ἀτάκτου
642 4452 1039 4521 προαιρέσεως.
1081 4452 1140 4504 Εἰ
1169 4451 1225 4503 δὲ
1267 4453 1340 4522 μὴ
1373 4451 1692 4520 πλησιάζει,
1723 4451 1820 4502 ὅσα
1856 4512 1884 4522 ,ι

1856 4512 1875 4522 ,
1925 4466 2054 4503 vero
2086 4463 2194 4502 non
2222 4447 2478 4511 audierit,
2510 4461 2573 4498 ea
2610 4459 2726 4513 qua:
2755 4458 2820 4496 ex
2857 4437 3221 4494 inobedientia
3251 4435 3493 4488 orientur

235 4548 270 4614 η
291 4512 401 4598 ⁷διὰ
439 4512 701 4616 γλώσσης
734 4512 1090 4614 παράκλησις
1148 4512 1342 4612 ἔμελλε
1395 4512 1612 4604 ποίεῖνξ
1644 4541 1819 4594 ταῦτα
1854 4512 1886 4566 n

1854 4512 1896 4566 υ
1925 4542 2261 4612 experietur,
2312 4549 2366 4595 et
2396 4551 2448 4594 tu
2487 4554 2552 4592 ex
2600 4512 2692 4591 tua
2723 4534 3035 4589 hortatione
3069 4529 3282 4584 laudem
3306 4524 3497 4595 perci—

235 4637 328 4688 διὲ
356 4636 691 4706 γράμματος
739 4635 1002 4704 ποίησον
1051 4636 1146 4686 καὶ
1197 4635 1246 4685 εἰ
1288 4632 1388 4698 μὲν
1427 4630 1672 4695 ἀκούσει,
1702 4630 1818 4699 Θεῷ

1929 4634 2067 4701 pies.
2120 4630 2255 4685 Cum
2309 4639 2490 4684 autem
2553 4638 2766 4695 tempus
2819 4625 2960 4678 viam
3018 4637 3123 4674 non
3183 4617 3494 4688 impeditam

234 4727 426 4796 χάρις,
461 4727 557 4778 καὶ
591 4725 659 4779 τὰ
690 4725 994 4796 πράγματα
1026 4722 1124 4794 τὴν
1158 4723 1365 4777 οἰκείαν
1396 4722 1506 4789 ἕξει
1543 4722 1820 4775 κατάστα-

1928 4724 2263 4794 prrestiterit,
2297 4739 2421 4778 eum
2464 4721 2778 4790 episcopum
2812 4718 2902 4786 qui
2941 4714 3180 4770 Clialdia:
3221 4720 3501 4777 metropo-

241 4835 363 4872 σιν·
395 4820 444 4872 εί
473 4818 531 4871 δὲ
586 4819 660 4890 μὴ
719 4817 968 4883 ἀκούσει,
1021 4816 1185 4879 αὐτὸς
1239 4816 1463 4886 εὑρήσει
1512 4814 1582 4867 τὰ
1632 4815 1697 4866 ὲκ
1723 4813 1825 4882 τῆς

1927 4819 2019 4873 lim
2053 4817 2104 4870 in
2162 4812 2678 4884 arcliiepiscOpalem
2722 4808 3022 4864 Ecclesiam
3072 4804 3362 4865 convertit,
3395 4799 3501 4854 huc

241 4907 517 4979 ἀνηκοΐας
565 4908 992 4977 συναντήσοντα,
1043 4907 1137 4959 καὶ
1191 4906 1256 4959 σὺ
1305 4905 1448 4970 ἕξεις
1491 4903 1582 4956 τὸν
1623 4905 1687 4956 ἐκ
1726 4905 1826 4973 τῆς

1930 4910 2119 4974 utique
2170 4906 2380 4970 mittas,
2423 4914 2480 4958 ut
2520 4912 2571 4957 et
2603 4918 2700 4956 nos
2735 4917 2801 4956 ex
2847 4900 2967 4969 eius
3014 4911 3108 4951 ore
3154 4909 3276 4964 quas.
3316 4901 3501 4945 secuta

243 5000 652 5072 παρακλήσεως
687 5000 929 5055 ἔπαινον.
979 4997 1190 5070 Καιροῦ
1221 4998 1278 5051 δὲ
1309 4998 1407 5068 τὴν
1439 4997 1554 5050 ἐδδν
1584 4996 1827 5066 ἀνεμπό-

1932 4998 2040 5052 sint
2085 4996 2381 5060 discentes,
2436 4993 2581 5063 quod
2638 4992 2704 5046 ad
2759 4994 2898 5044 hanc
2955 4987 3150 5042 attinet
3202 4981 3502 5037 Ecclesiam

243 5095 428 5148 διστον
454 5093 758 5158 ποιοῦντος,
796 5091 887 5146 τὸν
913 5092 1166 5154 ἀτάκτως
1195 5091 1293 5161 τὴν
1335 5088 1427 5142 τοῦ
1456 5090 1696 5152 Χαλδίας
1722 5108 1827 5158 μη-
1929 5089 2266 5143 ordincmus.
3421 5161 3442 5173 κ

243 5186 504 5258 τρόπολιν
548 5187 851 5239 ἐπίσκοπον
898 5185 1350 5256 μεταποιήσαντα
1430 5181 1564 5252 πρὸς
1610 5183 2068 5251 ἀρχιεπισκοπὴν,
2105 5181 2240 5251 πρὸς
2299 5179 2366 5231 τὰ
2401 5177 2635 5231 ἐνταῦθα
2702 5175 2920 5235 πάντως
2992 5165 3394 5236 ὲξαπὸστειλον.
3421 5165 3508 5211 ἵνα·

248 5256 344 5334 καὶ
403 5279 566 5348 ἡμεῖς
620 5281 682 5331 ὲκ
741 5279 842 5349 τῆς
901 5278 1112 5332 ἐκείνου
1174 5276 1429 5344 γλώσσης
1479 5272 1743 5345 μαθόντες
1765 5277 1833 5327 τὰ
1874 5273 2457 5345 παρακολουθήσαντα,
2515 5271 2576 5322 τὸ
2618 5268 2828 5340 πρέπον
2889 5267 2954 5335 τῇ
3001 5258 3297 5330 Ἐκκλησία
3337 5256 3508 5323 διορι-

249 5375 497 5444 σὼμεοα.

854 5509 975 5562 OE'.
1015 5508 1266 5575 Ἀδήλῳ.
2489 5498 2504 5550 Ι

2489 5495 2696 5550 LXXV.
2734 5492 2964 5547 Incerto.

325 5655 530 5709 Τέκνον
580 5667 683 5722 μου
732 5649 1132 5720 ἠγαπημένονο
1195 5647 1231 5703 ἀ
1296 5648 1602 5718 γράφομεν,
1649 5646 1838 5698 τέκνον

2007 5637 2108 5693 Fili
2158 5631 2534 5695 dilectissime,
2577 5645 2698 5700 qua
2751 5628 2843 5682 tibi
2895 5625 3209 5690 scribimus,
3246 5624 3310 5677 ad
3361 5630 3510 5676 tuam

259 5751 436 5818 ῂμων,
478 5715 623 5817 ὑπὲρ
647 5715 873 5815 τῆς-σῆς
903 5715 1071 5813 τιμῆς
1116 5743 1212 5796 καὶ
1247 5715 1527 5812 σωτηρίας
1554 5740 1648 5793 καὶ
1676 5741 1734 5790 ἐν
1765 5737 1839 5806 τῷ

1940 5732 2168 5802 gloriam
2201 5736 2256 5784 et
2319 5726 2552 5782 salutem
2597 5739 2692 5792 per
2764 5729 3088 5791 praesentem
3160 5727 3214 5771 et
3268 5715 3511 5770 futuram

265 5807 356 5892 ἐν
386 5807 543 5891 αίῶνι
574 5807 667 5891 καὶ
704 5807 766 5891 εν
818 5807 893 5907 τῷ
951 5807 1202 5907 μέλλοντι
1262 5807 1568 5905 γράῷνομεν,
1602 5834 1698 5901 οὐχ
1752 5829 1838 5882 ἵνα

1943 5825 2105 5878 vitam
2154 5819 2464 5882 scribimus,
2513 5831 2620 5870 non
2669 5821 2849 5867 autem
2882 5819 2938 5863 ut
2978 5807 3177 5880 aliquid
3212 5812 3514 5862 momenta‘
