4182 6428
748 420 856 486 275

1874 422 2185 484 NICOLAI
2224 422 2332 482 ΟΡ.
2377 418 2886 480 ΡΑΤίὶΙΑιὶΕΗᾸί

3865 409 3980 472 276

747 533 834 585 nci
872 531 1008 587 lucri
1044 531 1330 595 faciamus,
1361 531 1618 600 eumjam
1679 532 1744 586 ad
1781 535 2094 603 sepulcrum
2129 534 2301 588 inten-

2413 533 2575 602 ἡμεῖς
2613 548 2666 584 τι
2703 530 2811 583 τῶν
2853 526 2948 581 τοῦ
2983 500 3100 597 βίου
3141 525 3496 597 κερδήσωμεν
3524 543 3538 556 ·
3576 526 3672 580 καὶ
3730 525 3842 594 γὰρ
3869 523 3976 594 ἤδη

744 623 937 678 damus
988 624 1199 688 oculos,
1245 631 1300 677 et
1333 623 1492 691 hujus
1519 625 1644 677 vita:
1684 625 1843 676 linem
1889 633 2299 694 exspectemus.

742 713 1065 783 Quicunque
1118 713 1204 768 his
1223 714 1277 767 in
1311 714 1471 767 terris
1491 714 1788 783 potentiam
1818 730 1846 767 a
1871 715 1982 770 Deo
2005 715 2307 783 accipiunt,

744 805 878 859 nihil
917 805 1117 858 habent
1147 805 1449 874 antiquius,
1486 805 1529 858 si
1572 806 1624 858 in
1671 804 1837 859 Deum
1884 822 1981 876 pro
2027 807 2305 862 beneﬁciis

741 896 875 961 grati
915 895 1046 957 sint,
1070 911 1234 965 quam
1269 897 1362 950 Dei
1399 896 1581 964 gloriae
1625 896 1908 952 inservire.
1959 897 2306 952 Gloriﬁcatur

740 997 920 1040 autem
960 988 1123 1054 Deus,
1149 988 1367 1058 quando
1403 989 1479 1042 illi
1515 998 1660 1042 recte
1693 1003 1816 1043 cum
1847 989 2076 1044 subditis
2114 997 2301 1059 agunt.

743 1078 887 1131 Nihil
934 1081 1274 1134 terrestrium
1324 1095 1531 1142 rerum,
1587 1096 1654 1133 ne
1708 1080 2030 1148 templorum
2083 1081 2303 1151 quidem

739 1170 1049 1232 :ediﬁcatio,
1077 1171 1157 1224 vel
1189 1171 1583 1226 sacrificiorum
1611 1171 1842 1234 oblatio,
1875 1171 2041 1225 Deum
2086 1172 2158 1226 ita
2186 1173 2306 1241 glo-

742 1262 915 1316 riticat
949 1274 1002 1317 et
1037 1263 1287 1329 honorat,
1339 1275 1400 1318 ut
1452 1274 1594 1318 recta
1642 1263 1836 1330 agendi
1889 1266 2029 1319 ratio
2078 1273 2132 1320 et
2181 1267 2307 1320 vita:

741 1355 970 1419 puritas.
1010 1353 1076 1407 Et
1125 1364 1181 1408 tu
1239 1356 1425 1424 igitur,
1480 1356 1575 1418 ﬁli,
1621 1370 1744 1409 cum
1783 1372 1812 1410 a
1848 1356 1960 1410 Deo
2005 1359 2305 1426 potentiam

740 1444 1032 1511 acceperis,
1066 1453 1121 1499 et
1165 1446 1248 1500 vir
1294 1446 1533 1515 prudens
1577 1448 1657 1502 sis
1710 1457 1765 1504 et
1812 1464 1939 1519 erga
1982 1449 2305 1505 beneﬁcium

736 1542 943 1599 gratus,
985 1549 1050 1590 ea
1104 1536 1268 1590 debes
1306 1537 1572 1606 cogitare,
1619 1553 1716 1606 per
1769 1554 1890 1608 quae
1929 1539 2174 1593 homines
2221 1539 2306 1590 di-

743 1624 987 1690 gniorem
1020 1636 1074 1682 et
1109 1627 1405 1682 ﬁrmiorem
1453 1640 1506 1684 et
1555 1629 1665 1685 Deo
1687 1632 1988 1697 placentem
2019 1641 2070 1686 et
2101 1641 2309 1685 natura:

740 1713 994 1769 humana
1046 1731 1152 1770 non
1209 1717 1567 1786 incongruam
1627 1720 1799 1776 vitam
1863 1737 2022 1791 agere
2069 1722 2305 1792 possint.

740 1803 920 1869 Quare
964 1806 1079 1861 haec
1129 1806 1226 1860 tibi
1275 1809 1500 1863 scribo?
1544 1809 1681 1876 Quia
1743 1811 1900 1868 nobis
1950 1812 2064 1866 heri
2121 1813 2306 1867 dixisti

741 1896 994 1952 Ecclesia:
1057 1898 1316 1956 inimicos
1386 1902 1568 1956 dicere
1623 1918 1723 1958 nos
1779 1905 1901 1958 ideo
1957 1905 2306 1960 securitatem

739 1985 990 2042 Ecclesia
1020 2003 1119 2058 per
1151 1992 1436 2062 epistolam
1470 1994 1740 2064 ﬂagitare,
1789 1996 1915 2064 quia
1956 1996 2212 2051 timemus
2241 2013 2308 2052 ne

738 2093 933 2133 rursus
978 2080 1197 2151 aliquod
1254 2085 1665 2154 imperatorium
1713 2087 1991 2142 decretum
2040 2089 2167 2144 talia
2224 2091 2308 2144 vel

737 2169 917 2239 pejora
951 2170 1132 2237 faciat,
1164 2184 1218 2229 et
1242 2191 1463 2231 rursum
1501 2177 1692 2232 iisdem
1735 2193 2042 2246 gravemur.
2078 2177 2141 2232 Et
2157 2178 2304 2244 inde,

737 2261 832 2326 tili,
866 2278 926 2316 ea
973 2267 1146 2336 surgit
1193 2269 1440 2338 npologia
1491 2284 1680 2324 eorum
1722 2268 2062 2324 manifestam
2100 2271 2306 2327 habens

735 2351 1142 2409 damnationem
1172 2373 1186 2409 :
1216 2359 1494 2426 quomodo
1515 2359 1660 2414 enim
1694 2363 2006 2416 sacerdotes
2040 2375 2069 2414 a
2097 2362 2297 2430 populo

733 2441 955 2498 differre
1006 2456 1240 2516 oportet,
1295 2450 1399 2504 nisi
1449 2453 1621 2506 sacris
1667 2453 1882 2522 legibus
1931 2451 2160 2506 ﬁrmiter
2207 2454 2305 2507 ad-

739 2534 1026 2593 haerendo?

2412 625 2547 695 πρὸς
2580 623 2750 691 τάφον
2801 619 3040 690 ὁρῶμεν,
3093 618 3188 671 καὶ
3241 617 3342 687 τὴν
3384 619 3449 670 ἐκ
3499 616 3593 670 τοῦ
3637 616 3755 686 βίου
3777 614 3975 668 τούτου

2408 715 2774 788 ἀναχώρησιν.
2817 715 2974 767 Ὅσοι
3016 713 3124 766 τῶν
3158 711 3462 782 ἀνθρώπων
3509 707 3830 763 δυναστείαν
3879 709 3980 760 ἐπὶ

2407 809 2510 878 γῆς
2536 807 2688 877 παρά
2725 805 2858 859 Θεοῦ
2897 805 3258 874 λαμϐάνουσι,
3298 801 3457 855 τοῦτο
3502 801 3716 872 πρῶτον
3756 801 3978 867 ἔχουσιν

2407 900 2602 970 ἔργον,
2646 899 2774 951 ὅταν
2829 898 3141 968 εὐχάριστοι
3189 894 3519 965 διαμένωσιν
3558 892 3651 946 ἐπὶ
3707 893 3826 953 ταῖς
3873 889 3975 943 τοῦ

2407 992 2543 1046 Θεοῦ
2586 993 2964 1060 εὐεργεσίαις,
3005 989 3103 1044 τοῦ
3153 988 3474 1052 σπουδάζειν
3521 985 3842 1050 δοξάζεσθαι
3880 984 3976 1036 τὸν

2406 1086 2561 1137 Θεόν.
2600 1083 2890 1150 Δοξάξεται
2922 1082 2980 1135 δὲ
3007 1084 3036 1134 ὁ
3074 1081 3205 1143 Θεὸς
3252 1081 3342 1132 δια
3383 1076 3666 1139 πολιτείας
3712 1075 3974 1144 ἐναρέτου

2407 1176 2590 1231 αὐτῶν
2620 1194 2680 1230 τε
2719 1176 2812 1229 καὶ
2842 1174 2952 1228 τῶν
2995 1173 3326 1243 ὑποχειρίων
3350 1189 3364 1204 ·
3396 1173 3454 1224 ἐν
3483 1171 3659 1224 οὐδενὶ
3693 1168 3804 1239 γὰρ
3828 1165 3980 1220 οὕτω

2407 1265 2540 1328 Θεδς
2569 1265 2676 1320 τῶν
2701 1265 2961 1334 ἐπιγείων
2989 1264 3335 1333 πραγμάτων
3364 1261 3486 1315 οὗτε
3518 1261 3821 1326 δοξάζεται,
3848 1257 3984 1311 οὖτα

2406 1359 2632 1426 τιμᾶται
2661 1357 2694 1426 ἢ
2728 1358 2822 1410 ἐπὶ
2854 1355 2998 1410 ναῶν
3028 1356 3308 1425 οἰκοδομῇ,
3345 1354 3377 1422 ἢ
3406 1354 3499 1408 ἐπὶ
3537 1351 3855 1422 προσενέξει
3895 1365 3983 1401 τι·

2408 1449 2514 1502 νῶν
2547 1447 2938 1518 ἀναθημάτων,
2982 1447 3058 1511 ὡς
3110 1448 3205 1499 ἐπὶ
3256 1445 3453 1516 πράξει
3487 1444 3665 1514 ἀγαθῇ
3722 1444 3818 1495 καὶ
3858 1440 3983 1511 βίου

2408 1539 2764 1611 καθαρότητι.
2808 1538 2919 1591 Καὶ
2964 1537 3029 1590 σὺ
3075 1535 3187 1600 οῦν,
3226 1535 3418 1588 τέκνον
3443 1533 3621 1604 ἡμῶν,
3660 1529 3814 1599 παρά
3837 1528 3978 1580 Θεοῦ

2407 1634 2589 1688 λαϐὼν
2619 1633 2680 1686 τὸ
2721 1631 2999 1694 δύνασθαι,
3029 1630 3121 1682 καλ¹
3152 1629 3435 1698 ἄνθρωπος
3474 1627 3736 1696 φρόνιμος
3777 1623 3854 1675 ῶν
3881 1625 3981 1673 καὶ

2411 1726 2755 1796 εὐχαριστεῖν
2814 1723 2968 1785 εἰδὼς
3019 1721 3099 1792 τῷ
3133 1718 3556 1790 εὐεργετήσαντι
3614 1734 3709 1780 σε,
3739 1713 3980 1782 ὀφείλεις

2417 1821 2599 1872 ἐκεῖνα
2636 1817 2855 1885 φρονεῖν
2883 1815 2978 1868 καὶ
3005 1811 3349 1876 σπουδάζειν,
3389 1807 3470 1863 δι’
3497 1801 3573 1863 ὧν
3608 1808 3656 1860 οἱ
3697 1804 3981 1876 ἀνθρωττοι

2415 1909 2701 1980 μέλλουσιν
2729 1907 2947 1961 ἔσεσθαι
2989 1905 3109 1975 βίου
3138 1901 3469 1973 τιμιωτέρου
3513 1900 3609 1954 καὶ
3639 1894 3980 1965 ἀσφαλεστέ-

2409 2020 2503 2074 ρας
2528 2003 2692 2072 ζωῆς,
2724 2001 2816 2054 καὶ
2848 2001 2985 2070 μήτε
3014 1998 3146 2052 Θεὸν
3171 1997 3470 2066 λυπούσης,
3503 1995 3643 2064 μήτε
3672 1991 3731 2044 τὸ
3763 1987 3983 2059 ἀνθρώ·

2403 2112 2559 2149 πινον
2608 2093 2958 2164 ύϐριζούσης.
3003 2091 3101 2145 Διά
3149 2089 3206 2142 τί
3247 2090 3446 2159 γράφω
3497 2086 3704 2150 ταῦτα;
3754 2081 3980 2152 Ἐπειδὴ

2399 2186 2527 2254 χθὲς
2559 2182 2712 2248 εἶπες
2743 2184 2879 2255 πρὸς
2913 2184 3084 2254 ἡμᾶς,
3114 2182 3195 2235 ὃτι
3237 2180 3489 2248 λέγουσιν
3518 2178 3565 2231 οί
3591 2175 3979 2243 ἀνθιστάμενοι

2401 2279 2468 2346 τῇ
2519 2276 2837 2348 Ἐκκλησία,
2867 2277 2943 2339 ὡς
2967 2274 3057 2328 διὰ
3086 2273 3243 2327 τοῦτο
3273 2268 3694 2342 παραιτούμεθα
3720 2267 3780 2319 τὸ
3802 2267 3982 2334 ἀσφα-

2403 2369 2495 2432 λές
2533 2370 2598 2439 τῇ
2649 2367 2949 2438 Ἐκκλησία
2981 2366 3207 2435 ποιῆσαι
3244 2363 3332 2417 διά
3358 2363 3459 2432 τῆς
3493 2360 3778 2429 ἐγγράφου
3807 2359 3980 2411 ἀπαι-

2408 2460 2640 2529 τήσεως,
2674 2460 2756 2513 ὅτι
2795 2457 3111 2527 φοϐούμεθα
3151 2458 3368 2526 μήποτε
3399 2453 3561 2508 πάλιν
3609 2449 3861 2520 βασιλική
3893 2465 3982 2512 τις

2410 2551 2628 2615 ἐξουσία
2662 2551 2696 2621 ἦ
2726 2549 2952 2604 τοιαῦτα
2987 2550 3020 2619 ἢ
3054 2549 3149 2602 καὶ
3176 2547 3400 2619 χείρονα
3428 2543 3670 2613 ποιήσει,
3702 2541 3795 2594 καὶ
3815 2539 3983 2594 πάλιν

732 2625 1066 2700 ὑπαχθῶμεν
1094 2635 1204 2695 τοῖς
1238 2633 1442 2696 αὐτοῖς.
1473 2636 1584 2688 Καὶ
1614 2637 1862 2699 αὐτόθεν,
1896 2637 2082 2691 τέκνον
2108 2639 2288 2708 ἡμῶν,
2336 2639 2487 2695 ἐστιν
2547 2645 2581 2713 ὴ
2625 2643 2890 2711 ἀπολογία
2944 2641 3122 2696 αὐτῶν
3170 2635 3414 2709 φανεράν
3497 2638 3597 2707 τὴν
3650 2635 3982 2704 κατάκρισιν

733 2719 968 2787 ἔχουσαι
1005 2723 1065 2774 ἐν
1094 2723 1200 2776 τίνι
1245 2724 1354 2794 γὰρ
1398 2724 1705 2792 ὀφείλουσιν
1747 2730 1794 2779 oi
1832 2729 1994 2798 ίερεῖς
2020 2729 2300 2799 διαφέρειν
2337 2732 2430 2784 τοῦ
2460 2733 2613 2798 λαοῦ,
2647 2733 2741 2787 ἐὰν
2772 2734 2847 2805 μὴ
2876 2732 2984 2786 τῶν
3014 2732 3177 2800 ἱερῶν
3205 2732 3539 2800 ἀντέχωνται
3581 2726 3794 2795 νόμων;

805 2810 1027 2876 Deinde,
1069 2812 1166 2878 ﬁli,
1203 2813 1253 2866 in
1281 2815 1500 2868 militari
1532 2817 1724 2870 ordine
1758 2818 1811 2871 in
1836 2834 1945 2887 quo
1971 2820 2210 2873 nutritus
2238 2829 2296 2872 et

731 2901 996 2961 educatus
1012 2918 1091 2968 es,
1112 2919 1141 2957 a
1157 2905 1380 2958 minima
1410 2906 1671 2970 dignitate
1702 2922 1873 2977 usque
1894 2909 1959 2962 ad
1979 2914 2298 2974 maximam,

735 3008 914 3048 nonne
938 2993 1092 3047 multi
1115 3010 1275 3049 suum
1308 2995 1485 3050 locum
1525 2997 1815 3052 timiditate
1847 2998 2128 3065 deserunt,
2161 3009 2213 3054 et
2235 3016 2301 3055 ex

733 3087 851 3139 acie
894 3084 1130 3156 fugiunt?
1143 3085 1354 3151 Nonne,
1380 3103 1505 3142 cum
1526 3087 1578 3142 id
1597 3089 1827 3160 singulis
1863 3090 2052 3145 diebus
2065 3090 2299 3155 accidat,

2477 2819 2632 2890 Εἶτα,
2661 2826 2849 2877 τέκνον
2885 2822 3070 2892 ἡμῶν,
3117 2821 3174 2876 ἐν
3206 2818 3509 2891 παρατάξει
3551 2816 3825 2885 πολεμικῇ
3854 2813 3912 2866 ἐν

2406 2916 2503 2968 καὶ
2527 2915 2834 2986 ἀνετράφης
2863 2914 2957 2966 καὶ
2979 2911 3306 2982 ἐπαιδεύθης
3326 2911 3434 2964 ἀπὸ
3459 2910 3659 2979 μικρᾶς
3681 2905 3850 2979 ἀρχῆς
3879 2905 3981 2956 καὶ

2406 3007 2511 3067 ἓως
2544 3008 2645 3076 τῆς
2675 3008 2960 3077 μεγίστης,
2992 3005 3116 3073 οὐχὶ
3158 3003 3344 3056 πολλοὶ
3373 3000 3851 3070 καταλιμπάνουσι
3872 2999 3973 3068 τὴν

2406 3097 2616 3150 οίκείαν
2646 3097 2801 3161 τάξιν
2830 3094 2934 3147 ὑπὸ
2961 3094 3187 3157 δειλίας,
3218 3092 3309 3147 καὶ
3334 3091 3628 3161 φεύγουσιν
3648 3091 3712 3143 ἐκ
3736 3089 3836 3159 τῆς
3868 3104 3977 3142 παο

735 3177 942 3245 legibus
981 3179 1326 3248 praepositos,
1361 3180 1627 3235 instanter
1654 3182 1956 3237 dissuaderi
1989 3183 2213 3249 debent,
2255 3184 2301 3238 si

2409 3186 2716 3258 ρατάξεως;
2748 3188 2838 3258 Μὴ
2868 3185 2965 3241 οὖν
2989 3184 3178 3256 ἐπειδὴ
3205 3183 3366 3237 τοῦτο
3403 3183 3537 3238 καθ’
3563 3183 3800 3252 ἐκάστην
3835 3198 3982 3250 συμ-

733 3267 1172 3323 desertoresillos
1188 3277 1240 3324 et
1259 3284 1322 3323 ex
1344 3270 1458 3324 acie
1481 3270 1750 3339 fugientes
1766 3272 1821 3324 in
1841 3271 2129 3325 militarem
2154 3270 2305 3326 ordi-

734 3372 854 3411 nem
874 3358 1005 3412 velis
1029 3359 1351 3416 restituere?
1373 3360 1562 3414 Nonne
1577 3376 1672 3416 eos
1697 3361 1957 3416 admones
1975 3371 2028 3417 et
2065 3361 2302 3417 hortaris

731 3451 922 3518 ntjam
984 3454 1034 3507 id
1082 3453 1260 3509 facere
1302 3471 1409 3509 non
1451 3456 1725 3522 audeant,
1756 3469 1931 3523 neque
1975 3470 2004 3508 a
2039 3471 2148 3525 quo
2183 3456 2302 3512 loco

734 3544 943 3607 fugiant
966 3546 1280 3615 priusquam
1309 3562 1403 3601 eos
1429 3548 1688 3617 recipias?
1706 3548 1797 3602 Sic
1819 3547 2072 3602 humana:
2100 3549 2302 3604 militia:

733 3637 1042 3690 ﬁrmitatem
1080 3639 1406 3706 postulaliis,
1449 3640 1750 3709 spiritualis
1797 3651 1979 3695 autem
2015 3651 2067 3696 et
2098 3651 2302 3696 sancta:

732 3727 1033 3796 despicies?
1082 3726 1253 3784 llomo
1300 3728 1415 3790 Dei,
1483 3730 1807 3800 quicunque
1863 3740 1967 3797 est,
2019 3734 2103 3784 cui
2156 3732 2302 3787 dedit

732 3817 872 3874 Deus
903 3820 1196 3890 imperare,
1230 3823 1370 3891 quod
1411 3822 1519 3877 Deo
1551 3823 1726 3892 placet
1753 3834 1806 3878 et
1831 3825 1895 3877 ad
1957 3824 2297 3879 Subditorum

729 3912 958 3966 salutem
987 3913 1243 3980 pertinet,
1271 3915 1429 3969 debet
1461 3925 1512 3968 et
1555 3917 1795 3985 cogitare
1832 3926 1882 3969 et
1916 3917 2128 3983 facere;
2167 3917 2298 3972 sub-

729 4000 825 4055 diti
858 4015 1008 4067 vero,
1032 4016 1078 4056 sn
1102 4002 1428 4068 ohedierint,
1457 4019 1610 4058 suam
1633 4006 1860 4059 salutem
1891 4005 2187 4062 invenient:
2214 4007 2297 4060 sin

732 4092 913 4146 minus
951 4091 1496 4160 eondemnabuntur;
1540 4095 1646 4148 dux
1691 4106 1869 4150 autem
1920 4113 2026 4150 non
2073 4099 2297 4151 damna—

730 4188 819 4231 tus
873 4179 995 4243 erit,
1032 4179 1182 4246 quia,
1233 4181 1379 4249 quod
1438 4197 1740 4249 praecavere
1781 4184 1982 4250 debuit,
2025 4186 2294 4254 praeravit.

728 4267 841 4321 Cur
885 4267 1225 4338 legislatnrcs
1276 4271 1616 4326 honorantur
1651 4284 1705 4329 et
1756 4273 1941 4328 felices
1969 4277 2131 4330 sunt?
2159 4274 2296 4342 Quia

731 4361 876 4428 leges
893 4368 1224 4426 statuerunt,
1243 4363 1474 4417 salutem
1500 4363 1781 4419 hominum
1798 4368 2172 4436 praemeditati.
2193 4367 2298 4435 Qui

2405 3280 2583 3334 ϐαίνει
2608 3281 2734 3343 τοὺς
2760 3277 3048 3348 κειμένους
3081 3275 3172 3330 ἐπ’
3196 3275 3379 3339 αὐτοῖς
3410 3275 3597 3345 νόμοις
3628 3273 3723 3327 καὶ
3743 3272 3981 3342 ἀσφαλι-

2405 3371 2664 3442 ζομένους
2699 3367 3146 3443 παραιτήσασθαι
3190 3366 3358 3438 ἔχεις,
3405 3367 3501 3420 ἐὰν
3535 3365 3805 3437 βουληθῇς
3847 3367 3980 3430 τοὺς

2403 3463 2766 3525 λειποτάκτας
2801 3461 3044 3523 ἐκείνους
3074 3459 3170 3513 καὶ
3218 3459 3491 3528 φυγόντας
3521 3459 3622 3527 τὴν
3661 3457 3982 3530 παράταξιν

2404 3554 2566 3610 πάλιν
2604 3555 2683 3616 είς
2714 3553 2813 3623 τὴν
2848 3549 3248 3623 στρατιωτικὴν
3289 3549 3547 3617 δέξασθαι
3573 3549 3776 3616 τάξινς
3809 3549 3973 3603 Ἀλλ’

2403 3641 2526 3710 οὐχὶ
2557 3639 2771 3712 πρῶτον
2792 3640 3149 3709 σωφρονήσας
3171 3638 3392 3703 αὐτοὺς,
3415 3638 3510 3691 καὶ¹
3530 3637 3980 3709 ἀσφαλισάμενος

2379 3737 2482 3796 κείς
2511 3733 2570 3785 τδ
2602 3731 2799 3802 μηκέτι
2851 3730 3092 3784 τοιοῦτον
3135 3730 3434 3800 τολμῆσαι,
3473 3731 3609 3800 μηδέ
3669 3731 3980 3798 ἀποφυγεῖν

2402 3829 2499 3896 τῆς
2531 3825 2740 3887 οίκείας
2771 3823 3002 3888 τάξεως,
3050 3822 3226 3886 οὕτως
3254 3822 3453 3885 αὐτοὺς
3492 3823 3804 3895 παραδέξῃς
3850 3820 3976 3876 εἶτα

2402 3918 2496 3971 ἐπὶ
2522 3915 2624 3986 μὲν
2653 3916 2753 3984 τῆς
2791 3915 3141 3986 ἀνθρωπίνης
3183 3914 3471 3984 στρατείας
3510 3912 3683 3978 οὕτως
3706 3913 3978 3983 ἐπιζητή-

2404 4027 2517 4073 σεις
2549 4009 2869 4078 ἀσφάλειαν,
2906 4009 3000 4060 ἐπὶ
3037 4007 3092 4060 δὲ
3140 4007 3240 4075 τῆς
3276 4005 3658 4074 πνευματικῆς
3687 4007 3778 4058 καὶ
3808 4005 3979 4072 ἁγίας

2401 4102 2560 4154 τοῦτο
2612 4099 3020 4170 παραϐλέψειςς
3070 4099 3129 4152 '0
3167 4098 3259 4151 τοῦ
3299 4096 3435 4150 Θεοῦ
3487 4096 3797 4167 ἄνθρωπος,
3824 4097 3980 4160 ὅστις

2403 4194 2468 4247 ἄν
2497 4190 2556 4266 ᾖ,
2587 4194 2682 4246 καὶ
2708 4193 2900 4263 άρχειν
2939 4191 3046 4244 ὑπὸ
3087 4188 3223 4243 Θεοῦ
3263 4189 3874 4260 καταπεπιστευμὲνος,
3913 4189 3976 4242 τὸ

2403 4285 2640 4352 ἀρέσκον
2687 4281 2807 4352 Θεῷ
2866 4282 2962 4335 καὶ
3018 4281 3098 4346 είς
3155 4280 3436 4352 σωτηρίαν
3493 4279 3606 4334 τῶν
3639 4279 3976 4350 ὑποχειρίων

2401 4377 2671 4448 ὑπάρχον,
2695 4375 2904 4446 ὀφείλει
2935 4375 3030 4428 καὶ
3061 4377 3284 4446 φρονεῖν
3305 4375 3402 4428 καὶ
3433 4375 3630 4429 ποιεῖν.
3663 4374 3726 4427 Οἱ
3753 4372 3809 4425 δὲ
3836 4373 3977 4425 ὐπο-

730 4464 910 4506 autem
939 4453 1083 4523 leges
1106 4455 1601 4525 transgrediuntur;
1636 4458 1976 4514 miserabiles
1997 4470 2143 4515 sunt.
2181 4461 2289 4516 Ne-

2403 4469 2622 4538 χείριοι,
2655 4469 2750 4520 ἐάν
2779 4466 2879 4536 μὲν
2906 4465 3235 4534 φύλάξωσιν,
3260 4465 3576 4535 εὑρίσκουσι
3619 4463 3718 4534 τὴν
3760 4463 3982 4516 ἑαυτῶν

727 4559 833 4612 que
849 4543 970 4598 ideo
999 4545 1173 4614 legum
1199 4546 1398 4602 latores
1416 4547 1500 4603 vel
1520 4562 1708 4602 eorum
1733 4564 1873 4619 opus
1905 4551 2300 4622 vituperantur,

2404 4559 2698 4630 σωτηρίαν.
2732 4558 2794 4611 El
2825 4557 2882 4610 δέ
2920 4557 2995 4628 μὴ
3033 4557 3373 4626 φυλάξωσιν,
3414 4555 3571 4610 αὐτοὶ
3599 4555 3700 4626 μὲν
3731 4561 3979 4608 κατακε-

731 4641 877 4706 quod
912 4639 1071 4707 leges
1107 4639 1402 4693 statuerint
1429 4654 1565 4708 quas
1613 4641 1858 4710 plerique
1905 4642 2210 4712 hominum,
2243 4656 2301 4701 ut

2403 4649 2678 4721 κριμένοι,
2734 4650 2763 4703 ὁ
2827 4649 2886 4704 δέ
2955 4649 3144 4720 ἀρχων
3196 4649 3604 4720 ἀκατάκριτος,
3654 4647 3786 4700 διότι
3835 4649 3980 4717 ὅπερ

727 4726 864 4782 bene
887 4729 1031 4784 nosti
1065 4730 1137 4784 ﬁli
1176 4730 1269 4794 mi,
1297 4731 1621 4785 eoneuleant
1644 4741 1699 4786 et
1727 4732 2027 4803 negligunt.

2397 4735 2628 4806 ὤφειλεν
2678 4739 2886 4801 ἐκεῖνος
2914 4737 3306 4809 προενοήσατο.
3337 4736 3436 4790 Διά
3473 4736 3528 4788 τί
3552 4737 3647 4791 καὶ
3674 4737 3724 4789 οι
3750 4736 3979 4804 νομοθέ-

724 4837 813 4874 ται
846 4822 1016 4890 τίμιοι
1058 4821 1154 4874 καὶ
1195 4823 1490 4894 μακάριοι;
1569 4823 1690 4878 Ὀτι
1764 4826 1964 4896 νόμους
2009 4826 2192 4882 ἔθεντο
2267 4828 2657 4900 προνοούμενοι
2703 4830 2801 4901 τῆς
2871 4831 3148 4902 σωτηρίας
3205 4830 3315 4885 τῶν
3407 4829 3713 4902 ἀνθρώπων
3746 4847 3762 4862 ·
3811 4831 3859 4883 οἱ
3915 4831 3979 4886 δὲ

726 4912 1157 4983 παραϐαίνοντες
1204 4913 1330 4977 τοὺς
1382 4916 1604 4984 νόμους,
1668 4917 1927 4971 ἐλεεινοί·
1976 4921 2072 4973 καὶ
2102 4923 2164 4974 οὐ
2198 4922 2286 4976 διά
2322 4921 2551 4975 τοῦτοοί
2593 4922 2882 4993 νομοθέται
2921 4923 3188 4994 μεμπτοὶ,
3248 4922 3283 4993 ἢ
3313 4923 3376 4976 τὺ
3426 4923 3590 4994 ἔργον
3656 4922 3857 4988 αὐτῶν,
3887 4923 3977 4976 δτι.

722 5007 928 5075 ἔθηκαν
963 5008 1185 5076 νόμους,
1218 5006 1312 5070 οὒς
1338 5009 1391 5061 ul
1431 5007 1673 5063 πλεῖστοι
1707 5011 1817 5064 τῶν
1859 5012 2185 5084 ἀνθρώπων,
2215 5015 2292 5080 ὡς
2330 5017 2426 5070 καὶ
2471 5016 2634 5079 αὐτὸς
2713 5014 3029 5083 γινώσκεις,
3071 5013 3265 5069 τέκνον
3310 5015 3501 5086 ἡμῶν,
3583 5016 3977 5069 καταπατοῦσι

722 5102 818 5153 καὶ
850 5100 1184 5170 παρορῶσιν.

795 5190 954 5246 Deiis
981 5201 1163 5246 autem
1188 5194 1283 5262 qui
1311 5194 1502 5249 dicunt
1533 5211 1619 5252 res
1646 5207 1860 5253 nostras
1893 5201 2036 5256 male
2091 5217 2150 5256 se
2199 5201 2297 5255 ha-

723 5282 850 5335 bere
872 5282 1016 5350 quod
1059 5280 1316 5338 Εεοιεδὶιε
1363 5299 1471 5339 ιιοιι
1493 5286 1752 5341 uniantur
1791 5289 1883 5358 qui
1933 5300 2155 5359 quartas
2194 5308 2297 5346 nu-

722 5372 865 5437 ptias
904 5384 1250 5442 acceperunt,
1279 5389 1375 5429 eos
1403 5376 1615 5431 aﬂirmo
1657 5381 1870 5434 nescire
1915 5383 2043 5451 quid
2088 5382 2296 5449 dicant,

721 5465 891 5516 autin
915 5463 1114 5533 quibus
1132 5467 1468 5535 argumentis
1489 5471 1783 5526 conﬁdant.
1807 5470 2048 5527 Primum
2077 5475 2297 5543 quidem

722 5557 775 5607 in
819 5555 969 5610 omni
1005 5571 1062 5611 re
1098 5559 1351 5626 praecedit
1391 5573 1522 5614 cura
1586 5561 1783 5619 deinde
1813 5576 2159 5635 exspectatur
2203 5567 2298 5623 Dei

790 5762 865 5831 (Ι)
898 5762 1163 5818 Notabilis
1187 5765 1273 5820 hic
1295 5766 1535 5835 episto-re
1581 5775 1808 5826 tractus.
1844 5770 1910 5821 de
1964 5769 2275 5824 Griecorum

717 5834 980 5892 advetsus
1027 5838 1303 5895 liumanos
1333 5834 1662 5906 schismate,
1713 5840 1917 5895 Ncolai
1947 5842 2270 5910 patiiarelnn

2468 5199 2604 5269 Περὶ
2632 5198 2688 5251 δὲ
2723 5198 2834 5251 τῶν
2861 5199 3167 5266 λεγόντων,
3207 5199 3292 5252 ὃτι
3330 5197 3418 5251 διὰ
3452 5197 3610 5250 τοῦτο
3641 5197 3976 5269 δυστυχοῦσι

2401 5289 2469 5343 τά
2508 5290 2813 5360 πράγματα
2835 5291 2933 5359 τῆς
2961 5289 3237 5352 πολιτείας
3272 5290 3449 5360 ήμῶν,
3492 5289 3681 5359 ἐπειδὴ
3734 5291 3809 5359 μὴ
3846 5307 3978 5342 συν-

2395 5382 2636 5453 ηνωνται
2668 5384 2716 5435 οί
2745 5382 2845 5452 τὴν
2883 5382 3261 5455 τετραγαμίαν
3285 5380 3650 5453 δεξάμενοιτῇ
3673 5382 3978 5454 Ἐκκλησία

2394 5478 2496 5549 (l),
2524 5479 2703 5530 ἐκεῖνο
2730 5477 2900 5546 λέγω,
2948 5479 3031 5531 ὅτι
3077 5477 3198 5532 οὐδὲ
3251 5477 3313 5531 τὸ
3341 5477 3395 5529 τί
3442 5477 3695 5544 λέγουσιν
3741 5475 3975 5543 οἴδασιν,

2397 5569 2519 5623 οὐδὲ
2544 5569 2673 5639 περὶ
2703 5569 2865 5623 τίνων
2889 5569 3327 5625 διαϐεϐαιοῦνται
3352 5586 3367 5601 ο
3390 5568 3526 5622 διότι
3553 5570 3611 5620 ἐν
3643 5569 3808 5621 παντὶ
3837 5569 3978 5638 πρά-

2388 5780 2578 5898 αξιοιξεὶ
2607 5772 2752 5838 quod
2813 5783 2990 5828 tamen
3032 5773 3203 5828 Graeci
3259 5773 3358 5842 ipsi
3428 5771 3796 5843 religiosiores
3857 5774 3968 5831 im-

2388 5857 2480 5898 DI'O
2521 5858 2550 5896 a
2577 5855 2705 5898 iant.

2381 5855 2705 5911 pronabuttl.
