4182 6428
162 451 264 511 2Ἱῖ

1622 457 2031 522 ΕΡΙΘΤΟΙᾹΕ.

3320 466 3425 531 9.73

169 581 344 632 γματι
384 565 602 635 πρῶτον
632 565 731 635 μὲν
763 565 1183 637 προηγήσασθαι
1212 567 1310 637 τὴν
1345 568 1603 638 σπουδὴν,
1629 565 1749 623 εἶτα

1854 569 2137 625 auxilium.
2181 570 2282 638 Qui
2331 571 2665 645 negligenter
2723 574 2976 641 seminat,
3039 592 3144 631 non
3198 582 3423 636 multam

170 658 501 726 περιμένειν
550 658 649 728 τὴν
694 658 951 727 βοήθειαν
984 658 1079 712 τοῦ
1122 659 1280 713 Θεοῦ.
1307 660 1497 725 Οὐδεὶς
1529 661 1747 732 ἀμελῶς

168 747 433 816 σπείρας,
463 748 626 817 θέρος
659 751 797 803 πολὺ
822 748 1173 819 ἐγεώργησεν
1194 767 1208 781 ·
1242 752 1418 813 οὐδεὶς
1445 753 1521 822 μὴ
1553 754 1749 823 ἐπιμε-

166 837 275 899 λῶς
308 838 567 907 θεμέλιον
607 840 1071 910 καταϐαλόμενος,
1094 836 1242 895 οἷκον
1281 844 1498 913 ἀσφαλῆ
1524 843 1747 898 δύναται

163 930 483 999 οἰκοδομεῖν
512 948 525 963 ’
571 932 698 985 ἀλλ’
722 934 844 987 οῦδὲ
888 935 1106 1005 πελάγη
1138 953 1223 1001 τις
1268 936 1499 991 πλεῦσαι
1524 938 1750 993 δύναται

166 1023 262 1074 καὶ
312 1024 656 1093 διασωθῆναι
708 1026 972 1097 ῥᾳθυμῶν
1028 1030 1124 1081 καὶ
1174 1029 1542 1099 κοιμώμενος,
1585 1031 1634 1082 εί
1672 1031 1747 1103 μὴ

166 1119 637 1186 περιποιουμένου
671 1119 767 1172 τοῦ
797 1120 985 1173 πλοίου
1014 1121 1113 1184 τὰς
1154 1121 1498 1193 ἐξαρτήσεις.
1536 1123 1746 1192 Ὅμως,

163 1207 362 1260 τέκνον
386 1210 571 1277 ἡμῶν,
593 1210 931 1281 ἐνθυμήθητι
961 1210 1055 1265 καὶ
1088 1213 1265 1277 τοῦτο,
1296 1214 1432 1283 ὅπερ
1458 1214 1551 1267 καὶ
1575 1213 1750 1285 οἰκείᾳ

166 1300 406 1370 εἴπομεν
437 1302 679 1374 γλώσσῃ,
720 1305 804 1357 ὅτι
835 1304 1006 1376 κυροῦ
1034 1304 1243 1359 Φωτίου
1279 1303 1375 1357 τοῦ
1407 1305 1747 1375 πατριάρχου

168 1392 260 1442 καὶ
292 1392 485 1462 πάσης
510 1394 674 1447 αὑτοῦ
712 1396 813 1466 τῆς
842 1398 1178 1467 χειροτονίας
1209 1397 1639 1467 ἀποδιωχθείσης
1666 1398 1749 1452 διὰ

170 1484 415 1551 σπουδῆς
449 1485 749 1553 ἐπιμελοῦς
780 1488 878 1539 καὶ
922 1487 1201 1551 συντόνου,
1231 1491 1258 1542 ό
1284 1490 1505 1554 πάππος
1540 1492 1631 1545 τοῦ
1658 1491 1751 1562 βα-

168 1578 367 1642 σιλέως
390 1581 552 1649 ἡμῶν
586 1582 681 1634 τοῦ
714 1582 883 1654 κυροῦ
908 1583 1321 1641 Κωνσταντίνου
1350 1582 1448 1653 τὴν
1474 1583 1751 1654 Τεφρικὴν

168 1670 493 1737 ἐξηφάνισε,
528 1671 626 1743 τὴν
655 1672 824 1744 Βάριν
849 1673 1205 1743 ἐχειρώσατο,
1228 1674 1328 1745 τὴν
1352 1675 1751 1744 Λογγιϐσρδίαν

168 1759 495 1830 ὕποχείριον
519 1764 837 1833 ἐποιήσατο,
862 1764 959 1834 τὴν
987 1763 1240 1833 Τερεντὼ
1261 1766 1354 1817 καὶ
1377 1764 1513 1818 ἄλλα
1541 1766 1754 1836 κάστρα

166 1853 229 1903 ἐκ
282 1856 388 1922 τῆς
438 1856 801 1924 ἐπικρατείας
866 1856 977 1909 τῶν
1030 1858 1369 1928 Σαρακηνῶν
1412 1860 1750 1930 ἐξήρπασεν.

1852 676 2085 717 messem
2148 662 2390 732 colligit;
2454 664 2548 733 qui
2606 663 2933 734 negligenter
3000 665 3419 726 fundamentum

1846 754 2001 825 jacit,
2034 770 2140 808 non
2203 762 2378 824 potest
2433 756 2677 811 stabilem
2721 755 2944 810 domum
2986 758 3293 823 aediﬁcare;
3346 762 3425 818 sic

1853 859 2014 899 nemo
2064 860 2161 915 per
2213 846 2386 899 maria
2443 858 2621 915 potest
2671 848 2929 918 navigare
3000 859 3054 903 et
3094 851 3331 919 salvari,
3383 848 3427 909 si

1850 938 2051 992 orietur
2098 947 2152 992 et
2204 938 2459 1001 dormiat,
2512 939 2613 995 nisi
2665 938 2802 994 forte
2848 942 2964 1008 ipsa
3022 942 3176 997 navis
3227 943 3428 998 bonum

1848 1036 2051 1082 statum
2100 1038 2273 1083 curet.
2315 1030 2527 1096 Quare,
2586 1030 2681 1091 lili,
2730 1031 2829 1084 hoc
2887 1031 3051 1085 etiam
3116 1032 3423 1097 considera,

1852 1121 1994 1191 quod
2026 1120 2120 1175 tibi
2155 1129 2209 1175 et
2240 1121 2360 1175 viva
2385 1138 2517 1178 voce
2541 1121 2779 1178 diximus
2805 1141 2820 1179 :
2849 1124 3143 1196 Postquam
3178 1108 3429 1189 Photius,

1853 1214 2161 1283 patriarcha
2198 1225 2381 1270 noster
2415 1231 2535 1273 cum
2587 1216 2652 1271 iis
2695 1216 2969 1279 omnibus.
3017 1233 3170 1287 quos-
3209 1216 3430 1271 ordina-

1852 1316 2005 1362 verat
2032 1308 2142 1360 acri
2178 1317 2231 1362 et
2268 1307 2631 1377 perseveranti
2662 1306 2921 1378 sull‘ragio
2948 1306 3152 1377 ejectus
3180 1308 3301 1369 fuit,
3325 1307 3434 1362 im'

1853 1400 2119 1468 peratoris
2136 1399 2303 1454 nostri
2325 1398 2668 1455 Constantini
2713 1415 2846 1454 avus
2866 1398 3187 1469 Tepbricam
3212 1398 3428 1453 delevit-

1854 1490 2031 1545 Barim
2056 1492 2404 1561 expugnavit,
2434 1490 2867 1559 Longobardiam
2922 1491 3170 1560 subjecit,
3220 1490 3427 1543 Taren-

1854 1594 1967 1637 tum
1994 1590 2047 1636 et
2068 1583 2168 1637 alia
2188 1583 2408 1637 castella
2429 1598 2458 1637 e
2480 1582 2875 1638 Saracenorum
2924 1589 3185 1650 potestate
3203 1572 3435 1651 eripuit.

1854 1673 2061 1727 Mortuo
2074 1682 2250 1728 autem
2267 1675 2492 1743 lgnatio,
2508 1687 2667 1743 atque
2690 1674 2903 1737 Photio,
2921 1674 3190 1742 simulque
3208 1674 3273 1726 iis
3293 1689 3431 1742 quos

1855 1766 2207 1820 ordinaverat
2262 1766 2534 1831 adunatis,
2588 1768 2872 1837 Syracusa:
2913 1774 2967 1820 et
3023 1764 3204 1819 Sicilia
3252 1766 3431 1819 omnis

1854 1858 2025 1913 deleta
2057 1867 2158 1913 est.
2184 1857 2409 1924 Quare?
2438 1855 2538 1912 Per
2571 1858 2831 1911 incuriam
2856 1857 3137 1927 drnngarii
3183 1856 3428 1910 Adriani.

180 1945 583 2009 Ἀποθανόντος
612 1948 667 2000 δὲ
696 1948 791 2001 τοῦ
824 1949 993 2019 κυροῦ
1035 1950 1297 2017 Ἰγνατίου
1335 1950 1543 2004 καὶτοῦ
1580 1950 1750 2021 κυροῦ

1854 1949 2087 2006 Rursum
2106 1951 2529 2021 diebusAugnsti
2546 1950 2743 2005 Leonis
2761 1950 2868 2005 scis
2887 1950 3207 2005 convenisse
3224 1947 3427 2018 Papam

166 2036 385 2089 Φωτίου
420 2038 513 2090 καὶ
539 2038 640 2108 τῆς
670 2040 1009 2110 χειροτονίας
1036 2039 1201 2094 αὑτοῦ
1231 2040 1563 2102 ἑνωθέντων,
1597 2042 1629 2110 ἡ
1654 2040 1755 2093 Συ-

170 2130 425 2196 ράκουσα
455 2133 729 2202 ἠφανίσθη
762 2135 853 2185 καὶ
880 2135 911 2203 ἡ
946 2132 1163 2187 Σικελία
1192 2137 1362 2187 πᾶσα.
1399 2132 1498 2185 Διὰ
1518 2133 1601 2200 τί;
1656 2133 1759 2186 Διά

165 2222 263 2287 τὴν
287 2222 554 2288 ἀμέλειαν
580 2223 675 2277 τοῦ
697 2226 816 2277 τότε
839 2225 1165 2297 δρογγαρίου
1189 2224 1284 2278 τοῦ
1318 2224 1589 2295 πλωΐμου,
1616 2224 1761 2295 λέγω

167 2313 228 2379 δη
256 2312 363 2365 τοῦ
405 2316 710 2385 Ἀδριανοῦ.
747 2317 913 2369 Πάλιν
948 2318 1005 2370 ἐν
1052 2317 1175 2380 ταῖς
1204 2316 1439 2387 ἡμέραις
1467 2315 1561 2368 τοῦ
1593 2313 1759 2385 κυροῦ

168 2405 406 2469 Λέοντος
441 2408 740 2474 γινώσκεις
768 2409 848 2461 ὅτι
877 2408 906 2459 ό
943 2407 1139 2471 Πάπας
1167 2408 1397 2477 συνῆλθε
1423 2408 1515 2460 καὶ
1546 2408 1596 2459 oi
1620 2404 1758 2477 μετά

170 2498 369 2551 τούτου
422 2500 601 2565 ὄντες,
656 2502 752 2555 καὶ
805 2500 1094 2572 ἡνὼθησαν
1143 2503 1209 2573 τῇ
1281 2499 1619 2569 Ἐκκλησία,
1664 2497 1760 2550 καὶ

170 2592 407 2665 είρήνης
436 2594 662 2664 βαθείας
697 2593 864 2665 οὗσης
911 2595 1213 2665 ἀπῆλθενὴ
1252 2593 1623 2661 Θεσσαλονίκη
1663 2591 1758 2644 καὶ

168 2687 229 2737 τδ
260 2685 769 2756 Ταυρομένιον.Διά
792 2687 845 2740 τί
864 2704 879 2752 ;
903 2688 1029 2739 Ὀτι
1070 2685 1303 2741 ἐνταῦθα
1341 2684 1599 2755 ἀμέλειαν
1628 2700 1761 2753 προ-

169 2776 473 2844 ηγήσαντο.
494 2781 603 2833 Καὶ
628 2780 737 2849 γὰρ
782 2779 1149 2848 ἐπιδεομένων
1188 2775 1443 2848 βοηθείας
1483 2792 1593 2828 των
1621 2775 1690 2826 Θε
1704 2790 1760 2827 σ-

1852 2048 1907 2095 et
1922 2056 2016 2095 eos
2029 2041 2121 2109 qui
2136 2056 2257 2095 cum
2273 2055 2338 2095 eo
2358 2041 2575 2096 stabant
2592 2038 3219 2109 adnnatosqueEcclesia:
3238 2038 3432 2104 fuisse,

1856 2141 1911 2187 ct
1946 2130 2213 2201 profunda
2254 2146 2385 2201 pace
2416 2131 2625 2200 vigente
2672 2130 2873 2186 abiisse
2905 2128 3329 2184 Thessalonicen
3371 2139 3428 2182 et

1869 2224 2317 2280 Tauromenium.
2360 2221 2586 2288 Quare?
2621 2220 2758 2287 Quia
2806 2221 2879 2275 ibi
2908 2220 3063 2275 otiari
3132 2218 3430 2274 malebant.

1860 2314 2440 2372 Thessalonicensibus
2511 2312 2657 2369 enim
2738 2311 2944 2367 auxilio
3026 2310 3428 2381 indigentibus,

1859 2408 2191 2465 distulerunt
2255 2408 2322 2462 de
2367 2406 2455 2462 die
2493 2406 2550 2460 in
2617 2406 2761 2467 diem
2812 2408 2981 2460 naves
3045 2402 3296 2468 mittere,
3356 2417 3422 2458 ac

1856 2518 1948 2558 res
1978 2502 2277 2572 perdidere.
2303 2498 2439 2563 Hoc,
2482 2499 2556 2555 liii
2588 2501 2683 2566 ini,
2708 2498 2884 2570 cogita
2932 2506 2986 2553 et
3024 2496 3307 2563 meditare,
3336 2504 3424 2563 et,

1858 2595 2154 2665 opitulante
2192 2594 2335 2657 Deo,
2389 2593 2676 2663 diligenter
2721 2592 2885 2647 rebus
2927 2590 3157 2661 publicis
3201 2604 3424 2659 operam

1856 2685 2019 2741 dabis
2046 2695 2101 2738 et
2132 2683 2466 2753 experientia
2496 2683 2722 2738 edoctus
2752 2684 2899 2738 dices
2922 2696 3026 2752 qua
3065 2680 3131 2735 de
3155 2693 3319 2735 causa
3345 2680 3419 2733 le-

1858 2773 1992 2829 lioes
2022 2782 2075 2828 et
2099 2773 2347 2844 infelices
2372 2774 2483 2829 sint
2513 2772 2680 2828 cives.

172 2866 512 2921 σαλονικέων
590 2869 805 2941 ἡμέραν
833 2871 891 2937 ἐξ
922 2870 1134 2939 ἡμέρας
1154 2866 1580 2935 ἀναϐαλλόμενοι
1610 2864 1745 2936 προς
1779 2865 1839 2918 τὸ
1900 2866 2236 2939 ἀπολυθῆναι
2260 2868 2376 2921 ἐκεῖ
2443 2867 2709 2939 πλώϊμον,
2740 2867 3034 2921 ἀπώλεσαν
3061 2866 3130 2921 τὰ
3154 2865 3418 2937 πράγμα-

168 2976 259 3012 τα.
299 2959 498 3026 Τοῦτο,
539 2960 731 3014 τέκνον
773 2962 954 3030 ἡμῶν,
988 2962 1082 3015 καὶ
1134 2962 1321 3031 φρόνει
1365 2961 1460 3012 καὶ
1506 2959 1741 3025 διανοοῦ,
1784 2958 1877 3013 καὶ
1914 2961 2032 3029 μετ’
2066 2960 2411 3029 ’ἐπιμελείας
2444 2962 2537 3014 τοῦ
2579 2960 2716 3013 Θεοῦ
2755 2961 3098 3031 ἐνισχύοντός
3174 2976 3233 3013 σε
3268 2956 3426 3011 ἀντέ-

171 3073 270 3123 χου
324 3056 439 3107 τῶν
486 3056 850 3126 πραγμάτων,
892 3058 987 3113 καὶ
1020 3059 1157 3129 αὐτῇ
1210 3058 1430 3131 μαθήσῃ
1478 3060 1543 3129 τῇ
1585 3057 1753 3129 πείρα
1790 3056 1851 3110 τὸ
1883 3057 2056 3111 αἴτιον
2097 3058 2197 3128 τῆς
2243 3058 2500 3128 εὐτυχίας
2538 3057 2635 3112 καὶ
2677 3057 2778 3128 τῆς
2846 3057 3138 3128 δυστυχίας
3205 3058 3303 3127 τῆς
3333 3070 3433 3106 πο-

174 3150 393 3212 λιτείας
424 3150 609 3220 ἡμῶν.

245 3246 455 3314 Γράφω
479 3245 536 3297 δέ
566 3244 737 3297 ταῦτα
768 3246 865 3296 οὐκ
906 3243 1355 3312 άποϐαλλόμενος
1411 3244 1532 3297 οὐδὲ
1576 3225 1753 3315 μισῶν

1932 3244 2055 3298 "me
2077 3242 2172 3297 tibi
2198 3242 2378 3297 scribo
2402 3257 2509 3297 non
2534 3242 2857 3312 reprobans,
2878 3257 3053 3311 neque
3076 3244 3201 3297 odio
3230 3244 3432 3302 habens

170 3340 275 3407 τὴν
314 3339 546 3408 εἰρήνην
597 3339 689 3389 καὶ
741 3337 839 3407 τὴν
883 3337 1077 3390 ἕνωσιν
1121 3336 1221 3404 τῆς
1276 3336 1624 3403 Ἐκκλησίας.
1668 3336 1756 3407 Μὴ

1860 3351 2044 3405 pacem
2064 3345 2117 3390 et
2135 3336 2395 3389 unitatem
2415 3335 2689 3390 Ecclesia}.
2707 3333 2784 3389 Ne
2803 3336 2937 3389 adeo
2959 3338 3059 3389 sim
3086 3336 3433 3403 insanus,ne—

170 3433 319 3485 οῦτω
356 3432 585 3501 μανείην
620 3430 773 3488 ποτὲ.
806 3430 940 3498 μηδὲ
970 3430 1319 3500 συγχωρήσαι
1361 3429 1491 3493 Θεὸς
1518 3429 1660 3483 οῦτω
1694 3447 1756 3498 με

1857 3443 1964 3499 que
1976 3427 2261 3483 sciatDeus
2287 3441 2372 3481 me
2393 3427 2534 3482 adeo
2546 3429 2851 3482 dementem
2866 3428 3101 3494 ﬁeri,sed
3118 3445 3236 3483 eam
3254 3432 3431 3485 unita-

173 3523 397 3593 φρενῶν
448 3522 554 3587 ἔξω
611 3519 893 3588 γενέσθαι’
945 3519 1061 3573 ἀλλ’
1114 3519 1359 3590 ἐπιζητῶ
1409 3520 1605 3573 ἕνωσιν
1658 3520 1756 3585 τὴν

1859 3532 1962 3579 tem
1982 3538 2165 3593 quaero
2184 3538 2305 3591 quae
2336 3520 2501 3578 Deum
2526 3523 2910 3585 honoret.eum
2934 3533 3129 3579 statum
3153 3525 3245 3594 qui
3274 3527 3433 3580 rebus

172 3618 430 3684 τιμῶσαν
460 3614 561 3682 τὴν
595 3612 1061 3683 ’Βκκλησίαν,τὴν
1090 3612 1456 3684 χαριζομένην
1484 3614 1759 3667 κατάστα-

178 3724 264 3759 σιν
314 3708 431 3767 τοῖς
494 3705 777 3774 πράγμασι
832 3704 927 3757 καὶ
980 3705 1036 3756 ἐν
1071 3702 1147 3773 τῷ
1196 3704 1424 3774 παρόντι
1469 3705 1561 3756 καὶ
1617 3703 1755 3773 μετὰ

177 3800 373 3859 ταῦτα,
411 3800 506 3851 καὶ
537 3798 624 3850 ἵνα
672 3796 746 3866 μὴ
784 3798 849 3849 ἐκ
898 3794 992 3849 τοῦ
1029 3796 1145 3865 βίου
1171 3797 1562 3866 ἀπερχομένων
1599 3796 1756 3864 ἡμῶν

178 3895 209 3961 ἡ
244 3890 523 3961 ἐρχομένη
587 3890 748 3957 γενεά
814 3891 1144 3961 καταγνώσῃ
1190 3887 1347 3957 ἡμῶν
1377 3888 1453 3947 ὡς
1481 3888 1749 3959 ἀφρόνων,

176 3991 254 4050 ὡς
292 3988 529 4054 ἀλόγων,
564 3986 639 4049 ώς
671 3986 1099 4053 καταφῳνητῶν
1148 3983 1255 4037 τῶν
1288 3984 1447 4036 θείων
1488 3982 1752 4048 κανόνων,

177 4083 276 4132 καὶ
304 4079 396 4131 διὰ
450 4076 609 4129 τοῦτο
666 4076 761 4128 καὶ
807 4076 953 4144 ἡμᾶς
998 4074 1075 4145 τῷ
1111 4073 1415 4143 ἀναθέματι
1460 4074 1756 4144 παραπέμ-

1856 3624 1910 3671 et
1937 3631 2080 3669 nunc
2098 3625 2353 3684 etpostea
2375 3613 2581 3679 faveat;
2609 3615 2747 3668 absit
2771 3624 2829 3669 ut
2852 3615 2959 3669 vita
2982 3615 3267 3672 defunctos
3296 3631 3434 3671 ven-

1863 3715 1981 3760 tura
1997 3708 2271 3776 generatio
2294 3722 2390 3763 nos
2409 3716 2466 3763 ut
2490 3719 2753 3775 amentes,
2771 3711 3191 3770 irrationabiles,
3211 3720 3269 3765 ut
3292 3712 3432 3764 divi-

1861 3802 2057 3853 norum
2090 3814 2360 3855 canonum
2388 3812 2789 3872 contemptores
2808 3803 3049 3867 damnet,
3077 3818 3286 3871 nosque
3310 3803 3432 3857 ideo

1864 3902 1916 3946 et
1940 3908 2033 3947 vos
2061 3894 2391 3948 anathemati
2416 3904 2623 3960 voveat;
2645 3895 2789 3965 quod
2822 3897 2961 3951 solet
2982 3895 3226 3950 accidere
3243 3910 3364 3949 cum
3396 3894 3431 3947 ii

1864 3984 1956 4051 qui
1984 3999 2079 4053 per
2096 3984 2256 4039 vitam
2280 3996 2523 4055 potentes
2549 3988 2719 4051 fuere,
2745 3989 2963 4054 abeunt,
2986 3996 3039 4043 et
3061 3988 3181 4042 aliis
3200 4002 3434 4041 nascun-

1866 4084 1955 4128 tur
1980 4084 2091 4128 tum
2111 4077 2395 4146 sapientia,
2430 4086 2543 4132 tum
2569 4081 2767 4149 pietate
2790 4091 2844 4135 et
2868 4081 3063 4135 virtute
3089 4087 3431 4150 praestantes,

174 4177 354 4242 ψωσιν
384 4188 399 4201 ο
440 4172 577 4240 ὅπερ
608 4164 716 4222 οἶδε
752 4168 1089 4237 συμϐαίνειν,
1115 4168 1245 4221 ὅταν
1281 4168 1329 4219 οἱ
1397 4166 1533 4227 τέως
1570 4165 1781 4220 δυνατοὶ
1825 4168 1967 4221 κατά
2018 4168 2109 4222 τὸν
2139 4169 2251 4240 βίον
2281 4170 2580 4241 ἀπέλθωσι,
2654 4173 2749 4227 καὶ
2798 4173 2949 4227 ἄλλοι
2984 4172 3284 4244 γεννηθῶσι
3335 4165 3435 4225 καὶ

177 4264 469 4336 φρονήσει,
498 4264 587 4316 καὶ
613 4261 891 4331 εὐσεϐείᾳ,
916 4262 1010 4314 καὶ
1036 4262 1203 4330 ἀρετῇ
1225 4259 1595 4330 διαφέροντες.

762 4397 897 4462 oq'.
940 4393 1163 4460 Ἀδήλῳ

250 4535 329 4588 τὸ
383 4533 608 4603 γνήσιον
654 4531 753 4599 τῆς
792 4530 1048 4599 στοργῆς,
1088 4528 1115 4581 ὃ
1150 4527 1286 4597 πρὸς
1328 4527 1423 4597 τὴν
1458 4528 1615 4597 ἡμῶν
1662 4545 1760 4597 με-

2400 4393 2635 4451 LXXVI.
2666 4395 2687 4450 Ι
2698 4405 2894 4453 ncerte.

1941 4528 2206 4582 Sincerus
2231 4543 2409 4592 amor.
2444 4547 2607 4601 quem
2637 4547 2764 4602 erga
2801 4533 3161 4589 humilitatem
3189 4545 3429 4591 nostram

179 4628 448 4696 τριότητα
475 4628 510 4693 ἡ
540 4625 608 4692 σὴ
658 4621 914 4677 εὐλάϐεια
955 4621 1241 4687 κέκτηται,
1285 4619 1452 4672 πάλαι
1506 4621 1601 4671 καὶ
1650 4622 1756 4673 6:5-

1865 4630 1955 4677 tua
2020 4626 2325 4680 reverentia
2358 4625 2577 4681 exhibet
2598 4666 2611 4688 ,
2643 4625 2964 4694 jamdudum
3014 4636 3177 4681 notus
3206 4636 3309 4690 est.
3333 4644 3432 4683 nec

181 4720 350 4790 λέχθη
414 4718 511 4771 καὶ
566 4717 917 4785 γινώσκεται,
947 4716 1008 4769 οὐ
1042 4715 1215 4772 δεῖται
1263 4716 1357 4770 νῦν
1403 4718 1762 4784 ἀποδείξεως,

180 4812 307 4865 οῦδὲ
346 4811 452 4879 τῆς
500 4809 565 4861 ἐκ
598 4808 774 4875 λόγων
815 4806 1150 4871 συστάσεως,
1206 4808 1399 4877 ἱκανῆς
1446 4806 1614 4877 οὔσης
1665 4808 1763 4876 τῆς

184 4908 249 4956 ἐκ
284 4902 397 4955 τῶν
467 4902 645 4969 ἔργων
694 4898 1104 4969 πληροφορίαςο
1151 4897 1286 4950 διότι
1345 4899 1440 4952 καὶ
1491 4900 1649 4968 ἡμεῖς
1702 4898 1763 4951 οῦ

188 4994 399 5065 μικρὰν
464 4992 798 5060 εὑρίσκομεν
853 4992 911 5042 ἐν
962 4991 1083 5051 ταῖς
1136 4989 1380 5059 θλίψεσιν
1432 4989 1587 5058 ἡμῶν
1626 5007 1765 5059 παρ-

185 5086 422 5159 ηγορίαν
457 5086 521 5136 ἐκ
552 5084 649 5151 τῆς
676 5082 776 5151 σῆς
807 5081 945 5152 προς
988 5082 1135 5150 ἡμᾶς
1178 5082 1556 5149 πνευματικῆς
1581 5081 1758 5134 διαθέ-

190 5196 351 5238 σεως.
398 5175 510 5227 Καὶ
561 5172 716 5225 οῦδὲν
757 5172 938 5243 χάριτι
975 5175 1112 5226 Θεοῦ
1167 5174 1515 5242 ζημιούμεθα
1563 5174 1661 5243 τῆς
1701 5175 1766 5227 ἐκ

188 5272 290 5338 τῆς
323 5269 427 5338 σῆς
458 5268 681 5335 ἀγάπης
722 5266 1120 5336 περιχεομένης
1168 5268 1300 5335 ἡμῖν
1351 5269 1503 5338 ἱερᾶς
1547 5267 1764 5335 ἡδονῆς,

189 5362 381 5413 ἕνεκεν
414 5357 508 5411 τοῦ
542 5356 851 5411 κωλύεσθαι
879 5358 1062 5422 ἄλλοις
1106 5361 1377 5422 συνεῖναι,
1408 5360 1501 5411 καὶ
1537 5358 1626 5411 διὰ
1667 5358 1765 5424 τῆς

192 5454 303 5506 τῶν
344 5452 632 5518 αἰσθητῶν
679 5450 973 5520 ὀφθαλμῶν
1020 5451 1271 5520 θεωρίας,
1308 5450 1402 5505 τοῦ
1454 5452 1767 5521 βλέμματος

191 5546 295 5614 τῆς
346 5544 588 5604 διανοίας
641 5543 939 5607 ἀκωλύτως
992 5544 1087 5597 καλ⁸
1137 5545 1376 5613 δρῶντος
1426 5543 1519 5597 καὶ
1567 5542 1767 5612 νοερῶς

192 5639 344 5706 ἡμᾶς
400 5635 787 5697 συνάπτοντος.
828 5634 985 5689 Οὕτω
1038 5635 1092 5688 δέ
1143 5636 1236 5689 καὶ
1274 5638 1307 5706 ἡ
1345 5635 1500 5703 ὑμῶν
1549 5635 1767 5701 ὁσιότης

200 5729 365 5799 μηδὲν
402 5728 674 5797 νομιζέτω
708 5727 795 5782 διὰ
824 5728 922 5798 τὴν
969 5729 1287 5799 σωματικὴν
1323 5729 1624 5783 ἀπόστασιν
1668 5727 1768 5794 τῆς

199 5823 338 5876 κατά
411 5820 630 5889 πνεῦμα
706 5822 1003 5887 συναφείας
1087 5821 1532 5890 ἀποστερεῖσθαι.
1588 5819 1765 5875 ’Όπου

200 5915 303 5985 γὰρ
336 5913 569 5985 ἀληθοῦς
600 5912 818 5983 ἀγάπης
859 5912 1049 5977 ἐνωσις
1076 5907 1134 5968 οῦ
1167 5913 1231 5968 ἂν
1263 5906 1363 5968 ὦσι
1400 5912 1765 5984 διεστηκότες,

1868 4713 2343 4773 demonstratione
2402 4728 2493 4771 aut
2562 4717 2853 4772 verborum
2900 4717 3055 4785 cepia
3109 4726 3249 4787 eget.
3309 4734 3433 4772 cum

1866 4822 2030 4875 opera
2068 4824 2164 4878 per
2208 4824 2267 4864 se
2306 4810 2622 4878 loquantur.
2670 4808 3016 4877 Quapropter
3064 4816 3123 4863 et
3160 4824 3260 4864 nos
3324 4826 3432 4863 non

1866 4914 2087 4969 parvam
2118 4902 2169 4954 in
2208 4902 2478 4972 angustiis
2525 4902 2733 4956 nostris
2774 4901 3211 4956 consolationem
3241 4916 3305 4955 ex
3340 4909 3430 4954 tua

1867 4991 1920 5043 in
1956 5007 2055 5046 nos
2110 4993 2381 5062 spirituali
2437 4993 2686 5047 amicitia
2732 4993 3087 5062 percipimus.
3128 4994 3211 5056 Et,
3258 4992 3429 5062 gratia

1868 5082 1985 5147 Dei,
2022 5084 2157 5138 nihil
2195 5086 2357 5155 hujus
2406 5084 2700 5153 voluptatis
2752 5083 3038 5138 amisimus
3081 5097 3202 5153 quin
3237 5083 3303 5137 de
3342 5090 3432 5135 tua

1867 5175 2159 5231 dilectione
2208 5179 2262 5231 in
2317 5192 2418 5232 nos
2457 5178 2750 5243 redundat,
2791 5176 2919 5231 licet
2966 5193 3071 5230 una
3101 5191 3225 5231 esse
3268 5184 3431 5243 atque

1868 5268 2115 5336 corporis
2171 5266 2349 5321 oculis
2396 5268 2540 5322 inter
2579 5281 2679 5321 nos
2716 5266 2901 5321 videre
2928 5280 3285 5333 nequeamus.
3325 5263 3432 5318 Sed

1869 5360 2070 5414 mentis
2101 5358 2266 5425 oculi,
2321 5360 2537 5414 nemine
2568 5359 2839 5424 obstante,
2871 5366 2927 5412 et
2974 5357 3160 5411 vident
3187 5364 3243 5411 et
3272 5354 3436 5425 Spil'i"

1870 5452 2089 5505 tnaliter
2142 5465 2240 5505 nos
2279 5449 2508 5504 invicem
2556 5448 2818 5503 adunant.
2872 5447 2950 5502 Ita
3003 5457 3057 5501 et
3115 5455 3206 5501 tua
3261 5446 3432 5514 pietas

1871 5544 2095 5596 minime
2161 5549 2314 5612 putet
2372 5557 2431 5596 se
2486 5557 2582 5611 per
2633 5542 2971 5611 corporalem
3026 5539 3425 5608 separationem

1871 5635 2138 5704 spirituali
2190 5635 2576 5704 conjunctione
2630 5635 2866 5705 privari;
2913 5634 3226 5703 ubicunque
3280 5633 3424 5686 enim

1869 5735 1949 5777 est
1982 5724 2179 5778 sinceri
2209 5723 2413 5777 amoris
2442 5722 2641 5786 unitas,
2670 5723 2889 5793 quando
2912 5722 2981 5778 ab
3010 5723 3237 5778 invicem
3270 5720 3431 5775 amici

1869 5817 2222 5883 corporaliter
2252 5825 2595 5884 separantur,
2636 5815 2708 5869 ibi
2757 5830 2883 5870 vere
2934 5815 3231 5879 uniuntur;
3272 5812 3344 5867 ita
3371 5822 3432 5865 ut

1871 5918 1919 5965 ct
1945 5925 2045 5965 nos
2072 5908 2157 5964 illa
2198 5909 2380 5966 divina
2421 5909 2804 5981 conjunctione
2838 5924 2945 5964 non
2972 5908 3129 5963 hodie
3167 5921 3265 5962 nec
3295 5905 3434 5968 heri,
