4182 6428
748 400 856 470 I79

1883 409 2192 477 NICOLM
2236 413 2343 478 CP-
2390 415 2908 485 PATRIARCIUE

749 518 852 611 seti
875 516 1204 611 iamdudum
1244 516 1488 611 adunati.
1519 517 1764 579 locorum
1812 519 2071 611 distantia
2099 523 2322 584 minimc

2432 531 2804 607 συνηνωμένοι
2835 531 3210 608 τυγχάνωσιν·
3275 535 3414 594 ὥστε
3467 534 3562 595 καὶ
3609 536 3769 611 ἡμεῖς
3829 537 4010 611 ταύτῃ

746 608 1139 702 disiungimur.
1173 606 1279 668 Sed
1306 607 1375 669 de
1413 609 1498 669 ltls
1526 611 1811 670 hactenus.
1838 610 1912 671 De
1939 611 2109 672 fratre
2135 623 2318 675 autem

2432 624 2488 696 τῇ
2530 622 2650 698 θεία
2699 625 2893 683 ἑνώσει
2921 606 3006 682 οὐ
3060 623 3158 683 νῦν
3204 625 3325 684 οὐδὲ
3357 627 3507 702 χθὶς,
3533 606 3744 685 ἀλλ”ικ
3781 606 4003 702 μακροῇ

745 709 840 760 ιιιο
858 701 948 776 qui
980 715 1074 776 per
1103 702 1464 776 ignorantiam
1489 702 1674 777 lapsus
1699 712 1805 772 usi.
1831 704 1962 779 illud
1998 708 2144 781 quod
2164 708 2322 782 igno-

746 801 936 851 ranter
965 801 1146 851 sctum
1185 803 1287 864 est,
1323 797 1492 854 venit
1510 797 1737 870 ianuam
1768 814 1877 858 non
1897 798 2151 860 claudere
2183 804 2320 863 dlci-

2421 710 2517 769 τοῦ
2546 711 2742 787 κρόνου
2793 713 3160 790 συνημμένοι,
3193 717 3258 791 τῇ
3288 718 3488 792 τοπικῇ
3515 717 3796 776 διαστάσει
3836 719 4006 778 οὐδαο

2425 803 2541 875 μῶς
2596 803 2973 880 χωριζόμεθα.
3037 806 3200 866 Ἀλλὰ
3257 808 3416 867 τοῦτο
3473 809 3573 883 μιν
3627 809 3804 878 ούτως
3862 811 4007 886 εχει.

746 898 893 954 mus,
913 883 1179 957 siquidem
1207 885 1290 944 itte
1309 887 1681 962 lltterelnobis
1706 894 2170 952 annnntlaverunt
2187 911 2312 955 eum

2432 895 2557 968 Περὶ
2590 894 2648 952 δὲ
2688 896 2784 954 τοῦ
2817 897 3117 971 σφαλέντος
3135 899 3369 974 ἀδελφοῦ
3408 900 3477 957 δι’
3515 901 3761 972 ἄγνοιαν.
3803 883 3988 960 ἀκεῖνό

743 976 908 1067 corde
940 978 1182 1037 contrito
1211 994 1331 1038 esse
1354 990 1408 1038 et
1432 983 1546 1040 acri
1572 983 1764 1042 dolore
1787 984 2166 1046 dilaceratutn.
2194 987 2320 1048 ideo

2432 1001 2622 1061 ταμεν,
2683 987 2760 1055 ώς
2809 989 2910 1047 οὐκ
2977 990 3259 1048 ἀποκλείει
3323 990 3489 1049 αὑτὸν
3542 993 3880 1067 συγγνώμης
3937 993 4006 1049 τ’)

742 1077 823 1135 ιιι,
857 1066 972 1139 ipse
999 1084 1110 1142 pra:
1132 1069 1308 1129 ocults
1336 1070 1544 1131 habens
1577 1073 1854 1133 hominem
1882 1085 1937 1134 et
1965 1076 2113 1135 illiue
2142 1080 2315 1149 pani-

744 1159 969 1217 Ientlam
1002 1171 1056 1219 et
1085 1163 1440 1223 considerans
1469 1166 1636 1224 animi
1667 1169 1786 1241 ejus
1811 1169 2055 1228 dolorem
2086 1180 2144 1229 ut
2164 1171 2314 1245 judi-

742 1254 988 1322 caverls,
1031 1257 1314 1316 moderata
1359 1259 1836 1321 animadversione
1886 1263 2102 1334 culpam
2167 1280 2319 1332 curn,

743 1352 804 1401 ιιι
827 1353 882 1403 et
914 1345 967 1403 in
1003 1349 1143 1407 alios
1187 1365 1348 1421 agere
1393 1353 1557 1416 soles.
1586 1353 1767 1410 divina
1809 1357 1984 1428 gratia
2021 1357 2088 1413 ad
2126 1357 2177 1413 id
2209 1357 2322 1414 dis-

741 1439 959 1508 positus
986 1452 1039 1498 et
1069 1457 1255 1498 eorum
1293 1445 1386 1516 qtti
1417 1446 1514 1501 tibi
1559 1445 1760 1503 subditi
1790 1456 1920 1504 sunt
1944 1457 2165 1521 peccata
2198 1464 2323 1504 cor-

743 1532 954 1602 tigens,
1021 1533 1590 1607 condonationemquc
1645 1538 1946 1611 unicuique
2017 1540 2321 1596 secundum

745 1622 1081 1686 paenitentiae
1113 1641 1427 1683 mensuram
1460 1628 1774 1687 dimetiens.

2421 1079 2816 1153 πεπραγμένον
2845 1080 2903 1148 ιε
2931 1081 3178 1152 ἀγνοίας,
3197 1083 3294 1139 καὶ
3318 1081 3554 1156 μάλιστα
3575 1083 3651 1149 ώς
3676 1083 3739 1139 τὸ
3763 1084 4008 1156 γράμμα

2419 1170 2696 1245 διήγγειλε
2727 1172 3151 1247 συντριϐομένου
3180 1176 3281 1246 τὴν
3314 1174 3569 1249 καρδίαν.
3595 1175 3688 1232 καὶ
3724 1175 4009 1247 δριμείαις

2422 1263 2684 1337 ἀλγηδόσι
2749 1267 3232 1340 σπαρασσομόνου.
3287 1269 3387 1326 Διά
3451 1268 3611 1324 τοῦτο
3687 1267 3852 1333 αὐτὸς
3911 1268 4007 1324 ιπο

2423 1351 2722 1430 ὀφθαλμοῖς
2783 1357 2924 1430 ιχων
2986 1359 3078 1415 τὸν
3143 1359 3454 1433 ἄνθρωπον,
3514 1360 3609 1416 καὶ
3654 1359 3756 1432 τὴν
3787 1361 3880 1414 sui
3928 1362 4004 1431 τῇ

2429 1449 2687 1523 μετανοίᾳ
2720 1449 2912 1506 τούτου
2947 1449 3210 1522 σπουδὴν,
3245 1451 3498 1524 καθορῶν
3538 1454 3632 1507 καὶ
3688 1452 3749 1506 τὸ
3778 1451 4010 1522 ἁλγημα

2427 1540 2526 1611 τῆς
2559 1539 2741 1612 ψυχῆς
2773 1541 2860 1612 ἀφ’
2885 1541 3011 1596 δσον
3041 1542 3108 1597 ἂν
3165 1542 3494 1617 δοκιμάσῃς.
3542 1544 3859 1614 ιπιτιμήσει
3911 1559 4014 1612 με·

2429 1633 2559 1704 τρία
2610 1634 2896 1705 ίάτρευσον
2953 1636 3016 1686 τὸ
3073 1634 3618 1707 ἁμάρτημα,ῶσπερ
3673 1639 3768 1688 καὶ
3799 1636 3856 1703 ἰν
3884 1637 4004 1695 τοῖς

742 1718 923 1783 ἀλλοις
949 1721 1255 1791 οἰκονομεῖν
1292 1721 1524 1786 εἴωθαςο
1563 1721 1683 1795 θείᾳ
1723 1722 1906 1795 χάριτι
1984 1723 2348 1788 κατασταθεὶς
2409 1726 2503 1778 ἐπὶ
2569 1723 2730 1779 τοῦτο
2791 1726 2887 1779 καὶ
2953 1727 3064 1781 τῶν
3130 1727 3234 1781 ὑπὸ
3295 1725 3388 1781 σοῦ
3443 1725 3877 1797 κυϐερνωμόνων
3937 1723 4013 1777 τὰ

747 1812 1042 1884 σφάλματα
1107 1811 1510 1887 διορθούμενος,
1571 1813 1664 1869 καὶ
1720 1814 1935 1870 ἑκάστω
2007 1817 2148 1870 κατά
2221 1815 2280 1869 τὸ

743 1922 770 1957 τ
781 1922 907 1976 ρων.

1271 2043 1525 2104 LXXVII.
1572 2045 1806 2103 Incerto.

818 2178 921 2237 Per
956 2179 1090 2236 alias
1120 2180 1233 2250 jam
1263 2180 1544 2252 epistolas,
1567 2189 1618 2236 et
1647 2196 1740 2247 per
1769 2194 1882 2246 eas,
1912 2195 1944 2235 ο
1994 2179 2325 2242 beatissime,

747 2285 884 2337 .gnas
945 2279 1036 2327 tua
1097 2271 1415 2328 fraternitas
1463 2272 1630 2337 misit,
1687 2271 1846 2327 didict
1896 2286 2016 2341 quae
2095 2271 2326 2341 improbi

747 2363 1014 2420 daemonis
1052 2363 1263 2420 insidiis
1308 2364 1361 2419 in
1410 2364 1584 2420 nostri
1611 2365 1873 2434 temporis
1902 2361 2200 2420 Ecclesiant
2231 2379 2326 2420 su-

751 2465 1113 2524 pervenerunt
1144 2455 1306 2519 mala.
1337 2464 1391 2511 et
1426 2456 1569 2534 mihi
1595 2456 1805 2512 videtur
1839 2473 2030 2528 parum
2076 2470 2327 2512 necessa-

750 2547 914 2612 rium,
950 2548 1060 2602 imo
1107 2547 1446 2619 superﬂuunt
1479 2549 1547 2603 de
1595 2548 1679 2604 his
1734 2550 1830 2605 tibi
1879 2564 2074 2606 rursus
2117 2549 2314 2605 rescri-

754 2641 898 2696 herc.
933 2637 1046 2695 Hoc
1077 2651 1257 2696 tamen
1298 2649 1490 2696 notum
1553 2640 1650 2696 tibi
1694 2641 1925 2698 iacimus
1975 2657 2074 2698 nos
2115 2641 2324 2713 pridem

753 2744 860 2787 tum
908 2729 1238 2787 beatitudini
1288 2746 1385 2800 per
1432 2733 1664 2789 clericos
1723 2733 2063 2790 Adeodatum
2119 2742 2172 2790 et
2226 2732 2326 2789 Pe-

751 2834 895 2879 trum
938 2824 1225 2895 scripsisse
1255 2825 1348 2895 qui
1391 2825 1617 2880 Romam
1656 2825 1888 2896 patriam
1925 2827 2109 2894 habet,
2141 2835 2327 2883 noster

752 2929 880 2970 vero
906 2913 1082 2970 iactus
1099 2924 1182 2970 est
1201 2929 1266 2970 ex
1296 2929 1404 2986 quo
1430 2913 1683 2971 thronum
1706 2917 2146 2986 recnpcravimns
2165 2925 2327 2988 prout

755 3022 934 3062 rerum
957 3007 1009 3061 in
1041 3006 1278 3063 Ecclesia
1310 3017 1495 3064 nostra
1523 3009 1658 3064 ordo
1684 3009 1859 3065 voluit
1884 3024 2096 3065 :sermo
2127 3025 2322 3066 neces-

753 3098 934 3154 sarius
986 3107 1044 3154 ut
1077 3099 1221 3154 scias
1267 3098 1472 3155 abolita
1526 3114 1650 3157 esse
1698 3100 1920 3155 omnino
1971 3102 2326 3172 praecedentia

753 3188 1010 3246 scandala
1033 3207 1048 3258 ;
1075 3189 1400 3260 scripsimus
1432 3174 1560 3246 uero
1601 3200 1653 3247 et
1685 3191 2149 3262 protospathario,
2189 3193 2328 3247 inter

757 3283 1055 3351 liomattam
1096 3290 1150 3338 et
1177 3281 1835 3354 Constantinopolitanam
1868 3281 2138 3338 Ecclesiae
2182 3282 2320 3338 idem

2359 1816 2559 1888 μέτρον
2614 1816 2712 1889 τῆς
2770 1817 3058 1888 μετανοίας
3113 1818 3207 1874 καὶ
3259 1817 3356 1892 τὴν
3411 1816 3757 1890 συγχώρησιν
3810 1817 4013 1887 ἐπιμε-

3005 2040 3123 2100 OZ'.
3189 2041 3437 2114 Ἀδήλῳ.

2513 2177 2790 2251 Ἐδηλώθη
2849 2179 2944 2235 καὶ
2995 2179 3064 2234 δι’
3115 2180 3320 2253 ἑτέρων
3372 2180 3722 2252 γραμμάτων
3761 2183 4011 2246 καὶτοῖς

2431 2268 2538 2340 πρὸ
2569 2269 2747 2340 ὑμῶν,
2791 2263 2836 2324 ὦ
2884 2270 3298 2344 μακαριώτατε,
3338 2275 3434 2326 καὶ
3473 2275 3540 2343 τῇ
3574 2275 3640 2344 σῇ
3678 2273 4011 2345 ἀδελφότητι

2428 2362 2497 2416 τά
2522 2362 2580 2430 ἐξ
2615 2361 2883 2434 ἐπηρείας
2916 2362 3014 2418 τοῦ
3065 2364 3309 2437 πονηροῦ
3341 2365 3598 2436 δαίμονος
3628 2369 3709 2430 εἰς
3741 2369 3840 2436 τὴν
3883 2366 4012 2420 καθ’

2429 2455 2576 2527 ἡμᾶς
2609 2455 2939 2526 Ἐκκλησίαν
2983 2459 3397 2530 συναντήσαντα
3435 2458 3647 2530 χαλεπά
3670 2474 3684 2489 ·
3729 2459 3822 2513 καὶ
3860 2459 4014 2513 δοκεῖ

2432 2563 2523 2618 μοι
2575 2545 2634 2600 τὸ
2673 2547 2909 2619 γράφειν
2967 2549 3099 2620 περὶ
3146 2549 3258 2604 τῶν
3314 2551 3495 2604 αὐτῶν
3553 2550 3719 2606 πάλιν
3750 2551 3856 2618 ἕξω
3905 2549 4007 2608 τοῦ

2427 2639 2642 2703 δόοντος
2665 2635 2807 2694 εἶναι
2831 2645 2926 2696 καὶ
2955 2642 3234 2712 περιττόν.
3260 2642 3409 2714 Πλὴν
3438 2643 3598 2697 τοῦτο
3633 2644 4006 2715 γνωρίζομεν,

2427 2729 2512 2784 ὅτι
2543 2729 2650 2799 πρὸ
2685 2729 2780 2784 τοῦ
2815 2731 3085 2804 παρόντος
3123 2731 3458 2803 γράμματος
3501 2733 3826 2805 ἐγράψαμεν
3864 2731 4007 2801 πρὸς

2427 2819 2527 2890 τὴν
2567 2819 2719 2889 ὑμῶν
2762 2823 3143 2893 μακαριότητα
3166 2822 3251 2878 διὰ
3283 2822 3377 2876 τοῦ
3416 2823 3681 2893 κληρικοῦ
3704 2822 3798 2876 τοῦ
3832 2821 4014 2876 Ἀδεο-

2428 2913 2588 2969 δάτου
2629 2915 2720 2969 καὶ
2755 2915 2964 2986 Πέτρου
3004 2915 3098 2969 τοῦ
3133 2915 3370 2986 πατρίδα
3426 2915 3526 2987 μιν
3560 2915 3860 2986 ἐσχηκότος
3905 2913 4010 2984 τὴν

2442 3005 2683 3078 Ῥώμην,
2728 3007 3000 3080 ἡμετόρου
3036 3008 3092 3063 δὲ
3127 3010 3267 3079 μετὰ
3292 3009 3390 3080 τὴν
3423 3009 3683 3064 ἐπάνοδον
3717 3007 3875 3081 ἡμῶν
3904 3007 4010 3079 τὴν

2431 3103 2488 3158 δν
2511 3102 2587 3173 τῷ
2640 3102 2813 3173 θρόνῳ
2880 3103 3319 3174 χρηματίσαντος
3376 3103 3691 3173 ἀνθρώπου,
3747 3101 4002 3172 καθὼςή

2428 3195 2537 3248 τῶν
2568 3195 2909 3264 πραγμάτων
2959 3193 3342 3251 ἀκολουθίαέν
3374 3197 3440 3268 τῇ
3478 3193 3600 3248 καθ’
3645 3194 3793 3265 ἡμᾶς
3841 3193 4011 3262 γέγο-

2430 3304 2520 3342 νεν
2555 3287 2856 3360 Ἐκκλησία
2879 3302 2894 3319 ο
2935 3287 3089 3357 λόγος
3119 3287 3416 3356 ἀναγκαῖος
3447 3286 3584 3357 πρός
3621 3285 3682 3339 τὸ
3716 3301 4011 3356 καταργη-

757 3374 1034 3430 vinculum
1065 3375 1420 3446 eamdemque
1440 3375 1702 3431 unitatem
1731 3389 1850 3431 esse
1870 3390 1932 3430 ac
1952 3374 2019 3430 ab
2043 3373 2330 3431 initimSed

2435 3377 2597 3447 θῆναι
2641 3377 2739 3448 μὶν
2771 3376 2952 3431 τέλεον
3000 3378 3068 3431 τά
3115 3375 3461 3448 προλαϐόντα
3517 3375 3824 3430 σκάνδαλα·
3859 3370 4010 3428 εἶναι

758 3471 1146 3538 imperatorum
1189 3483 1218 3523 a
1266 3469 1374 3524 Deo
1405 3477 1792 3524 coronatorum
1849 3467 2194 3539 filiorumque
2230 3483 2328 3524 no-

758 3569 999 3616 strorum
1034 3559 1291 3615 mandata
1324 3559 1389 3615 ad
1422 3575 1549 3616 eum
1597 3562 1767 3617 missa
1801 3568 1930 3616 sunt
1958 3567 2015 3614 ut
2051 3560 2140 3615 ille
2179 3568 2328 3616 tuam

757 3652 915 3708 adeat
937 3651 1279 3708 sanctitatem
1303 3654 1463 3724 eique
1488 3652 1667 3709 tradat
1695 3667 1941 3720 munera,
1959 3653 2004 3710 si
2027 3670 2131 3725 qua
2163 3655 2332 3710 missa

758 3755 907 3813 sunt,
954 3745 1220 3802 rationem
1255 3747 1532 3813 reddens,
1582 3756 1638 3802 ct
1685 3747 1810 3803 inde
1866 3757 1970 3803 ture
2023 3747 2333 3805 sanctitatis

760 3834 934 3892 nuntii
971 3835 1197 3892 redeant
1232 3845 1286 3892 et
1328 3836 1395 3891 ad
1451 3853 1548 3892 nos
1590 3847 1910 3904 accurrant,
1955 3848 2015 3894 ut
2056 3839 2334 3894 communi

761 3927 994 3985 consilio
1037 3936 1255 3984 tuorum
1329 3927 1629 4000 legatorum
1673 3939 1726 3985 et
1764 3941 1964 3986 nostra:
2012 3930 2338 3986 humilitatis

765 4025 1013 4076 t'rmetur
1078 4020 1223 4092 quod
1285 4019 1465 4078 adhuc
1519 4020 1870 4093 agitationis,
1911 4021 2336 4092 praecedentium

763 4111 1147 4170 scandaiorum
1171 4128 1362 4182 causa,
1390 4113 1445 4171 in
1463 4112 2069 4187 Constantinopolitano
2096 4113 2336 4171 Ecclesia

766 4215 1037 4275 superest.

2426 3469 2484 3524 δι
2514 3468 2703 3540 ὥσπερ
2732 3468 2789 3536 εξ
2819 3469 2991 3539 ἀρχῆς
3022 3468 3165 3522 οὕτω
3202 3468 3299 3523 καὶ
3325 3467 3419 3522 νῦν
3448 3467 3539 3521 τὸν
3575 3465 3871 3535 σύνδεσμον
3911 3469 4011 3520 καὶ

2427 3561 2524 3635 τὴν
2559 3562 2752 3616 ἕνωσιν
2783 3563 2878 3633 τῆς
2924 3579 2982 3615 τε
3015 3561 3330 3632 Ῥωμαῖκῆς
3372 3559 3720 3631 Ἐκκλησίας.
3782 3560 3875 3614 καὶ
3909 3561 4016 3627 τῆς

2431 3653 2493 3707 ιν
2544 3650 3121 3706 Κωνσταντινουπόλει
3171 3650 3325 3722 παρά
3385 3650 3521 3705 Θεοῦ
3558 3650 4012 3721 κυϐερνωμένης.

2432 3743 2754 3816 ἐγράψαμεν
2803 3743 2861 3798 δὲ
2909 3743 3005 3798 καὶ
3045 3742 3124 3815 τῷ
3164 3742 3666 3816 πρωτοσπαθαρίῳ.
3712 3744 3874 3798 Ἀλλά
3915 3745 4016 3795 καὶ

2435 3836 2545 3889 τῶν
2569 3835 2878 3904 θεοστεφῶν
2912 3833 3194 3904 βασιλέων.
3225 3833 3318 3890 καὶ
3350 3832 3557 3890 τέκνων
3603 3833 3784 3906 ἡμῶν,
3816 3832 4014 3888 κίλευ-

2439 3944 2523 3993 σις
2555 3929 2692 3998 πρός
2722 3927 2887 3980 αὐτὸν
2935 3926 3280 3998 ἰξεπίμφθη,
3315 3926 3456 3981 ὥστε
3494 3925 3825 3981 καταλαϐεῖν
3856 3927 4014 3979 ἐκεῖ-

2436 4037 2527 4076 νον
2555 4021 2692 4093 πρὸς
2720 4019 2817 4092 τὴν
2869 4019 3025 4092 ὑμῶν
3069 4019 3385 4092 ἁγιωσύνην
3413 4019 3509 4075 καλ⁵
3553 4019 3842 4075 ἀποδοῦναι
3873 4017 3926 4072 εἴ
3960 4036 4018 4074 τι

2436 4110 2750 4182 ιξεπόμφθη
2808 4110 2966 4180 λόγον
3026 4109 3220 4183 ἔχοντα
3285 4110 3497 4179 ξενίων,
3565 4112 3660 4166 καὶ
3720 4109 4020 4166 ἀναλαϐεῖν

2437 4203 2665 4258 αὐτόθεν
2695 4203 3030 4267 ἀποστόλους
3065 4205 3165 4270 τῆς
3203 4203 3358 4273 ὑμῶν
3406 4204 3716 4274 ἁγιότητος,
3746 4204 3838 4257 καὶ
3872 4205 4014 4256 ἁνα-

764 4294 992 4367 δραμεῖν
1017 4295 1151 4368 πρὸς
1207 4297 1355 4367 ἡμᾶς
1418 4294 1511 4350 τοῦ
1552 4298 1705 4367 κοινῇ
1774 4295 2028 4367 συνέδρια
2073 4294 2182 4349 τῶν
2211 4311 2269 4349 τε
2338 4293 2619 4364 ὑμετέρων
2685 4291 3000 4348 ἀποστόλων
3075 4294 3166 4346 καὶ
3245 4294 3344 4365 τῆς
3407 4293 3564 4364 ἡμῶν
3624 4293 4019 4361 ταπεινότητος

767 4388 1091 4444 εὐστάθειαν
1123 4388 1307 4444 λαϐεῖν
1331 4390 1384 4445 εῖ
1411 4406 1463 4444 τι
1496 4388 1591 4444 καὶ
1640 4388 1719 4444 ετι
1768 4389 2119 4444 ὑπολείπεται
2146 4389 2332 4444 ἕνεκεν
2371 4386 2480 4441 τῶν
2551 4385 2931 4459 προλαϐόντων
2998 4387 3312 4442 σκανδάλων
3344 4390 3400 4443 ἐν
3453 4391 3515 4461 τῇ
3563 4389 4019 4442 Κωνσταντινου-

768 4483 1005 4538 πολιτῶν
1048 4482 1347 4555 Ἐκκλησία
1374 4481 1822 4553 στασιαζόμενον.

843 4574 898 4628 Si
940 4573 1105 4646 igitur
1161 4571 1235 4627 illi
1269 4571 1334 4627 nd
1386 4588 1482 4628 vos
1536 4574 1876 4644 perveniant,
1899 4573 2330 4645 adimplebutttut

2518 4572 2583 4626 Ei
2621 4571 2720 4642 μὲν
2745 4565 2839 4626 οὖν
2870 4571 3066 4625 ἐκεῖνοι
3097 4570 3395 4625 κατέλαϐον
3428 4573 3562 4644 πρὸς
3594 4574 3760 4645 ὑμᾶς,
3787 4576 4021 4648 πληρω-

766 4684 831 4728 ea
863 4681 982 4738 qua
1011 4681 1040 4720 a
1069 4679 1157 4721 me
1183 4665 1384 4736 scripta
1432 4675 1560 4723 sunt
1602 4681 1696 4738 per
1725 4682 1913 4722 eorum
1950 4682 2074 4722 cum
2109 4668 2217 4722 tuis
2263 4666 2340 4723 ie-

768 4759 908 4833 gatis
931 4756 1185 4812 reditum.
1211 4755 1266 4812 Si
1292 4757 1495 4824 minus,
1541 4765 1598 4812 ut
1631 4758 1794 4813 rebus
1830 4758 2085 4813 humanis
2118 4757 2336 4822 accidit,

771 4849 869 4908 tibi
910 4848 1104 4905 adesse
1129 4857 1419 4919 nequeant,
1463 4849 1554 4905 ille
1598 4859 1744 4905 certe
1770 4849 1860 4920 qui
1915 4849 2054 4904 hanc
2082 4847 2186 4906 i'ert
2223 4848 2340 4919 epi-

768 4944 964 5004 stolam
993 4956 1023 4997 a
1059 4949 1242 4998 nostra
1284 4941 1588 4998 humilitate
1622 4941 1846 4998 edoctus
1899 4942 2079 4997 omnia
2111 4941 2205 4997 tibi
2240 4954 2339 4995 an-

771 5033 1061 5088 nuntinhit.
1095 5032 1157 5086 Et
1202 5048 1347 5099 cum,
1399 5032 1504 5088 Deo
1552 5033 1797 5098 volente,
1842 5034 1905 5088 ad
1963 5048 2062 5089 nos
2117 5032 2338 5097 redibit,

773 5126 1042 5181 mediante
1069 5126 1230 5181 etiam
1266 5135 1458 5180 vestrae
1496 5126 1809 5182 sanctitatis
1847 5125 2139 5188 citatitate,
2174 5139 2337 5195 quam

767 5219 1025 5274 Christus
1048 5227 1100 5272 et
1118 5217 1260 5273 Deus
1280 5226 1464 5274 noster
1483 5219 1636 5274 nobis
1664 5218 1901 5289 reliquit,
1922 5233 2045 5273 eum
2071 5233 2135 5273 eo
2158 5232 2343 5273 accur-

774 5316 897 5365 tent
948 5308 1132 5378 legati,
1185 5319 1244 5363 ut
1277 5309 1412 5364 nihil
1456 5309 1566 5378 jam
1609 5325 1798 5365 eorum
1844 5325 1966 5380 quae
2004 5309 2343 5364 correctione

774 5409 952 5470 egent.
978 5400 1350 5457 incorrectum
1383 5409 1601 5458 maneat
1624 5410 1783 5473 atque
1817 5400 2114 5456 Ecclesium
2149 5399 2343 5455 alliciat

774 5493 1019 5549 tristitia.
1057 5492 1115 5548 Si
1145 5494 1289 5548 enim
1325 5508 1431 5548 non
1472 5494 1717 5556 omnino,
1750 5501 1987 5548 attamen
2023 5493 2190 5562 gratia
2224 5493 2343 5562 eius

771 5585 868 5659 qui
895 5593 1154 5641 aeternum
1183 5586 1465 5642 hominum
1494 5588 1776 5643 dissitlinm
1803 5587 1853 5640 itt
1880 5587 2139 5642 unitatem
2165 5594 2344 5640 trans-

774 5679 1023 5745 tnntavit,
1063 5688 1250 5735 nostra
1303 5678 1544 5736 Ecclesia
1617 5680 1726 5750 jam
1797 5679 2058 5734 unitatem
2109 5679 2340 5748 recepit;

777 5782 905 5824 nam
936 5785 1158 5826 necesse
1187 5781 1266 5825 est
1293 5781 1346 5824 nt
1380 5771 1424 5826 si
1450 5771 1578 5842 quiti
1605 5771 1857 5826 malitiosi
1877 5771 2138 5826 daemonis
2166 5769 2342 5824 adhuc

776 5866 1034 5934 supersit,
1068 5866 1120 5924 id
1159 5867 1458 5936 abolentur,
1514 5877 1562 5922 et
1617 5882 1831 5922 tursnnt
1872 5865 1924 5921 in
1975 5863 2215 5921 Ecclesia
2251 5862 2341 5918 llci

2446 4664 2672 4734 θήσεται
2702 4661 2772 4715 τά
2800 4661 3165 4732 γεγραμμένα
3193 4662 3278 4716 διά
3313 4664 3409 4731 τῆς
3439 4663 3661 4716 ἀκτίνων
3694 4665 3878 4718 ἀνόδου
3919 4670 4022 4722 σὺν

2441 4758 2553 4817 τοῖς
2577 4756 2864 4826 ὑμετέροις
2891 4753 3233 4819 ἀποστόλοις.
3270 4755 3329 4808 El
3353 4755 3432 4820 δὲ,
3458 4751 3544 4812 οἷα
3579 4755 3645 4809 τά
3671 4755 4020 4828 ἀνθρώπινα,

2442 4849 2674 4912 εκείνοις
2699 4847 2799 4902 οὐκ
2826 4846 3106 4914 ῖξεγένετο
3147 4848 3494 4919 παραστῆναι
3529 4850 3680 4919 ὑμῖν,
3715 4849 3830 4903 ἀλλ’
3855 4846 4023 4915 οὗτος

2441 4945 2470 4997 ό
2506 4942 2567 4996 τδ
2621 4940 2794 5012 παρὸν
2834 4941 3068 5012 γράμμα
3118 4941 3602 5012 δπικομιζόμενος,
3635 4941 3820 5006 καθὼς
3863 4945 4024 5014 παρά

2441 5035 2543 5105 τῆς
2573 5034 2735 5105 ἡμῶν
2777 5032 3172 5103 ταπεινότητος
3212 5032 3476 5105 ινηχήθη,
3521 5033 3742 5096 πάντως
3795 5033 4026 5104 ἀπαρα-

2441 5127 2675 5190 λείπτως
2693 5126 2996 5196 ἀπαγγελεῖ
3031 5128 3226 5187 πάντα,
3247 5125 3363 5192 καὶ,
3393 5125 3530 5180 Θεοῦ
3553 5126 3902 5196 βουλομένου,
3922 5126 4027 5194 τὴν

2443 5217 2701 5272 ἆπάνοδον
2752 5215 2914 5271 αὐτοῦ
2977 5215 3302 5279 ποιουμένου
3360 5217 3498 5284 πρὸς
3535 5217 3602 5269 τὰ
3633 5214 3888 5278 ινταῦοα,
3919 5217 4026 5284 τῆς

2443 5311 2665 5378 ἀγάπης
2697 5309 3091 5378 μεσιτευούσης
3130 5310 3196 5378 ἣν
3240 5309 3532 5361 κατέλιπεν
3565 5309 3694 5378 ἡμῖν
3721 5309 3748 5361 ό
3781 5307 4024 5375 Χριστος

2444 5404 2535 5458 καὶ
2584 5403 2717 5465 Θεὸς
2772 5402 2928 5472 ἡμῶν
2962 5402 3062 5468 τῆς
3093 5400 3365 5472 ὑμετέρας
3398 5400 3730 5471 ἁγιωσύνης,
3776 5399 4018 5470 ἀναδρα-

2449 5492 2675 5564 μοῦνται
2730 5494 2826 5545 σὺν
2880 5491 3028 5562 αύτῷ
3080 5492 3130 5545 oi
3189 5491 3498 5554 ἀπόστολοι,
3557 5490 3644 5543 ῖνα
3703 5488 3870 5560 μηδὲν
3934 5489 4022 5542 ιτι

2445 5586 2744 5654 παραλυπῇ
2772 5584 2867 5654 τὴν
2906 5584 3231 5652 Ἐκκλησίαν
3267 5583 3596 5655 ἀδιόρθωτον
3638 5581 3697 5635 ὃν
3744 5580 3852 5634 τῶν
3893 5579 4021 5634 6co-

2448 5679 2626 5750 μένων
2656 5675 3104 5747 ἀπανορθώσεως.
3138 5677 3198 5730 Ei
3235 5679 3340 5746 γάρ
3362 5677 3456 5729 καὶ
3496 5673 3569 5745 μὴ
3594 5674 3655 5728 τδ
3682 5674 3824 5736 ὅλον,
3851 5671 4021 5736 ἀλλὰ,

2447 5769 2627 5839 χάριτι
2652 5766 2743 5821 τοῦ
2768 5768 2865 5837 τὴν
2891 5766 3108 5822 αἰώνιον
3132 5767 3238 5821 τῶν
3265 5766 3572 5836 ἀνθρώπων
3604 5766 3889 5820 διάστασιν
3936 5766 4022 5826 εἰς

2449 5860 2643 5916 ἕνωσιν
2708 5858 3239 5929 μετασκευάσαντος,
3281 5860 3312 5931 ἡ
3350 5857 3467 5914 καθ’
3515 5859 3661 5930 ἡμᾶς
3711 5856 4027 5927 ἀπείληφεν
