4182 6428
759 413 863 476 283

1895 421 2213 482 NICOLAI
2256 421 2368 484 CP.
2411 423 2924 487 PATRIARCH/E

3911 429 4024 492 284

761 525 1094 594 glorilicetur
1121 527 1265 583 Deus
1303 529 1356 582 in
1386 528 1514 593 illis,
1558 529 1940 598 gloriﬁcemini
1972 541 2025 586 et
2053 549 2172 598 vos,
2200 549 2340 604 prae-

2447 537 2656 602 σεσείας
2681 540 2743 591 ὲκ
2765 538 2875 592 τῶν
2914 539 3008 592 ὑπ’
3035 539 3244 595 ἐκείνου
3277 541 3658 613 κατεχομένων
3682 545 3892 614 ψυχῶν,
3924 549 4025 598 καὶ

761 619 900 672 senti
928 619 1130 674 smculo
1183 631 1236 675 et
1287 619 1495 688 futuro,
1541 621 1725 677 divina
1776 631 1830 678 et
1875 624 2167 679 immortali
2219 627 2334 696 glo-

763 723 864 766 rla.

2440 628 2824 691 ἀνατέλλοντες
2849 631 3031 693 αὐτοῖς
3074 635 3173 701 τῆς
3223 633 3497 703 σωτηρίας
3534 635 3596 687 τὸ
3625 634 3826 703 φέγγος
3850 652 3863 666 ο
3902 636 4024 699 ἵνα,

2436 718 2503 770 δι’
2524 719 2678 789 ὑμῶν
2699 723 2796 789 τῆς
2821 722 3055 784 πίστεως
3076 723 3263 776 αὐτόθι
3285 725 3700 795 κρατυνθείσης,
3724 726 4023 796 δοξάζηται

763 801 863 869 μὲν
889 803 915 853 ὁ
951 801 1082 863 Θεὸς
1126 803 1184 855 ὲν
1241 804 1447 869 αὐτοῖς,
1480 803 1828 876 δοξασθείητε
1869 807 1926 860 δὲ
1960 811 2052 862 καὶ
2084 811 2242 878 ὑμεῖς
2283 809 2342 863 ἐν
2382 811 2460 880 τῷ
2521 813 2748 884 παρόντι
2801 814 2957 867 αίῶνι
2995 815 3090 869 καὶ
3155 817 3212 869 ὲν
3289 817 3365 884 τῷ
3412 817 3657 886 μέλλοντι
3690 822 3755 888 τῇ
3781 818 3900 888 θείᾳ
3928 822 4025 871 καὶ

760 893 939 962 ἀλύτῳ
971 893 1117 962 δόξῃ.

837 982 941 1039 Vos
962 987 1148 1040 multis
1170 986 1397 1042 detineri
1423 989 1556 1054 scio,
1578 990 1872 1061 multisque
1892 993 2091 1047 arctari
2114 1008 2328 1049 sacram

761 1088 1000 1134 vostram
1034 1081 1221 1135 vitam.
1257 1081 1368 1153 Ego
1406 1086 1577 1148 enim,
1611 1096 1670 1140 ut
1703 1086 1912 1156 justum
1942 1095 2049 1150 est,
2086 1087 2190 1142 loci
2237 1101 2332 1143 so-

763 1169 1045 1224 litndinem
1103 1181 1381 1241 reputans.
1455 1176 1695 1230 virorum
1769 1177 2098 1246 quibuscum
2154 1178 2337 1232 vivitis

763 1277 964 1327 mores,
987 1271 1041 1317 et
1062 1262 1260 1319 indolis
1285 1266 1666 1322 diversitatem
1699 1285 1729 1323 a
1761 1277 1948 1323 vestro
1976 1269 2338 1339 apocrisiario

759 1352 1014 1412 cdoceor.
1050 1356 1302 1411 Attamen
1334 1373 1396 1413 ea
1425 1375 1546 1427 quae
1585 1374 1731 1415 nunc
1763 1371 1893 1415 sunt
1923 1377 2029 1417 non
2063 1372 2189 1416 sunt
2214 1380 2338 1416 con-

765 1445 940 1514 digna:
971 1453 1040 1501 ad
1065 1450 1306 1518 futuram
1337 1451 1565 1521 gloriam
1596 1469 1713 1522 quae
1739 1454 2054 1508 revelabitur
2083 1456 2136 1508 in
2165 1457 2348 1522 nobis;

761 1539 826 1591 ad
861 1555 1022 1606 quam
1064 1542 1394 1611 aspicientes
1424 1545 1779 1616 laboremque
1817 1557 1871 1601 et
1918 1550 2198 1617 angustias
2250 1565 2342 1604 se-

759 1630 940 1685 cundo
979 1632 1101 1686 loco
1152 1644 1454 1701 ponentes,
1528 1637 1838 1693 beatiﬁeum
1905 1651 2148 1694 vestrum
2203 1657 2344 1711 opus

757 1721 1004 1788 perficite
1046 1734 1100 1778 et
1131 1726 1281 1780 omni
1323 1737 1528 1783 conatu
1579 1732 1890 1786 ﬁrmitatem
1947 1751 2138 1790 recens
2192 1752 2344 1791 com-

2515 986 2646 1045 Οἶδα
2681 991 2778 1061 μὲν
2809 991 2892 1043 ὅτι
2941 990 3110 1044 πολλὰ
3141 992 3208 1044 τὰ
3243 993 3538 1062 συνέχοντα
3577 994 3741 1064 ὑμᾶς,
3784 998 3878 1050 καὶ
3919 1001 4028 1069 τήν

2441 1083 2595 1155 ἱερὰν
2623 1083 2776 1151 ὑμῶν
2837 1086 3272 1154 στενοχωροῦντα
3325 1087 3470 1158 ζωήν
3500 1105 3514 1120 ·
3540 1091 3704 1153 αὐτός
3753 1109 3811 1143 τε
3841 1093 3913 1155 ῶς
3939 1096 4026 1146 εί-

2445 1177 2540 1241 κὺς
2574 1175 3023 1244 ἀναλογιζόμενος
3051 1177 3146 1229 τοῦ
3167 1178 3335 1232 τόπου
3361 1181 3459 1249 τὴν
3490 1181 3749 1251 ἐρημίαν,
3778 1185 3870 1236 καὶ
3907 1187 4025 1238 τῶν

2448 1269 2657 1340 ἀνδρῶν
2685 1264 2764 1328 οἷς
2795 1270 3111 1338 συνδιάγετε
3141 1271 3235 1323 τὸν
3263 1271 3486 1340 τρόπον,
3515 1274 3611 1326 καὶ
3641 1274 3734 1327 τοῦ
3774 1277 3936 1345 ἤθους
3961 1277 4028 1329 τὸ

2447 1361 2726 1432 ἀλλότριον
2751 1363 2848 1414 καὶ
2905 1362 3055 1430 παρά
3087 1361 3182 1415 τοῦ
3230 1363 3384 1433 ὑμῶν
3417 1365 3839 1436 ἀποκρισιαρίου
3860 1369 4026 1422 τοῦτο

2446 1453 2578 1508 αὐτὸ
2639 1453 2928 1522 διδαχθείς.
2967 1455 3158 1524 Ὅμως
3211 1455 3312 1509 οὐκ
3347 1456 3473 1521 ἄξια
3506 1457 3574 1510 τὰ
3611 1460 3761 1528 παρά
3792 1459 3884 1512 τοῦ
3924 1461 4026 1512 νῦν

2445 1545 2639 1615 καιροῦ
2695 1545 2830 1615 πρὸς
2883 1544 2983 1613 τὴν
3032 1545 3331 1614 μέλλουσαν
3359 1547 3516 1611 δόξαν
3562 1550 4026 1619 ἀποκαλυφθῆναι

2445 1639 2594 1707 ὑμῖν,
2639 1639 2776 1707 πρὸς
2803 1637 2871 1708 ἢν
2899 1638 3212 1708 ἀφορῶντες
3242 1639 3334 1691 καὶ
3361 1640 3454 1694 τὸν
3484 1641 3644 1693 πόνον
3666 1644 3759 1694 καὶ
3786 1642 3882 1711 τὴν
3909 1660 4030 1696 στε-

2443 1729 2708 1799 νοχωρίαν
2747 1731 2805 1782 ἐν
2829 1730 3070 1800 δευτέρῳ
3115 1729 3413 1799 τιθέμενοι,
3464 1731 3526 1783 τὸ
3563 1733 3835 1802 μακάριον
3864 1734 4032 1803 ἔργον

764 1817 981 1880 punctis
1007 1816 1212 1885 addite,
1240 1830 1293 1874 et
1321 1821 1402 1876 eis
1433 1823 1806 1892 relinquentes
1831 1829 1921 1894 qui
1956 1843 2056 1897 pro
2089 1830 2241 1884 vobis
2279 1831 2343 1884 ad

2450 1821 2604 1888 ὑμῶν
2629 1817 2975 1883 τελειώσατε,
3020 1821 3115 1872 καὶ
3142 1819 3291 1890 πάσῃ
3331 1819 3559 1887 δυνάμει
3604 1821 3695 1873 τὸν
3722 1824 4031 1891 στηριγμὺν

761 1922 1011 1962 securam
1045 1909 1190 1965 viam
1222 1927 1318 1967 eos
1356 1914 1607 1985 doctrina
1637 1916 1874 1985 dirigere
1899 1918 2100 1973 debent
2124 1936 2342 1974 eorum-

757 2015 864 2066 que
896 2000 1126 2056 salutem
1165 2019 1401 2072 curare;
1447 2015 1691 2075 tempore
1741 2023 1836 2062 vos
1872 2009 2141 2064 invitante
2182 2011 2345 2066 simul

759 2104 822 2142 ac
877 2092 1240 2158 inspiratione
1281 2098 1509 2162 divina,
1559 2100 1625 2153 ad
1681 2111 1923 2155 nostram
1977 2104 2344 2161 humilitatem

766 2184 1051 2249 accurrite,
1083 2187 1314 2254 propriis
1355 2190 1531 2245 vcrhis
1566 2201 1806 2247 nostram
1837 2195 2172 2265 adaugentcs
2217 2215 2340 2268 gra-

770 2272 898 2325 tiam
927 2292 1089 2342 quam
1120 2293 1182 2332 ex
1214 2279 1280 2334 iis
1321 2281 1414 2350 qui
1462 2283 1527 2338 ad
1564 2285 1840 2339 Christum
1877 2302 1971 2355 per
2008 2289 2336 2358 baptismum

759 2365 1110 2422 adducuntur
1140 2373 1504 2442 possidemus,
1525 2385 1576 2430 ct
1606 2376 1864 2432 Ecclesia:
1895 2379 2096 2434 laetitia:
2129 2383 2348 2450 partici-

759 2466 949 2523 pautes
981 2475 1142 2526 quam
1183 2461 1474 2518 invocatur
1509 2467 1611 2523 sibi
1659 2467 1758 2536 ipsi
1791 2471 2139 2538 sperantibus
2164 2488 2258 2540 per
2290 2488 2347 2527 se

758 2547 934 2615 ipsum
966 2551 1214 2607 adhibuit
1244 2556 1336 2624 qui
1378 2567 1458 2610 est
1521 2573 1617 2627 per
1661 2560 1901 2630 scipsum
1943 2558 2193 2615 Salvator
2249 2578 2345 2616 uo-

758 2649 872 2694 ster
900 2651 951 2694 ct
991 2641 1155 2702 Deus.

2441 1914 2550 1973 τοῖς
2584 1912 2872 1978 νεοπαγέσι
2923 1911 3355 1981 περι-ποιήσασθε
3383 1927 3396 1940 ·
3451 1913 3546 1964 καὶ
3583 1913 4030 1982 καταλιμπάνον-

2441 2020 2532 2065 τες
2559 2002 2743 2064 αὐτοῖς
2775 2003 2902 2063 τοὺς
2933 2000 3223 2071 ἀνθ’ὑμῶν
3261 2001 3556 2071 μέλλοντας
3605 2005 3670 2072 τῇ
3702 2003 4032 2073 διδασκαλὲᾳ

2445 2101 2579 2164 πρὸς
2601 2094 2700 2166 τὴν
2749 2093 2965 2162 ἀπλανῆ
3003 2093 3120 2145 ὁδὸν
3145 2096 3368 2156 τούτους
3408 2093 3904 2163 καθοδηγήσασθαι,
3933 2097 4032 2147 καὶ

2445 2189 2542 2256 τῆς
2576 2185 2852 2254 σωτηρίας
2899 2183 3082 2236 αὐτῶν
3134 2183 3648 2252 ἀντιλαμϐάνεσθαι,
3697 2184 3889 2253 καιροῦ
3921 2201 4033 2237 κα·-

2446 2277 2666 2340 λοῦντος
2701 2277 2842 2346 μετὰ
2891 2277 2990 2344 τῆς
3031 2275 3240 2329 ἄνωθεν
3281 2276 3709 2339 συνεπινεύσεως
3759 2276 3893 2344 πρὸς
3924 2283 4033 2346 τήν

2451 2371 2610 2440 ήμῶν
2658 2369 3000 2439 ἀναδράμετε
3050 2366 3419 2437 μετριότητα,
3486 2367 3709 2429 οἰκείοις
3753 2385 3813 2420 τε
3847 2368 4032 2434 λόγοις

2451 2465 2710 2529 αὔξοντες
2743 2460 2898 2529 ἡμῶν
2927 2459 3025 2528 τήν
3077 2460 3257 2530 χάριν,
3294 2461 3361 2529 ἣν
3409 2461 3499 2511 ἐπὶ
3531 2462 3641 2523 τοῖς
3679 2460 4032 2530 προσαγομέο

2449 2574 2562 2619 νοις
2610 2554 2833 2625 Χριστῷ
2903 2554 2980 2622 τῷ
3032 2553 3150 2623 Θεῴ
3211 2555 3366 2622 ήμῶν
3428 2555 3745 2623 κεκτήμεθα
3796 2554 3883 2606 διὰ
3932 2552 4032 2606 τοῦ

2453 2649 2853 2720 βαπτίσματος,
2885 2647 2979 2700 καὶ
3001 2645 3466 2716 συνησθησόμενοι
3499 2649 3592 2700 ἐπὶ
3624 2651 3687 2716 τῇ
3717 2645 4032 2716 εὐφροσύνῃ

759 2729 860 2793 τῆς
938 2733 1286 2807 Ἐκκλησίας,
1339 2739 1404 2809 ἣν
1471 2740 1842 2812 παρακληθεὶς
1901 2741 1992 2812 ὑφ’
2053 2740 2250 2798 ἑαυτοῦ
2316 2741 2345 2795 ό
2397 2740 2589 2812 Σωτὴρ
2672 2740 2830 2809 ήμῶν
2888 2737 2985 2790 καὶ
3047 2736 3181 2799 Θεὸς
3241 2738 3355 2800 τοῖς
3417 2736 3505 2790 ἔπ’
3553 2736 3705 2808 αὐτῷ
3755 2737 4036 2809 παρέσχεν

757 2825 1094 2891 ἐλπίζουσιν.

1320 2943 1537 3002 LXXX.
1578 2944 1812 3003 Incerto.

832 3054 1067 3112 Litteras
1110 3066 1264 3125 tuas,
1297 3059 1374 3114 mi
1417 3058 1523 3125 ﬁli,
1561 3062 1907 3132 accepimus;
1935 3071 1985 3118 et
2018 3063 2086 3120 de
2117 3072 2336 3119 castro-

3039 2938 3121 2991 η’.
3163 2937 3406 3009 Ἀδήλιρ.

2513 3061 2595 3115 Τὰ
2616 3058 2922 3131 γράμματά
2977 3075 3092 3124 σου,
3118 3059 3312 3112 τέκνον
3356 3061 3536 3129 ήμῶν,
3572 3061 3898 3132 ἐδεξάμεθα.
3928 3067 4031 3118 καὶ

766 3167 886 3206 rum
917 3151 1241 3218 vastatione,
1273 3162 1565 3223 antequam
1599 3154 1725 3210 inde
1743 3153 1942 3218 exires,
1965 3161 2020 3208 et
2049 3163 2101 3209 te
2121 3164 2176 3209 et
2201 3155 2338 3210 alios

2447 3154 2575 3224 περὶ
2633 3154 2733 3222 τῆς
2780 3151 3118 3222 ἐρημώσεως
3170 3152 3282 3204 τῶν
3329 3153 3583 3224 κάστρων
3634 3153 3727 3206 καὶ
3773 3155 3879 3224 πρὸ
3929 3157 4034 3208 τοῦ

763 3243 1108 3310 audivimus;
1152 3253 1206 3298 et
1247 3245 1361 3300 scio
1406 3254 1456 3300 te
1503 3254 1636 3300 tunc
1681 3262 1808 3300 vera
1851 3246 2055 3300 dixisse
2104 3256 2152 3301 et
2193 3262 2339 3301 nunc

760 3337 962 3392 dicere.
997 3335 1068 3390 Ea
1100 3337 1261 3405 igitur
1284 3338 1524 3392 scribere
1555 3339 1928 3409 supersedens
1955 3340 2116 3394 nobis
2162 3340 2340 3394 scribe

767 3441 839 3492 te,
896 3428 1006 3484 Deo
1063 3429 1373 3499 ailjnvante,
1419 3445 1602 3485 rerum
1658 3441 1988 3485 vastatarum
2027 3431 2339 3486 restitutio-

764 3534 886 3571 nem
919 3517 1134 3583 fecisse,
1166 3520 1348 3574 omnia
1376 3536 1498 3591 qua:
1555 3521 1764 3589 priores
1811 3520 1978 3575 duces
2017 3521 2339 3590 negligentia

762 3625 862 3664 sua
898 3610 1264 3678 perdiderant,
1315 3621 1366 3666 te
1399 3611 1683 3680 prudentia
1732 3622 1820 3664 tua
1868 3611 2243 3679 acquisivisse,
2280 3619 2335 3664 et

763 3716 896 3754 cura
937 3710 1026 3754 tua
1056 3702 1350 3756 stabilissc.
1379 3701 1456 3755 lta
1478 3704 1621 3755 enim
1649 3701 1824 3770 major
1852 3701 2136 3770 apparebit
2168 3700 2341 3754 virtus

765 3801 878 3856 tua,
911 3800 965 3844 et
999 3805 1195 3862 magno
1223 3802 1414 3846 nostro
1459 3791 1778 3860 imperatori
1825 3792 2066 3860 placebis
2095 3791 2342 3862 dignam-

764 3899 871 3951 que
925 3885 989 3938 ab
1023 3899 1089 3938 eo
1147 3885 1394 3938 mercede
1438 3883 1660 3938 frueris.
1714 3883 1788 3937 De
1839 3884 2019 3954 impiis
2065 3893 2118 3938 et
2165 3883 2342 3936 atheis

765 3975 1014 4030 hostibus
1064 3975 1247 4030 sciens
1299 3991 1409 4028 non
1469 3975 1523 4028 in
1579 3975 1763 4043 p0pu|i
1825 3973 2174 4028 multitudine
2223 3988 2343 4027 esse

765 4067 954 4132 robur,
1014 4067 1106 4121 sed
1169 4067 1223 4120 in
1279 4066 1489 4137 justitia
1553 4076 1720 4136 atquc
1763 4065 2078 4126 concordia.
2126 4066 2342 4119 etiamsi

768 4177 971 4229 paucos
1009 4161 1211 4215 habeas
1242 4161 1466 4224 milites,
1507 4161 1610 4214 hoc
1642 4174 1736 4214 eos
1766 4159 1920 4221 doce,
1967 4157 2182 4212 fortiter
2215 4173 2342 4213 cum

765 4255 872 4309 illis
935 4270 1134 4324 pugna,
1179 4262 1233 4308 et
1276 4253 1498 4308 Christo
1545 4263 1598 4308 et
1647 4250 1918 4306 Salvatori
1948 4260 2139 4306 nostro
2171 4251 2345 4304 innixi

764 4362 1050 4416 speramus
1091 4356 1142 4401 te
1173 4347 1242 4402 iis
1275 4347 1369 4417 qui
1402 4348 1454 4400 in
1489 4346 1668 4416 populi
1705 4345 2078 4416 magnitudine
2112 4343 2347 4413 glorian-

766 4449 854 4492 tur
880 4439 1018 4494 fclici
1039 4456 1298 4495 successu
1330 4449 1710 4509 regnaturum.

2445 3243 2684 3308 ἐξελθεῖν
2716 3259 2773 3295 σε
2803 3243 2911 3294 τῶν
2939 3241 3174 3294 ἐνταῦθα
3210 3243 3338 3304 τοὺς
3367 3242 3557 3309 λόγους
3581 3244 3896 3314 ἠκούσαμεν
3936 3248 4035 3299 καὶ

2445 3335 2594 3405 παρά
2621 3335 2739 3399 σοῦ,
2767 3334 2957 3386 τέκνον
2991 3333 3170 3402 ήμῶν,
3202 3336 3294 3386 καὶ
3317 3335 3446 3404 παρ’
3492 3335 3694 3404 ἑτέρων
3722 3352 3736 3366 ·
3785 3339 3879 3388 καὶ
3910 3333 4038 3391 οἶδα

2443 3428 2523 3480 ὃτι
2576 3427 2672 3479 καὶ
2721 3427 2842 3477 τότε
2896 3425 3069 3496 ἀληθῆ
3115 3426 3321 3492 ἔλεγες,
3357 3427 3452 3478 καὶ
3491 3427 3586 3479 νῦν
3628 3427 3800 3498 ἀληθῆ
3827 3430 4033 3497 λέγεις.

2444 3516 2778 3570 Καταλιπὼν
2837 3514 2929 3569 οὖν
2989 3518 3173 3570 ἐκεῖνα
3217 3517 3470 3587 γράφειν,
3500 3518 3707 3583 ἐκεῖνα,
3757 3519 3850 3571 τοῦ
3893 3519 4037 3572 Θεοῦ

2443 3609 2810 3678 δυναμοῦντός
2864 3626 2944 3672 σε,
3008 3611 3186 3678 γράφε
3241 3612 3394 3678 ἡμῖν,
3445 3611 3527 3663 ὅτι
3591 3609 3689 3678 τὴν
3741 3610 4036 3680 διόρθωσιν

2444 3700 2689 3770 ἐποιήσω
2709 3700 2818 3752 τῶν
2855 3698 3272 3769 ἐρημωθέντων,
3304 3700 3382 3752 ὁτι
3411 3701 3509 3752 ὅσα
3531 3701 3579 3752 οι
3608 3700 3711 3768 πρὸ
3745 3700 3836 3752 σποῦ
3864 3718 4038 3771 στρα·

2444 3794 2783 3861 τηγήσαντες
2815 3794 2879 3860 τῇ
2909 3791 3119 3842 ἑαυτῶν
3170 3792 3460 3842 ἀπώλεσαν
3509 3791 3762 3862 ἀμελείᾳ,
3795 3791 3964 3844 ταῦτα
3997 3795 4035 3863 ἡ

2447 3884 2514 3954 σή
2543 3885 2801 3954 φρόνησις
2832 3880 3189 3951 ἀνεκτήσατο,
3228 3882 3321 3934 καὶ
3358 3885 3425 3953 τῇ
3464 3885 3528 3952 σῇ
3563 3883 3854 3952 ἐπιμελείᾳ
3902 3901 4036 3934 συν-

2445 3973 2676 4040 εστήσω.
2732 3971 2889 4023 Οῦτω
2946 3971 3053 4039 γὰρ
3109 3972 3202 4023 καὶ
3251 3972 3490 4042 ήάρετή
3551 3988 3643 4023 σου
3685 3972 3778 4024 ἐπὶ
3827 3971 4038 4041 μᾶλλον

2445 4063 2863 4134 διαφανήσεται,
2926 4066 3019 4117 καὶ
3084 4066 3175 4118 τὸν
3231 4067 3406 4134 μέγαν
3460 4065 3616 4135 ήμῶν
3669 4066 4036 4138 θεραπεύσεις

2449 4157 2696 4225 βασιλέα,
2729 4158 2824 4210 καὶ
2852 4158 2950 4226 τῆς
2984 4157 3136 4221 ἀξίας
3169 4158 3299 4226 παρ’
3338 4159 3503 4212 αὑτοῦ
3536 4159 3854 4222 ἀντιδίσεως
3889 4161 4036 4212 ἀπο-

2447 4249 2689 4315 λαύσεις.
2756 4252 2889 4320 Περὶ
2952 4251 3007 4303 δὲ
3066 4252 3175 4316 τῶν
3218 4251 3430 4304 ἀσεϐῶν
3475 4255 3568 4305 καλ⁵
3600 4252 3776 4305 ἀθέων
3817 4253 4037 4322 ἐχθρῶν

2447 4339 2608 4393 τοῦτο
2637 4341 2943 4408 γινώσκων,
2977 4342 3062 4394 ὅτι
3091 4341 3191 4393 οὑκ
3225 4342 3282 4392 ἐν
3329 4339 3521 4409 πλήθει
3551 4339 3679 4392 λαοῦ
3711 4343 3740 4408 ή
3775 4341 4036 4409 δύναμις,

2448 4434 2566 4486 ἀλλ’
2598 4435 2656 4486 ὲν
2687 4434 3004 4505 δικαιοσύνῃ
3057 4436 3152 4488 καὶ
3189 4433 3483 4503 όμοψυχίᾳ,
3520 4434 3624 4487 κᾶν
3656 4433 3869 4501 όλῖγους
3899 4434 4036 4503 ἔχῃς

760 4536 888 4597 τοὺς
925 4535 1028 4586 ὑπὸ
1066 4534 1146 4597 σὲ,
1197 4534 1372 4587 ταῦτα
1405 4533 1678 4589 παιδεύων
1721 4532 1940 4598 αὐτοὺς,
1976 4532 2093 4602 μετ’
2126 4530 2354 4584 ἐκείνων
2389 4528 2659 4598 ἀγωνίζου
2719 4530 3040 4599 προθύμως,
3063 4529 3159 4581 καὶ⁵
3199 4527 3543 4596 πεποίθαμεν
3572 4525 3888 4597 Χριστῷτῷ
3911 4528 4038 4598 Θεῷ

763 4628 859 4680 καὶ
913 4627 1127 4697 Σωτῆρι
1186 4626 1363 4698 ήμῶν,
1419 4628 1501 4681 ὅτι
1559 4628 1697 4699 ὑπὲρ
1725 4628 1854 4690 τοὺς
1897 4626 1955 4680 ὲν
1995 4622 2348 4696 πλήθειλαοῦ
2389 4623 2782 4694 καυχωμένους
2809 4621 3214 4692 εὐδοκιμήσεις.

1320 4745 1560 4801 LXXXI.
1603 4744 1841 4801 Incerto.

839 4861 991 4931 Apud
1044 4861 1298 4916 homines
1343 4861 1515 4916 multa
1564 4861 1846 4927 dicuntur,
1889 4874 2187 4929 eorumque
2219 4857 2344 4929 plu-

767 4955 907 5010 rima
965 4956 1018 5025 (ο
1075 4955 1326 5010 homines
1373 4955 1442 5010 ad
1492 4955 1676 5026 pejora
1729 4969 1945 5026 semper
1997 4955 2344 5025 propensos),

769 5046 1037 5100 mendacii
1088 5045 1381 5102 hmreditas
1408 5054 1576 5113 sunt;
1615 5047 1878 5100 nonnulla
1908 5054 2085 5101 tamen
2117 5047 2270 5100 novit
2297 5055 2348 5098 ct

765 5141 990 5194 veritas.
1035 5139 1249 5204 Dicunt,
1303 5139 1509 5210 optime
1555 5139 1659 5204 vir,
1704 5138 1892 5194 odium
1937 5139 1991 5192 in
2041 5154 2142 5192 nos
2175 5137 2346 5209 (quod

769 5230 948 5284 dicere
1007 5231 1294 5300 erubesco)
1349 5239 1402 5286 te
1465 5230 1672 5287 fovere.
1729 5229 1868 5297 Quid
1923 5231 2069 5285 enim
2125 5245 2339 5295 sumus,

771 5321 1023 5391 quamvis
1059 5322 1219 5377 nobis
1251 5321 1410 5376 datus
1439 5323 1512 5377 sit
1541 5331 1760 5392 optatus
1801 5337 1831 5375 a
1873 5322 2056 5376 multis
2092 5322 2342 5386 thronus,

776 5423 995 5484 propter
1049 5428 1143 5469 eas
1193 5415 1433 5471 rationes
1486 5431 1623 5485 quas
1659 5416 1747 5470 ille
1774 5416 1945 5482 novit,
1987 5415 2079 5485 qui
2124 5423 2183 5469 ut
2215 5414 2346 5468 mihi

773 5508 994 5560 daretur
1019 5505 1229 5560 voluit?
1263 5505 1519 5561 Sedenim
1548 5521 1653 5561 non
1689 5522 1787 5562 nos
1814 5507 1939 5562 odio
1971 5507 2345 5577 prosequeris,

771 5596 864 5650 sed
889 5596 1288 5653 immaculatam
1305 5607 1357 5653 et
1378 5613 1514 5669 puro
1535 5599 1799 5670 sanguine
1822 5609 2093 5663 ornatam,
2115 5598 2236 5652 Filii
2257 5597 2349 5651 Dei

774 5705 1054 5759 sponsam.
1114 5689 1178 5744 Et
1233 5691 1354 5746 ideo
1389 5699 1750 5763 'quaecunque
1825 5695 1997 5747 vertis
2051 5702 2237 5747 contra
2270 5701 2355 5744 te-

779 5788 958 5851 ipsum
989 5784 1178 5850 vertis,
1216 5785 1423 5841 exeitas
1459 5793 1639 5842 autem
1678 5795 1731 5840 et
1772 5786 1907 5840 alios
1954 5784 2020 5839 ad
2058 5768 2353 5848 certamen,

785 5885 838 5930 nt
872 5877 1089 5947 quidem
1120 5889 1305 5952 putas,
1353 5879 1614 5937 adversus
1650 5895 1768 5948 nos,
1805 5879 1896 5937 sed
1940 5895 2125 5936 revera
2171 5889 2357 5936 contra

2370 4749 2422 4810 D

3029 4741 3155 4795 ΠΝ.
3197 4741 3450 4808 Ἀδήλῳ.

2516 4862 2752 4928 Λέγεται
2786 4859 2959 4930 πολλὰ
3019 4857 3170 4928 παρὰ
3218 4857 3547 4928 ἀνθρώποις,
3588 4857 3682 4911 καὶ
3729 4855 3937 4910 τούτων
3967 4857 4041 4908 τὰ

2451 4953 2548 5024 μὲν
2577 4951 2746 5005 πλείω
2775 4949 2900 5021 (φεῦ
2955 4951 3054 5019 τῆς
3081 4951 3174 5002 ἐπὶ
3201 4950 3269 5001 τὰ
3297 4949 3464 5019 χείρω
3516 4948 3753 5012 νεύσεως
3797 4948 3906 4999 τῶν
3934 4949 4040 5000 ἀν-

2450 5045 2682 5116 θρώπων
2707 5045 2746 5112 ί)
2815 5043 2910 5096 τοῦ
2941 5043 3171 5113 ψεύδους
3219 5044 3334 5096 ἐστὶ
3364 5043 3721 5112 κληρονομία,
3763 5042 3876 5092 ἔστι
3905 5041 3964 5093 δὲ
4001 5040 4042 5094 ἃ

2449 5136 2710 5204 γινώσκει
2768 5137 2860 5188 καὶ
2917 5138 2950 5206 ή
2979 5135 3228 5205 ἀλήθεια.
3261 5135 3492 5201 Λέγεται
3530 5134 3661 5204 περὶ
3705 5133 3821 5197 σοῦ,
3858 5134 4039 5200 ἀγαθὲ

2448 5232 2544 5284 καὶ
2601 5229 2733 5284 καλὲ
2766 5230 3047 5299 ἄνθρωπε,
3089 5229 3164 5290 ὡς
3210 5227 3538 5298 ἐχθραίνεις,
3572 5227 3897 5296 αἰσχύνομαι
3940 5227 4038 5279 λέο

2450 5340 2588 5390 γειν,
2622 5322 2757 5390 πρὸς
2792 5324 2960 5392 ἡμᾶς.
2984 5320 3050 5374 Τί
3077 5323 3187 5391 γάρ
3215 5323 3404 5390 ἐσμεν,
3436 5323 3483 5373 εἰ
3515 5322 3611 5374 καὶ
3638 5326 3729 5373 τὸν
3760 5320 4010 5386 πολύφθο

2455 5432 2544 5467 νον
2574 5414 3032 5486 ἐγκεχειρίσμεθα
3057 5415 3262 5485 θρόνον,
3295 5413 3361 5467 δι’
3393 5413 3459 5477 ἃς
3495 5410 3634 5466 οἶδεν
3662 5414 3840 5474 αἰτίας
3881 5413 4039 5477 ὅπως

2447 5508 2588 5560 εἴπω
2644 5507 2833 5559 τοῦτον
2876 5506 3283 5577 ἐγχειρισθῆναι
3336 5504 3654 5575 κεκρικώς;
3713 5504 3873 5558 Ἀλλὰ
3921 5506 4040 5574 γὰρ

2450 5599 2757 5670 ὲχθραίνεις
2779 5598 2838 5652 ού
2879 5598 3015 5668 πρὸς
3038 5601 3204 5669 ἡμᾶς,
3243 5599 3378 5669 πρὸς
3423 5599 3478 5651 δὲ
3517 5598 4039 5668 τὴνᾶχραντονκαὶ

2454 5691 2809 5760 ἡρμοσμένην
2868 5691 3060 5761 αἵματι
3112 5693 3367 5762 ἀχράντῳ
3414 5691 3632 5760 νύμφην
3666 5690 3740 5758 τῷ
3786 5688 3899 5758 Υἰῷ
3937 5689 4038 5741 τοῦ

2457 5783 2590 5835 Θεοῦ
2614 5799 2626 5812 ·
2657 5784 2858 5850 καὶδιᾴ
2896 5784 3054 5837 τοῦτο
3117 5785 3366 5854 στρέφεις
3422 5784 3520 5854 μὲν
3559 5782 3698 5836 κατὰ
3737 5781 3968 5833 σεαυτὸν
3999 5781 4040 5836 ἃ

2466 5879 2734 5951 στρέφεις,
2771 5883 3024 5953 συνιστᾷς
3062 5882 3116 5939 δὲ
3175 5882 3269 5935 καὶ
3311 5880 3524 5945 ἄλλους,
3560 5881 3635 5944 ὡς
3672 5878 3767 5949 μὲν
3797 5879 3921 5941 οῑει,
3957 5878 4040 5947 τῷ
