4182 6428
123 442 237 505 εδδ

1607 433 2015 495 ΕΙἾΞΤΟΙ..Ἐ.

3289 425 3393 489 286

130 549 258 603 καθ’
291 547 463 619 ἡμῶν
523 547 906 617 συνασπισμῷ,
941 544 1021 614 τῷ
1062 545 1118 597 δὲ
1149 542 1340 613 ἀληθεῖ
1399 541 1543 611 λόγῳ
1589 541 1730 594 κατά

1838 542 2080 612 ipsorum
2131 541 2383 598 salutem.
2424 539 2532 596 Nos
2564 539 2732 601 enim,
2769 537 2930 593 etiam
2973 535 3181 604 absque
3214 543 3393 585 vestro

128 643 230 709 τῆς
299 637 518 694 ἑαυτῶν
599 637 896 710 σωτηρίας.
972 637 1170 704 Ἡμεῖς
1229 635 1340 704 γὰρ
1391 635 1487 687 καὶ
1552 630 1721 702 χωρὶς

126 735 230 803 τῆς
292 732 582 803 ὑμετέρας
649 730 916 798 συσκευῆς
983 730 1200 791 πάντως
1255 727 1287 796 ἦ
1352 725 1448 779 νῦν
1506 727 1540 797 ἢ
1604 723 1722 792 μετ’

128 825 320 892 ελεγον
383 823 686 892 πεισόμεθα
742 825 801 875 ἐν
859 822 1014 890 τάφῳ
1062 820 1339 890 λυόμενοι,
1388 819 1524 888 ὅπερ
1593 818 1724 886 ὑμῖν

131 918 246 968 ἐστι
326 914 422 968 διὰ
480 914 741 979 σπουδῆς.
784 913 951 966 Αὐτοὶ
1018 912 1076 965 δὲ
1135 911 1230 965 καὶ
1295 909 1452 980 ἡμῶν
1503 911 1728 976 ἀποιχο-

134 1009 320 1076 μένων
379 1008 556 1078 πείρα
604 1006 914 1077 μαθήσεσθε
947 1004 1044 1058 τοῦ
1086 1001 1462 1072 συνασπισμοῦ
1495 1001 1556 1053 τὸ
1594 1001 1725 1069 κέρ-

131 1100 238 1162 κ.
271 1097 460 1153 Τοῦτο
495 1098 552 1150 δέ
578 1114 757 1167 φαμεν
783 1096 887 1149 ὑπὸ
924 1096 1161 1166 μάρτυρι
1190 1092 1329 1163 Θεῷ,
1363 1091 1463 1145 καὶ
1491 1091 1565 1161 μὴ
1596 1092 1727 1144 ἀπι-

134 1192 387 1264 στήσῃς·
421 1188 865 1260 ἀπαραλόγιστος
919 1188 1027 1256 γὰρ
1075 1188 1104 1238 ὁ
1169 1186 1418 1254 μάρτυςο
1467 1181 1592 1235 οὔτε
1629 1183 1726 1235 ἀν-

133 1281 348 1348 Θρώπῳ
389 1279 757 1350 ἐντευξόμεθα
807 1279 933 1331 καθ’
964 1277 1119 1348 ὑμῶν
1146 1276 1269 1330 οὔτε
1309 1274 1429 1345 Θεῷ
1451 1292 1467 1309 θ
1496 1273 1726 1342 ἐπείπερ

135 1368 250 1425 οῖδα
308 1373 399 1425 ὅτι
460 1372 663 1441 μᾶλλον
704 1368 1036 1424 σιωπώντων
1091 1369 1270 1440 ήμῶν,
1323 1368 1357 1437 ή
1398 1368 1725 1435 ἀπροσωπό-

137 1466 351 1534 ληπτος
374 1463 476 1516 καὶ
505 1463 624 1517 θεία
651 1463 913 1531 ἐπόψεται
935 1462 1060 1531 δίκη
1098 1462 1199 1530 τὴν
1234 1459 1505 1529 ὑμετέραν
1533 1457 1729 1529 προαί-

141 1573 314 1625 ρεσιν.

137 1690 260 1744 IIB'.
297 1691 389 1756 Τῷ
411 1689 927 1759 περιφανεστάτω,
953 1689 1334 1757 ἠγαπημένῳ,
1355 1679 1730 1759 ,πνευματικιῦ

201 1751 402 1824 τέκγὶρ
434 1751 836 1828 Λαῦδούλφῳ,
872 1751 1216 1822 dir-(inﬂatior,
1260 1751 1555 1820 Νικόλαος
1581 1751 1734 1815 ἐλέῳ

203 1833 364 1887 Θεοῦ
399 1832 877 1900 ἀρχιεπίσκοπος
900 1828 1619 1888 Κωνσταντινουπόλεως.

200 1989 278 2045 Τὸ
330 1990 563 2058 γεγονὸς
619 1990 700 2053 είς
757 1986 848 2041 τὸν
917 1986 1214 2056 πατρίκιον
1273 1984 1369 2037 καλ⁸
1417 1980 1727 2053 στρατηγὸν

137 2084 538 2152 Οὖρσολέοντα,
578 2081 673 2135 καὶ
699 2081 805 2152 πρὸ
831 2080 944 2134 τῶν
991 2079 1336 2149 γραμμάτων
1376 2093 1492 2139 σου,
1541 2074 1729 2127 τέκνον

138 2177 318 2246 ἡμῶν,
379 2173 735 2246 προλαϐοῦσα
802 2173 836 2242 ὴ
877 2173 1036 2242 φήμη
1093 2169 1392 2239 ἐγνώρισεν
1439 2169 1592 2237 ἡμῖν,
1637 2165 1730 2218 καὶ

137 2269 448 2338 ἐδεξάμεθα
482 2268 662 2337 λύπην
689 2265 862 2335 αὐτῆς
889 2264 1045 2337 ἡμῶν
1062 2263 1160 2333 τῆς
1181 2261 1362 2331 ψυχῆς
1392 2259 1727 2329 ἁπτομένην,

137 2359 194 2412 τὸ
246 2362 352 2429 μὲν
393 2359 488 2414 διὰ
531 2359 622 2413 τὸν
647 2358 878 2411 θάνατον
926 2356 1138 2410 ἐκείνου
1173 2370 1234 2407 τε
1273 2354 1367 2407 καὶ
1403 2353 1511 2406 τῶν
1530 2351 1730 2421 ὁμοίως

134 2451 552 2515 ἀποθανόντων,
575 2449 639 2503 τὸ
656 2449 820 2502 πλέον
840 2447 898 2500 δέ
925 2448 1007 2501 ὅτι
1027 2463 1093 2500 πε
1103 2445 1158 2516 p‘.
1185 2444 1302 2510 σοῦ,
1334 2445 1525 2498 τέκνον
1551 2441 1730 2512 ἡμῶν,

140 2543 374 2614 πονηροὶ
423 2541 578 2611 λόγοι
639 2539 948 2609 θεοστεφῶν
980 2539 1246 2609 βασιλέων
1282 2537 1441 2609 ἡμῶν
1485 2534 1732 2606 προσήρο

141 2653 318 2706 χοντο,
355 2637 544 2688 πᾶσαν
591 2634 691 2706 τὴν
730 2633 1008 2704 πρόφασιν
1044 2631 1153 2684 τῶν
1194 2629 1381 2692 κακῶς
1436 2624 1734 2680 ἀποθανόν-

140 2746 247 2781 των
306 2729 408 2782 ἐπὶ
457 2729 519 2781 σὲ
575 2728 857 2798 φέροντες,
910 2725 1009 2778 καὶ
1049 2721 1485 2794 κατηγοροῦντες
1523 2721 1587 2772 ἐκ
1634 2717 1734 2786 τῆς

142 2819 357 2889 ὑψηλῆς
391 2819 487 2870 καὶ
516 2817 762 2888 μεγάλης
796 2816 1097 2887 βασιλείας,
1142 2810 1211 2887 ἦς
1247 2814 1344 2868 καὶ
1379 2811 1488 2865 τῶν
1513 2809 1732 2878 εύεργε-

143 2911 273 2964 σιῶν
303 2910 649 2974 ἀπέλαυσας,
690 2908 787 2963 καὶ
827 2907 928 2978 τῆς
956 2907 1122 2978 τιμῆς
1169 2905 1266 2960 καί⁵
1299 2904 1394 2973 τῆς
1420 2901 1598 2970 δόξης,
1635 2899 1735 2967 ὅση

143 3004 275 3072 παρ’
339 3001 520 3070 αὐτῆς
577 3018 659 3053 σοι
703 2998 1021 3070 δεδώρηται.
1096 2993 1478 3063 Ἐλυπούμεθα
1517 2990 1611 3044 οὖν
1646 2986 1736 3041 διὰ

141 3095 340 3155 ταῦτα.
372 3095 568 3146 τέκνον
614 3091 794 3161 ήμῶν,
835 3091 909 3153 ώς
935 3088 1116 3154 εἷπον,
1140 3087 1318 3156 λύπην
1348 3085 1408 3138 οὐ
1441 3079 1738 3153 δεχομένην

143 3185 523 3254 παράκλησιν,
596 3182 830 3252 μάλιστα
887 3180 1197 3244 ἐννοοῦντες
1255 3177 1350 3232 καὶ
1393 3173 1736 3244 παραϐάσεις

1829 642 2118 706 apparatu,
2172 634 2420 699 omnino,
2474 634 2587 688 sive
2647 631 2857 690 statim.
2917 628 3032 685 sive
3083 633 3204 698 post
3235 623 3396 678 breve

1832 738 2072 795 tempus,
2109 727 2165 779 in
2219 726 2471 797 sepulcro
2513 724 2812 794 jaeebimus
2851 720 3074 783 mortui,
3120 715 3262 784 quod
3300 728 3397 768 vos

1831 820 2056 889 optatis.
2095 817 2200 872 Vos
2236 834 2387 884 vero,
2415 826 2701 886 postquam
2733 813 3050 875 abierimus,
3077 817 3272 862 vestra!
3308 821 3397 859 re-

1831 909 2080 964 bellionis
2107 909 2317 963 lucrum
2347 905 2714 978 experiemini.
2765 905 2876 958 lloc
2923 903 3030 957 Deo
3064 908 3201 954 teste
3252 895 3398 951 amre

1831 1016 2068 1066 mamus,
2127 1014 2302 1070 neque
2348 1000 2616 1054 dubites:
2666 1003 2750 1050 est
2803 995 2946 1048 enim
2999 1007 3108 1046 non
3165 988 3398 1042 mendax

1832 1093 2011 1147 testis.
2069 1091 2254 1160 Neque
2308 1089 2601 1155 hominem,
2657 1100 2829 1154 neque
2875 1084 3039 1138 Deum
3075 1089 3261 1136 contra
3303 1092 3399 1129 vos

1829 1183 2226 1253 compellimus.
2283 1179 2540 1250 quoniam
2589 1177 2744 1241 scio,
2801 1175 3039 1230 divinam
3084 1169 3398 1242 justitiam,

1831 1292 1950 1346 qua:
1980 1289 2334 1346 personarum
2366 1256 2736 1342 acceptionem
2769 1282 2876 1323 non
2904 1265 3054 1330 facit,
3086 1279 3194 1334 quo
3223 1259 3400 1328 magis

1830 1367 2158 1434 taeebimus,
2201 1380 2268 1422 eo
2317 1363 2494 1433 magis
2544 1371 2788 1418 vestrum
2835 1357 3078 1412 visuram
3123 1367 3245 1408 esse
3283 1360 3401 1406 stu-

1830 1461 2002 1516 dium.

1831 1682 2096 1740 LXXX".
2176 1679 2564 1738 Iliustrissimo,
2623 1676 2849 1736 dilecto,
2928 1664 3194 1740 spirituali
3254 1660 3399 1740 filio,

1906 1733 2244 1818 ίξίιιξίαίρίιο,
2273 1733 2594 1817 proconsuli,
2613 1733 2886 1818 Nico/nus,
2907 1733 3402 1794 Dei'misericordia,

1907 1815 2530 1890 Constantinopolitanae
2563 1815 3008 1884 archiepiscopus.

1901 1983 2054 2051 Quod
2095 1981 2322 2053 patricio
2371 1986 2424 2033 et
2461 1977 2584 2032 duci
2621 1973 2925 2029 Ursolconti
2961 1968 3208 2037 contigit,
3236 1963 3400 2018 etiam

1833 2087 1957 2130 ante
1990 2087 2108 2130 tuas
2142 2075 2373 2134 litteras,
2409 2070 2503 2133 iiii,
2557 2075 2743 2122 notum
2784 2064 2909 2118 fecit
2966 2060 3122 2115 nobis
3160 2070 3403 2128 prmpro.

1831 2182 1960 2236 pera
1989 2166 2151 2226 fama,
2182 2171 2235 2217 et
2269 2162 2449 2214 animo
2480 2155 2792 2213 maestitiam
2823 2152 3198 2222 concepimus,
3230 2147 3406 2217 primo

1833 2257 2047 2328 quidem
2074 2265 2290 2324 propter
2305 2251 2422 2320 ejus
2443 2251 2741 2306 ctaliorum
2770 2248 2862 2319 qui
2891 2262 3012 2301 cum
3041 2245 3132 2298 illo
3159 2240 3408 2296 similiter

1834 2352 2114 2421 perierunt
2161 2356 2413 2408 mortem,
2468 2342 2770 2414 praesertim
2831 2354 2958 2393 vero
3015 2335 3158 2405 quod
3211 2335 3275 2386 de
3333 2341 3404 2396 te,

1835 2442 1953 2509 liii,
2012 2441 2263 2511 maligna:
2318 2454 2348 2492 a
2407 2437 2516 2491 Deo
2571 2443 2955 2490 coronatorum
3017 2430 3405 2498 imperatorum

1836 2551 1995 2590 voces
2025 2549 2128 2588 nos
2165 2531 2420 2598 adierint,
2455 2544 2671 2583 omnem
2705 2540 2895 2581 eorum
2945 2521 3137 2578 mortis
3185 2532 3407 2573 causam

1836 2629 1888 2681 in
1944 2635 1996 2682 te
2041 2625 2412 2696 conjicientes,
2483 2630 2642 2692 teque
2689 2620 2851 2688 hujus
2895 2617 3058 2686 regiae
3110 2609 3410 2682 majestatis

1836 2719 2059 2773 nomine
2097 2725 2439 2780 accusantes,
2473 2714 2631 2784 cujus
2675 2710 2956 2767 beneficiis
3000 2706 3200 2761 fruitus
3233 2719 3315 2767 es,
3351 2710 3408 2754 et

1835 2827 1956 2882 quae
2015 2821 2065 2865 te
2097 2817 2250 2863 tanto
2289 2808 2496 2862 honore
2527 2813 2581 2858 et
2620 2804 2788 2874 gloria
2816 2797 3198 2856 circumdedit.
3235 2791 3410 2848 Μαθειί

1838 2881 2002 2970 igitur
2033 2913 2224 2953 sumus
2249 2904 2550 2967 propterea,
2584 2893 2706 2945 tiliae
2743 2886 3014 2943 insolabili
3043 2881 3325 2944 mmstitia,
3358 2888 3411 2934 te

1831 2992 2139 3063 juramenta
2172 2990 2404 3043 violasse
2431 2986 2734 3056 cogitantes
2789 2995 2907 3052 quae
2949 2979 3196 3046 Augusto
3238 2973 3412 3042 impe-

1837 3086 2009 3141 ratori
2051 3094 2240 3138 nostro
2271 3082 2439 3137 Leoni
2486 3079 2837 3151 praestiteras.
2868 3072 3026 3126 Nunc
3074 3077 3254 3123 autem
3285 3078 3410 3119 cum

1838 3192 1934 3248 per
1965 3188 2083 3231 tuas
2119 3176 2324 3230 litteras
2357 3186 2408 3227 et
2439 3173 2572 3226 alias
2601 3187 2630 3226 e
2677 3167 2873 3224 castris
2900 3165 3096 3220 missas
3142 3161 3245 3216 alia
3271 3173 3413 3212 non-

141 3280 326 3348 ὅρκων
373 3276 474 3338 οὓς
535 3274 780 3343 ἐποιήσω
812 3272 951 3342 πρὸς
996 3271 1088 3325 τὸν
1125 3267 1544 3342 μακαριώτατον
1573 3263 1732 3335 ήμῶν

1838 3267 1984 3322 nulla
2024 3281 2200 3335 neque
2233 3274 2341 3319 tam
2376 3262 2520 3317 [uada
2560 3260 2849 3316 didicimus
2893 3269 3054 3326 quam
3096 3253 3239 3306 fama
3270 3263 3413 3320 pra:-

146 3369 380 3440 βασιλέα
435 3365 531 3419 τὸν
599 3364 761 3434 κύριν
817 3365 1053 3417 Λέοντα·
1102 3361 1198 3413 νῦν
1254 3360 1312 3413 δὲ
1357 3359 1446 3412 διὰ
1472 3356 1580 3410 τῶν
1626 3355 1736 3409 σῶν

146 3459 503 3531 γραμμάτων
525 3456 624 3509 καὶ
660 3455 769 3508 τῶν
790 3456 855 3508 ἐκ
883 3454 980 3522 τῆς
1005 3453 1315 3520 κοινότητος
1347 3447 1737 3518 ἀνααινεεμερθέν⁴

147 3572 278 3616 των,
335 3550 508 3620 ἐτερά
565 3565 688 3602 τινα
736 3545 1150 3615 διδασκόμενοι,
1202 3544 1299 3596 καὶ⁹
1344 3541 1467 3612 οὐχὶ
1513 3537 1739 3592 τοιαῦτα

146 3648 488 3714 ἀναίσχυντα
514 3635 602 3694 οἷα
649 3636 1091 3710 προαπήγγειλεν
1123 3637 1155 3706 ἡ
1185 3636 1362 3705 φήμη,
1395 3632 1581 3701 ὥσπερ
1614 3629 1737 3683 τινὰ

149 3738 358 3810 μικρὰν
394 3731 750 3804 παραμυθίαν
787 3731 896 3784 τῶν
935 3728 1248 3782 λυπούντων
1295 3729 1610 3796 ἐσχήκαμεν
1636 3740 1649 3755 ·
1689 3724 1737 3775 εί

147 3833 240 3884 καὶ
299 3828 380 3899 μὴ
448 3824 725 3894 ἐλεύθεροι
784 3822 881 3876 καὶ
933 3820 1076 3874 οὓτω
1115 3819 1326 3882 δικαίας
1374 3814 1738 3885 ἀναφαίνεσθε

150 3917 426 3989 μέμψεώς
475 3931 536 3968 τε
583 3915 675 3967 καὶ
725 3913 1130 3982 κατακρίσεως.
1179 3910 1364 3963 Ἔστω
1409 3910 1518 3978 γὰρ
1560 3907 1738 3978 ἀληθῆ

151 4016 332 4068 πάντα
377 4011 483 4064 ὅσα
532 4009 678 4062 κατά
727 4007 818 4060 τοῦ
871 4005 1239 4067 ἀποθανόντος
1286 4002 1580 4074 πατρικίου
1645 4001 1740 4055 καὶ

150 4102 471 4177 στρατηγοῦ
506 4102 634 4172 παρ’
674 4099 827 4170 ὑμῶν
867 4101 1107 4170 ἐγράφη,
1141 4097 1256 4152 ἀλλ’
1291 4098 1392 4150 ούκ
1422 4096 1531 4149 ἔδει
1553 4094 1740 4149 τοῦτον

148 4196 282 4268 παρ’
309 4194 469 4265 ὑμῶν
488 4194 587 4264 τὴν
601 4193 874 4263 τιμωρίαν
893 4192 1150 4255 δέξασθαι
1177 4207 1190 4222 ·
1225 4189 1361 4242 ἀλλὰ
1379 4188 1531 4260 παρὰ
1559 4189 1739 4254 τίνος;

149 4291 314 4360 Παρά
338 4287 444 4358 τῆς
466 4285 653 4355 κοινῆς
684 4284 1002 4345 δεσποτείας
1025 4285 1120 4336 καὶ
1167 4281 1471 4353 βασιλείας,
1510 4279 1641 4350 παρ’
1671 4275 1740 4352 ἦς

150 4383 243 4436 καὶ
275 4382 345 4433 σὺ
411 4376 730 4448 ἐδοξάσθης,
770 4375 862 4428 καὶ
897 4376 976 4437 είς
995 4375 1056 4428 τὸ
1098 4377 1425 4447 στρατηγεῖν
1457 4374 1552 4427 τοῦ
1573 4373 1736 4425 τόπου

149 4477 361 4535 ἐκεῖνος
403 4469 797 4540 προϐέϐληται.
834 4469 1091 4537 Ἔπρεπε
1137 4467 1273 4537 μετά
1314 4467 1411 4529 τὰς
1451 4465 1738 4535 παρακλή-

150 4585 287 4628 σεις,
332 4564 478 4634 μετὰ
523 4562 619 4623 τὰς
649 4559 1018 4631 προαιρέσεις,
1068 4559 1204 4628 μετά
1247 4559 1346 4622 τὰς
1387 4559 1553 4621 ἄλλας
1585 4557 1737 4625 φιλο-

149 4658 452 4728 φρονήσεις
502 4652 600 4715 τὰς
656 4651 806 4718 παρὰ
840 4650 934 4704 σοῦ
965 4650 1102 4720 πρὸς
1139 4650 1302 4704 αὐτὸν
1340 4649 1737 4720 γεγενημένας,

150 4751 273 4803 ἐπεὶ
301 4746 702 4816 ἀπαράκλητος
725 4741 794 4815 ἦν
819 4745 917 4798 καὶ
940 4742 1317 4813 ἀδυσώπητος,
1341 4748 1434 4796 καὶ
1468 4741 1604 4813 πρὸς
1644 4742 1743 4811 μό-

150 4862 246 4914 νην
290 4842 529 4910 ἐφέρετο
565 4836 664 4908 τὴν
692 4836 993 4907 πονηρίαν,
1044 4836 1358 4904 ἀνενεγκεῖν
1399 4835 1478 4904 τῷ
1523 4835 1743 4888 θεοστε-

153 4939 246 5005 φεῖ
315 4933 518 5005 κράτει
576 4931 686 4983 τῶν
748 4927 1015 4999 βασιλέων
1036 4927 1217 4999 ήμῶν,
1260 4928 1356 4980 καὶ
1403 4926 1532 4998 παρ’
1566 4926 1746 4980 αὐτῶν

155 5025 497 5094 ἐξαιτεῖσθαι
531 5024 630 5093 τὴν
669 5021 1044 5091 ἐπανόρθωσιν
1078 5021 1188 5075 τῶν
1231 5021 1441 5088 κακῶν,
1477 5020 1593 5076 ἀλλ’
1617 5020 1741 5091 οὐχί

157 5119 422 5189 γενέσθαι
454 5118 600 5186 ὑμᾶς
628 5115 824 5179 αὐτοὺς
853 5116 1034 5183 φονεῖς
1080 5115 1179 5185 μὲν
1218 5115 1326 5168 τῶν
1363 5115 1611 5185 ἀδελφῶν
1643 5117 1737 5170 καὶ

157 5211 490 5274 συνδούλων,
512 5207 797 5275 ὲκδικηταὶ
814 5206 893 5271 δὲ,
909 5205 992 5269 ώς
1014 5206 1221 5273 λέγετε,
1243 5207 1352 5260 τῶν
1375 5207 1561 5270 κακῶς
1587 5223 1743 5276 γενο-

163 5304 365 5370 μένων.
403 5299 578 5353 Τοῦτο
627 5294 719 5373 ἦν,
761 5297 954 5351 τέκνον
1005 5298 1201 5367 ήμῶν,
1240 5301 1305 5368 τῇ
1350 5299 1600 5369 εὐγενείᾳ
1643 5315 1738 5351 σου

159 5397 397 5463 πρέπον,
446 5393 516 5461 τῇ
571 5391 854 5460 φρονήσει,
879 5391 948 5461 τῇ
986 5389 1122 5461 ὀρθῇ
1175 5390 1361 5443 πίστει
1393 5390 1487 5444 καὶ
1525 5390 1738 5459 ἀγάπῃ,

161 5492 225 5558 τῇ
263 5487 407 5558 πρὸς
433 5485 533 5554 τὴν
563 5483 870 5554 βασιλείαν,
903 5486 1017 5547 τοῖς
1039 5486 1153 5547 σοῖς
1180 5485 1366 5555 ὅρκοις
1379 5483 1472 5548 οὒς
1499 5485 1742 5554 ἐποιήσω

1770 4606 1817 4663 D

1840 3360 2211 3421 nuntiaverat,
2252 3370 2476 3426 parvam
2528 3354 2762 3422 aliquam
2818 3345 3167 3417 ailligeutium
3227 3355 3407 3394 rerum

1841 3451 2163 3509 solationem
2216 3448 2530 3517 accepimus
2564 3464 2576 3500 :
2620 3437 2928 3515 quanquam
2961 3452 3028 3491 ne
3065 3435 3143 3490 sic
3181 3432 3403 3502 quidem

1839 3553 2126 3614 exemptus
2166 3542 2365 3597 videris
2396 3556 2428 3593 a
2473 3537 2868 3608 vituperatione
2908 3543 3001 3586 aut
3029 3526 3404 3583 damnatione.

1840 3636 1952 3689 Etsi
1986 3633 2133 3688 eiiim
2185 3647 2312 3688 vera
2366 3631 2474 3686 sint
2525 3644 2645 3698 qua:
2700 3627 2755 3680 in
2809 3632 3084 3678 mortuum
3120 3616 3410 3690 patricium

1839 3737 1894 3784 et
1925 3729 2118 3782 ducem
2160 3741 2190 3780 a
2230 3734 2281 3780 te
2325 3712 2530 3791 scripta
2579 3727 2731 3784 sunt,
2764 3732 2872 3772 non
2913 3727 3093 3771 tamen
3126 3708 3414 3780 oportebat

1840 3836 1870 3875 a
1919 3829 1970 3874 te
2023 3818 2072 3873 ei
2119 3831 2330 3887 pmuam
2379 3814 2571 3882 inﬂigi.
2619 3810 2726 3865 Sed
2758 3825 2787 3861 a
2833 3805 2990 3876 quo?
3041 3805 3085 3856 Α
3135 3797 3413 3856 communi

1840 3911 2214 3967 dominatione
2246 3920 2300 3964 et
2331 3906 2475 3976 regia
2503 3911 2788 3975 potestate,
2830 3915 2857 3953 a
2901 3913 3008 3968 qua
3042 3904 3111 3959 ,et
3153 3903 3208 3947 tu
3238 3890 3412 3962 gloria

1842 4004 2213 4059 circumdatus
2247 4016 2305 4055 es
2337 4007 2390 4054 et
2421 3998 2510 4051 ille
2543 3997 2607 4048 ad
2648 3995 2748 4049 loci
2797 3988 3242 4062 gubernationem
3274 3982 3412 4038 mis-

1841 4112 1933 4151 sus
1966 4107 2067 4149 est.
2118 4093 2242 4148 Post
2286 4090 2622 4146 hortationes
2648 4128 2663 4152 ,
2707 4094 2828 4156 post
2867 4081 3092 4137 consilia
3145 4085 3266 4147 post
3311 4075 3414 4130 alia

1843 4187 2236 4246 benevolentiae
2271 4185 2424 4255 signa
2471 4198 2501 4238 a
2550 4191 2603 4236 te
2637 4181 2690 4233 in
2724 4193 2848 4233 eum
2879 4177 3098 4238 collata,
3126 4182 3412 4242 postquam

1842 4298 2018 4354 neque
2055 4279 2394 4335 hortationes
2425 4274 2664 4337 admisit,
2710 4270 2803 4325 sed
2836 4268 3125 4338 impudens
3159 4260 3415 4333 perstitit,

1841 4385 1894 4430 et
1917 4375 1982 4428 ad
2011 4385 2214 4427 meram
2260 4368 2522 4423 malitiam
2559 4363 2861 4436 processit,
2894 4360 3120 4415 decebat
3160 4371 3273 4410 rem
3309 4354 3414 4408 im-

1843 4474 2154 4536 peratorum
2177 4469 2492 4516 nostrorum
2523 4455 2777 4528 potestati
2809 4452 3058 4516 deferre;
3096 4449 3233 4503 etab
3257 4446 3323 4501 iis
3357 4453 3418 4498 ut

1845 4561 1982 4614 mala
2037 4563 2298 4612 curarent
2367 4552 2630 4622 ﬂagitare,
2681 4564 2789 4602 non
2843 4554 3022 4599 autem
3071 4540 3414 4608 temetipsum

1843 4653 2070 4708 h-atrum
2123 4659 2177 4704 et
2224 4659 2610 4703 conservorum
2646 4639 2996 4701 homicidam,
3036 4644 3112 4702 et,
3169 4643 3225 4687 ut
3258 4630 3416 4696 dicis,

1846 4745 2114 4799 malarum
2167 4741 2446 4796 actionum
2498 4736 2729 4791 ultorem
2781 4731 2916 4786 lieri.
2964 4727 3076 4781 lloc
3126 4733 3274 4788 erat,
3315 4721 3413 4782 iiii,

1845 4838 1988 4909 quod
2037 4848 2182 4891 tuam
2238 4832 2602 4892 nobilitatem,
2645 4836 2792 4881 tuam
2852 4820 3211 4893 sapientiam,
3268 4824 3416 4866 tuam

1846 4904 1972 5000 erga
2012 4927 2213 4996 regiam
2249 4931 2571 4995 potestatem
2622 4919 2820 4972 bonam
2867 4914 3026 4967 iidem
3068 4917 3124 4964 et
3174 4904 3418 4958 Charita-

1847 4995 1976 5084 tem,
2007 4995 2122 5074 haec
2167 5017 2400 5087 denique
2451 5016 2763 5084 juramenta
2820 5004 3062 5068 decebat,
3094 5014 3214 5070 qua:
3240 4995 3416 5050 eidem

1849 5126 1899 5171 te
1931 5116 2137 5169 honore
2184 5107 2544 5167 circumdanti
2613 5098 3008 5175 (praestiteras).
3072 5093 3228 5149 Nunc
3287 5102 3419 5143 vero

1846 5223 1954 5262 non
2004 5207 2057 5262 id
2105 5202 2504 5265 tantummodo,
2552 5199 2686 5260 imo,
2749 5204 2808 5249 ut
2862 5192 3038 5253 aiunt,
3074 5185 3271 5243 castris
3307 5181 3415 5235 vim

1845 5297 2078 5354 intulisti
2129 5309 2250 5366 qua:
2295 5303 2398 5347 tua:
2444 5290 2727 5360 potestatis
2775 5289 3082 5345 nouerant,
3146 5285 3305 5343 atque
3351 5287 3416 5326 ea

1846 5393 2120 5460 occupasti
2148 5365 2288 5459 quae
2331 5400 2504 5454 usque
2540 5382 2718 5436 adhuc
2761 5393 2869 5433 non
2920 5381 3080 5430 erant
3113 5379 3220 5424 tua:
3243 5365 3418 5420 domi-

1849 5484 2056 5541 nationi
2085 5482 2350 5550 subjecta.

165 5582 300 5649 πρὸς
337 5581 440 5647 τήν
483 5552 543 5656 σὲ
565 5552 881 5642 ῖδοξάσασαν
904 5552 1350 5649 βασιλείανίΝὖν
1378 5579 1435 5632 δέ
1474 5580 1534 5632 ού
1609 5552 1772 5648 μόνον
1809 5579 2080 5639 τοσοῦτον,
2117 5576 2258 5639 ἀλλ’,
2298 5572 2373 5636 ὥς
2405 5586 2598 5641 φασιν,
2648 5565 2926 5638 ἐχειρώσω
2971 5563 3064 5616 καὶ
3097 5559 3310 5628 κάστρα
3340 5552 3412 5606 τὰ

171 5671 442 5744 μηδαμῶς
466 5653 602 5740 πρὸς
629 5669 728 5741 τὴν
763 5669 861 5741 σὴν
905 5669 1155 5734 ἐξουσίαν
1186 5671 1484 5742 ἀνήκοντα,
1511 5677 1606 5727 καὶ
1633 5674 1738 5728 ὑπὸ
1775 5676 1874 5746 τὴν
1905 5675 2005 5742 σὴν
2067 5672 2310 5742 ἐποιήσω
2366 5667 2740 5736 ἐπικράτειαν,
2772 5662 2808 5717 ἃ.
2844 5661 3006 5734 μέχρι
3037 5655 3128 5711 τοῦ
3146 5653 3414 5724 παρόντος

168 5769 298 5836 πρὸς
340 5764 442 5833 τὴν
468 5765 568 5831 σὴν
591 5764 691 5817 οὑκ
723 5763 1016 5834 ἐγνώριζεν
1051 5763 1428 5835 ἐπικράτειαν.

245 5857 458 5922 Ταῦτα,
525 5860 715 5911 τέκνον
751 5857 926 5930 ἡμῶν,
958 5859 1004 5910 εἰ
1038 5856 1254 5929 ἀληθῶς
1305 5861 1602 5934 διεπράξω,
1647 5863 1745 5921 οὐκ

1925 5858 2068 5925 llxc,
2106 5859 2196 5927 ﬁli,
2226 5859 2268 5913 si
2301 5872 2421 5915 rcrc
2447 5854 2642 5927 egeris,
2669 5867 2912 5926 quaenam
2945 5847 3174 5906 inveniri
3210 5847 3410 5919 poterit
