4182 6428
744 442 842 506 291

1876 439 2182 501 NICOLAI
2227 440 2338 499 (ΖΡ.
2379 440 2888 502 ΡΑΤΒΙΑΠΟΗχΕ

3874 444 3988 509 9.92

739 569 850 610 rem
877 560 932 607 et
965 552 1121 606 ﬁdem
1148 559 1408 619 praestent
1440 569 1452 616 ;
1477 553 1560 605 vel
1586 551 1765 619 potius
1791 551 2044 605 studeant
2070 562 2129 605 ut
2157 550 2312 606 bonis

2423 549 2714 619 ρείτωσαν,
2749 553 2811 604 τὸ
2863 552 2998 621 πρὸς
3032 554 3127 624 τὴν
3157 556 3363 609 οἰκείαν
3401 557 3493 611 καὶ
3526 561 3591 628 ἦν
3621 560 3811 614 ἔλαϐον
3839 565 3996 631 παρὰ

733 647 997 716 operibus
1039 645 1103 696 de
1151 642 1297 697 facto
1338 643 1635 698 homicidio
1672 644 2075 697 accusationem
2128 644 2306 712 repel-

738 739 849 790 lant
877 753 890 800 ;
925 751 982 788 se
1013 734 1202 787 eadem
1233 735 1425 788 fecisse
1451 735 1823 797 ostendentes,
1859 738 1961 790 etsi
2002 751 2107 790 non
2142 751 2308 804 opor-

738 830 922 891 tuerit,
963 828 1109 896 quod
1166 827 1563 896 improbitatem
1607 828 1888 896 odissent;
1945 837 1999 881 et
2043 827 2304 880 malitiam

737 931 1217 989 persequerentur.
1245 918 1402 984 Quod
1433 917 1787 973 manifestum
1815 921 1941 984 erit,
1975 919 2018 973 si
2059 919 2308 973 excelso-

738 1029 858 1065 1⁵11111
907 1025 961 1066 ει
1001 1026 1322 1082 magnorum
1372 1011 1762 1082 imperatorum
1803 1020 2116 1064 nostrorum
2152 1026 2306 1064 man-

736 1105 877 1158 datis
898 1120 1081 1157 aurem
1109 1105 1340 1157 docilem
1364 1103 1639 1174 praebeant
1666 1112 1720 1155 et
1753 1103 1819 1156 ad
1847 1117 1903 1156 se
1921 1102 2303 1172 corrigendum

738 1198 908 1267 parati
945 1195 1075 1268 sint.
1130 1195 1202 1250 De
1228 1197 1494 1251 electione
1519 1203 1699 1248 autem
1729 1194 2037 1263 Landulpbi
2075 1209 2307 1263 procon-

736 1290 868 1341 sulis
900 1288 950 1340 in
979 1290 1256 1344 exercitus
1295 1289 1511 1352 ducem,
1553 1287 1733 1356 magni
1758 1295 1811 1340 et
1839 1288 2037 1341 excelsi
2073 1289 2308 1355 impera-

733 1389 882 1433 tores
925 1381 1097 1434 nostri
1148 1379 1447 1436 secundum
1485 1380 1667 1432 datam
1705 1379 1806 1434 sibi
1847 1393 1875 1431 a
1917 1378 2026 1433 Deo
2068 1379 2307 1448 pruden-

737 1472 865 1523 tiam
912 1471 1282 1525 deliberarunt
1329 1487 1597 1539 Snamque
1632 1471 1950 1539 proconsuli
1988 1471 2302 1540 opinionem

733 1562 1153 1626 denuntiaverc,
1207 1573 1260 1617 et
1312 1564 1356 1616 si
1400 1565 1653 1618 mandato
1709 1565 1810 1618 sibi
1862 1565 2029 1616 misso
2084 1563 2304 1616 obedire

737 1655 885 1715 velit,
937 1669 1229 1708 commune
1282 1657 1446 1709 vestri
1484 1657 1706 1709 etillius
1747 1663 1929 1706 votum
1965 1653 2300 1722 perﬁciatur.

736 1745 871 1809 Quid
917 1747 1151 1812 amplius
1198 1757 1410 1816 oportet
1467 1748 1748 1801 scribere?
1793 1745 2120 1816 Quicunque
2159 1748 2304 1799 dono

734 1838 849 1890 sive
911 1837 1117 1899 divino,
1153 1837 1264 1890 sive
1319 1838 1560 1890 humano
1606 1839 1882 1906 judicatus
1922 1847 2008 1891 est
2067 1839 2290 1908 dignus,

2413 640 2510 696 τοῦ
2544 643 2680 695 Θεοῦ
2735 645 3059 698 δεσποτείαν
3098 647 3197 717 τὴν
3242 650 3601 721 ὀςειλομένην
3643 653 3864 724 ἀγάπην
3893 655 3996 707 καὶ

2418 737 2600 787 πίστιν
2624 735 3006 802 διαφυλάττειν
3028 740 3432 808 ἀμετακίνητον
3453 759 3466 773 ·
3504 743 3706 813 μᾶλλον
3733 744 3788 797 δὲ
3818 761 3993 798 σπου-

2413 826 2680 880 δάσαιδιά
2699 826 2810 878 τῶν
2845 829 3070 896 ἀγαθῶν
3115 832 3293 900 έργων
3340 834 3440 904 τὴν
3483 835 3574 887 ἐπὶ
3603 833 3681 903 τῷ
3707 836 3992 906 γενομένῳ

2415 918 2562 987 φόνῳ
2622 918 3028 990 ἀποτρίψασθαι
3092 923 3467 994 κατηγορίαν,
3516 916 3621 980 ’καὶ
3684 926 3854 993 δεῖξαι
3902 929 3990 980 ὃτι

2413 1010 2637 1061 κάκεῖνο
2695 1010 2962 1078 ἔπραξαν,
2999 1013 3052 1063 εί
3107 1013 3202 1065 καὶ
3240 1015 3312 1083 μὴ
3344 1013 3474 1078 ἔδει,
3523 1016 3639 1068 ἀλλ’
3682 1015 3775 1069 οὖν
3810 1016 3898 1068 διὰ
3924 1016 3991 1068 τδ

2416 1100 2787 1169 μισοπόνηρον
2843 1102 2938 1154 καὶ
2967 1101 3068 1173 τὴν
3097 1103 3387 1169 ἀποδίωξιν
3433 1105 3532 1174 τῆς
3560 1108 3778 1169 κακίας.
3812 1107 3990 1160 Τοῦτο

2413 1192 2470 1245 δὲ
2501 1191 2732 1260 φανερὸν
2781 1193 2958 1259 ἔσται,
3001 1194 3096 1246 ἐὰν
3121 1196 3234 1256 τοῖς
3271 1197 3653 1267 κελευομένοις
3695 1200 3844 1268 παρὰ
3875 1199 3988 1250 τῶν

2414 1285 2636 1354 ὑψηλῶν
2670 1285 2765 1337 καὶ⁸
2806 1287 3057 1353 μεγάλων
3090 1289 3122 1357 ἠ
3134 1285 3247 1356 μῶν
3280 1287 3542 1357 βασιλέων
3571 1290 3803 1358 εὐπειθῆ
3836 1308 3986 1357 παρ-

2413 1376 2577 1446 έχωσι
2607 1378 2708 1447 τὴν
2729 1377 2922 1445 ἀκοὴν,
2956 1381 3053 1430 καὶ
3091 1380 3231 1448 πρὸς
3272 1380 3370 1449 τὴν
3400 1381 3608 1436 ἑαυτῶν
3633 1381 3986 1450 ἐκπλήρωσιν

2412 1467 2619 1536 ἕτοιμοι
2653 1466 2932 1534 γίνωνται.
2957 1467 3095 1536 Περὶ
3120 1470 3177 1521 δὲ
3205 1469 3300 1522 τοῦ
3327 1471 3782 1539 προχειρισθῆναι
3815 1485 3984 1538 στρα-

2410 1559 2577 1627 τηγὸν
2631 1560 2721 1612 τὸν
2772 1560 3082 1611 ἀνθύπατον
3131 1560 3474 1629 Λανδοῦλιρον
3515 1563 3563 1613 οἱ
3611 1562 3834 1630 μεγάλοι
3885 1562 3988 1613 καὶ

2411 1648 2608 1717 ὑψηλοὶ⁵
2658 1649 2899 1715 βασιλεῖς
2952 1651 3110 1722 ήμῶν
3169 1651 3309 1704 κατά
3348 1654 3450 1721 τὴν
3478 1653 3766 1722 δεδομένην
3796 1653 3986 1714 αὐτοῖς

2410 1739 2619 1791 ἀνωθεν
2653 1742 2806 1805 παρά
2855 1741 2991 1792 Θεοῦ
3047 1743 3304 1810 πρόνοιαν
3343 1743 3439 1794 καὶ
3504 1742 3982 1810 συνδιεσκέψαντο,

2411 1827 2613 1893 καὶτῷ
2664 1827 2961 1898 ἀνθυπάτῳ
3015 1829 3117 1897 τὴν
3146 1831 3352 1882 οἰκείαν
3401 1831 3631 1900 γνώμην
3681 1830 3982 1899 ἐδήλωσαν.

737 1942 794 1978 se
855 1927 945 1979 illo
1001 1927 1221 1992 dignum
1268 1929 1507 1981 ostendit
1563 1938 1723 1997 atque
1779 1931 1850 1981 ita
1893 1931 2127 1982 donante
2191 1945 2310 1981 rur-

2413 1920 2514 1973 καὶ
2545 1920 2763 1983 πάντως
2801 1921 2850 1973 εί
2886 1920 3210 1991 βουλήσεται
3242 1921 3531 1991 πεισθῆναι
3555 1925 3621 1991 τῇ
3657 1924 3790 1991 πρὸς
3816 1922 3986 1973 αὑτὸν

739 2032 833 2070 sus
897 2018 1127 2086 accepit,
1174 2034 1336 2086 quem
1383 2020 1592 2073 donans
1642 2021 1861 2088 dignum
1891 2020 2000 2087 jam
2031 2020 2311 2087 judicabat

741 2123 864 2158 cum
926 2109 1072 2161 dono
1130 2110 1421 2178 acciperet.
1481 2109 1576 2162 Det
1635 2123 1815 2162 autem
1868 2111 2122 2164 Clu-isms
2169 2110 2308 2162 Deus

744 2209 930 2251 noster
958 2209 1013 2253 ut
1052 2201 1382 2268 imperantes
1424 2210 1478 2254 et
1518 2202 1718 2254 subditi
1761 2217 1821 2254 ea
1863 2202 2101 2268 cogitent
2143 2210 2196 2254 et
2227 2199 2309 2254 fa-

743 2290 1030 2359 ciantquaz
1054 2293 1118 2344 ad
1164 2293 1394 2346 salutem
1432 2293 1830 2363 utilitatemque
1863 2303 1914 2347 et
1952 2294 2018 2347 ad
2063 2301 2305 2346 nostram

738 2395 922 2444 pacem
958 2382 1265 2450 bonamque
1306 2383 1515 2435 vivendi
1551 2383 1816 2434 rationem
1853 2391 2125 2452 spectent.

2408 2014 2800 2084 ἀπεσταλμένῃ
2845 2013 3116 2078 κελεύσει,
3149 2013 3209 2065 τὸ
3256 2015 3436 2066 κοινὸν
3486 2017 3698 2082 αἴτημα
3731 2013 3884 2081 ὑμῶν
3917 2029 3984 2063 τε

2409 2107 2668 2157 κάκείνου
2733 2110 2811 2168 εἰς
2840 2107 3012 2174 πέρας
3060 2108 3377 2176 ἐκϐήσεται.
3430 2107 3495 2158 Τί
3531 2109 3613 2160 δεῖ
3654 2108 3812 2159 πλέον
3838 2105 3982 2173 γρά-

2407 2216 2561 2267 φειν;
2614 2201 2730 2262 Πᾶς
2786 2203 2814 2253 6
2868 2202 3077 2272 δωρεᾶς
3117 2201 3596 2271 ἀξιούμενος,είτε
3649 2202 3836 2267 θεῖκῆς
3867 2198 3983 2251 εἴτε

2407 2293 2776 2363 ἀνθρωπίνης,
2801 2293 3004 2361 ταύτης
3045 2293 3197 2356 ἄξιον
3240 2294 3434 2346 ἑαυτὸν
3475 2292 3851 2352 ἀποδείκνυσι,
3883 2291 3988 2342 καὶ

2409 2385 2583 2446 οὕτως
2634 2383 2787 2453 παρὰ
2834 2382 2929 2434 τοῦ
2983 2384 3220 2446 διδόντος
3273 2386 3553 2453 τυγχάνει,
3617 2383 3676 2433 ὃν
3723 2383 3750 2432 6
3801 2379 3985 2440 διδοὺς

731 2473 944 2540 ἔκρινεν
968 2472 1116 2536 ἀξιον
1147 2474 1237 2524 τὸν
1273 2473 1618 2541 λαμϐάνοντα
1648 2475 1716 2525 τὰ
1760 2473 2082 2543 δωρήματα.
2114 2473 2211 2544 Είη
2238 2474 2293 2526 δὲ
2333 2476 2567 2543 Χριστος
2629 2478 2656 2527 ὁ
2689 2476 2819 2538 Θεὸς
2852 2475 3010 2544 ἡμῶν
3077 2477 3170 2527 καὶ
3204 2478 3477 2546 ἄρχοντας
3511 2478 3604 2530 καὶ
3639 2475 3986 2544 ἀρχομένους

731 2568 915 2618 ἐκεῖνα
959 2565 1133 2626 διδοὺς
1197 2565 1292 2615 καὶ
1339 2563 1680 2629 λογίζεσθαι,
1737 2563 1832 2615 καὶ
1889 2563 2181 2627 αἰτεῖσθαι,
2234 2564 2326 2614 καὶ
2367 2565 2628 2631 πράττειν
2695 2565 2795 2617 ὅσα
2829 2565 2908 2624 είς
2938 2564 3234 2633 σωτηρίαν,
3273 2564 3374 2616 ὃσα
3419 2565 3554 2634 πρὸς
3615 2567 3674 2616 τὺ
3704 2564 3986 2633 συμφέρον

731 2659 833 2727 ὁρᾷ
879 2657 973 2709 καὶ
1024 2656 1121 2724 τὴν
1177 2654 1331 2723 ὑμῶν
1381 2657 1665 2723 εἰρηνικὴν
1703 2656 2037 2706 κατάστασιν
2069 2656 2162 2706 καὶ
2206 2654 2456 2717 ιύζωῖαν.

804 2771 1090 2828 LXXXVI.
1154 2771 1473 2841 Imperatori
1517 2788 1609 2839 pro
1643 2771 1892 2825 Ecclesia:
1923 2788 2210 2825 ceconomo.

809 2977 1034 3031 Domine
1059 2985 1110 3030 et
1143 2977 1212 3030 t‘di
1280 2991 1309 3029 a
1389 2974 1495 3028 Deo
1528 2973 1848 3044 gloriﬁcate,
1885 2974 1976 3043 qui
2011 2981 2062 3027 te
2108 2973 2173 3025 ad
2206 2974 2308 3024 im-

731 3062 864 3132 perii
896 3063 1171 3130 fastigium
1213 3061 1413 3126 evexit,
1451 3070 1597 3115 tuam
1636 3063 1801 3116 etiam
1837 3070 2071 3114 tuentem
2104 3071 2158 3114 et
2187 3069 2309 3115 tuas

731 3153 1088 3219 cogitationes
1140 3153 1384 3206 excelsas
1415 3152 1546 3205 fecit
1577 3153 1650 3205 ita
1682 3161 1742 3206 ιιι
1785 3153 1904 3220 ejus
1933 3152 2172 3205 bonitate
2207 3153 2300 3204 tibi

2503 2773 2642 2837 11.7.
2689 2768 2770 2834 Τῷ
2803 2770 3059 2834 ,Βασιλεῖ
3092 2770 3244 2837 ὑπὲρ
3279 2770 3385 2825 τοῦ
3421 2771 3740 2839 οἱκονόμου
3772 2767 3883 2834 τῆς

3005 2841 3397 2906 Ἐκκλησίας.

2477 2974 2724 3027 Δέσποτα
2773 2974 2864 3026 καὶ
2917 2974 3108 3026 τέκνον
3161 2973 3518 3044 δεδοξασμένε
3575 2975 3681 3026 ὑπὸ
3733 2971 3894 3038 Θεοῦ,
3953 2973 3985 3024 ὁ

2406 3063 2700 3132 ἀναγαγών
2742 3081 2800 3116 σε
2833 3065 2914 3128 εἰς
2949 3067 3008 3117 τὸ
3033 3065 3166 3134 ὕψος
3216 3067 3317 3136 τῆς
3347 3064 3630 3135 βασιλείας
3669 3064 3849 3128 ὖψωσε
3887 3066 3988 3115 καὶ⁵

2410 3155 2503 3207 τὸν
2527 3155 2647 3208 νοῦν
2665 3173 2758 3206 σου
2792 3158 2883 3207 καί
2913 3156 2979 3208 τὰ
3009 3158 3361 3226 φρονήματα,
3385 3157 3460 3218 ώς
3496 3155 3849 3223 πιστευθῆναι
3881 3154 3987 3221 μὲν

733 3245 919 3299 datum
947 3246 1018 3299 sit
1050 3245 1314 3314 quidquid
1356 3253 1500 3298 tuam
1538 3243 1693 3298 decet
1731 3245 1935 3312 regiam
1962 3253 2300 3312 potestatem,

2412 3249 2473 3315 τῇ
2508 3247 2668 3299 αὐτοῦ
2699 3247 2996 3314 ἁγαθὸτητι
3018 3250 3097 3309 είς
3123 3247 3254 3316 ὕψος
3277 3248 3337 3299 τὸ
3363 3248 3604 3318 ἁρμόζον
3633 3249 3696 3315 τῇ
3731 3245 3987 3314 βασιλείᾳ

733 3335 798 3389 Et
832 3335 972 3399 ideo,
1009 3345 1069 3389 ut
1097 3348 1266 3404 pater,
1300 3344 1352 3390 te
1384 3336 1573 3389 ltortor
1603 3336 1771 3388 tilium
1823 3350 2002 3388 meum
2045 3343 2097 3386 et
2132 3334 2308 3386 domi-

733 3441 886 3490 num,
920 3427 996 3479 uti
1028 3426 1329 3480 secundum
1373 3426 1535 3495 regiae
1584 3425 1843 3479 bonitatis
1874 3422 2304 3492 magnitudinem

731 3531 864 3584 erga
901 3516 1149 3571 subditos
1193 3519 1268 3571 sis
1300 3518 1619 3586 dispositus,
1652 3531 1758 3569 non
1795 3525 1974 3569 autem
2005 3515 2302 3569 secundum

733 3609 1011 3664 multoties
1081 3611 1469 3664 insanientium
1531 3608 1920 3676 insipientiam,
1986 3617 2091 3660 tua:
2149 3609 2308 3676 regiae

731 3703 985 3770 potestati
1030 3716 1092 3756 ea
1152 3717 1273 3771 qua:
1331 3716 1438 3754 non
1471 3708 1687 3769 oportet
1744 3699 2062 3766 dicentium,
2102 3710 2157 3752 et
2206 3715 2306 3768 pro

731 3794 1046 3862 insipientia
1071 3809 1170 3846 sua
1204 3793 1582 3862 garrientium.
1612 3792 1824 3845 Sultlcit
1858 3792 1970 3844 haec
2006 3790 2307 3844 admOnitio

734 3901 835 3940 nec
863 3885 1104 3953 pluribus
1135 3899 1273 3952 Opus
1318 3893 1402 3937 est
1461 3883 1659 3936 verbis.
1689 3882 2063 3936 UEconomum
2124 3894 2304 3935 autem

730 3977 1142 4039 arcessiviutus,
1191 3985 1243 4028 rt
1293 3989 1634 4044 quacunque
1692 3975 1978 4041 Oportebat
2026 3988 2149 4027 eum
2194 3989 2308 4025 mo-

735 4069 990 4133 nuimus;
1027 4083 1184 4136 quem
1219 4068 1452 4119 arbitror
1477 4067 1855 4118 honorandum
1892 4076 2040 4116 tuum
2063 4065 2306 4115 animum

735 4161 801 4214 de
832 4170 1029 4213 extero
1056 4157 1652 4218 noncontristaturum,
1682 4164 1738 4207 ut
1761 4157 1913 4222 prius
1943 4153 2306 4217 contristavit,

734 4266 797 4306 ca
830 4253 1082 4304 indecora
1117 4250 1323 4312 dicens,
1374 4257 1564 4316 atque,
1594 4256 1653 4300 ut
1688 4246 1989 4310 videbatur,
2028 4256 2170 4299 lnam
2210 4247 2308 4298 lto—

738 4342 1201 4395 norabilissintam
1260 4341 1598 4408 majestatem
1681 4339 1898 4406 probris
1952 4353 2303 4406 persequens.

740 4435 892 4488 Illum
957 4435 1308 4498 dimisimus;
1365 4440 1422 4484 tu
1478 4431 1553 4484 illi
1594 4432 1803 4483 vultum
1859 4431 2181 4482 benevolum
2217 4443 2312 4483 os-

739 4527 918 4590 tende,
960 4539 1057 4593 pro
1082 4536 1170 4576 tua
1194 4523 1437 4576 bonitate
1472 4522 1590 4574 viva
1622 4534 1754 4573 voce
1786 4534 1907 4587 quae
1942 4519 2081 4572 Deus
2107 4531 2309 4571 saneta:

739 4627 844 4670 tua:
884 4619 1046 4670 menti
1092 4615 1402 4682 inspirabit,
1440 4614 1650 4678 dicens,
1706 4627 2007 4680 rursusque
2060 4612 2108 4665 ei
2157 4626 2307 4665 oeco-

742 4709 890 4762 nomi
954 4708 1247 4762 claviculas
1309 4707 1684 4760 committens.
1748 4704 1853 4756 Pro
1911 4704 2106 4771 quibus
2168 4703 2311 4757 Deus

743 4811 962 4857 sanctus
998 4812 1214 4857 nostras
1250 4800 1496 4855 humiles
1558 4812 1746 4868 preces
1782 4796 2007 4850 audiens
2058 4795 2172 4864 ipse
2217 4795 2314 4848 tibi

742 4897 984 4964 precanti
1038 4910 1253 4964 semper
1317 4907 1480 4946 aures
1555 4891 1847 4946 benevolos
1905 4888 2187 4959 praebebit,
2262 4896 2314 4940 et

743 4989 1003 5060 quidquid
1039 4987 1266 5040 voluerit
1291 4984 1620 5055 adimplebit.

1175 5281 1259 5336 LX
1273 5279 1482 5335 XXVII.
1527 5309 1595 5320 —
1635 5277 1865 5347 Incerto.

813 5422 915 5478 Fili
942 5433 1128 5476 noster
1160 5429 1368 5483 sancte,
1402 5433 1508 5472 non
1543 5428 1670 5487 puto
1702 5431 1892 5472 sanam
1935 5425 2080 5468 tuatn
2114 5413 2314 5468 intelli-

747 5514 981 5582 gentiam
1010 5513 1260 5581 ignorare
1289 5525 1390 5579 qua
1424 5519 1614 5563 natura
1642 5509 1740 5562 sim
1775 5517 1869 5561 aut
1902 5523 2007 5576 qua
2043 5507 2145 5560 sint
2178 5521 2304 5558 sen-

748 5605 916 5659 tentia
965 5604 1185 5657 bumilis
1227 5616 1327 5670 ego
1361 5611 1487 5656 tuus
1521 5613 1670 5671 pater
1700 5602 1762 5654 ad
1796 5617 1856 5653 ea
1897 5615 2017 5669 qua:
2075 5599 2313 5651 humano

745 5712 897 5752 more
960 5707 1065 5749 tam
1119 5695 1430 5765 frequenter
1461 5706 1762 5749 occurrunt
1809 5693 2160 5757 otl'endicula,
2222 5699 2315 5745 ant

743 5804 830 5843 me
864 5788 1158 5857 quidquam
1203 5787 1307 5840 tale
1357 5786 1409 5838 in
1441 5801 1558 5839 meo
1594 5786 1776 5839 animo
1831 5784 2148 5846 recondere,
2207 5797 2314 5835 non

744 5881 906 5937 modo
955 5896 1079 5950 ergo
1122 5879 1287 5938 lilium
1334 5895 1512 5935 meum
1548 5889 1803 5950 tanquam
1851 5876 2067 5946 propria
2109 5877 2311 5930 viscera

2414 3355 2529 3390 σου.
2587 3340 2692 3390 Καὶ
2743 3339 2830 3391 διὰ
2887 3338 3047 3390 τοῦτο
3103 3339 3637 3407 ὑπομιμνήσκω,ώς
3682 3339 3887 3406 πατὴρ,
3919 3338 3986 3387 τὸ

2407 3430 2806 3498 δεδοξασμένον
2832 3447 2935 3497 μου
2975 3429 3164 3481 τέκνον
3207 3431 3299 3480 καὶ
3324 3429 3609 3495 δεσπότην,
3637 3429 3721 3480 ἵνα
3749 3429 3889 3479 κατᾶ
3919 3428 3986 3478 τὸ

2410 3521 2541 3589 ὖᾲος
2599 3523 2695 3590 τῆς
2755 3521 3042 3590 βασιλικῆς
3101 3523 3436 3591 ἁγαθὸτητος
3503 3520 3598 3572 καὶ
3655 3519 3792 3588 πρὸς
3851 3519 3985 3579 τοὺς

2410 3614 2755 3684 ὑποχειρίους
2782 3630 2876 3665 σου
2903 3613 3212 3685 διατίθησῃ,
3256 3613 3352 3665 καὶ
3391 3611 3466 3682 μὴ
3497 3613 3636 3665 κατὰ
3673 3611 3770 3681 τὴν
3807 3611 3987 3680 ἀφρο-

2413 3707 2578 3777 σύνην
2600 3709 2706 3759 τῶν
2739 3708 2998 3771 πολλάκις
3032 3707 3529 3778 παραφρονούντων
3570 3707 3665 3759 καὶ
3714 3705 3986 3772 λεγόντων

2410 3800 2443 3852 ἃ
2476 3800 2573 3867 μὲν
2601 3800 2658 3850 ού
2687 3799 2768 3850 δεῖ
2797 3799 2983 3867 ’λέγειν
3030 3801 3165 3868 πρὸς
3209 3801 3308 3868 τὴν
3348 3797 3628 3867 βασιλείαν
3674 3814 3790 3860 σου,
3829 3797 3985 3863 ὅμως

2411 3891 2466 3942 δὲ
2494 3890 2817 3960 νικωμένων
2847 3891 2999 3960 παρὰ
3025 3890 3126 3958 τῆς
3174 3889 3490 3958 ἀφροσύνης
3525 3889 3619 3941 καὶ
3675 3886 3988 3956 φλυαρούν-

2413 4001 2543 4036 των.
2581 3985 2779 4051 Ἀρκεῖ
2829 3982 2967 4052 αὕτη
3020 3983 3052 4052 ἡ
3098 3981 3425 4050 ὑπόμνησις,
3477 3979 3570 4033 καὶ
3614 3980 3875 4031 πλειόνων
3918 3979 3985 4030 οὗ

2412 4073 2644 4141 δεόμεθα
2693 4073 2886 4138 λόγων.
2927 4073 3061 4141 Περὶ
3111 4071 3168 4122 δὲ
3219 4070 3313 4122 τοῦ
3363 4070 3649 4137 οἰκονόμου
3699 4069 3988 4135 ἠγάγομεν

2412 4165 2594 4224 αὑτὸν,
2627 4164 2719 4213 καὶ
2745 4163 2842 4213 ὅσα
2871 4161 2977 4212 ἔδει
3001 4159 3410 4229 παρηνέσαμεν,
3438 4161 3531 4210 καὶ
3554 4157 3757 4226 νομίζω
3783 4158 3986 4224 μηκέτι

2413 4253 2574 4306 αὑτὸν
2604 4255 2702 4321 τὴν
2744 4253 2841 4321 σην
2871 4252 3364 4324 τιμίανλυπήσειν
3394 4249 3594 4319 ψυχὴν,
3630 4248 3816 4314 ὥσπερ
3848 4248 3990 4315 πρὸ·

2413 4361 2571 4412 τερον
2595 4343 2801 4404 ἐλύπει,
2826 4343 2893 4394 τὰ
2911 4343 2985 4412 μὴ
3003 4343 3283 4412 πρέποντα
3305 4342 3503 4408 λέγων,
3541 4340 3658 4401 καὶ,
3680 4338 3754 4399 ώς
3781 4337 3989 4400 ἐδόκει,

2415 4434 2750 4498 ἐξονειδίζων
2767 4438 2867 4501 τὴν
2893 4437 2991 4502 σὴν
3015 4436 3353 4502 τιμιωτάτην
3377 4431 3673 4501 βασιλείαν.
3707 4431 3992 4483 Ἀπεστεί-

2414 4526 2587 4595 λαμεν
2614 4523 2708 4578 οὖν
2739 4526 2920 4588 αὑτὸν,
2941 4527 3034 4577 καὶ
3065 4525 3237 4587 δεῖξον
3261 4523 3410 4591 αὐτῷ
3440 4524 3725 4592 πρόσωπον
3754 4521 3990 4588 εὐμενὲς

2411 4619 2538 4684 ἄξια
2574 4619 2744 4670 ποιῶν
2783 4619 2881 4688 τῆς
2915 4618 3013 4685 σῆς
3041 4616 3401 4683 ἀγαθότητος,
3442 4614 3537 4665 καὶ
3559 4612 3735 4681 οἰκεία
3761 4609 3992 4680 γλώττῃ

2414 4709 2450 4761 ἃ
2507 4711 2533 4761 6
2576 4709 2707 4772 Θεὸς
2759 4709 3056 4777 ἐμπνεύσει
3119 4708 3178 4758 ὲν
3229 4709 3296 4775 τῇ
3346 4704 3476 4775 ἀγίᾳ
3508 4720 3602 4755 σου
3631 4702 3775 4772 ψυχῇ
3807 4701 3994 4768 λέγων

2414 4799 2588 4868 αὐτῷ,
2615 4800 2706 4851 καὶ
2739 4799 2903 4851 πάλιν
2937 4797 3261 4867 ἐγχειρίζων
3291 4795 3360 4847 τὰ
3404 4794 3618 4846 κλειδία
3647 4792 3740 4844 τοῦ
3770 4793 3992 4844 οἰκονό-

2418 4907 2542 4958 μου.
2585 4890 2644 4941 '0
2701 4890 2832 4952 Θεὸς
2866 4892 2894 4942 6
2944 4891 3098 4956 ἅγιος
3135 4887 3253 4939 ἀνθ’
3290 4881 3366 4938 ὦν
3393 4886 3489 4954 τῆς
3532 4883 3811 4953 ἡμετέρας
3835 4898 3997 4934 τεταο

2416 4982 2760 5051 πεινωμένης
2789 4983 3034 5050 ἧκουσας
3077 4981 3348 5048 δεήσεως,
3407 4976 3570 5038 αὐτὸς
3627 4991 3710 5027 σοι
3758 4974 3995 5043 παρέξει

2417 5074 2644 5142 εύήκοον
2669 5074 2728 5124 τὸ
2759 5072 2915 5139 ἅγιον
2973 5069 3138 5124 αὑτοῦ
3163 5071 3322 5122 ὠτίον
3363 5071 3419 5122 ἐν
3465 5069 3616 5138 πάσῃ
3653 5067 3834 5134 δεήσει
3866 5083 3994 5128 σου,

2417 5168 2510 5220 καὶ
2544 5166 2832 5236 πληρωτὴς
2863 5164 3058 5233 ὀφθείη
3091 5163 3311 5224 πάντων
3368 5177 3461 5212 σου
3500 5159 3610 5212 τῶν
3642 5157 3994 5227 θελημάτων.

2993 5278 3112 5329 [η’.
3158 5275 3391 5341 metuo

2485 5415 2688 5467 Τέκνον
2722 5411 2883 5484 ἡμῶν
2922 5413 3091 5482 ἱερὸν,
3135 5412 3198 5464 οὐ
3222 5409 3505 5480 λογίζομαι
3530 5409 3745 5477 ἀγνοεῖν
3762 5406 3860 5477 τὴν
3884 5407 3992 5476 σὴν

2416 5511 2661 5578 ἔμφρονα
2718 5508 2954 5570 σύνεσιν,
2987 5505 3112 5559 οὔτε
3139 5504 3238 5575 τὴν
3283 5504 3424 5576 ἐμὴν
3455 5503 3637 5571 φύσιν,
3667 5499 3788 5552 οὒτε
3837 5500 3994 5561 ὅπως

2416 5603 2523 5672 ἔχω
2544 5602 2768 5672 γνώμης
2790 5602 2818 5652 6
2837 5600 3092 5662 ταπεινός
3125 5615 3218 5651 σου
3246 5597 3428 5666 πατὴρ
3461 5595 3600 5666 πρὸς
3629 5594 3698 5646 τὰ
3723 5591 3996 5654 πολλάκις

2416 5694 2772 5766 ἀνθρωπίνως
2823 5692 3088 5761 γινόμενα
3161 5688 3668 5759 προσκρούσματα,
3733 5684 3842 5738 οὐδ’
3905 5686 3996 5737 ὅτι

2416 5785 2568 5837 οὐδὲν
2597 5784 2705 5837 τῶν
2740 5784 2998 5836 τοιούτων
3030 5786 3088 5836 ὲν
3116 5785 3184 5852 τῇ
3218 5784 3324 5851 ἐμῇ
3358 5777 3786 5850 ἀποθησαυρίσω
3815 5776 3994 5846 ψυχῇ,

2417 5877 2516 5948 οὐχ
2571 5879 2654 5931 ὅτι
2703 5878 2838 5948 πρὶς
2895 5877 3084 5932 τέκνον
3126 5875 3280 5944 ἐμὸν,
3311 5873 3402 5928 καὶ
3425 5873 3733 5942 σπλάγχνον
3765 5870 3994 5934 οἰκεῖον,
