4182 6428
130 421 210 491 .293
1543 398 1955 459 EPISTOLE.

3239 400 3347 464 294

131 540 202 588 aut
239 532 392 603 μέλος
457 527 645 597 ὥσπερ
677 521 724 579 εἷ
761 525 849 589 σὺ,
883 519 1068 591 χάριτι
1101 517 1234 572 Θεοῦ
1261 516 1317 583 ἐξ
1363 512 1537 585 ἀρχῆς
1574 513 1667 566 καὶ
1700 522 1740 578 Α
1773 531 1782 564 ι

1700 522 1740 578 Α
1773 523 1823 565 et
1859 510 2124 572 membra,
2160 515 2217 562 ιιι
2245 517 2297 561 ιιι
2327 507 2438 576 ipse
2465 521 2544 572 es,
2571 515 2623 562 et
2653 505 2822 578 gratia
2855 507 2946 562 Dei
2979 508 3045 563 ab
3066 509 3220 565 initio
3251 521 3350 566 do-

134 615 470 688 συγκοινωνδν
491 618 602 669 τῶν
640 611 1001 680 παθημάτων,
1031 607 1286 661 ἀλλὀὑδέ
1319 604 1455 673 πρὸς
1485 603 1668 673 ἕτερόν

131 728 246 765 τινα.
303 708 516 780 Μηδεὶς
573 704 666 759 οῦν
717 702 1067 773 ὑποτρεχέτω
1141 695 1424 765 λογισμὸς,
1485 694 1672 748 τέκνον

133 801 483 869 ἠγαπημένον.
502 795 603 863 τὴν
630 793 731 863 σὴν
757 792 957 863 ψυχὴν,
987 790 1062 850 ὡς
1103 786 1294 839 ἕνεκεν
1329 784 1438 837 τῶν
1466 784 1671 856 προλα-

133 894 303 944 ϐόντων
332 889 499 956 ἀηδές
524 903 576 939 τι
623 886 680 938 ἐν
734 889 797 955 τῇ
848 885 957 952 ἐμῇ
987 879 1342 932 ἀποκείσεται
1367 877 1536 948 ψυχῇ,
1563 877 1674 928 οὐδ’

133 981 424 1051 ἀποστροφή
458 995 544 1040 τις
573 979 666 1032 καὶ
702 973 1040 1037 ἐναντίωσις.
1094 970 1183 1042 Μὴ
1219 970 1451 1039 γένοιτο,
1486 968 1676 1020 τέκνον

136 1092 235 1143 μου,
269 1072 339 1140 μὴ
363 1069 540 1132 οὕτως
581 1069 713 1122 ποτὶ
765 1067 962 1135 νικήσῃ
996 1082 1078 1126 τις
1125 1062 1464 1122 ὑπεναντίως
1496 1058 1678 1111 κινού·

137 1179 268 1232 μενος
293 1162 580 1232 λογισμὸς,
615 1160 756 1211 ὥστε
810 1156 1050 1210 τοιοῦτον
1092 1155 1387 1223 ἐνθύμημα
1417 1153 1473 1204 ἐν
1508 1153 1573 1221 τῇ
1610 1152 1675 1220 σῇ

135 1254 516 1325 ὲμφυτευθῆναι
580 1250 750 1321 ψυχῇ.
811 1250 950 1302 Ἀλλ’
1006 1250 1124 1318 ὕψει
1173 1245 1372 1316 μᾶλλον
1421 1243 1585 1296 πλέον
1643 1241 1675 1312 ἢ

135 1347 338 1416 πρόσθεν
371 1346 474 1414 τὴν
536 1343 812 1414 ἡμετέραν
873 1342 1009 1412 πρδς
1042 1340 1100 1393 σὲ
1142 1340 1241 1391 καὶ
1285 1335 1547 1400 διάθεσιν,
1584 1335 1678 1389 καὶ

135 1441 348 1507 γνώμην,
383 1438 483 1489 καὶ
545 1437 782 1507 στοργὴν
842 1433 1257 1502 ἐξηπλωμένην,
1312 1431 1403 1484 καὶ
1454 1429 1678 1483 τοσοῦτο

137 1527 270 1578 πλέον
298 1527 424 1578 ὅσον
453 1524 550 1578 νῦν
583 1528 662 1589 είς
696 1527 862 1597 μέσον
887 1524 1209 1594 εἰσέρχομαι
1258 1523 1364 1576 τῶν
1411 1521 1542 1584 ἴσως
1590 1521 1680 1574 διὰ

136 1619 214 1678 τὰς
239 1616 368 1686 ἐμὰς
395 1617 674 1688 ἁμαρτίας
710 1617 784 1684 μὴ
816 1613 1074 1684 καθαρῶς
1130 1613 1266 1684 μηδέ
1301 1613 1490 1682 γνώμῃ
1523 1612 1678 1665 ἀδιαο

139 1708 329 1777 στρόφῳ
361 1709 485 1778 μεθ’
514 1709 673 1777 ἡμῶν
703 1705 1008 1775 μελλόντων
1040 1701 1678 1772 συναναστραφήσεσθαι.

138 1799 228 1850 Καὶ
252 1801 410 1852 πάλιν
437 1798 610 1868 φημὶ,
639 1796 796 1860 εἴτις
832 1798 1155 1866 παρενοχλεῖ
1201 1794 1458 1862 λογισμὸς
1492 1793 1680 1846 ἕνεκεν

1780 604 1955 657 Iorum
2002 616 2246 656 meorum
2274 599 2616 669 participem,
2648 602 2742 656 sed
2777 613 2952 669 neque
2992 615 3116 671 erga
3149 601 3343 658 alium.

1779 693 1938 748 Nullo
1973 692 2152 761 igitur,
2188 691 2262 745 mi
2310 689 2406 754 Illi,
2437 702 2669 744 mentem
2718 703 2866 745 tuam
2900 691 3138 761 suspicio
3161 695 3353 747 subeat

1783 782 1835 835 in
1883 797 2001 836 mea
2026 791 2201 836 mente
2231 797 2296 836 ex
2331 781 2775 850 praecedentibus
2825 798 2933 838 n0n
2970 784 3101 837 nihil
3138 786 3351 840 molesti

1782 873 1867 927 vel
1916 872 2254 927 eversionem
2316 883 2370 928 et
2444 875 2838 944 oppositionem
2882 875 3135 930 residere.
3180 877 3352 941 Absit,

1785 965 1879 1030 Illi,
1914 972 1973 1018 ut
1999 979 2230 1032 unquam
2265 967 2389 1020 talis
2435 965 2693 1033 cogitatio
2735 967 2784 1019 in
2810 977 2900 1021 tua
2938 977 3118 1020 mente
3141 969 3356 1021 radices

1783 1065 1925 1126 agat.
1980 1054 2085 1108 Sed
2118 1057 2373 1125 majorem
2426 1072 2588 1125 quam
2641 1056 2792 1126 prius
2846 1069 3087 1112 nostram
3124 1075 3251 1130 erga
3307 1071 3356 1114 te

1782 1145 2194 1214 dispositionem
2225 1155 2275 1198 et
2305 1147 2627 1200 sententiam
2675 1155 2728 1198 et
2755 1145 2978 1201 effusam
3005 1148 3354 1202 dilectionem

1783 1238 2011 1304 videbis,
2037 1252 2209 1307 eoque
2254 1238 2424 1305 magis
2445 1240 2588 1308 quod
2625 1253 2772 1294 nunc
2815 1239 2869 1292 in
2901 1240 3134 1293 medium
3163 1257 3354 1296 eorum

1785 1331 2016 1396 introeo,
2049 1333 2141 1400 qui
2180 1329 2409 1385 forsitan
2462 1332 2530 1385 ob
2584 1346 2703 1387 mea
2754 1340 2975 1401 peccata
3026 1347 3197 1401 neque
3228 1333 3359 1387 sim-

1785 1424 2019 1494 pliciter,
2046 1439 2220 1492 neque
2256 1432 2439 1478 mente
2474 1423 2683 1478 sincera
2712 1424 3046 1495 cogitatione
3069 1424 3356 1479 nobiscum

1784 1516 1981 1570 debent
2010 1516 2343 1569 conversari.
2376 1514 2444 1569 Et
2492 1530 2712 1569 rursum
2742 1517 2884 1582 dico,
2906 1515 2951 1571 si
2974 1531 3078 1585 qua
3112 1524 3160 1570 te
3185 1517 3358 1584 impe-

1785 1607 1863 1661 dit
1890 1607 2145 1674 suspicio,
2169 1608 2315 1676 parvi
2336 1607 2481 1661 illius
2509 1608 2651 1676 quod
2690 1609 2906 1672 accidit,
2929 1609 3136 1664 dissidii
3170 1624 3355 1674 causa,

1789 1698 1927 1752 hanc
1962 1707 2075 1751 toto
2109 1699 2289 1752 animo
2343 1699 2500 1769 longe
2559 1713 2586 1751 a
2625 1709 2674 1752 te
2718 1699 2914 1766 abjice,
2946 1710 3148 1752 certam
3194 1702 3353 1754 ﬁdem

1788 1789 2061 1859 accipiens
2126 1804 2190 1844 ne
2234 1790 2518 1860 vestigium
2558 1790 2773 1859 quidem
2823 1805 3010 1846 eorum
3049 1806 3167 1860 qua!
3218 1792 3359 1846 inter

135 1890 213 1958 τῆς
241 1893 445 1959 μικρᾶς
469 1889 675 1959 ταύτης
699 1889 1080 1957 γεγενημένης
1109 1886 1463 1948 διαστάσεως,
1495 1884 1680 1937 τοῦτον
1713 1903 1753 1957 Β
1782 1898 1786 1933 1

1713 1903 1753 1957 Β
1782 1895 1884 1935 nos
1913 1882 2245 1946 acciderunt,
2310 1882 2362 1935 in
2412 1881 2520 1937 Deo
2566 1883 2818 1949 dicimus,
2875 1893 3058 1939 nostra
3091 1885 3143 1938 in
3178 1895 3357 1938 mente

136 1981 210 2050 ἰλῃ
241 1982 383 2049 ψυχῇ
419 1980 576 2050 ρίψον
600 1983 693 2049 ἀφ’
725 1979 942 2044 ἐαυτοῦ,
965 1978 1262 2048 λαμϐάνων
1285 1976 1683 2047 πληροφορίαν,

134 2071 313 2130 ὡςοίδ⁵
347 2073 495 2140 ἴχνος
531 2072 668 2134 ὅλως
703 2071 814 2124 τῶν
847 2072 1150 2138 γεγονότων
1188 2071 1393 2141 μεταξὺ
1427 2068 1587 2140 ἡμῶν
1614 2071 1681 2138 τῇ

136 2164 222 2232 ἐμῇ
251 2163 419 2232 ψυχῇ,
455 2165 512 2216 ἐν
537 2164 656 2235 Θεῷ
685 2182 888 2236 φαμεν,
922 2166 1296 2218 ἀποκείσεται.

681 2281 814 2336 Ilﬂ'.
850 2281 1095 2348 ’Δδήλῳο

192 2389 426 2461 Οἴδαμεν
488 2393 588 2464 τὴν
659 2394 870 2467 ἀγαθήν
931 2414 1023 2450 σου
1090 2394 1449 2466 προαίρεσιν,
1501 2396 1688 2449 τέκνον

138 2479 290 2547 ἡμῶν,
326 2484 403 2553 μὴ
437 2485 697 2557 δεομένην
731 2487 828 2557 τῆς
862 2487 1020 2557 ἡμῶν
1057 2487 1457 2555 παραινέσεως.
1483 2488 1547 2540 Οί
1579 2489 1686 2559 γὰρ

138 2569 322 2624 ιῐκοθεν
379 2573 596 2642 ἔχοντες
659 2577 722 2628 τὸ
792 2577 1078 2646 συμπαθὲς
1125 2577 1183 2630 οὐ
1231 2576 1527 2647 χρῄζουσιν
1593 2578 1686 2631 ἐπὶ

137 2658 267 2711 τοῦτο
329 2662 435 2732 τῆς
493 2666 650 2728 ἐκτὸς
714 2665 1134 2734 παρακλήσεως.
1195 2670 1292 2721 Διὰ
1352 2669 1508 2722 τοῦτο
1546 2671 1593 2722 oi
1628 2670 1687 2723 τὸ

136 2754 347 2822 γράμμα
384 2758 547 2824 ἡμῶν
570 2759 958 2830 ἐπιφερόμενοι
1021 2762 1186 2833 μέχρι
1228 2762 1320 2815 τοῦ
1356 2763 1448 2816 νῦν
1479 2765 1688 2817 τοιοῦτο

135 2844 219 2895 οὐκ
247 2847 510 2910 ἐκόμισαν
543 2851 776 2921 γράμμα
824 2852 952 2923 περὶ
983 2854 1076 2906 τοῦ
1112 2855 1277 2924 μηδὲν
1306 2855 1691 2925 ἐπιϐαρεῖσθαι

137 2937 308 3001 αὐτοὺς
333 2941 524 2994 ἕνεκεν
551 2944 652 3013 τῆς
691 2945 749 3010 ἐξ
775 2945 952 3016 ἀρχῆς
999 2947 1094 2999 καὶ
1123 2947 1332 3001 ἄνωθεν
1361 2949 1692 3018 ἐλαφρυνού-

140 3040 220 3094 ﬁt;
253 3031 455 3092 αὐτοὺς
493 3036 850 3106 συνεισφορᾶς
875 3037 934 3090 ἐν
974 3039 1041 3107 τῇ
1076 3042 1452 3108 πατριαρχικῇ
1484 3039 1690 3108 διοική-

135 3131 222 3170 σει.
264 3119 659 3192 Ἑλογιζόμεθα
685 3125 793 3195 γὰρ
825 3127 910 3179 ὅτι
945 3128 1040 3180 καὶ
1082 3129 1253 3197 χωρὶς
1292 3129 1382 3180 τοῦ
1418 3130 1688 3199 ἡμετέρου

1787 1987 2226 2041 permansurum.

2239 2269 2572 2324 LXXXVIII.
2641 2269 2867 2326 Incerto.

1861 2383 2093 2452 Scimus,
2136 2386 2207 2439 mi
2273 2386 2366 2448 liti,
2412 2394 2564 2438 tun‘tn
2616 2384 2815 2439 bonum
2874 2384 3116 2440 animum
3171 2397 3354 2442 nostra

1787 2478 2161 2532 adhortatione
2190 2492 2296 2530 non
2368 2491 2544 2545 egere.
2600 2475 2701 2542 Qui
2728 2476 2871 2530 enim
2905 2492 2972 2532 ex
3036 2492 3094 2532 se
3141 2480 3354 2534 miseri-

1786 2566 2027 2621 cordiam
2095 2568 2312 2629 habent,
2376 2581 2481 2619 non
2550 2567 2762 2620 adhoc
2807 2567 2981 2620 aliena
3034 2568 3356 2624 invitatione

1787 2657 2044 2725 indigent.
2078 2656 2198 2710 Ideo
2223 2657 2313 2725 qui
2335 2666 2544 2710 nostras
2591 2657 2795 2710 litteras
2827 2656 3025 2722 ferunt,
3074 2659 3356 2729 hucusque

1787 2765 1880 2804 cas
1913 2766 2017 2802 non
2059 2751 2360 2812 reddidere,
2397 2749 2752 2815 deprecantes
2778 2758 2835 2802 ut
2872 2751 3001 2802 nihil
3045 2750 3180 2803 ultra
3227 2767 3356 2805 Ollc-

1790 2849 1978 2894 rentur
2007 2840 2107 2909 ipsi
2144 2840 2234 2909 qui
2274 2841 2339 2894 ab
2371 2841 2522 2894 initio
2573 2850 2626 2895 et
2650 2841 2971 2910 jamdudum
3007 2857 3099 2910 per
3135 2858 3260 2896 suas
3302 2843 3354 2895 in

1791 2931 2134 3001 patriarchali
2190 2933 2662 2988 administratione
2697 2935 3129 2988 contributiones
3173 2934 3358 2988 suble-

1792 3025 1900 3078 vati
1944 3025 2169 3079 fuerint.
2215 3024 2619 3093 Reputabamus
2675 3025 2818 3079 enim
2871 3034 2920 3080 te
2951 3028 3110 3080 etiam
3155 3027 3359 3097 absque

1792 3118 1995 3170 nostris
2045 3116 2239 3171 litteris
2291 3131 2386 3171 eos
2423 3116 2491 3170 ab
2541 3117 2644 3172 hoc
2675 3117 2890 3186 publico
2932 3132 3097 3172 onere
3159 3119 3361 3174 liberos

133 3211 443 3280 γράμματος
499 3215 728 3278 τούτους
781 3217 1000 3288 ἀφήσῃς
1053 3219 1146 3271 τοῦ
1196 3219 1455 3289 δημοσίου
1490 3220 1761 3291 βάρουςε

1717 3228 1761 3290 c
1793 3207 2147 3262 remissurum
2179 3223 2317 3262 esse.
2344 3206 2460 3261 Non
2478 3209 2622 3262 enim
2666 3209 2779 3263 lieri
2799 3219 2973 3278 potest
3026 3209 3109 3280 (ut
3141 3219 3194 3263 ttt
3229 3210 3362 3265 bene

136 3299 333 3363 ἀνέτους
353 3318 368 3334 ο
403 3303 529 3356 οὐδὲ
556 3306 665 3375 γὰρ
695 3305 917 3362 δυνατὸν
941 3308 1038 3378 (ὼς
1057 3309 1152 3362 καὶ
1186 3311 1218 3379 ή
1249 3309 1314 3380 σὴ
1337 3310 1687 3374 ἐξεπίσταται

136 3388 350 3462 σύνεσις)
426 3398 498 3449 τά
527 3413 587 3449 τε
631 3400 1007 3468 πατριαρχείῳ
1046 3399 1106 3464 ἐξ
1151 3401 1325 3469 ἀρχῆς
1352 3400 1688 3472 διορισθέντα

137 3486 516 3553 συνεισφέρειν,
553 3487 650 3539 καὶ
679 3490 801 3550 ταῖς
837 3489 1128 3558 δημοσίαις
1157 3490 1486 3560 ὑπηρεσίαις
1516 3508 1688 3544 κατα-

133 3569 473 3639 ϐαρύνεσθαι.
509 3579 607 3628 Δια
632 3576 808 3631 ταῦτα
828 3579 1114 3650 γράφομέν
1156 3597 1260 3645 σοι,
1292 3583 1480 3635 τέκνον
1507 3584 1686 3654 ημῶν,

133 3662 172 3712 ει
199 3664 420 3717 δυνατὸν
448 3668 606 3721 ἐᾶσαι
631 3669 868 3738 πένητας
897 3671 1098 3739 ἄνδρας
1121 3671 1210 3724 διὰ
1227 3673 1325 3742 τὴν
1345 3673 1524 3727 αὐτῶν
1549 3675 1688 3726 ἀπο-

136 3749 235 3816 ρίαν
252 3757 464 3824 μικρὰν
489 3759 938 3826 συνεισφέροντας
958 3761 1148 3829 χρείαν
1176 3764 1241 3830 τῇ
1262 3761 1351 3813 τοῦ
1389 3762 1525 3814 Θεοῦ
1570 3762 1690 3816 Ἐκ-

133 3839 332 3911 κλησίᾳ,
365 3845 471 3897 καὶ
491 3846 566 3914 μὴ
608 3846 776 3916 βάρος
822 3850 1006 3912 αὐτοῖς
1038 3850 1174 3920 ὑπὲρ
1199 3852 1296 3920 τὴν
1320 3849 1546 3919 δύναμιν
1577 3854 1690 3905 ἐπι-

131 3932 304 3998 θεῖναι,
345 3935 375 3985 ὃ
421 3938 521 3988 καὶ
564 3940 674 3998 τοῖς
712 3937 992 4007 δημοσίοις
1030 3941 1324 4009 πράγμασι
1349 3940 1690 4010 λειτουργεῖν

132 4023 307 4089 αὐτοὺς
342 4029 405 4080 οὐ
432 4032 801 4100 συγχωρήσει.
825 4033 920 4084 καὶ
951 4035 1048 4102 τῆς
1081 4033 1284 4102 μικρᾶς
1316 4034 1689 4104 προσενέξεως

128 4116 213 4185 τὴν
250 4118 586 4188 Ἐκκλησίαν
621 4123 717 4174 τοῦ
747 4122 881 4174 Θεοῦ
909 4123 1330 4195 ἀποστερήσειν.

504 4233 628 4290 ΠΘ’.
676 4235 985 4306 Γρηγορίῳ
1025 4234 1307 4306 Ἐφέσου.

195 4352 414 4425 Ἐπειδὴ
439 4354 512 4406 τὰ
538 4353 634 4423 τῆς
689 4353 849 4421 ἁγίας
894 4352 1058 4407 αὑτοῦ
1103 4352 1429 4424 Ἐκκλησίας
1458 4355 1486 4407 ὁ
1519 4354 1690 4423 μέγας

129 4447 206 4498 καὶ
224 4447 443 4516 πρῶτος
477 4446 770 4514 ἀρχιερεὺς
801 4445 958 4515 ἡμῶν
982 4447 1008 4496 ὁ
1030 4445 1230 4515 Κύριος
1263 4446 1356 4498 καὶ
1378 4446 1507 4510 Θεὸς
1532 4445 1688 4517 ἡμῶν

1791 3296 2066 3368 intelligis)
2089 3307 2142 3352 et
2165 3313 2224 3351 ea
2251 3312 2372 3367 qua:
2398 3297 2749 3368 patriarcltali
2783 3298 2895 3353 sedi
2939 3300 3007 3352 ab
3032 3299 3188 3352 initio
3217 3301 3360 3353 sunti

1788 3386 2006 3442 deﬁnita
2032 3389 2399 3452 contribuere,
2424 3398 2476 3443 et
2505 3389 2733 3459 publicis
2763 3389 3079 3444 muneribus
3142 3390 3366 3458 Insuper

1790 3482 2025 3536 onerari.
2056 3481 2180 3536 Ideo
2212 3482 2304 3537 tibi
2328 3482 2640 3545 scribimus,
2681 3479 2778 3546 Iili,
2802 3489 2880 3548 ut,
2914 3481 2956 3536 si
2989 3481 3110 3535 Iieri
3160 3493 3360 3551 po:est,

1793 3569 2038 3623 homines
2094 3568 2280 3638 inopes
2323 3583 2418 3637 per
2485 3584 2641 3623 suam
2740 3570 2976 3637 impiam
3045 3570 3361 3622 nonnullam

1791 3660 2078 3714 utilitatem
2115 3659 2205 3712 Dei
2245 3657 2500 3722 Ecclesia:
2531 3660 2830 3727 tribuentes
2861 3662 3154 3715 molestare
3186 3661 3358 3714 desis-

1790 3760 1893 3807 tas.
1919 3749 2100 3820 Neque
2135 3751 2214 3804 eis
2252 3765 2447 3803 novum
2474 3765 2613 3804 onus
2652 3753 2921 3818 imponas,
2957 3752 3102 3820 quod
3160 3769 3260 3804 non
3296 3753 3362 3806 iis

1790 3844 2062 3911 permittet
2094 3852 2150 3894 ut
2180 3841 2396 3910 publica
2429 3843 2624 3895 obeant
2660 3846 2907 3911 munera,
2940 3843 3139 3914 Deique
3177 3845 3362 3898 Eccle-

1792 3933 1929 3987 siam
1965 3933 2126 3987 certis
2161 3933 2391 4003 privabit
2426 3932 2800 3989 facultatibus.

2023 4238 2312 4294 LXXXIX.
2371 4240 2619 4311 Gregorio
2659 4240 2846 4310 Ephesi
2881 4245 3139 4314 episcopo.

1863 4353 2129 4418 Quoniam
2162 4369 2225 4407 ea
2264 4369 2382 4422 qua:
2434 4364 2562 4408 sunt
2600 4353 2875 4419 Ecclesiae,
2909 4371 3136 4423 magnus
3161 4367 3213 4410 et
3243 4357 3357 4427 pri-

1792 4461 1913 4502 mus
1935 4450 2274 4501 sacerdotum
2299 4447 2570 4516 princeps,
2603 4446 2865 4502 Dominus
2903 4456 2957 4501 et
2999 4446 3141 4504 Deus
3173 4461 3359 4504 noster

139 4540 328 4608 Ἰησοῦς
360 4541 389 4591 δ
423 4537 665 4608 Χριστὸς
695 4537 1118 4608 οίκονομηθῆναι
1149 4539 1446 4608 παρέσχεν,
1477 4538 1535 4590 ὃν
1557 4542 1685 4607 τρό·
1721 4551 1763 4606 ι)

1721 4551 1763 4606 ι)
1792 4537 1946 4594 Jcsus
1963 4538 2211 4592 Christus
2237 4538 2665 4592 administranda
2695 4538 2942 4606 praebuit,
2965 4554 3030 4593 eo
3063 4541 3224 4593 modo
3247 4557 3354 4609 quo

130 4644 212 4680 πον
250 4633 318 4700 τῇ
360 4628 537 4681 αὑτοῦ
587 4627 764 4691 ἔδοξεν
811 4625 1107 4697 ἁγαθότητι
1149 4627 1254 4696 (τίς
1287 4626 1395 4697 γὰρ
1445 4627 1538 4680 ἐπὶ⁵
1565 4627 1686 4681 νοῦν

127 4723 369 4791 τολμήσοι
404 4721 596 4774 λαϐεῖν
633 4719 707 4781 ὡς
731 4722 788 4771 τὸ
822 4721 962 4788 μέγα
991 4721 1148 4774 τοῦτο
1178 4720 1335 4792 ἔργον
1368 4722 1442 4793 μὴ
1471 4723 1688 4792 γεγονέ-

128 4831 200 4863 ut
227 4817 318 4866 σὺν
344 4815 412 4882 τῇ
451 4811 662 4863 ἐκείνου
700 4811 918 4881 εὐδοκία
943 4813 984 4877 ;)
1035 4813 1169 4864 ἀλλὰ
1206 4813 1314 4883 γὰρ
1345 4814 1465 4865 ἐπεὶ
1488 4815 1556 4867 τὰ
1587 4816 1687 4884 τῆς

130 4907 261 4974 ἱερᾶς
324 4905 498 4959 αὑτοῦ
572 4905 892 4974 συναγωγῆς
935 4906 1199 4976 διῳκήθη,
1253 4908 1504 4978 ὁρίζομεν
1559 4912 1687 4975 τοὺς

132 4996 214 5063 μὲν
257 4998 529 5067 ἀρχαίους
577 4994 922 5064 λειεουργοὺς
971 4997 1067 5049 τοῦ
1110 4999 1270 5066 ἁγίου
1298 4999 1682 5073 θυσιαστηρίου

129 5088 482 5159 προτετάχθαι
513 5088 622 5140 τῶν
656 5089 806 5158 παρά
832 5089 929 5158 τῆς
963 5092 1060 5159 σῆς
1085 5089 1493 5163 ἀρχιερωσύνης
1517 5094 1574 5144 ἐν
1606 5093 1686 5164 τῷ

129 5178 207 5230 νῦν
234 5179 416 5251 καιρῷ
453 5181 538 5250 είς
563 5178 908 5249 λειτουργίαν
941 5183 1492 5252 προκεχειρισμένους
1514 5198 1530 5214 ⁸
1566 5185 1683 5254 μετ’

127 5267 346 5331 ἐκείνους
375 5269 437 5321 δὲ
459 5268 590 5329 τοὺς
623 5268 772 5338 παρὰ
799 5268 889 5322 σοῦ
911 5270 1007 5340 τὴν
1023 5271 1362 5342 χειροθεσίαν
1389 5275 1647 5339 λαϐόντας
1666 5291 1680 5308 ⁸

127 5358 368 5425 ἐςχάεους
410 5357 473 5410 δὲ
515 5353 655 5411 εἷναι
690 5361 817 5422 τοὺς
865 5362 922 5414 ἐν
956 5362 1032 5430 τῷ
1059 5363 1233 5433 καιρῷ
1272 5366 1380 5418 τῶν
1427 5370 1524 5421 οὐκ
1565 5363 1683 5421 οἶδα

128 5451 281 5510 ποίοις
327 5449 574 5517 κρίμασι
623 5449 756 5502 Θεοῦ
800 5454 1308 5523 συγκεχωρημένων
1348 5457 1681 5511 ἐπεισελθεῖν

129 5541 424 5593 σκπνξάλων
483 5542 550 5610 τῇ
601 5540 897 5613 Ἐκκλησία
960 5545 1064 5598 ὑπὸ
1114 5547 1522 5602 Κωνσταντίνου
1589 5552 1681 5603 καὶ

135 5627 364 5682 Ἰωάννου
420 5629 924 5702 χειροθετηθέντας.
958 5635 1066 5688 Καὶ
1110 5637 1263 5691 τοῦτο
1298 5639 1393 5708 μὲν
1424 5640 1484 5693 τὸ
1517 5641 1680 5711 μέρος

128 5723 342 5778 τοιοῦτον
405 5726 527 5794 ἔχει
573 5726 664 5779 τὸν
709 5726 1007 5799 διορισμόν.
1041 5731 1269 5804 Ἕτερον
1316 5733 1371 5786 δὲ
1429 5735 1681 5805 ὁρίζομεν

131 5813 228 5881 (καὶ
256 5819 413 5875 τοῦτο
450 5818 667 5890 μενέτω
700 5821 916 5888 πάντως
942 5824 1398 5897 ἀπαραποίητον),
1427 5824 1564 5880 ὥστε
1593 5827 1680 5879 τὸν

1794 4627 1964 4698 ipsius
1981 4628 2206 4683 bonitati
2231 4629 2402 4683 visum
2443 4638 2548 4695 est,
2571 4629 2717 4698 (quis
2740 4629 2883 4682 enim
2921 4639 3103 4686 mente
3133 4632 3356 4687 auderet

1791 4723 2074 4793 concipere
2099 4739 2350 4793 magnum
2388 4723 2493 4778 hoc
2513 4737 2650 4793 Opus
2687 4737 2812 4776 cum
2841 4721 2988 4776 illius
3015 4725 3355 4794 beneplacito

1792 4830 1898 4870 non
1945 4815 2118 4884 licri!)
2163 4815 2267 4869 Sed
2311 4817 2568 4884 quoniam
2622 4815 2793 4884 ipsius
2853 4815 2994 4869 sacri
3045 4824 3220 4870 costus
3268 4832 3354 4871 res

1791 4907 1942 4961 nobis
1970 4909 2277 4962 commissae
2335 4915 2480 4970 sunt,
2536 4906 2825 4961 deﬁnimus
2881 4906 3134 4976 antiquos
3170 4907 3356 4962 minis-

1790 5009 1900 5055 tros
1932 5001 2103 5054 sacris
2136 4999 2400 5052 altaribus
2439 4997 2638 5067 praeﬁci
2690 4999 2888 5052 debere
2937 5007 3061 5052 ante
3120 5014 3213 5052 eos
3259 5002 3349 5068 qui

1789 5107 1931 5147 nunc
1965 5092 2197 5146 maxime
2226 5105 2256 5144 a
2301 5101 2395 5144 tuo
2429 5104 2643 5144 summo
2669 5089 2974 5143 sacerdotio
3006 5089 3071 5142 ad
3107 5090 3354 5144 ministe-

1788 5191 1924 5244 rium
1957 5183 2222 5254 designati
2250 5191 2407 5244 sunt;
2437 5181 2630 5235 deinde
2681 5196 2777 5235 eos
2797 5180 2887 5249 qui
2923 5195 2952 5234 a
3010 5189 3061 5235 tc
3094 5195 3350 5234 manuum

1788 5275 2183 5346 impositiouetn
2217 5280 2568 5340 receperunt;
2626 5270 2848 5325 ultimos
2877 5280 3055 5324 autem
3092 5286 3214 5325 esse
3255 5286 3360 5324 eos-

1787 5368 1879 5441 qui
1929 5385 1994 5424 eo
2047 5366 2426 5422 scandalorum
2482 5371 2724 5434 tempore
2764 5364 2950 5426 electi,
3020 5363 3350 5436 (scandala)

1789 5461 1970 5516 nescio
2035 5460 2231 5528 quibus
2268 5456 2356 5511 Dei
2417 5456 2661 5525 judieiis,
2728 5458 2829 5510 sub
2883 5456 3240 5510 Constantino
3297 5467 3352 5512 et

1786 5555 1992 5608 Joanne
2013 5551 2306 5606 Ecclesiam
2360 5549 2565 5603 intrare
2597 5557 2910 5618 potuerunt.
2961 5548 3090 5615 Quae
3129 5551 3347 5619 quidem

1788 5663 1912 5716 pars
1972 5648 2111 5700 hanc
2150 5644 2311 5698 habet
2376 5641 2817 5712 cXpIicationem.
2871 5643 3111 5696 Alterum
3167 5653 3348 5698 autem

1785 5737 2094 5802 delinimus,
2125 5739 2196 5804 (et
2228 5735 2328 5789 itoe
2355 5733 2505 5790 certe
2531 5736 2734 5789 certius
2774 5737 2899 5802 erit)
2936 5743 2993 5787 ut
3030 5737 3073 5789 is
3101 5734 3194 5803 qtti
3245 5749 3272 5787 a
3300 5746 3352 5788 te

1788 5828 1837 5883 in
1871 5829 2048 5885 locum
2078 5827 2536 5898 proteprcslg'teri
2586 5836 2637 5882 et
2662 5827 3029 5883 archidiaconi
3063 5827 3351 5884 ordinatus
