4182 6428
756 418 868 482 295

1891 425 2205 485 NltIULAI
2246 427 2357 487 CP.
2402 428 2916 490 PATRIARCHA!

3914 438 4020 502 296

764 540 867 591 est,
907 537 960 583 et
1008 529 1253 598 eumqui
1286 529 1342 585 in
1378 530 1555 584 locum
1594 532 1841 594 secundi,
1894 542 1949 586 ut
1978 534 2148 598 aiunt,
2182 550 2342 588 suum

2449 543 2599 611 παρὰ
2646 541 2739 596 σοῦ
2768 542 2848 603 εἰς
2875 541 3032 607 τάξιν
3091 543 3652 615 πρωτοπρεσδυτέρου
3686 549 4017 619 τεταγμένων

762 621 1006 671 Ordinem
1039 632 1092 673 ct
1141 629 1341 674 statum
1395 632 1573 676 servet
1620 637 1895 692 nunquam
1942 635 2114 677 tentes
2158 626 2209 678 in
2263 627 2344 679 in-

764 711 1018 763 teriorem
1048 712 1294 768 ordinem
1328 714 1617 767 deducere.
1662 714 1785 769 llaec
1835 716 1927 769 tibi
1986 717 2335 771 mandamus.

765 799 889 854 ll.ec
920 813 1103 856 nostra
1137 803 1389 857 mandata
1428 804 1695 870 servabis,
1730 806 1888 859 nobis
1935 805 2343 869 obediens,etsi

765 895 1059 962 peccatori,
1102 895 1239 962 patri
1270 902 1448 948 tamen
1497 905 1590 950 tuo
1620 906 1673 951 ct
1703 911 1917 951 summo
1939 898 2234 953 sacerdoti.

764 985 923 1052 γενοῦ
984 984 1157 1054 φύλαξ
1197 985 1294 1055 τῆς
1330 986 1606 1058 ἡμετέρας
1661 987 1902 1056 ἐντολῆς,
1941 987 2017 1051 ὡς
2054 989 2344 1058 ἑπόμενος,
2381 993 2429 1043 εἰ

764 1077 957 1145 χιερεῖ.

1332 1188 1442 1244 XC.
1498 1189 1746 1242 Incertis.

836 1297 1056 1353 Fratres
1086 1299 1215 1365 mei,
1255 1302 1446 1354 addam
1479 1317 1627 1364 vero,
1663 1312 1717 1356 ct
1759 1303 1879 1367 ﬁlii,
1908 1305 2010 1358 nisi
2046 1305 2199 1359 vobis
2230 1304 2346 1359 dis-

765 1392 929 1460 plicet
968 1393 1110 1446 tilios
1160 1395 1336 1445 vocari
1401 1395 1704 1460 peccatoris
1744 1398 1982 1463 quidem,
2035 1397 2127 1448 sed
2164 1409 2342 1450 tamen

736 1470 955 1551 'patris,
976 1484 1116 1552 quod
1147 1497 1213 1535 ne
1264 1498 1357 1535 vos
1390 1486 1608 1551 quidem
1638 1485 1905 1552 negaretis
1942 1525 1956 1547 ,
1979 1486 2199 1539 etsi.....
2226 1501 2348 1541 esse

764 1576 905 1643 apud
934 1590 1126 1628 omnes
1173 1573 1321 1641 digni
1374 1555 1672 1640 habemur;
1720 1575 1815 1629 sed
1840 1576 1983 1629 enim
2020 1577 2112 1629 lilii
2145 1587 2195 1631 et
2228 1578 2339 1631 fia-

766 1676 944 1718 tres...
992 1665 1218 1733 pessimi
1273 1656 1537 1718 damonis
1589 1663 1844 1719 Ecclesia:
1878 1667 2142 1736 schisma,
2193 1669 2340 1723 illius

765 1754 1103 1821 providentia
1145 1755 1236 1823 qui
1278 1769 1492 1824 semper
1537 1763 1591 1809 et
1654 1757 1722 1809 ab
1767 1758 1924 1813 initio
1984 1771 2232 1828 separata
2285 1760 2338 1813 in

765 1846 1026 1898 unitatem
1078 1846 1307 1911 reducit,
1350 1847 1652 1915 praesertim
1684 1848 1901 1916 quidem
1953 1865 2048 1919 per
2076 1851 2339 1919 seipsum,

766 1956 891 1991 cum
928 1938 1284 1991 exiuauiverit
1319 1940 1674 2009 semetipsum
1706 1956 1806 2010 pro
1838 1942 2079 1996 otnnium
2107 1946 2339 2000 unitalc.

762 2040 815 2083 ct
846 2030 951 2096 pati
991 2030 1223 2083 voluerit
1277 2046 1615 2098 quaecunque
1643 2047 1835 2100 passus
1863 2040 1975 2099 est;
2001 2035 2190 2088 deinde
2214 2051 2340 2089 vero

762 2131 815 2171 et
847 2136 941 2188 per
961 2136 1056 2174 eos
1092 2121 1183 2187 qui
1221 2136 1339 2174 eam
1389 2122 1747 2175 humanitatis
1799 2138 1987 2175 curam
2025 2140 2339 2193 suscepere,

764 2211 1042 2277 apostolos
1094 2208 1305 2260 scilicet
1354 2222 1655 2276 eorumque
1699 2225 2065 2276 succcs~ores,
2096 2213 2337 2277 abstulit,

768 2312 822 2354 ut
848 2311 1101 2370 putamus
1128 2302 1227 2354 etsi
1268 2312 1599 2368 peccatores,
1653 2300 1849 2356 divina:
1891 2302 2151 2356 voluntati
2206 2320 2339 2358 con-

762 2409 951 2463 gruam
984 2394 1123 2446 inter
1171 2391 1265 2447 Dei
1311 2392 1619 2447 sacerdotes
1668 2394 2127 2463 conjunctionem.
2186 2396 2362 2466 Quoi

762 2488 1000 2541 schisma
1035 2487 1078 2540 si
1112 2488 1237 2553 quis
1278 2501 1382 2539 non
1441 2487 1840 2550 animadvertit,
1889 2505 2068 2542 meum
2122 2500 2342 2544 nonest

760 2580 911 2631 illum
960 2579 1301 2638 convincere,
1353 2594 1500 2641 cum,
1544 2580 1625 2631 vel
1674 2581 1831 2633 nobis
1895 2582 2219 2643 tacentibus,
2255 2599 2341 2636 res

764 2678 828 2723 ad
875 2672 1213 2738 probandum
1265 2670 1562 2724 suilieiaut.
1610 2673 1740 2735 Qua:
1774 2686 1904 2726 vero
1963 2675 2339 2728 accusationes

763 2757 875 2809 sive
906 2772 934 2809 a
978 2755 1132 2809 vobis
1178 2756 1293 2810 sive
1354 2756 1421 2810 ab
1472 2757 1594 2811 aliis
1652 2759 1707 2811 in
1740 2773 1916 2812 meam
1976 2759 2338 2815 humilitatem

762 2845 1096 2913 diriguntur,
1144 2845 1521 2899 accusantium
1572 2857 1825 2902 conatum
1882 2866 1988 2905 non
2062 2853 2340 2921 deprecor,

763 2954 925 3004 quam
980 2938 1294 3005 longissime
1322 2938 1724 3006 progrediendi.
1778 2939 1891 2994 Etsi
1950 2942 2133 2996 divina
2168 2946 2342 3012 gratia

765 3028 895 3083 illud
925 3029 1217 3082 discrimen
1250 3046 1358 3083 non
1388 3030 1827 3098 reformidemus,
1860 3042 2120 3099 attamen,
2171 3038 2265 3089 lilii
2288 3045 2342 3090 et

764 3114 986 3180 fratres,
1015 3120 1058 3169 si
1086 3132 1183 3185 ego
1234 3117 1390 3171 vobis
1419 3118 1575 3172 oneri
1635 3135 1755 3173 sum
1793 3129 1847 3174 et
1906 3122 2189 3191 displiceo,
2247 3127 2339 3178 tali

2448 636 2541 686 καὶ
2599 635 3002 706 ἀρχιδιακόνου,
3065 635 3152 686 ναὶ
3206 635 3271 705 δὴ
3323 635 3553 704 καὶ⁴τὴν
3598 636 3690 688 τοῦ
3722 638 4017 709 λεγομένου

2446 726 2885 796 δευτερεύοντος,
2918 726 3300 795 συντηρεῖσθαι
3353 720 3511 793 τάξιν
3537 744 3597 779 τε
3618 730 3715 780 καὶ
3740 732 4017 785 κατάστα·
4036 760 4047 773 ~

2448 832 2554 881 σιν,
2594 815 2691 866 καὶ
2726 814 2994 885 μηδαμῶς
3037 815 3235 877 αὐτοὺς
3263 816 3319 867 ἐν
3346 815 3722 887 ὑποὸεὸηκυία
3754 817 3906 881 τάξει
3934 820 4018 873 δο-

2450 900 2679 970 κιμάσαι
2738 904 3098 969 καταγαγεῖν.
3151 899 3337 955 Ταῦτά
3375 919 3457 956 σοι
3506 906 3884 977 ἑντελλόμεθα,
3916 909 4017 961 καὶ

2453 994 2547 1046 καὶ
2619 993 2949 1064 ἁμαρτωλῷ,
2989 997 3138 1066 ὅμως
3182 995 3229 1050 δ’
3270 992 3363 1051 οὖν
3428 1001 3595 1068 πατρί
3662 1019 3755 1055 σου
3783 1002 3876 1055 καὶ
3916 1001 4018 1071 ἀρ-

3015 1198 3089 1262 h’.
3148 1196 3436 1265 Ἆδήλοις.

2526 1303 2773 1373 ’Δδελφοί
2834 1323 2959 1376 μου,
3027 1308 3322 1377 προσθήσω
3373 1310 3431 1363 δὲ
3477 1314 3571 1365 καὶ
3616 1313 3805 1382 τέκνα,
3853 1320 3903 1371 εί
3936 1322 4016 1393 μὴ

2441 1392 2622 1462 λύπην
2655 1395 2689 1463 ἠ
2720 1397 3005 1467 προσθήκη
3036 1400 3181 1450 ποιεῖ
3201 1398 3296 1450 τοῦ
3316 1400 3481 1453 τέκνα
3510 1404 3795 1459 καλεῖσθαι
3828 1392 4016 1480 ἀμαρέ

2442 1484 2613 1537 τωλοῦ
2680 1486 2800 1555 μὲν,
2870 1489 3019 1557 ὅμως
3048 1490 3092 1542 δ’
3122 1486 3214 1543 οὖν
3241 1492 3471 1563 πατρὸς,
3514 1495 3590 1556 ὡς
3622 1499 3730 1550 οὐδ’
3757 1499 3823 1552 ἂν
3858 1502 4019 1554 αὐτοὶ

2443 1574 2767 1644 ἀρνηθείητε
2817 1577 2866 1628 εί
2923 1577 3021 1628 καὶ
3085 1580 3229 1635 πλ...
3258 1579 3397 1635 εἶναι
3459 1585 3610 1654 παρὰ
3658 1591 3824 1641 πᾶσιν
3872 1589 4016 1654 ἄξιοι

2444 1666 2885 1737 καθεστήκαμεν.
2966 1670 3126 1722 ’Λλλά
3190 1673 3299 1743 γὰρ
3351 1675 3518 1727 τέκνα
3573 1676 3667 1729 καὶ
3720 1681 4013 1751 ἀδελφοὶ...

2446 1758 2686 1831 πονηροῦ
2710 1760 2962 1829 δαίμονος
3001 1764 3100 1832 τῆς
3143 1763 3469 1833 Ἐιίκλησίας
3500 1767 3845 1840 διαρρήξεις,
3888 1791 4019 1844 προ.

2375 1886 2415 1941 Β
2448 1852 2647 1923 μηθείᾳ
2673 1853 2767 1906 τοῦ
2795 1853 2882 1906 ἀεὶ
2919 1853 3013 1907 καὶ
3041 1854 3098 1920 ὲξ
3122 1855 3294 1925 ἀρχῆς
3320 1857 3387 1909 τὰ
3417 1858 3679 1915 διεστῶτα
3710 1865 3789 1925 είς
3818 1865 4017 1919 ἕνωσιν

2444 1944 2691 2011 ἄγοντος,
2726 1943 2959 2014 μάλιστα
3005 1946 3103 2015 μὲν
3141 1945 3208 1998 δι’
3251 1948 3443 2001 ἑαυτοῦ
3478 1944 3559 2014 οἷς
3597 1952 3863 2008 ἐκένωσεν
3888 1956 4021 2009 ἑαυ-

2441 2034 2533 2087 τὸν
2570 2037 2710 2106 ὑπὲρ
2738 2038 2835 2106 τῆς
2869 2038 3088 2091 πάντων
3118 2039 3364 2104 ὲνὼσεως
3397 2045 3489 2095 καὶ
3533 2044 3727 2097 παθεῖν
3754 2048 4020 2115 ἠνέσχετο

2443 2121 2528 2178 οἷα
2557 2128 2850 2182 πέπονθεν.
2890 2128 3123 2183 Ἔπειτα
3160 2130 3332 2184 δὲκαὶ
3377 2133 3464 2185 διὰ
3492 2134 3605 2186 τῶν
3633 2136 3715 2197 εἰς
3742 2135 3837 2206 τὴν
3869 2138 4018 2193 ἑκεί-

2442 2237 2533 2272 νου
2572 2222 2828 2290 πρόνοιαν
2855 2223 2955 2291 τῆς
3004 2223 3358 2293 ἀνθρωπίνης
3404 2224 3830 2296 εἰσεληλυθότων
3876 2228 4014 2279 ὲνὼο

2446 2328 2607 2376 σεως,
2664 2313 2979 2367 ἀποστόλων
3022 2316 3200 2384 φαμὲν
3232 2318 3327 2368 καὶ
3355 2316 3463 2368 τῶν
3501 2318 3698 2386 ὲςιςεξῆς
3732 2318 4012 2389 διαδόχων,

2444 2405 2712 2473 ἀπείληφε
2746 2405 2867 2475 τὴν,
2922 2404 2997 2467 ῶς
3028 2423 3091 2472 γε
3121 2407 3436 2479 νομίζομεν,
3462 2412 3510 2463 εί
3540 2411 3633 2462 καὶ
3669 2411 4014 2481 ἁμαρτωλοὶ,

2446 2496 2574 2565 θείῳ
2630 2497 2865 2565 νεύματι
2919 2498 3243 2567 πρέπουσαν
3299 2502 3507 2569 ἱερεῦσι
3549 2502 3685 2555 Θεοῦ
3740 2504 4013 2572 σύναψινο

2444 2592 2535 2642 καὶ
2570 2587 2719 2650 εἴτις
2756 2588 2962 2658 ταύτην
2993 2590 3093 2643 οὐκ
3121 2591 3176 2642 ὲν
3198 2590 3435 2661 ἀποδοχῇ
3469 2592 3700 2658 τίθεται,
3732 2595 3833 2647 οὐκ
3865 2595 4019 2648 ἑστιν

2444 2681 2576 2748 ἐμὸν
2602 2681 2869 2748 ἐλέγχειν,
2896 2682 3005 2733 τῶν
3037 2683 3383 2752 πραγμάτων
3412 2685 3726 2755 ἀρκούντων
3755 2688 3835 2749 εἰς
3861 2685 4021 2754 ἔλεγ-

2444 2789 2557 2840 χον,
2587 2772 2688 2824 κᾶν
2734 2774 2896 2842 ἡμεῖς
2949 2774 3341 2841 σιωπήσωμεν.
3391 2779 3456 2828 Ἀ
3489 2776 3545 2827 δὲ
3581 2779 3715 2845 πρὸς
3741 2778 3841 2847 τὴν
3876 2779 4018 2847 ἐμὴν

2445 2866 2774 2916 ταπείνωσιν
2829 2865 2937 2917 εἴτε
2979 2864 3109 2932 παρ’
3162 2865 3336 2933 ὑμῶν,
3393 2867 3600 2919 είτ’ἐπ⁹
3635 2869 3809 2922 ἄλλων
3840 2872 4020 2925 αἰτιά-

2450 2971 2594 3019 ματα
2639 2954 2847 3022 βλέπει,
2893 2955 2954 3007 οὐ
2988 2955 3361 3024 παραιτοῦμαι
3399 2957 3495 3025 τὴν
3534 2959 3641 3009 τῶν
3674 2962 4022 3029 αἰτιωμένων

2447 3046 2786 3116 προαίρεσιν,
2815 3047 2897 3107 εἰς
2928 3046 2954 3096 ὃ
2981 3046 3266 3115 προελθεῖν
3304 3047 3616 3113 ἀγαπῶσιν,
3649 3048 3751 3100 κᾶν
3771 3049 3893 3118 θεία
3922 3053 4022 3118 χά-

2450 3153 2556 3206 ριτι
2612 3137 2686 3204 μὴ
2740 3137 3029 3204 δειλιῶμεν
3080 3135 3180 3206 τὴν
3215 3136 3325 3189 τῶν
3366 3139 3703 3206 αίτιαμάτων
3745 3139 4021 3203 διάλυσιν,

767 3223 933 3262 onere
983 3218 1238 3263 oneratos
1286 3210 1517 3264 liberare
1569 3223 1793 3279 paratus
1842 3228 1985 3277 sum,
2030 3226 2082 3268 et
2124 3232 2185 3270 ea
2221 3232 2343 3285 quae

2447 3230 2595 3295 ὅμως
2648 3227 2764 3290 οὖν,
2815 3230 2980 3280 τέκνα
3040 3231 3131 3281 καὶ
3175 3229 3415 3296 ἀδελφοὶ,
3466 3232 3514 3282 εί
3543 3230 3712 3300 βαρὺς
3755 3231 3866 3299 ἐγὼ
3922 3233 4025 3284 καὶ

764 3300 830 3353 ad
860 3315 945 3355 me
973 3310 1220 3369 spectant
1250 3301 1403 3369 juxta
1441 3311 1682 3356 vestrum
1713 3304 2111 3371 beneplacitum
2146 3307 2337 3375 dispo-

764 3409 916 3458 nere,
978 3394 1051 3447 illi
1109 3394 1203 3463 qui
1264 3395 1417 3449 vobis
1472 3396 1685 3465 placere
1734 3397 1953 3464 poterit,
1989 3406 2049 3451 ut
2100 3409 2339 3454 vestrum

763 3494 926 3555 caput
972 3488 1086 3548 tiat,
1142 3486 1470 3551 concedens,
1504 3488 1798 3542 dummodo
1847 3490 1913 3542 ad
1962 3491 2204 3559 corporis
2246 3492 2347 3545 Ec-

764 3579 944 3633 clesiae
969 3577 1337 3647 integritatem
1382 3578 1757 3633 revertamini.

766 3895 899 3949 XCI.
966 3895 1163 3947 Dilecto
1244 3894 1515 3962 spirituali
1594 3896 1752 3963 ﬁlio,
1814 3897 2180 3951 illustrissimo
2241 3898 2344 3953 Co-

1506 3982 1653 4034 rapo.

846 4100 1088 4165 Scimus,
1149 4100 1381 4167 (ili,jam
1447 4110 1571 4155 ante
1606 4101 2148 4158 benevolentissimas
2220 4114 2341 4159 tuas

775 4193 984 4246 litteras
1032 4208 1215 4246 rerum
1250 4192 1613 4247 ditlieultatem
1659 4194 2005 4262 prohibuisse
2052 4196 2346 4264 quominus

769 4286 833 4339 ad
902 4300 1005 4341 nos
1059 4296 1148 4340 tua
1205 4285 1539 4339 Excellentia
1606 4286 1865 4339 mitteret.
1924 4285 2037 4341 lloc
2076 4298 2253 4341 tamen
2300 4298 2350 4341 te

772 4392 878 4429 non
912 4380 1101 4439 lateat,
1138 4391 1239 4429 nos
1287 4375 1387 4429 etsi
1457 4374 1602 4427 nulla
1665 4389 1697 4427 a
1760 4383 1811 4427 te
1863 4372 2165 4427 admonitio
2203 4373 2344 4427 facta

771 4468 1003 4531 fuisset,
1067 4481 1173 4521 non
1211 4466 1484 4536 negligere
1529 4466 1597 4520 de
1636 4475 1729 4521 tua
1774 4466 2032 4521 felicitate
2096 4476 2151 4519 et
2202 4466 2350 4519 salu-

2449 3322 2804 3388 ἁπαρέσκων,
2838 3320 3054 3389 ἕτοιμός
3080 3322 3196 3389 εἰμι
3244 3323 3335 3373 καὶ
3372 3322 3466 3373 τοῦ
3502 3322 3701 3392 βάρους
3740 3323 4028 3377 ἀπαλλάτ-

2444 3430 2559 3465 τειν
2591 3412 2718 3474 τοὺς
2760 3412 3183 3482 βαρυνομένους,
3236 3414 3331 3465 καὶ
3370 3413 3507 3481 πρὸς
3539 3414 3597 3465 τὸ
3634 3413 3863 3484 ἀρεστὸν
3890 3414 4029 3483 ὑμῖν

2448 3504 2515 3555 τὰ
2554 3505 2675 3555 κατ’
2727 3505 2966 3572 ἐμαυτὸν
3010 3502 3345 3568 διατιθέναι,
3402 3505 3749 3574 παραχωρῶν
3797 3504 3878 3573 τῷ
3939 3506 4028 3566 ei;

2448 3597 2741 3666 ἀρέσκειαν
2791 3597 3036 3664 ἐσομένῳ
3084 3597 3146 3647 τὸ
3188 3592 3331 3648 εἶναι
3362 3597 3516 3665 ὑμῶν
3558 3597 3819 3667 κεφαλὴν,
3855 3596 4029 3666 μόνον

2448 3688 2584 3754 πρὸς
2617 3691 2714 3756 τὴν
2737 3688 2968 3756 ὀλότητα
3011 3686 3101 3738 τοῦ
3136 3691 3232 3754 τῆς
3274 3687 3599 3756 Ἑκκλησίας
3642 3688 4031 3757 ἐπιστράφητε

2448 3778 2724 3848 σώματος.

2555 3897 2673 3963 L_A'.
2709 3897 2792 3962 Τῷ
2822 3898 3185 3965 ἠγαπημένῳ
3208 3896 3586 3963 πνευματικῷ
3608 3894 3814 3958 τέκνῳ,
3844 3894 3928 3958 τῷ

2891 3966 3263 4033 ἐνδοξοτάτῳ
3301 3970 3566 4035 Κορόπῳ.

2520 4082 2797 4152 Οίδαμεν,
2854 4079 3044 4131 τέκνον
3111 4077 3312 4145 ήμῶν,
3378 4077 3473 4128 καὶ
3524 4076 3630 4143 πρὸ
3679 4076 3786 4127 τῶν
3835 4091 4032 4143 γραμ-

2453 4180 2640 4248 μάτων
2704 4175 2806 4243 τῆς
2894 4172 2994 4238 σῆς
3072 4170 3420 4236 τελειοτάτης
3470 4166 3783 4230 συνέσεως,
3850 4165 3928 4226 ὡς
3990 4168 4031 4235 ὴ

2448 4270 2558 4323 τῶν
2610 4266 2955 4337 πραγμάτων
2998 4262 3286 4331 δυσχέρεια
3339 4258 3437 4327 τὴν
3491 4258 3763 4327 ὑμετέραν
3800 4258 4036 4307 ἀπεχώ-

2449 4362 2544 4414 λυε
2607 4358 2897 4427 τιμιότητα
2961 4350 3373 4422 διαπέμπεσθαι
3451 4348 3589 4417 πρὸς
3646 4349 3814 4415 ἡμᾶς.
3873 4347 4037 4414 Πλὴν

2453 4451 2612 4506 τοῦτό
2635 4466 2693 4501 σε
2727 4448 2801 4516 μὴ
2836 4444 3170 4505 λανθανέτω,
3196 4443 3303 4502 ὅτι,
3335 4440 3442 4493 κᾶν
3476 4441 3550 4508 μὴ
3594 4440 3729 4509 πρὸς
3758 4439 3901 4505 ἡμᾶς
3930 4439 4039 4507 δὴ-

774 4569 824 4613 te
908 4556 1239 4611 in-uostris
1332 4556 1629 4611 humilibus
1722 4558 1973 4626 precibus
2033 4555 2347 4610 memoriam

2456 4544 2622 4605 λωσίς
2676 4558 2763 4603 τις
2819 4539 3032 4607 ἐγίνετο
3104 4534 3235 4605 παρ’
3267 4533 3460 4603 ὑμῶν,
3516 4534 3616 4584 οὐκ
3673 4529 3927 4597 ἐτίθεμεν
3973 4533 4039 4583 ἐν

772 4648 970 4705 facere.
1005 4646 1130 4700 Suae
1163 4656 1343 4700 autem
1372 4654 1454 4702 est
1481 4648 1849 4717 intelligentiae
1878 4648 2110 4702 humiles
2158 4664 2345 4717 preces

773 4751 992 4794 nostras
1027 4737 1270 4792 cllicaces
1316 4737 1539 4792 reddere
1595 4739 1811 4810 illisque
1875 4740 2193 4793 facultatem
2220 4741 2351 4795 dare

773 4828 1135 4897 omnipotenti
1174 4827 1284 4882 Deo
1314 4830 1808 4900 appropinquandi.
1831 4830 2025 4885 Fortes
2053 4832 2195 4885 enim
2223 4840 2350 4885 sunt

774 4920 1048 4974 lcrventes
1091 4920 1220 4988 justi
1254 4934 1467 4988 preces.
1528 4919 1584 4976 Si
1625 4932 1803 4975 autem
1851 4922 2128 4988 justorum
2170 4922 2346 4975 oratio

784 5014 991 5082 indiget
1029 5012 1113 5066 vel
1154 5028 1343 5066 eorum
1401 5028 1498 5081 pro
1526 5012 1731 5082 quibus
1785 5015 1843 5066 tit
1896 5001 2121 5078 auxilio,
2150 5023 2352 5081 quanto

782 5107 954 5174 magis
989 5113 1334 5174 peccatorum
1364 5106 1562 5167 oratio,
1591 5105 1781 5173 quales
1819 5120 1921 5161 nos
1950 5120 2143 5161 sumus
2169 5106 2183 5159 !
2221 5102 2352 5159 0m-

780 5197 910 5250 uino
942 5205 1144 5260 autem,
1198 5195 1294 5258 tili,
1349 5195 1554 5249 nostris
1589 5193 1889 5249 humilibus
1925 5196 2181 5265 precibus
2242 5210 2345 5250 au-

781 5290 975 5343 xilium
1006 5296 1113 5341 ate
1165 5287 1408 5352 accedet,
1445 5288 1541 5357 qui
1580 5286 1693 5342 Deo
1731 5286 1895 5356 digne
1920 5286 2079 5351 vivis,
2105 5296 2164 5341 ut
2191 5286 2355 5341 debet

780 5382 1095 5452 quicunque
1151 5379 1402 5434 humana:
1427 5391 1632 5434 natura:
1664 5389 1748 5435 est
1775 5381 2049 5451 particeps
2084 5380 2355 5449 imprimis

781 5488 909 5526 vero
957 5472 991 5524 ii
1023 5470 1174 5540 quia
1221 5469 1330 5525 Deo
1382 5471 1670 5540 imperium
1704 5480 2056 5542 acceperunt,
2109 5482 2183 5539 et,
2244 5471 2357 5527 Deo

784 5562 1013 5625 similes,
1038 5575 1166 5631 erga
1205 5561 1307 5617 sibi
1342 5562 1589 5617 subditos
1623 5564 2005 5619 connaturales
2036 5571 2091 5618 et
2126 5577 2354 5619 conser-

783 5670 882 5709 vos
908 5663 1057 5706 sunt.
1079 5652 1220 5718 Quid
1256 5653 1418 5725 igitur
1443 5652 1828 5725 dicolNempe
1854 5665 1907 5710 te
1944 5664 2173 5723 paterno
2198 5667 2354 5710 more

785 5763 961 5819 neque
1007 5746 1179 5816 rigide
1214 5747 1572 5816 imperantem
1604 5748 1840 5805 subditis
1874 5758 1934 5803 ut
1961 5748 2196 5819 prapriis
2230 5747 2357 5801 ﬁliis

787 5839 1181 5912 providentem,
1208 5838 1476 5910 justitiam
1509 5841 1800 5909 colentem,
1861 5842 2158 5897 salutarem
2220 5838 2356 5895 sub-

2454 4635 2763 4708 παροράσει
2799 4632 2862 4685 τὸ
2915 4633 2975 4683 ὲν
3004 4633 3127 4690 ταῖς
3170 4625 3678 4693 τεταπεινωμέναις
3722 4622 3883 4691 ἡμῶν
3922 4622 4041 4673 εὖ-

2448 4732 2572 4803 χαίς
2609 4724 2923 4798 μεμνῆσθαι
2963 4723 3061 4791 τῆς
3113 4718 3266 4787 ὑμῶν
3304 4716 3540 4778 εύζωῒας
3573 4715 3669 4766 καὶ
3721 4713 4039 4782 σωτηρίας,

2450 4824 2495 4874 Τ
2499 4820 2627 4874 οῦτο
2652 4818 2748 4871 καὶ
2800 4811 3042 4869 ἀπδτοῦ
3097 4809 3367 4879 παρόντος
3404 4807 3467 4858 οὐ
3508 4804 3746 4873 λήξομεν
3772 4842 3785 4866 ,
3835 4805 3885 4854 εἰ
3936 4805 4041 4855 καὶ

2451 4910 2793 4983 ἁμαρτωλοῖ,
2846 4906 3152 4966 ποιοῦντες.
3187 4902 3345 4953 Ἐστι
3390 4899 3447 4952 δὲ
3488 4898 3587 4965 τῆς
3629 4898 3727 4964 σῆς
3754 4894 4037 4959 συνέσεως

2453 5004 2554 5075 τὴν
2579 5001 2847 5071 ταπεινὴν
2882 4997 3046 5068 εὐχὴν
3069 4994 3229 5066 ἡμῶν
3268 4991 3471 5062 ἐνεργῆ
3499 4990 3729 5058 ποιῆσαι
3764 4991 3859 5041 καὶ
3885 4990 4042 5059 παῤ-

2457 5096 2654 5165 ρησίαν
2724 5091 2913 5145 λαόεῖν
2978 5085 3076 5140 τοῦ
3134 5082 3424 5154 προσιέναι
3479 5079 3557 5151 τῷ
3615 5081 3838 5131 πάντων
3887 5077 4040 5145 Θεῷ.

2468 5186 2664 5258 Ἰσχῦει
2702 5185 2811 5253 γὰρ
2831 5180 3042 5236 δικαίου
3077 5177 3265 5245 δέησις
3295 5171 3692 5245 ἐνεργουμένη.
3738 5168 3801 5221 Εἰ
3829 5166 3885 5218 δὲ
3918 5166 4042 5219 τῶν

2456 5280 2681 5335 δικαίων
2715 5276 2851 5347 εὐχὴ
2878 5273 3072 5346 χρῄζει
3103 5271 3201 5323 καὶ
3234 5268 3336 5337 τῆς
3370 5266 3513 5333 ὑπὲρ
3542 5258 3617 5317 ὧν
3649 5260 3874 5330 εὔχεται
3901 5259 4041 5330 βοη-

2458 5373 2628 5436 θείας,
2667 5369 2819 5438 πόσῳ
2870 5364 3073 5435 μᾶλλον
3107 5362 3139 5428 ἡ
3170 5359 3280 5413 τῶν
3313 5352 3658 5426 ἁμαρτωλῶν
3687 5352 3864 5403 ὁποῖοι
3892 5364 4042 5412 τυγ-

2458 5465 2696 5536 χάνομεν
2724 5461 2885 5530 ἡμεῖς
2908 5473 2924 5519 ;
2958 5456 3183 5517 Πάντως
3208 5451 3287 5517 δὲ,
3305 5451 3493 5503 τέκνον
3518 5444 3699 5516 ἡμῶν,
3741 5440 4044 5536 γενήσεται

2459 5534 2492 5631 η
2536 5556 2684 5629 παρὰ
2720 5553 2815 5607 σοῦ
2854 5550 3077 5623 βοήθεια
3107 5551 3174 5619 τῇ
3203 5542 3363 5616 ἡμῶν
3394 5536 3844 5631 τεταπεινωμένη
3867 5534 4043 5631 εὐχῇ,

2463 5624 2705 5724 βιοῦντός
2732 5663 2824 5701 σου
2857 5641 3144 5711 θεοφιλῶς,
3202 5639 3339 5705 ὅπερ
3375 5633 3580 5703 ὀφείλει
3616 5629 3730 5724 πᾶς
3749 5626 3848 5724 μὲν
3873 5627 3904 5678 ὁ
3930 5624 4046 5724 imp

2460 5718 2560 5815 τὴν
2595 5741 2947 5813 ἀνθρωπίνην
2979 5735 3142 5804 φύσιν
3184 5730 3377 5793 τελῶν,
3426 5726 3662 5815 μάλιστα
3689 5722 3745 5815 δε
3782 5721 3849 5815 oi-
3884 5718 4047 5815 παρὰ

2462 5803 2600 5889 Θεοῦ
2635 5803 3001 5893 λα’ὁόντεςϋτδ
3016 5827 3208 5897 ἄρχειν
3233 5822 3301 5875 τὰ
3361 5822 3453 5874 ίσα
3488 5818 3579 5872 καὶ
3618 5803 3740 5885 θεῷ
3768 5812 3877 5871 τοῖς
3908 5810 4048 5890 ὁμο-
