4182 6428
736 400 835 463 331

1866 400 1913 459 N
1928 399 2169 461 lCOLAI
2207 399 2317 459 (ΣΡ.
2361 398 2868 462 PATRIARCILE

3859 424 3970 485 332

740 511 883 564 nulla
918 507 1233 579 disquisitio
1255 517 1338 562 est
1370 522 1437 560 an
1466 507 1639 575 pietas
1666 515 1757 561 tua
1791 508 1951 562 alicui
1987 523 2154 565 causa
2199 510 2296 564 do-

2404 508 2579 563 ἐδόκει
2607 513 2882 580 ἀναγκαία
2910 514 2943 583 ή
2966 515 3243 580 ὑπόθεσις.
3271 518 3346 571 υὺ
3378 519 3484 591 γὰρ
3512 524 3857 597 κατέστημεν
3890 536 3975 597 εὶς

738 602 891 665 loris,
935 602 1062 671 jure
1103 608 1196 652 aut
1250 598 1547 663 immerito,
1575 614 1698 653 esse
1745 599 2010 666 voluerit;
2058 609 2299 656 attamen

735 691 853 745 ﬁeri
894 698 1071 759 potest
1102 696 1162 742 ut
1189 689 1315 742 talis
1343 688 1485 742 adsit
1522 703 1710 751 causa,
1741 688 1921 756 qualis
1956 689 2215 742 facillime
2245 700 2299 743 et

734 783 1034 850 saepissime
1087 780 1230 834 inter
1269 778 1518 833 homines
1564 780 1809 833 dolorem
1841 781 2058 834 excitat.
2092 779 2187 833 His
2242 780 2296 832 in

731 875 893 927 rebus
914 873 957 927 si
978 874 1125 941 quod
1152 872 1358 925 doloris
1378 873 1607 926 lenimen
1630 882 1871 941 apparet,
1889 880 2157 941 aegrotans
2186 884 2296 924 non

728 964 960 1029 dolebit;
1014 973 1070 1017 at
1099 964 1143 1017 si
1188 964 1392 1016 malum
1438 963 1740 1017 insanabile
1774 964 2030 1028 evaserit,
2071 978 2141 1016 ne
2167 973 2321 1017 tunc

731 1054 943 1123 quidem
979 1063 1033 1104 tu
1060 1053 1263 1106 dolenti
1284 1052 1651 1109 doloriscausa
1674 1054 1803 1113 eris.
1825 1052 1919 1106 sed
1948 1054 2088 1107 mala
2122 1050 2296 1123 ipsius

731 1146 805 1199 rei
829 1154 1042 1197 natura.
1065 1140 1169 1199 Sed
1184 1145 1655 1208 rcmlexordiamur
1670 1145 1736 1198 de
1749 1158 1855 1213 qua
1878 1144 2115 1202 scribere
2141 1145 2296 1199 nobis

730 1237 1133 1305 proposuimus.
1182 1235 1283 1301 Qui
1334 1236 1431 1288 tibi
1478 1236 1765 1304 epistolam
1798 1236 1994 1300 defert,
2023 1239 2089 1290 dc
2118 1246 2295 1289 vestra

725 1328 1083 1395 conqueritur
1120 1326 1445 1391 reverentia,
1493 1327 1636 1394 quod
1682 1342 1712 1381 e
1759 1327 2096 1381 monasterio
2131 1324 2293 1379 fuerit

723 1421 1011 1488 expulsus,
1041 1421 1092 1472 in
1122 1434 1232 1489 quo
1263 1420 1533 1489 plurimos
1567 1420 1788 1489 degerat
1828 1435 2003 1472 annos
2038 1434 2161 1472 cum
2194 1433 2292 1471 au-

724 1510 974 1563 ctoritate
1000 1510 1205 1577 aliqua,
1254 1510 1406 1563 nullo
1439 1507 1679 1561 facinore
1716 1516 2027 1576 perpetrato
2054 1508 2125 1561 ob
2152 1508 2295 1575 quod

721 1602 841 1670 jure
873 1600 1101 1669 relegari
1143 1610 1345 1669 posset.
1396 1599 1509 1652 flac
1544 1599 1609 1653 de
1646 1615 1703 1653 re
1735 1600 1876 1654 scito
1906 1599 2142 1652 animam
2192 1614 2294 1652 no-

722 1703 892 1747 atram
951 1692 1178 1744 multum
1230 1690 1480 1742 afﬂictam
1526 1688 1714 1744 fuisse.
1754 1689 1905 1754 Quod
1940 1690 1986 1742 si
2017 1690 2110 1741 tibi
2140 1688 2291 1742 cordi

722 1794 809 1838 est
844 1784 1031 1837 dolore
1062 1784 1162 1837 hoc
1198 1798 1284 1835 me
1316 1783 1551 1851 eripere,
1591 1782 1863 1835 hominem
1899 1781 2293 1848 redintegrahis

2404 600 2683 671 λογισμὸν,
2732 606 2922 675 ὅτιπερ
2967 607 3000 677 ἡ
3058 608 3125 677 σὴ
3180 610 3434 664 εὐλάὄεια
3469 612 3607 673 ὅλως
3636 620 3747 670 τινὶ
3790 620 3975 691 λύπης

2400 695 2653 766 ἐθελήσει
2675 697 2849 761 αἴτιος
2873 698 3149 766 γενέσθαι,
3186 702 3285 773 οὑχ
3321 704 3407 757 ὅτι
3433 706 3679 776 ἀναιτίῳ,
3704 710 3841 766 ἀλλὰ
3873 716 3973 767 καὶ

2400 787 2503 839 κᾶν
2540 804 2624 851 τις
2768 789 2990 858 εὔλογος
3019 794 3168 845 αἴτια
3207 789 3295 846 οἷα
3338 796 3406 850 τὰ
3443 798 3762 868 ἀνθρώπινα
3792 805 3976 875 λύττης

2399 879 2659 948 πρόξενος
2692 881 3099 954 ἁναφαινομένη
3132 903 3147 920 ο
3200 887 3390 959 ἐπειδὴ
3445 892 3539 944 καὶ
3568 894 3689 946 τότε
3728 896 3825 965 τῆς
3864 900 3969 966 μὲν

2397 970 2577 1031 αἰτίας
2605 970 2664 1024 τὸ
2695 974 2907 1041 ἰάσιμον
2950 975 3356 1048 ἐπιδεχομένης,
3404 982 3621 1047 πάντως
3661 984 3968 1054 Θεραπευὸ-

2400 1074 2558 1127 μενος
2616 1062 2675 1112 οὑ
2705 1062 3075 1134 λυπηθήσεται
3114 1067 3143 1117 ὁ
3190 1070 3395 1141 ταύτην
3439 1078 3757 1145 παρασχών.
3804 1078 3864 1129 Et
3903 1079 3963 1130 δὲ

2397 1153 2534 1218 πρὸς
2562 1154 2624 1206 τὸ
2649 1154 2867 1208 ἀνίατον
2914 1160 3085 1228 ἤλασε
3115 1160 3176 1213 τὸ
3221 1165 3416 1232 κακὸν,
3453 1165 3562 1217 οὐδ’
3595 1166 3767 1231 οὕτως
3810 1170 3965 1223 ἔσται

2397 1245 2548 1314 παρά
2592 1246 2685 1299 σοῦ
2740 1248 2817 1317 τῷ
2864 1248 3191 1321 λυπουμένῳ
3242 1255 3276 1323 ἡ
3306 1254 3477 1326 λὺπη,
3509 1258 3642 1311 ἀλλὰ
3681 1264 3827 1329 παρὰ
3860 1263 3964 1330 τῆς

2394 1339 2593 1399 κακίας
2649 1341 2742 1392 τοῦ
2800 1341 3148 1409 πράγματος.
3193 1346 3379 1416 Ἀρκεῖ
3424 1351 3614 1405 ταῦτα.
3653 1352 3968 1408 Λοιπδνέπὶ

2394 1429 2455 1480 τὸ
2491 1430 2727 1497 πρᾶγμα
2759 1434 3048 1502 χωρῶμεν,
3096 1436 3225 1505 περὶ
3252 1434 3312 1492 οὑ
3346 1440 3553 1507 γράψαι
3584 1444 3965 1514 διενοήθημεν.

2396 1520 2732 1589 Λελύπηται,
2794 1522 2867 1585 ὣς
2916 1542 3070 1593 φησι,
3117 1530 3264 1598 παρὰ
3311 1531 3408 1599 τῆς
3451 1533 3602 1601 ὑμῶν
3635 1537 3907 1606 ὁσιότητος
3937 1540 3969 1590 δ

2396 1612 2638 1679 κομίζων
2673 1631 2751 1665 σοι
2787 1615 2886 1685 τὴν
2914 1618 3224 1688 ἐπιστολὴν,
3256 1622 3337 1673 ὅτι
3368 1624 3535 1692 μονῆς
3575 1625 3805 1699 ἐξηλάθη
3838 1630 3895 1681 ἐν

2394 1698 2620 1752 πλεῖστα
2671 1702 2765 1771 ἔτη
2794 1705 3111 1772 διατελέσας
3138 1711 3237 1779 τὴν
3292 1713 3614 1767 ἐπιστασίαν
3661 1698 3969 1788 ἐγκεχείριλ

2397 1806 2545 1854 σται,
2589 1792 2753 1861 μηδὲν
2780 1795 3156 1864 ἐργασάμενος
3190 1804 3453 1865 τοιοῦτον,
3499 1806 3633 1874 μηδὲ
3664 1807 3811 1871 ἄξιον
3856 1810 3964 1876 τῆς

724 1876 777 1927 in
824 1876 1050 1945 gradum
1109 1874 1425 1943 pristinum,
1473 1873 1606 1926 nihil
1671 1872 2036 1927 refnrn‘tidans
2094 1889 2283 1928 eorum

2394 1881 2605 1933 ἐκεῖθεν
2649 1882 2907 1948 ἐλάσεως.
2965 1887 3134 1940 Τοῦτο
3187 1890 3320 1959 ἡμῖν
3368 1855 3716 1960 ἀπαγγελθεν
3764 1855 3960 1963 γνῶθῖ,

720 1982 841 2037 qua:
896 1966 1219 2037 suspicaris.
1266 1964 1435 2018 Nemo
1487 1965 1631 2017 cnim
1685 1966 2077 2018 monasterium
2117 1981 2147 2018 e
2195 1976 2284 2017 tua

719 2068 987 2128 potestate
1008 2059 1221 2125 eripiet,
1254 2070 1428 2125 neque
1458 2070 1577 2120 nos,
1612 2070 1787 2125 neque
1805 2055 1945 2108 alius
1975 2056 2283 2124 quisquam,

719 2154 846 2204 dum
884 2151 967 2203 his
1004 2150 1056 2201 in
1088 2150 1247 2204 terris
1283 2164 1584 2203 versamur.

2391 1972 2471 2023 ὅτι
2502 1973 2621 2024 λίαν
2650 1974 2827 2042 ἥψατο
2851 1978 2948 2045 τῆς
2983 1979 3183 2048 ψυχῆς.
3229 1982 3292 2033 Ei
3320 2000 3371 2035 τι
3407 1983 3500 2037 οὖν
3542 2003 3621 2038 σοι
3654 1989 3802 2055 μέλει
3830 1990 3967 2059 περὶ

2392 2063 2484 2115 τοῦ
2517 2064 2616 2131 ἐμὲ
2646 2066 2721 2134 μὴ
2753 2065 3065 2131 λυπεῖσθαι,
3108 2074 3306 2138 ἀπόδος
3340 2076 3438 2145 τὴν
3491 2078 3627 2131 ἰδίαν
3680 2079 3831 2143 τάξιν
3878 2080 3958 2147 τῷ

2394 2153 2690 2224 ἀνθρώπῳ,
2728 2158 2892 2227 μηδὲν
2923 2158 3135 2215 δειλιῶν
3184 2164 3319 2233 ὅπερ
3364 2169 3713 2231 ὑποπτεύεις.
3745 2170 3817 2223 Οὐ
3849 2172 3967 2240 γὰρ

717 2241 1087 2311 ἀφαιρήσεταί
1143 2258 1227 2301 τις
1272 2242 1332 2291 τὸ
1361 2239 1725 2309 μοναστήριον
1756 2238 1850 2291 τοῦ
1884 2239 1994 2292 ὑπὸ
2024 2240 2120 2310 τὴν
2188 2241 2285 2310 σὴν
2323 2244 2535 2298 τελείαν
2596 2250 2871 2315 ἐξουσίαν,
2892 2251 3016 2304 οὒτε
3057 2256 3244 2323 ἡμεῖς,
3292 2255 3417 2309 οὔτε
3457 2258 3635 2322 ἄλλος,
3669 2260 3858 2330 μέχρις
3895 2238 3967 2313 ἂν

718 2333 951 2387 ἐνταῦθα
983 2330 1277 2399 διάγωμεν.

902 2444 1066 2501 CXV.
1106 2445 1390 2515 Eutltyntt'o
1430 2445 1702 2496 Antiocltae
1728 2442 2093 2510 ittett'opolt'tw.

791 2560 1052 2614 Nuntium
1088 2558 1400 2611 audivimus
1428 2558 1707 2619 acerbum,
1736 2557 1879 2625 quod
1914 2564 1973 2609 ut
1997 2568 2184 2608 verum
2216 2555 2287 2609 sit

722 2652 863 2707 licus
912 2652 1152 2704 avertat!
1206 2648 1282 2703 Te
1331 2650 1524 2702 morbo
1570 2636 1901 2702 laborantem
1954 2648 2283 2710 audivimus,

723 2742 954 2808 ideoque
982 2739 1243 2793 facultate
1284 2742 1555 2807 privatum
1588 2741 1653 2791 ad
1688 2754 1787 2792 nos
1818 2738 2142 2792 revertendi.
2190 2735 2286 2789 liis

721 2837 924 2889 auditis
956 2846 1002 2887 ct
1043 2835 1109 2887 ad
1156 2836 1438 2887 veritatem
1476 2834 1857 2903 inquirendam
1900 2843 1953 2885 et
1995 2833 2286 2885 sanitatem

722 2927 820 2979 tibi
878 2926 1248 2994 augurandam
1307 2926 1590 2990 misimus;
1651 2926 1783 2979 faxit
1843 2925 1988 2979 Dens
2040 2935 2098 2978 ut
2142 2922 2289 2992 quod

722 3018 965 3073 solamen
1013 3033 1043 3071 e
1094 3017 1287 3071 litteris
1355 3018 1557 3071 nostris
1619 3017 1876 3086 accipias,
1917 3030 2016 3084 ego
2071 3029 2289 3083 quoque

721 3125 752 3162 e
792 3119 883 3164 tua
928 3110 1160 3162 sanitate
1212 3109 1493 3177 recipiam.
1536 3108 1663 3162 Scio
1699 3111 1842 3161 enim
1878 3108 2141 3161 solamine
2189 3105 2281 3159 tibi

2498 2444 2644 2498 PlE’.
2686 2448 2963 2517 Εὐθυμίῳ
3004 2455 3419 2524 μητροπολίτη
3480 2461 3849 2529 Ἀντιοχείας.

2475 2557 2773 2630 Ὀδυνηρὰν
2831 2562 3094 2629 ἀγγελίαν
3156 2566 3511 2631 ἀκούσαντες,
3563 2570 3631 2639 ἣν
3690 2574 3775 2642 εἴη
3826 2574 3967 2637 Θεὸς

2392 2647 2581 2717 τεόρρω
2639 2654 2740 2718 τῆς
2774 2652 3036 2722 ἀληθείας
3069 2657 3239 2706 ποιῶν
3271 2659 3284 2710 ι
3335 2659 3677 2729 Ἠκοὺσαμεν
3714 2665 3822 2732 γὰρ
3873 2664 3969 2733 βε.

2386 2736 2615 2807 ὀλῆσθαί
2650 2756 2707 2792 σε
2737 2741 2899 2810 νόσῳ,
2926 2746 3019 2795 καὶ
3054 2745 3145 2798 διὰ
3174 2747 3333 2801 τοῦτο
3360 2752 3455 2802 ἐπὶ
3476 2752 3734 2806 τοσοῦτον
3766 2758 3966 2824 χρόνον

2383 2827 2485 2896 τῆς
2522 2828 2655 2899 πρὸς
2681 2832 2827 2898 ἡμᾶς
2866 2834 3132 2887 ἐπανόδου
3169 2837 3551 2910 καθυστερεῖν.
3609 2843 3967 2897 Ἀπεστείλα-

2388 2937 2487 2987 μεν
2522 2920 2634 2989 ἅμα
2674 2924 2771 2989 μὲν
2803 2925 2931 2995 περὶ
2969 2918 3044 2978 ὧν
3077 2929 3394 2998 ἀκηκόαμεν
3441 2933 3729 3000 ἐκμαθεῖν.
3760 2936 3877 3005 ἄμα
3901 2937 3963 2989 δὲ

2385 3011 2480 3062 καὶ
2509 3011 2595 3062 σοὶ
2626 3014 2719 3063 καὶ
2743 3013 2910 3079 ὑγιῶς
2940 3015 3297 3078 δια-τελοῦντι,
3325 3020 3464 3090 ὅπερ
3511 3023 3782 3091 παράσχοι
3822 3026 3962 3087 Θεὶς

2390 3101 2732 3165 ἐγγενέσθαι,
2769 3107 3114 3174 παρηγορίαν
3163 3111 3284 3160 τινα
3327 3114 3393 3180 τῇ
3434 3111 3527 3163 τοῦ
3555 3113 3962 3176 ἀποσταλέντες

722 3202 865 3269 quod
900 3211 1120 3268 propter
1151 3202 1395 3252 locorum
1428 3200 1741 3254 distantiam
1780 3198 1889 3267 jam
1922 3198 2140 3251 difiicile
2177 3206 2281 3259 est,

2390 3192 2524 3260 πρὸς
2558 3192 2615 3244 σὲ
2652 3194 2981 3262 καταλήψει.
3016 3195 3147 3250 Οἶδα
3205 3200 3304 3269 μὲν
3329 3202 3438 3271 γὰρ
3467 3204 3542 3264 ὡς
3573 3206 3668 3257 καὶ
3697 3208 3744 3255 εἰ
3784 3205 3961 3273 μηδὲν

721 3290 990 3357 itnprimis
1038 3305 1175 3357 opus
1205 3304 1351 3346 οεεει
1387 3290 1485 3342 Det
1517 3291 1673 3343 nobis
1721 3289 1883 3351 Dens,
1936 3300 1993 3342 ut
2033 3298 2085 3342 te
2135 3289 2285 3341 omni

724 3384 912 3434 inorbo
941 3390 995 3434 ct
1042 3383 1231 3434 dolore
1266 3381 1574 3445 liberatum,
1609 3396 1771 3449 quam
1829 3380 2093 3433 citissime
2144 3380 2287 3433 rcci-

720 3473 864 3541 piam
901 3481 953 3527 et
981 3472 1151 3527 oculis
1190 3470 1547 3540 complectar!

967 3770 1148 3827 CXVI.
1176 3772 1421 3841 Philippo
1444 3769 1739 3824 Larissensi
1763 3769 2019 3837 episcopo.

791 3890 833 3943 Ε
881 3889 1079 3942 litteris
1124 3886 1234 3940 tuis
1278 3885 1458 3939 cordis
1503 3882 1581 3936 tui
1624 3880 1969 3936 aﬂlictionem
2012 3880 2280 3951 cognovi;

722 3981 992 4049 simulque
1022 3978 1127 4031 vidi
1171 3988 1222 4031 te
1252 3974 1569 4043 suspicione
1601 3974 1833 4041 quadam
1875 3973 2019 4026 circa
2059 3971 2283 4025 humili-

722 4082 883 4124 tatem
925 4077 1165 4122 nostram
1213 4065 1433 4134 agitari,
1482 4063 1638 4132 quasi
1685 4061 2035 4114 afﬂictionum
2067 4074 2281 4114 tuarum

719 4178 885 4217 causa
933 4175 1134 4214 essent.
1184 4156 1293 4210 Nos
1341 4171 1560 4224 quoque
1610 4152 1677 4209 de
1729 4154 1910 4209 cordis
1960 4154 2038 4207 tui
2096 4152 2284 4207 dolo‘re

721 4256 875 4308 \alde
907 4252 1246 4321 afﬂigimur:
1302 4247 1461 4301 nobis
1500 4262 1605 4300 non
1658 4256 1741 4301 est
1793 4246 2009 4298 animus
2059 4255 2117 4298 ut
2165 4245 2306 4309 tibi,'

722 4348 835 4399 ftlio
865 4342 1245 4404 dilectissimo,
1274 4338 1515 4407 pontifici
1564 4347 1619 4389 et
1666 4335 2013 4389 familiarium
2053 4336 2283 4407 optimo,

718 4438 894 4491 simus
926 4434 1122 4496 dolori,
1153 4445 1276 4483 cum
1340 4428 1475 4481 nihil
1536 4427 1693 4481 istius
1734 4426 1948 4494 generis
1982 4426 2060 4479 vel
2096 4438 2284 4479 contra

2388 3282 2573 3350 ἕτερον
2604 3285 2851 3352 διοχλοῦν
2881 3283 2969 3355 ἦν,
2999 3287 3134 3341 ἀλλά
3168 3306 3231 3356 γε
3261 3292 3392 3341 αὐτὸ
3422 3293 3600 3359 τοῦτο,
3700 3294 3756 3358 ἐξ
3793 3297 3961 3364 ἡμῶν

2386 3374 2717 3443 διαχώρησις
2796 3378 2855 3429 ἐν
2906 3380 3067 3449 χρείᾳ
3117 3398 3176 3432 σε
3234 3385 3580 3451 παρηγορίας
3639 3386 3956 3454 καθίστησι.

2382 3465 2665 3541 Παράσχοι
2711 3468 2766 3519 δὲ
2800 3468 2931 3531 Θεὸς
2985 3470 3165 3540 πάσης
3201 3472 3359 3526 νόσου
3411 3478 3505 3527 καὶ
3552 3476 3729 3546 πάσης
3775 3477 3961 3548 λύπης

2386 3556 2827 3624 ἀπηλλαγμένον,
2848 3557 3040 3612 θᾶττόν
3072 3578 3130 3612 σε
3156 3565 3560 3632 παραγενέσθαι
3597 3570 3690 3620 καὶ
3718 3568 3960 3639 ὀφθῆναι

2386 3647 2540 3714 ἡμῖν.

2741 3763 2900 3829 ΡΙΞΓ.
2940 3766 3213 3832 Φιλίππῳ
3262 3772 3596 3838 Λαρίσσης.

2462 3877 2748 3945 Ἔγνωμεν
2776 3879 2836 3928 ἐκ
2875 3879 2965 3930 τοῦ
3004 3882 3332 3950 γράμματος
3364 3888 3463 3955 τῆς
3498 3886 3596 3955 σῆς
3631 3888 3856 3957 καρδίας
3893 3892 3958 3943 τὸ

2387 3968 2630 4039 ἄλγημα,
2663 3970 2909 4039 ἔγνωμεν
2942 3971 2999 4025 δὲ
3060 3975 3151 4026 καὶ
3200 3975 3274 4036 ὡς
3320 3977 3576 4030 ὑπόνοιαν
3610 3980 3794 4047 φέρεις
3821 3985 3959 4048 περὶ

2385 4062 2482 4130 τῆς
2523 4060 2679 4133 ἡμῶν
2703 4063 3074 4133 μετριότητο;,
3099 4067 3179 4118 ὅτι
3219 4066 3278 4129 ἐξ
3308 4067 3463 4136 ήμῶν
3494 4085 3574 4120 σοι
3615 4070 3957 4139 προσγέγονε

2386 4151 2447 4203 τὸ
2475 4144 2679 4219 ἀλγεῖν.
2713 4155 2820 4207 Καὶ
2853 4155 2947 4206 ἐπὶ
2983 4157 3083 4223 μὲν
3114 4160 3179 4226 τῇ
3234 4158 3397 4228 ὀδύνῃ
3443 4160 3541 4228 τῆς
3596 4162 3821 4229 καρδίας
3857 4180 3955 4214 σου

2390 4246 2630 4314 σφοδρῶς
2659 4247 2965 4316 ήνιάθημεν
3021 4249 3114 4300 καὶ
3166 4236 3465 4318 ἡμεῖς.Ὀὺ
3499 4252 3606 4320 γὰρ
3648 4254 3724 4320 μὴ
3758 4254 3837 4305 ὅτι
3889 4255 3957 4319 γὲ

2389 4352 2491 4399 σοι,
2525 4337 2700 4405 τέκνῳ
2738 4339 3056 4414 τυγχάνοντι
3088 4342 3179 4393 καὶ
3229 4343 3477 4411 ἀρχιερεῖ
3508 4344 3601 4393 καὶ
3634 4343 3743 4394 τῶν
3771 4343 3957 4411 μελῶν

2386 4430 2728 4499 οἰκειοτάτῳ,
2784 4429 2902 4480 ἀλλ’
2948 4430 3122 4482 οὐδενὶ
3165 4432 3335 4500 ἐτέρῳ
3364 4432 3472 4482 τῶν
3512 4434 3767 4494 ἐναντίως
3814 4440 3961 4502 πρὸς

720 4526 1063 4580 adversarios
1103 4533 1321 4575 :iostros
1368 4517 1680 4572 moliamur.
1730 4519 1804 4571 De
1847 4516 2156 4585 suspicione
2191 4527 2280 4570 tua

2390 4519 2531 4593 ἡμᾶς
2584 4517 2834 4585 ἐχόντων,
2900 4519 2960 4570 τὸ
3011 4508 3316 4572 διακεῖσθαι
3369 4521 3645 4590 ὀδυνηρῶς
3698 4522 3959 4590 βούλησίς

722 4617 969 4671 dolemus
998 4626 1051 4666 ct
1092 4610 1263 4677 magis
1296 4610 1439 4677 quod
1465 4609 1610 4661 illaut
1647 4606 1794 4660 nullo
1825 4608 1987 4662 modo
2015 4622 2276 4677 provoca-

724 4712 923 4761 vimus.
963 4704 1104 4756 Nihil
1148 4701 1294 4755 enim
1346 4700 1520 4769 magis
1556 4696 1753 4768 pectus
1797 4697 1958 4752 aflicit
2002 4701 2275 4766 nt'istrnm,

722 4812 883 4867 quam
930 4793 1072 4863 quod
1134 4801 1188 4845 te
1235 4794 1288 4845 in
1348 4804 1542 4843 vanam
1599 4791 1962 4865 suspicionem
2022 4790 2279 4861 incidisse

722 4884 1121 4953 animadvertit.
1176 4879 1499 4944 ﬁeutiquatn
1552 4879 1756 4931 homini
1808 4879 2155 4947 principtatui
2187 4888 2278 4933 tuo

724 4977 984 5033 invidenti
1015 4974 1144 5043 quid
1193 4971 1593 5035 commisimus,
1620 4985 1717 5024 nec
1750 4980 1989 5039 unqtta'nt
2020 4972 2278 5039 cogitatio

728 5066 1036 5123 istiusmodi
1065 5064 1219 5117 nobis
1265 5062 1445 5122 inerit,
1483 5076 1659 5129 neque
1677 5058 2060 5114 Thebanorum
2088 5059 2273 5116 archi-

724 5162 979 5229 cpiscOpo
1024 5154 1344 5217 Ecclesiatn,
1373 5154 1438 5206 ad
1475 5162 1524 5205 te
1547 5153 1927 5219 pertinentem,
1956 5167 2280 5207 consecran—

722 5254 847 5304 dam
887 5246 1421 5308 commendavimus;
1476 5244 1925 5312 patriarchaltbus
1958 5254 2135 5297 autem
2168 5244 2278 5313 pii-

720 5342 932 5409 vilegiis
982 5340 1257 5399 instructi,
1301 5335 1647 5389 delinivimns
1681 5336 1800 5405 ejus
1831 5352 1951 5390 esse
1994 5340 2276 5406 templum,

722 5434 815 5501 qui
836 5430 967 5485 illud
983 5428 1403 5483 consecraverit.
1421 5424 1589 5479 Tuam
1623 5442 1727 5479 non
1755 5426 2137 5493 vilipendimus
2154 5427 2278 5480 'vir-

720 5536 912 5589 tutem,
947 5524 1043 5579 sed
1071 5537 1194 5577 cum
1232 5522 1471 5575 locorum
1507 5519 1764 5574 distantia
1794 5521 1952 5575 nobis
1983 5536 2089 5574 non
2115 5521 2281 5576 fuerit

723 5619 965 5687 apprime
1025 5623 1171 5676 nota,
1227 5612 1538 5681 putavimus
1595 5611 1670 5663 illi
1731 5612 1875 5665 viam
1929 5621 1984 5665 et
2042 5612 2279 5668 mandati

702 5708 1124 5764 exsecutionem
1161 5705 1333 5770 magis
1354 5718 1517 5772 quam
1555 5704 1650 5759 tibi
1695 5720 1817 5760 esse
1852 5708 2191 5759 commodam
2228 5716 2281 5760 et

719 5800 1027 5870 expeditam
1063 5798 1229 5853 hocce
1255 5796 1415 5851 modo
1448 5812 1532 5852 res
1569 5799 1750 5867 utique
1785 5788 2002 5868 peracta
2034 5808 2132 5853 est.
2176 5796 2281 5854 Ve-

2384 4612 2534 4661 ἐστιν
2593 4611 2749 4678 ἡμῖν.
2779 4608 2914 4680 Περὶ
2943 4610 2998 4662 δὲ
3050 4604 3125 4663 ὧν
3156 4610 3551 4680 ὑπονοούμεθα,
3597 4610 3957 4681 λελυπήμεθα

2388 4702 2486 4768 μὲν
2527 4698 2608 4751 ὅτι
2666 4699 2802 4761 ὅλως
2851 4700 3161 4770 ὁτῳδήποτε
3191 4700 3377 4769 τρόπῳ
3410 4700 3638 4753 τοιαῦτα
3671 4718 3753 4753 σοι
3806 4719 3959 4772 παρ-

2386 4793 2618 4859 έσχομεν
2671 4794 2956 4843 ὑπονοεῖν·
3016 4792 3153 4859 πλὴν
3198 4793 3259 4843 οὐ
3308 4792 3560 4844 τοσοῦτον
3586 4792 3817 4845 ἅπτεται
3848 4795 3956 4861 τῆς

2385 4881 2609 4951 καρδίας
2636 4880 2697 4933 τὸ
2720 4880 2883 4945 ἄλγος
2921 4879 3009 4933 διὰ
3038 4883 3097 4933 τὸ
3128 4881 3428 4934 συνειδέναι
3464 4882 3632 4951 μηδὲν
3680 4883 3952 4948 τοιοῦτον,

2384 4974 2567 5027 δπὸῖον
2621 4964 2704 5035 είς
2752 4972 3184 5040 αἰτίανφέρεις,
3242 4971 3374 5041 παρ’
3430 4974 3586 5042 ἡμῶν
3636 4976 3950 5044 προελθεῖν.

2385 5062 2523 5115 Οῠτε
2557 5060 2665 5129 γὰρ
2692 5058 2769 5128 τῷ
2820 5060 3189 5130 ἀτακτήσαντι
3232 5064 3359 5130 περὶ
3407 5062 3504 5131 τὴν
3541 5063 3641 5131 σὴν
3676 5066 3956 5131 ἐπαρχίαν

2383 5153 2545 5205 τοῦτο
2571 5151 2983 5220 ἐνετειλάμεοα,
3015 5152 3137 5204 οὑδέ
3173 5151 3307 5214 ὅλως
3347 5152 3732 5221 ἀναφερόμεθα
3756 5155 3834 5216 εἰς
3863 5154 3953 5206 εν-

2384 5263 2533 5299 νοιαν
2562 5246 2818 5313 τοιαύτης
2868 5244 3018 5313 αὐτῷ
3072 5246 3461 5314 ἐγχειρήσεως,
3518 5244 3641 5297 οὔτε
3673 5245 3753 5315 τῷ
3785 5250 3917 5316 ἀρχι
3938 5278 3950 5285 ~

2386 5337 2671 5404 επισκόπῳ
2748 5335 2941 5402 Θηῦὦν
2998 5336 3101 5386 ὑπὸ
3170 5336 3227 5388 σὲ
3300 5336 3560 5388 τελοῦσαν
3614 5334 3950 5403 Ἐκκλησίαν.

2384 5426 2779 5493 ἐπεστείλαμεν
2828 5425 3072 5498 ίερῶσαιι,
3122 5424 3255 5477 ἀλλὰ
3313 5425 3651 5495 διδαχθέντες
3704 5425 3780 5485 ὡς
3833 5430 3948 5489 τοί,

2387 5521 2801 5588 πατριαρχικοῖς
2832 5518 3171 5588 προνομίοις,
3195 5519 3350 5582 είτίς
3390 5520 3518 5571 ποτέ
3551 5520 3699 5570 ἐστιν
3738 5520 3949 5580 ἐκεῖνος

2384 5614 2412 5664 ὁ
2465 5611 2957 5679 ἐγκεκαινισμένας
2984 5611 3110 5669 ναὸς
3149 5611 3316 5676 τελεῖ,
3353 5612 3512 5665 τοῦτο
3546 5610 3947 5681 διωρισάμεθα,

2385 5705 2448 5756 οὑ
2477 5703 2574 5773 τὴν
2610 5705 2707 5774 σὴν
2747 5704 2947 5772 ἀρετὴν
2979 5704 3259 5774 ῥίπτοντες
3286 5705 3435 5773 παρὰ
3464 5704 3689 5772 φαῦλον,
3727 5703 3865 5757 ἀλλὰ
3888 5703 3947 5755 τὸ

2385 5799 2480 5867 τῆς
2518 5796 2640 5849 ὁδοῦ
2674 5796 2950 5866 διάστημα
2984 5798 3057 5868 μὴ
3096 5798 3355 5867 μαθόντες
3415 5798 3675 5869 ἀκριϐῶς,
3725 5795 3947 5855 λογισα-
