4182 6428
157 435 262 497 333

1607 413 2013 474 EPlS’l‘OL.E.
3300 410 3404 472 ,τῖε

167 567 322 620 μενοι
357 549 443 602 ὅτι
476 543 674 615 μᾶλλον
712 536 964 608 ὲκείνῳῆ
997 535 1079 588 σοὶ
1105 533 1288 602 ρᾁιος
1319 529 1410 581 καὶ
1436 528 1744 596 κουφοτέρα

1847 541 1967 580 rum
2003 526 2198 580 audisti
2221 533 2274 580 et
2303 533 2590 594 propterea
2611 521 2706 577 tibi
2732 521 3071 592 ahjiciendus
3102 533 3184 576 est
3215 522 3401 588 dolor;

159 646 190 714 ἠ
221 639 518 712 ὁδοιπορία
573 639 667 692 καὶ
696 634 790 688 τοῦ
814 630 1237 697 προστάγματος
1279 625 1314 692 ἡ
1367 623 1734 714 ὲκπλήρωσιςμ.

158 711 338 787 Ϋοῦτο
400 731 503 799 μὲν
551 728 698 782 οὕτω
744 719 1198 794 παρηκολούθησε
1225 733 1240 747 ·
1271 716 1366 768 καὶ
1421 713 1523 782 χρή
1580 728 1638 762 σε
1676 711 1737 762 τὸ

159 822 363 891 ἀληθὲς
397 817 744 888 διδαχθέντα,
791 817 890 882 τὴν
941 812 1120 878 λύπην
1156 803 1478 861 ἀποθέσθαι.
1523 804 1618 854 Διά
1646 802 1736 864 τί;

158 915 280 965 Ὀτι
322 914 418 965 καὶ
442 912 550 966 ἀπὸ
576 927 638 978 γε
675 907 769 960 τοῦ
811 903 907 956 νῦν
937 904 1000 956 ὲκ
1019 903 1116 970 τῆς
1164 900 1260 964 σῆς
1293 894 1555 964 ἐπαρχίας
1588 891 1735 943 ἐστὶν

1845 617 2053 687 quare?
2087 617 2212 683 quia
2252 617 2296 670 si
2329 616 2590 684 templum
2625 625 3002 669 consecratum
3031 630 3058 668 a
3089 625 3180 668 tuo
3210 615 3408 682 pendet

1843 707 2170 775 principatu,
2198 721 2344 758 nunc
2369 707 2590 759 omnino
2618 705 2720 760 sub
2753 716 2842 758 tua
2877 707 2977 759 erit
3007 705 3406 772 jurisdictionc,

1843 808 1896 851 et
1924 797 2126 849 nullam
2155 795 2206 846 in
2231 809 2287 848 re
2309 792 2543 861 litigiosa
2573 794 2838 860 iacturam
2875 793 3060 856 facies,
3093 794 3190 848 etsi
3217 805 3406 848 eontra

1836 891 1927 956 jus
1960 887 2218 942 evenerit.

156 1006 462 1075 ὀίερωθεὶς
494 977 642 1064 ναδς,
683 1000 901 1062 πάντως
929 996 1036 1050 ὑπὸ
1071 991 1154 1044 σοὶ
1215 988 1537 1049 διατελέσει,
1581 984 1673 1035 καὶ
1700 981 1758 1034 οὐ
1795 981 2118 1052 ζημιωθήσῃ
2141 977 2237 1031 τοῦ
2306 979 2387 1030 σοὶ
2436 977 2782 1050 διαφέροντος
2851 980 3176 1048 πράγματος
3217 980 3277 1032 ἐκ
3315 979 3407 1031 τοῦ

161 1102 234 1170 μὴ
275 1101 424 1152 κατὰ
449 1098 607 1163 λόγον
636 1092 1081 1165 προσγεγονότος.

595 1187 738 1243 Ρ1Ζ’.
769 1186 978 1240 Λέοντι
1016 1184 1296 1238 Συλαίου.

240 1285 368 1339 Ἀπ’
392 1284 571 1353 ἀρχῆς
607 1279 702 1332 τοῦ
731 1281 1059 1349 γράμματος
1082 1276 1178 1345 τὴν
1203 1271 1445 1325 διάθεσιν
1473 1267 1570 1336 τῆς
1602 1267 1738 1336 ἡμε-

157 1380 326 1445 τέρας
354 1375 542 1442 ψυχῆς
593 1370 834 1440 φανεράν
883 1387 966 1421 σοι
1015 1366 1298 1425 ποιοῦντες
1323 1362 1629 1431 γράφομεν.
1658 1361 1740 1411 ὅτι

163 1466 307 1533 μετά
365 1465 606 1534 σφοδρᾶς
661 1463 761 1529 τῆς
795 1461 972 1528 λύπης
1011 1457 1104 1508 ἐπὶ
1144 1455 1203 1508 τὸ
1253 1454 1484 1524 γράφειν
1518 1450 1651 1519 πρὸς
1685 1447 1743 1500 σὲ

159 1557 537 1626 ιεκινήμεθα.
600 1551 724 1614 Πῶς
771 1550 879 1619 γὰρ
905 1550 1026 1618 οὐχὶ
1060 1548 1280 1618 βαρεῖαν
1335 1545 1436 1613 τὴν
1470 1538 1743 1608 ἀλγηδόνα

160 1647 450 1714 φέρομεν;
517 1643 682 1695 ὁπότε
738 1641 1020 1709 λογισμοῖς
1075 1638 1352 1707 ἀμείνοσι,
1412 1631 1504 1684 καὶ
1565 1628 1743 1714 πάντα

159 1733 547 1801 λογιζομένοις
602 1731 671 1784 δι’
730 1726 804 1784 ὧν
843 1733 975 1799 ἡμῖν
1010 1731 1163 1780 ἔσται
1220 1722 1539 1793 παραψυχὴ,
1583 1713 1740 1773 δι’ὧν

160 1826 564 1894 δοξασθήσεται
611 1823 709 1889 μὲν
767 1822 922 1882 Θεὸς,
976 1819 1132 1882 κλέος
1179 1817 1234 1870 δὲ
1275 1814 1606 1884 ἀείμνηστον
1662 1829 1743 1864 σοι

163 1915 622 1983 περιγενήσεται,
669 1911 761 1961 καὶ
795 1912 905 1970 τοῖς
938 1909 1040 1960 ὑπὸ
1078 1907 1172 1976 τὴν
1211 1907 1308 1974 σὴν
1339 1904 1600 1971 ἐφορείαν
1639 1901 1746 1953 τᾶν

163 2005 517 2075 βαρυνόντων
543 2004 728 2066 ἄνεσις
753 2003 849 2054 καὶ
883 1997 1301 2067 παράκλησις,ἠ
1332 1993 1504 2062 σὴέπὶ
1533 1992 1624 2045 τὸν
1651 1992 1746 2060 ἁρ-

163 2094 488 2165 χιερατικὸν
505 2093 694 2160 θρόνον
711 2094 810 2159 τῆς
839 2088 1027 2142 αὐτόθι
1059 2085 1388 2154 Ἐκκλησίας
1414 2083 1652 2151 καταστή
1665 2099 1748 2133 σε-

162 2202 252 2236 ται
285 2181 573 2250 προδολή’
602 2179 767 2231 νῦνδὲ
799 2179 906 2230 τῶν
920 2173 1199 2244 λογισμῶν
1237 2174 1479 2233 ὲκεξνων,
1514 2171 1615 2240 φεῦ
1649 2171 1747 2239 τῆς

163 2273 258 2327 τοῦ
303 2273 569 2341 δαίμονος
625 2269 915 2339 ἐπηρείας,
952 2265 1027 2329 ὡς
1065 2267 1115 2316 οἱ
1160 2263 1281 2316 καθ’
1325 2262 1559 2329 ἑκάστην
1616 2263 1747 2328 ἡμῖν

166 2367 500 2436 προσιόντες
537 2361 966 2429 ἀπαγγέλλουσι,
995 2357 1369 2423 κατανοοῦμεν
1399 2354 1624 2414 ἑαυτοὺς
1655 2354 1747 2404 ἐκ-

167 2453 554 2512 πεπτωκότες.
586 2450 744 2520 Ὀρᾷς
767 2453 826 2515 ἐξ
857 2449 972 2510 οἵας
1005 2447 1232 2513 συνοχῆς
1259 2445 1354 2511 τῆς
1386 2442 1542 2510 ἡμῶν
1573 2446 1754 2510 ψυχῆς

165 2546 224 2597 τδ
257 2552 502 2614 γράμμα
536 2562 615 2598 σοι
655 2545 950 2611 γράφεται.
985 2536 1062 2587 Οὐ
1107 2535 1211 2603 γὰρ
1245 2533 1580 2585 διαλείπουσι
1625 2532 1747 2585 καθ’

166 2639 418 2706 ἑκάστην
446 2635 545 2688 νῦν
579 2635 676 2704 μὲν
699 2629 1046 2701 μονάζοντες,
1079 2624 1174 2678 νῦν
1219 2626 1272 2677 δὲ
1302 2625 1396 2691 τῆς
1419 2625 1610 2693 λαῖκῆς
1653 2624 1748 2676 τά-

169 2723 327 2787 ξεως,
354 2725 458 2776 νῦν
495 2724 552 2774 δὲ
587 2721 680 2774 καὶ
710 2719 803 2771 τοῦ
836 2719 1062 2786 κλήρου,
1087 2719 1185 2777 τὰς
1225 2715 1512 2784 ἐγκλήσεις
1566 2715 1750 2766 ποιού-

173 2830 330 2880 μενοι
359 2813 508 2865 κατὰ
543 2811 660 2877 τοῦ,
687 2810 764 2872 ὡς
792 2809 898 2860 τῶν
919 2807 1134 2859 οίκείων
1173 2805 1630 2871 ἀποδιωκόμενοι,
1656 2805 1750 2856 καὶ

166 2903 293 2954 ἀντὶ
323 2903 425 2955 τοῦ
457 2901 686 2970 ῥύεσθαι
718 2897 869 2967 παρὰ
887 2896 984 2965 τῆς
1040 2895 1141 2963 σῆς
1206 2892 1618 2963 ἀρχιερωσύνης
1649 2892 1748 2943 at}-

167 2997 298 3056 τοὺς
361 2993 432 3045 ἐκ
477 2993 658 3060 χειρὶς
713 2989 878 3058 ἄλλης
915 2986 1310 3056 στερεωτέρας,
1356 2985 1454 3052 τῆς
1492 2984 1588 3051 σῆς
1633 2984 1749 3036 6:6-

171 3099 333 3151 μενοι
364 3081 520 3149 παρὰ.
541 3080 651 3132 τῶν
677 3076 996 3145 δυναμένων
1032 3073 1417 3127 ἀντιλαϐέσθαι
1457 3071 1742 3140 ῥυσθῆναι.

2173 1164 2382 1221 CXV".
2415 1163 2575 1218 Leoni
2611 1165 2776 1235 Sylm‘
2803 1166 3059 1234 episcopo.

1921 1259 2245 1313 Litterarum
2282 1267 2594 1311 nostrarum
2642 1257 2793 1309 initio
2840 1265 3042 1309 statum
3088 1258 3283 1310 anima:
3315 1276 3412 1312 uo-

1849 1365 1972 1407 stra:
2004 1349 2351 1404 manifestum
2407 1348 2500 1401 tibi
2548 1346 2806 1409 facimus;
2845 1363 2966 1400 nam
3014 1347 3080 1401 ad
3129 1349 3225 1402 tibi
3275 1350 3412 1403 serio

1844 1442 2077 1496 bendum
2120 1455 2227 1493 non
2279 1438 2399 1492 sine
2445 1437 2681 1490 maximo
2729 1437 2914 1491 dolore
2941 1453 3240 1492 movemur.
3293 1439 3412 1503 Quo

1842 1535 1988 1586 enim
2023 1533 2185 1586 modo
2221 1545 2326 1583 non
2371 1527 2744 1584 acerbissimis
2776 1529 3089 1584 cruciemur
3119 1531 3416 1585 :rrumnis?

1843 1621 2072 1690 Optimae
2102 1621 2329 1673 aderant
2358 1633 2538 1672 causre
2569 1627 2621 1670 et
2652 1618 2807 1672 nobis
2843 1619 3025 1670 omnia
3061 1621 3415 1672 consideran-

1845 1712 1989 1764 tibus
2030 1719 2194 1762 certae
2225 1709 2630 1764 consolationes
2648 1710 3035 1778 exsurgebant,
3063 1711 3188 1774 quia
3211 1710 3412 1777 gloriﬁ-

1771 1777 1816 1834 Β
1849 1802 2053 1856 candus
2084 1809 2201 1855 erat
2235 1799 2373 1855 Deus
2418 1809 2470 1854 et
2514 1799 2876 1866 sempiternus
2921 1799 3097 1853 honos
3128 1800 3220 1853 tibi
3258 1799 3415 1854 colli-

1849 1896 2102 1966 gendus;
2161 1893 2256 1963 qui
2327 1902 2483 1959 antea
2554 1894 2922 1961 gravabantur
2997 1893 3262 1961 dignitate
3324 1902 3416 1948 tua

1848 1987 2089 2056 erigendi
2141 1993 2402 2043 erantet
2457 1984 2798 2050 sublevandi,
2851 1984 2992 2053 quod
3047 1985 3112 2036 ad
3162 1984 3418 2040 Ecclesiae

1848 2079 2229 2132 fulcimentum
2307 2077 2363 2130 in
2437 2077 2711 2146 ponlilicis
2782 2076 3038 2129 thronum
3104 2075 3416 2127 sublevatus

1849 2171 2066 2224 fuisses.
2131 2169 2314 2221 Eheu!
2361 2181 2470 2235 quo
2517 2165 2619 2220 illa:
2655 2167 2902 2218 abierunt
2959 2165 3234 2218 rationes!
3272 2162 3416 2218 Infe-

1847 2271 1965 2315 stus
1995 2260 2115 2313 illas
2149 2258 2430 2312 devoravit
2473 2260 2707 2319 daemon,
2755 2257 2830 2308 uti
2879 2255 3122 2324 quotidie
3157 2254 3415 2323 intelligi-

1850 2366 1973 2404 mus
2002 2364 2064 2402 ex
2098 2349 2165 2402 iis
2198 2347 2288 2416 qui
2347 2349 2413 2400 ad
2476 2363 2576 2402 nos
2628 2345 2950 2414 confugiunt
2993 2346 3228 2400 miseris.
3297 2343 3414 2397 lam

1851 2441 1998 2494 vides
2045 2455 2150 2506 qua
2193 2437 2392 2491 mentis
2444 2438 2810 2490 commotione
2846 2437 2942 2489 has
2991 2435 3055 2488 ad
3107 2444 3159 2489 te
3211 2433 3417 2489 litteras

1850 2533 2162 2586 scribimus.
2217 2529 2468 2595 Quotidie
2507 2538 2558 2583 et
2605 2528 2723 2582 sine
2771 2529 2874 2582 t‘me
2918 2528 3209 2582 adveniunt
3253 2528 3416 2581 modo

1851 2625 2123 2689 tnonachi,
2179 2623 2342 2676 modo
2379 2622 2522 2688 laici,
2575 2621 2736 2676 modo
2769 2621 2950 2675 clerici
2983 2630 3042 2674 ut
3069 2621 3314 2690 querelas
3351 2621 3418 2674 de

1852 2731 1902 2771 te
1931 2718 2202 2781 deferant,
2253 2732 2283 2770 a
2327 2732 2437 2786 quo
2479 2732 2508 2770 e
2559 2715 2674 2771 suis
2703 2730 2762 2770 se
2807 2715 3065 2784 expulsos
3114 2715 3332 2778 dicunt;
3364 2723 3418 2768 et

1854 2825 1980 2862 cum
2033 2809 2112 2862 tui
2185 2819 2348 2872 esset,
2396 2809 2689 2877 pontificis,
2743 2809 2863 2862 illos
2915 2822 2945 2861 a
2997 2823 3162 2861 manu
3212 2806 3416 2877 potenti

1853 2901 2100 2962 liberare,
2134 2915 2295 2968 Opera
2327 2907 2417 2953 tua
2450 2901 2838 2964 destituuntur,
2869 2910 2922 2952 et
2947 2898 3014 2951 ad
3047 2907 3293 2968 potentes
3319 2911 3420 2967 po-

1854 2992 1961 3045 tius
1993 2989 2314 3060 coufugiunt
2351 3003 2408 3044 ut
2433 2991 2752 3046 liberentur.

250 3134 364 3225 Ἐῶ
399 3134 468 3222 τὲ
503 3169 672 3221 λοιπά
694 3183 708 3198 ο
742 3134 876 3219 ἀλλὰ
898 3165 990 3218 νῦν
1019 3167 1046 3217 ὁ
1077 3164 1168 3215 τοῦ
1200 3134 1743 3232 βήματος-καθηγού-

1922 3164 2126 3217 Caetera
2174 3165 2386 3218 omitto.
2434 3164 2601 3218 Adest
2647 3164 2791 3218 enim
2850 3165 3163 3220 monasterii
3219 3180 3416 3232 prmses

171 3279 339 3331 μενος
367 3261 466 3327 τῆς
502 3259 672 3327 μονῆς
713 3257 913 3323 ἐπέστη
945 3253 1156 3322 πλήρης
1202 3250 1483 3319 δακρύων,
1534 3251 1748 3318 πλήρης

169 3351 420 3419 ἀθυμίας
455 3351 548 3400 καὶ
586 3346 924 3414 συγχύσεως.
966 3344 1072 3394 Καὶ
1098 3341 1159 3393 τὸ
1193 3342 1366 3393 αἴτιον
1410 3341 1490 3391 ὅτι
1532 3340 1626 3392 σὺν
1653 3341 1742 3390 αὑ-

166 3446 284 3503 τοῖς
319 3440 620 3509 μονάζουσι
653 3435 806 3507 παρὰ
837 3435 932 3504 τῆς
966 3434 1120 3504 ὑμῶν
1153 3431 1518 3484 ἀπελαύνεται
1550 3446 1746 3500 προαι-

168 3536 405 3604 ρέσεως,
430 3531 532 3582 οὐκ
563 3526 680 3581 οἶδα
736 3528 904 3580 πόθεν
927 3528 1020 3578 ἐπὶ
1069 3525 1226 3576 τοῦτο
1277 3524 1592 3592 κινηθέντος
1631 3540 1746 3586 σου,

167 3627 200 3695 ἢ
234 3627 290 3678 τί
315 3626 532 3678 δίκαιον
561 3622 961 3692 προϊσχομένου
987 3623 1085 3688 τῆς
1124 3619 1392 3686 τοσαύτης
1420 3616 1601 3686 βιαίας
1630 3619 1749 3669 ἐπι-

168 3718 405 3777 θέσεως.
458 3715 656 3767 Καίτοι
713 3714 762 3764 ει
807 3713 898 3766 καὶ
951 3713 1055 3773 πᾶς
1120 3711 1328 3770 δίκαιος
1373 3709 1528 3776 λόγος
1567 3709 1746 3778 παρῆν

168 3805 731 3874 συναγωνιζόμενος,
788 3803 944 3856 τοῦτο
1013 3802 1175 3871 μόνον
1246 3798 1436 3851 ἱκανὸν
1484 3799 1622 3860 τέως
1679 3795 1746 3868 ἦν

166 3905 419 3971 ἐπισχεῖν
461 3903 521 3952 τὸ
547 3901 721 3950 τελεῖν
757 3897 861 3949 ὑπὸ
891 3895 988 3966 τὴν
1021 3891 1422 3962 πατριαρχικὴν
1471 3890 1742 3954 ἐξουσίαν,

166 3994 247 4055 είς
273 3994 340 4044 τὸ
392 3990 564 4060 μηδὲν
593 3988 839 4042 τοιοῦτον
875 3989 948 4056 μὴ
998 3987 1079 4038 ὅτι
1126 3989 1415 4055 πράττειν,
1447 3983 1583 4035 ἀλλὰ
1621 3984 1744 4052 μηδ’

169 4085 247 4144 εΞς
276 4083 544 4148 ἐνθύμιον
568 4084 780 4149 φέρειν,
814 4079 915 4140 ἕως
947 4078 1016 4131 ἂν
1042 4077 1175 4146 πρὸς
1206 4076 1272 4127 τὰ
1305 4073 1534 4127 ἐνταῦθα
1563 4093 1740 4145 παρα·

165 4172 475 4241 γενομένου
505 4187 622 4233 σου,
660 4171 754 4221 καὶ
795 4169 891 4237 τῆς
923 4167 1237 4228 ὑποθέσεως
1271 4165 1744 4235 προϐεϐλημένης,

166 4267 225 4318 τὸ
280 4266 408 4316 δέον
461 4262 785 4332 πραχθῆναι
838 4260 1149 4327 διέγνωστο.
1189 4259 1302 4327 Μὴ,
1336 4260 1524 4309 τέκνον
1569 4259 1742 4328 ἡμῶν,

166 4355 217 4406 εἰ
243 4371 298 4405 τι
357 4369 444 4403 σοι
492 4351 648 4420 μέλει
699 4350 959 4419 περὶτῆς
1013 4351 1152 4417 ἐμῆς
1185 4347 1523 4402 πολυωδύνου
1559 4349 1700 4418 ζωῆς
1728 4363 1741 4376 ο

169 4448 245 4516 μὴ
310 4444 464 4496 οὕτω
519 4442 820 4493 καθίστασο
860 4442 971 4502 τοῖς
1027 4439 1133 4492 ὑπὸ
1183 4439 1283 4510 τὴν
1337 4439 1435 4508 σὴν
1477 4441 1745 4510 ἐπαρχίαν

169 4538 368 4606 βιρδς,
407 4533 546 4602 μηδὲ
579 4533 886 4598 ἀγαπῶμεν
909 4531 1007 4592 τὰς
1043 4531 1260 4582 πάντων
1297 4530 1546 4597 γλώσσας
1576 4535 1743 4584 κινεῖν

166 4628 288 4679 καθ’
314 4625 506 4694 ἡμῶν,
545 4623 681 4692 μηδὲ
734 4624 854 4675 ἀντὶ
904 4623 999 4674 τοῦ
1030 4623 1166 4692 πρὸς
1207 4622 1556 4692 εὐχαριστίαν
1611 4622 1745 4675 Θεοῦ

168 4718 254 4784 ἐφ’
286 4711 373 4777 οἷς
407 4715 508 4781 τῆς
565 4713 672 4765 ἀπὸ
722 4712 816 4764 σού
847 4713 1216 4766 ἀπολαύουσιν
1264 4714 1551 4781 ὠφελείας,
1581 4715 1748 4767 διανί-

170 4807 405 4862 στασθαι
440 4807 568 4867 τοὺς
591 4803 909 4874 ἀνθρώπους
937 4805 1070 4874 πρὸς
1098 4805 1366 4875 λοιδορίας
1395 4807 1590 4868 αὐτοὺς
1612 4809 1746 4860 ἁνα-

167 4901 441 4967 κινώμεν,
516 4896 612 4946 καὶ
654 4896 753 4956 τὰς
802 4894 942 4946 κατὰ
981 4896 1076 4963 τῆς
1108 4896 1247 4964 ὲμῆς
1295 4897 1534 4966 κεφαλῆς
1584 4899 1746 4968 ἀράς.

167 4987 328 5050 Οἶδας
362 4990 479 5056 γὰρ
502 4986 584 5037 ὃτι
614 4985 687 5047 ὼς
714 4986 805 5037 ἐπὶ
841 4986 974 5037 πολὺ
1007 4987 1056 5038 οἱ
1091 4987 1274 5048 κακῶς
1305 4988 1598 5056 πάσχοντες
1628 4987 1738 5039 τῶν

167 5083 497 5153 ἀρχομένων
545 5080 689 5148 μετὰ
727 5079 786 5130 τὸ
835 5078 1143 5133 διαϐάλλειν
1178 5081 1306 5144 τοὺς
1351 5081 1534 5143 κακῶς
1579 5081 1748 5134 διατι-

167 5172 366 5234 θέντας
416 5171 644 5234 αὐτοὺς,
711 5170 807 5222 καὶ
853 5173 951 5234 τὰς
999 5173 1138 5244 ἀρὰς
1189 5173 1616 5244 ἀπορρίπτουσιν
1667 5176 1745 5235 εἰς

165 5266 260 5324 τὰς
289 5263 404 5314 τῶν
431 5259 626 5314 αἰτίων
684 5263 985 5330 γινομένων
1028 5263 1288 5332 κεφαλάς.
1327 5264 1524 5332 Ὅπερ,
1559 5266 1748 5317 τέκνον

167 5353 193 5400 f.

165 5444 472 5512 ὀμοὸὁξοις,
505 5442 642 5495 ἀλλὰ
675 5447 768 5498 καὶ
816 5448 1095 5511 Ἰουδαίοις
1119 5450 1215 5501 καὶ
1241 5450 1522 5517 Ἕλλησιν.

232 5536 348 5588 Οὔκ
380 5533 692 5603 ἀγνοοῦμεν
719 5537 833 5604 οὖν,
861 5541 941 5592 ὅτι
959 5542 1054 5594 καὶ
1082 5545 1146 5612 τῇ
1171 5545 1236 5613 σῇ
1263 5543 1474 5596 συνέσει
1504 5543 1744 5596 πλεῖστοι

167 5627 513 5681 ιπιτὶθενται
548 5629 894 5700 παραλόγως,
948 5637 1042 5688 καὶ
1083 5636 1510 5708 πονηρευόμενοι
1555 5637 1739 5704 ἀγῶνα

234 5789 255 5820 ⁸
288 5788 307 5844 ι
342 5790 478 5846 Cor.
514 5806 572 5853 ι,
606 5787 698 5842 53.

186 5353 324 5418 μῶν
359 5349 1357 5424 ίερδν,πάσῃδυνάμειφυλαξώμεθα,
1390 5355 1623 5422 μάλιστα
1683 5356 1776 5408 τοῦ
1829 5356 2154 5410 ’Λποστόλου
2207 5356 2454 5424 λέγοντος
2503 5359 2886 5429 ἁπροσκόπους
2939 5356 3078 5415 εἶναι

1851 3256 2123 3323 laerymas
2173 3253 2427 3319 fundens,
2465 3255 2666 3310 fractus
2701 3257 2883 3310 animo
2913 3265 2965 3310 et
2996 3257 3196 3312 rubore
3231 3257 3415 3311 suffu-

1850 3361 1966 3400 sus.
1992 3347 2167 3400 Causa
2201 3356 2282 3400 est
2314 3347 2456 3415 quod
2491 3356 2538 3400 te
2568 3347 2790 3415 jubente
2825 3348 2938 3417 ipse
2982 3364 3103 3402 cum
3134 3350 3416 3403 monachis

1849 3438 1960 3490 suis
2009 3436 2080 3490 sit
2121 3436 2399 3505 expulsus.
2466 3436 2616 3490 Unde
2666 3437 2730 3489 ad
2777 3437 2880 3489 hoc
2933 3439 3201 3494 excitatus
3249 3440 3415 3493 fueris

1849 3527 2053 3589 nescio,
2089 3542 2188 3580 nec
2221 3543 2341 3592 qua:
2380 3526 2515 3593 justi
2561 3527 2769 3594 species
2809 3527 2873 3579 ad
2908 3527 3052 3580 istud
3108 3536 3157 3580 te
3205 3526 3418 3581 facinus

1850 3619 2098 3672 moverit.
2145 3618 2399 3671 Attamen
2433 3618 2476 3671 si
2517 3617 2666 3686 justa
2699 3619 2944 3686 quaedam
2979 3618 3246 3673 adfuisset
3279 3619 3414 3673 faci-

1849 3711 1997 3763 noris
2042 3711 2392 3778 perpetraudi
2443 3709 2606 3770 ratio,
2657 3709 2852 3763 deferri
2909 3710 3186 3764 debuisset
3220 3712 3284 3762 ad
3319 3725 3416 3778 pa-

1848 3803 2191 3855 triarchalem
2218 3809 2560 3869 potestatem,
2593 3801 2906 3869 priusquam
2939 3810 3155 3870 peracta
3188 3801 3411 3864 fuisset;

1848 3909 1952 3947 non
1985 3893 2052 3948 ab
2077 3894 2216 3947 irato
2252 3891 2351 3946 tibi
2386 3908 2472 3946 res
2506 3893 2801 3946 tractandae
2847 3901 3021 3956 erant,
3052 3891 3144 3945 scd
3179 3893 3243 3945 ad
3278 3894 3415 3947 hanc

1846 3984 2028 4037 sedem
2078 3976 2355 4052 profectus
2391 3983 2658 4052 subjicere
2682 3985 2828 4036 litem
2872 3983 3133 4047 debebas,
3167 3992 3226 4036 ut
3253 3985 3415 4052 quid-

1845 4076 1974 4145 quid
2029 4077 2395 4145 perageudum
2471 4085 2611 4130 esset
2665 4073 3082 4129 deliberaretur.
3139 4075 3197 4129 Si
3248 4078 3412 4130 vitam

1846 4181 2043 4231 meam,
2099 4167 2196 4229 lili,
2251 4180 2487 4220 mmrore
2528 4165 2641 4236 jam
2696 4165 2999 4220 confectam
3060 4182 3241 4232 curas,
3299 4171 3412 4222 noli

1847 4268 1995 4312 tanta
2051 4258 2250 4312 duritia
2299 4258 2500 4312 habere
2533 4274 2654 4322 eos,
2709 4261 2802 4328 qui
2853 4260 2958 4313 sub
3010 4269 3277 4328 potestate
3322 4270 3414 4315 tua

1845 4351 2125 4404 constituti
2152 4358 2321 4414 sunt;
2369 4365 2502 4404 cave
2549 4351 2796 4404 omnium
2830 4351 3044 4420 linguas
3096 4362 3283 4407 contra
3311 4369 3415 4407 nos

1848 4459 2230 4508 commovere;
2276 4443 2379 4497 hoc
2416 4445 2560 4497 enim
2602 4445 2762 4498 modo
2798 4445 2831 4497 ii
2867 4446 2985 4514 qui,
3029 4447 3410 4502 beneficiorum

1850 4546 2065 4590 tuorum
2111 4549 2396 4595 memores,
2450 4533 2556 4588 Deo
2603 4535 2809 4602 gratias
2887 4538 3144 4604 egissent,
3178 4539 3243 4591 ad
3272 4539 3414 4609 inju-

1847 4629 1957 4680 rias
1994 4627 2239 4681 conversi
2272 4633 2434 4694 caput
2468 4640 2648 4679 meum
2685 4626 2801 4679 dira
2827 4639 3230 4697 prosequuntur
3261 4645 3415 4684 exse-

1845 4719 2106 4773 cratione.
2163 4717 2266 4782 Qui
2323 4727 2469 4771 sorte
2523 4733 2623 4772 sua
2681 4733 2786 4772 non
2842 4729 2971 4774 sunt
3017 4722 3281 4785 contenti,
3333 4699 3413 4776 uti

1847 4811 2012 4871 nosti,
2047 4823 2206 4878 quam
2261 4807 2560 4876 saepissime
2601 4823 2728 4862 suos
2775 4809 3111 4865 insectantur
3157 4816 3414 4882 prxposi-

1847 4911 1930 4956 tos
1960 4902 2114 4970 quasi
2145 4901 2337 4954 exinde
2370 4901 2570 4954 malum
2602 4901 2883 4965 haberent,
2914 4917 3210 4973 eorumque
3236 4907 3414 4973 capita

1844 4994 1981 5046 diris
2005 4994 2302 5046 devovent:
2323 4992 2396 5056 id,
2431 4992 2622 5045 dilecte
2651 4992 2748 5054 lili,
2789 5009 2886 5059 pro
2923 4995 3124 5049 viribus
3152 4996 3414 5061 vitemus,

1844 5086 2104 5154 Apostolo
2151 5084 2398 5152 jubente,
2450 5091 2508 5136 ut
2557 5085 2676 5136 sine
2729 5084 3028 5139 offensione
3073 5088 3247 5141 simus
3301 5104 3411 5141 non

1845 5180 2020 5234 solum
2056 5193 2182 5249 erga
2221 5178 2430 5240 lideles,
2461 5177 2553 5232 sed
2585 5179 2748 5233 etiam
2794 5194 2918 5246 erga
2952 5178 3170 5235 Judazos
3200 5191 3252 5234 et
3278 5199 3411 5252 geu-

1847 5267 2024 5321 tﬂes‘.

3152 5364 3212 5414 ού
3250 5361 3412 5430 μόνον

1921 5541 2036 5596 Non
2088 5556 2172 5596 me
2221 5540 2354 5610 fugit
2404 5542 2666 5610 plurimos
2709 5542 2804 5596 tibi
2837 5543 2974 5597 male
3005 5544 3140 5599 velle
3173 5554 3226 5598 et
3257 5546 3414 5601 mali-

1849 5634 2040 5688 tiosam
2079 5648 2292 5687 movere
2323 5649 2580 5701 pugnam,
2624 5643 2682 5688 ut
2726 5634 2964 5689 Ecclesia
2999 5645 3086 5691 tua
3119 5638 3413 5694 detrimen-
