  <div class='ocr_page' id='page_1' title='image "/cluster/home/n/w/nwhite01/storage/ocr_20150623/111/nnc1.0046979743/173.png"; bbox 0 0 4182 6428; ppageno 0'>
   <div class='ocr_carea' id='block_1_1' title="bbox 664 1024 2331 1102">
    <p class='ocr_par' dir='ltr' id='par_1_1' title="bbox 664 1024 2331 1102">
     <span class='ocr_line' id='line_1_1' title="bbox 664 1024 2331 1102; baseline 0.007 -26"><span class='ocrx_word' id='word_1_1' title='bbox 664 1035 666 1038; x_wconf 77' lang='lat'><strong><em>&#39;</em></strong></span> <span class='ocrx_word' id='word_1_2' title='bbox 767 1025 977 1087; x_wconf 89' lang='lat' dir='ltr'><strong>hibeas,</strong></span> <span class='ocrx_word' id='word_1_3' title='bbox 1011 1040 1077 1079; x_wconf 90' lang='lat' dir='ltr'><strong>ne</strong></span> <span class='ocrx_word' id='word_1_4' title='bbox 1106 1024 1242 1079; x_wconf 81' lang='lat' dir='ltr'><strong>forte</strong></span> <span class='ocrx_word' id='word_1_5' title='bbox 1269 1027 1593 1095; x_wconf 88' lang='lat' dir='ltr'><strong>injustitiam</strong></span> <span class='ocrx_word' id='word_1_6' title='bbox 1629 1032 1968 1096; x_wconf 76' lang='lat' dir='ltr'><strong>committas,</strong></span> <span class='ocrx_word' id='word_1_7' title='bbox 2004 1033 2203 1102; x_wconf 89' lang='lat' dir='ltr'><strong>autjus</strong></span> <span class='ocrx_word' id='word_1_8' title='bbox 2237 1034 2331 1087; x_wconf 89' lang='lat' dir='ltr'><strong>tibi</strong></span> 
     </span>
    </p>
   </div>
   <div class='ocr_carea' id='block_1_2' title="bbox 775 379 4010 471">
    <p class='ocr_par' dir='ltr' id='par_1_2' title="bbox 775 379 4010 471">
     <span class='ocr_line' id='line_1_2' title="bbox 775 379 4010 471; baseline 0.01 -31"><span class='ocrx_word' id='word_1_9' title='bbox 775 379 882 443; x_wconf 77' lang='lat'><strong>335</strong></span> <span class='ocrx_word' id='word_1_10' title='bbox 1896 380 2204 441; x_wconf 78' lang='lat' dir='ltr'><strong>NICOLAI</strong></span> <span class='ocrx_word' id='word_1_11' title='bbox 2245 382 2355 444; x_wconf 88' lang='lat' dir='ltr'><strong>CP.</strong></span> <span class='ocrx_word' id='word_1_12' title='bbox 2398 382 2594 444; x_wconf 76' lang='grc' dir='ltr'><strong>ΡΑΤΒ</strong></span> <span class='ocrx_word' id='word_1_13' title='bbox 2610 384 2912 447; x_wconf 71' lang='lat' dir='ltr'><strong>lARCI-LE</strong></span> <span class='ocrx_word' id='word_1_14' title='bbox 3893 409 4010 471; x_wconf 81' lang='lat'><strong>336</strong></span> 
     </span>
    </p>
   </div>
   <div class='ocr_carea' id='block_1_3' title="bbox 768 484 2335 581">
    <p class='ocr_par' dir='ltr' id='par_1_3' title="bbox 768 484 2327 558">
     <span class='ocr_line' id='line_1_3' title="bbox 768 484 2327 558; baseline 0.002 -19"><span class='ocrx_word' id='word_1_15' title='bbox 768 495 883 539; x_wconf 89' lang='lat' dir='ltr'><strong>tum</strong></span> <span class='ocrx_word' id='word_1_16' title='bbox 927 484 1123 554; x_wconf 87' lang='lat' dir='ltr'><strong>capiat.</strong></span> <span class='ocrx_word' id='word_1_17' title='bbox 1159 486 1366 540; x_wconf 80' lang='lat' dir='ltr'><strong>Horum</strong></span> <span class='ocrx_word' id='word_1_18' title='bbox 1412 499 1674 541; x_wconf 90' lang='lat' dir='ltr'><strong>numerus</strong></span> <span class='ocrx_word' id='word_1_19' title='bbox 1716 485 1904 557; x_wconf 84' lang='lat' dir='ltr'><strong>utique</strong></span> <span class='ocrx_word' id='word_1_20' title='bbox 1936 504 2186 558; x_wconf 80' lang='lat' dir='ltr'><strong>magnus.</strong></span> <span class='ocrx_word' id='word_1_21' title='bbox 2220 489 2327 543; x_wconf 85' lang='lat' dir='ltr'><strong>Ha-</strong></span> 
     </span>
    </p>
   </div>
   <div class='ocr_carea' id='block_1_4' title="bbox 2430 484 4007 581">
    <p class='ocr_par' dir='ltr' id='par_1_4' title="bbox 2436 491 4007 581">
     <span class='ocr_line' id='line_1_4' title="bbox 2436 491 4007 581; baseline 0.015 -38"><span class='ocrx_word' id='word_1_22' title='bbox 2436 491 2718 545; x_wconf 87' lang='grc' dir='ltr'>ποιοῦνται</span> <span class='ocrx_word' id='word_1_23' title='bbox 2757 494 2853 547; x_wconf 86' lang='grc' dir='ltr'><strong>τοῦ</strong></span> <span class='ocrx_word' id='word_1_24' title='bbox 2913 494 3011 566; x_wconf 76' lang='grc' dir='ltr'>τὴν</span> <span class='ocrx_word' id='word_1_25' title='bbox 3061 495 3160 567; x_wconf 68' lang='grc' dir='ltr'>σὴν</span> <span class='ocrx_word' id='word_1_26' title='bbox 3197 498 3523 571; x_wconf 79' lang='grc' dir='ltr'>Ἐκκλησίαν</span> <span class='ocrx_word' id='word_1_27' title='bbox 3564 504 3737 579; x_wconf 77' lang='grc' dir='ltr'>ζημίᾳ</span> <span class='ocrx_word' id='word_1_28' title='bbox 3770 517 4007 581; x_wconf 72' lang='grc' dir='ltr'>περιει-</span> 
     </span>
    </p>
   </div>
   <div class='ocr_carea' id='block_1_5' title="bbox 776 574 2335 674">
    <p class='ocr_par' dir='ltr' id='par_1_5' title="bbox 776 574 2333 650">
     <span class='ocr_line' id='line_1_5' title="bbox 776 574 2333 650; baseline 0.004 -22"><span class='ocrx_word' id='word_1_29' title='bbox 776 574 937 628; x_wconf 89' lang='lat' dir='ltr'><strong>bendi</strong></span> <span class='ocrx_word' id='word_1_30' title='bbox 1002 576 1309 645; x_wconf 82' lang='lat' dir='ltr'><strong>cupidinem</strong></span> <span class='ocrx_word' id='word_1_31' title='bbox 1387 576 1588 646; x_wconf 91' lang='lat' dir='ltr'><strong>ubique</strong></span> <span class='ocrx_word' id='word_1_32' title='bbox 1644 587 1956 647; x_wconf 91' lang='lat' dir='ltr'><strong>regnantem</strong></span> <span class='ocrx_word' id='word_1_33' title='bbox 2021 581 2333 650; x_wconf 86' lang='lat' dir='ltr'><strong>conspicio;</strong></span> 
     </span>
    </p>
   </div>
   <div class='ocr_carea' id='block_1_6' title="bbox 2430 574 4009 674">
    <p class='ocr_par' dir='ltr' id='par_1_6' title="bbox 2440 574 4009 674">
     <span class='ocr_line' id='line_1_6' title="bbox 2440 574 4009 674; baseline 0.015 -41"><span class='ocrx_word' id='word_1_34' title='bbox 2440 581 2572 635; x_wconf 89' lang='grc' dir='ltr'>λεῖν.</span> <span class='ocrx_word' id='word_1_35' title='bbox 2614 581 2946 653; x_wconf 81' lang='grc' dir='ltr'>Ἐπίσταμαι</span> <span class='ocrx_word' id='word_1_36' title='bbox 2986 585 3060 648; x_wconf 81' lang='grc' dir='ltr'><strong>ὡς</strong></span> <span class='ocrx_word' id='word_1_37' title='bbox 3107 588 3291 643; x_wconf 75' lang='grc' dir='ltr'>πολλοὶ</span> <span class='ocrx_word' id='word_1_38' title='bbox 3318 594 3587 648; x_wconf 86' lang='grc' dir='ltr'>τοιοῦτοι·</span> <span class='ocrx_word' id='word_1_39' title='bbox 3620 574 3731 653; x_wconf 44' lang='lat' dir='ltr'><strong>Qui</strong></span> <span class='ocrx_word' id='word_1_40' title='bbox 3774 574 3883 674; x_wconf 75' lang='grc' dir='ltr'><strong>γὰρ</strong></span> <span class='ocrx_word' id='word_1_41' title='bbox 3912 605 4009 657; x_wconf 76' lang='grc' dir='ltr'>διὰ</span> 
     </span>
    </p>
   </div>
   <div class='ocr_carea' id='block_1_7' title="bbox 766 663 2335 759">
    <p class='ocr_par' dir='ltr' id='par_1_7' title="bbox 766 663 2335 738">
     <span class='ocr_line' id='line_1_7' title="bbox 766 663 2335 738; baseline 0.004 -22"><span class='ocrx_word' id='word_1_42' title='bbox 766 663 908 720; x_wconf 90' lang='lat' dir='ltr'><strong>inter</strong></span> <span class='ocrx_word' id='word_1_43' title='bbox 966 667 1199 735; x_wconf 80' lang='lat' dir='ltr'><strong>majores</strong></span> <span class='ocrx_word' id='word_1_44' title='bbox 1260 673 1315 719; x_wconf 87' lang='lat' dir='ltr'><strong>et</strong></span> <span class='ocrx_word' id='word_1_45' title='bbox 1375 668 1613 721; x_wconf 78' lang='lat' dir='ltr'><strong>minores</strong></span> <span class='ocrx_word' id='word_1_46' title='bbox 1647 665 1880 730; x_wconf 69' lang='lat' dir='ltr'><strong>ldiliicile</strong></span> <span class='ocrx_word' id='word_1_47' title='bbox 1930 671 2191 738; x_wconf 87' lang='lat' dir='ltr'><strong>reperias,</strong></span> <span class='ocrx_word' id='word_1_48' title='bbox 2242 671 2335 738; x_wconf 86' lang='lat' dir='ltr'><strong>qui</strong></span> 
     </span>
    </p>
   </div>
   <div class='ocr_carea' id='block_1_8' title="bbox 2430 663 4006 759">
    <p class='ocr_par' dir='ltr' id='par_1_8' title="bbox 2440 663 4006 759">
     <span class='ocr_line' id='line_1_8' title="bbox 2440 663 4006 759; baseline 0.018 -38"><span class='ocrx_word' id='word_1_49' title='bbox 2440 670 2658 725; x_wconf 84' lang='grc' dir='ltr'>πάντων</span> <span class='ocrx_word' id='word_1_50' title='bbox 2712 672 2822 742; x_wconf 85' lang='grc' dir='ltr'><strong>ὁρῶ</strong></span> <span class='ocrx_word' id='word_1_51' title='bbox 2857 677 3166 749; x_wconf 84' lang='grc' dir='ltr'>κεχυμένην</span> <span class='ocrx_word' id='word_1_52' title='bbox 3219 680 3318 750; x_wconf 81' lang='grc' dir='ltr'>τὴν</span> <span class='ocrx_word' id='word_1_53' title='bbox 3344 684 3497 738; x_wconf 83' lang='grc' dir='ltr'>νόσον</span> <span class='ocrx_word' id='word_1_54' title='bbox 3535 686 3634 757; x_wconf 77' lang='grc' dir='ltr'>τῆς</span> <span class='ocrx_word' id='word_1_55' title='bbox 3667 663 4006 759; x_wconf 61' lang='grc' dir='ltr'>πλεονεξίας.</span> 
     </span>
    </p>
   </div>
   <div class='ocr_carea' id='block_1_9' title="bbox 765 756 2335 851">
    <p class='ocr_par' dir='ltr' id='par_1_9' title="bbox 765 756 2335 830">
     <span class='ocr_line' id='line_1_9' title="bbox 765 756 2335 830; baseline 0.004 -20"><span class='ocrx_word' id='word_1_56' title='bbox 765 756 924 811; x_wconf 80' lang='lat' dir='ltr'><strong>istam</strong></span> <span class='ocrx_word' id='word_1_57' title='bbox 979 758 1227 810; x_wconf 70' lang='lat' dir='ltr'><strong>relraanet</strong></span> <span class='ocrx_word' id='word_1_58' title='bbox 1274 757 1599 826; x_wconf 87' lang='lat' dir='ltr'><strong>cupidinem.</strong></span> <span class='ocrx_word' id='word_1_59' title='bbox 1651 757 2053 823; x_wconf 83' lang='lat' dir='ltr'><strong>Verumtamen,</strong></span> <span class='ocrx_word' id='word_1_60' title='bbox 2114 762 2160 816; x_wconf 94' lang='lat' dir='ltr'><strong>si</strong></span> <span class='ocrx_word' id='word_1_61' title='bbox 2205 763 2335 830; x_wconf 89' lang='lat' dir='ltr'><strong>quid</strong></span> 
     </span>
    </p>
   </div>
   <div class='ocr_carea' id='block_1_10' title="bbox 2430 756 4007 851">
    <p class='ocr_par' dir='ltr' id='par_1_10' title="bbox 2437 756 4007 851">
     <span class='ocr_line' id='line_1_10' title="bbox 2437 756 4007 851; baseline 0.018 -41"><span class='ocrx_word' id='word_1_62' title='bbox 2437 761 2531 812; x_wconf 77' lang='grc' dir='ltr'>καὶ</span> <span class='ocrx_word' id='word_1_63' title='bbox 2570 764 2795 815; x_wconf 85' lang='grc' dir='ltr'>σπάνιόν</span> <span class='ocrx_word' id='word_1_64' title='bbox 2840 764 2989 819; x_wconf 72' lang='grc' dir='ltr'>ἐστιν</span> <span class='ocrx_word' id='word_1_65' title='bbox 3027 768 3210 837; x_wconf 81' lang='grc' dir='ltr'><strong>εὑρεῖν</strong></span> <span class='ocrx_word' id='word_1_66' title='bbox 3243 773 3336 824; x_wconf 60' lang='grc' dir='ltr'><strong>καὶ¹</strong></span> <span class='ocrx_word' id='word_1_67' title='bbox 3366 773 3424 825; x_wconf 78' lang='grc' dir='ltr'>ἐν</span> <span class='ocrx_word' id='word_1_68' title='bbox 3454 756 3663 844; x_wconf 81' lang='grc' dir='ltr'>μείζοσι</span> <span class='ocrx_word' id='word_1_69' title='bbox 3690 756 4007 851; x_wconf 32' lang='grc' dir='ltr'>προσώ-ποις</span> 
     </span>
    </p>
   </div>
   <div class='ocr_carea' id='block_1_11' title="bbox 765 846 2335 941">
    <p class='ocr_par' dir='ltr' id='par_1_11' title="bbox 765 846 2335 919">
     <span class='ocr_line' id='line_1_11' title="bbox 765 846 2335 919; baseline 0.005 -21"><span class='ocrx_word' id='word_1_70' title='bbox 765 846 1067 901; x_wconf 75' lang='lat' dir='ltr'><strong>istiusmodi</strong></span> <span class='ocrx_word' id='word_1_71' title='bbox 1101 847 1361 909; x_wconf 90' lang='lat' dir='ltr'><strong>evenerit,</strong></span> <span class='ocrx_word' id='word_1_72' title='bbox 1419 857 1474 902; x_wconf 92' lang='lat' dir='ltr'><strong>tu</strong></span> <span class='ocrx_word' id='word_1_73' title='bbox 1515 864 1659 916; x_wconf 88' lang='lat' dir='ltr'><strong>eam,</strong></span> <span class='ocrx_word' id='word_1_74' title='bbox 1708 864 1829 919; x_wconf 84' lang='lat' dir='ltr'><strong>quae</strong></span> <span class='ocrx_word' id='word_1_75' title='bbox 1873 851 2139 905; x_wconf 85' lang='lat' dir='ltr'><strong>sacerdoti</strong></span> <span class='ocrx_word' id='word_1_76' title='bbox 2186 866 2335 906; x_wconf 89' lang='lat' dir='ltr'><strong>sum-</strong></span> 
     </span>
    </p>
   </div>
   <div class='ocr_carea' id='block_1_12' title="bbox 2430 846 3999 941">
    <p class='ocr_par' dir='ltr' id='par_1_12' title="bbox 2436 846 3999 941">
     <span class='ocr_line' id='line_1_12' title="bbox 2436 846 3999 941; baseline 0.013 -35"><span class='ocrx_word' id='word_1_77' title='bbox 2436 854 2531 907; x_wconf 79' lang='grc' dir='ltr'><strong>καὶ</strong></span> <span class='ocrx_word' id='word_1_78' title='bbox 2581 855 2640 906; x_wconf 77' lang='grc' dir='ltr'>ἐν</span> <span class='ocrx_word' id='word_1_79' title='bbox 2697 855 2944 910; x_wconf 80' lang='grc' dir='ltr'>ἐλάττοσι</span> <span class='ocrx_word' id='word_1_80' title='bbox 3000 858 3094 911; x_wconf 80' lang='grc' dir='ltr'>τὸν</span> <span class='ocrx_word' id='word_1_81' title='bbox 3122 860 3197 930; x_wconf 77' lang='grc' dir='ltr'>μὴ</span> <span class='ocrx_word' id='word_1_82' title='bbox 3244 869 3657 936; x_wconf 78' lang='grc' dir='ltr'><strong>κεκρατημένον</strong></span> <span class='ocrx_word' id='word_1_83' title='bbox 3689 846 3767 941; x_wconf 53' lang='lat' dir='ltr'><strong>vi}</strong></span> <span class='ocrx_word' id='word_1_84' title='bbox 3813 876 3999 929; x_wconf 83' lang='grc' dir='ltr'>πάθει.</span> 
     </span>
    </p>
   </div>
   <div class='ocr_carea' id='block_1_13' title="bbox 765 936 2335 1039">
    <p class='ocr_par' dir='ltr' id='par_1_13' title="bbox 765 936 2334 1009">
     <span class='ocr_line' id='line_1_13' title="bbox 765 936 2334 1009; baseline 0.006 -22"><span class='ocrx_word' id='word_1_85' title='bbox 765 950 854 987; x_wconf 86' lang='lat' dir='ltr'><strong>mo</strong></span> <span class='ocrx_word' id='word_1_86' title='bbox 911 938 1207 997; x_wconf 86' lang='lat' dir='ltr'><strong>convenit,</strong></span> <span class='ocrx_word' id='word_1_87' title='bbox 1255 936 1666 1007; x_wconf 76' lang='lat' dir='ltr'><strong>intelligentiam</strong></span> <span class='ocrx_word' id='word_1_88' title='bbox 1723 949 1777 993; x_wconf 90' lang='lat' dir='ltr'><strong>et</strong></span> <span class='ocrx_word' id='word_1_89' title='bbox 1827 942 2170 1009; x_wconf 84' lang='lat' dir='ltr'><strong>prudentiam</strong></span> <span class='ocrx_word' id='word_1_90' title='bbox 2238 943 2334 996; x_wconf 89' lang='lat' dir='ltr'><strong>ad-</strong></span> 
     </span>
    </p>
   </div>
   <div class='ocr_carea' id='block_1_14' title="bbox 2430 936 4002 1039">
    <p class='ocr_par' dir='ltr' id='par_1_14' title="bbox 2436 936 4002 1039">
     <span class='ocr_line' id='line_1_14' title="bbox 2436 936 4002 1039; baseline 0.015 -43"><span class='ocrx_word' id='word_1_91' title='bbox 2436 945 2602 1014; x_wconf 79' lang='grc' dir='ltr'>ΙΙλὴν,</span> <span class='ocrx_word' id='word_1_92' title='bbox 2634 945 2820 999; x_wconf 79' lang='grc' dir='ltr'>τέκνον</span> <span class='ocrx_word' id='word_1_93' title='bbox 2843 949 3022 1019; x_wconf 82' lang='grc' dir='ltr'>ήμῶν,</span> <span class='ocrx_word' id='word_1_94' title='bbox 3075 952 3296 1006; x_wconf 76' lang='grc' dir='ltr'>ἐπειδάν</span> <span class='ocrx_word' id='word_1_95' title='bbox 3339 971 3392 1007; x_wconf 89' lang='grc' dir='ltr'><strong>τι</strong></span> <span class='ocrx_word' id='word_1_96' title='bbox 3434 959 3679 1013; x_wconf 87' lang='grc' dir='ltr'>τοιοῦτον</span> <span class='ocrx_word' id='word_1_97' title='bbox 3720 936 4002 1039; x_wconf 70' lang='grc' dir='ltr'>ἀνακύψῃ,</span> 
     </span>
    </p>
   </div>
   <div class='ocr_carea' id='block_1_15' title="bbox 2432 1036 4000 1126">
    <p class='ocr_par' dir='ltr' id='par_1_15' title="bbox 2432 1036 4000 1126">
     <span class='ocr_line' id='line_1_15' title="bbox 2432 1036 4000 1126; baseline 0.011 -41"><span class='ocrx_word' id='word_1_98' title='bbox 2432 1038 2497 1103; x_wconf 84' lang='grc' dir='ltr'><strong>τῇ</strong></span> <span class='ocrx_word' id='word_1_99' title='bbox 2530 1036 2884 1110; x_wconf 81' lang='grc' dir='ltr'><strong>προσηκούσῃ</strong></span> <span class='ocrx_word' id='word_1_100' title='bbox 2931 1043 3144 1096; x_wconf 82' lang='grc' dir='ltr'>συνέσει</span> <span class='ocrx_word' id='word_1_101' title='bbox 3187 1045 3282 1098; x_wconf 80' lang='grc' dir='ltr'>καὶ</span> <span class='ocrx_word' id='word_1_102' title='bbox 3324 1047 3579 1121; x_wconf 77' lang='grc' dir='ltr'>εὐλαϐείᾳ</span> <span class='ocrx_word' id='word_1_103' title='bbox 3614 1055 3678 1122; x_wconf 83' lang='grc' dir='ltr'>τῇ</span> <span class='ocrx_word' id='word_1_104' title='bbox 3712 1057 3777 1125; x_wconf 77' lang='grc' dir='ltr'><strong>σῇ</strong></span> <span class='ocrx_word' id='word_1_105' title='bbox 3808 1036 4000 1126; x_wconf 63' lang='grc' dir='ltr'>ἀρχιεξ.</span> 
     </span>
    </p>
   </div>
   <div class='ocr_carea' id='block_1_16' title="bbox 766 1116 2332 1191">
    <p class='ocr_par' dir='ltr' id='par_1_16' title="bbox 766 1116 2332 1191">
     <span class='ocr_line' id='line_1_16' title="bbox 766 1116 2332 1191; baseline 0.008 -23"><span class='ocrx_word' id='word_1_106' title='bbox 766 1131 872 1170; x_wconf 89' lang='lat' dir='ltr'><strong>non</strong></span> <span class='ocrx_word' id='word_1_107' title='bbox 902 1117 1139 1170; x_wconf 92' lang='lat' dir='ltr'><strong>debitum</strong></span> <span class='ocrx_word' id='word_1_108' title='bbox 1178 1116 1277 1171; x_wconf 82' lang='lat' dir='ltr'><strong>tibi</strong></span> <span class='ocrx_word' id='word_1_109' title='bbox 1313 1118 1554 1173; x_wconf 87' lang='lat' dir='ltr'><strong>vindices</strong></span> <span class='ocrx_word' id='word_1_110' title='bbox 1587 1129 1640 1173; x_wconf 88' lang='lat' dir='ltr'><strong>et</strong></span> <span class='ocrx_word' id='word_1_111' title='bbox 1673 1120 1947 1191; x_wconf 77' lang='lat' dir='ltr'><strong>legitimos</strong></span> <span class='ocrx_word' id='word_1_112' title='bbox 1989 1124 2332 1191; x_wconf 87' lang='lat' dir='ltr'><strong>possidentes</strong></span> 
     </span>
    </p>
   </div>
   <div class='ocr_carea' id='block_1_17' title="bbox 765 1206 2329 1284">
    <p class='ocr_par' dir='ltr' id='par_1_17' title="bbox 765 1206 2329 1284">
     <span class='ocr_line' id='line_1_17' title="bbox 765 1206 2329 1284; baseline 0.007 -25"><span class='ocrx_word' id='word_1_113' title='bbox 765 1208 986 1276; x_wconf 85' lang='lat' dir='ltr'><strong>spolies.</strong></span> <span class='ocrx_word' id='word_1_114' title='bbox 1035 1206 1146 1260; x_wconf 90' lang='lat' dir='ltr'><strong>lmo</strong></span> <span class='ocrx_word' id='word_1_115' title='bbox 1182 1223 1275 1277; x_wconf 91' lang='lat' dir='ltr'><strong>per</strong></span> <span class='ocrx_word' id='word_1_116' title='bbox 1312 1208 1544 1276; x_wconf 81' lang='lat' dir='ltr'><strong>teipsum</strong></span> <span class='ocrx_word' id='word_1_117' title='bbox 1596 1211 1681 1265; x_wconf 90' lang='lat' dir='ltr'><strong>vel</strong></span> <span class='ocrx_word' id='word_1_118' title='bbox 1732 1226 1828 1279; x_wconf 89' lang='lat' dir='ltr'><strong>per</strong></span> <span class='ocrx_word' id='word_1_119' title='bbox 1880 1213 2046 1266; x_wconf 87' lang='lat' dir='ltr'><strong>alium</strong></span> <span class='ocrx_word' id='word_1_120' title='bbox 2100 1216 2329 1284; x_wconf 88' lang='lat' dir='ltr'><strong>probum</strong></span> 
     </span>
    </p>
   </div>
   <div class='ocr_carea' id='block_1_18' title="bbox 763 1297 2334 1369">
    <p class='ocr_par' dir='ltr' id='par_1_18' title="bbox 763 1297 2334 1369">
     <span class='ocr_line' id='line_1_18' title="bbox 763 1297 2334 1369; baseline 0.007 -19"><span class='ocrx_word' id='word_1_121' title='bbox 763 1297 964 1352; x_wconf 84' lang='lat' dir='ltr'><strong>astabis</strong></span> <span class='ocrx_word' id='word_1_122' title='bbox 1032 1298 1283 1369; x_wconf 71' lang='lat' dir='ltr'><strong>legitimis</strong></span> <span class='ocrx_word' id='word_1_123' title='bbox 1324 1298 1568 1353; x_wconf 90' lang='lat' dir='ltr'><strong>locorum</strong></span> <span class='ocrx_word' id='word_1_124' title='bbox 1614 1301 1913 1369; x_wconf 85' lang='lat' dir='ltr'><strong>judicibus,</strong></span> <span class='ocrx_word' id='word_1_125' title='bbox 1943 1313 1996 1357; x_wconf 92' lang='lat' dir='ltr'><strong>et</strong></span> <span class='ocrx_word' id='word_1_126' title='bbox 2025 1306 2241 1360; x_wconf 87' lang='lat' dir='ltr'><strong>curabis</strong></span> <span class='ocrx_word' id='word_1_127' title='bbox 2275 1315 2334 1361; x_wconf 93' lang='lat' dir='ltr'><strong>ut</strong></span> 
     </span>
    </p>
   </div>
   <div class='ocr_carea' id='block_1_19' title="bbox 761 1387 2331 1459">
    <p class='ocr_par' dir='ltr' id='par_1_19' title="bbox 761 1387 2331 1459">
     <span class='ocr_line' id='line_1_19' title="bbox 761 1387 2331 1459; baseline 0.006 -21"><span class='ocrx_word' id='word_1_128' title='bbox 761 1387 1002 1442; x_wconf 78' lang='lat' dir='ltr'><strong>damnati</strong></span> <span class='ocrx_word' id='word_1_129' title='bbox 1040 1388 1294 1442; x_wconf 89' lang='lat' dir='ltr'><strong>obediant</strong></span> <span class='ocrx_word' id='word_1_130' title='bbox 1328 1391 1610 1443; x_wconf 62' lang='lat' dir='ltr'><strong>sententia</strong></span> <span class='ocrx_word' id='word_1_131' title='bbox 1647 1389 1779 1456; x_wconf 87' lang='lat' dir='ltr'><strong>justi</strong></span> <span class='ocrx_word' id='word_1_132' title='bbox 1825 1391 2040 1459; x_wconf 89' lang='lat' dir='ltr'><strong>judicii.</strong></span> <span class='ocrx_word' id='word_1_133' title='bbox 2078 1393 2155 1447; x_wconf 91' lang='lat' dir='ltr'><strong>lta</strong></span> <span class='ocrx_word' id='word_1_134' title='bbox 2186 1395 2244 1447; x_wconf 86' lang='lat' dir='ltr'><strong>lit</strong></span> <span class='ocrx_word' id='word_1_135' title='bbox 2273 1403 2331 1447; x_wconf 93' lang='lat' dir='ltr'><strong>ut</strong></span> 
     </span>
    </p>
   </div>
   <div class='ocr_carea' id='block_1_20' title="bbox 764 1476 2330 1546">
    <p class='ocr_par' dir='ltr' id='par_1_20' title="bbox 764 1476 2330 1546">
     <span class='ocr_line' id='line_1_20' title="bbox 764 1476 2330 1546; baseline 0.008 -18"><span class='ocrx_word' id='word_1_136' title='bbox 764 1476 965 1545; x_wconf 86' lang='lat' dir='ltr'><strong>injuste</strong></span> <span class='ocrx_word' id='word_1_137' title='bbox 1013 1477 1505 1546; x_wconf 81' lang='lat' dir='ltr'><strong>pos,sidentes,suo</strong></span> <span class='ocrx_word' id='word_1_138' title='bbox 1556 1482 1731 1534; x_wconf 87' lang='lat' dir='ltr'><strong>orbati</strong></span> <span class='ocrx_word' id='word_1_139' title='bbox 1784 1480 2013 1545; x_wconf 77' lang='lat' dir='ltr'><strong>foenore,</strong></span> <span class='ocrx_word' id='word_1_140' title='bbox 2065 1484 2330 1540; x_wconf 76' lang='lat' dir='ltr'><strong>adversus</strong></span> 
     </span>
    </p>
   </div>
   <div class='ocr_carea' id='block_1_21' title="bbox 767 1558 2332 1640">
    <p class='ocr_par' dir='ltr' id='par_1_21' title="bbox 767 1558 2332 1640">
     <span class='ocr_line' id='line_1_21' title="bbox 767 1558 2332 1640; baseline 0.007 -24"><span class='ocrx_word' id='word_1_141' title='bbox 767 1575 819 1616; x_wconf 90' lang='lat' dir='ltr'><strong>te</strong></span> <span class='ocrx_word' id='word_1_142' title='bbox 855 1565 1052 1618; x_wconf 88' lang='lat' dir='ltr'><strong>latrare</strong></span> <span class='ocrx_word' id='word_1_143' title='bbox 1090 1580 1198 1619; x_wconf 91' lang='lat' dir='ltr'><strong>non</strong></span> <span class='ocrx_word' id='word_1_144' title='bbox 1232 1566 1463 1634; x_wconf 86' lang='lat' dir='ltr'><strong>possint,</strong></span> <span class='ocrx_word' id='word_1_145' title='bbox 1498 1576 1554 1621; x_wconf 90' lang='lat' dir='ltr'><strong>et</strong></span> <span class='ocrx_word' id='word_1_146' title='bbox 1581 1558 1766 1633; x_wconf 59' lang='lat' dir='ltr'><strong>&#39;nemo,</strong></span> <span class='ocrx_word' id='word_1_147' title='bbox 1807 1585 1926 1638; x_wconf 65' lang='lat' dir='ltr'><strong>quae</strong></span> <span class='ocrx_word' id='word_1_148' title='bbox 1967 1570 2180 1640; x_wconf 92' lang='lat' dir='ltr'><strong>justitia</strong></span> <span class='ocrx_word' id='word_1_149' title='bbox 2213 1576 2332 1628; x_wconf 83' lang='lat' dir='ltr'><strong>lue-</strong></span> 
     </span>
    </p>
   </div>
   <div class='ocr_carea' id='block_1_22' title="bbox 765 1656 2331 1735">
    <p class='ocr_par' dir='ltr' id='par_1_22' title="bbox 765 1656 2331 1735">
     <span class='ocr_line' id='line_1_22' title="bbox 765 1656 2331 1735; baseline 0.008 -28"><span class='ocrx_word' id='word_1_150' title='bbox 765 1658 873 1708; x_wconf 91' lang='lat' dir='ltr'><strong>rint</strong></span> <span class='ocrx_word' id='word_1_151' title='bbox 902 1656 1144 1722; x_wconf 89' lang='lat' dir='ltr'><strong>decreta,</strong></span> <span class='ocrx_word' id='word_1_152' title='bbox 1180 1657 1275 1710; x_wconf 90' lang='lat' dir='ltr'><strong>tibi</strong></span> <span class='ocrx_word' id='word_1_153' title='bbox 1329 1658 1505 1726; x_wconf 88' lang='lat' dir='ltr'><strong>palam</strong></span> <span class='ocrx_word' id='word_1_154' title='bbox 1542 1660 1672 1713; x_wconf 88' lang='lat' dir='ltr'><strong>vitio</strong></span> <span class='ocrx_word' id='word_1_155' title='bbox 1700 1670 1894 1715; x_wconf 81' lang='lat' dir='ltr'><strong>vertat.</strong></span> <span class='ocrx_word' id='word_1_156' title='bbox 1931 1662 2057 1719; x_wconf 65' lang='lat' dir='ltr'><strong>Haec</strong></span> <span class='ocrx_word' id='word_1_157' title='bbox 2096 1665 2331 1735; x_wconf 82' lang='lat' dir='ltr'><strong>jampri-</strong></span> 
     </span>
    </p>
   </div>
   <div class='ocr_carea' id='block_1_23' title="bbox 761 1746 2328 1808">
    <p class='ocr_par' dir='ltr' id='par_1_23' title="bbox 761 1746 2328 1808">
     <span class='ocr_line' id='line_1_23' title="bbox 761 1746 2328 1808; baseline 0.007 -11"><span class='ocrx_word' id='word_1_158' title='bbox 761 1746 883 1798; x_wconf 89' lang='lat' dir='ltr'><strong>dem</strong></span> <span class='ocrx_word' id='word_1_159' title='bbox 906 1746 1001 1799; x_wconf 90' lang='lat' dir='ltr'><strong>tibi</strong></span> <span class='ocrx_word' id='word_1_160' title='bbox 1022 1748 1390 1800; x_wconf 86' lang='lat' dir='ltr'><strong>commendata</strong></span> <span class='ocrx_word' id='word_1_161' title='bbox 1428 1762 1549 1801; x_wconf 91' lang='lat' dir='ltr'><strong>cum</strong></span> <span class='ocrx_word' id='word_1_162' title='bbox 1588 1749 2067 1806; x_wconf 86' lang='lat' dir='ltr'><strong>vehementissimo</strong></span> <span class='ocrx_word' id='word_1_163' title='bbox 2091 1755 2328 1808; x_wconf 89' lang='lat' dir='ltr'><strong>rescribo</strong></span> 
     </span>
    </p>
   </div>
   <div class='ocr_carea' id='block_1_24' title="bbox 770 1836 2601 1932">
    <p class='ocr_par' dir='ltr' id='par_1_24' title="bbox 770 1836 2601 1932">
     <span class='ocr_line' id='line_1_24' title="bbox 770 1836 2601 1932; baseline 0.008 -43"><span class='ocrx_word' id='word_1_164' title='bbox 770 1836 987 1901; x_wconf 91' lang='lat' dir='ltr'><strong>dolore;</strong></span> <span class='ocrx_word' id='word_1_165' title='bbox 1048 1836 1192 1906; x_wconf 85' lang='lat' dir='ltr'><strong>quod</strong></span> <span class='ocrx_word' id='word_1_166' title='bbox 1228 1839 1293 1932; x_wconf 35' lang='lat' dir='ltr'><strong>lsi</strong></span> <span class='ocrx_word' id='word_1_167' title='bbox 1350 1837 1418 1891; x_wconf 92' lang='lat' dir='ltr'><strong>de</strong></span> <span class='ocrx_word' id='word_1_168' title='bbox 1443 1839 1655 1893; x_wconf 89' lang='lat' dir='ltr'><strong>dolente</strong></span> <span class='ocrx_word' id='word_1_169' title='bbox 1676 1850 1765 1893; x_wconf 91' lang='lat' dir='ltr'><strong>tuo</strong></span> <span class='ocrx_word' id='word_1_170' title='bbox 1813 1842 1941 1907; x_wconf 88' lang='lat' dir='ltr'><strong>quid</strong></span> <span class='ocrx_word' id='word_1_171' title='bbox 1966 1857 2122 1897; x_wconf 85' lang='lat' dir='ltr'><strong>curas</strong></span> <span class='ocrx_word' id='word_1_172' title='bbox 2154 1852 2327 1911; x_wconf 87' lang='lat' dir='ltr'><strong>patre,</strong></span> <span class='ocrx_word' id='word_1_173' title='bbox 2360 1877 2404 1932; x_wconf 72' lang='grc' dir='ltr'>Β</span> <span class='ocrx_word' id='word_1_174' title='bbox 2435 1866 2601 1918; x_wconf 86' lang='grc' dir='ltr'>ματος</span> 
     </span>
    </p>
   </div>
   <div class='ocr_carea' id='block_1_25' title="bbox 764 1925 2335 2023">
    <p class='ocr_par' dir='ltr' id='par_1_25' title="bbox 764 1925 2335 1994">
     <span class='ocr_line' id='line_1_25' title="bbox 764 1925 2335 1994; baseline 0.005 -16"><span class='ocrx_word' id='word_1_175' title='bbox 764 1942 873 1979; x_wconf 88' lang='lat' dir='ltr'><strong>non</strong></span> <span class='ocrx_word' id='word_1_176' title='bbox 907 1934 1093 1994; x_wconf 87' lang='lat' dir='ltr'><strong>postea</strong></span> <span class='ocrx_word' id='word_1_177' title='bbox 1120 1926 1173 1979; x_wconf 92' lang='lat' dir='ltr'><strong>in</strong></span> <span class='ocrx_word' id='word_1_178' title='bbox 1211 1925 1405 1980; x_wconf 89' lang='lat' dir='ltr'><strong>duram</strong></span> <span class='ocrx_word' id='word_1_179' title='bbox 1439 1943 1535 1982; x_wconf 87' lang='lat' dir='ltr'><strong>nos</strong></span> <span class='ocrx_word' id='word_1_180' title='bbox 1560 1930 2015 1985; x_wconf 85' lang='lat' dir='ltr'><strong>necessitudinem</strong></span> <span class='ocrx_word' id='word_1_181' title='bbox 2065 1932 2191 1985; x_wconf 88' lang='lat' dir='ltr'><strong>talia</strong></span> <span class='ocrx_word' id='word_1_182' title='bbox 2238 1934 2335 1987; x_wconf 89' lang='lat' dir='ltr'><strong>tibi</strong></span> 
     </span>
    </p>
   </div>
   <div class='ocr_carea' id='block_1_26' title="bbox 2430 1925 3239 2023">
    <p class='ocr_par' dir='ltr' id='par_1_26' title="bbox 2434 1945 3239 2023">
     <span class='ocr_line' id='line_1_26' title="bbox 2434 1945 3239 2023; baseline 0.025 -36"><span class='ocrx_word' id='word_1_183' title='bbox 2434 1945 2846 2013; x_wconf 71' lang='grc' dir='ltr'><strong>περιγινόμενον</strong></span> <span class='ocrx_word' id='word_1_184' title='bbox 2914 1950 3063 2019; x_wconf 89' lang='grc' dir='ltr'><strong>παρά</strong></span> <span class='ocrx_word' id='word_1_185' title='bbox 3137 1953 3239 2023; x_wconf 86' lang='grc' dir='ltr'>τῆς</span> 
     </span>
    </p>
   </div>
   <div class='ocr_carea' id='block_1_27' title="bbox 762 2013 2339 2085">
    <p class='ocr_par' dir='ltr' id='par_1_27' title="bbox 762 2013 2339 2085">
     <span class='ocr_line' id='line_1_27' title="bbox 762 2013 2339 2085; baseline 0.007 -18"><span class='ocrx_word' id='word_1_186' title='bbox 762 2013 1041 2070; x_wconf 85' lang='lat' dir='ltr'><strong>scribendi</strong></span> <span class='ocrx_word' id='word_1_187' title='bbox 1075 2015 1358 2085; x_wconf 87' lang='lat' dir='ltr'><strong>conjicias.</strong></span> <span class='ocrx_word' id='word_1_188' title='bbox 1396 2015 1469 2069; x_wconf 91' lang='lat' dir='ltr'><strong>Te</strong></span> <span class='ocrx_word' id='word_1_189' title='bbox 1518 2019 1783 2072; x_wconf 86' lang='lat' dir='ltr'><strong>valentem</strong></span> <span class='ocrx_word' id='word_1_190' title='bbox 1828 2028 1882 2074; x_wconf 89' lang='lat' dir='ltr'><strong>et</strong></span> <span class='ocrx_word' id='word_1_191' title='bbox 1928 2021 2029 2075; x_wconf 90' lang='lat' dir='ltr'><strong>sibi</strong></span> <span class='ocrx_word' id='word_1_192' title='bbox 2072 2023 2123 2075; x_wconf 90' lang='lat' dir='ltr'><strong>in</strong></span> <span class='ocrx_word' id='word_1_193' title='bbox 2157 2025 2339 2078; x_wconf 88' lang='lat' dir='ltr'><strong>omni-</strong></span> 
     </span>
    </p>
   </div>
   <div class='ocr_carea' id='block_1_28' title="bbox 771 2106 2333 2175">
    <p class='ocr_par' dir='ltr' id='par_1_28' title="bbox 771 2106 2333 2175">
     <span class='ocr_line' id='line_1_28' title="bbox 771 2106 2333 2175; baseline 0.006 -17"><span class='ocrx_word' id='word_1_194' title='bbox 771 2109 872 2160; x_wconf 88' lang='lat' dir='ltr'><strong>bus</strong></span> <span class='ocrx_word' id='word_1_195' title='bbox 922 2106 1307 2175; x_wconf 90' lang='lat' dir='ltr'><strong>obsequiosum</strong></span> <span class='ocrx_word' id='word_1_196' title='bbox 1366 2108 1640 2163; x_wconf 89' lang='lat' dir='ltr'><strong>custodiat</strong></span> <span class='ocrx_word' id='word_1_197' title='bbox 1694 2110 1975 2165; x_wconf 87' lang='lat' dir='ltr'><strong>Dominus.</strong></span> <span class='ocrx_word' id='word_1_198' title='bbox 2048 2112 2333 2168; x_wconf 85' lang='lat' dir='ltr'><strong>Humilita-</strong></span> 
     </span>
    </p>
   </div>
   <div class='ocr_carea' id='block_1_29' title="bbox 763 2196 2333 2272">
    <p class='ocr_par' dir='ltr' id='par_1_29' title="bbox 763 2196 2333 2272">
     <span class='ocr_line' id='line_1_29' title="bbox 763 2196 2333 2272; baseline 0.011 -27"><span class='ocrx_word' id='word_1_199' title='bbox 763 2196 834 2247; x_wconf 82' lang='lat' dir='ltr'><strong>tis</strong></span> <span class='ocrx_word' id='word_1_200' title='bbox 863 2203 1044 2249; x_wconf 88' lang='lat' dir='ltr'><strong>autem</strong></span> <span class='ocrx_word' id='word_1_201' title='bbox 1080 2207 1276 2251; x_wconf 61' lang='grc' dir='ltr'>νοείτω</span> <span class='ocrx_word' id='word_1_202' title='bbox 1304 2212 1581 2266; x_wconf 86' lang='lat' dir='ltr'><strong>nunquam</strong></span> <span class='ocrx_word' id='word_1_203' title='bbox 1638 2215 1741 2254; x_wconf 88' lang='lat' dir='ltr'><strong>non</strong></span> <span class='ocrx_word' id='word_1_204' title='bbox 1794 2202 1846 2255; x_wconf 89' lang='lat' dir='ltr'><strong>in</strong></span> <span class='ocrx_word' id='word_1_205' title='bbox 1906 2204 2157 2272; x_wconf 85' lang='lat' dir='ltr'><strong>precibus</strong></span> <span class='ocrx_word' id='word_1_206' title='bbox 2222 2207 2333 2262; x_wconf 91' lang='lat' dir='ltr'><strong>tuis</strong></span> 
     </span>
    </p>
   </div>
   <div class='ocr_carea' id='block_1_30' title="bbox 762 2298 1136 2342">
    <p class='ocr_par' dir='ltr' id='par_1_30' title="bbox 762 2298 1136 2342">
     <span class='ocr_line' id='line_1_30' title="bbox 762 2298 1136 2342; baseline 0.016 -6"><span class='ocrx_word' id='word_1_207' title='bbox 762 2298 972 2340; x_wconf 89' lang='lat' dir='ltr'><strong>memor</strong></span> <span class='ocrx_word' id='word_1_208' title='bbox 1000 2299 1136 2342; x_wconf 76' lang='lat' dir='ltr'><strong>CSIO.</strong></span> 
     </span>
    </p>
   </div>
   <div class='ocr_carea' id='block_1_31' title="bbox 2435 1128 4000 1216">
    <p class='ocr_par' dir='ltr' id='par_1_31' title="bbox 2435 1128 4000 1216">
     <span class='ocr_line' id='line_1_31' title="bbox 2435 1128 4000 1216; baseline 0.017 -40"><span class='ocrx_word' id='word_1_209' title='bbox 2435 1128 2649 1198; x_wconf 79' lang='grc' dir='ltr'>ρωσύνῃ</span> <span class='ocrx_word' id='word_1_210' title='bbox 2681 1130 2989 1199; x_wconf 81' lang='grc' dir='ltr'><strong>προσφέρου</strong></span> <span class='ocrx_word' id='word_1_211' title='bbox 3011 1136 3124 1196; x_wconf 88' lang='grc' dir='ltr'>τοῖς</span> <span class='ocrx_word' id='word_1_212' title='bbox 3152 1137 3354 1191; x_wconf 88' lang='grc' dir='ltr'>διατιθε</span> <span class='ocrx_word' id='word_1_213' title='bbox 3365 1142 3567 1207; x_wconf 87' lang='grc' dir='ltr'>μένοις,</span> <span class='ocrx_word' id='word_1_214' title='bbox 3591 1151 3686 1198; x_wconf 74' lang='grc' dir='ltr'>καὶ</span> <span class='ocrx_word' id='word_1_215' title='bbox 3720 1147 3794 1216; x_wconf 79' lang='grc' dir='ltr'>μὴ</span> <span class='ocrx_word' id='word_1_216' title='bbox 3833 1161 4000 1200; x_wconf 80' lang='grc' dir='ltr'>σεαυ-</span> 
     </span>
    </p>
   </div>
   <div class='ocr_carea' id='block_1_32' title="bbox 2431 1216 3999 1311">
    <p class='ocr_par' dir='ltr' id='par_1_32' title="bbox 2431 1216 3999 1311">
     <span class='ocr_line' id='line_1_32' title="bbox 2431 1216 3999 1311; baseline 0.017 -44"><span class='ocrx_word' id='word_1_217' title='bbox 2431 1216 2523 1269; x_wconf 82' lang='grc' dir='ltr'>τὸν</span> <span class='ocrx_word' id='word_1_218' title='bbox 2550 1218 2807 1297; x_wconf 74' lang='grc' dir='ltr'>ἐκδικεῖν,</span> <span class='ocrx_word' id='word_1_219' title='bbox 2834 1221 2967 1291; x_wconf 83' lang='grc' dir='ltr'>μηδὲ</span> <span class='ocrx_word' id='word_1_220' title='bbox 2997 1223 3073 1287; x_wconf 86' lang='grc' dir='ltr'><strong>ὡς</strong></span> <span class='ocrx_word' id='word_1_221' title='bbox 3103 1225 3162 1289; x_wconf 74' lang='grc' dir='ltr'><strong>ἐξ</strong></span> <span class='ocrx_word' id='word_1_222' title='bbox 3190 1229 3489 1301; x_wconf 84' lang='grc' dir='ltr'><strong>αὐτονόμου</strong></span> <span class='ocrx_word' id='word_1_223' title='bbox 3517 1234 3765 1298; x_wconf 76' lang='grc' dir='ltr'>ἐξουσίας</span> <span class='ocrx_word' id='word_1_224' title='bbox 3784 1241 3999 1311; x_wconf 82' lang='grc' dir='ltr'>σεαυτῷ</span> 
     </span>
    </p>
   </div>
   <div class='ocr_carea' id='block_1_33' title="bbox 2431 1314 4001 1399">
    <p class='ocr_par' dir='ltr' id='par_1_33' title="bbox 2431 1314 4001 1399">
     <span class='ocr_line' id='line_1_33' title="bbox 2431 1314 4001 1399; baseline 0.016 -40"><span class='ocrx_word' id='word_1_225' title='bbox 2431 1325 2483 1361; x_wconf 85' lang='grc' dir='ltr'><strong>τι</strong></span> <span class='ocrx_word' id='word_1_226' title='bbox 2519 1314 2948 1380; x_wconf 81' lang='grc' dir='ltr'><strong>περιποιεῖσθαι,</strong></span> <span class='ocrx_word' id='word_1_227' title='bbox 2997 1319 3090 1371; x_wconf 78' lang='grc' dir='ltr'>καὶ</span> <span class='ocrx_word' id='word_1_228' title='bbox 3131 1319 3456 1391; x_wconf 80' lang='grc' dir='ltr'>ἀποστερεῖν</span> <span class='ocrx_word' id='word_1_229' title='bbox 3490 1326 3619 1390; x_wconf 85' lang='grc' dir='ltr'>τοὺς</span> <span class='ocrx_word' id='word_1_230' title='bbox 3667 1330 4001 1399; x_wconf 83' lang='grc' dir='ltr'><strong>κατέχοντας</strong></span> 
     </span>
    </p>
   </div>
   <div class='ocr_carea' id='block_1_34' title="bbox 2430 1397 4001 1480">
    <p class='ocr_par' dir='ltr' id='par_1_34' title="bbox 2430 1397 4001 1480">
     <span class='ocr_line' id='line_1_34' title="bbox 2430 1397 4001 1480; baseline 0.015 -33"><span class='ocrx_word' id='word_1_231' title='bbox 2430 1398 2491 1449; x_wconf 82' lang='grc' dir='ltr'><strong>τὸ</strong></span> <span class='ocrx_word' id='word_1_232' title='bbox 2518 1397 2851 1469; x_wconf 76' lang='grc' dir='ltr'>ζητούμενον</span> <span class='ocrx_word' id='word_1_233' title='bbox 2872 1420 2885 1435; x_wconf 75' lang='grc' dir='ltr'><strong><em>ο</em></strong></span> <span class='ocrx_word' id='word_1_234' title='bbox 2911 1406 3030 1459; x_wconf 85' lang='grc' dir='ltr'>ἀλλ’</span> <span class='ocrx_word' id='word_1_235' title='bbox 3058 1410 3166 1461; x_wconf 88' lang='grc' dir='ltr'>είτε</span> <span class='ocrx_word' id='word_1_236' title='bbox 3224 1411 3312 1463; x_wconf 79' lang='grc' dir='ltr'><strong>διὰ</strong></span> <span class='ocrx_word' id='word_1_237' title='bbox 3349 1416 3603 1480; x_wconf 81' lang='grc' dir='ltr'>σεαυτοῦ,</span> <span class='ocrx_word' id='word_1_238' title='bbox 3644 1420 3753 1472; x_wconf 86' lang='grc' dir='ltr'>είτε</span> <span class='ocrx_word' id='word_1_239' title='bbox 3882 1419 4001 1471; x_wconf 75' lang='grc' dir='ltr'>ἑτέ-</span> 
     </span>
    </p>
   </div>
   <div class='ocr_carea' id='block_1_35' title="bbox 2435 1491 4001 1569">
    <p class='ocr_par' dir='ltr' id='par_1_35' title="bbox 2435 1491 4001 1569">
     <span class='ocr_line' id='line_1_35' title="bbox 2435 1491 4001 1569; baseline 0.019 -32"><span class='ocrx_word' id='word_1_240' title='bbox 2435 1503 2527 1557; x_wconf 86' lang='grc' dir='ltr'><strong>ρου</strong></span> <span class='ocrx_word' id='word_1_241' title='bbox 2554 1491 2661 1541; x_wconf 86' lang='grc' dir='ltr'>τῶν</span> <span class='ocrx_word' id='word_1_242' title='bbox 2694 1494 3018 1562; x_wconf 75' lang='grc' dir='ltr'>ἐπιτηδείων</span> <span class='ocrx_word' id='word_1_243' title='bbox 3049 1502 3334 1569; x_wconf 84' lang='grc' dir='ltr'>προσιέναι</span> <span class='ocrx_word' id='word_1_244' title='bbox 3361 1508 3473 1567; x_wconf 90' lang='grc' dir='ltr'>τοῖς</span> <span class='ocrx_word' id='word_1_245' title='bbox 3494 1509 3633 1560; x_wconf 84' lang='grc' dir='ltr'><strong>κατά</strong></span> <span class='ocrx_word' id='word_1_246' title='bbox 3658 1510 3820 1562; x_wconf 89' lang='grc' dir='ltr'>τόπον</span> <span class='ocrx_word' id='word_1_247' title='bbox 3845 1513 4001 1566; x_wconf 82' lang='grc' dir='ltr'>δικά-</span> 
     </span>
    </p>
   </div>
   <div class='ocr_carea' id='block_1_36' title="bbox 2432 1579 3997 1669">
    <p class='ocr_par' dir='ltr' id='par_1_36' title="bbox 2432 1579 3997 1669">
     <span class='ocr_line' id='line_1_36' title="bbox 2432 1579 3997 1669; baseline 0.017 -41"><span class='ocrx_word' id='word_1_248' title='bbox 2432 1579 2547 1641; x_wconf 80' lang='grc' dir='ltr'>ζειν</span> <span class='ocrx_word' id='word_1_249' title='bbox 2583 1580 2830 1650; x_wconf 82' lang='grc' dir='ltr'>λαχοῦσι,</span> <span class='ocrx_word' id='word_1_250' title='bbox 2863 1587 2958 1638; x_wconf 74' lang='grc' dir='ltr'><strong>καὶ</strong></span> <span class='ocrx_word' id='word_1_251' title='bbox 2984 1586 3058 1657; x_wconf 84' lang='grc' dir='ltr'>τῷ</span> <span class='ocrx_word' id='word_1_252' title='bbox 3096 1591 3454 1666; x_wconf 76' lang='grc' dir='ltr'><strong>ψηφιζομένῳ</strong></span> <span class='ocrx_word' id='word_1_253' title='bbox 3481 1600 3631 1669; x_wconf 77' lang='grc' dir='ltr'>παρὰ</span> <span class='ocrx_word' id='word_1_254' title='bbox 3660 1600 3756 1669; x_wconf 83' lang='grc' dir='ltr'><strong>τῆς</strong></span> <span class='ocrx_word' id='word_1_255' title='bbox 3781 1600 3997 1664; x_wconf 75' lang='grc' dir='ltr'>δικαίας</span> 
     </span>
    </p>
   </div>
   <div class='ocr_carea' id='block_1_37' title="bbox 2432 1671 3997 1749">
    <p class='ocr_par' dir='ltr' id='par_1_37' title="bbox 2432 1671 3997 1749">
     <span class='ocr_line' id='line_1_37' title="bbox 2432 1671 3997 1749; baseline 0.015 -27"><span class='ocrx_word' id='word_1_256' title='bbox 2432 1671 2665 1738; x_wconf 80' lang='grc' dir='ltr'>κρίσεως</span> <span class='ocrx_word' id='word_1_257' title='bbox 2688 1675 2986 1746; x_wconf 79' lang='grc' dir='ltr'>ἀγαπητῶς</span> <span class='ocrx_word' id='word_1_258' title='bbox 3007 1680 3289 1749; x_wconf 79' lang='grc' dir='ltr'>ἐμμένειν,</span> <span class='ocrx_word' id='word_1_259' title='bbox 3320 1672 3406 1737; x_wconf 81' lang='grc' dir='ltr'>ἵνα</span> <span class='ocrx_word' id='word_1_260' title='bbox 3451 1689 3543 1739; x_wconf 82' lang='grc' dir='ltr'><strong>τοῦ</strong></span> <span class='ocrx_word' id='word_1_261' title='bbox 3576 1692 3669 1744; x_wconf 77' lang='grc' dir='ltr'>καὶ</span> <span class='ocrx_word' id='word_1_262' title='bbox 3701 1694 3749 1745; x_wconf 85' lang='grc' dir='ltr'>οἱ</span> <span class='ocrx_word' id='word_1_263' title='bbox 3778 1692 3997 1745; x_wconf 88' lang='grc' dir='ltr'>πλεονε-</span> 
     </span>
    </p>
   </div>
   <div class='ocr_carea' id='block_1_38' title="bbox 2431 1760 3997 1854">
    <p class='ocr_par' dir='ltr' id='par_1_38' title="bbox 2431 1760 3997 1854">
     <span class='ocr_line' id='line_1_38' title="bbox 2431 1760 3997 1854; baseline 0.018 -45"><span class='ocrx_word' id='word_1_264' title='bbox 2431 1760 2635 1823; x_wconf 83' lang='grc' dir='ltr'>κτικῶς</span> <span class='ocrx_word' id='word_1_265' title='bbox 2656 1780 2707 1815; x_wconf 93' lang='grc' dir='ltr'><strong>τι</strong></span> <span class='ocrx_word' id='word_1_266' title='bbox 2762 1770 3085 1837; x_wconf 85' lang='grc' dir='ltr'>κατέχοντες</span> <span class='ocrx_word' id='word_1_267' title='bbox 3120 1774 3512 1844; x_wconf 78' lang='grc' dir='ltr'>ἀφαιρούμενοι</span> <span class='ocrx_word' id='word_1_268' title='bbox 3543 1780 3636 1831; x_wconf 88' lang='grc' dir='ltr'><strong>τοῦ</strong></span> <span class='ocrx_word' id='word_1_269' title='bbox 3668 1783 3997 1854; x_wconf 78' lang='grc' dir='ltr'>πλεονεκτή·</span> 
     </span>
    </p>
   </div>
   <div class='ocr_carea' id='block_1_39' title="bbox 2660 1853 3999 1935">
    <p class='ocr_par' dir='ltr' id='par_1_39' title="bbox 2660 1853 3999 1935">
     <span class='ocr_line' id='line_1_39' title="bbox 2660 1853 3999 1935; baseline 0.009 -29"><span class='ocrx_word' id='word_1_270' title='bbox 2660 1853 2734 1922; x_wconf 78' lang='grc' dir='ltr'>μὴ</span> <span class='ocrx_word' id='word_1_271' title='bbox 2796 1854 2971 1925; x_wconf 72' lang='grc' dir='ltr'>ἔχοιεν</span> <span class='ocrx_word' id='word_1_272' title='bbox 3012 1862 3155 1914; x_wconf 84' lang='grc' dir='ltr'><strong>κατά</strong></span> <span class='ocrx_word' id='word_1_273' title='bbox 3206 1865 3300 1917; x_wconf 83' lang='grc' dir='ltr'><strong>σοῦ</strong></span> <span class='ocrx_word' id='word_1_274' title='bbox 3344 1869 3655 1935; x_wconf 76' lang='grc' dir='ltr'>γογγύζειν,</span> <span class='ocrx_word' id='word_1_275' title='bbox 3705 1873 3797 1924; x_wconf 76' lang='grc' dir='ltr'>καὶ</span> <span class='ocrx_word' id='word_1_276' title='bbox 3828 1874 3912 1923; x_wconf 74' lang='grc' dir='ltr'><strong>σοὶ</strong></span> <span class='ocrx_word' id='word_1_277' title='bbox 3935 1874 3999 1923; x_wconf 71' lang='grc' dir='ltr'><strong>τὸ</strong></span> 
     </span>
    </p>
   </div>
   <div class='ocr_carea' id='block_1_40' title="bbox 3309 1956 3998 2033">
    <p class='ocr_par' dir='ltr' id='par_1_40' title="bbox 3309 1956 3998 2033">
     <span class='ocr_line' id='line_1_40' title="bbox 3309 1956 3998 2033; baseline 0.007 -25"><span class='ocrx_word' id='word_1_278' title='bbox 3309 1956 3657 2031; x_wconf 82' lang='grc' dir='ltr'>δικαιοσύνης</span> <span class='ocrx_word' id='word_1_279' title='bbox 3725 1964 3998 2033; x_wconf 79' lang='grc' dir='ltr'>μηδεμέαν</span> 
     </span>
    </p>
   </div>
   <div class='ocr_carea' id='block_1_41' title="bbox 2435 2030 4000 2121">
    <p class='ocr_par' dir='ltr' id='par_1_41' title="bbox 2435 2030 4000 2121">
     <span class='ocr_line' id='line_1_41' title="bbox 2435 2030 4000 2121; baseline 0.017 -40"><span class='ocrx_word' id='word_1_280' title='bbox 2435 2030 2669 2104; x_wconf 75' lang='grc' dir='ltr'>ἐπιφέρῃ</span> <span class='ocrx_word' id='word_1_281' title='bbox 2698 2034 2927 2105; x_wconf 77' lang='grc' dir='ltr'>μέμψιν,</span> <span class='ocrx_word' id='word_1_282' title='bbox 2957 2041 3080 2109; x_wconf 78' lang='grc' dir='ltr'>μηδ’</span> <span class='ocrx_word' id='word_1_283' title='bbox 3120 2044 3222 2098; x_wconf 84' lang='grc' dir='ltr'>ὑπό</span> <span class='ocrx_word' id='word_1_284' title='bbox 3247 2063 3391 2109; x_wconf 89' lang='grc' dir='ltr'>τινος</span> <span class='ocrx_word' id='word_1_285' title='bbox 3425 2030 4000 2121; x_wconf 38' lang='grc' dir='ltr'>καταὸόησινίταῦτά</span> 
     </span>
    </p>
   </div>
   <div class='ocr_carea' id='block_1_42' title="bbox 2436 2126 3995 2215">
    <p class='ocr_par' dir='ltr' id='par_1_42' title="bbox 2436 2126 3995 2215">
     <span class='ocr_line' id='line_1_42' title="bbox 2436 2126 3995 2215; baseline 0.017 -41"><span class='ocrx_word' id='word_1_286' title='bbox 2436 2140 2539 2189; x_wconf 90' lang='grc' dir='ltr'>σοι,</span> <span class='ocrx_word' id='word_1_287' title='bbox 2575 2126 2669 2179; x_wconf 78' lang='grc' dir='ltr'>καὶ</span> <span class='ocrx_word' id='word_1_288' title='bbox 2702 2128 2865 2182; x_wconf 83' lang='grc' dir='ltr'>πάλιν</span> <span class='ocrx_word' id='word_1_289' title='bbox 2896 2134 3061 2202; x_wconf 71' lang='grc' dir='ltr'>φημὶ,</span> <span class='ocrx_word' id='word_1_290' title='bbox 3114 2136 3235 2189; x_wconf 83' lang='grc' dir='ltr'>λίαν</span> <span class='ocrx_word' id='word_1_291' title='bbox 3280 2141 3600 2213; x_wconf 77' lang='grc' dir='ltr'>ἐγράψαμεν</span> <span class='ocrx_word' id='word_1_292' title='bbox 3628 2145 3956 2215; x_wconf 81' lang='grc' dir='ltr'>ὀδυνώμενοι</span> <span class='ocrx_word' id='word_1_293' title='bbox 3979 2164 3995 2178; x_wconf 89' lang='grc'><strong>·</strong></span> 
     </span>
    </p>
   </div>
   <div class='ocr_carea' id='block_1_43' title="bbox 2434 2215 3999 2305">
    <p class='ocr_par' dir='ltr' id='par_1_43' title="bbox 2434 2215 3999 2305">
     <span class='ocr_line' id='line_1_43' title="bbox 2434 2215 3999 2305; baseline 0.015 -39"><span class='ocrx_word' id='word_1_294' title='bbox 2434 2215 2525 2266; x_wconf 82' lang='grc' dir='ltr'><strong>καὶ</strong></span> <span class='ocrx_word' id='word_1_295' title='bbox 2550 2215 2667 2267; x_wconf 86' lang='grc' dir='ltr'>εῖτι</span> <span class='ocrx_word' id='word_1_296' title='bbox 2702 2222 2831 2289; x_wconf 63' lang='grc' dir='ltr'><strong>περὶ¹</strong></span> <span class='ocrx_word' id='word_1_297' title='bbox 2861 2224 3063 2293; x_wconf 79' lang='grc' dir='ltr'>πατρὸς</span> <span class='ocrx_word' id='word_1_298' title='bbox 3092 2227 3428 2298; x_wconf 77' lang='grc' dir='ltr'>ὀδυνωμένου</span> <span class='ocrx_word' id='word_1_299' title='bbox 3446 2233 3767 2302; x_wconf 76' lang='grc' dir='ltr'>φροντίζεις,</span> <span class='ocrx_word' id='word_1_300' title='bbox 3799 2237 3999 2305; x_wconf 76' lang='grc' dir='ltr'>μηκέτι</span> 
     </span>
    </p>
   </div>
   <div class='ocr_carea' id='block_1_44' title="bbox 2436 2305 4001 2393">
    <p class='ocr_par' dir='ltr' id='par_1_44' title="bbox 2436 2305 4001 2393">
     <span class='ocr_line' id='line_1_44' title="bbox 2436 2305 4001 2393; baseline 0.005 -24"><span class='ocrx_word' id='word_1_301' title='bbox 2436 2305 2571 2375; x_wconf 78' lang='grc' dir='ltr'><strong>πρὸς</strong></span> <span class='ocrx_word' id='word_1_302' title='bbox 2603 2307 2848 2379; x_wconf 82' lang='grc' dir='ltr'>ἀνάγκην</span> <span class='ocrx_word' id='word_1_303' title='bbox 2894 2313 3041 2381; x_wconf 75' lang='grc' dir='ltr'>ἡμᾶς</span> <span class='ocrx_word' id='word_1_304' title='bbox 3102 2321 3453 2393; x_wconf 79' lang='grc' dir='ltr'>καταστήσῃς</span> <span class='ocrx_word' id='word_1_305' title='bbox 3491 2322 3718 2379; x_wconf 84' lang='grc' dir='ltr'>τοιαῦτά</span> <span class='ocrx_word' id='word_1_306' title='bbox 3745 2341 3826 2377; x_wconf 84' lang='grc' dir='ltr'><strong>σοι</strong></span> <span class='ocrx_word' id='word_1_307' title='bbox 3864 2326 4001 2393; x_wconf 82' lang='grc' dir='ltr'>γρά-</span> 
     </span>
    </p>
   </div>
   <div class='ocr_carea' id='block_1_45' title="bbox 761 2379 4000 2485">
    <p class='ocr_par' dir='ltr' id='par_1_45' title="bbox 761 2379 4000 2485">
     <span class='ocr_line' id='line_1_45' title="bbox 761 2379 4000 2485; baseline 0.013 -60"><span class='ocrx_word' id='word_1_308' title='bbox 761 2393 901 2442; x_wconf 86' lang='grc' dir='ltr'>φειν.</span> <span class='ocrx_word' id='word_1_309' title='bbox 938 2379 1284 2485; x_wconf 49' lang='grc' dir='ltr'>’ξρρωμένον</span> <span class='ocrx_word' id='word_1_310' title='bbox 1310 2398 1368 2433; x_wconf 90' lang='grc' dir='ltr'>σε</span> <span class='ocrx_word' id='word_1_311' title='bbox 1417 2384 1445 2434; x_wconf 84' lang='grc' dir='ltr'><strong>ό</strong></span> <span class='ocrx_word' id='word_1_312' title='bbox 1474 2382 1678 2453; x_wconf 85' lang='grc' dir='ltr'>Κύριος</span> <span class='ocrx_word' id='word_1_313' title='bbox 1717 2385 2035 2455; x_wconf 78' lang='grc' dir='ltr'>διαφυλάξοι</span> <span class='ocrx_word' id='word_1_314' title='bbox 2058 2389 2115 2441; x_wconf 82' lang='grc' dir='ltr'>ὲν</span> <span class='ocrx_word' id='word_1_315' title='bbox 2155 2391 2320 2444; x_wconf 81' lang='grc' dir='ltr'>πᾶσιν</span> <span class='ocrx_word' id='word_1_316' title='bbox 2354 2392 2666 2467; x_wconf 85' lang='grc' dir='ltr'>εὐαρέστως</span> <span class='ocrx_word' id='word_1_317' title='bbox 2731 2399 2881 2471; x_wconf 84' lang='grc' dir='ltr'><strong>αύτῷ</strong></span> <span class='ocrx_word' id='word_1_318' title='bbox 2908 2379 3238 2475; x_wconf 12' lang='grc' dir='ltr'>δήιαόιοῦντα,</span> <span class='ocrx_word' id='word_1_319' title='bbox 3273 2379 3367 2463; x_wconf 77' lang='grc' dir='ltr'>καὶι</span> <span class='ocrx_word' id='word_1_320' title='bbox 3395 2379 3509 2481; x_wconf 48' lang='grc' dir='ltr'>’τῆς</span> <span class='ocrx_word' id='word_1_321' title='bbox 3544 2413 3704 2481; x_wconf 83' lang='grc' dir='ltr'><strong>ἡμῶν</strong></span> <span class='ocrx_word' id='word_1_322' title='bbox 3770 2379 4000 2485; x_wconf 65' lang='grc' dir='ltr'>μετριό-</span> 
     </span>
    </p>
   </div>
   <div class='ocr_carea' id='block_1_46' title="bbox 757 2474 1412 2543">
    <p class='ocr_par' dir='ltr' id='par_1_46' title="bbox 757 2474 1412 2543">
     <span class='ocr_line' id='line_1_46' title="bbox 757 2474 1412 2543; baseline 0.011 -22"><span class='ocrx_word' id='word_1_323' title='bbox 757 2486 917 2540; x_wconf 84' lang='grc' dir='ltr'>τητος</span> <span class='ocrx_word' id='word_1_324' title='bbox 946 2474 1412 2543; x_wconf 82' lang='grc' dir='ltr'>ὑπερευχόμενον.</span> 
     </span>
    </p>
   </div>
   <div class='ocr_carea' id='block_1_47' title="bbox 942 2564 2165 2642">
    <p class='ocr_par' dir='ltr' id='par_1_47' title="bbox 942 2564 2165 2642">
     <span class='ocr_line' id='line_1_47' title="bbox 942 2564 2165 2642; baseline 0.007 -24"><span class='ocrx_word' id='word_1_325' title='bbox 942 2564 1168 2625; x_wconf 81' lang='lat' dir='ltr'><strong>CXVIII.</strong></span> <span class='ocrx_word' id='word_1_326' title='bbox 1208 2592 1279 2607; x_wconf 82' lang='lat'><strong>—-</strong></span> <span class='ocrx_word' id='word_1_327' title='bbox 1304 2566 1462 2622; x_wconf 83' lang='lat' dir='ltr'><strong>Petro</strong></span> <span class='ocrx_word' id='word_1_328' title='bbox 1494 2569 1701 2624; x_wconf 77' lang='lat' dir='ltr'><strong>Alaniw</strong></span> <span class='ocrx_word' id='word_1_329' title='bbox 1758 2573 2165 2642; x_wconf 81' lang='lat' dir='ltr'><strong>archiepiscopo.</strong></span> 
     </span>
    </p>
   </div>
   <div class='ocr_carea' id='block_1_48' title="bbox 831 2656 2334 2734">
    <p class='ocr_par' dir='ltr' id='par_1_48' title="bbox 831 2656 2334 2734">
     <span class='ocr_line' id='line_1_48' title="bbox 831 2656 2334 2734; baseline 0.005 -23"><span class='ocrx_word' id='word_1_330' title='bbox 831 2656 1055 2712; x_wconf 80' lang='lat' dir='ltr'><strong>Vinculo</strong></span> <span class='ocrx_word' id='word_1_331' title='bbox 1114 2658 1342 2728; x_wconf 90' lang='lat' dir='ltr'><strong>spiritus</strong></span> <span class='ocrx_word' id='word_1_332' title='bbox 1392 2660 1714 2730; x_wconf 88' lang='lat' dir='ltr'><strong>conjunctos</strong></span> <span class='ocrx_word' id='word_1_333' title='bbox 1752 2662 1820 2716; x_wconf 90' lang='lat' dir='ltr'><strong>ab</strong></span> <span class='ocrx_word' id='word_1_334' title='bbox 1867 2663 2100 2719; x_wconf 86' lang='lat' dir='ltr'><strong>invicem</strong></span> <span class='ocrx_word' id='word_1_335' title='bbox 2136 2678 2334 2734; x_wconf 89' lang='lat' dir='ltr'><strong>corpo-</strong></span> 
     </span>
    </p>
   </div>
   <div class='ocr_carea' id='block_1_49' title="bbox 768 2749 2334 2825">
    <p class='ocr_par' dir='ltr' id='par_1_49' title="bbox 768 2749 2334 2825">
     <span class='ocr_line' id='line_1_49' title="bbox 768 2749 2334 2825; baseline 0.006 -23"><span class='ocrx_word' id='word_1_336' title='bbox 768 2749 901 2803; x_wconf 91' lang='lat' dir='ltr'><strong>ralis</strong></span> <span class='ocrx_word' id='word_1_337' title='bbox 928 2764 1037 2803; x_wconf 91' lang='lat' dir='ltr'><strong>non</strong></span> <span class='ocrx_word' id='word_1_338' title='bbox 1081 2760 1299 2819; x_wconf 83' lang='lat' dir='ltr'><strong>separat</strong></span> <span class='ocrx_word' id='word_1_339' title='bbox 1351 2752 1645 2817; x_wconf 87' lang='lat' dir='ltr'><strong>distantia;</strong></span> <span class='ocrx_word' id='word_1_340' title='bbox 1687 2762 1741 2807; x_wconf 92' lang='lat' dir='ltr'><strong>et</strong></span> <span class='ocrx_word' id='word_1_341' title='bbox 1786 2755 1831 2809; x_wconf 88' lang='lat' dir='ltr'><strong>si</strong></span> <span class='ocrx_word' id='word_1_342' title='bbox 1878 2756 2009 2823; x_wconf 87' lang='lat' dir='ltr'><strong>quid</strong></span> <span class='ocrx_word' id='word_1_343' title='bbox 2075 2759 2334 2825; x_wconf 78' lang='lat' dir='ltr'><strong>paradoxi</strong></span> 
     </span>
    </p>
   </div>
   <div class='ocr_carea' id='block_1_50' title="bbox 2589 2578 3825 2661">
    <p class='ocr_par' dir='ltr' id='par_1_50' title="bbox 2589 2578 3825 2661">
     <span class='ocr_line' id='line_1_50' title="bbox 2589 2578 3825 2661; baseline 0.016 -31"><span class='ocrx_word' id='word_1_344' title='bbox 2589 2578 2742 2633; x_wconf 87' lang='lat' dir='ltr'><strong>PlH&#39;.</strong></span> <span class='ocrx_word' id='word_1_345' title='bbox 2792 2579 3493 2657; x_wconf 76' lang='grc' dir='ltr'>Πέτρῳ“ἀρχιεπισκόπφ</span> <span class='ocrx_word' id='word_1_346' title='bbox 3535 2592 3825 2661; x_wconf 71' lang='grc' dir='ltr'>Ἀλανίαςο.</span> 
     </span>
    </p>
   </div>
   <div class='ocr_carea' id='block_1_51' title="bbox 2499 2664 3998 2762">
    <p class='ocr_par' dir='ltr' id='par_1_51' title="bbox 2499 2664 3998 2762">
     <span class='ocr_line' id='line_1_51' title="bbox 2499 2664 3998 2762; baseline 0.017 -44"><span class='ocrx_word' id='word_1_347' title='bbox 2499 2667 2612 2720; x_wconf 77' lang='grc' dir='ltr'><strong>Οὐκ</strong></span> <span class='ocrx_word' id='word_1_348' title='bbox 2633 2664 2742 2721; x_wconf 80' lang='grc' dir='ltr'>οἶδε</span> <span class='ocrx_word' id='word_1_349' title='bbox 2790 2674 2916 2734; x_wconf 82' lang='grc' dir='ltr'>τοὺς</span> <span class='ocrx_word' id='word_1_350' title='bbox 2946 2676 3333 2743; x_wconf 81' lang='grc' dir='ltr'>πνευματικῶς</span> <span class='ocrx_word' id='word_1_351' title='bbox 3368 2684 3676 2751; x_wconf 76' lang='grc' dir='ltr'>ἡνωμένους</span> <span class='ocrx_word' id='word_1_352' title='bbox 3707 2694 3998 2762; x_wconf 76' lang='grc' dir='ltr'>σωματικὴ</span> 
     </span>
    </p>
   </div>
   <div class='ocr_carea' id='block_1_52' title="bbox 2429 2756 3999 2850">
    <p class='ocr_par' dir='ltr' id='par_1_52' title="bbox 2429 2756 3999 2850">
     <span class='ocr_line' id='line_1_52' title="bbox 2429 2756 3999 2850; baseline 0.015 -41"><span class='ocrx_word' id='word_1_353' title='bbox 2429 2756 2731 2822; x_wconf 82' lang='grc' dir='ltr'>ἀπόστασις</span> <span class='ocrx_word' id='word_1_354' title='bbox 2782 2761 3027 2832; x_wconf 79' lang='grc' dir='ltr'>ἀλλήλων</span> <span class='ocrx_word' id='word_1_355' title='bbox 3077 2766 3448 2837; x_wconf 80' lang='grc' dir='ltr'>διαχωρίζειν,</span> <span class='ocrx_word' id='word_1_356' title='bbox 3489 2775 3627 2839; x_wconf 81' lang='grc' dir='ltr'>ἀλλ’,</span> <span class='ocrx_word' id='word_1_357' title='bbox 3684 2780 3730 2830; x_wconf 86' lang='grc' dir='ltr'><strong>εί</strong></span> <span class='ocrx_word' id='word_1_358' title='bbox 3786 2756 3888 2850; x_wconf 82' lang='grc' dir='ltr'>χρή</span> <span class='ocrx_word' id='word_1_359' title='bbox 3944 2756 3999 2833; x_wconf 71' lang='grc' dir='ltr'><strong>τί</strong></span> 
     </span>
    </p>
   </div>
   <div class='ocr_carea' id='block_1_53' title="bbox 759 2840 2335 2937">
    <p class='ocr_par' dir='ltr' id='par_1_53' title="bbox 759 2840 2335 2916">
     <span class='ocr_line' id='line_1_53' title="bbox 759 2840 2335 2916; baseline 0.006 -24"><span class='ocrx_word' id='word_1_360' title='bbox 759 2840 1051 2893; x_wconf 89' lang='lat' dir='ltr'><strong>dicendum</strong></span> <span class='ocrx_word' id='word_1_361' title='bbox 1099 2840 1267 2905; x_wconf 79' lang='lat' dir='ltr'><strong>foret,</strong></span> <span class='ocrx_word' id='word_1_362' title='bbox 1295 2841 1615 2897; x_wconf 86' lang='lat' dir='ltr'><strong>adderemns</strong></span> <span class='ocrx_word' id='word_1_363' title='bbox 1645 2859 1931 2913; x_wconf 82' lang='lat' dir='ltr'><strong>corporum</strong></span> <span class='ocrx_word' id='word_1_364' title='bbox 1978 2848 2335 2916; x_wconf 86' lang='lat' dir='ltr'><strong>disjunctione</strong></span> 
     </span>
    </p>
   </div>
   <div class='ocr_carea' id='block_1_54' title="bbox 2430 2840 4000 2937">
    <p class='ocr_par' dir='ltr' id='par_1_54' title="bbox 2431 2851 4000 2937">
     <span class='ocr_line' id='line_1_54' title="bbox 2431 2851 4000 2937; baseline 0.017 -38"><span class='ocrx_word' id='word_1_365' title='bbox 2431 2851 2525 2901; x_wconf 76' lang='grc' dir='ltr'>καὶ</span> <span class='ocrx_word' id='word_1_366' title='bbox 2568 2852 2873 2919; x_wconf 81' lang='grc' dir='ltr'>παράδοξον</span> <span class='ocrx_word' id='word_1_367' title='bbox 2932 2855 3098 2924; x_wconf 81' lang='grc' dir='ltr'>ἐρεῖν,</span> <span class='ocrx_word' id='word_1_368' title='bbox 3156 2858 3188 2925; x_wconf 80' lang='grc' dir='ltr'><strong>ἠ</strong></span> <span class='ocrx_word' id='word_1_369' title='bbox 3243 2860 3353 2911; x_wconf 83' lang='grc' dir='ltr'><strong>τῶν</strong></span> <span class='ocrx_word' id='word_1_370' title='bbox 3403 2866 3671 2931; x_wconf 63' lang='grc' dir='ltr'>σωμάτων</span> <span class='ocrx_word' id='word_1_371' title='bbox 3723 2869 4000 2937; x_wconf 72' lang='grc' dir='ltr'>διὰζευξις</span> 
     </span>
    </p>
   </div>
   <div class='ocr_carea' id='block_1_55' title="bbox 759 2929 2333 2998">
    <p class='ocr_par' dir='ltr' id='par_1_55' title="bbox 759 2929 2333 2998">
     <span class='ocr_line' id='line_1_55' title="bbox 759 2929 2333 2998; baseline 0.004 -16"><span class='ocrx_word' id='word_1_372' title='bbox 759 2930 1015 2997; x_wconf 86' lang='lat' dir='ltr'><strong>majorem</strong></span> <span class='ocrx_word' id='word_1_373' title='bbox 1068 2929 1180 2983; x_wconf 80' lang='lat' dir='ltr'><strong>ﬁeri</strong></span> <span class='ocrx_word' id='word_1_374' title='bbox 1227 2930 1511 2998; x_wconf 88' lang='lat' dir='ltr'><strong>spirituum</strong></span> <span class='ocrx_word' id='word_1_375' title='bbox 1569 2931 2005 2997; x_wconf 90' lang='lat' dir='ltr'><strong>unionem,cum</strong></span> <span class='ocrx_word' id='word_1_376' title='bbox 2060 2949 2220 2987; x_wconf 87' lang='lat' dir='ltr'><strong>omne</strong></span> <span class='ocrx_word' id='word_1_377' title='bbox 2268 2948 2333 2989; x_wconf 91' lang='lat' dir='ltr'><strong>eo</strong></span> 
     </span>
    </p>
   </div>
   <div class='ocr_carea' id='block_1_56' title="bbox 761 3020 2337 3092">
    <p class='ocr_par' dir='ltr' id='par_1_56' title="bbox 761 3020 2337 3092">
     <span class='ocr_line' id='line_1_56' title="bbox 761 3020 2337 3092; baseline 0.003 -19"><span class='ocrx_word' id='word_1_378' title='bbox 761 3020 944 3074; x_wconf 89' lang='lat' dir='ltr'><strong>tendat</strong></span> <span class='ocrx_word' id='word_1_379' title='bbox 987 3020 1225 3075; x_wconf 86' lang='lat' dir='ltr'><strong>studium</strong></span> <span class='ocrx_word' id='word_1_380' title='bbox 1257 3061 1272 3085; x_wconf 92' lang='lat'><strong>,</strong></span> <span class='ocrx_word' id='word_1_381' title='bbox 1320 3031 1378 3074; x_wconf 93' lang='lat' dir='ltr'><strong>ut</strong></span> <span class='ocrx_word' id='word_1_382' title='bbox 1408 3021 1711 3076; x_wconf 88' lang='lat' dir='ltr'><strong>arctissime</strong></span> <span class='ocrx_word' id='word_1_383' title='bbox 1758 3023 1972 3089; x_wconf 89' lang='lat' dir='ltr'><strong>copulet</strong></span> <span class='ocrx_word' id='word_1_384' title='bbox 2021 3026 2235 3079; x_wconf 89' lang='lat' dir='ltr'><strong>animos</strong></span> <span class='ocrx_word' id='word_1_385' title='bbox 2281 3039 2337 3092; x_wconf 74' lang='grc' dir='ltr'><strong>ει</strong></span> 
     </span>
    </p>
   </div>
   <div class='ocr_carea' id='block_1_57' title="bbox 761 3110 2326 3182">
    <p class='ocr_par' dir='ltr' id='par_1_57' title="bbox 761 3110 2326 3182">
     <span class='ocr_line' id='line_1_57' title="bbox 761 3110 2326 3182; baseline 0.003 -20"><span class='ocrx_word' id='word_1_386' title='bbox 761 3125 1047 3177; x_wconf 87' lang='lat' dir='ltr'><strong>corporum</strong></span> <span class='ocrx_word' id='word_1_387' title='bbox 1104 3110 1385 3164; x_wconf 89' lang='lat' dir='ltr'><strong>unitorum</strong></span> <span class='ocrx_word' id='word_1_388' title='bbox 1438 3126 1587 3165; x_wconf 88' lang='lat' dir='ltr'><strong>more</strong></span> <span class='ocrx_word' id='word_1_389' title='bbox 1631 3114 1871 3180; x_wconf 85' lang='lat' dir='ltr'><strong>separari</strong></span> <span class='ocrx_word' id='word_1_390' title='bbox 1902 3128 2007 3165; x_wconf 86' lang='lat' dir='ltr'><strong>non</strong></span> <span class='ocrx_word' id='word_1_391' title='bbox 2034 3115 2326 3182; x_wconf 87' lang='lat' dir='ltr'><strong>permittat.</strong></span> 
     </span>
    </p>
   </div>
   <div class='ocr_carea' id='block_1_58' title="bbox 761 3200 2331 3270">
    <p class='ocr_par' dir='ltr' id='par_1_58' title="bbox 761 3200 2331 3270">
     <span class='ocr_line' id='line_1_58' title="bbox 761 3200 2331 3270; baseline 0.002 -16"><span class='ocrx_word' id='word_1_392' title='bbox 761 3200 913 3265; x_wconf 87' lang='lat' dir='ltr'><strong>Quod</strong></span> <span class='ocrx_word' id='word_1_393' title='bbox 963 3202 1125 3270; x_wconf 80' lang='lat' dir='ltr'><strong>igitur</strong></span> <span class='ocrx_word' id='word_1_394' title='bbox 1186 3202 1505 3270; x_wconf 84' lang='lat' dir='ltr'><strong>corporibus</strong></span> <span class='ocrx_word' id='word_1_395' title='bbox 1566 3202 1851 3268; x_wconf 89' lang='lat' dir='ltr'><strong>distcmus,</strong></span> <span class='ocrx_word' id='word_1_396' title='bbox 1914 3204 2157 3257; x_wconf 88' lang='lat' dir='ltr'><strong>animum</strong></span> <span class='ocrx_word' id='word_1_397' title='bbox 2220 3206 2331 3258; x_wconf 87' lang='lat' dir='ltr'><strong>noli</strong></span> 
     </span>
    </p>
   </div>
   <div class='ocr_carea' id='block_1_59' title="bbox 761 3274 2333 3363">
    <p class='ocr_par' dir='ltr' id='par_1_59' title="bbox 761 3274 2333 3363">
     <span class='ocr_line' id='line_1_59' title="bbox 761 3274 2333 3363; baseline 0.003 -18"><span class='ocrx_word' id='word_1_398' title='bbox 761 3293 992 3361; x_wconf 87' lang='lat' dir='ltr'><strong>dejicere</strong></span> <span class='ocrx_word' id='word_1_399' title='bbox 1014 3330 1028 3353; x_wconf 91' lang='lat'><strong>,</strong></span> <span class='ocrx_word' id='word_1_400' title='bbox 1064 3293 1173 3345; x_wconf 91' lang='lat' dir='ltr'><strong>imo</strong></span> <span class='ocrx_word' id='word_1_401' title='bbox 1205 3301 1380 3346; x_wconf 91' lang='lat' dir='ltr'><strong>tecum</strong></span> <span class='ocrx_word' id='word_1_402' title='bbox 1425 3303 1644 3362; x_wconf 83' lang='lat' dir='ltr'><strong>reputes</strong></span> <span class='ocrx_word' id='word_1_403' title='bbox 1694 3296 1837 3363; x_wconf 83' lang='lat' dir='ltr'><strong>quod</strong></span> <span class='ocrx_word' id='word_1_404' title='bbox 1869 3274 2026 3348; x_wconf 80' lang='lat' dir='ltr'><strong>antea</strong></span> <span class='ocrx_word' id='word_1_405' title='bbox 2056 3295 2196 3361; x_wconf 80' lang='lat' dir='ltr'><strong>dixi,</strong></span> <span class='ocrx_word' id='word_1_406' title='bbox 2234 3311 2333 3349; x_wconf 90' lang='lat' dir='ltr'><strong>nos</strong></span> 
     </span>
    </p>
   </div>
   <div class='ocr_carea' id='block_1_60' title="bbox 758 3382 2331 3452">
    <p class='ocr_par' dir='ltr' id='par_1_60' title="bbox 758 3382 2331 3452">
     <span class='ocr_line' id='line_1_60' title="bbox 758 3382 2331 3452; baseline 0.003 -15"><span class='ocrx_word' id='word_1_407' title='bbox 758 3382 951 3450; x_wconf 82' lang='lat' dir='ltr'><strong>spiritu</strong></span> <span class='ocrx_word' id='word_1_408' title='bbox 981 3384 1150 3451; x_wconf 86' lang='lat' dir='ltr'><strong>magis</strong></span> <span class='ocrx_word' id='word_1_409' title='bbox 1176 3397 1300 3437; x_wconf 84' lang='lat' dir='ltr'><strong>esse</strong></span> <span class='ocrx_word' id='word_1_410' title='bbox 1329 3384 1674 3452; x_wconf 88' lang='lat' dir='ltr'><strong>conjunctos;</strong></span> <span class='ocrx_word' id='word_1_411' title='bbox 1725 3385 1845 3440; x_wconf 92' lang='lat' dir='ltr'><strong>ideo</strong></span> <span class='ocrx_word' id='word_1_412' title='bbox 1894 3387 1987 3438; x_wconf 92' lang='lat' dir='ltr'><strong>tibi</strong></span> <span class='ocrx_word' id='word_1_413' title='bbox 2017 3401 2077 3439; x_wconf 83' lang='lat' dir='ltr'><strong>ea</strong></span> <span class='ocrx_word' id='word_1_414' title='bbox 2106 3388 2331 3441; x_wconf 88' lang='lat' dir='ltr'><strong>tenenda</strong></span> 
     </span>
    </p>
   </div>
   <div class='ocr_carea' id='block_1_61' title="bbox 756 3474 2334 3543">
    <p class='ocr_par' dir='ltr' id='par_1_61' title="bbox 756 3474 2334 3543">
     <span class='ocr_line' id='line_1_61' title="bbox 756 3474 2334 3543; baseline 0.001 -15"><span class='ocrx_word' id='word_1_415' title='bbox 756 3483 841 3529; x_wconf 81' lang='lat' dir='ltr'><strong>est</strong></span> <span class='ocrx_word' id='word_1_416' title='bbox 873 3474 1041 3528; x_wconf 86' lang='lat' dir='ltr'><strong>animi</strong></span> <span class='ocrx_word' id='word_1_417' title='bbox 1088 3475 1362 3528; x_wconf 88' lang='lat' dir='ltr'><strong>contentio</strong></span> <span class='ocrx_word' id='word_1_418' title='bbox 1414 3490 1516 3543; x_wconf 89' lang='lat' dir='ltr'><strong>qua</strong></span> <span class='ocrx_word' id='word_1_419' title='bbox 1560 3488 1720 3529; x_wconf 65' lang='lat' dir='ltr'><strong>rectae</strong></span> <span class='ocrx_word' id='word_1_420' title='bbox 1779 3475 2062 3530; x_wconf 88' lang='lat' dir='ltr'><strong>cohibetur</strong></span> <span class='ocrx_word' id='word_1_421' title='bbox 2108 3477 2334 3530; x_wconf 85' lang='lat' dir='ltr'><strong>rationis</strong></span> 
     </span>
    </p>
   </div>
   <div class='ocr_carea' id='block_1_62' title="bbox 759 3564 2333 3635">
    <p class='ocr_par' dir='ltr' id='par_1_62' title="bbox 759 3564 2333 3635">
     <span class='ocr_line' id='line_1_62' title="bbox 759 3564 2333 3635; baseline 0.001 -17"><span class='ocrx_word' id='word_1_422' title='bbox 759 3581 911 3620; x_wconf 87' lang='lat' dir='ltr'><strong>usus.</strong></span> <span class='ocrx_word' id='word_1_423' title='bbox 959 3564 1063 3618; x_wconf 89' lang='lat' dir='ltr'><strong>Pro</strong></span> <span class='ocrx_word' id='word_1_424' title='bbox 1094 3565 1297 3619; x_wconf 88' lang='lat' dir='ltr'><strong>viribus</strong></span> <span class='ocrx_word' id='word_1_425' title='bbox 1323 3566 1509 3630; x_wconf 89' lang='lat' dir='ltr'><strong>obsta,</strong></span> <span class='ocrx_word' id='word_1_426' title='bbox 1539 3567 1632 3635; x_wconf 85' lang='lat' dir='ltr'><strong>qui</strong></span> <span class='ocrx_word' id='word_1_427' title='bbox 1680 3568 1883 3620; x_wconf 91' lang='lat' dir='ltr'><strong>donum</strong></span> <span class='ocrx_word' id='word_1_428' title='bbox 1925 3568 2093 3626; x_wconf 82' lang='lat' dir='ltr'><strong>sancti</strong></span> <span class='ocrx_word' id='word_1_429' title='bbox 2128 3567 2333 3635; x_wconf 89' lang='lat' dir='ltr'><strong>recepi-</strong></span> 
     </span>
    </p>
   </div>
   <div class='ocr_carea' id='block_1_63' title="bbox 762 3655 2333 3726">
    <p class='ocr_par' dir='ltr' id='par_1_63' title="bbox 762 3655 2333 3726">
     <span class='ocr_line' id='line_1_63' title="bbox 762 3655 2333 3726; baseline 0.001 -16"><span class='ocrx_word' id='word_1_430' title='bbox 762 3659 827 3710; x_wconf 87' lang='lat' dir='ltr'><strong>sti</strong></span> <span class='ocrx_word' id='word_1_431' title='bbox 877 3655 1135 3726; x_wconf 86' lang='lat' dir='ltr'><strong>Spiritus,</strong></span> <span class='ocrx_word' id='word_1_432' title='bbox 1172 3666 1225 3711; x_wconf 92' lang='lat' dir='ltr'><strong>et</strong></span> <span class='ocrx_word' id='word_1_433' title='bbox 1280 3658 1600 3711; x_wconf 86' lang='lat' dir='ltr'><strong>sacerdotali</strong></span> <span class='ocrx_word' id='word_1_434' title='bbox 1646 3660 1837 3726; x_wconf 83' lang='lat' dir='ltr'><strong>plenus</strong></span> <span class='ocrx_word' id='word_1_435' title='bbox 1880 3660 2235 3713; x_wconf 79' lang='lat' dir='ltr'><strong>exsultatione</strong></span> <span class='ocrx_word' id='word_1_436' title='bbox 2268 3658 2333 3712; x_wconf 92' lang='lat' dir='ltr'><strong>ad</strong></span> 
     </span>
    </p>
   </div>
   <div class='ocr_carea' id='block_1_64' title="bbox 762 3748 2335 3819">
    <p class='ocr_par' dir='ltr' id='par_1_64' title="bbox 762 3748 2335 3819">
     <span class='ocr_line' id='line_1_64' title="bbox 762 3748 2335 3819; baseline 0.001 -19"><span class='ocrx_word' id='word_1_437' title='bbox 762 3748 1045 3815; x_wconf 84' lang='lat' dir='ltr'><strong>pristinam</strong></span> <span class='ocrx_word' id='word_1_438' title='bbox 1077 3756 1308 3800; x_wconf 86' lang='lat' dir='ltr'><strong>mentem</strong></span> <span class='ocrx_word' id='word_1_439' title='bbox 1345 3756 1599 3801; x_wconf 79' lang='lat' dir='ltr'><strong>converte</strong></span> <span class='ocrx_word' id='word_1_440' title='bbox 1648 3748 1905 3818; x_wconf 79' lang='lat' dir='ltr'><strong>gaudium</strong></span> <span class='ocrx_word' id='word_1_441' title='bbox 1946 3749 2091 3819; x_wconf 92' lang='lat' dir='ltr'><strong>quod</strong></span> <span class='ocrx_word' id='word_1_442' title='bbox 2120 3748 2335 3802; x_wconf 84' lang='lat' dir='ltr'><strong>Christo</strong></span> 
     </span>
    </p>
   </div>
   <div class='ocr_carea' id='block_1_65' title="bbox 758 3837 2335 3909">
    <p class='ocr_par' dir='ltr' id='par_1_65' title="bbox 758 3837 2335 3909">
     <span class='ocr_line' id='line_1_65' title="bbox 758 3837 2335 3909; baseline -0.001 -16"><span class='ocrx_word' id='word_1_443' title='bbox 758 3848 813 3893; x_wconf 89' lang='lat' dir='ltr'><strong>et</strong></span> <span class='ocrx_word' id='word_1_444' title='bbox 866 3840 1022 3894; x_wconf 81' lang='lat' dir='ltr'><strong>nobis</strong></span> <span class='ocrx_word' id='word_1_445' title='bbox 1079 3839 1375 3893; x_wconf 87' lang='lat' dir='ltr'><strong>humilibus</strong></span> <span class='ocrx_word' id='word_1_446' title='bbox 1431 3841 1550 3908; x_wconf 90' lang='lat' dir='ltr'><strong>ejus</strong></span> <span class='ocrx_word' id='word_1_447' title='bbox 1610 3838 1825 3894; x_wconf 79' lang='lat' dir='ltr'><strong>famulis</strong></span> <span class='ocrx_word' id='word_1_448' title='bbox 1866 3847 1935 3909; x_wconf 57' lang='lat' dir='ltr'><strong>,et</strong></span> <span class='ocrx_word' id='word_1_449' title='bbox 1993 3840 2060 3893; x_wconf 90' lang='lat' dir='ltr'><strong>ad</strong></span> <span class='ocrx_word' id='word_1_450' title='bbox 2112 3837 2335 3908; x_wconf 84' lang='lat' dir='ltr'><strong>gloriam</strong></span> 
     </span>
    </p>
   </div>
   <div class='ocr_carea' id='block_1_66' title="bbox 760 3914 2337 3999">
    <p class='ocr_par' dir='ltr' id='par_1_66' title="bbox 760 3914 2337 3999">
     <span class='ocr_line' id='line_1_66' title="bbox 760 3914 2337 3999; baseline -0.001 -15"><span class='ocrx_word' id='word_1_451' title='bbox 760 3939 922 3999; x_wconf 78' lang='lat' dir='ltr'><strong>atque</strong></span> <span class='ocrx_word' id='word_1_452' title='bbox 956 3929 1241 3983; x_wconf 87' lang='lat' dir='ltr'><strong>utilitatem</strong></span> <span class='ocrx_word' id='word_1_453' title='bbox 1279 3929 1483 3982; x_wconf 80' lang='lat' dir='ltr'><strong>factum</strong></span> <span class='ocrx_word' id='word_1_454' title='bbox 1518 3939 1632 3993; x_wconf 88' lang='lat' dir='ltr'><strong>est;</strong></span> <span class='ocrx_word' id='word_1_455' title='bbox 1666 3930 1833 3983; x_wconf 91' lang='lat' dir='ltr'><strong>animi</strong></span> <span class='ocrx_word' id='word_1_456' title='bbox 1867 3930 2057 3984; x_wconf 91' lang='lat' dir='ltr'><strong>deinde</strong></span> <span class='ocrx_word' id='word_1_457' title='bbox 2082 3914 2251 3985; x_wconf 83' lang='lat' dir='ltr'><strong>curas</strong></span> <span class='ocrx_word' id='word_1_458' title='bbox 2284 3937 2337 3983; x_wconf 91' lang='lat' dir='ltr'><strong>et</strong></span> 
     </span>
    </p>
   </div>
   <div class='ocr_carea' id='block_1_67' title="bbox 764 4020 2335 4091">
    <p class='ocr_par' dir='ltr' id='par_1_67' title="bbox 764 4020 2335 4091">
     <span class='ocr_line' id='line_1_67' title="bbox 764 4020 2335 4091; baseline 0.003 -18"><span class='ocrx_word' id='word_1_459' title='bbox 764 4022 959 4075; x_wconf 87' lang='lat' dir='ltr'><strong>mentis</strong></span> <span class='ocrx_word' id='word_1_460' title='bbox 1006 4020 1399 4075; x_wconf 90' lang='lat' dir='ltr'><strong>sollicitudines</strong></span> <span class='ocrx_word' id='word_1_461' title='bbox 1471 4022 1627 4091; x_wconf 88' lang='lat' dir='ltr'><strong>longe</strong></span> <span class='ocrx_word' id='word_1_462' title='bbox 1702 4021 1942 4088; x_wconf 85' lang='lat' dir='ltr'><strong>abjicies.</strong></span> <span class='ocrx_word' id='word_1_463' title='bbox 2030 4020 2181 4091; x_wconf 68' lang='lat' dir='ltr'><strong>Saepe</strong></span> <span class='ocrx_word' id='word_1_464' title='bbox 2237 4022 2335 4077; x_wconf 88' lang='lat' dir='ltr'><strong>ho-</strong></span> 
     </span>
    </p>
   </div>
   <div class='ocr_carea' id='block_1_68' title="bbox 761 4112 2339 4183">
    <p class='ocr_par' dir='ltr' id='par_1_68' title="bbox 761 4112 2339 4183">
     <span class='ocr_line' id='line_1_68' title="bbox 761 4112 2339 4183; baseline 0.001 -18"><span class='ocrx_word' id='word_1_465' title='bbox 761 4114 969 4177; x_wconf 85' lang='lat' dir='ltr'><strong>mines,</strong></span> <span class='ocrx_word' id='word_1_466' title='bbox 1004 4122 1215 4167; x_wconf 81' lang='lat' dir='ltr'><strong>terreno</strong></span> <span class='ocrx_word' id='word_1_467' title='bbox 1236 4114 1385 4166; x_wconf 89' lang='lat' dir='ltr'><strong>lucro</strong></span> <span class='ocrx_word' id='word_1_468' title='bbox 1424 4113 1652 4181; x_wconf 89' lang='lat' dir='ltr'><strong>permoti</strong></span> <span class='ocrx_word' id='word_1_469' title='bbox 1698 4128 1912 4183; x_wconf 79' lang='lat' dir='ltr'><strong>magna,</strong></span> <span class='ocrx_word' id='word_1_470' title='bbox 1943 4113 2133 4168; x_wconf 87' lang='lat' dir='ltr'><strong>itinera</strong></span> <span class='ocrx_word' id='word_1_471' title='bbox 2182 4112 2339 4166; x_wconf 92' lang='lat' dir='ltr'><strong>insti-</strong></span> 
     </span>
    </p>
   </div>
   <div class='ocr_carea' id='block_1_69' title="bbox 763 4206 2336 4275">
    <p class='ocr_par' dir='ltr' id='par_1_69' title="bbox 763 4206 2336 4275">
     <span class='ocr_line' id='line_1_69' title="bbox 763 4206 2336 4275; baseline 0.003 -17"><span class='ocrx_word' id='word_1_472' title='bbox 763 4217 942 4271; x_wconf 81' lang='lat' dir='ltr'><strong>tuunt,</strong></span> <span class='ocrx_word' id='word_1_473' title='bbox 977 4207 1179 4275; x_wconf 91' lang='lat' dir='ltr'><strong>quique</strong></span> <span class='ocrx_word' id='word_1_474' title='bbox 1198 4206 1534 4273; x_wconf 87' lang='lat' dir='ltr'><strong>parentibus,</strong></span> <span class='ocrx_word' id='word_1_475' title='bbox 1559 4206 1822 4261; x_wconf 79' lang='lat' dir='ltr'><strong>uxoribus</strong></span> <span class='ocrx_word' id='word_1_476' title='bbox 1850 4219 1901 4261; x_wconf 91' lang='lat' dir='ltr'><strong>et</strong></span> <span class='ocrx_word' id='word_1_477' title='bbox 1930 4207 2113 4260; x_wconf 89' lang='lat' dir='ltr'><strong>liberis</strong></span> <span class='ocrx_word' id='word_1_478' title='bbox 2143 4206 2336 4263; x_wconf 71' lang='lat' dir='ltr'><strong>orbati.</strong></span> 
     </span>
    </p>
   </div>
   <div class='ocr_carea' id='block_1_70' title="bbox 761 4296 2340 4366">
    <p class='ocr_par' dir='ltr' id='par_1_70' title="bbox 761 4296 2340 4366">
     <span class='ocr_line' id='line_1_70' title="bbox 761 4296 2340 4366; baseline 0 -16"><span class='ocrx_word' id='word_1_479' title='bbox 761 4312 871 4351; x_wconf 84' lang='lat' dir='ltr'><strong>non</strong></span> <span class='ocrx_word' id='word_1_480' title='bbox 903 4297 1078 4351; x_wconf 89' lang='lat' dir='ltr'><strong>solum</strong></span> <span class='ocrx_word' id='word_1_481' title='bbox 1113 4297 1353 4349; x_wconf 91' lang='lat' dir='ltr'><strong>animum</strong></span> <span class='ocrx_word' id='word_1_482' title='bbox 1401 4310 1509 4349; x_wconf 90' lang='lat' dir='ltr'><strong>non</strong></span> <span class='ocrx_word' id='word_1_483' title='bbox 1539 4297 1857 4362; x_wconf 91' lang='lat' dir='ltr'><strong>dimittunt,</strong></span> <span class='ocrx_word' id='word_1_484' title='bbox 1892 4298 1983 4352; x_wconf 88' lang='lat' dir='ltr'><strong>sed</strong></span> <span class='ocrx_word' id='word_1_485' title='bbox 2012 4296 2340 4366; x_wconf 85' lang='lat' dir='ltr'><strong>quandoque</strong></span> 
     </span>
    </p>
   </div>
   <div class='ocr_carea' id='block_1_71' title="bbox 764 4389 2339 4459">
    <p class='ocr_par' dir='ltr' id='par_1_71' title="bbox 764 4389 2339 4459">
     <span class='ocr_line' id='line_1_71' title="bbox 764 4389 2339 4459; baseline 0.001 -16"><span class='ocrx_word' id='word_1_486' title='bbox 764 4391 1009 4443; x_wconf 87' lang='lat' dir='ltr'><strong>hilariter</strong></span> <span class='ocrx_word' id='word_1_487' title='bbox 1032 4389 1341 4443; x_wconf 87' lang='lat' dir='ltr'><strong>distantiam</strong></span> <span class='ocrx_word' id='word_1_488' title='bbox 1368 4404 1397 4441; x_wconf 87' lang='lat' dir='ltr'><strong>a</strong></span> <span class='ocrx_word' id='word_1_489' title='bbox 1431 4389 1545 4442; x_wconf 89' lang='lat' dir='ltr'><strong>suis</strong></span> <span class='ocrx_word' id='word_1_490' title='bbox 1576 4389 2017 4458; x_wconf 80' lang='lat' dir='ltr'><strong>perferunt,quia</strong></span> <span class='ocrx_word' id='word_1_491' title='bbox 2051 4390 2184 4444; x_wconf 89' lang='lat' dir='ltr'><strong>lucri</strong></span> <span class='ocrx_word' id='word_1_492' title='bbox 2220 4406 2339 4459; x_wconf 91' lang='lat' dir='ltr'><strong>spes</strong></span> 
     </span>
    </p>
   </div>
   <div class='ocr_carea' id='block_1_72' title="bbox 2433 2941 3998 3033">
    <p class='ocr_par' dir='ltr' id='par_1_72' title="bbox 2433 2941 3998 3033">
     <span class='ocr_line' id='line_1_72' title="bbox 2433 2941 3998 3033; baseline 0.015 -42"><span class='ocrx_word' id='word_1_493' title='bbox 2433 2941 2593 2994; x_wconf 82' lang='grc' dir='ltr'>πλέον</span> <span class='ocrx_word' id='word_1_494' title='bbox 2621 2945 2717 3012; x_wconf 86' lang='grc' dir='ltr'>τὴν</span> <span class='ocrx_word' id='word_1_495' title='bbox 2740 2946 2933 2999; x_wconf 70' lang='grc' dir='ltr'>ἕνωσιν</span> <span class='ocrx_word' id='word_1_496' title='bbox 2961 2949 3354 3019; x_wconf 76' lang='grc' dir='ltr'>ἀπεργάζεται,</span> <span class='ocrx_word' id='word_1_497' title='bbox 3381 2954 3528 3024; x_wconf 79' lang='grc' dir='ltr'>ὅλης,</span> <span class='ocrx_word' id='word_1_498' title='bbox 3569 2958 3643 3021; x_wconf 84' lang='grc' dir='ltr'><strong>ὡς</strong></span> <span class='ocrx_word' id='word_1_499' title='bbox 3676 2962 3866 3028; x_wconf 72' lang='grc' dir='ltr'>εἰπεῖν,</span> <span class='ocrx_word' id='word_1_500' title='bbox 3896 2964 3998 3033; x_wconf 76' lang='grc' dir='ltr'>τῆς</span> 
     </span>
    </p>
   </div>
   <div class='ocr_carea' id='block_1_73' title="bbox 2433 3034 3999 3122">
    <p class='ocr_par' dir='ltr' id='par_1_73' title="bbox 2433 3034 3999 3122">
     <span class='ocr_line' id='line_1_73' title="bbox 2433 3034 3999 3122; baseline 0.014 -38"><span class='ocrx_word' id='word_1_501' title='bbox 2433 3034 2673 3101; x_wconf 87' lang='grc' dir='ltr'>σχέσεως</span> <span class='ocrx_word' id='word_1_502' title='bbox 2735 3040 2816 3100; x_wconf 86' lang='grc' dir='ltr'><strong>είς</strong></span> <span class='ocrx_word' id='word_1_503' title='bbox 2870 3039 2968 3107; x_wconf 82' lang='grc' dir='ltr'>τὴν</span> <span class='ocrx_word' id='word_1_504' title='bbox 3019 3041 3128 3093; x_wconf 84' lang='grc' dir='ltr'><strong>τῶν</strong></span> <span class='ocrx_word' id='word_1_505' title='bbox 3174 3043 3361 3113; x_wconf 86' lang='grc' dir='ltr'>ψυχῶν</span> <span class='ocrx_word' id='word_1_506' title='bbox 3406 3047 3700 3116; x_wconf 84' lang='grc' dir='ltr'>συνάφειαν</span> <span class='ocrx_word' id='word_1_507' title='bbox 3743 3052 3999 3122; x_wconf 69' lang='grc' dir='ltr'>καθαρῶς</span> 
     </span>
    </p>
   </div>
   <div class='ocr_carea' id='block_1_74' title="bbox 2435 3124 4000 3209">
    <p class='ocr_par' dir='ltr' id='par_1_74' title="bbox 2435 3124 4000 3209">
     <span class='ocr_line' id='line_1_74' title="bbox 2435 3124 4000 3209; baseline 0.015 -36"><span class='ocrx_word' id='word_1_508' title='bbox 2435 3124 2881 3194; x_wconf 78' lang='grc' dir='ltr'>περιισταμένης,</span> <span class='ocrx_word' id='word_1_509' title='bbox 2940 3130 3032 3181; x_wconf 74' lang='grc' dir='ltr'>καὶ</span> <span class='ocrx_word' id='word_1_510' title='bbox 3088 3130 3162 3202; x_wconf 78' lang='grc' dir='ltr'>μὴ</span> <span class='ocrx_word' id='word_1_511' title='bbox 3210 3134 3497 3206; x_wconf 73' lang='grc' dir='ltr'>ἐθελούσης</span> <span class='ocrx_word' id='word_1_512' title='bbox 3546 3140 3881 3209; x_wconf 74' lang='grc' dir='ltr'>μερίζεσθαι,</span> <span class='ocrx_word' id='word_1_513' title='bbox 3914 3139 4000 3205; x_wconf 68' lang='grc' dir='ltr'>οἷς</span> 
     </span>
    </p>
   </div>
   <div class='ocr_carea' id='block_1_75' title="bbox 2438 3214 4001 3291">
    <p class='ocr_par' dir='ltr' id='par_1_75' title="bbox 2438 3214 4001 3291">
     <span class='ocr_line' id='line_1_75' title="bbox 2438 3214 4001 3291; baseline 0.016 -29"><span class='ocrx_word' id='word_1_514' title='bbox 2438 3214 2727 3279; x_wconf 77' lang='grc' dir='ltr'>ὑποϐάλλει</span> <span class='ocrx_word' id='word_1_515' title='bbox 2774 3217 2881 3269; x_wconf 84' lang='grc' dir='ltr'>τῶν</span> <span class='ocrx_word' id='word_1_516' title='bbox 2934 3222 3201 3289; x_wconf 84' lang='grc' dir='ltr'>σωμάτων</span> <span class='ocrx_word' id='word_1_517' title='bbox 3239 3226 3271 3291; x_wconf 83' lang='grc' dir='ltr'>ἡ</span> <span class='ocrx_word' id='word_1_518' title='bbox 3312 3226 3525 3289; x_wconf 74' lang='grc' dir='ltr'>ἓνωσις.</span> <span class='ocrx_word' id='word_1_519' title='bbox 3555 3231 3630 3281; x_wconf 83' lang='grc' dir='ltr'><strong>Οὐ</strong></span> <span class='ocrx_word' id='word_1_520' title='bbox 3662 3232 3837 3283; x_wconf 79' lang='grc' dir='ltr'>τοίνυν</span> <span class='ocrx_word' id='word_1_521' title='bbox 3867 3234 4001 3286; x_wconf 81' lang='grc' dir='ltr'><strong>ἁου-</strong></span> 
     </span>
    </p>
   </div>
   <div class='ocr_carea' id='block_1_76' title="bbox 2437 3303 4001 3391">
    <p class='ocr_par' dir='ltr' id='par_1_76' title="bbox 2437 3303 4001 3391">
     <span class='ocr_line' id='line_1_76' title="bbox 2437 3303 4001 3391; baseline 0.017 -41"><span class='ocrx_word' id='word_1_522' title='bbox 2437 3303 2559 3391; x_wconf 84' lang='grc' dir='ltr'>μεῖν</span> <span class='ocrx_word' id='word_1_523' title='bbox 2584 3303 2755 3365; x_wconf 81' lang='grc' dir='ltr'>ἀξιον,</span> <span class='ocrx_word' id='word_1_524' title='bbox 2787 3305 2867 3357; x_wconf 82' lang='grc' dir='ltr'>ὅτι</span> <span class='ocrx_word' id='word_1_525' title='bbox 2892 3310 3001 3367; x_wconf 85' lang='grc' dir='ltr'>τοῖς</span> <span class='ocrx_word' id='word_1_526' title='bbox 3023 3308 3235 3378; x_wconf 87' lang='grc' dir='ltr'>σώμασι</span> <span class='ocrx_word' id='word_1_527' title='bbox 3270 3313 3659 3384; x_wconf 82' lang='grc' dir='ltr'>διεστήκαμεν,</span> <span class='ocrx_word' id='word_1_528' title='bbox 3695 3320 3827 3373; x_wconf 80' lang='grc' dir='ltr'>ἀλλὰ</span> <span class='ocrx_word' id='word_1_529' title='bbox 3860 3325 4001 3391; x_wconf 81' lang='grc' dir='ltr'><strong>μᾶλ-</strong></span> 
     </span>
    </p>
   </div>
   <div class='ocr_carea' id='block_1_77' title="bbox 2434 3386 4002 3476">
    <p class='ocr_par' dir='ltr' id='par_1_77' title="bbox 2434 3386 4002 3476">
     <span class='ocr_line' id='line_1_77' title="bbox 2434 3386 4002 3476; baseline 0.016 -37"><span class='ocrx_word' id='word_1_530' title='bbox 2434 3386 2522 3447; x_wconf 76' lang='grc' dir='ltr'><strong>λον</strong></span> <span class='ocrx_word' id='word_1_531' title='bbox 2547 3391 2725 3458; x_wconf 85' lang='grc' dir='ltr'>είδὼς,</span> <span class='ocrx_word' id='word_1_532' title='bbox 2754 3394 2891 3461; x_wconf 85' lang='grc' dir='ltr'>ὅπερ</span> <span class='ocrx_word' id='word_1_533' title='bbox 2947 3396 3102 3466; x_wconf 72' lang='grc' dir='ltr'>ἔφην,</span> <span class='ocrx_word' id='word_1_534' title='bbox 3137 3400 3219 3452; x_wconf 85' lang='grc' dir='ltr'><strong>δτι</strong></span> <span class='ocrx_word' id='word_1_535' title='bbox 3262 3402 3421 3454; x_wconf 76' lang='grc' dir='ltr'>πλέον</span> <span class='ocrx_word' id='word_1_536' title='bbox 3461 3404 3537 3473; x_wconf 80' lang='grc' dir='ltr'><strong>τῷ</strong></span> <span class='ocrx_word' id='word_1_537' title='bbox 3571 3407 3839 3476; x_wconf 78' lang='grc' dir='ltr'>πνεύματι</span> <span class='ocrx_word' id='word_1_538' title='bbox 3872 3429 4002 3463; x_wconf 91' lang='grc' dir='ltr'>συν-</span> 
     </span>
    </p>
   </div>
   <div class='ocr_carea' id='block_1_78' title="bbox 2435 3482 4049 3570">
    <p class='ocr_par' dir='ltr' id='par_1_78' title="bbox 2435 3482 4049 3570">
     <span class='ocr_line' id='line_1_78' title="bbox 2435 3482 4049 3570; baseline 0.015 -39"><span class='ocrx_word' id='word_1_539' title='bbox 2435 3482 2739 3551; x_wconf 87' lang='grc' dir='ltr'>απτόμεθα,</span> <span class='ocrx_word' id='word_1_540' title='bbox 2769 3485 3097 3558; x_wconf 82' lang='grc' dir='ltr'>ὑψηλότερος</span> <span class='ocrx_word' id='word_1_541' title='bbox 3120 3491 3282 3556; x_wconf 83' lang='grc' dir='ltr'>γενοῦ</span> <span class='ocrx_word' id='word_1_542' title='bbox 3321 3510 3412 3562; x_wconf 84' lang='grc' dir='ltr'><strong>μοι</strong></span> <span class='ocrx_word' id='word_1_543' title='bbox 3458 3497 3799 3565; x_wconf 79' lang='grc' dir='ltr'>τῆςὲκεῖθεν</span> <span class='ocrx_word' id='word_1_544' title='bbox 3840 3519 4001 3570; x_wconf 83' lang='grc' dir='ltr'>περι-</span> <span class='ocrx_word' id='word_1_545' title='bbox 4044 3517 4049 3522; x_wconf 84' lang='grc'><em>’</em></span> 
     </span>
    </p>
   </div>
   <div class='ocr_carea' id='block_1_79' title="bbox 2438 3574 4002 3662">
    <p class='ocr_par' dir='ltr' id='par_1_79' title="bbox 2438 3574 4002 3662">
     <span class='ocr_line' id='line_1_79' title="bbox 2438 3574 4002 3662; baseline 0.015 -39"><span class='ocrx_word' id='word_1_546' title='bbox 2438 3574 2659 3643; x_wconf 85' lang='grc' dir='ltr'>σπώσης</span> <span class='ocrx_word' id='word_1_547' title='bbox 2692 3577 2784 3627; x_wconf 77' lang='grc' dir='ltr'><strong>τὸν</strong></span> <span class='ocrx_word' id='word_1_548' title='bbox 2818 3578 3077 3661; x_wconf 81' lang='grc' dir='ltr'>λογισμὸν</span> <span class='ocrx_word' id='word_1_549' title='bbox 3114 3582 3467 3653; x_wconf 82' lang='grc' dir='ltr'>διοχλήσεως,</span> <span class='ocrx_word' id='word_1_550' title='bbox 3501 3590 3592 3641; x_wconf 76' lang='grc' dir='ltr'>καὶ</span> <span class='ocrx_word' id='word_1_551' title='bbox 3619 3590 3717 3659; x_wconf 82' lang='grc' dir='ltr'>τῆς</span> <span class='ocrx_word' id='word_1_552' title='bbox 3750 3594 4002 3662; x_wconf 70' lang='grc' dir='ltr'>ἐγκεχει-</span> 
     </span>
    </p>
   </div>
   <div class='ocr_carea' id='block_1_80' title="bbox 2426 3660 4001 3749">
    <p class='ocr_par' dir='ltr' id='par_1_80' title="bbox 2426 3660 4001 3749">
     <span class='ocr_line' id='line_1_80' title="bbox 2426 3660 4001 3749; baseline 0.013 -35"><span class='ocrx_word' id='word_1_553' title='bbox 2426 3660 2699 3735; x_wconf 84' lang='grc' dir='ltr'>ρισμένης</span> <span class='ocrx_word' id='word_1_554' title='bbox 2730 3683 2812 3719; x_wconf 89' lang='grc' dir='ltr'><strong>σοι</strong></span> <span class='ocrx_word' id='word_1_555' title='bbox 2856 3660 3005 3738; x_wconf 82' lang='grc' dir='ltr'><strong>παρά</strong></span> <span class='ocrx_word' id='word_1_556' title='bbox 3052 3672 3146 3723; x_wconf 84' lang='grc' dir='ltr'><strong>τοῦ</strong></span> <span class='ocrx_word' id='word_1_557' title='bbox 3192 3677 3460 3741; x_wconf 89' lang='grc' dir='ltr'>παναγίου</span> <span class='ocrx_word' id='word_1_558' title='bbox 3504 3679 3814 3749; x_wconf 84' lang='grc' dir='ltr'>Πνεύματος</span> <span class='ocrx_word' id='word_1_559' title='bbox 3875 3660 4001 3745; x_wconf 78' lang='grc' dir='ltr'>δλος</span> 
     </span>
    </p>
   </div>
   <div class='ocr_carea' id='block_1_81' title="bbox 2435 3750 4001 3840">
    <p class='ocr_par' dir='ltr' id='par_1_81' title="bbox 2435 3750 4001 3840">
     <span class='ocr_line' id='line_1_81' title="bbox 2435 3750 4001 3840; baseline 0.013 -37"><span class='ocrx_word' id='word_1_560' title='bbox 2435 3750 2509 3805; x_wconf 80' lang='grc' dir='ltr'><strong>ὢν</strong></span> <span class='ocrx_word' id='word_1_561' title='bbox 2546 3754 2843 3824; x_wconf 78' lang='grc' dir='ltr'>ἱερωτάτης</span> <span class='ocrx_word' id='word_1_562' title='bbox 2884 3758 3257 3839; x_wconf 84' lang='grc' dir='ltr'>ἀγαλλιάσεως</span> <span class='ocrx_word' id='word_1_563' title='bbox 3284 3763 3517 3835; x_wconf 81' lang='grc' dir='ltr'>πλήρης,</span> <span class='ocrx_word' id='word_1_564' title='bbox 3552 3769 3775 3838; x_wconf 79' lang='grc' dir='ltr'>ἀντέχου</span> <span class='ocrx_word' id='word_1_565' title='bbox 3798 3786 3815 3802; x_wconf 74' lang='grc' dir='ltr'><strong>ο</strong></span> <span class='ocrx_word' id='word_1_566' title='bbox 3860 3773 4001 3840; x_wconf 77' lang='grc' dir='ltr'>πρὸς</span> 
     </span>
    </p>
   </div>
   <div class='ocr_carea' id='block_1_82' title="bbox 2435 3844 4001 3929">
    <p class='ocr_par' dir='ltr' id='par_1_82' title="bbox 2435 3844 4001 3929">
     <span class='ocr_line' id='line_1_82' title="bbox 2435 3844 4001 3929; baseline 0.013 -36"><span class='ocrx_word' id='word_1_567' title='bbox 2435 3844 2663 3912; x_wconf 77' lang='grc' dir='ltr'>ἐκείνην</span> <span class='ocrx_word' id='word_1_568' title='bbox 2699 3844 2794 3914; x_wconf 81' lang='grc' dir='ltr'>τὴν</span> <span class='ocrx_word' id='word_1_569' title='bbox 2850 3845 3027 3916; x_wconf 74' lang='grc' dir='ltr'>ψυχὴν</span> <span class='ocrx_word' id='word_1_570' title='bbox 3072 3853 3476 3921; x_wconf 84' lang='grc' dir='ltr'>περιστρέφων,</span> <span class='ocrx_word' id='word_1_571' title='bbox 3519 3856 3613 3909; x_wconf 84' lang='grc' dir='ltr'>καὶ</span> <span class='ocrx_word' id='word_1_572' title='bbox 3660 3859 3757 3929; x_wconf 79' lang='grc' dir='ltr'><strong>την</strong></span> <span class='ocrx_word' id='word_1_573' title='bbox 3788 3861 4001 3914; x_wconf 79' lang='grc' dir='ltr'>ἐκεῖθεν</span> 
     </span>
    </p>
   </div>
   <div class='ocr_carea' id='block_1_83' title="bbox 2390 3934 4001 4019">
    <p class='ocr_par' dir='ltr' id='par_1_83' title="bbox 2390 3934 4001 4019">
     <span class='ocr_line' id='line_1_83' title="bbox 2390 3934 4001 4019; baseline 0.014 -37"><span class='ocrx_word' id='word_1_574' title='bbox 2390 3978 2393 3982; x_wconf 89' lang='grc'>.</span> <span class='ocrx_word' id='word_1_575' title='bbox 2437 3934 2714 4002; x_wconf 82' lang='grc' dir='ltr'>φυομένην</span> <span class='ocrx_word' id='word_1_576' title='bbox 2770 3935 2964 4006; x_wconf 76' lang='grc' dir='ltr'>ἡδονὴν</span> <span class='ocrx_word' id='word_1_577' title='bbox 3018 3938 3095 4008; x_wconf 84' lang='grc' dir='ltr'><strong>τῷ</strong></span> <span class='ocrx_word' id='word_1_578' title='bbox 3142 3941 3353 4011; x_wconf 82' lang='grc' dir='ltr'>Σωτῆρι</span> <span class='ocrx_word' id='word_1_579' title='bbox 3392 3947 3605 3999; x_wconf 79' lang='grc' dir='ltr'>πάντων</span> <span class='ocrx_word' id='word_1_580' title='bbox 3642 3951 3858 4019; x_wconf 81' lang='grc' dir='ltr'>Χριστῷ</span> <span class='ocrx_word' id='word_1_581' title='bbox 3899 3956 4001 4007; x_wconf 79' lang='grc' dir='ltr'>καὶ</span> 
     </span>
    </p>
   </div>
   <div class='ocr_carea' id='block_1_84' title="bbox 2436 4023 4000 4113">
    <p class='ocr_par' dir='ltr' id='par_1_84' title="bbox 2436 4023 4000 4113">
     <span class='ocr_line' id='line_1_84' title="bbox 2436 4023 4000 4113; baseline 0.015 -42"><span class='ocrx_word' id='word_1_582' title='bbox 2436 4023 2569 4089; x_wconf 78' lang='grc' dir='ltr'>ἡμῖν</span> <span class='ocrx_word' id='word_1_583' title='bbox 2606 4025 2716 4085; x_wconf 88' lang='grc' dir='ltr'>τοῖς</span> <span class='ocrx_word' id='word_1_584' title='bbox 2772 4030 3074 4089; x_wconf 86' lang='grc' dir='ltr'>ταπεινοῖς,</span> <span class='ocrx_word' id='word_1_585' title='bbox 3128 4031 3221 4081; x_wconf 84' lang='grc' dir='ltr'>καὶ</span> <span class='ocrx_word' id='word_1_586' title='bbox 3284 4030 3384 4101; x_wconf 76' lang='grc' dir='ltr'><strong>τὴν</strong></span> <span class='ocrx_word' id='word_1_587' title='bbox 3424 4036 3507 4086; x_wconf 80' lang='grc' dir='ltr'>σοὶ</span> <span class='ocrx_word' id='word_1_588' title='bbox 3560 4041 4000 4113; x_wconf 71' lang='grc' dir='ltr'>προσγενομένην</span> 
     </span>
    </p>
   </div>
   <div class='ocr_carea' id='block_1_85' title="bbox 2437 4112 3999 4197">
    <p class='ocr_par' dir='ltr' id='par_1_85' title="bbox 2437 4112 3999 4197">
     <span class='ocr_line' id='line_1_85' title="bbox 2437 4112 3999 4197; baseline 0.012 -33"><span class='ocrx_word' id='word_1_589' title='bbox 2437 4112 2593 4176; x_wconf 83' lang='grc' dir='ltr'>δόξαν</span> <span class='ocrx_word' id='word_1_590' title='bbox 2641 4130 2699 4165; x_wconf 90' lang='grc' dir='ltr'><strong>τε</strong></span> <span class='ocrx_word' id='word_1_591' title='bbox 2730 4115 2826 4169; x_wconf 81' lang='grc' dir='ltr'>καὶ</span> <span class='ocrx_word' id='word_1_592' title='bbox 2860 4116 3144 4183; x_wconf 81' lang='grc' dir='ltr'>ὠφέλειαν,</span> <span class='ocrx_word' id='word_1_593' title='bbox 3195 4119 3368 4173; x_wconf 84' lang='grc' dir='ltr'>ὀπίσω</span> <span class='ocrx_word' id='word_1_594' title='bbox 3394 4124 3556 4192; x_wconf 78' lang='grc' dir='ltr'>ῥίψας</span> <span class='ocrx_word' id='word_1_595' title='bbox 3604 4127 3702 4197; x_wconf 82' lang='grc' dir='ltr'>τὴν</span> <span class='ocrx_word' id='word_1_596' title='bbox 3734 4112 3999 4197; x_wconf 80' lang='grc' dir='ltr'>ἀθυμίαν,</span> 
     </span>
    </p>
   </div>
   <div class='ocr_carea' id='block_1_86' title="bbox 2438 4203 4005 4287">
    <p class='ocr_par' dir='ltr' id='par_1_86' title="bbox 2438 4203 4005 4287">
     <span class='ocr_line' id='line_1_86' title="bbox 2438 4203 4005 4287; baseline 0.011 -33"><span class='ocrx_word' id='word_1_597' title='bbox 2438 4204 2533 4254; x_wconf 72' lang='grc' dir='ltr'>καὶ</span> <span class='ocrx_word' id='word_1_598' title='bbox 2582 4203 2912 4274; x_wconf 45' lang='grc' dir='ltr'>τὰηὲκέίνης</span> <span class='ocrx_word' id='word_1_599' title='bbox 2968 4207 3104 4282; x_wconf 76' lang='grc' dir='ltr'>ἀηδῇ</span> <span class='ocrx_word' id='word_1_600' title='bbox 3158 4209 3517 4280; x_wconf 78' lang='grc' dir='ltr'>ὲνοχλήματα.</span> <span class='ocrx_word' id='word_1_601' title='bbox 3561 4214 3620 4267; x_wconf 85' lang='grc' dir='ltr'>Εἰ</span> <span class='ocrx_word' id='word_1_602' title='bbox 3663 4219 3774 4287; x_wconf 74' lang='grc' dir='ltr'><strong>γὰρ</strong></span> <span class='ocrx_word' id='word_1_603' title='bbox 3811 4220 4005 4274; x_wconf 76' lang='grc' dir='ltr'>ἕνεκεν</span> 
     </span>
    </p>
   </div>
   <div class='ocr_carea' id='block_1_87' title="bbox 2440 4292 4001 4375">
    <p class='ocr_par' dir='ltr' id='par_1_87' title="bbox 2440 4292 4001 4375">
     <span class='ocr_line' id='line_1_87' title="bbox 2440 4292 4001 4375; baseline 0.011 -34"><span class='ocrx_word' id='word_1_604' title='bbox 2440 4292 2629 4360; x_wconf 83' lang='grc' dir='ltr'>γηῖνου</span> <span class='ocrx_word' id='word_1_605' title='bbox 2653 4295 2873 4375; x_wconf 77' lang='grc' dir='ltr'>κέρδους</span> <span class='ocrx_word' id='word_1_606' title='bbox 2897 4296 3114 4365; x_wconf 82' lang='grc' dir='ltr'>μακρὰς</span> <span class='ocrx_word' id='word_1_607' title='bbox 3128 4296 3434 4369; x_wconf 80' lang='grc' dir='ltr'>ὁδοιπορίας</span> <span class='ocrx_word' id='word_1_608' title='bbox 3469 4302 3809 4371; x_wconf 82' lang='grc' dir='ltr'>στελλόμενοι</span> <span class='ocrx_word' id='word_1_609' title='bbox 3830 4306 4001 4373; x_wconf 85' lang='grc' dir='ltr'>τινὲς,</span> 
     </span>
    </p>
   </div>
   <div class='ocr_carea' id='block_1_88' title="bbox 2441 4383 4001 4467">
    <p class='ocr_par' dir='ltr' id='par_1_88' title="bbox 2441 4383 4001 4467">
     <span class='ocr_line' id='line_1_88' title="bbox 2441 4383 4001 4467; baseline 0.009 -32"><span class='ocrx_word' id='word_1_610' title='bbox 2441 4383 2534 4436; x_wconf 79' lang='grc' dir='ltr'>καὶ</span> <span class='ocrx_word' id='word_1_611' title='bbox 2560 4386 2781 4451; x_wconf 87' lang='grc' dir='ltr'>γονέων,</span> <span class='ocrx_word' id='word_1_612' title='bbox 2802 4386 2891 4438; x_wconf 80' lang='grc' dir='ltr'>καὶ</span> <span class='ocrx_word' id='word_1_613' title='bbox 2915 4388 3193 4454; x_wconf 80' lang='grc' dir='ltr'>γυναικὸς,</span> <span class='ocrx_word' id='word_1_614' title='bbox 3228 4390 3324 4442; x_wconf 78' lang='grc' dir='ltr'>καὶ</span> <span class='ocrx_word' id='word_1_615' title='bbox 3401 4393 3606 4445; x_wconf 82' lang='grc' dir='ltr'>παίδων</span> <span class='ocrx_word' id='word_1_616' title='bbox 3658 4395 4001 4467; x_wconf 86' lang='grc' dir='ltr'>ἀποστερού-</span> 
     </span>
    </p>
   </div>
   <div class='ocr_carea' id='block_1_89' title="bbox 762 4475 2335 4557">
    <p class='ocr_par' dir='ltr' id='par_1_89' title="bbox 762 4480 2333 4557">
     <span class='ocr_line' id='line_1_89' title="bbox 762 4480 2333 4557; baseline 0.001 -23"><span class='ocrx_word' id='word_1_617' title='bbox 762 4481 1039 4534; x_wconf 85' lang='lat' dir='ltr'><strong>tristitiam</strong></span> <span class='ocrx_word' id='word_1_618' title='bbox 1077 4480 1343 4534; x_wconf 89' lang='lat' dir='ltr'><strong>convertit</strong></span> <span class='ocrx_word' id='word_1_619' title='bbox 1378 4480 1429 4530; x_wconf 92' lang='lat' dir='ltr'><strong>in</strong></span> <span class='ocrx_word' id='word_1_620' title='bbox 1454 4480 1707 4548; x_wconf 83' lang='lat' dir='ltr'><strong>gaudium</strong></span> <span class='ocrx_word' id='word_1_621' title='bbox 1744 4495 1758 4545; x_wconf 91' lang='lat'><strong>;</strong></span> <span class='ocrx_word' id='word_1_622' title='bbox 1793 4481 1920 4549; x_wconf 87' lang='lat' dir='ltr'><strong>quid</strong></span> <span class='ocrx_word' id='word_1_623' title='bbox 1968 4496 2062 4535; x_wconf 89' lang='lat' dir='ltr'><strong>eos</strong></span> <span class='ocrx_word' id='word_1_624' title='bbox 2093 4483 2333 4557; x_wconf 78' lang='lat' dir='ltr'><strong>cogitare</strong></span> 
     </span>
    </p>
   </div>
   <div class='ocr_carea' id='block_1_90' title="bbox 2430 4475 4004 4557">
    <p class='ocr_par' dir='ltr' id='par_1_90' title="bbox 2441 4475 4004 4554">
     <span class='ocr_line' id='line_1_90' title="bbox 2441 4475 4004 4554; baseline 0.01 -31"><span class='ocrx_word' id='word_1_625' title='bbox 2441 4489 2613 4541; x_wconf 91' lang='grc' dir='ltr'>μενοι,</span> <span class='ocrx_word' id='word_1_626' title='bbox 2637 4475 2696 4525; x_wconf 88' lang='grc' dir='ltr'>οὺ</span> <span class='ocrx_word' id='word_1_627' title='bbox 2728 4476 2888 4543; x_wconf 88' lang='grc' dir='ltr'>μόνον</span> <span class='ocrx_word' id='word_1_628' title='bbox 2914 4477 3013 4529; x_wconf 88' lang='grc' dir='ltr'>οὐκ</span> <span class='ocrx_word' id='word_1_629' title='bbox 3039 4477 3376 4547; x_wconf 74' lang='grc' dir='ltr'>ἀθυμοῦσιν,</span> <span class='ocrx_word' id='word_1_630' title='bbox 3411 4480 3547 4534; x_wconf 85' lang='grc' dir='ltr'><strong>ἀλλά</strong></span> <span class='ocrx_word' id='word_1_631' title='bbox 3590 4486 3681 4535; x_wconf 78' lang='grc' dir='ltr'>καὶ</span> <span class='ocrx_word' id='word_1_632' title='bbox 3716 4488 4004 4554; x_wconf 72' lang='grc' dir='ltr'>χαίροντες</span> 
     </span>
    </p>
   </div>
   <div class='ocr_carea' id='block_1_91' title="bbox 766 4568 2336 4640">
    <p class='ocr_par' dir='ltr' id='par_1_91' title="bbox 766 4568 2336 4640">
     <span class='ocr_line' id='line_1_91' title="bbox 766 4568 2336 4640; baseline 0 -16"><span class='ocrx_word' id='word_1_633' title='bbox 766 4572 960 4636; x_wconf 88' lang='lat' dir='ltr'><strong>decet,</strong></span> <span class='ocrx_word' id='word_1_634' title='bbox 985 4570 1077 4640; x_wconf 89' lang='lat' dir='ltr'><strong>qui</strong></span> <span class='ocrx_word' id='word_1_635' title='bbox 1108 4578 1314 4623; x_wconf 91' lang='lat' dir='ltr'><strong>tantum</strong></span> <span class='ocrx_word' id='word_1_636' title='bbox 1351 4568 1722 4638; x_wconf 87' lang='lat' dir='ltr'><strong>adipiscuntur</strong></span> <span class='ocrx_word' id='word_1_637' title='bbox 1745 4578 2042 4639; x_wconf 68' lang='lat' dir='ltr'><strong>quaestum,</strong></span> <span class='ocrx_word' id='word_1_638' title='bbox 2073 4580 2336 4639; x_wconf 82' lang='lat' dir='ltr'><strong>quantum</strong></span> 
     </span>
    </p>
   </div>
   <div class='ocr_carea' id='block_1_92' title="bbox 768 4661 2338 4732">
    <p class='ocr_par' dir='ltr' id='par_1_92' title="bbox 768 4661 2338 4732">
     <span class='ocr_line' id='line_1_92' title="bbox 768 4661 2338 4732; baseline -0.002 -16"><span class='ocrx_word' id='word_1_639' title='bbox 768 4664 869 4731; x_wconf 83' lang='lat' dir='ltr'><strong>ipsi</strong></span> <span class='ocrx_word' id='word_1_640' title='bbox 902 4663 1075 4732; x_wconf 85' lang='lat' dir='ltr'><strong>angeli</strong></span> <span class='ocrx_word' id='word_1_641' title='bbox 1111 4661 1452 4715; x_wconf 78' lang='lat' dir='ltr'><strong>desiderent?</strong></span> <span class='ocrx_word' id='word_1_642' title='bbox 1496 4661 1647 4725; x_wconf 87' lang='lat' dir='ltr'><strong>Quod</strong></span> <span class='ocrx_word' id='word_1_643' title='bbox 1688 4662 1731 4713; x_wconf 87' lang='lat' dir='ltr'><strong>si</strong></span> <span class='ocrx_word' id='word_1_644' title='bbox 1763 4672 1957 4714; x_wconf 88' lang='lat' dir='ltr'><strong>memet</strong></span> <span class='ocrx_word' id='word_1_645' title='bbox 1996 4662 2209 4715; x_wconf 88' lang='lat' dir='ltr'><strong>videndi</strong></span> <span class='ocrx_word' id='word_1_646' title='bbox 2243 4676 2338 4716; x_wconf 85' lang='lat' dir='ltr'><strong>cu-</strong></span> 
     </span>
    </p>
   </div>
   <div class='ocr_carea' id='block_1_93' title="bbox 768 4740 2335 4824">
    <p class='ocr_par' dir='ltr' id='par_1_93' title="bbox 768 4740 2335 4824">
     <span class='ocr_line' id='line_1_93' title="bbox 768 4740 2335 4824; baseline -0.001 -16"><span class='ocrx_word' id='word_1_647' title='bbox 768 4756 928 4824; x_wconf 84' lang='lat' dir='ltr'><strong>pidus</strong></span> <span class='ocrx_word' id='word_1_648' title='bbox 957 4756 1034 4808; x_wconf 83' lang='lat' dir='ltr'><strong>sis</strong></span> <span class='ocrx_word' id='word_1_649' title='bbox 1075 4762 1133 4806; x_wconf 83' lang='lat' dir='ltr'><strong>et</strong></span> <span class='ocrx_word' id='word_1_650' title='bbox 1162 4752 1367 4807; x_wconf 79' lang='lat' dir='ltr'><strong>fervido</strong></span> <span class='ocrx_word' id='word_1_651' title='bbox 1424 4751 1631 4806; x_wconf 84' lang='lat' dir='ltr'><strong>visendi</strong></span> <span class='ocrx_word' id='word_1_652' title='bbox 1660 4751 1929 4806; x_wconf 87' lang='lat' dir='ltr'><strong>desiderio</strong></span> <span class='ocrx_word' id='word_1_653' title='bbox 1978 4751 2165 4821; x_wconf 83' lang='lat' dir='ltr'><strong>ﬂagret</strong></span> <span class='ocrx_word' id='word_1_654' title='bbox 2198 4740 2335 4807; x_wconf 78' lang='lat' dir='ltr'><strong>ani—</strong></span> 
     </span>
    </p>
   </div>
   <div class='ocr_carea' id='block_1_94' title="bbox 774 4844 2334 4915">
    <p class='ocr_par' dir='ltr' id='par_1_94' title="bbox 774 4844 2334 4915">
     <span class='ocr_line' id='line_1_94' title="bbox 774 4844 2334 4915; baseline -0.004 -12"><span class='ocrx_word' id='word_1_655' title='bbox 774 4864 894 4903; x_wconf 92' lang='lat' dir='ltr'><strong>mus</strong></span> <span class='ocrx_word' id='word_1_656' title='bbox 918 4886 934 4912; x_wconf 94' lang='lat'><strong>,</strong></span> <span class='ocrx_word' id='word_1_657' title='bbox 966 4856 1018 4901; x_wconf 87' lang='lat' dir='ltr'><strong>et</strong></span> <span class='ocrx_word' id='word_1_658' title='bbox 1045 4845 1308 4915; x_wconf 86' lang='lat' dir='ltr'><strong>imprimis</strong></span> <span class='ocrx_word' id='word_1_659' title='bbox 1359 4846 1403 4899; x_wconf 87' lang='lat' dir='ltr'><strong>si</strong></span> <span class='ocrx_word' id='word_1_660' title='bbox 1443 4846 1546 4899; x_wconf 92' lang='lat' dir='ltr'><strong>hoc</strong></span> <span class='ocrx_word' id='word_1_661' title='bbox 1597 4845 1726 4899; x_wconf 90' lang='lat' dir='ltr'><strong>utile</strong></span> <span class='ocrx_word' id='word_1_662' title='bbox 1764 4847 1919 4899; x_wconf 90' lang='lat' dir='ltr'><strong>nobis</strong></span> <span class='ocrx_word' id='word_1_663' title='bbox 1956 4844 2154 4909; x_wconf 81' lang='lat' dir='ltr'><strong>fuerit,</strong></span> <span class='ocrx_word' id='word_1_664' title='bbox 2201 4858 2334 4898; x_wconf 89' lang='lat' dir='ltr'><strong>con-</strong></span> 
     </span>
    </p>
   </div>
   <div class='ocr_carea' id='block_1_95' title="bbox 772 4932 2338 5004">
    <p class='ocr_par' dir='ltr' id='par_1_95' title="bbox 772 4932 2338 5004">
     <span class='ocr_line' id='line_1_95' title="bbox 772 4932 2338 5004; baseline 0 -14"><span class='ocrx_word' id='word_1_665' title='bbox 772 4939 927 4992; x_wconf 89' lang='lat' dir='ltr'><strong>cedat</strong></span> <span class='ocrx_word' id='word_1_666' title='bbox 969 4936 1281 4990; x_wconf 87' lang='lat' dir='ltr'><strong>misericors</strong></span> <span class='ocrx_word' id='word_1_667' title='bbox 1328 4932 1625 5000; x_wconf 90' lang='lat' dir='ltr'><strong>Dominus;</strong></span> <span class='ocrx_word' id='word_1_668' title='bbox 1679 4936 1762 4988; x_wconf 88' lang='lat' dir='ltr'><strong>sin</strong></span> <span class='ocrx_word' id='word_1_669' title='bbox 1820 4936 2183 5004; x_wconf 87' lang='lat' dir='ltr'><strong>possessionis</strong></span> <span class='ocrx_word' id='word_1_670' title='bbox 2209 4951 2338 5003; x_wconf 83' lang='lat' dir='ltr'><strong>gau-</strong></span> 
     </span>
    </p>
   </div>
   <div class='ocr_carea' id='block_1_96' title="bbox 768 5027 2339 5103">
    <p class='ocr_par' dir='ltr' id='par_1_96' title="bbox 768 5027 2339 5103">
     <span class='ocr_line' id='line_1_96' title="bbox 768 5027 2339 5103; baseline 0 -20"><span class='ocrx_word' id='word_1_671' title='bbox 768 5031 921 5084; x_wconf 87' lang='lat' dir='ltr'><strong>dium</strong></span> <span class='ocrx_word' id='word_1_672' title='bbox 950 5036 1172 5088; x_wconf 89' lang='lat' dir='ltr'><strong>reseeet,</strong></span> <span class='ocrx_word' id='word_1_673' title='bbox 1200 5039 1363 5096; x_wconf 87' lang='lat' dir='ltr'><strong>atque</strong></span> <span class='ocrx_word' id='word_1_674' title='bbox 1391 5027 1537 5081; x_wconf 89' lang='lat' dir='ltr'><strong>aliud</strong></span> <span class='ocrx_word' id='word_1_675' title='bbox 1576 5027 1774 5081; x_wconf 86' lang='lat' dir='ltr'><strong>tribuat</strong></span> <span class='ocrx_word' id='word_1_676' title='bbox 1804 5027 2030 5103; x_wconf 70' lang='lat' dir='ltr'><strong>melius,</strong></span> <span class='ocrx_word' id='word_1_677' title='bbox 2072 5028 2215 5083; x_wconf 88' lang='lat' dir='ltr'><strong>illius</strong></span> <span class='ocrx_word' id='word_1_678' title='bbox 2239 5043 2339 5083; x_wconf 88' lang='lat' dir='ltr'><strong>nos</strong></span> 
     </span>
    </p>
   </div>
   <div class='ocr_carea' id='block_1_97' title="bbox 772 5118 2337 5188">
    <p class='ocr_par' dir='ltr' id='par_1_97' title="bbox 772 5118 2337 5188">
     <span class='ocr_line' id='line_1_97' title="bbox 772 5118 2337 5188; baseline -0.001 -13"><span class='ocrx_word' id='word_1_679' title='bbox 772 5120 1215 5175; x_wconf 89' lang='lat' dir='ltr'><strong>commendamus</strong></span> <span class='ocrx_word' id='word_1_680' title='bbox 1257 5118 1609 5186; x_wconf 85' lang='lat' dir='ltr'><strong>benignitati,</strong></span> <span class='ocrx_word' id='word_1_681' title='bbox 1653 5134 1815 5188; x_wconf 90' lang='lat' dir='ltr'><strong>quam</strong></span> <span class='ocrx_word' id='word_1_682' title='bbox 1870 5133 1969 5172; x_wconf 91' lang='lat' dir='ltr'><strong>nec</strong></span> <span class='ocrx_word' id='word_1_683' title='bbox 2007 5128 2216 5188; x_wconf 86' lang='lat' dir='ltr'><strong>tempus</strong></span> <span class='ocrx_word' id='word_1_684' title='bbox 2249 5135 2337 5174; x_wconf 81' lang='lat' dir='ltr'><strong>se-</strong></span> 
     </span>
    </p>
   </div>
   <div class='ocr_carea' id='block_1_98' title="bbox 774 5211 2337 5282">
    <p class='ocr_par' dir='ltr' id='par_1_98' title="bbox 774 5211 2337 5282">
     <span class='ocr_line' id='line_1_98' title="bbox 774 5211 2337 5282; baseline -0.003 -15"><span class='ocrx_word' id='word_1_685' title='bbox 774 5222 971 5282; x_wconf 89' lang='lat' dir='ltr'><strong>parat,</strong></span> <span class='ocrx_word' id='word_1_686' title='bbox 1018 5226 1118 5266; x_wconf 89' lang='lat' dir='ltr'><strong>nec</strong></span> <span class='ocrx_word' id='word_1_687' title='bbox 1154 5211 1345 5276; x_wconf 70' lang='lat' dir='ltr'><strong>iocus,</strong></span> <span class='ocrx_word' id='word_1_688' title='bbox 1396 5225 1494 5264; x_wconf 87' lang='lat' dir='ltr'><strong>nec</strong></span> <span class='ocrx_word' id='word_1_689' title='bbox 1553 5211 1658 5264; x_wconf 87' lang='lat' dir='ltr'><strong>alia</strong></span> <span class='ocrx_word' id='word_1_690' title='bbox 1703 5226 1886 5265; x_wconf 89' lang='lat' dir='ltr'><strong>rerum</strong></span> <span class='ocrx_word' id='word_1_691' title='bbox 1930 5211 2188 5275; x_wconf 90' lang='lat' dir='ltr'><strong>conditio,</strong></span> <span class='ocrx_word' id='word_1_692' title='bbox 2229 5212 2337 5264; x_wconf 93' lang='lat' dir='ltr'><strong>imo</strong></span> 
     </span>
    </p>
   </div>
   <div class='ocr_carea' id='block_1_99' title="bbox 775 5298 2333 5369">
    <p class='ocr_par' dir='ltr' id='par_1_99' title="bbox 775 5298 2333 5369">
     <span class='ocr_line' id='line_1_99' title="bbox 775 5298 2333 5369; baseline -0.003 -14"><span class='ocrx_word' id='word_1_693' title='bbox 775 5300 1240 5357; x_wconf 83' lang='lat' dir='ltr'><strong>immarcessibilis</strong></span> <span class='ocrx_word' id='word_1_694' title='bbox 1260 5299 1706 5369; x_wconf 75' lang='lat' dir='ltr'><strong>exspectantibus</strong></span> <span class='ocrx_word' id='word_1_695' title='bbox 1760 5307 2069 5354; x_wconf 89' lang='lat' dir='ltr'><strong>reservatur</strong></span> <span class='ocrx_word' id='word_1_696' title='bbox 2131 5298 2333 5352; x_wconf 71' lang='lat' dir='ltr'><strong>laetitia.</strong></span> 
     </span>
    </p>
   </div>
   <div class='ocr_carea' id='block_1_100' title="bbox 774 5387 2342 5459">
    <p class='ocr_par' dir='ltr' id='par_1_100' title="bbox 774 5387 2342 5459">
     <span class='ocr_line' id='line_1_100' title="bbox 774 5387 2342 5459; baseline -0.004 -12"><span class='ocrx_word' id='word_1_697' title='bbox 774 5393 927 5447; x_wconf 76' lang='lat' dir='ltr'><strong>Adsit</strong></span> <span class='ocrx_word' id='word_1_698' title='bbox 962 5393 1098 5457; x_wconf 92' lang='lat' dir='ltr'><strong>tibi,</strong></span> <span class='ocrx_word' id='word_1_699' title='bbox 1128 5392 1201 5444; x_wconf 81' lang='lat' dir='ltr'><strong>nti</strong></span> <span class='ocrx_word' id='word_1_700' title='bbox 1232 5391 1341 5457; x_wconf 84' lang='lat' dir='ltr'><strong>ﬁli,</strong></span> <span class='ocrx_word' id='word_1_701' title='bbox 1380 5389 1542 5444; x_wconf 85' lang='lat' dir='ltr'><strong>Pater</strong></span> <span class='ocrx_word' id='word_1_702' title='bbox 1588 5389 1851 5459; x_wconf 81' lang='lat' dir='ltr'><strong>benignus</strong></span> <span class='ocrx_word' id='word_1_703' title='bbox 1893 5399 1945 5443; x_wconf 91' lang='lat' dir='ltr'><strong>et</strong></span> <span class='ocrx_word' id='word_1_704' title='bbox 1988 5387 2129 5442; x_wconf 89' lang='lat' dir='ltr'><strong>Deus</strong></span> <span class='ocrx_word' id='word_1_705' title='bbox 2159 5397 2342 5441; x_wconf 88' lang='lat' dir='ltr'><strong>noster</strong></span> 
     </span>
    </p>
   </div>
   <div class='ocr_carea' id='block_1_101' title="bbox 775 5478 2339 5552">
    <p class='ocr_par' dir='ltr' id='par_1_101' title="bbox 775 5478 2339 5552">
     <span class='ocr_line' id='line_1_101' title="bbox 775 5478 2339 5552; baseline -0.003 -17"><span class='ocrx_word' id='word_1_706' title='bbox 775 5490 1065 5552; x_wconf 82' lang='lat' dir='ltr'><strong>perpetuo;</strong></span> <span class='ocrx_word' id='word_1_707' title='bbox 1098 5492 1149 5535; x_wconf 90' lang='lat' dir='ltr'><strong>te</strong></span> <span class='ocrx_word' id='word_1_708' title='bbox 1177 5490 1456 5546; x_wconf 85' lang='lat' dir='ltr'><strong>sustentet,</strong></span> <span class='ocrx_word' id='word_1_709' title='bbox 1484 5480 1574 5551; x_wconf 87' lang='lat' dir='ltr'><strong>qui</strong></span> <span class='ocrx_word' id='word_1_710' title='bbox 1594 5480 1870 5551; x_wconf 87' lang='lat' dir='ltr'><strong>evangelio</strong></span> <span class='ocrx_word' id='word_1_711' title='bbox 1895 5481 2010 5549; x_wconf 86' lang='lat' dir='ltr'><strong>ejus</strong></span> <span class='ocrx_word' id='word_1_712' title='bbox 2044 5478 2339 5543; x_wconf 88' lang='lat' dir='ltr'><strong>inservias;</strong></span> 
     </span>
    </p>
   </div>
   <div class='ocr_carea' id='block_1_102' title="bbox 777 5568 2336 5640">
    <p class='ocr_par' dir='ltr' id='par_1_102' title="bbox 777 5568 2336 5640">
     <span class='ocr_line' id='line_1_102' title="bbox 777 5568 2336 5640; baseline -0.001 -17"><span class='ocrx_word' id='word_1_713' title='bbox 777 5586 891 5640; x_wconf 82' lang='lat' dir='ltr'><strong>ipse</strong></span> <span class='ocrx_word' id='word_1_714' title='bbox 924 5571 1115 5625; x_wconf 81' lang='lat' dir='ltr'><strong>liberet</strong></span> <span class='ocrx_word' id='word_1_715' title='bbox 1173 5581 1224 5624; x_wconf 90' lang='lat' dir='ltr'><strong>te</strong></span> <span class='ocrx_word' id='word_1_716' title='bbox 1270 5570 1502 5625; x_wconf 85' lang='lat' dir='ltr'><strong>tristitiae</strong></span> <span class='ocrx_word' id='word_1_717' title='bbox 1539 5571 1776 5625; x_wconf 87' lang='lat' dir='ltr'><strong>tenebris</strong></span> <span class='ocrx_word' id='word_1_718' title='bbox 1811 5582 1865 5624; x_wconf 88' lang='lat' dir='ltr'><strong>et</strong></span> <span class='ocrx_word' id='word_1_719' title='bbox 1911 5568 2336 5638; x_wconf 76' lang='lat' dir='ltr'><strong>inexstinguibili</strong></span> 
     </span>
    </p>
   </div>
   <div class='ocr_carea' id='block_1_103' title="bbox 776 5664 1275 5718">
    <p class='ocr_par' dir='ltr' id='par_1_103' title="bbox 776 5664 1275 5718">
     <span class='ocr_line' id='line_1_103' title="bbox 776 5664 1275 5718; baseline -0.002 0"><span class='ocrx_word' id='word_1_720' title='bbox 776 5669 947 5718; x_wconf 89' lang='lat' dir='ltr'><strong>donet</strong></span> <span class='ocrx_word' id='word_1_721' title='bbox 979 5664 1275 5717; x_wconf 87' lang='lat' dir='ltr'><strong>hilaritate.</strong></span> 
     </span>
    </p>
   </div>
   <div class='ocr_carea' id='block_1_104' title="bbox 2435 4563 4003 4647">
    <p class='ocr_par' dir='ltr' id='par_1_104' title="bbox 2435 4563 4003 4647">
     <span class='ocr_line' id='line_1_104' title="bbox 2435 4563 4003 4647; baseline 0.008 -32"><span class='ocrx_word' id='word_1_722' title='bbox 2435 4563 2607 4617; x_wconf 70' lang='grc' dir='ltr'>ἐνίοτε</span> <span class='ocrx_word' id='word_1_723' title='bbox 2648 4565 3002 4636; x_wconf 85' lang='grc' dir='ltr'>ἀναδέχονται</span> <span class='ocrx_word' id='word_1_724' title='bbox 3047 4568 3145 4637; x_wconf 84' lang='grc' dir='ltr'><strong>τὴν</strong></span> <span class='ocrx_word' id='word_1_725' title='bbox 3175 4569 3483 4635; x_wconf 82' lang='grc' dir='ltr'>διάστασιν,</span> <span class='ocrx_word' id='word_1_726' title='bbox 3519 4573 3615 4642; x_wconf 84' lang='grc' dir='ltr'>τῆς</span> <span class='ocrx_word' id='word_1_727' title='bbox 3648 4576 3710 4626; x_wconf 80' lang='grc' dir='ltr'>ἐκ</span> <span class='ocrx_word' id='word_1_728' title='bbox 3740 4575 3834 4627; x_wconf 86' lang='grc' dir='ltr'><strong>τοῦ</strong></span> <span class='ocrx_word' id='word_1_729' title='bbox 3868 4578 4003 4647; x_wconf 84' lang='grc' dir='ltr'>κέρ-</span> 
     </span>
    </p>
   </div>
   <div class='ocr_carea' id='block_1_105' title="bbox 2433 4655 4002 4736">
    <p class='ocr_par' dir='ltr' id='par_1_105' title="bbox 2433 4655 4002 4736">
     <span class='ocr_line' id='line_1_105' title="bbox 2433 4655 4002 4736; baseline 0.01 -30"><span class='ocrx_word' id='word_1_730' title='bbox 2433 4655 2554 4718; x_wconf 91' lang='grc' dir='ltr'>δους</span> <span class='ocrx_word' id='word_1_731' title='bbox 2572 4656 2781 4736; x_wconf 75' lang='grc' dir='ltr'>ἐλπίδος</span> <span class='ocrx_word' id='word_1_732' title='bbox 2797 4658 2854 4709; x_wconf 81' lang='grc' dir='ltr'>τὸ</span> <span class='ocrx_word' id='word_1_733' title='bbox 2876 4659 3088 4729; x_wconf 88' lang='grc' dir='ltr'>χαίρειν</span> <span class='ocrx_word' id='word_1_734' title='bbox 3104 4662 3223 4713; x_wconf 82' lang='grc' dir='ltr'>ἀντὶ</span> <span class='ocrx_word' id='word_1_735' title='bbox 3248 4660 3340 4713; x_wconf 84' lang='grc' dir='ltr'><strong>τοῦ</strong></span> <span class='ocrx_word' id='word_1_736' title='bbox 3358 4662 3585 4731; x_wconf 82' lang='grc' dir='ltr'>ἀθυμεῖν</span> <span class='ocrx_word' id='word_1_737' title='bbox 3609 4665 4002 4736; x_wconf 76' lang='grc' dir='ltr'>χαριζομένης,</span> 
     </span>
    </p>
   </div>
   <div class='ocr_carea' id='block_1_106' title="bbox 2432 4730 4005 4823">
    <p class='ocr_par' dir='ltr' id='par_1_106' title="bbox 2432 4730 4005 4823">
     <span class='ocr_line' id='line_1_106' title="bbox 2432 4730 4005 4823; baseline 0.008 -24"><span class='ocrx_word' id='word_1_738' title='bbox 2432 4750 2483 4800; x_wconf 88' lang='grc' dir='ltr'><strong>τί</strong></span> <span class='ocrx_word' id='word_1_739' title='bbox 2514 4749 2591 4801; x_wconf 88' lang='grc' dir='ltr'><strong>δεῖ</strong></span> <span class='ocrx_word' id='word_1_740' title='bbox 2617 4730 2833 4819; x_wconf 76' lang='grc' dir='ltr'>φρονεῖν</span> <span class='ocrx_word' id='word_1_741' title='bbox 2863 4754 2988 4813; x_wconf 77' lang='grc' dir='ltr'>τοὺς</span> <span class='ocrx_word' id='word_1_742' title='bbox 3015 4746 3127 4804; x_wconf 79' lang='grc' dir='ltr'>οἷον</span> <span class='ocrx_word' id='word_1_743' title='bbox 3153 4752 3443 4821; x_wconf 88' lang='grc' dir='ltr'>μέλλοντας</span> <span class='ocrx_word' id='word_1_744' title='bbox 3485 4730 3863 4823; x_wconf 34' lang='grc' dir='ltr'>κερδαίνειν-ἀ</span> <span class='ocrx_word' id='word_1_745' title='bbox 3904 4730 4005 4812; x_wconf 57' lang='grc' dir='ltr'>καί.</span> 
     </span>
    </p>
   </div>
   <div class='ocr_carea' id='block_1_107' title="bbox 2432 4840 4007 4919">
    <p class='ocr_par' dir='ltr' id='par_1_107' title="bbox 2432 4840 4007 4919">
     <span class='ocr_line' id='line_1_107' title="bbox 2432 4840 4007 4919; baseline 0.008 -27"><span class='ocrx_word' id='word_1_746' title='bbox 2432 4840 2681 4905; x_wconf 85' lang='grc' dir='ltr'>ἀγγέλοις</span> <span class='ocrx_word' id='word_1_747' title='bbox 2708 4841 2785 4902; x_wconf 87' lang='grc' dir='ltr'><strong>είς</strong></span> <span class='ocrx_word' id='word_1_748' title='bbox 2810 4841 3127 4916; x_wconf 77' lang='grc' dir='ltr'>ἐπιθυμίαν,</span> <span class='ocrx_word' id='word_1_749' title='bbox 3149 4845 3242 4896; x_wconf 81' lang='grc' dir='ltr'>καὶ</span> <span class='ocrx_word' id='word_1_750' title='bbox 3274 4845 3439 4913; x_wconf 87' lang='grc' dir='ltr'>μόνης</span> <span class='ocrx_word' id='word_1_751' title='bbox 3455 4846 3778 4901; x_wconf 74' lang='grc' dir='ltr'>καθίσταται</span> <span class='ocrx_word' id='word_1_752' title='bbox 3816 4868 3969 4919; x_wconf 82' lang='grc' dir='ltr'>παρα</span> <span class='ocrx_word' id='word_1_753' title='bbox 3987 4880 4007 4895; x_wconf 84' lang='grc'><strong>-</strong></span> 
     </span>
    </p>
   </div>
   <div class='ocr_carea' id='block_1_108' title="bbox 2433 4929 4002 5011">
    <p class='ocr_par' dir='ltr' id='par_1_108' title="bbox 2433 4929 4002 5011">
     <span class='ocr_line' id='line_1_108' title="bbox 2433 4929 4002 5011; baseline 0.008 -30"><span class='ocrx_word' id='word_1_754' title='bbox 2433 4929 2684 4997; x_wconf 86' lang='grc' dir='ltr'>κύψεως;</span> <span class='ocrx_word' id='word_1_755' title='bbox 2737 4929 2876 4983; x_wconf 77' lang='grc' dir='ltr'>Ἀλλ’</span> <span class='ocrx_word' id='word_1_756' title='bbox 2907 4932 3053 4994; x_wconf 83' lang='grc' dir='ltr'>εἰκὸς</span> <span class='ocrx_word' id='word_1_757' title='bbox 3106 4933 3506 5003; x_wconf 77' lang='grc' dir='ltr'>ἐνθυμούμενον</span> <span class='ocrx_word' id='word_1_758' title='bbox 3544 4936 3604 4987; x_wconf 80' lang='grc' dir='ltr'>τὸ</span> <span class='ocrx_word' id='word_1_759' title='bbox 3641 4940 3715 5007; x_wconf 82' lang='grc' dir='ltr'>μὴ</span> <span class='ocrx_word' id='word_1_760' title='bbox 3747 4938 3825 4993; x_wconf 76' lang='grc' dir='ltr'>ἔτι</span> <span class='ocrx_word' id='word_1_761' title='bbox 3857 4943 4002 5011; x_wconf 72' lang='grc' dir='ltr'>πρὸς</span> 
     </span>
    </p>
   </div>
   <div class='ocr_carea' id='block_1_109' title="bbox 2436 5018 3994 5097">
    <p class='ocr_par' dir='ltr' id='par_1_109' title="bbox 2436 5018 3994 5097">
     <span class='ocr_line' id='line_1_109' title="bbox 2436 5018 3994 5097; baseline 0.007 -27"><span class='ocrx_word' id='word_1_762' title='bbox 2436 5018 2561 5071; x_wconf 88' lang='grc' dir='ltr'>θέαν</span> <span class='ocrx_word' id='word_1_763' title='bbox 2592 5021 2929 5088; x_wconf 84' lang='grc' dir='ltr'>καταστῆναι</span> <span class='ocrx_word' id='word_1_764' title='bbox 2960 5021 3233 5090; x_wconf 86' lang='grc' dir='ltr'>ἀλλήλοις,</span> <span class='ocrx_word' id='word_1_765' title='bbox 3288 5024 3599 5077; x_wconf 86' lang='grc' dir='ltr'>κεντεῖσθαι</span> <span class='ocrx_word' id='word_1_766' title='bbox 3626 5029 3723 5095; x_wconf 80' lang='grc' dir='ltr'>τὴν</span> <span class='ocrx_word' id='word_1_767' title='bbox 3755 5031 3994 5097; x_wconf 83' lang='grc' dir='ltr'>καρδίαν</span> 
     </span>
    </p>
   </div>
   <div class='ocr_carea' id='block_1_110' title="bbox 2438 5109 4003 5187">
    <p class='ocr_par' dir='ltr' id='par_1_110' title="bbox 2438 5109 4003 5187">
     <span class='ocr_line' id='line_1_110' title="bbox 2438 5109 4003 5187; baseline 0.006 -25"><span class='ocrx_word' id='word_1_768' title='bbox 2438 5109 2541 5162; x_wconf 81' lang='grc' dir='ltr'><strong>ὑπὸ</strong></span> <span class='ocrx_word' id='word_1_769' title='bbox 2571 5110 2666 5163; x_wconf 87' lang='grc' dir='ltr'><strong>τοῦ</strong></span> <span class='ocrx_word' id='word_1_770' title='bbox 2700 5110 2903 5181; x_wconf 85' lang='grc' dir='ltr'>θερμοῦ</span> <span class='ocrx_word' id='word_1_771' title='bbox 2952 5112 3087 5182; x_wconf 78' lang='grc' dir='ltr'>πρὸς</span> <span class='ocrx_word' id='word_1_772' title='bbox 3134 5115 3280 5182; x_wconf 78' lang='grc' dir='ltr'>ἡμᾶς</span> <span class='ocrx_word' id='word_1_773' title='bbox 3323 5114 3511 5177; x_wconf 84' lang='grc' dir='ltr'>πόθου,</span> <span class='ocrx_word' id='word_1_774' title='bbox 3542 5116 3775 5183; x_wconf 77' lang='grc' dir='ltr'>μάλιστα</span> <span class='ocrx_word' id='word_1_775' title='bbox 3806 5120 3908 5187; x_wconf 76' lang='grc' dir='ltr'><strong>μὲν</strong></span> <span class='ocrx_word' id='word_1_776' title='bbox 3951 5121 4003 5172; x_wconf 88' lang='grc' dir='ltr'><strong>εἰ</strong></span> 
     </span>
    </p>
   </div>
   <div class='ocr_carea' id='block_1_111' title="bbox 2438 5201 4008 5273">
    <p class='ocr_par' dir='ltr' id='par_1_111' title="bbox 2438 5201 4008 5273">
     <span class='ocr_line' id='line_1_111' title="bbox 2438 5201 4008 5273; baseline 0.005 -20"><span class='ocrx_word' id='word_1_777' title='bbox 2438 5204 2532 5254; x_wconf 79' lang='grc' dir='ltr'>καὶ</span> <span class='ocrx_word' id='word_1_778' title='bbox 2569 5201 2727 5254; x_wconf 87' lang='grc' dir='ltr'>τοῦτο</span> <span class='ocrx_word' id='word_1_779' title='bbox 2759 5203 3052 5273; x_wconf 86' lang='grc' dir='ltr'>συμφέροι,</span> <span class='ocrx_word' id='word_1_780' title='bbox 3096 5204 3323 5272; x_wconf 82' lang='grc' dir='ltr'>παρέξει</span> <span class='ocrx_word' id='word_1_781' title='bbox 3354 5206 3382 5256; x_wconf 83' lang='grc' dir='ltr'>ὁ</span> <span class='ocrx_word' id='word_1_782' title='bbox 3416 5206 3639 5272; x_wconf 80' lang='grc' dir='ltr'>ἀγαθός.</span> <span class='ocrx_word' id='word_1_783' title='bbox 3674 5208 3734 5258; x_wconf 79' lang='lat' dir='ltr'><strong>Et</strong></span> <span class='ocrx_word' id='word_1_784' title='bbox 3775 5207 3831 5259; x_wconf 85' lang='grc' dir='ltr'>δὲ</span> <span class='ocrx_word' id='word_1_785' title='bbox 3866 5208 4008 5261; x_wconf 77' lang='grc' dir='ltr'>ὑπο-</span> 
     </span>
    </p>
   </div>
   <div class='ocr_carea' id='block_1_112' title="bbox 2437 5293 4008 5366">
    <p class='ocr_par' dir='ltr' id='par_1_112' title="bbox 2437 5293 4008 5366">
     <span class='ocr_line' id='line_1_112' title="bbox 2437 5293 4008 5366; baseline 0.004 -23"><span class='ocrx_word' id='word_1_786' title='bbox 2437 5295 2683 5361; x_wconf 86' lang='grc' dir='ltr'>τεμεῖται</span> <span class='ocrx_word' id='word_1_787' title='bbox 2727 5293 2825 5364; x_wconf 80' lang='grc' dir='ltr'>τὴν</span> <span class='ocrx_word' id='word_1_788' title='bbox 2870 5295 3127 5365; x_wconf 84' lang='grc' dir='ltr'>τοιαύτην</span> <span class='ocrx_word' id='word_1_789' title='bbox 3153 5296 3469 5360; x_wconf 77' lang='grc' dir='ltr'>ἀπόλαυσιν,</span> <span class='ocrx_word' id='word_1_790' title='bbox 3510 5297 3624 5349; x_wconf 78' lang='grc' dir='ltr'>ἀλλ’</span> <span class='ocrx_word' id='word_1_791' title='bbox 3646 5298 3767 5349; x_wconf 79' lang='grc' dir='ltr'>ἀντὶ</span> <span class='ocrx_word' id='word_1_792' title='bbox 3792 5298 4008 5366; x_wconf 77' lang='grc' dir='ltr'>ταύτης</span> 
     </span>
    </p>
   </div>
   <div class='ocr_carea' id='block_1_113' title="bbox 2437 5387 4007 5463">
    <p class='ocr_par' dir='ltr' id='par_1_113' title="bbox 2437 5387 4007 5463">
     <span class='ocr_line' id='line_1_113' title="bbox 2437 5387 4007 5463; baseline 0.004 -26"><span class='ocrx_word' id='word_1_793' title='bbox 2437 5389 2732 5455; x_wconf 85' lang='grc' dir='ltr'>χαριεῖται,</span> <span class='ocrx_word' id='word_1_794' title='bbox 2764 5387 3108 5456; x_wconf 86' lang='grc' dir='ltr'>πεποίθαμεν</span> <span class='ocrx_word' id='word_1_795' title='bbox 3162 5393 3231 5459; x_wconf 81' lang='grc' dir='ltr'><strong>τῇ</strong></span> <span class='ocrx_word' id='word_1_796' title='bbox 3278 5391 3486 5443; x_wconf 72' lang='grc' dir='ltr'>ἐκείνου</span> <span class='ocrx_word' id='word_1_797' title='bbox 3532 5391 3864 5460; x_wconf 82' lang='grc' dir='ltr'>χρηστότητι</span> <span class='ocrx_word' id='word_1_798' title='bbox 3900 5396 4007 5463; x_wconf 77' lang='grc' dir='ltr'>τὴν</span> 
     </span>
    </p>
   </div>
   <div class='ocr_carea' id='block_1_114' title="bbox 2439 5478 4006 5551">
    <p class='ocr_par' dir='ltr' id='par_1_114' title="bbox 2439 5478 4006 5551">
     <span class='ocr_line' id='line_1_114' title="bbox 2439 5478 4006 5551; baseline 0.005 -22"><span class='ocrx_word' id='word_1_799' title='bbox 2439 5478 2668 5547; x_wconf 83' lang='grc' dir='ltr'>ἀμείνω,</span> <span class='ocrx_word' id='word_1_800' title='bbox 2724 5479 2790 5549; x_wconf 75' lang='grc' dir='ltr'><strong>ἡν</strong></span> <span class='ocrx_word' id='word_1_801' title='bbox 2842 5479 2965 5533; x_wconf 80' lang='grc' dir='ltr'>οὔτε</span> <span class='ocrx_word' id='word_1_802' title='bbox 3017 5481 3206 5551; x_wconf 86' lang='grc' dir='ltr'>χρόνος</span> <span class='ocrx_word' id='word_1_803' title='bbox 3245 5482 3544 5551; x_wconf 83' lang='grc' dir='ltr'>διατέμνει,</span> <span class='ocrx_word' id='word_1_804' title='bbox 3589 5484 3649 5535; x_wconf 85' lang='grc' dir='ltr'><strong>ού</strong></span> <span class='ocrx_word' id='word_1_805' title='bbox 3680 5482 3867 5545; x_wconf 84' lang='grc' dir='ltr'>τόπος,</span> <span class='ocrx_word' id='word_1_806' title='bbox 3898 5486 4006 5537; x_wconf 82' lang='grc' dir='ltr'>οὐκ</span> 
     </span>
    </p>
   </div>
   <div class='ocr_carea' id='block_1_115' title="bbox 2436 5570 4006 5643">
    <p class='ocr_par' dir='ltr' id='par_1_115' title="bbox 2436 5570 4006 5643">
     <span class='ocr_line' id='line_1_115' title="bbox 2436 5570 4006 5643; baseline 0.001 -20"><span class='ocrx_word' id='word_1_807' title='bbox 2436 5570 2572 5641; x_wconf 70' lang='grc' dir='ltr'>ἄλλη</span> <span class='ocrx_word' id='word_1_808' title='bbox 2603 5588 2686 5633; x_wconf 88' lang='grc' dir='ltr'><strong>τις</strong></span> <span class='ocrx_word' id='word_1_809' title='bbox 2740 5574 3060 5643; x_wconf 86' lang='grc' dir='ltr'>περίστασις</span> <span class='ocrx_word' id='word_1_810' title='bbox 3098 5575 3316 5640; x_wconf 72' lang='grc' dir='ltr'>ἔξωθεν,</span> <span class='ocrx_word' id='word_1_811' title='bbox 3352 5576 3468 5629; x_wconf 85' lang='grc' dir='ltr'>ἀλλ’</span> <span class='ocrx_word' id='word_1_812' title='bbox 3514 5576 3602 5629; x_wconf 79' lang='grc' dir='ltr'>ἀεὶ</span> <span class='ocrx_word' id='word_1_813' title='bbox 3658 5574 4006 5643; x_wconf 78' lang='grc' dir='ltr'>παραμένειν</span> 
     </span>
    </p>
   </div>
   <div class='ocr_carea' id='block_1_116' title="bbox 2435 5664 4002 5740">
    <p class='ocr_par' dir='ltr' id='par_1_116' title="bbox 2435 5664 4002 5740">
     <span class='ocr_line' id='line_1_116' title="bbox 2435 5664 4002 5740; baseline 0.001 -24"><span class='ocrx_word' id='word_1_814' title='bbox 2435 5666 2548 5728; x_wconf 85' lang='grc' dir='ltr'>τοῖς</span> <span class='ocrx_word' id='word_1_815' title='bbox 2614 5664 2866 5720; x_wconf 85' lang='grc' dir='ltr'>συνοῦσιν</span> <span class='ocrx_word' id='word_1_816' title='bbox 2906 5668 3221 5739; x_wconf 83' lang='grc' dir='ltr'>ἀμάραντον</span> <span class='ocrx_word' id='word_1_817' title='bbox 3262 5669 3611 5740; x_wconf 86' lang='grc' dir='ltr'>παρεχομένη</span> <span class='ocrx_word' id='word_1_818' title='bbox 3643 5671 3741 5738; x_wconf 75' lang='grc' dir='ltr'>τὴν</span> <span class='ocrx_word' id='word_1_819' title='bbox 3771 5669 4002 5738; x_wconf 73' lang='grc' dir='ltr'>ἡδονήν.</span> 
     </span>
    </p>
   </div>
   <div class='ocr_carea' id='block_1_117' title="bbox 791 5757 4003 5836">
    <p class='ocr_par' dir='ltr' id='par_1_117' title="bbox 791 5757 4003 5836">
     <span class='ocr_line' id='line_1_117' title="bbox 791 5757 4003 5836; baseline 0.001 -22"><span class='ocrx_word' id='word_1_820' title='bbox 791 5759 846 5814; x_wconf 83' lang='grc'><strong>’0</strong></span> <span class='ocrx_word' id='word_1_821' title='bbox 889 5762 944 5814; x_wconf 64' lang='grc' dir='ltr'>δὲ</span> <span class='ocrx_word' id='word_1_822' title='bbox 988 5759 1367 5830; x_wconf 79' lang='grc' dir='ltr'>φιλάνθρωπος</span> <span class='ocrx_word' id='word_1_823' title='bbox 1414 5758 1571 5831; x_wconf 78' lang='grc' dir='ltr'>ημῶν</span> <span class='ocrx_word' id='word_1_824' title='bbox 1618 5758 1805 5829; x_wconf 81' lang='grc' dir='ltr'>Πατὴρ</span> <span class='ocrx_word' id='word_1_825' title='bbox 1856 5758 1948 5813; x_wconf 73' lang='grc' dir='ltr'>καὶ</span> <span class='ocrx_word' id='word_1_826' title='bbox 1994 5757 2124 5821; x_wconf 78' lang='grc' dir='ltr'>Θεὸς</span> <span class='ocrx_word' id='word_1_827' title='bbox 2192 5757 2377 5826; x_wconf 81' lang='grc' dir='ltr'>αὐτὸς,</span> <span class='ocrx_word' id='word_1_828' title='bbox 2416 5760 2606 5815; x_wconf 88' lang='grc' dir='ltr'>τέκνον</span> <span class='ocrx_word' id='word_1_829' title='bbox 2636 5760 2815 5831; x_wconf 75' lang='grc' dir='ltr'>ἡμῶν,</span> <span class='ocrx_word' id='word_1_830' title='bbox 2872 5762 3047 5817; x_wconf 83' lang='grc' dir='ltr'>συνὼν</span> <span class='ocrx_word' id='word_1_831' title='bbox 3117 5764 3460 5827; x_wconf 85' lang='grc' dir='ltr'>ἀδιαστάτως</span> <span class='ocrx_word' id='word_1_832' title='bbox 3500 5767 3586 5836; x_wconf 84' lang='grc' dir='ltr'>εἰη</span> <span class='ocrx_word' id='word_1_833' title='bbox 3620 5766 3713 5817; x_wconf 74' lang='grc' dir='ltr'>καὶ</span> <span class='ocrx_word' id='word_1_834' title='bbox 3747 5779 4003 5816; x_wconf 84' lang='grc' dir='ltr'>συναντι·</span> 
     </span>
    </p>
   </div>
  </div>
