4182 6428
164 370 258 433 3ῙΠ

1611 363 2019 426 EPISTULE.

3308 359 3409 424 33‘!

162 476 581 548 λαμϐανόμενος
621 475 702 542 οἷς
737 478 1006 543 διακονεῖς
1061 479 1138 550 τῷ
1196 479 1516 550 Εύαγγελίῳ
1563 478 1753 540 αὑτοῦ,
1828 476 1922 529 καὶ
1975 474 2118 527 λύων
2181 474 2360 544 πάσης
2432 472 2659 544 ἀκηδὶας
2717 474 3170 546 σκυθρωπότητα,
3202 474 3414 539 καὶὴ-,ς

163 566 432 622 ἀσϐέστου
475 587 535 623 σε
563 570 923 642 φαιδρότητος
957 571 1252 638 καταξιῶν.

588 682 738 738 ΡΙΘ’.
794 683 1030 754 Ἀνδρέᾳ
1077 686 1342 755 Πατρῶν.

233 799 385 870 Ὀσῃ
436 797 772 869 στενοχωρίᾳ
826 798 1367 870 περιστοιχιζόμεθα,
1419 802 1511 854 καὶ
1570 801 1739 870 χωρὶς

165 890 254 942 τοῦ
287 891 441 960 ἡμᾶς
463 890 753 952 διδάσκειν.
781 891 842 944 οὐ
871 890 1197 959 λογιζόμεθά
1229 908 1314 956 σε,
1347 891 1535 946 τέκνον
1557 891 1736 962 ἡμῶν,

170 983 400 1048 ἀγνοεῖν.
453 980 516 1032 Ἢ
547 980 652 1050 γὰρ
673 980 782 1034 τῶν
813 980 1154 1050 πραγμάτων
1180 981 1420 1042 διάθεσις
1457 982 1557 1034 οὐκ
1592 981 1738 1034 ἐστιν

170 1075 271 1126 οἶα·
294 1071 586 1124 λανθάνειν
615 1075 689 1140 μὴ
719 1071 799 1140 ὅτι
822 1088 884 1138 γε
921 1072 1087 1141 ὑμᾶς,
1115 1072 1231 1125 ἀλλ’
1263 1074 1386 1126 οὐδὲ
1432 1074 1594 1128 ἄλλον
1619 1076 1738 1130 τινὰ

172 1166 255 1216 τὸν
294 1164 552 1234 τυχόντα.
588 1162 687 1216 Διά
726 1162 884 1217 τοῦτο
910 1165 1002 1216 επὶ
1038 1166 1150 1228 τοῖς
1182 1166 1414 1221 ενταῦθα
1451 1169 1737 1237 συνέχουσι

171 1254 382 1314 κακοῖς,
421 1251 518 1304 καὶ
554 1251 604 1304 οι
660 1250 721 1316 ἐξ
766 1251 966 1320 ἑτέρων
991 1251 1171 1306 τόπων
1221 1253 1342 1306 καθ’
1370 1253 1606 1323 ἑκάστην
1633 1255 1737 1322 ἁφ-

175 1341 482 1410 ικνούμενοι
509 1343 602 1394 καὶ
631 1340 988 1411 διοχλοῦντες,
1021 1343 1326 1415 βαρυτέραν
1351 1347 1448 1416 τὴν
1480 1363 1740 1418 στενοχω-

176 1437 290 1501 ρίαν
324 1435 463 1502 ἡμῖν
487 1432 911 1502 ἀπεργάζονται.
947 1437 1098 1490 Ἔδει
1127 1436 1239 1498 οὖν.
1266 1439 1460 1493 τέκνον
1498 1441 1653 1511 ἐμὸν,
1679 1445 1738 1496 ιν

174 1524 330 1575 παντὶ
366 1526 554 1594 τρόπῳ
580 1525 923 1593 προνοεῖσθαι
950 1525 1060 1580 τῶν
1077 1527 1302 1581 αὐτόθεν
1331 1529 1738 1600 ἀνερχομένων,

174 1617 259 1667 καὶ
316 1616 557 1683 μάλιστα
607 1615 714 1669 ύπδ
760 1621 860 1688 τὴν
916 1618 1016 1689 σὴν
1060 1621 1216 1690 χεῖρα
1284 1621 1602 1691 τελούντων,
1663 1623 1738 1697 μὴ

173 1704 510 1759 ἐπιτίθεσθαι
537 1707 669 1776 ἡμῖν
695 1707 794 1771 τὰς
820 1708 1262 1779 διοχλήσεις,κᾶν
1290 1730 1418 1767 ποτε
1450 1715 1537 1769 διὰ
1577 1720 1736 1772 πταί-

175 1812 356 1865 σματα
411 1790 501 1851 οἶα
545 1797 692 1865 φιλεῖ
719 1796 788 1851 τὰ
849 1799 1166 1871 ἀνθρώπινα
1215 1804 1536 1878 ἀποκίνησιν
1595 1811 1739 1872 τινὸς

175 1887 415 1958 συμϐαίη
445 1886 699 1954 γενέσθαι
731 1892 830 1961 τῆς
877 1892 968 1945 ὑπ’
992 1893 1173 1948 αὐτῶν
1204 1897 1584 1968 διοικουμένης
1624 1900 1739 1953 δια-

173 1981 379 2043 κονίας,
431 1979 596 2051 ἄλλης
642 1982 789 2046 τινὸς
835 1985 1123 2056 τυγχάνειν
1201 1991 1573 2059 παραμυθίας,
1625 1993 1745 2064 ἥτις

172 2070 394 2133 τούτους
420 2070 610 2142 ὥσπερ
648 2073 967 2143 ιξιλαρυνεῖ,
1000 2077 1096 2131 καὶ
1133 2077 1193 2132 τδ
1231 2080 1462 2137 ἄτακτον
1515 2085 1741 2156 πήδημα

171 2164 261 2229 τῆς
293 2164 533 2233 καρδίας
592 2166 872 2220 συστεῖλαι
906 2171 1340 2245 παρασκευάσει.
1383 2173 1498 2228 Νῦν
1537 2177 1592 2231 δὲ
1623 2179 1740 2243 πῶς

172 2255 300 2307 εῖπω
329 2255 408 2318 ὡς
443 2256 519 2328 μὴ
551 2256 840 2326 δυνάμενοι
881 2259 1055 2326 ἄλλως
1086 2263 1184 2333 τὴν
1232 2251 1506 2321 ἐπώδυνον
1540 2272 1741 2344 ταύτην

173 2345 348 2400 ἓλκειν
379 2347 549 2418 ζωὴν,
578 2349 720 2404 οὕτω
749 2354 1197 2423 κατατεινόμενοι
1236 2359 1355 2422 ταῖς
1386 2358 1596 2425 ὀδύναις
1651 2365 1742 2415 καὶ

173 2437 262 2506 τὴν
294 2438 483 2507 ψυχὴν
511 2443 952 2512 σπαρασσόμενοι
990 2443 1126 2513 πρὸς
1155 2445 1224 2500 τὰ
1270 2449 1505 2505 ἐνταῦθα
1566 2471 1744 2524 παρα-

175 2530 413 2595 γίνονται
448 2534 497 2584 οί
537 2534 601 2586 ὲκ
637 2539 747 2585 τῶν
763 2535 978 2589 οἰκείων
1008 2542 1470 2612 παρακινούμενοι
1501 2545 1744 2618 λειτουρ-

173 2620 316 2683 γιῶν.
349 2620 574 2675 Τούτων
603 2622 719 2676 εστι
757 2626 847 2677 καὶ
882 2625 1182 2698 Γρηγόριος
1212 2631 1240 2683 ὀ
1274 2633 1526 2704 μοναχδς,
1555 2636 1613 2700 ὃς
1642 2656 1742 2708 φη-

176 2724 276 2777 σιν,
315 2711 722 2797 ἀποδεδιῶχθαε
781 2719 1164 2787 μοναστηρίου,
1200 2720 1259 2774 έν
1313 2715 1357 2790 ᾧ
1388 2725 1740 2797 ἀπεκείρατο,

175 2803 258 2853 καὶ
285 2796 348 2856 οὗ
386 2806 780 2876 προτιμότερος
810 2803 878 2878 ἦν
917 2814 1460 2869 καταπεπιστεῦσθαι
1487 2796 1743 2889 τὴνδιοί-

174 2907 354 2959 κησιν,
389 2892 467 2956 ὼς
499 2895 682 2959 ἀλλοις
707 2913 766 2950 τε
803 2899 1026 2967 τρόποις
1076 2901 1440 2975 διαφέρουσαν
1468 2910 1619 2980 αύτῷ
1651 2914 1744 2965 καὶ

174 2986 231 3051 τῇ
260 2985 412 3038 κατὰ
449 2987 772 3054 συγγένειαν
795 2989 886 3042 τοῦ
910 2993 972 3044 τὸ
1006 2999 1371 3068 μοναστήριον
1395 3003 1741 3072 συστησαμέ-

175 3090 258 3125 νου
293 3073 662 3146 κληρονομίᾳ.
707 3077 846 3132 Ἀλλ’
893 3081 1100 3147 ἐκεῖνος
1155 3087 1255 3155 μὲν
1285 3087 1457 3142 ταῦτα
1514 3108 1742 3160 προστι-

175 3163 402 3226 θεὶ;,δτι
432 3166 581 3229 ξένος
613 3183 697 3230 τις
739 3171 834 3223 καὶ
879 3171 1156 3244 ἀλλότριος
1203 3176 1294 3230 καὶ
1329 3178 1500 3250 μηδὲν
1538 3180 1743 3237 δίκαιον

174 3258 242 3316 είς
259 3259 317 3308 τ’»
342 3259 540 3326 ἄρχειν
558 3257 649 3310 τοῦ
666 3264 1025 3332 μοναστηρίου
1051 3270 1407 3336 κεκτημένος,
1424 3272 1496 3342 μὴ
1520 3274 1738 3343 τρόπον,

177 3344 241 3412 μὴ
267 3344 414 3439 βίον,
453 3347 790 3439 μὴσυγγενῆ
824 3369 944 3406 τινα
969 3355 1262 3424 πρόφασιν,
1289 3361 1437 3428 παρὰ
1459 3362 1552 3415 σοῦ
1582 3381 1739 3435 προε-
1772 3377 1816 3439 c

175 3434 329 3506 κρίθη
367 3437 455 3500 εις
492 3437 590 3506 τὴν
629 3441 887 3512 τοιαύτην
919 3444 1267 3504 ἐπιστασίαν.
1297 3449 1488 3522 Ἡμεῖς
1528 3455 1585 3508 δὲ
1608 3434 1763 3511 τοῦτό

177 3540 247 3618 σοι
280 3528 600 3618 γράφομεν,
630 3529 704 3594 ὡς
731 3533 778 3584 εί
812 3532 914 3602 μὶν
944 3536 1043 3589 sca
1072 3539 1302 3610 γράμμα
1333 3543 1757 3618 ἡμῶνέπικομι-

174 3613 392 3682 ξάμενος
428 3617 852 3690 ἀληθῆιὲδίδαξε,
884 3627 977 3679 καὶ
1009 3628 1108 3681 οὐκ
1138 3630 1253 3684 εστι
1281 3648 1364 3696 τις
1401 3635 1549 3691 αἰτία
1577 3613 1755 3693 κωλύ-

173 3721 298 3759 ουσα
337 3708 441 3760 τοῦ
481 3713 851 3782 μοναστηρίου
885 3715 1076 3786 ἄρχειν
1100 3721 1285 3784 αὐτὸν.
1313 3725 1386 3795 μὴ
1433 3729 1754 3800 ἀποστερεί-

1761 659 1810 716 Δ

2080 647 2269 704 CXIX.
2295 679 2355 692 —
2379 649 2604 707 Andreae
2631 651 2877 707 Patrensi
2909 654 3167 722 episcopo.

1914 760 2127 826 Quanta
2184 761 2586 816 circumdemur
2640 762 2936 833 angustia,
2993 765 3094 817 etsi
3163 763 3257 818 tibi
3309 777 3416 816 nou

1842 850 2164 906 mandemus
2192 891 2207 917 ,
2239 851 2312 906 mi
2342 850 2416 906 illi
2445 891 2460 915 ,
2495 860 2672 907 tamen
2728 856 2977 924 ignorare
3020 867 3128 906 non
3189 856 3414 922 poteris.

1841 939 2001 995 Tales
2030 941 2171 995 enim
2203 950 2331 995 sunt
2357 956 2536 997 rerum
2565 942 2953 1010 conjuncturae,
2986 953 3042 998 ut
3106 957 3202 996 nec
3238 953 3288 995 te
3322 957 3420 997 nec

1840 1032 2150 1104 quempiam
2200 1035 2362 1088 alium
2424 1033 2705 1103 elfugiant.
2737 1019 3036 1103 ‘Siquidem
3095 1034 3161 1088 ad
3204 1047 3266 1088 ea
3301 1049 3422 1102 quas.

1841 1140 1956 1186 nos,
1994 1123 2307 1194 opprimunt
2347 1125 2520 1183 mala.
2548 1125 2653 1180 alia
2705 1125 2944 1195 quotidie
2996 1141 3061 1180 ex
3108 1124 3230 1180 aliis
3285 1125 3422 1178 locis

1840 1216 2091 1273 homines
2113 1215 2394 1273 conﬂuunt
2421 1227 2474 1271 et
2507 1232 2604 1272 nos
2636 1227 2886 1287 gravatos
2918 1217 3088 1283 magis
3120 1225 3422 1270 eoaretant.

1839 1309 2130 1380 Propterea
2161 1310 2251 1378 qui
2288 1307 2520 1363 diversis
2565 1319 2804 1377 praesunt
2837 1309 2970 1363 locis
3004 1321 3219 1362 omnem
3252 1306 3412 1359 adhi-

1841 1401 1972 1455 bere
1997 1400 2264 1454 debebant
2287 1398 2710 1454 sollicitudinem
2757 1406 2809 1452 et
2833 1397 3089 1461 maxime,
3117 1405 3193 1460 tu,
3237 1396 3308 1449 mi
3330 1395 3424 1456 ﬂii,

1839 1503 1964 1559 erga
2027 1490 2278 1545 subditos
2328 1499 2452 1545 tuos
2501 1532 2516 1554 ,
2580 1503 2647 1544 ne
2699 1489 3000 1558 majoribus
3057 1499 3430 1556 premeremur

1799 1564 1808 1577 ’
1844 1579 2345 1650 perturbationibus
2376 1619 2391 1644 ,
2444 1579 2536 1634 ubi
2594 1579 2724 1649 quid
2769 1579 2820 1631 in
2853 1586 3134 1644 utramque
3181 1587 3426 1645 partem,

1835 1669 1980 1740 quod
2011 1670 2149 1724 inter
2183 1669 2423 1725 homines
2452 1669 2625 1734 solet,
2676 1668 2944 1722 arrisisset
2965 1707 2978 1728 .
3012 1667 3064 1720 in
3119 1667 3250 1734 ipsis
3298 1665 3430 1720 locis

1840 1760 2115 1830 quodnam
2171 1760 2298 1814 mali
2346 1761 2589 1815 solamen
2634 1759 2717 1814 vel
2766 1756 3069 1813 remedium
3106 1756 3298 1812 fuisset
3330 1755 3430 1808 mi-

1843 1856 2116 1922 nistrare;
2154 1869 2369 1925 semper
2402 1859 2546 1909 enim
2573 1853 2842 1922 ejacentes
2875 1852 3082 1919 erigere
3134 1859 3188 1907 et
3217 1849 3427 1904 inordi-

1845 1957 2038 2011 natos,
2090 1945 2331 2000 aniinum
2392 1944 2640 1999 addendo
2723 1942 2788 1996 ad
2848 1941 3111 1997 rationem
3171 1941 3431 1995 reducere

1777 2037 1817 2093 Β
1848 2046 2090 2092 nostrum
2121 2047 2223 2091 est.
2252 2036 2394 2103 Quid
2444 2037 2613 2107 quod,
2653 2050 2778 2091 enim
2812 2047 2974 2090 vitam
3019 2033 3279 2088 aerumnis
3309 2047 3430 2100 per-

1852 2126 2082 2183 fractam
2120 2127 2333 2182 trahere
2357 2128 2468 2195 jam
2501 2143 2606 2180 non
2637 2127 2865 2196 possim,
2897 2141 3018 2180 cum
3050 2123 3433 2179 atllictiuuibus

1849 2219 2224 2274 distendantur
2267 2219 2418 2273 nervi
2462 2227 2515 2274 et
2562 2218 2780 2272 animus
2821 2217 3199 2286 prosternitur,
3228 2215 3431 2269 adven-

1851 2318 1964 2363 tant
1987 2324 2053 2364 ex
2087 2309 2315 2376 vestris,
2356 2309 2449 2378 qui
2483 2309 2718 2378 majores
2743 2308 2794 2362 in
2851 2323 2936 2363 me
2967 2311 3199 2361 excitent
3231 2321 3429 2361 mnum-

1851 2414 1970 2454 nas.
2005 2399 2149 2453 Inter
2200 2400 2302 2454 hos
2351 2400 2453 2455 fuit
2504 2397 2800 2470 Gregorius
2851 2398 3190 2462 monachus,
3225 2397 3318 2466 qui
3374 2412 3431 2450 se

1853 2488 2184 2543 monasterio
2208 2490 2493 2557 expulsum
2525 2489 2691 2551 dicit,
2735 2489 2790 2543 in
2821 2503 2923 2544 suo
2957 2497 3076 2542 vota
3102 2486 3306 2542 fecerat
3333 2525 3345 2549 ,
3382 2496 3434 2540 et

1850 2578 1921 2633 ob
1993 2579 2220 2636 virtutes
2290 2594 2426 2635 suas
2505 2580 2864 2649 principatum
2915 2580 3256 2646 obtinuerat;
3314 2592 3433 2646 qua:

1850 2667 2084 2738 dignitas
2152 2670 2202 2723 ei
2268 2669 2628 2725 conveniebat
2679 2669 2976 2738 praesertim
3020 2669 3172 2738 juxta
3219 2666 3434 2721 familia

1850 2771 1964 2813 sua:
2015 2759 2271 2814 tributam
2313 2761 2701 2816 haereditatem.
2757 2760 2919 2816 Addit
2983 2775 3200 2830 quoque
3247 2759 3434 2826 hospi-

1853 2853 1958 2902 tem
1991 2861 2316 2918 quemquam
2342 2861 2396 2904 et
2421 2851 2800 2920 alienigenam,
2830 2851 2919 2921 qui
2952 2853 3016 2905 ad
3045 2850 3433 2906 monasterium

1851 2939 2145 3006 regendum
2178 2939 2381 2994 nullum
2415 2941 2506 3009 jus
2553 2941 2747 3007 habet,
2782 2957 2878 2997 nec
2909 2942 3184 2996 meliorem
3219 2941 3433 2998 vivendi

1849 3028 2134 3093 rationem,
2172 3045 2270 3085 nec
2292 3031 2435 3085 aliud
2462 3032 2727 3100 ejusmodi
2755 3031 3021 3088 familiare
3079 3033 3274 3089 oﬂ‘erre
3303 3049 3432 3103 pos-

1850 3119 1940 3183 sit,
1966 3133 1996 3172 a
2037 3129 2086 3173 te
2115 3120 2168 3173 iu
2198 3122 2514 3176 monasterii
2559 3123 2802 3193 regimen
2847 3125 3202 3179 substitutum
3243 3123 3430 3179 fuisse.

1851 3205 1964 3263 Hoc
1990 3210 2082 3263 tibi
2127 3211 2454 3279 scribimus,
2501 3214 2629 3269 utsi
2664 3215 2871 3271 litteras
2920 3225 3134 3272 nostras
3184 3214 3430 3271 deferens

1850 3298 2160 3368 allegaverit
2191 3317 2398 3367 verum,
2448 3313 2500 3357 et
2536 3304 2683 3360 nulla
2715 3305 2856 3360 adsit
2889 3320 3054 3362 causa
3081 3346 3093 3367 .
3128 3321 3247 3375 quae
3276 3305 3427 3361 illum

1849 3403 1877 3442 a
1909 3392 2239 3446 monasterio
2289 3393 2527 3462 regendo
2552 3404 2823 3450 removeat
2851 3435 2863 3459 ,
2897 3396 3136 3451 charitas
3180 3412 3284 3450 non
3315 3397 3424 3465 pri-

1861 3488 2050 3533 vatura
2110 3481 2177 3535 sit
2229 3482 2490 3552 regimine
2526 3485 2668 3554 quod
2709 3485 2772 3539 ad
2805 3487 2954 3540 illum
2996 3485 3116 3554 jure
3146 3496 3198 3542 et
3230 3489 3424 3542 merito

1859 3569 2107 3635 pertinet.
2155 3572 2403 3626 Attamen
2446 3577 2491 3629 si
2550 3576 2678 3643 quid
2726 3576 2966 3632 obstaret
3006 3577 3300 3646 quominus
3332 3577 3423 3642 illo

1857 3673 2075 3713 munere
2108 3660 2303 3730 dignus
2335 3665 2625 3731 videretur,
2657 3667 2710 3721 in
2735 3676 2996 3736 quantum
3050 3668 3164 3722 tleri
3207 3678 3382 3738 potest
3405 3709 3420 3734 ,

1854 3746 2117 3801 habeatur
2145 3749 2512 3820 indulgentius
2534 3795 2548 3820 ,
2578 3764 2632 3809 et
2670 3755 2833 3809 vitam
2868 3756 3323 3812 calamitosiorem
3355 3773 3422 3810 ne

177 3795 277 3851 σθω
318 3801 481 3870 παρὰ
514 3801 615 3871 τῆς
665 3804 819 3873 ὑμῶν
868 3807 1144 3878 θεοφιλίας
1195 3813 1294 3883 τῆς
1352 3795 1746 3891 ἐπιϐαλλούσης

1851 3835 2033 3891 ducat.
2070 3837 2125 3893 Si
2150 3795 2396 3908 quamnde
2428 3795 2705 3900 doloribus
2745 3855 2800 3901 et
2836 3846 3194 3903 afﬁctionibus
3229 3862 3416 3904 curam

174 3891 314 3962 αὐτῷ
351 3893 502 3947 κατὰ
534 3894 625 3947 τὸν
663 3897 756 3948 τοῦ
813 3897 1026 3953 δικαίου
1059 3902 1215 3970 λόγον
1263 3907 1646 3977 ήγουμενείας.
1681 3912 1742 3967 Εἰ

173 3981 221 4035 δέ
245 4003 294 4037 τι
327 3987 487 4038 ἐστιν
532 3987 868 4060 έναντίωμα,
896 3992 963 4044 δι’
1004 3986 1064 4047 οὗ
1114 3997 1332 4062 ἀνάξιος
1363 4002 1741 4061 ἀναδείκνυται

171 4077 261 4142 τῆς
325 4081 595 4150 τοιαύτης
629 4083 827 4154 ἀρχῆς,
857 4087 995 4152 τέως
1040 4090 1137 4160 τῆς
1180 4094 1533 4167 ὀφειλομένης
1562 4117 1742 4168 παρα-

1852 3927 2018 3986 habes
2075 3934 2296 3999 nostris,
2360 3935 2434 3989 mi
2471 3935 2581 4003 illi,
2619 3945 2669 3992 te
2715 3937 2891 4008 ipsum
2941 3939 3198 3993 omnibus
3244 3938 3420 3994 modis

1849 4022 2088 4089 praebeas
2125 4023 2428 4090 pontiﬁcem
2455 4025 2545 4081 Dei
2569 4067 2581 4088 ,
2611 4043 2709 4083 nec
2742 4043 2980 4100 unquam
3033 4029 3421 4103 benignitatem

1847 4123 1972 4178 erga
2009 4111 2182 4180 ipsum
2213 4127 2242 4165 e
2268 4113 2434 4168 corde
2460 4127 2551 4170 tuo
2581 4117 2785 4186 ejicias.

173 4169 364 4284 ξιυθῖας
401 4173 764 4284 ξαὶιξῆςξσον
794 4179 1158 4284 ἔστί-*δυνατὸν
1185 4187 1622 4284 ἀστενοχωρήτου
1660 4193 1826 4269 ζωῆς,
1869 4169 1938 4255 εἴ
1944 4220 1996 4256 τι
2030 4169 2116 4256 σοὶ
2159 4206 2333 4275 μέλει,
2364 4169 2555 4260 τέκνον
2838 4211 2942 4266 τῶν
2989 4214 3264 4284 ἡμετέραν
3311 4213 3417 4267 θλίο

170 4261 304 4314 ύεων
353 4267 453 4316 καὶ
492 4266 716 4330 ὀδυνῶν,
778 4273 940 4324 παντὶ
967 4276 1150 4346 τρόπῳ
1181 4277 1255 4340 ὡς
1295 4261 1584 4351 ἀρχιερεὺς
1617 4261 1774 4357 Θεοῦ,

171 4356 416 4415 κνυσθαι.
457 4359 770 4414 καταδαλοῦ
803 4362 903 4432 τὴν
938 4368 1064 4437 περὶ
1095 4370 1257 4423 αὑτὸν
1284 4375 1562 4443 πρόνοιαν.

571 4477 699 4529 PK'.
740 4479 999 4547 Τρύφωνι
1025 4483 1357 4550 μονάζοντι.

233 4581 341 4634 Καὶ
384 4584 450 4635 τὸ
482 4581 656 4650 δῶρον
700 4588 897 4656 γλυκὺ,
928 4591 1024 4643 καὶ
1049 4594 1095 4644 oi
1135 4595 1285 4662 λόγοι
1325 4599 1385 4652 ού

171 4675 297 4736 κείς,
333 4675 480 4728 ἀλλά
515 4675 607 4728 καὶ
639 4678 892 4747 φέροντες
926 4683 984 4735 ού
1014 4686 1241 4756 μετρίαν
1279 4675 1462 4746 ἄνεσιν
1489 4695 1595 4748 ἀπὸ
1628 4698 1738 4752 τῶν

172 4764 507 4832 συνεχὸντων
539 4766 729 4819 κακῶν
757 4768 854 4838 τὴν
885 4772 1160 4843 ἡμετέραν
1186 4778 1384 4849 ψυχήν.
1418 4784 1737 4859 Προεθυμή-

170 4851 257 4923 θην
305 4854 402 4908 οὖν
462 4859 872 4927 προτρέψασθαι
924 4861 1022 4934 τὴν
1074 4867 1193 4938 σὴν,
1245 4871 1449 4942 Πάτερ,
1480 4851 1740 4948 ὁσιότητα

171 4945 294 5011 πρὸς
341 4946 446 5016 τὴν
499 4947 612 5000 ἀπὸ
654 4948 762 5004 τῶν
812 4953 974 5024 ίερῶν
1037 4958 1214 5028 εὐχῶν
1246 4969 1586 5038 παρηγορίαν
1644 4945 1739 5026 καὶ

169 5032 406 5089 διάλυσιν
436 5037 557 5088 τῶν
606 5039 837 5108 θλίψεων
870 5043 1046 5112 ἡμῶν.
1092 5048 1233 5102 Ἀλλ’
1285 5032 1742 5131 ικετνᾱινουμη-

171 5123 292 5216 θεὶς,
345 5126 424 5190 ὡς
473 5127 528 5179 οῖ
563 5126 710 5195 λόγοι
747 5134 808 5186 ὲκ
854 5135 950 5204 τῆς
996 5140 1287 5213 γινομένης
1344 5147 1594 5216 πράξεως
1636 5123 1741 5204 ἰτὲι

170 5214 266 5265 τῶν
292 5217 461 5268 θείων
495 5218 708 5288 ἀνδρῶν
743 5221 1079 5289 λαμϐάνουσι
1129 5231 1227 5299 τὴν
1264 5214 1465 5306 φωνην,
1504 5239 1738 5311 ἐπέσχον

169 5305 257 5374 τῆς
281 5308 500 5378 τροπῆς
529 5312 786 5380 ἐμαυτόν.
818 5315 890 5368 Σὺ
923 5319 978 5371 δέ
1009 5337 1096 5389 μοι
1126 5325 1218 5375 καὶ
1264 5305 1431 5395 χωρὶς
1469 5331 1564 5383 τοῦ
1602 5305 1738 5401 προσ

171 5403 459 5500 τρέπεσθαι
506 5405 678 5472 ἡμᾶς,
705 5408 772 5462 τὰ
806 5409 912 5462 τῶν
967 5414 1265 5481 φιλούντων
1310 5423 1401 5475 καὶ
1445 5428 1733 5500 συνοδυρο-

175 5491 338 5557 μένων
376 5499 498 5557 τοῖς
533 5497 706 5565 ειςίλοις
729 5501 824 5554 καὶ
850 5505 1104 5574 πράττων
1135 5512 1231 5563 καὶ
1267 5515 1491 5581 γράφων
1525 5519 1740 5584 πάντως

172 5581 516 5650 διατελέσεις,
585 5591 677 5642 καὶ
732 5593 829 5663 τῆς
898 5597 1053 5666 ἡμῶν
1128 5602 1567 5674 ύπερευχόμενος
1627 5612 1744 5672 πῶς

176 5678 296 5729 εἴπω
347 5680 626 5734 πάντοθεν
679 5686 1121 5760 ὲπηρεαζομένης
1171 5695 1234 5747 ὲκ
1276 5699 1382 5748 τῶν
1414 5699 1635 5764 ἔξωθεν,
1679 5705 1740 5754 ἐκ

176 5772 266 5824 τών
297 5773 518 5831 ἷνὼθεν
556 5776 932 5848 ἐπισταμένων
978 5783 1320 5857 ταλαιπώρου
1363 5790 1526 5860 ζωῆς,

1817 4295 1911 4348 καὶ
1944 4297 2332 4368 ἀπαραιτήτως
2392 4301 2623 4369 ὀφείλων
2676 4301 2737 4355 τὸ
2786 4304 3169 4377 φιλάνθρωπον
3222 4309 3422 4364 msu-

2199 4501 2360 4558 CXX.
2405 4534 2472 4545 —
2507 4505 2769 4577 Tryphoni
2798 4510 3060 4569 monacho.

1424 4602 1582 4669 μόνον
1607 4605 1740 4671 γλυ-

1915 4611 2292 4670 Munusculum
2339 4619 2554 4688 quidem
2615 4621 2808 4687 dulce,
2859 4623 3019 4679 verba
3116 4636 3261 4682 utem
3314 4644 3420 4685 non

1845 4705 2016 4759 solum
2044 4707 2222 4762 dulcia
2254 4709 2422 4774 fuere,
2452 4715 2544 4768 sed
2593 4730 2920 4785 magnopere
2949 4717 3181 4774 animam
3213 4720 3423 4777 refove-

1860 4807 1985 4851 runt
2017 4809 2259 4856 nostram
2303 4804 2466 4859 lautis
2495 4806 2650 4862 malis
2678 4810 3092 4868 circumdatam.
3145 4813 3224 4868 Ad
3272 4826 3421 4870 tuam

1845 4901 1990 4957 ergo,
2017 4899 2192 4958 pater,
2235 4893 2578 4966 eoniugimus
2608 4901 2973 4966 sanctitatem,
3001 4912 3058 4957 ut
3091 4919 3186 4973 per
3205 4916 3421 4961 sanctas

1845 4977 2251 5047 deprecationes
2278 4995 2398 5040 tuas
2432 4987 2781 5044 aﬂlictionum
2817 4993 3053 5048 solamen
3107 5006 3162 5051 et
3194 4998 3419 5053 solutio-

1846 5084 1966 5123 nem
1996 5072 2356 5130 inveniamus.
2397 5077 2455 5130 ld
2477 5079 2616 5132 enim
2646 5093 2822 5138 mente
2837 5085 3138 5153 revolvens,
3169 5091 3310 5157 quod
3349 5106 3415 5144 ex

1844 5163 2115 5230 operibus,
2147 5170 2492 5236 procedentia
2543 5173 2704 5228 verba
2763 5191 2858 5244 per
2912 5179 3128 5234 sanctos
3174 5180 3417 5236 homines

1843 5253 1948 5306 vim
1985 5255 2217 5312 habeant
2271 5260 2537 5328 ingentem
2565 5305 2578 5329 ,
2617 5266 2749 5319 nihil
2806 5269 2944 5322 ultra
2980 5279 3192 5326 mutare
3222 5276 3411 5342 sategi.

1841 5341 1974 5398 Nam
2007 5346 2123 5402 siue
2157 5351 2354 5406 nostris
2377 5355 2630 5420 precibus
2665 5366 2719 5410 tu
2753 5361 3049 5414 amicorum
3082 5377 3230 5417 more
3262 5366 3415 5418 dolo-

1848 5450 1933 5489 res
1973 5448 2191 5495 nostros
2248 5451 2300 5495 et
2346 5458 2535 5499 eorum
2577 5448 2668 5517 qui
2730 5465 2834 5504 una
2881 5451 3066 5521 lugent
3113 5455 3412 5509 amicorqu

1842 5525 2091 5594 mitigas;
2141 5531 2390 5598 precibus
2443 5545 2623 5590 autem
2689 5538 2795 5592 tuis
2856 5541 3218 5597 miserrimam
3273 5546 3410 5599 intra

1841 5627 2099 5688 extraque
2132 5625 2387 5694 agitatam
2424 5627 2588 5683 vitam
2619 5632 2930 5688 sublevabis
