4182 6428
769 403 873 463 339

953 519 1141 575 CXXI.
1195 521 1354 574 Leoni
1378 523 1601 591 patricio
1623 532 1672 575 et
1703 522 1983 578 Auatolico
2003 525 2145 578 duci.

837 707 1010 772 Quam
1039 708 1107 761 ad
1152 721 1271 770 nos,
1305 708 1377 762 mi
1410 709 1479 761 lili
1506 747 1522 773 ,
1560 710 1756 765 misisti
1790 712 2071 779 epistolam
2114 713 2327 783 accepi-

765 814 907 862 mus,
949 807 1002 851 et
1031 798 1235 865 gratias
1264 801 1475 869 egimus
1512 801 1744 855 salvauti
1778 812 1826 855 te
1850 802 2067 859 Christo
2101 804 2327 860 Domino

764 900 973 952 nostro,
1019 890 1133 958 qui,
1172 891 1249 945 uti
1283 890 1633 956 conﬁdimus,
1676 895 1893 947 insitam
1938 897 2032 950 tibi
2066 898 2324 952 virtutem

764 992 957 1034 contra
996 985 1179 1036 omnia
1215 985 1355 1037 mala
1389 986 1621 1040 visibilia
1650 994 1701 1039 et
1732 986 2023 1043 invisibilia
2052 990 2323 1044 defendet.

765 1073 909 1138 Παῖς,
935 1076 1003 1128 ιιιί
1037 1077 1127 1134 lili.
1158 1090 1280 1129 cum
1312 1077 1473 1141 scias,
1498 1093 1621 1131 cum
1653 1081 1868 1147 sapiens
1887 1089 1940 1134 et
1958 1082 2194 1149 prudens
2219 1082 2323 1146 sis,

763 1166 1059 1234 perpende,
1091 1167 1282 1221 oculos
1321 1165 1531 1220 Domini
1567 1183 1860 1225 conversos
1886 1186 2009 1226 esse
2048 1172 2100 1224 in
2133 1184 2326 1226 omnes

764 1257 1033 1323 homines,
1073 1259 1311 1313 maxime
1339 1267 1519 1313 autem
1578 1260 1634 1315 in
1696 1271 1876 1317 rectos
1931 1262 2122 1335 corde;
2155 1263 2327 1316 omni-

760 1349 864 1401 bus
888 1349 1157 1404 contende
1184 1352 1387 1404 viribus
1418 1360 1477 1405 ut
1509 1366 1604 1420 per
1639 1363 1836 1406 rectam
1864 1353 2082 1407 incedas
2103 1353 2326 1419 justitize

760 1440 927 1502 viam,
967 1441 1039 1494 ita
1073 1449 1148 1502 ut,
1202 1440 1271 1493 ab
1307 1442 1467 1496 oculo
1502 1443 1594 1495 Dei
1628 1443 1850 1497 assidue
1891 1442 2239 1507 observatos.
2271 1446 2323 1497 in

762 1531 1016 1584 omnibus
1060 1532 1502 1599 cogitationibus,
1562 1534 2034 1600 meditationibus,
2081 1536 2324 1589 consiliis

761 1629 813 1673 ct
838 1620 1147 1674 actionibus
1176 1622 1242 1675 ad
1268 1622 1530 1689 majorem
1570 1624 1759 1676 tendas
1793 1624 2101 1675 utilitatem.
2149 1622 2322 1687 Quam

761 1712 995 1779 denique
1020 1714 1175 1767 nobis
1197 1723 1383 1768 notam
1412 1714 1584 1770 fecisti
1609 1714 1953 1783 petitionem,
1978 1716 2325 1783 atlimpleturi

759 1817 972 1867 sumus,
1012 1804 1174 1858 modo
1220 1806 1341 1858 talis
1387 1807 1479 1867 sit,
1517 1806 1610 1873 qui
1654 1807 1874 1861 virtutis
1922 1818 2029 1861 tuae
2074 1809 2321 1862 testimo-
2352 1857 2393 1903 Γ
2431 1806 2594 1855 παντὶ
2626 1804 2722 1855 καὶ
2754 1804 3076 1871 διανοήματι
3121 1804 3214 1855 καὶ
3259 1804 3410 1871 πάσῃ
3454 1804 3652 1871 μελέτῃ
3705 1818 3751 1851 xc

759 1892 911 1944 nium
966 1894 1187 1944 recepit.
1231 1902 1283 1944 et
1313 1895 1562 1944 doctrina
1608 1909 1663 1944 et
1707 1895 1923 1944 vivendi
1974 1897 2209 1944 ratione.
2266 1905 2326 1944 ut
2375 1894 2394 1912 ’
2428 1894 2523 1942 καὶ
2575 1890 2770 1944 πράξει
2810 1891 2947 1944 πρὸς
2990 1892 3049 1943 τὸ
3081 1893 3362 1944 συιισέοον
3414 1893 3533 1944 εἴης
3588 1892 3751 1944 χαθοδ

2375 1894 2394 1912 ¹
2428 1894 2523 1942 καὶ
2575 1890 2770 1961 πράξει
2810 1891 2947 1960 πρὸς
2990 1892 3049 1943 τὸ
3081 1893 3362 1962 συμφέρον
3414 1893 3533 1959 εἴης
3588 1890 4000 1959 καθοδηγούμε-

759 1892 911 1944 nium
966 1894 1187 1960 recepit,
1231 1902 1283 1947 ct
1313 1895 1562 1948 doctrina
1608 1909 1663 1949 et
1707 1895 1923 1949 vivendi
1974 1897 2210 1961 ratione,
2266 1905 2326 1950 ut

756 1998 934 2051 neque
976 1983 1381 2039 confundantur
1425 1984 1549 2054 ipsi,
1592 2001 1690 2039 nec
1720 1994 1774 2037 tu
1822 1995 2041 2054 propter
2081 1987 2328 2040 testimo—

755 2078 905 2128 nium
942 2081 1097 2127 tuum
1139 2090 1324 2128 coram
1373 2076 1481 2128 Deo
1518 2084 1569 2129 et
1618 2076 1936 2131 hominibus
1979 2075 2330 2144 exprobalio-

1888 411 2194 471 NICOLAI
2235 412 2342 473 CP.
2388 412 2897 474 PATRIARCH/E

3890 418 3996 482 3U)

2356 527 2408 586 Α
2468 527 2643 581 ΡΚΑ¹.
2672 530 2879 584 Λέοντι
2909 531 3192 612 autparer
3215 533 3311 612 καὶ
3338 532 3648 605 στρατηγῷ
3680 532 3799 589 τῶν
3836 537 3997 590 Ἀναο

3066 605 3342 657 τολικῶν.

2514 708 2845 779 Ἔδεξάμεθά
2899 728 3015 773 σου,
3068 711 3257 764 τέκνον
3314 713 3492 782 ἡμῶν,
3554 715 3614 767 τὸ
3654 713 3999 781 διαπεμφθὲν

2431 800 2566 870 πρὸς
2594 802 2742 869 ἡμᾶς
2770 804 3023 872 γράμμα,
3057 802 3148 854 καὶ
3180 802 3665 873 ηὐχαριστήσαμεν
3694 805 3770 874 τῷ
3796 806 3992 871 διαφυ-

2428 890 2674 945 λάττοντί
2708 908 2764 943 σε
2796 890 3016 961 Χριστῷ
3061 891 3139 961 τῷ
3170 892 3290 962 Θεῷ
3330 893 3509 961 ἡμῶν,
3552 894 3609 956 ὃς
3654 895 3999 963 πεποίθαμεν

2428 985 2511 1037 ὅτι
2567 985 2661 1036 καὶ
2718 984 2799 1036 ἔτι
2835 983 2925 1036 διὰ
2982 985 3082 1054 τὴν
3129 987 3439 1055 προσοῦσάν
3492 1004 3575 1039 σοι
3626 987 3831 1057 ἀρετὴν
3898 989 3995 1041 ἐπὶ

2430 1074 2588 1128 πλέον
2617 1074 2930 1144 διατηρήσει
2987 1076 3166 1144 πάσης
3197 1079 3295 1146 μὲν
3353 1077 3655 1147 ὁρωμένης,
3707 1080 3885 1146 πάσης
3937 1080 3996 1131 δὲ

2432 1167 2664 1236 ἀοράτου
2704 1167 3075 1235 ἐναντιότητος
3114 1166 3469 1236 ὑψηλότερον.
3517 1168 3680 1223 Ἀλλά
3716 1187 3829 1237 μοι,
3870 1170 3998 1221 τέκ-

2430 1276 2518 1312 νον
2562 1259 2740 1328 ἡμῶν,
2768 1256 2926 1310 τοῦτο
2955 1260 3133 1323 εἰδὼς,
3168 1254 3253 1312 οἶα
3283 1259 3346 1329 δὴ
3376 1261 3639 1329 φρόνιμος
3676 1260 3751 1313 ῶν
3779 1263 3871 1313 καὶ
3904 1278 3996 1313 συ⁶

2430 1350 2603 1414 νετὸς,
2661 1349 2742 1403 ὅτι
2786 1347 3051 1419 ὀφθαλμοὶ
3105 1349 3310 1419 Κυρίου
3359 1350 3710 1403 ἑπιϐλέπουσι
3761 1349 3856 1419 μὲν
3901 1352 3997 1401 ἐπὶ

2428 1440 2656 1503 πάντας,
2689 1442 2922 1507 μάλιστα
2967 1440 3025 1492 δὲ
3058 1439 3149 1491 ἐπὶ
3198 1441 3323 1502 τοὺς
3370 1440 3546 1503 εὐθεῖς
3597 1440 3695 1509 τὴν
3747 1438 3997 1507 καρδίαν,

2428 1531 2580 1602 πάσῃ
2625 1529 2851 1589 δυνάμει
2880 1532 3103 1599 ἀντέχου
3135 1532 3231 1600 τῆς
3259 1531 3553 1599 εὐθύτητος
3596 1530 3694 1598 τῆς
3722 1529 3999 1582 δικαιοσὺ·

2428 1638 2545 1692 νης·
2595 1622 2684 1674 ἵνα
2729 1621 2818 1674 διὰ
2855 1621 3054 1683 παντὸς
3102 1621 3195 1673 τοῦ
3250 1621 3396 1673 θείου
3444 1618 3724 1688 ὀφθαλμοῦ
3766 1620 3901 1687 πρὸς
3938 1618 3998 1669 σε

2428 1713 2782 1777 ἀτενίζοντος,
2819 1714 2912 1765 καὶ
2954 1712 3087 1782 μηδέ
3128 1712 3257 1764 ποτέ
3295 1729 3353 1763 σε
3385 1709 3905 1777 καταλιμπάνοντος,
3938 1710 3998 1759 ὲν

2431 1806 2594 1855 παντὶ
2626 1804 2722 1855 καὶ
2754 1804 3076 1871 διανοήματι
3121 1802 3214 1855 καὶ
3259 1802 3410 1871 πάσῃ
3454 1802 3652 1871 μελέτῃ
3705 1802 3798 1851 καὶ
3832 1800 3999 1867 βουλῇ

2427 1999 2535 2045 νος.
2585 1985 2719 2052 Περὶ
2752 1983 2808 2036 δὲ
2844 1978 2917 2036 ὧν
2972 1983 3218 2053 ἔγραψας
3283 1986 3433 2054 ἡμῖν,
3480 1984 3845 2052 πληρώσομεν
3900 1983 4002 2047 τὴν

2426 2074 2727 2144 ἐξαίτησινο
2761 2077 2922 2144 μόνον
2942 2076 3189 2137 τοιοῦτος
3209 2077 3348 2127 ἔστω
3375 2078 3402 2129 6
3430 2075 3576 2144 παρᾶ
3610 2076 3708 2143 τῆς
3731 2075 3831 2141 σῆς
3860 2093 4006 2143 μαρ-

755 2180 881 2219 nem
923 2166 1244 2232 experiaris,
1295 2179 1396 2219 nec
1449 2168 1542 2234 qui
1582 2167 1957 2220 testimonium
2008 2166 2213 2234 recepit
2262 2167 2328 2218 ad

756 2274 912 2313 suam
949 2257 1121 2324 ipsius
1153 2258 1450 2326 perniciem
1486 2260 1539 2312 in
1577 2268 1785 2310 tantum
1820 2259 2139 2309 admittatur
2168 2256 2329 2309 inini-

756 2350 1005 2403 sterium.
1043 2348 1238 2402 Valeas
1284 2358 1331 2401 et
1370 2347 1636 2401 Dominus
1676 2356 1729 2401 te
1755 2348 2068 2409 custodiat;
2118 2346 2171 2399 in
2219 2346 2319 2399 hac

2425 2169 2759 2238 τυρούμενος
2822 2170 3025 2237 ἀρετῆς
3066 2171 3159 2221 καὶ
3202 2170 3347 2222 κατὰ
3385 2168 3690 2233 παίδευσιν,
3722 2170 3821 2221 καὶ
3855 2167 4003 2220 κατὰ

2425 2261 2524 2331 τὴν
2574 2260 2741 2330 ἄλλην
2796 2260 2891 2312 τοῦ
2940 2260 3055 2329 βίου
3102 2259 3265 2315 αὑτοῦ
3313 2261 3669 2322 κατάστασιν,
3733 2261 3818 2311 ἵνα
3864 2258 4003 2327 μήτε

2424 2355 2585 2419 ἡμεῖς
2614 2354 3011 2423 αἰσχυνθῶμεν,
3056 2354 3192 2423 μήτε
3241 2353 3403 2414 αὐτὸς
3447 2353 3539 2405 ἐπὶ
3588 2355 3650 2419 τῇ
3687 2354 3751 2420 σῇ
3796 2366 4008 2418 μαρτυ-

753 2455 1015 2510 prospcre
1058 2440 1277 2495 incedas
1302 2442 1410 2493 vita
1439 2449 1492 2493 ct
1518 2442 1569 2492 in
1598 2426 1801 2503 futura,
1832 2440 1924 2493 ubi
1963 2440 2119 2492 bonis
2147 2452 2321 2492 rescr-

752 2532 896 2586 vatis
936 2548 965 2585 a
992 2532 1099 2587 Deo
1129 2533 1251 2587 liliis
1286 2533 1401 2586 suis
1422 2540 1475 2585 et
1507 2532 1679 2600 gloria
1722 2546 1895 2600 usque
1926 2530 2150 2584 fruaris.

2429 2443 2522 2513 ρία
2580 2443 2674 2495 καὶ
2731 2443 2883 2514 παρὰ
2932 2445 3053 2514 Θεῷ
3092 2445 3186 2497 καὶ
3223 2445 3374 2513 παρὰ
3431 2442 3740 2513 ἀνθρώποις
3792 2440 4007 2509 μέμψιν

2428 2535 2659 2605 εὑρεθῇς
2693 2537 3127 2605 ἀποφερόμενος,
3157 2538 3309 2604 μήτε
3351 2538 3379 2587 6
3428 2534 3873 2603 μαρτυρούμενος
3923 2532 4012 2591 εἰς

753 2630 1070 2699 κατάκριμα
1104 2630 1236 2682 ἴδιον
1280 2629 1361 2692 είς
1405 2629 1503 2698 τὴν
1549 2628 1806 2695 τοιαύτην
1876 2626 2195 2697 προσληφθῇ
2236 2628 2531 2685 διακονίαν.
2580 2630 2925 2700 Ἐρῤωμένον
2995 2647 3052 2682 σε
3115 2629 3430 2696 διαφυλάξοι
3500 2633 3528 2683 6
3565 2630 3788 2697 Κύριος,
3822 2626 3916 2677 καὶ
3948 2627 4011 2674 ὲν

751 2720 830 2790 τῷ
872 2720 1100 2788 παρόντι
1140 2718 1491 2786 εὐοδοὺμενον
1545 2716 1667 2787 βίῳ,
1701 2716 1797 2769 καὶ
1850 2716 1909 2770 ὲν
1939 2715 2017 2785 τῷ
2070 2716 2319 2785 μέλλοντι
2392 2719 2492 2787 τῆς
2561 2721 2995 2790 ἑτοιμαζομένης
3058 2720 3227 2789 τιμῆς
3302 2723 3396 2771 καὶ

751 2810 1141 2882 εὐαρεστοῦσιν
1189 2810 1339 2879 αὐτῷ
1371 2809 1446 2879 μὴ
1488 2809 1893 2863 ἀποπίπτοντα.

1143 2922 1353 2978 CXX“.
1396 2922 1670 2975 Ambrosio
1699 2924 1959 2991 episcopo.

820 3040 901 3095 Ad
960 3038 1273 3094 communia
1351 3054 1470 3106 qua:
1530 3052 1631 3090 nos
1681 3035 2093 3089 incommodam
2139 3036 2319 3097 mala,

3488 2720 3842 2780 ἀπολαύσεως
3888 2717 4013 2776 τοῖς·

2756 2923 2932 2977 ΡΚΒ’.
2991 2924 3313 2991 Ἀμὸροσίῳ
3352 2924 3683 2992 ἑπισκόπῳ.

2515 3034 2640 3086 Ἐπὶ
2686 3036 2801 3096 τοῖς
2866 3035 3147 3103 συνέχουσι
3208 3035 3403 3097 κοινῶς
3449 3037 3599 3105 ἡμᾶς
3640 3036 3851 3103 ἄλγεσι,
3905 3039 4008 3090 καὶ

752 3130 948 3203 privati
982 3136 1330 3184 accesserunt
1362 3128 1578 3181 dolores
1602 3142 1669 3179 ex
1692 3127 1891 3179 litteris
1920 3126 2051 3192 tuis,
2122 3126 2323 3194 quibus

2429 3123 2526 3176 νῦν
2565 3124 2710 3187 ἰδίως
2740 3125 3021 3192 ἀλγήματι
3065 3127 3125 3177 τὸ
3158 3126 3249 3178 σὸν
3281 3127 3564 3195 δεξάμενοι
3602 3130 4014 3199 συνεσχέθημεν

751 3224 1042 3277 didicimus
1075 3231 1125 3273 te
1170 3234 1362 3273 rursus
1400 3220 1450 3271 in
1487 3219 1733 3271 morbum
1765 3218 1869 3270 iuri
1898 3222 2047 3281 iisse,
2097 3235 2197 3271 nec
2234 3234 2327 3273 so-

753 3314 867 3367 lum
913 3312 1040 3380 quia
1097 3311 1332 3362 filiorum
1398 3309 1613 3362 dolores
1671 3308 1839 3362 nostri
1886 3310 2103 3363 dolores
2150 3310 2321 3371 ﬁunt,

754 3403 848 3458 sed
882 3404 950 3456 ob
1007 3401 1143 3455 alias
1180 3415 1400 3469 quoque
1442 3414 1639 3452 causas
1675 3414 1793 3467 qua:
1828 3412 2128 3468 temporum
2165 3400 2327 3453 vicis-

754 3495 1091 3550 situdinibus
1122 3494 1395 3545 oriuntur.
1440 3489 1555 3544 Tua
1597 3492 1838 3559 quidem,
1874 3508 1996 3559 quin
2027 3491 2199 3557 gratia
2230 3490 2324 3543 Dei

753 3599 971 3640 summa
1006 3593 1109 3647 cst,
1163 3582 1615 3647 intelligentia,ut
1644 3582 1915 3650 justitiam
1952 3583 2129 3646 decet,
2164 3582 2328 3635 mini-

756 3678 983 3731 sterium
1013 3674 1107 3729 Dei
1135 3676 1385 3743 provehit
1417 3684 1473 3728 et
1517 3674 1598 3728 sic
1625 3677 1789 3727 vitam
1837 3683 2080 3728 nostram
2127 3688 2302 3727 mmro

757 3771 909 3822 ribus
953 3767 1259 3821 conlectam
1319 3780 1427 3818 non
1474 3766 1663 3819 leviter
1707 3766 1960 3833 adjuvat;
2010 3765 2149 3817 adde
2180 3764 2323 3830 quod

758 3874 902 3927 saepe
935 3856 1182 3926 corporis
1222 3855 1388 3908 moles
1419 3869 1448 3908 a
1483 3856 1688 3909 servitii
1728 3854 1920 3908 olliciis
1952 3866 2177 3918 avocat;
2206 3854 2329 3906 inde

756 3951 817 4004 ﬁt
847 3960 927 4011 ut,
969 3964 1078 4017 quo
1120 3949 1271 4017 prius
1310 3946 1627 4000 l'ruebamur
1668 3947 1843 4002 oliicio
1868 3948 1978 4015 jam
2015 3947 2115 4015 ipsi
2154 3948 2329 4016 prive-

760 4058 903 4095 mur.
939 4040 1303 4094 Nihilominus
1339 4042 1391 4092 in
1437 4040 1521 4093 his
1550 4041 1691 4094 sicut
1718 4041 1771 4094 in
1802 4042 2010 4093 cmtcris
2044 4050 2325 4093 converta-

762 4150 886 4187 mur
950 4134 1016 4186 ad
1078 4146 1424 4185 communem
1477 4130 1812 4185 Salvatorem
1874 4144 1927 4186 et
1990 4132 2328 4198 adjutorem,

758 4223 1021 4277 auxilium
1072 4221 1268 4275 exinde
1319 4228 1641 4287 sperantes;
1680 4235 1957 4288 nunquam
2014 4218 2156 4273 enim
2196 4218 2330 4286 abji-

760 4314 953 4369 cienda
977 4327 1121 4381 spes,
1149 4326 1273 4364 cum
1309 4311 1515 4363 viscera
1546 4311 1927 4364 irrisericor'dim
1968 4311 2087 4380 ejus
2112 4320 2329 4379 peccata

760 4414 948 4458 nostra
984 4411 1259 4471 superent.
1297 4401 1435 4465 Quid
1479 4412 1659 4454 autem
1704 4402 1939 4455 scribam
1984 4403 2050 4455 de
2081 4416 2328 4454 commu-

2429 3218 2691 3283 γράμμα,
2750 3218 3135 3284 μεμαθηκότες
3175 3218 3341 3269 πάλιν
3400 3220 3740 3273 ἑπιτίθεσθαξ
3790 3239 3870 3273 σοι
3906 3226 4013 3285 τὰς

2431 3309 2641 3371 νόσους,
2686 3309 2745 3357 οὐ
2781 3307 2942 3373 μόνον
2973 3308 3053 3357 ὅτι
3106 3308 3174 3359 τὰ
3205 3309 3351 3376 πάθη
3387 3310 3493 3361 τῶν
3525 3311 3726 3362 τέκνων
3774 3312 3880 3363 ἴδια
3919 3314 4014 3379 γί-

2430 3415 2603 3459 νεται,
2658 3395 2774 3447 ἀλλ’
2810 3399 2892 3448 ὅτι
2944 3399 3037 3449 καὶ
3078 3400 3199 3459 ταῖς
3246 3399 3689 3464 ἁνακυπτούσαις
3719 3405 3937 3471 χρείαις
3973 3406 4013 3472 ἡ

2432 3492 2500 3558 σὴ
2551 3489 2736 3558 χάριτι
2795 3489 2931 3540 Θεοῦ
2983 3490 3467 3559 ἐξυπηρετουμένη
3523 3494 3763 3554 σύνεσις,
3822 3496 4017 3559 καθώς

2432 3584 2547 3634 ἐστι
2582 3581 2733 3647 φίλον
2763 3584 2828 3651 τῇ
2867 3581 3205 3653 δικαιοσύνῃ.
3233 3583 3325 3634 καὶ
3356 3584 3567 3652 πρέπον
3608 3584 3742 3637 Θεοῦ
3771 3584 4019 3658 λειτουρ-

2433 3676 2572 3741 γοῖς,
2616 3675 2708 3726 καὶ
2751 3675 2840 3726 διὰ
2880 3673 3037 3725 τοῦτο
3086 3673 3466 3743 θεραπεύουσα
3516 3678 3575 3727 οὑ
3629 3678 3839 3745 μικρῶς
3910 3680 4019 3748 τὴν

2434 3764 2773 3817 πολυώδυνον
2810 3765 2967 3833 ἡμῶν
3004 3766 3202 3833 ψυχὴν,
3234 3766 3493 3831 ἐμπόδιον
3523 3767 3632 3830 ἔξει
3667 3767 3765 3837 τὴν
3805 3771 3867 3819 ἐκ
3899 3770 4019 3820 τῶν

2438 3857 2615 3908 πόνων
2667 3858 2890 3925 δχλησιν
2920 3860 3055 3925 πρὸς
3084 3858 3183 3925 τὴν
3210 3858 3466 3925 τοιαύτην
3509 3860 3837 3929 ὑπηρεσίαν,
3866 3861 3925 3926 ἐξ
3948 3856 4015 3913 οὗ

2438 3946 2721 4014 συμϐαίνει
2767 3947 2859 3997 καὶ
2903 3946 3051 4014 ἡμᾶς
3083 3946 3527 4014 ἀποστερεῖσθαι,
3567 3944 3632 4019 ἧς
3660 3950 4019 4018 ἀπελαύομεν

2437 4038 2754 4106 θεραπείας·

2433 4130 2524 4183 τὸν
2564 4128 2744 4181 κοινὸν
2787 4129 3017 4198 Σωτῆρα
3057 4128 3151 4179 καὶ
3183 4128 3377 4197 βοηθὸν
3418 4129 3805 4199 ἀναφέροντες,
3850 4132 4019 4182 ἐλπί-

2436 4222 2607 4289 ζομεν
2643 4222 2828 4287 τυχεῖν
2873 4220 2976 4287 τῆς
3014 4217 3225 4297 ἐκεῖθεν
3265 4220 3610 4289 ἐπικουρίαςσ
3659 4220 3753 4271 καὶ
3801 4219 3875 4288 μὴ
3908 4222 4019 4287 τῆς

2436 4314 2650 4375 ἐλπίδος
2709 4312 2793 4381 εἴη
2868 4311 3167 4375 διαπεσεῖν,
3237 4314 3265 4363 6
3318 4312 3652 4381 σπλάγχνοις
3703 4312 4025 4381 φιλανθρω-

2438 4407 2567 4468 πίας
2636 4405 2734 4467 τὰς
2778 4404 2936 4474 ἡμῶν
2990 4403 3349 4475 ὑπερϐαίνων
3395 4404 3697 4472 ἁμαρτίας.
3757 4404 3889 4470 Περὶ
3956 4405 4021 4456 δὲ

2807 4037 2956 4105 ὅμως
3017 4038 3108 4089 καὶ
3154 4037 3269 4098 νῦν,
3325 4038 3516 4104 ῶσπερ
3561 4042 3618 4090 ἐν
3669 4043 3823 4104 πᾶσι,
3873 4044 4021 4109 πρὸς

764 4498 924 4549 nibus
957 4493 1212 4548 Ecclesia:
1245 4492 1543 4545 aerumnis?
1585 4492 1854 4545 luteutius
1886 4493 2005 4556 tibi,
2048 4502 2103 4546 et
2134 4494 2179 4546 si
2206 4494 2328 4559 quis

2434 4497 2777 4551 τῶν-κοινῶν
2820 4496 2922 4563 τῆς
2975 4496 3314 4564 Ἐκκλησίας
3392 4496 3583 4547 παθῶν
3648 4496 3700 4545 τί
3756 4497 4019 4563 malum;

762 4587 903 4640 alius
940 4585 1112 4639 ﬁdelis
1151 4594 1205 4638 ct
1256 4582 1412 4637 fortis
1456 4583 1764 4635 divinorum
1820 4598 2103 4636 munerum
2154 4584 2326 4638 haeres

762 4680 867 4735 est,
897 4673 1210 4726 instandum
1241 4682 1295 4724 et
1329 4672 1614 4739 petendum
1646 4682 1704 4725 ut
1732 4673 2032 4726 secundum
2078 4687 2329 4741 magnam

761 4773 815 4817 ct
845 4778 1137 4831 perennem
1172 4763 1561 4831 benignitatem
1594 4777 1748 4816 suam
1788 4778 1890 4816 nos
1931 4763 2213 4831 suscipiat.
2251 4761 2328 4815 Ex

764 4854 1077 4908 hominibus
1106 4855 1250 4908 enim
1285 4868 1384 4907 nec
1420 4854 1662 4907 solamen
1692 4870 1790 4907 nec
1818 4853 2145 4907 solutionem
2180 4855 2333 4909 inve-

763 4948 883 5002 nire
911 4960 1205 5016 possumus
1243 4946 1295 4998 in
1328 4946 1494 4999 tantis
1526 4960 1590 4999 ac
1636 4956 1743 4999 tam
1788 4944 2153 4999 ineﬂ'abilibus
2184 4946 2329 4999 cala-

760 5040 1065 5101 mitatibus.
1107 5055 1227 5107 qua:
1261 5038 1501 5106 undique
1528 5039 1791 5093 adversus
1820 5038 2117 5093 Ecclesiatu
2147 5038 2332 5092 insur-

761 5142 923 5201 gunt,
965 5139 1019 5184 et
1060 5138 1279 5199 propter
1323 5139 1544 5199 peccata
1592 5142 1777 5183 nostra
1829 5130 2002 5200 magis
2049 5131 2331 5199 magisijue

764 5229 1031 5289 augentur
1077 5230 1132 5275 et
1174 5220 1465 5275 hodiedurn
1518 5235 1585 5274 ne
1642 5220 1911 5273 tantillum
1960 5220 2184 5289 quidem
2233 5220 2331 5273 de-

761 5324 1034 5371 ριέεουιιι.

1025 5527 1260 5582 CXXIII.
1306 5528 1530 5581 Andrea:
1559 5528 1806 5582 Patrensi
1835 5544 2095 5597 episcopo.

832 5645 964 5709 Quae
1010 5644 1216 5697 sanctis
1260 5642 1349 5697 Dei
1399 5643 1655 5698 Ecclesiis
1704 5646 2017 5699 communia
2069 5645 2331 5700 incubant

764 5736 929 5800 mala,
969 5735 1331 5788 humilitatem
1384 5746 1626 5790 nostram
1676 5753 1780 5790 non
1832 5738 2079 5800 laterent,
2114 5738 2328 5793 etiamsi

768 5825 950 5882 rutilus
988 5825 1053 5881 de
1082 5826 1149 5881 iis
1186 5827 1454 5883 scriberet
1496 5838 1592 5885 aut
1620 5829 1785 5885 verbo
1812 5832 2141 5887 mentionem
2178 5832 2323 5887 face-

2436 4590 2633 4660 Στῆναι
2684 4588 2821 4657 πρὸς
2859 4587 2993 4640 Θεὸν
3022 4586 3420 4656 συντονώτερον
3470 4585 3565 4637 καὶ
3607 4586 3665 4637 σὲ
3710 4587 3801 4637 καὶ
3830 4587 3882 4638 εί
3929 4602 4024 4649 τις

2435 4684 2620 4750 ἕτερος
2668 4680 2853 4749 θεῖκῆς
2918 4680 3040 4730 ἐστι
3107 4678 3419 4747 παρρησίας
3490 4676 3849 4746 κληρονόμος,
3916 4678 4024 4729 καὶ

2440 4774 2623 4823 πεῖσαι
2667 4770 2828 4822 αὑτὸν
2885 4766 3373 4821 συναντιλαϐέσθαι
3411 4767 3555 4819 κατὰ
3604 4766 3702 4835 τὴν
3764 4765 4021 4834 μεγάλην

2436 4850 2599 4917 αὑτοῦ
2632 4863 2726 4915 καὶ
2755 4861 3163 4931 ἀνεξιχνίαστον
3184 4859 3442 4913 ⁸σύνεσιν.
3474 4860 3547 4911 Οὐ
3604 4860 3715 4927 γὰρ
3747 4857 3897 4908 ἔστιν
3956 4856 4021 4921 ἐξ

2435 4955 2738 5027 ἀνθρώπων
2783 4957 2963 5024 εὑρεῖν
3013 4952 3361 5024 παραμύθιον
3398 4952 3515 5003 οὐδὲ
3548 4950 3701 5002 λύσιν
3738 4950 3835 5017 τῆς
3881 4965 4023 5001 τοσ-

2439 5049 2609 5116 αύτης
2643 5047 2737 5097 καί
2777 5046 3133 5113 ἀνιστορήτου
3180 5043 3322 5097 κατὰ
3340 5042 3439 5110 τῆς
3496 5041 3824 5109 Ἐκκλησίας
3871 5039 4019 5091 ὲπα-

2435 5140 2709 5205 ναστάσης
2772 5138 3041 5206 ἐπηρείας
3102 5153 3158 5187 τε
3226 5136 3319 5187 καὶ
3370 5133 3691 5196 κακώσεως,
3752 5133 3847 5184 καὶ
3920 5132 4018 5184 ἀεὶ

2441 5234 2536 5301 μὲν
2570 5230 2876 5300 αὐξομένης
2924 5229 3012 5282 διά
3058 5228 3156 5289 τὰς
3188 5229 3467 5297 ἁμαρτίας
3514 5224 3691 5294 ἡμῶν,
3740 5222 4021 5290 συστολὴν

2434 5325 2492 5377 δὲ
2548 5323 2705 5395 μέχρι
2750 5322 2841 5376 καὶ
2892 5318 3134 5392 σήμερον
3165 5321 3284 5373 οὐδὲ
3327 5319 3387 5371 τὸ
3430 5317 3771 5387 βραχύτατον
3801 5315 4020 5367 ἐπιδει-

2437 5414 2726 5482 κνυούσης.

2823 5525 2995 5581 PKI".
3037 5527 3277 5595 Ἀνδρέᾳ
3309 5522 3575 5588 Πατρῶν.

2503 5643 2584 5695 Τὰ
2609 5642 2802 5704 κοινῶς
2828 5640 3210 5711 ἐπιτιθέμενα,
3241 5640 3433 5693 τέκνον
3479 5636 3659 5707 ἡμῶν,
3704 5635 3849 5687 κακὰ
3882 5638 4014 5698 ταῖς

2433 5736 2619 5805 ἁγίαις
2664 5735 2757 5787 τοῦ
2789 5734 2926 5787 Θεοῦ
2966 5733 3343 5801 Ἐκκλησίαις,
3398 5730 3503 5783 κᾶν
3549 5728 3741 5798 μηδεὶς
3795 5730 3822 5780 ὁ
3861 5731 4012 5798 γρά-

2434 5848 2548 5898 φων
2611 5827 2667 5900 ᾗ,
2714 5848 2788 5900 μη
2836 5830 2889 5881 δὲ
2935 5827 3012 5899 τῷ
3064 5828 3206 5895 λόγῳ
3267 5824 3399 5895 δῆλα
3462 5822 3637 5877 ταῦτα
3698 5823 3893 5887 ποιῶν,
3944 5823 4011 5874 οὐ
