4182 6428
172 426 271 488 ιιι

171 540 437 593 λανθάνει
478 540 578 609 τὴν
630 540 912 612 ἡμετέραν
981 546 1321 593 ταπείνωσιν
1424 537 1587 608 ὶσμεν
1634 539 1743 608 γὰρ

172 635 252 684 ὅτι
286 634 415 685 λίαν
452 632 511 684 αἱ
552 632 769 702 βαρεῖαι
815 633 994 701 χεῖρες
1054 631 1149 684 νῦν
1198 628 1493 698 ἐδράξαντο
1551 631 1743 698 καιροῦ

179 722 271 776 τοῦ
327 722 435 789 τὴν
496 724 707 776 οἰκείαν
770 723 1048 794 βαρύτητα
1115 721 1549 775 ἐπιδείκνυσθαι.
1610 722 1744 775 Ἀλλ’

171 815 302 867 ὅσον
355 814 565 868 ἐκεῖναι
612 814 673 865 τὸ
734 814 901 885 βάρος
954 813 1165 882 ἔχουσι,
1210 812 1464 866 τοσοῦτον
1505 811 1592 865 διὰ
1648 812 1747 873 τάς

170 905 459 974 ἁμαρτίας
481 903 640 974 ἡμῶν
684 907 822 970 πρὸς
846 904 907 956 τὸ
947 902 1182 972 ἀμύνειν
1216 904 1381 973 ἡμεῖς
1416 903 1741 969 ἀποδέομεν,

171 995 276 1046 ὅσα
333 1011 401 1062 γε
427 993 498 1047 τὲ
532 994 870 1064 ἀνθρώπινα.
924 993 991 1045 Τί
1020 992 1113 1046 οὖν
1148 993 1231 1046 δεῖ
1276 996 1449 1046 ποιεῖν
1482 1011 1495 1057 ;
1530 994 1562 1062 ἢ
1594 991 1746 1062 πρῶ-

171 1103 267 1138 τον
306 1086 413 1155 μὲν
440 1084 539 1155 τὴν
566 1086 717 1141 θείαν
743 1087 1014 1142 αίτετσθαι
1050 1086 1325 1157 βοήθειαν,
1359 1087 1454 1140 καὶ
1486 1084 1581 1137 τοῦ
1605 1085 1745 1136 ἐκεί-

172 1194 264 1227 νον
316 1176 563 1245 ἅψασθαι
586 1178 685 1246 τῆς
728 1176 955 1247 καρδίας
1010 1178 1120 1229 τῶν
1158 1175 1536 1247 ἐπηρεαστῶν,
1576 1174 1651 1238 ὡς
1681 1176 1745 1229 ἂν

170 1266 321 1320 οὕτω
364 1268 461 1320 καὶ
492 1267 601 1320 τῶν
637 1266 808 1333 ἁγίων
849 1268 1186 1322 Ἐκκλτισυῖιν
1230 1269 1261 1337 ἡ
1292 1267 1462 1336 βλάϐη
1514 1266 1747 1320 ἀποδιώ-

173 1376 353 1421 κοιτο.
389 1360 487 1412 καὶ
515 1358 613 1427 τῆς
664 1359 890 1412 ἐκείνων
928 1360 1201 1429 σωτηρίας
1259 1360 1463 1427 γίνοιτο
1515 1360 1547 1428 ἠ
1589 1360 1747 1411 ἐπισ-

173 1450 381 1519 τροφή.
414 1449 647 1502 Ἔπειτα
673 1450 845 1503 δὲκαὶ
874 1451 1020 1520 ἡμᾶς
1042 1451 1171 1521 χρὴ,
1213 1451 1299 1517 ἐφ’
1345 1451 1469 1503 ὅσον
1498 1450 1613 1503 ἐστι
1655 1451 1749 1503 δυ-

174 1540 364 1603 νιτὺν,
411 1544 682 1608 πραότητι
730 1542 823 1594 καὶ
856 1543 1130 1613 ἐπιεικείᾳ
1181 1543 1276 1595 καὶ
1328 1542 1503 1609 λόγοις
1548 1559 1749 1612 παραι-

172 1630 380 1690 νέσεως
423 1631 839 1700 προσφέρεσθαι
891 1635 1099 1699 αὐτοῖς,
1148 1634 1242 1687 καὶ
1280 1631 1390 1687 οἷον
1422 1634 1746 1703 κατεπᾲδειν

172 1720 269 1782 τὰς
320 1723 557 1791 καρδίας
607 1726 812 1789 αὐτῶν,
849 1726 1223 1798 πληροφορίαν
1262 1728 1525 1794 διδόντας,
1558 1729 1634 1793 ὡς
1684 1731 1744 1783 οὐ

176 1816 549 1886 φροντίζομεν
609 1820 968 1889 ἐπικρατείας
1014 1823 1223 1887 ἁπλῶς,
1283 1823 1419 1876 ἀλλά
1472 1824 1743 1894 σωτηρίας

1620 426 2026 489 EPISTOLzE.

1773 582 1822 639 Δ

3295 425 3400 488 342

1848 550 1949 595 ret.
1982 538 2165 593 Simus
2191 540 2334 591 enim
2372 538 2646 607 propriam
2678 539 2905 607 tempori
2937 537 3062 590 huic
3089 538 3404 604 gravitatem

1851 646 1943 697 per
1976 644 2169 682 manus
2189 644 2378 697 graves
2397 628 2791 683 into'erabdem
2816 628 3075 693 evasisse;
3102 637 3188 684 ast
3207 640 3406 695 quanta

1848 721 2005 774 nobis
2062 719 2327 774 incumbit
2381 720 2636 786 gravitas,
2687 727 2861 781 tanta,
2929 719 3097 772 rebus
3154 717 3407 772 humanis

1846 812 2161 879 perspectis,
2199 810 2501 879 indigemus
2538 823 2596 863 ut
2631 819 2853 880 peccata
2887 820 3069 863 nostra
3102 811 3407 877 expiemus.

1847 903 1986 969 Quid
2013 902 2173 970 igitur
2207 902 2553 956 faciendum?
2582 903 2826 957 Divinum
2852 903 3031 973 primo
3057 902 3410 969 imploremus

1847 995 2107 1050 auxilium
2154 1003 2209 1048 et
2234 996 2440 1050 viscera
2488 996 2877 1049 misericordias
2908 996 3029 1064 ejus
3063 1009 3412 1047 commovea-

1844 1103 1988 1150 mus,
2024 1097 2083 1140 ut
2117 1100 2147 1140 a
2173 1086 2375 1139 sanctis
2404 1087 2573 1155 ipsius
2604 1084 2860 1139 Ecclesiis
2882 1087 3139 1139 damnum
3170 1092 3404 1137 avertat.

1846 1197 2037 1239 omnes
2088 1189 2265 1235 autem
2321 1186 2601 1233 convertat
2654 1177 2721 1231 ad
2779 1176 3029 1232 salutem.
3079 1174 3305 1233 Deinde.
3354 1190 3409 1228 ιιι

1847 1286 2109 1345 quantum
2169 1272 2281 1325 fieri
2321 1279 2521 1340 potest,
2568 1271 2688 1324 illos
2734 1269 3028 1331 suavitate,
3077 1267 3410 1337 benignitate

1848 1376 1900 1422 et
1946 1361 2394 1436 persuasibilibus
2444 1362 2700 1415 adeamus
2746 1359 2950 1417 verbis,
2993 1357 3192 1426 quibus
3243 1354 3407 1408 corda

1848 1462 2181 1532 permulcere
2204 1455 2492 1525 possimus.
2542 1452 2724 1506 Danda
2769 1452 2933 1507 etiam
2961 1458 3044 1503 est
3090 1445 3411 1507 satisfactio,

1847 1552 1989 1623 quod
2042 1566 2146 1603 uon
2184 1550 2249 1602 de
2280 1545 2546 1616 regimine
2582 1552 2812 1605 tantum,
2871 1540 2961 1595 sed
3010 1540 3168 1592 etiam
3221 1538 3287 1591 de
3329 1550 3414 1589 sa-

1848 1645 1959 1698 lute
1984 1640 2344 1694 Ecelesiarum
2363 1645 2415 1689 et
2434 1635 2499 1688 de
2524 1635 2760 1703 ipsorum
2809 1631 3111 1701 perditione
3133 1642 3409 1682 curemus.

1848 1734 2189 1790 Devastando
2216 1730 2359 1784 enim
2384 1726 2681 1789 Ecclesias,
2710 1724 2962 1792 ignorant
2991 1722 3139 1791 ipsos
3169 1719 3413 1788 captivos

1850 1827 1985 1886 fieri,
2040 1837 2070 1876 a
2124 1820 2329 1875 divitiis
2370 1827 2550 1870 autem
2597 1824 2651 1869 et
2695 1814 2864 1882 gloria
2889 1813 2984 1866 Dei
3034 1810 3303 1872 excidere,
3349 1809 3417 1863 ab

172 1908 267 1956 aut
301 1905 421 1958 τῶν
458 1908 795 1978 Ἐκκλησιῶν
824 1911 918 1964 τοῦ
945 1912 1105 1975 Θεοῦ,
1134 1912 1225 1965 καὶ
1253 1914 1354 1982 τῆς
1382 1915 1561 1968 αὐτῶν
1590 1917 1744 1969 ἀπω-

1849 1914 2069 1969 inimico
2116 1909 2330 1980 generis
2391 1904 2614 1959 humani
2668 1902 2851 1957 reduci
2916 1910 2970 1954 et
3017 1914 3141 1953 cum
3202 1898 3296 1951 illo
3347 1899 3415 1951 ad

171 1995 323 2056 λείας
388 1996 689 2067 κηδόμεθα*
736 2000 785 2052 οἳ
814 2004 871 2052 ἐν
907 2000 986 2071 τῷ
1023 2002 1245 2073 πορθεῖν
1296 2004 1394 2067 τὰς
1453 2006 1747 2074 ἐκκλησίας

169 2084 468 2151 ἀγνοοῦσιν
502 2090 727 2151 ἑαυτοὺς
761 2091 1147 2160 αἰχμαλώτους·
1173 2095 1475 2159 ποιοῦντες,
1528 2096 1621 2148 καὶ
1652 2095 1744 2149 τοῦ

173 2177 417 2229 πλούτου
466 2181 559 2232 τοῦ
606 2180 743 2233 Θεοῦ
796 2183 890 2235 καὶ
944 2187 1041 2253 τῆς
1081 2185 1242 2255 δόξης
1285 2188 1744 2258 ἀλλοτριούμενοι,

175 2270 314 2338 πρὸς
341 2271 401 2323 δὲ
423 2272 517 2323 τὸν
554 2272 829 2346 ἀλάστορα
855 2277 948 2331 τοῦ
980 2278 1324 2351 ἀνθρωπίνου
1353 2281 1540 2348 γένους
1568 2286 1660 2335 καὶ
1691 2284 1751 2347 ἐξ

174 2360 357 2427 ἀρχῆς
393 2361 593 2432 ἐχθρὸν
650 2366 743 2417 καὶ
782 2366 1044 2437 πολέμιον
1086 2370 1447 2437 ὑπαγόμενοι,
1502 2372 1597 2423 καὶ
1652 2371 1749 2424 σὺν

172 2448 326 2517 αὑτῷ
365 2453 433 2521 τῇ
479 2452 682 2524 αἰωνίῳ
731 2457 1002 2528 καταδίκῃ
1047 2458 1565 2530 συναριθμούμενοι.
1599 2459 1746 2530 Πλὴν

174 2542 271 2592 καὶ
323 2543 468 2612 πρὸς
523 2545 617 2608 οὓς
677 2547 816 2617 ἔφης
876 2548 985 2602 τῶν
1036 2555 1414 2622 μοναστηρίων
1471 2553 1748 2606 ποιεῖσθαι

170 2633 270 2698 τὴν
309 2634 642 2700 κατάλυσιν,
674 2637 790 2691 ὅσοι
826 2642 940 2704 τοῖς
975 2641 1163 2696 αὐτόθι
1192 2645 1471 2715 πάρεισιν,
1502 2644 1751 2714 ἡμέτερα

172 2722 499 2796 ἐξεπέμφθη
577 2730 897 2800 γράμματα,
963 2733 1123 2788 τοῦτο
1202 2736 1303 2805 μὲν
1365 2735 1739 2805 παράκλησιν,

168 2815 333 2868 τοῦτο
356 2816 417 2870 δὲ
448 2822 545 2871 καὶ
578 2824 897 2894 ἐπιτίμησιν
928 2826 1141 2896 ἔχοντα,
1170 2829 1266 2881 ἐὰν
1298 2828 1405 2896 ἄρα
1471 2830 1747 2880 ἀκούσωσι

169 2908 283 2960 τῶν
341 2913 771 2980 γεγραμμένων.
826 2917 968 2987 Πρὸς
1023 2918 1081 2972 δὲ
1156 2919 1284 2982 τοὺς
1332 2920 1746 2991 ἀναδραμόντας

172 3000 439 3066 ἐνταῦθα,
471 3005 636 3059 αὐτόν
668 3024 729 3058 σε
758 3008 838 3060 δεῖ
878 3011 1303 3078 παραγενέσθαι.
1333 3011 1485 3081 Τάχα
1519 3010 1628 3080 γάρ
1652 3008 1747 3062 οὒ-

166 3107 278 3154 τως
321 3095 382 3145 ἐν
434 3097 686 3169 ἡμετέρᾳ
738 3098 857 3168 ὄψει
895 3104 1026 3171 παρ’
1088 3104 1245 3173 ὑμῶν
1299 3103 1600 3173 γινομένων
1641 3104 1748 3155 τῶν

1846 2017 2100 2061 mteruam
2142 2000 2548 2056 damnationem
2608 1993 3006 2065 praedestinari.
3057 1989 3248 2057 Quoad
3295 2007 3416 2071 ,πιο-

1846 2096 2212 2153 nasteriorum
2272 2091 2621 2150 solutionem,
2674 2095 2733 2139 ut
2772 2096 2825 2140 tu
2874 2084 3090 2154 quidem
3137 2082 3298 2142 dicis,
3352 2083 3416 2134 ad

1846 2205 1944 2244 eos
1988 2186 2082 2255 qui
2134 2184 2333 2237 ibidem
2395 2189 2526 2235 sunt
2572 2188 2795 2232 nostras
2844 2177 3097 2230 misimus
3135 2174 3411 2243 epistolas.

1850 2279 2010 2334 modo
2043 2274 2399 2337 hortatorias,
2432 2272 2595 2326 modo
2630 2270 2925 2323 invectivas
2968 2269 3013 2322 si
3044 2267 3181 2321 forte
3208 2267 3413 2335 scripta

1846 2370 2196 2425 meditemur.
2256 2366 2332 2418 Ad
2390 2365 2513 2418 illos
2556 2377 2683 2416 vero
2727 2361 2819 2429 qui
2873 2360 2979 2413 huc
3027 2359 3416 2430 confugerunt,

1847 2463 1943 2516 tibi
1971 2458 2333 2515 accedendum
2366 2465 2483 2521 est;
2515 2469 2636 2523 quae
2657 2453 2801 2505 enim
2827 2452 2929 2504 sub
2959 2451 3186 2505 auribus
3214 2453 3419 2505 nostris

1846 2570 1875 2609 a
1905 2553 2061 2607 vobis
2101 2550 2448 2620 proferentur
2481 2549 2646 2602 verba
2688 2548 2952 2603 citissime
2991 2545 3287 2615 quamdam
3322 2544 3422 2596 ha~

1847 2645 2053 2700 bebunt
2094 2642 2405 2695 utilitatem.
2438 2637 2571 2704 Qua:
2619 2647 2799 2691 autem
2847 2635 2913 2689 de
2956 2632 3295 2687 monasterio
3328 2641 3418 2682 re-

1846 2733 2058 2803 quiris,
2126 2733 2180 2785 in
2240 2744 2403 2800 quem
2474 2728 2753 2781 desideras
2791 2736 2994 2780 statum
3045 2722 3324 2791 perveniat
3364 2726 3425 2772 et

1848 2824 2262 2895 perfectionem,
2294 2822 2367 2873 ita
2396 2828 2456 2873 ut
2493 2818 2832 2888 providentia
2869 2816 2960 2870 Dei
2999 2815 3158 2869 nobis
3201 2828 3309 2868 non
3344 2812 3418 2866 sit

1852 2914 2207 2985 poenitentiae,
2243 2927 2420 2980 neque
2469 2909 2564 2965 tibi
2612 2910 2849 2979 querelae
2905 2908 3080 2970 locus,
3113 2921 3215 2961 nec
3248 2905 3423 2961 bono-

1856 3022 1975 3060 rum
2030 3002 2456 3065 administratio,
2506 3016 2606 3054 nec
2652 2998 3043 3053 monachorum
3074 2996 3272 3050 ibidem
3321 2993 3415 3051 de-

1854 3097 2096 3169 gentium
2123 3094 2442 3149 exsistentia
2484 3090 2541 3144 in
2576 3090 2815 3145 deterius
2846 3091 3065 3143 abeant.

171 3179 349 3247 λόγων
382 3186 521 3253 πρὸς
551 3191 678 3250 τοὺς
714 3190 1145 3259 ἐπηρεάζοντας,
1184 3194 1377 3261 ὄφελός
1444 3212 1496 3247 τι
1538 3196 1853 3264 γενήσεται.
1892 3191 1966 3242 re
2039 3188 2095 3241 δὲ
2155 3185 2542 3256 μοναστήριον,
2611 3184 2746 3253 ὅπερ
2814 3183 3048 3253 ᾔτησας,
3098 3178 3241 3232 οὕτω
3281 3175 3419 3228 Θεοῦ

170 3274 441 3340 πρόνοιαν
492 3278 591 3331 σὺν
620 3280 742 3351 Θεῷ
770 3284 936 3350 φάναι
966 3284 1044 3347 είς
1076 3285 1318 3338 ἐπίδοσιν
1352 3286 1743 3349 καταστάσεως
1783 3284 1982 3346 ἐλθεῖν,
2029 3279 2171 3333 ὥστε
2242 3279 2382 3347 μήτε
2448 3276 2598 3345 ἡμᾶς
2647 3272 3124 3344 μεταμεληθῆναι,
3175 3270 3314 3340 μήτε
3358 3266 3422 3319 σὲ

170 3365 314 3430 πρὸς
386 3367 598 3436 μέμψιν
658 3376 991 3445 καταστῆναι
1028 3376 1120 3428 ἐπὶ
1162 3376 1477 3447 φαυλότερα
1526 3375 1637 3429 τῶν
1686 3392 1745 3429 τε
1820 3372 2160 3446 πραγμάτων
2225 3367 2413 3431 αὑτοῦ,
2442 3367 2537 3418 καὶ
2582 3364 2693 3418 τῶν
2751 3366 2869 3417 ἐκεῖ
2915 3363 3213 3431 διαγόντων
3249 3375 3418 3428 μονα-

167 3458 283 3526 χῶν
316 3457 603 3531 διοικήσει.

565 3597 740 3653 PKA'.
773 3600 1077 3669 Γρηγυρίῳ
1116 3599 1396 3669 Ἐφέσου.

240 3730 387 3783 οὔτε
420 3730 745 3797 φιλονείκως
795 3732 1025 3801 ἔχοντες,
1074 3731 1200 3785 οὔτε
1254 3734 1330 3795 ὡς
1366 3732 1431 3786 άν
1470 3750 1554 3795 τις
1603 3733 1745 3802 ὑπὲρ

171 3824 321 3883 ἰδίας
349 3821 620 3888 αἰσχύνης
650 3823 1045 3892 ἀγωνιζόμενοι
1088 3823 1221 3885 ἴσως
1257 3822 1437 3876 ταῦτά
1475 3840 1557 3875 σοι
1608 3826 1747 3894 γρά-

168 3929 371 3980 φομεν.
409 3911 517 3962 Καὶ
564 3912 628 3962 τὸ
660 3911 967 3980 φιλόνεικον
997 3914 1105 3981 γάρ
1135 3913 1269 3966 θεοῦ
1325 3915 1508 3983 χάριτι
1541 3916 1602 3966 οὐ
1650 3932 1745 3984 με-

171 4004 583 4072 μελετήκαμεν,
628 4006 723 4056 καὶ
768 4004 868 4073 τῆς
921 4006 1073 4073 παρὰ
1129 4006 1435 4074 ἀνθρώπων
1484 4005 1747 4074 αἰσχύνης

166 4096 225 4145 οὐ
282 4094 642 4161 πεποιήμεθα
680 4095 839 4161 λόγον
874 4111 889 4127 ο
930 4094 1066 4149 ἀλλά
1094 4095 1380 4165 γράφομεν
1426 4095 1618 4159 ταῦτα,
1654 4098 1749 4149 καὶ

170 4186 262 4237 ὐπ’
294 4184 470 4237 αὑτοῦ
504 4183 822 4252 κινούμενοι
856 4185 950 4237 τοῦ
983 4187 1287 4249 συνειδότος
1311 4188 1493 4255 ἡμῶν,
1521 4190 1616 4240 καὶ
1645 4189 1748 4240 ὑπὸ

166 4271 275 4322 τῶν
339 4270 600 4338 δακρύων
634 4270 729 4322 τοῦ
762 4274 1239 4341 χειροτονηθέντος
1270 4275 1360 4341 ὑφ’
1393 4275 1573 4343 ἡμῶν,
1607 4277 1681 4339 ὡς
1712 4281 1744 4347 ἠ

163 4363 289 4413 τότε
322 4359 460 4428 παρ’
490 4360 649 4428 ὑμῶν
682 4361 876 4429 γέγονε
912 4364 1188 4433 μαρτυρία
1214 4364 1486 4433 μηδεμιᾶς
1527 4383 1749 4434 προκει-

168 4456 343 4522 μένης
364 4452 706 4519 ἀντιλογίας,
736 4455 830 4505 xui
867 4456 972 4506 ὑπὸ
1014 4454 1110 4506 τοῦ
1136 4456 1231 4507 νῦν
1260 4457 1503 4522 πλήθους
1579 4476 1748 4521 προσ-

165 4543 529 4605 υπαντῶντος
561 4545 657 4595 καὶ
684 4543 1184 4615 διισχυριζομένου,
1218 4547 1252 4616 ἦ
1293 4547 1399 4618 μὴν
1454 4547 1628 4619 ἀληθῆ
1664 4551 1746 4603 λέ-

163 4652 306 4700 γειν,
340 4635 445 4687 καὶ
476 4635 530 4685 εί
559 4651 612 4687 τι
660 4634 851 4702 ψεῦδος
881 4636 1266 4707 ἀπελέγχοιτο,
1301 4637 1461 4690 τοῦτο
1493 4642 1747 4710 τιμωμέ-

168 4745 273 4777 νων
310 4726 580 4778 θανάτου.
632 4726 819 4779 Ταῦτα
874 4726 1128 4795 ἐκίνησεν
1164 4731 1312 4798 ἡμᾶς
1345 4729 1553 4799 γράψαι
1612 4728 1748 4797 πρὸς

164 4818 261 4887 τὴν
295 4816 465 4884 ὑμῶν
512 4818 908 4887 ἀρχιερατικὴν
943 4818 1279 4889 τελειότητα,
1334 4815 1421 4873 οἷα
1460 4821 1751 4890 γράφομεν

166 4912 258 4965 καὶ
307 4910 409 4963 ὑπ’
449 4910 623 4978 αὐτῆς
652 4912 753 4979 τῆς
780 4913 1003 4981 χάριτος
1058 4912 1152 4965 τοῦ
1188 4915 1453 4981 παναγίου
1491 4915 1743 4984 Πνεΰμαο

165 5018 277 5064 τος,
308 5002 451 5070 παρ’
478 4997 540 5052 οὗ
573 5003 842 5071 κατέστης
868 5003 1180 5073 ἀρχιερεὺς,
1213 5006 1431 5073 ἀσφαλῆ
1478 5005 1610 5059 ὄντα
1649 5007 1743 5058 ἐπὶ

170 5095 379 5161 μᾶλλον
448 5092 945 5164 διασφαλιζόμεθα.
998 5096 1108 5147 Καί
1144 5113 1326 5165 φαμεν
1367 5097 1443 5165 μὴ
1466 5097 1564 5166 τὴν
1616 5098 1746 5169 περὶ

165 5185 257 5239 τοῦ
291 5185 501 5253 ἀνδρὸς
533 5186 860 5255 μαρτυρίαν,
892 5186 1003 5239 εἴτε
1032 5185 1140 5239 τῶν
1171 5188 1456 5257 χειρόνων,
1494 5189 1604 5240 εἴτε
1637 5189 1746 5241 τῶν

166 5279 480 5346 ἀμεινόνων
524 5278 639 5329 ἐστὶ
674 5277 969 5348 παρέργως
997 5279 1251 5343 ἀκοῦσαι,
1284 5279 1419 5348 μηδέ
1470 5280 1619 5349 παρὰ
1658 5282 1745 5332 άν-

168 5366 407 5433 θρώπων
436 5366 551 5419 τῶν
576 5367 634 5432 ἐξ
656 5369 747 5421 ἐπὶ
773 5368 975 5438 πολλῆς
997 5369 1161 5422 αὐτὸν
1186 5370 1587 5437 γινωσκόντων,
1627 5371 1743 5425 ἀλλ’

168 5460 225 5524 ἐξ
251 5460 431 5529 αὐτῆς
464 5462 680 5531 ἐκείνης
718 5465 818 5531 τῆς
848 5464 1138 5535 ἐπαρχίας,
1168 5466 1227 5516 ἐν
1257 5457 1290 5538 ᾖ
1336 5466 1431 5517 καὶ
1458 5466 1557 5533 τὴν
1584 5466 1740 5532 γένε-

173 5568 255 5604 σιν
287 5552 420 5621 εσχε
451 5553 553 5607 καὶ
600 5553 1028 5624 ἀνατέθραπται,
1062 5556 1156 5609 καὶ
1184 5557 1292 5609 τῶν
1321 5557 1564 5625 ἀκριϐῶς
1615 5557 1735 5609 είδό-

171 5660 277 5696 των
303 5645 407 5715 τὴν
469 5645 684 5698 ἐκείνου
731 5645 1011 5701 πολιτείαν
1056 5649 1150 5700 καὶ
1183 5648 1369 5719 βιοτην
1424 5646 1586 5712 Οἶδας
1639 5652 1745 5719 γὰρ

174 5729 260 5789 οἷα
315 5738 429 5788 τῶν
483 5734 695 5805 θνητῶν
763 5739 880 5790 ἐστι
946 5739 1289 5808 πραγμάτων
1341 5740 1373 5808 ἡ
1416 5740 1598 5807 φύσις,
1647 5740 1745 5794 καὶ

175 5826 296 5881 οὕτε
329 5827 574 5898 μέγεθος
602 5827 933 5898 ἀξιώματος,
987 5828 1110 5883 οὔτε
1150 5830 1339 5900 σχῆμα
1389 5830 1745 5902 νομιζόμενον

2105 3591 2341 3655 CXXIV.
2384 3590 2636 3661 Gregorio
2670 3589 2884 3659 Ephesii
2919 3590 3185 3657 episcopo.

1917 3729 2029 3784 Etsi
2096 3727 2318 3782 minime
2348 3726 2670 3782 ambitiosus
2725 3725 2949 3781 famaeve
3000 3725 3101 3778 sim
3156 3723 3415 3793 cupidus,

1848 3822 1948 3877 has
2006 3832 2186 3874 tamen
2266 3817 2475 3873 litteras
2542 3818 2638 3872 tibi
2699 3818 2898 3873 scribo.
2975 3816 3049 3870 De
3112 3815 3420 3870 contentio-

1846 3910 2005 3963 nibus
2036 3908 2207 3972 enim,
2251 3907 2473 3975 auspice
2513 3906 2644 3973 Deo,
2680 3907 2839 3962 nobis
2878 3922 3006 3961 cura
3052 3921 3159 3959 non
3195 3914 3297 3967 est,
3364 3914 3418 3958 et

1846 4002 2130 4056 hominum
2152 4000 2574 4054 existimationis
2602 4002 2806 4054 nullam
2838 4001 3101 4054 habemus
3124 3998 3413 4053 rationem.

1847 4093 1958 4148 Has
1994 4104 2172 4147 autem
2210 4093 2501 4146 scribimus
2528 4093 2760 4157 litteras,
2793 4092 2887 4161 qui
2930 4107 2957 4144 a
2993 4100 3175 4145 nostra
3205 4089 3413 4144 incitati

1848 4202 2040 4242 sumus
2091 4184 2420 4239 conscientia
2467 4193 2523 4238 et
2565 4185 2820 4254 laerymis
2866 4182 3031 4246 illius,
3083 4183 3171 4235 cui
3219 4196 3414 4235 manus

1849 4276 2227 4346 imposuimus.
2278 4273 2435 4339 Quod
2482 4282 2723 4342 tempore
2775 4274 2869 4325 illo
2924 4271 3118 4324 dedisti
3168 4271 3414 4323 testimo-

1849 4371 2023 4431 nium,
2055 4382 2084 4419 a
2119 4367 2333 4419 nemine
2374 4373 2456 4417 est
2487 4364 2895 4432 impugnatum;
2943 4362 3229 4413 veritatem
3264 4358 3411 4411 enim

1849 4461 2049 4517 astruit
2107 4469 2161 4512 et
2196 4458 2537 4518 corroborat,
2566 4456 2669 4509 etsi
2694 4454 2938 4523 quaedam
2974 4452 3156 4505 minus
3193 4458 3410 4514 exacta,

1849 4561 2113 4622 argueret.
2148 4551 2190 4602 A
2218 4549 2503 4604 mendacio
2547 4548 2692 4601 enim
2727 4545 2893 4599 veluti
2926 4560 2956 4598 a
2988 4551 3162 4597 morte
3194 4540 3411 4609 fugien-

1848 4645 2010 4700 duml
2065 4640 2161 4695 llis
2206 4639 2435 4709 permoti
2480 4638 2641 4693 rebus
2692 4638 2757 4690 ad
2808 4645 3043 4689 vestram
3088 4632 3408 4703 dignitatem

1848 4735 2166 4799 scribimus;
2197 4733 2319 4785 dein
2350 4743 2405 4783 et
2432 4731 2605 4800 gratia
2641 4728 2877 4798 Spiritus
2908 4724 3105 4789 sancti,
3134 4739 3243 4793 qua
3276 4737 3410 4777 con-

1848 4834 2073 4881 stitutus
2103 4838 2163 4878 es
2194 4821 2437 4892 pontifex
2469 4823 2652 4875 omnia
2688 4835 2811 4874 esse
2847 4826 2964 4879 tuta
3000 4816 3409 4871 confirmamus.

1850 4916 2086 4971 Dicimus
2118 4924 2297 4970 autem
2328 4914 2696 4968 testimonium
2730 4914 2798 4966 de
2821 4912 2938 4965 viro
2965 4924 3073 4964 non
3093 4918 3296 4963 temere
3319 4908 3414 4961 ad-

1846 5009 2190 5073 mittendum,
2219 5008 2363 5078 quod
2386 5007 2703 5061 hominibus
2725 5004 2880 5060 bonis
2897 5012 2992 5058 aut
3016 5001 3172 5055 malis
3187 4998 3413 5054 exhibe-

1842 5111 1951 5165 tur,
1983 5102 2077 5170 qui
2102 5104 2277 5155 virum
2317 5115 2345 5153 a
2385 5100 2547 5172 longo
2586 5108 2831 5166 tempore
2857 5095 3139 5165 cognitum
3180 5092 3411 5155 habent;

1841 5192 1933 5246 sed
1985 5207 2014 5245 a
2059 5191 2491 5256 rontribulibus,
2539 5190 2738 5259 quibus
2786 5188 2908 5256 ejus
2961 5185 3164 5240 familia
3243 5192 3413 5250 atque

1842 5283 2023 5335 studia
2074 5288 2307 5349 vitaque
2356 5281 2666 5335 institutum
2720 5288 2847 5333 nota
2883 5286 3059 5341 sunt;
3098 5289 3221 5341 qua;
3268 5273 3413 5326 enim

1843 5388 2025 5426 rerum
2052 5373 2410 5426 humanarum
2435 5380 2626 5426 natura
2649 5372 2741 5434 sit,
2771 5380 2827 5424 tu
2851 5370 3018 5439 probe
3040 5369 3215 5431 nosti;
3237 5364 3415 5432 reipsa

1848 5472 2032 5517 autem
2084 5478 2259 5532 neque
2296 5462 2575 5532 dignitatis
2622 5462 2948 5531 amplitudo,
2985 5473 3161 5527 neque
3197 5457 3416 5526 pietatis

1846 5557 2051 5625 species
2081 5556 2274 5611 squicit
2306 5557 2373 5609 ad
2403 5557 2559 5609 fidem
2594 5557 2772 5610 verbis
2794 5554 3179 5615 adhibendam,
3201 5551 3254 5605 ni
3276 5550 3414 5605 facta

1844 5650 2200 5704 concordent.
2226 5649 2282 5703 Si
2300 5651 2443 5704 enim
2468 5650 2616 5704 nullo
2635 5647 2954 5703 discrimine
2976 5661 3139 5700 aures
3162 5656 3214 5700 et
3239 5644 3416 5697 laudi-

1844 5741 1949 5795 bus
1977 5750 2030 5795 et
2061 5742 2273 5811 injuriis
2295 5742 2595 5808 aperimus,
2624 5741 2991 5809 nosmetipsos
3018 5738 3277 5800 fallimus,
3307 5737 3411 5791 nisi

1848 5834 2064 5904 propria
2088 5834 2660 5891 acredutconscicntia
2684 5845 2737 5890 et
2762 5848 2862 5888 nos
2888 5834 3033 5904 ipsos
3078 5832 3222 5887 haud
3266 5832 3394 5883 κυνὶ
