4208 6432
756 410 861 472 313

1874 411 2177 473 NICOLAI
2221 416 2327 475 ΕΡ.
2370 420 2873 482 PATRIARCHE

3882 431 3999 494 314

758 535 908 573 ntus:
930 518 1091 573 modo
1108 519 1249 573 enim
1270 519 1333 571 ad
1352 518 1668 586 angelorum
1694 521 2037 578 ascendimus
2054 525 2317 591 ordinem,
2351 534 2382 588 Α

2444 529 2709 593 εὐλαϐείας
2742 532 2926 587 ἱκανόν
2954 534 3072 586 ἐστι
3104 534 3287 589 πίστιν
3338 534 3609 592 ἐπιθεῖναι
3646 540 3760 602 τοῖς
3786 539 3997 608 λόγοις,

757 610 919 664 modo
967 609 1032 664 ad
1076 611 1339 679 impuram
1376 609 1759 666 descendimus
1789 611 2178 669 daemoniorum
2224 630 2313 669 (νος

757 712 983 753 torvam.
1035 699 1123 753 lla:
1179 700 1483 754 mortalium
1535 711 1664 755 sunt
1707 703 1957 768 miseriae,
1999 705 2051 758 in
2096 705 2319 774 quibus,

760 806 905 844 nunc
958 790 1107 842 inviti
1155 792 1471 846 carnalibus
1526 792 1857 850 inservimus
1906 796 2319 864 cupiditatibus,

765 894 908 931 nunc
938 878 1182 935 volentes
1217 882 1398 936 cordis
1423 881 1660 939 stimulis
1689 886 1977 953 agitamur.
2006 883 2085 939 Tu
2117 898 2319 952 autem,

759 984 791 1020 ι)
840 970 1004 1023 homo
1049 969 1167 1034 Dei,
1211 973 1255 1024 si
1283 971 1576 1040 judicium,
1618 974 1760 1043 quod
1793 974 1858 1027 de
1892 974 2009 1028 viro
2047 976 2325 1041 enuntias,

2426 624 2596 691 χωρὶς
2636 622 2733 691 τῆς
2780 623 2889 676 τῶν
2920 626 3261 694 πραγμάτων
3310 627 3722 696 συνομολογίας.
3766 630 3827 683 Ei
3877 632 3999 701 γὰρ

2428 710 2617 775 ἁπλῶς
2670 711 2737 764 τά
2779 703 2895 765 ὦτα
2941 717 3055 777 τοῖς
3107 713 3355 777 ἐπαίνοις
3384 716 3483 769 καὶ
3521 718 3645 779 ταῖς
3699 718 4001 787 λοιδορίαις

2429 802 2785 871 διανοίξομεν,
2839 802 3077 872 λήσομεν
3142 806 3390 869 ἑαυτοὺς,
3456 806 3505 858 εί
3566 805 3641 876 μὴ
3688 807 3748 859 τὸ
3790 809 4001 861 οίκεῖον

2430 891 2789 962 προσίσταται
2833 894 3093 959 συνειδὸς,
3145 896 3283 966 μηδὲ
3317 896 3547 959 ἑαυτοὺς
3601 895 3997 966 γινώσκοντες.

2439 981 2600 1034 Ἀλλὰ
2654 981 2751 1035 νῦν
2805 984 2901 1051 μὲν
2950 986 3029 1046 είς
3087 984 3187 1055 τὴν
3233 986 3345 1039 τῶν
3398 986 3651 1054 ἀγγέλων
3700 987 4003 1057 ἀνάγοντες

755 1076 883 1114 eum
919 1062 1249 1117 conscientia
1283 1072 1374 1117 tua
1406 1067 1682 1135 congruit,
1716 1066 2018 1135 periculum
2049 1076 2132 1121 est
2172 1081 2237 1121 ne
2277 1076 2329 1121 te

2444 1074 2653 1135 εαυτοὺς
2680 1071 2851 1138 τάξιν,
2882 1074 2976 1129 νῦν
3024 1074 3082 1127 δὲ
3115 1077 3249 1140 πρὸς
3288 1076 3388 1141 τὴν
3430 1076 3640 1146 μιαρῶν
3690 1078 3993 1147 δαιμονίων

759 1164 812 1207 et
850 1153 987 1208 alios
1020 1154 1297 1223 decipias;
1348 1156 1484 1209 adde
1519 1155 1665 1225 quod
1706 1156 1971 1226 judicium
2000 1158 2242 1212 divinum
2278 1167 2328 1212 te

2444 1163 2908 1228 ιαταϐιϐἀςοντες.
2940 1166 3177 1220 Τοιαῦτά
3211 1169 3328 1219 ἐστι
3377 1169 3446 1221 τὰ
3473 1168 3670 1238 οἰκτρά
3710 1169 3816 1222 τῶν
3876 1169 3986 1222 ἀν-

760 1255 963 1301 manet.

2431 1252 2673 1323 θρὼπων
2702 1257 2848 1325 οίμοι
2893 1257 3010 1320 πῶς
3056 1258 3195 1311 εἴπω
3232 1257 3343 1310 εἴτε
3392 1259 3664 1325 ἀκουσίως
3683 1261 3842 1330 ἡμῶν
3886 1260 3996 1315 {uti

757 1335 850 1387 τοῦ
930 1336 1195 1406 σαρκικοῦ
1242 1336 1612 1407 φρονήματος,
1690 1338 1792 1391 εἴθ’
1861 1340 2131 1402 ἑκουσίως
2204 1340 2719 1412 καταδουλουμένων
2806 1346 2900 1398 καὶ
2975 1349 3327 1418 φρονήματος
3396 1347 3489 1400 καὶ
3559 1349 4003 1419 σπουδάσματος.

769 1428 929 1482 Ἀλλά
974 1429 1038 1483 σύ
1103 1448 1189 1499 γε,
1220 1425 1263 1484 ὦ
1300 1431 1555 1501 ἄνθρωπε
1604 1431 1693 1483 τοῦ
1727 1432 1885 1498 Θεοῦ,
1939 1434 2096 1502 εἴπερ
2159 1434 2347 1489 ἀλλοτέ
2383 1452 2514 1489 ποτε
2562 1438 2658 1491 νῦν
2725 1440 2806 1509 τῷ
2833 1442 3053 1513 ἀκριϐεῖ
3099 1448 3368 1516 κριτηρίῳ
3436 1449 3535 1516 τῆς
3581 1447 3679 1515 σῆς
3726 1445 4005 1507 συνέσεως

756 1519 855 1587 τὴν
887 1522 1013 1589 περὶ
1045 1521 1140 1574 τοῦ
1176 1521 1364 1592 ἀνδρὸς
1402 1520 1814 1593 ἀμφισϐήτησιν
1862 1522 2170 1594 διαιτήσας,
2224 1526 2320 1579 καὶ
2358 1528 2504 1597 ἡμᾶς
2540 1529 2633 1581 καὶ
2667 1532 2890 1585 σεαυτὸν
2958 1533 3264 1599 ἀπαλλάξαι
3329 1536 3490 1607 τυχὸν
3527 1536 3625 1606 μὲν
3651 1536 4004 1607 ἀνθρωπίνου

761 1611 975 1681 μώμου,
1008 1611 1169 1681 τυχὸν
1208 1612 1263 1664 δὲ
1298 1612 1393 1666 καὶ
1424 1612 1610 1666 θεῖκοῦ
1640 1613 2055 1682 κατακρίματος
2078 1614 2434 1685 προνοήθητι.

1315 1727 1527 1785 CXXV.
1577 1726 1809 1782 Incerto.

2996 1737 3169 1790 PKE'.
3209 1739 3447 1808 Ἀδήλῳ.

831 1844 962 1908 Quae
984 1852 1041 1898 et
1072 1852 1277 1912 quanta
1319 1848 1554 1895 vestram
1590 1839 1890 1909 piissimam
1920 1842 2155 1895 animam
2193 1842 2329 1897 ami-
2363 1830 2382 1884 1

2504 1845 2619 1897 Οὐκ
2653 1846 2955 1917 ἀγνοοῦμεν
2987 1850 3085 1902 ὅσα
3112 1850 3213 1919 τὴν
3248 1851 3403 1921 ὑμῶν
3437 1854 3660 1925 θεοφιλῆ
3710 1856 4009 1925 συνέχοντα

758 1945 910 2003 gant,
956 1935 1100 1989 haud
1142 1935 1477 2003 ignoramus.
1519 1931 1623 1986 Sed
1664 1930 1793 2001 quid
1827 1931 2134 1985 faciendum
2180 1934 2326 1987 aliud

760 2042 922 2095 quam
962 2025 1228 2094 patienter
1255 2024 1399 2079 ferre
1433 2034 1486 2079 et
1510 2026 1808 2094 prudenter
1834 2026 2066 2094 tempori
2099 2028 2330 2083 cedere?

760 2122 989 2186 Quando
1011 2122 1155 2175 enim
1174 2136 1294 2175 cum
1320 2123 1482 2175 rebus
1503 2121 1808 2177 difficilibus
1833 2123 2093 2192 temporis
2114 2138 2331 2193 quoque

757 2211 1101 2265 ditﬁcultates
1139 2211 1466 2280 junguntur,
1507 2212 1656 2266 nulla
1698 2214 1909 2267 ratione
1951 2228 2137 2283 pacem
2179 2229 2329 2267 com-

761 2318 965 2372 pones;
1014 2317 1135 2372 quae
1177 2304 1363 2358 omnia
1410 2319 1440 2357 a
1492 2305 1764 2374 principio
1811 2306 1877 2360 ad
1924 2314 2111 2363 nostra
2160 2324 2331 2376 usque

762 2407 1005 2462 tempora
1035 2394 1238 2450 videris
1257 2397 1312 2450 in
1335 2411 1516 2450 rerum
1533 2398 2004 2453 administratione
2033 2414 2299 2455 occurren
2314 2430 2331 2442 -

760 2486 856 2540 tia.
893 2485 969 2539 lta
996 2494 1049 2540 et
1074 2494 1157 2551 tu,
1196 2488 1269 2541 mi
1306 2488 1401 2551 fili,
1434 2488 1736 2543 obediendo
1763 2490 2041 2543 communi
2071 2499 2126 2544 et
2158 2505 2329 2545 sacu-

763 2578 857 2631 lari
895 2577 1096 2640 ordini,
1128 2587 1389 2633 eventura
1422 2580 1694 2647 patienter
1726 2582 1991 2650 perferas,
2027 2598 2091 2638 ea
2121 2583 2333 2638 scilicet

761 2688 884 2742 «ruas
918 2682 1096 2728 astuta
1123 2675 1384 2742 temporis
1418 2674 1623 2729 malitia
1643 2676 1833 2744 gignit.
1871 2674 2079 2745 itaque,
2119 2675 2334 2731 favente

760 2767 893 2831 Deo,
927 2765 1075 2821 brevi
1110 2774 1372 2833 tempore,
1409 2780 1518 2833 quo
1545 2765 1659 2819 ficri
1686 2774 1865 2835 potest
1898 2765 2059 2821 modo
2092 2766 2182 2819 illa
2209 2780 2333 2820 cor-

761 2858 905 2926 riges
938 2873 952 2910 :
980 2868 1371 2926 praeposteram
1401 2871 1534 2911 vero
1564 2857 1705 2911 haud
1733 2858 2003 2925 suscipias
2033 2859 2332 2913 correctio-

762 2964 909 3013 nem,
940 2959 1162 3018 propter
1192 2948 1480 3002 conamina
1528 2960 1581 3002 et
1612 2949 2048 3005 machinationes
2088 2949 2332 3013 illorum,

762 3040 853 3109 qui
878 3041 1138 3093 malitiam
1162 3048 1442 3094 sectantur
1462 3054 1527 3093 ne
1547 3039 1641 3093 tibi
1667 3039 1950 3094 molestias
1969 3055 2254 3110 compares
2283 3050 2335 3095 et

760 3133 925 3187 rebus
961 3133 1015 3185 in
1043 3132 1285 3186 deterius
1313 3131 1551 3185 abeundi
1607 3146 1796 3185 ansam
1840 3132 2104 3203 praebeas.
2137 3131 2213 3186 De
2251 3133 2334 3187 liis

765 3223 830 3275 ad
882 3232 935 3277 te
986 3222 1279 3277 scribimus
1322 3223 1592 3283 materiis,
1643 3222 1977 3291 experientia
2026 3223 2227 3282 edocti.
2275 3234 2338 3277 ut

766 3312 1014 3381 quaedam
1046 3316 1233 3367 animo
1263 3321 1356 3366 tuo
1381 3311 1776 3367 consideranda
1806 3312 2210 3367 ministremus.
2242 3312 2341 3365 Dat

762 3418 944 3462 autem
978 3406 1123 3460 Deus
1168 3420 1349 3459 rerum
1398 3405 1451 3458 in
1500 3403 1699 3458 melius
1743 3404 2177 3463 conversionem.
2221 3418 2340 3472 qua:

766 3506 819 3550 te
851 3510 879 3548 a
913 3494 1194 3549 doloribus
1220 3494 1415 3548 liberet
1447 3503 1497 3547 et
1526 3492 1658 3562 ipsis
1689 3502 1957 3561 congruat
1982 3492 2250 3547 consiliis.

2430 1937 2602 1991 θλίϐει
2639 1937 2835 2009 ψυχήν.
2898 1941 3057 1994 Ἀλλά
3092 1944 3146 1995 τί
3202 1944 3282 1997 δεῖ
3336 1947 3601 2017 ποιεῖν,ἢ
3646 1950 3845 2019 πράως
3896 1952 4006 2017 φέ-

2433 2045 2569 2097 ρειν,
2601 2031 2695 2082 καὶ
2717 2032 2838 2083 ὅσον
2866 2031 3089 2086 δυνατὸν
3116 2037 3391 2105 φρονίμως
3419 2039 3529 2101 τοῖς
3554 2040 3841 2108 πράγμασι
3866 2060 4006 2095 συν-

2432 2120 2813 2189 αρμόζεσθαις
2853 2124 3023 2179 Ὅταν
3073 2128 3183 2196 γὰρ
3254 2131 3557 2201 πράγματα
3608 2133 3818 2203 χαλεπά
3872 2136 4011 2186 ὄντα

2431 2212 2528 2263 καὶ
2557 2211 2658 2281 τὴν
2682 2214 2778 2266 τοῦ
2806 2216 3001 2284 καιροῦ
3033 2220 3412 2290 προσλάϐηται
3460 2223 3825 2292 χαλεπότητα,
3859 2227 4012 2295 ἁμή-

2433 2316 2593 2369 χανον
2623 2300 2683 2365 ἐξ
2709 2304 2928 2372 ἑτοίμου
2956 2308 3291 2361 κατάστασιν
3336 2311 3475 2363 αὐτά
3511 2312 3860 2380 προσλαϐεῖν.
3890 2317 4009 2368 Καὶ

2432 2391 2590 2445 τοῦτο
2627 2393 2757 2457 ίδοις
2785 2394 2849 2448 ἂν
2891 2396 3096 2451 ἀνωθεν
3133 2401 3225 2452 καὶ
3276 2401 3335 2465 ἐξ
3377 2404 3549 2473 ἀρχῆς
3593 2405 3686 2456 καὶ
3721 2405 3885 2474 μέχρι
3907 2408 4011 2458 τοῦ

2436 2484 2531 2537 νῦν
2588 2486 2690 2556 ὁδῷ
2730 2488 3060 2543 καταϐαῖνον
3096 2494 3154 2544 ὲν
3209 2496 3329 2558 ταῖς
3375 2496 3676 2565 διοικήσεσι
3729 2498 3838 2551 τῶν
3868 2518 4014 2569 πραο

2432 2575 2657 2645 γμάτων
2686 2577 3171 2648 γινόμενονέὪστε
3204 2586 3299 2637 καὶ
3316 2586 3404 2650 σὺ,
3444 2587 3635 2641 τέκνον
3668 2589 3847 2659 ἡμῶν,
3879 2607 4014 2643 πει·

2435 2667 2661 2737 θόμενος
2695 2670 2758 2737 τῇ
2808 2674 2958 2741 κοινῇ
3012 2675 3109 2726 καὶ
3152 2679 3390 2746 κοσμικῇ
3442 2678 3616 2745 τάξει,
3669 2683 3859 2749 πράως
3909 2683 4016 2734 καὶ

2438 2758 2816 2827 μακροθύμως
2844 2763 3108 2833 καρτέρει
3147 2767 3216 2818 τὰ
3258 2769 3667 2837 συμπίπτοντα,
3720 2772 3921 2841 μᾶλλον
3952 2774 4020 2826 δὲ

2432 2850 2533 2903 ὅσα
2563 2851 2597 2919 ἠ
2626 2853 2975 2921 προλαϐοῦσα
3004 2856 3098 2909 τοῦ
3129 2858 3321 2927 χρόνου
3349 2861 3516 2915 κακία
3549 2863 3735 2928 κακῶς
3764 2863 4020 2931 διέθηκε·

2435 2944 2529 2994 καὶ
2576 2942 2676 2995 σὺν
2713 2942 2834 3013 Θεῷ
2869 2947 3010 2999 κατὰ
3066 2948 3237 3020 βραχὺ
3285 2951 3374 3003 τὸν
3420 2952 3646 3006 δυνατὸν
3700 2955 4024 3023 ἑπανόρθου

2435 3035 2639 3103 τρόπον
2670 3036 2832 3101 αὐτὰ,
2861 3038 2955 3090 καὶ⁵
2994 3038 3067 3107 μὴ
3111 3039 3307 3109 ἀθρόον
3345 3041 3668 3114 βουλόμενος
3708 3045 3808 3115 τὴν
3838 3047 4022 3099 ἐπαν-

2438 3126 2671 3195 όρθωσιν
2746 3127 2951 3191 δοῦναι,
3000 3130 3105 3182 ὑπὸ
3154 3134 3256 3199 τῆς
3308 3134 3697 3205 ἀντικειμένης
3741 3136 3851 3190 τῶν
3911 3137 4026 3208 τὴν

2391 3220 2408 3241 ⁸
2442 3217 2708 3288 πονηρίαν
2750 3218 3048 3285 φιλούντων
3106 3222 3340 3291 σπουδῆς
3379 3240 3435 3276 τε
3463 3224 3559 3277 καὶ
3602 3226 3874 3295 μηχανῆς,
3915 3235 4027 3281 καὶ

2441 3310 2651 3380 σεαυτῷ
2699 3311 2876 3373 λύπας
2919 3313 3209 3381 προξενῇς,
3238 3315 3332 3366 καλ⁵
3372 3318 3485 3379 τοῖς
3520 3320 3844 3389 πράγμασιν
3889 3320 4027 3373 ἀντὶ

2439 3400 2712 3470 ὡφελείας
2739 3401 2994 3470 ἀφορμὴν
3024 3403 3271 3472 παρέχῃς
3301 3404 3395 3456 ἐπὶ
3427 3406 3496 3457 τά
3524 3408 3694 3476 χείρω
3725 3409 4013 3478 προῖέναι.

2451 3491 2612 3545 Ἀλλά
2669 3491 2841 3543 ταῦτα
2894 3491 3177 3560 γράφομεν
3234 3492 3293 3556 ἐξ
3342 3486 3418 3546 ὧν
3464 3506 3561 3548 και
3608 3497 3770 3564 ἡμεῖς
3810 3500 4020 3567 πεῖραν

764 3589 1119 3661 λαμϐάνομεν
1172 3590 1273 3659 τὴν
1349 3590 1448 3660 σὴν
1514 3588 2028 3658 ὑπομιμνήσκοντες
2097 3587 2332 3641 σύνεσιν.
2378 3588 2509 3657 Δοίη
2543 3587 2599 3640 δὲ
2666 3586 2799 3648 Θεὸς
2833 3585 2928 3638 ἐπὶ
2968 3586 3030 3638 τὸ
3058 3586 3285 3655 ἄμεινον
3318 3589 3496 3642 πάντα
3568 3590 4029 3661 μετασκευασθῆ-

767 3700 876 3745 ναι,
906 3683 1002 3734 καὶ
1039 3682 1114 3745 ὡς
1144 3682 1211 3736 ἂν
1320 3682 1401 3734 σοί
1458 3699 1514 3734 τε
1564 3681 1770 3736 ἀλυπον
1808 3680 1901 3732 καὶ
1956 3683 2067 3744 τοῖς
2115 3683 2325 3735 ὲκείνου
2367 3683 2659 3754 εὐάρεστον
2685 3680 2970 3751 κρίμασιν.

768 3792 1005 3851 CXXVI.
1046 3793 1294 3883 Ignalio,
1345 3796 1761 3883 quiamagist’er
1806 3796 2002 3883 fuluus,
2048 3798 2102 3851 in
2151 3796 2344 3868 Magno
2395 3877 2401 3883 ἡ

1109 3867 1251 3935 Agro
1282 3865 1627 3918 monasticam
1652 3868 1810 3920 vitam
1835 3867 1995 3937 degit.

842 4000 908 4056 Et
950 4015 1097 4055 nunc.
1142 4011 1198 4054 et
1238 4002 1391 4069 prius
1441 4015 1692 4071 magnam
1742 4016 1957 4071 semper
2005 4003 2345 4072 percepimus

769 4095 1203 4151 consolationem
1246 4109 1310 4148 ex
1342 4093 1562 4157 litteris,
1591 4108 1727 4161 quas
1760 4094 1826 4147 ad
1867 4109 1964 4148 nos
1992 4102 2340 4163 peccatorum

772 4204 936 4243 causa
967 4188 1254 4242 tribulatos
1291 4186 1592 4240 reverentia
1622 4196 1797 4238 vestra
1830 4184 1999 4248 misit,
2029 4195 2082 4239 et
2108 4186 2216 4240 Deo
2241 4187 2339 4240 bo-

770 4297 968 4336 norum
1001 4282 1245 4335 omnium
1273 4280 1451 4334 datori
1486 4280 1690 4348 gratias
1725 4276 2034 4342 referimus,
2063 4280 2206 4348 quod
2249 4294 2342 4335 ve-

774 4387 930 4434 ram,
981 4370 1253 4427 sinceram
1308 4376 1363 4422 et
1409 4366 1750 4436 spiritualem
1802 4364 2123 4419 charitatem
2182 4364 2342 4421 nobis

773 4463 1091 4519 servaverit.
1141 4461 1400 4515 Homines
1445 4459 1590 4514 enim
1647 4458 1761 4513 fere
1826 4473 2017 4512 omnes
2062 4459 2345 4527 promissis

772 4557 888 4611 suis
932 4569 1041 4609 non
1095 4560 1383 4609 steterunt.
1423 4550 1578 4615 Quod
1611 4564 1740 4603 vero
1777 4549 1891 4618 jam
1929 4549 2061 4612 dixi,
2110 4550 2342 4619 teipsum

773 4646 1118 4702 conservavit
1141 4645 1300 4699 nobis
1326 4644 1493 4707 Deus,
1526 4642 1619 4709 qui
1657 4653 1709 4696 et
1732 4640 2144 4711 perfectissimae
2173 4642 2348 4697 virtu-

775 4740 845 4795 tis
874 4737 1156 4807 exemplar
1185 4736 1492 4806 proposuit,
1530 4733 1691 4789 nobis
1731 4744 1916 4788 autem
1962 4749 2218 4803 magnum
2249 4735 2349 4787 tri-

778 4833 895 4885 buit
929 4830 1183 4885 solatium
1229 4831 1283 4883 in
1321 4828 1407 4884 his
1440 4844 1622 4883 rerum
1675 4828 1967 4899 angustiis.
2014 4830 2147 4895 Quae
2178 4843 2342 4897 porro

774 4924 842 4977 de
893 4921 1135 4978 Ecclesia
1190 4921 1282 4975 Dei
1323 4928 1673 4991 pcramanter
1717 4920 1929 4983 tribuit,
1978 4922 2249 4991 sagaciter
2295 4929 2349 4975 et

775 5015 1050 5083 eleganter
1080 5026 1497 5074 commemoras,
1524 5010 1640 5065 haec
1672 5012 1810 5065 scito
1840 5011 2009 5065 nobis
2023 5010 2346 5079 jamdudum

774 5106 830 5160 in
861 5106 1001 5161 votis
1028 5112 1082 5159 et
1107 5104 1161 5159 in
1193 5106 1386 5174 emptis
1410 5119 1568 5169 esse;
1598 5113 1995 5169 verumtamen,
2023 5102 2112 5156 hic
2136 5118 2353 5173 quoque

782 5206 972 5249 contra
1021 5212 1105 5250 me
1138 5196 1430 5265 insurgunt
1470 5209 1688 5265 semper
1722 5205 1967 5263 peccata,
2006 5204 2061 5249 et
2090 5210 2119 5248 a
2154 5210 2351 5264 propo-

778 5289 885 5342 sito
914 5288 1259 5345 aberramus.
1294 5288 1397 5353 Qui
1433 5287 1579 5342 enim
1615 5288 1667 5340 in
1701 5286 2000 5342 Ecclesiam
2037 5286 2128 5340 Dei
2158 5301 2349 5356 pecca—

778 5388 998 5445 verunt,
1025 5378 1223 5432 nedum
1257 5378 1535 5449 propriam
1560 5376 1792 5432 deﬂeant
1821 5376 2099 5431 miseriam
2142 5385 2197 5430 et
2230 5390 2348 5430 ma-

780 5473 959 5526 lorum
1002 5470 1427 5542 profunditatem
1477 5469 1716 5524 sentiant
1761 5469 1831 5523 ob
1878 5467 2173 5523 Ecclesiam
2213 5466 2352 5521 male

781 5563 1075 5632 proditam.
1118 5562 1329 5632 seipsos
1355 5562 1537 5632 potius
1564 5570 1793 5632 purgant
1812 5561 2021 5615 diversa
2049 5568 2353 5629 praetexen-

784 5669 885 5720 tes,
918 5668 973 5713 et
1009 5672 1113 5710 non
1151 5656 1328 5713 solum
1383 5655 1707 5710 humilitatis
1754 5652 1923 5707 colles
1968 5666 2075 5706 non
2126 5652 2351 5712 adeunt,

785 5752 877 5805 sed
902 5751 954 5805 in
981 5759 1195 5805 montes
1217 5750 1378 5805 etiam
1405 5747 1670 5817 superbis
1691 5745 2010 5801 ascendunt.
2047 5744 2122 5799 Illi
2148 5756 2350 5806 autem,

787 5843 878 5914 qui
930 5852 1149 5913 propter
1199 5843 1401 5899 bonum
1447 5840 1701 5897 Ecclesiae
1744 5848 1943 5895 statum
1989 5836 2157 5892 multa
2204 5836 2350 5906 passi

2518 3796 2708 3865 Ριίσῖκ
2748 3796 3016 3871 Ἰγϊςιτίφ
3040 3798 3351 3871 μειγίστρφ
3369 3800 3659 3871 γεξγδνοῖιν
3677 3800 4030 3869 μονάσαντί

2661 3899 2671 3907 ι
2806 3865 2898 3919 es
2932 3866 3003 3919 ἐν
3041 3865 3121 3931 τῷ
3159 3865 3409 3937 Μεγάλῳ
3425 3865 3628 3936 ’Δγρῷζ

2516 3994 2626 4053 Κάὶ
2671 3998 2765 4051 νῦν
2793 3999 2886 4052 καὶ
2922 3999 3188 4070 πρότερον
3223 4000 3470 4072 μεγάλην
3505 4002 3806 4072 εὑρηκότες
3837 4007 4027 4074 παρά-

2447 4092 2655 4161 κλησιν*
2679 4093 2744 4143 ἐκ
2770 4090 2880 4143 τῶν
2905 4091 3250 4161 γραμμάτων
3282 4094 3383 4162 τῆς
3418 4093 3574 4163 ὑμῶν
3604 4096 3887 4164 ὁσιότητος
3911 4099 4033 4153 τῶν

2445 4181 2533 4235 διά
2552 4182 2652 4244 τάς
2679 4182 2953 4251 ἁμαρτίας
2989 4183 3147 4251 ἡμῶν
3198 4172 3545 4253 συνεχόντων
3595 4188 3765 4256 ἡμᾶς,
3801 4188 4034 4259 εὐχαρι-

2448 4272 2605 4325 στίαν
2639 4273 2716 4339 τῷ
2754 4273 2938 4341 δοτῆρι
2982 4274 3336 4341 τῶν-ἀγαθῶν
3363 4274 3483 4343 Θεῷ
3511 4276 3929 4346 ἀνεπέμψαμεν,
3968 4280 4036 4343 ὃς

2451 4366 2548 4437 τὴν
2570 4366 2788 4435 ἀληθῶς
2814 4367 3083 4437 εἰλικρινῆ
3117 4370 3213 4421 καὶ
3243 4370 3627 4439 πνευματικὴν
3656 4371 3881 4437 ἀγάπην
3909 4370 4035 4424 δια-

2454 4462 2753 4530 τετήρηκεν
2795 4462 2950 4529 ἡμῖν,
2995 4460 3182 4528 σχεδὸν
3221 4460 3441 4513 πάντων
3464 4462 3578 4514 ὅσοι
3612 4462 3818 4531 ταύτην
3846 4464 4037 4534 ἐπηγ-

2453 4554 2708 4617 γέλλοντο
2748 4552 2882 4620 πρὸς
2919 4553 3065 4620 ἡμᾶς
3100 4552 3402 4616 κεκτῆσθαι
3423 4553 3523 4621 τῆς
3576 4554 3755 4606 αὐτῶν
3802 4556 4039 4609 ἐπιλανο

2452 4643 2763 4706 θανομένων
2792 4628 3165 4710 ὲπαγγελίαςξ
3195 4644 3332 4696 Ἀλλ’
3367 4645 3514 4715 ὅπερ
3544 4644 3703 4715 ἔφην,
3733 4646 3793 4698 σὲ
3829 4647 4039 4715 διεφύ-

2448 4733 2610 4799 λαξεν
2654 4734 2786 4803 ἡμῖν
2829 4735 2857 4785 ὁ
2901 4732 3124 4800 ἀγαθὸς,
3184 4735 3302 4802 ἅμα
3358 4734 3456 4803 μὲν
3517 4735 3616 4803 τὴν
3676 4736 4042 4806 τελειοτάτην

2450 4827 2654 4901 ἀρετὴν
2694 4828 2809 4890 τοῖς
2842 4827 3133 4895 μιμεῖσθαι
3170 4828 3241 4879 τά
3292 4826 3435 4880 καλά
3468 4826 3820 4896 βουλομένοις
3843 4830 4043 4896 παρά-

2450 4915 2649 4986 δειγμα
2715 4914 3017 4984 προτιθεὶς,
3085 4914 3211 4984 ἃμα
3254 4914 3460 4973 δὲκαὶ
3497 4915 3631 4983 ἡμῖν
3686 4916 3744 4967 ὲν
3795 4915 4040 4985 τοιούτῳ

2452 5006 2633 5078 καιρῷ
2670 4997 2813 5077 μέγα
2857 5006 3208 5077 παραμύθιον
3262 5006 3644 5076 χαρισαμένης
3710 5005 3818 5057 τῶν
3872 5023 4032 5076 περι-

2454 5098 2843 5170 στοιχισάντων
2881 5098 3178 5167 ὀδυνηρῶν.
3216 5098 3283 5151 ’Δ
3328 5097 3384 5149 δὲ
3431 5098 3560 5167 περὶ
3590 5095 3691 5165 τῆς
3738 5096 3833 5149 τοῦ
3888 5096 4042 5149 Θεοῦ

2464 5189 2793 5258 Ἐκκλησίας
2854 5188 3033 5251 καλῶς
3082 5188 3177 5241 καὶ
3225 5188 3505 5258 φρονίμως
3570 5180 3878 5250 καὶ’ἀξίως
3930 5186 4044 5255 τῆς

2456 5284 2555 5351 σῆς
2609 5281 2899 5343 εὐλαϐείας
2965 5281 3313 5350 ὑπέμνησας,
3370 5278 3609 5347 γίνωσκε
3655 5276 3831 5331 ταῦτα
3893 5278 4044 5347 ἡμῖν

2453 5374 2540 5427 διά
2574 5373 2785 5443 πολλῆς
2818 5372 3056 5442 ἐφέσεως
3103 5371 3164 5436 ἐξ
3195 5371 3371 5442 ἀρχῆς
3405 5371 3503 5424 καὶ
3561 5368 3797 5438 σπουδῆς
3852 5369 4046 5437 ὑπάρ-

2454 5484 2591 5535 χειν.
2636 5466 2774 5519 Ἀλλ’
2806 5467 2882 5526 ὡς
2918 5464 3098 5517 ἔοικεν
3152 5465 3246 5517 καί⁵
3295 5461 3535 5516 ἐνταῦθα
3560 5460 3702 5514 κατά
3729 5460 4045 5530 πρόσωπον

2455 5558 2869 5626 ἀνθισταμένων
2915 5573 3005 5625 μοι
3038 5555 3146 5608 τῶν
3178 5553 3485 5625 ἁμαρτιῶν,
3539 5551 3896 5621 διαμαρτάνω
3927 5551 4045 5619 τῆς

2455 5650 2782 5718 ἐπιθυμίας.
2824 5650 2947 5702 Τῶν
3010 5649 3109 5719 μὲν
3158 5650 3269 5718 γάρ
3320 5646 3722 5717 ἡμαρτηκότων
3788 5645 3868 5705 είς
3928 5643 4044 5711 τὴν

2453 5741 2547 5794 τοῦ
2582 5739 2718 5794 Θεοῦ
2750 5741 3103 5808 Ἐκκλησίαν,
3149 5740 3271 5793 ἀντὶ
3330 5740 3429 5809 τῆς
3480 5738 3576 5789 ἐπὶ
3606 5736 3684 5805 τῷ
3719 5736 4041 5802 πταίσματι

2460 5832 2829 5902 κατανύξεως,
2862 5835 2955 5887 καὶ
2984 5834 3081 5903 τῆς
3115 5832 3220 5888 τῶν
3254 5832 3439 5889 κακῶν
3470 5828 3899 5899 συναισθήσεως,
3925 5828 4042 5881 ὅσοι
