4208 6432
790 376 888 440 351

1896 391 1944 450 Ν
1954 391 2205 455 ICOLAI
2245 396 2354 458 CP.
2394 398 2911 465 PATRIARCIIA!

3924 412 4037 476 352

787 501 966 558 ignem
1051 488 1384 547 incedentes.
1447 492 1573 549 Haec
1625 495 1752 551 dum
1818 507 2056 557 mentem
2107 505 2364 571 subeunt,

2469 507 2562 563 καὶ
2585 509 2881 580 ,στομάτων
2937 511 3142 584 θηρίων
3172 512 3306 567 Θεοῦ
3359 515 3626 587 ῥυομένου
3671 517 4039 590 θεράποντας.

789 594 990 647 magno
1023 581 1152 636 mihi
1181 590 1306 638 sunt
1353 583 1552 640 solatio
1574 593 1626 641 et
1656 587 1897 645 animum
1928 593 2180 650 reddunt.
2233 593 2357 652 llme

787 683 882 723 vos
911 684 1150 739 quoque,
1200 670 1294 725 lilii
1329 675 1455 736 mei.
1487 675 1762 732 vobiscum
1797 690 2048 746 reputate
2087 700 2101 737 :
2158 683 2203 738 si
2234 700 2358 756 gra-

787 777 878 816 ves
920 763 1056 818 forte
1085 766 1373 821 inciderint
1402 769 1752 836 teutationes,
1786 774 1850 827 ad
1885 789 2032 843 spem
2074 778 2356 835 meliorem

785 853 949 908 corda
991 853 1211 924 erigite,
1273 857 1431 912 sicuti
1462 863 1784 916 sacerdotali
1817 866 2117 921 conditioni
2162 879 2354 924 vestra:

785 944 1084 1012 convenit;
1132 947 1203 1000 ita
1261 948 1478 1005 fortiter
1553 951 1674 1007 illas
1723 955 2076 1023 superabitis.
2153 958 2350 1016 Multas

782 1035 930 1090 enim
974 1052 1040 1091 ex
1086 1037 1191 1092 Deo
1222 1038 1487 1096 habemus
1515 1043 1985 1119 repromissiones,
2035 1047 2126 1116 qui
2170 1049 2359 1104 oculos

784 1140 936 1191 suos,
999 1129 1073 1181 uti
1126 1128 1363 1197 conildo,
1420 1140 1628 1186 avertet
1679 1147 1706 1186 a
1760 1136 1998 1204 peccatis
2025 1136 2229 1203 *meis,
2291 1139 2359 1194 ad

786 1218 947 1272 ilnem
989 1233 1163 1288 usque
1210 1236 1269 1276 se
1319 1223 1618 1291 benignum
1672 1236 2010 1280 servatorem
2061 1228 2358 1296 prastabit,

785 1324 884 1364 nec
946 1324 1186 1380 unquam
1262 1313 1509 1368 auxiliari
1594 1315 1851 1371 cessabit.
1949 1317 2043 1371 Sin
2124 1321 2362 1387 peccatis

783 1400 920 1455 meis
991 1403 1345 1470 contristatus
1432 1406 1702 1476 paulisper
1805 1408 2070 1479 castigat,
2164 1411 2364 1465 nihilo-

782 1493 963 1549 minus
1017 1509 1228 1549 summa
1300 1497 1527 1567 recipiet
1573 1498 1950 1569 benignitate;
2019 1517 2117 1558 eos
2177 1512 2358 1557 autem

783 1584 879 1652 qui
925 1586 1125 1639 malitia
1181 1602 1278 1641 sua
1329 1588 1456 1644 elati
1496 1599 1640 1655 sunt,
1691 1592 1864 1645 multo
1917 1594 2126 1662 majore
2169 1596 2364 1664 plectet

784 1676 969 1728 dolore
997 1685 1048 1729 et
1073 1677 1317 1741 tristitia,
1352 1695 1512 1749 quam
1553 1679 1845 1737 hodicdum
1880 1684 2184 1751 gloriantur
2223 1685 2363 1740 laeti-

784 1767 878 1820 tia.
911 1764 1100 1822 Saluto
1133 1784 1226 1825 vos
1250 1769 1300 1822 in
1335 1768 1564 1826 Domino
1595 1781 1648 1826 et
1679 1774 1830 1842 quasi
1853 1787 2093 1842 praesens
2128 1775 2365 1844 comple-

2457 602 2548 655 καὶ
2578 602 2810 673 καμίνου
2843 605 3012 674 πυρὸς
3071 605 3323 670 ἀϐλαϐεῖς
3368 610 3706 679 τηρουμένου
3770 612 3895 676 τοὺς
3935 615 4043 685 τὴδ

2458 690 2664 744 ἑαυτῶν
2701 693 2972 764 σωτηρίαν
3011 697 3077 766 τῇ
3120 696 3330 767 ὑψίστῳ
3378 698 3749 769 ἀναθεμένους
3778 707 4036 775 προνοίᾳ.

2459 780 2640 837 Ταῦτά
2676 801 2764 854 μοι
2796 785 3016 838 επιόντα
3047 787 3125 849 είς
3149 786 3294 854 νοῦν,
3320 789 3528 860 μεγάλη
3555 792 3917 864 παράκλησις,
3940 797 4041 847 καὶ

2456 876 2555 945 τῆς
2587 877 2827 948 ἀθυμίας
2866 879 3167 949 ἀνάκτησις
3201 881 3441 949 γίνεται.
3475 882 3660 936 Ταῦτα
3701 889 3797 938 καὶ
3853 887 4040 955 ὑμεῖς,

2456 967 2621 1021 τέκνα
2652 966 2782 1038 έμά,
2805 967 2925 1021 καθ’
2959 969 3188 1032 ἑαυτοὺς
3215 967 3576 1040 λογιζόμενοι,
3621 972 3669 1023 εί
3701 971 3795 1025 καὶ
3846 971 4045 1042 βαρεῖς

2457 1059 2506 1111 oi
2545 1059 2887 1127 ιπικείμενοι
2917 1059 3215 1129 πειρασμοὶ
3249 1060 3386 1131 μετά
3434 1061 3532 1131 τῆς
3565 1061 3853 1131 ἀμείνονος
3884 1062 4045 1116 ἐλπίς

2458 1147 2546 1211 δος
2592 1147 2920 1220 ὑψηλότερον
2975 1149 3035 1202 τὸ
3073 1150 3333 1222 φρόνημα
3358 1152 3453 1205 καὶ
3501 1156 3710 1222 πρέπον
3775 1155 3842 1224 τῇ
3877 1154 4044 1224 ὑμῶν

2459 1238 2820 1308 ἀρχιερατικῇ
2878 1239 3198 1310 τελειότητι·
3224 1240 3405 1312 πάσης
3443 1244 3807 1315 στενοχωρίας
3831 1245 4040 1317 φέρον-

2462 1345 2550 1390 τες
2576 1329 2869 1383 διατελεῖτε
2901 1347 2915 1362 ο
2962 1331 3218 1392 πλείστας
3253 1331 3450 1402 ἔχομεν
3511 1333 3880 1406 πληροφορίας
3933 1337 4044 1405 τῆς

2464 1415 2654 1486 θεῖκῆς
2678 1416 3038 1487 ἀντιλήψεως,
3071 1420 3167 1473 καὶ
3207 1419 3446 1474 πέποιθα
3489 1421 3565 1486 ὡς
3592 1424 3896 1495 παρόψεται
3933 1424 4042 1495 μιν

2462 1504 2564 1566 τάς
2612 1503 2751 1573 εμάς
2791 1506 3088 1575 ἁμαρτίας,
3123 1507 3429 1579 ’διαρκέσει
3476 1510 3533 1564 δι
3585 1511 3750 1582 μέχρι
3797 1514 4045 1578 τέλουςὸ

2462 1593 2666 1660 ἀγαθὸς
2699 1595 3250 1667 ἀντιλαμϐανόμενος,
3288 1601 3384 1652 καὶ
3418 1603 3479 1654 οὐ
3525 1604 3770 1674 διατεμεῐ
3791 1606 3885 1675 τὴν
3914 1606 4050 1676 βοή-

2465 1683 2638 1740 θειαν.
2683 1686 2744 1739 Ei
2774 1688 2830 1740 δ’
2858 1690 2965 1759 ἀρα
3004 1691 3340 1763 δυσχεράνας
3367 1694 3489 1756 ταῖς
3530 1695 3690 1763 ιμαῖς
3738 1697 4045 1767 ἁμαρτίαις

2471 1774 2669 1845 μικρὸν
2701 1774 3021 1842 ὑπενδώσει,
3054 1779 3217 1848 τυχὸν
3266 1781 3390 1850 ἐμοὶ
3441 1782 3503 1834 τὸ
3537 1783 3781 1837 ἐκποδὼν
3825 1787 4044 1838 οἰκονο-

782 1867 900 1912 ctor
947 1860 1179 1928 spiritu,
1237 1871 1597 1932 nostramque
1653 1864 1902 1932 precibus
1959 1867 2157 1921 vestris
2204 1880 2358 1920 com-

2467 1866 2632 1935 μήσει
2662 1866 2935 1934 γενέσθαι,
2969 1867 3123 1938 ὑμῶν
3160 1869 3218 1922 δὲ
3255 1872 3471 1934 πάντως
3499 1873 3852 1942 ἀντιλήψεται
3904 1893 4045 1928 συν-

785 1950 981 2006 mendo
1008 1953 1389 2009 humilitatem.

2465 1947 2631 2027 ήθώς,
2666 1960 2761 2013 καὶ
2810 1959 2972 2026 δείξει
3005 1961 3130 2025 τοὺς
3153 1962 3245 2015 sui.
3276 1964 3584 2034 κακουργίᾳ
3631 1965 4047 2036 ὡφρυωμένους

785 2045 962 2116 πολλῷ
994 2046 1155 2100 πλέον
1190 2048 1222 2118 ἢ
1262 2048 1384 2100 ὅσον
1423 2047 1514 2100 έπὶ
1544 2047 1716 2118 ταύτῃ
1782 2047 1968 2114 ἔδοξαν
1993 2049 2250 2121 ἡσθῆναι,
2293 2051 2388 2105 καὶ
2423 2052 2795 2124 λυπουμένους
2860 2056 2955 2107 καὶ
2969 2054 3482 2125 σκυθρωπάζοντας.
3528 2057 3870 2126 Ἀσπάζομαι
3891 2060 4050 2128 ὑμᾶς

785 2135 841 2185 έν
875 2133 1088 2206 Κυρίῳ,
1127 2136 1220 2188 καὶ
1245 2135 1318 2200 ὡς
1350 2136 1538 2210 παρὼν
1568 2138 1667 2209 ἤδη
1692 2138 1768 2210 τῷ
1791 2140 2072 2212 πνεύματι
2112 2142 2473 2214 περιφύομαι,
2516 2143 2739 2216 καὶτῆς
2773 2146 2929 2216 ἡμῶν
2967 2145 3204 2202 δυσωπῶ
3260 2149 3664 2221 ὐπερεύχεσθαι
3720 2151 4056 2220 ταπεινότη-

789 2243 904 2289 τος.

947 2363 1235 2421 οχχχιιι.
1270 2366 1430 2423 Petro
1461 2369 1750 2424 Alanorum
1783 2373 2194 2444 archiepiscopo.

853 2499 1103 2558 Miserias
1150 2517 1286 2571 quas
1318 2518 1382 2559 ex
1417 2504 1615 2562 litteris
1648 2506 1754 2562 tuis
1793 2507 2083 2564 didicimus
2110 2517 2163 2564 et
2184 2527 2365 2567 rerum

786 2604 962 2650 status
1000 2596 1093 2666 qui
1149 2612 1295 2654 nunc
1338 2609 1423 2655 est
1474 2600 1663 2656 dolore
1697 2601 1940 2657 animum
1993 2612 2243 2660 nostrum
2283 2607 2366 2661 al-

786 2684 1051 2752 fecerunt,
1101 2702 1207 2741 non
1264 2697 1443 2744 autem
1470 2691 1664 2748 solatio
1698 2694 1924 2748 omnino
1973 2695 2206 2764 rejecto;
2253 2708 2368 2753 ete-

786 2778 898 2832 nim
952 2777 1332 2835 aillictionibus
1399 2789 1453 2836 et
1517 2783 1960 2841 tribulationibus
2024 2801 2148 2857 spes
2200 2790 2371 2844 inter-

787 2868 954 2934 cedit,
994 2869 1062 2925 ad
1117 2869 1362 2926 intimam
1393 2873 1628 2928 animam
1681 2886 1927 2945 penetrat
1955 2887 2008 2932 et
2036 2879 2216 2935 verbis
2245 2896 2373 2936 sua-

788 2960 984 3014 silihus
1037 2960 1391 3015 acerbitatem
1445 2962 1658 3017 adimit.
1717 2961 1917 3019 Rerum
1985 2981 2087 3022 nos
2144 2969 2366 3038 quidem

789 3051 1161 3107 conditionem
1225 3053 1289 3108 ad
1347 3069 1508 3122 quam
1547 3070 1576 3109 a
1619 3054 1824 3124 Spiritu
1859 3069 2051 3114 sancto
2080 3070 2370 3130 provectus

2633 2376 2778 2431 PM"
2834 2377 3032 2447 Πέτρῳ
3065 2380 3517 2448 ἀρχιεπισκόπῳ
3565 2382 3859 2452 Ἀλανίας.

2537 2512 2617 2566 Τά
2652 2513 2750 2582 μὲν
2799 2513 2932 2566 ἀλλα
2963 2514 3057 2567 τοῦ
3104 2515 3450 2585 γράμματος,
3505 2519 3587 2572 δι’
3629 2515 3705 2573 ὦν
3741 2520 3866 2583 τοὺς
3913 2522 4053 2584 σοὺς

2465 2605 2556 2659 ἀνε
2567 2605 2908 2675 μανθάνομεν
2934 2606 3127 2669 πόνους
3141 2608 3234 2660 καὶ
3246 2608 3346 2677 τὴν
3358 2607 3464 2660 τῶν
3487 2598 3830 2678 πραγμάτων
3854 2612 4023 2680 περίσ
4040 2641 4060 2652 -

2463 2711 2641 2760 τασιν,
2689 2695 2865 2765 λύπην
2924 2697 3022 2766 μὲν
3064 2699 3176 2759 τοῖς
3223 2698 3356 2751 ὠσὶν
3399 2700 3556 2769 ἡμῶν
3601 2701 3837 2754 ἐνεποίει
3869 2718 4061 2770 προσ-

2463 2786 2750 2852 πίπτοντα,
2797 2787 2935 2857 πλὴν
2969 2789 3065 2857 οὐχ
3103 2787 3244 2841 οὕτω
3280 2788 3530 2859 δριμεῖαν
3560 2791 3682 2844 οὐδε
3712 2792 4054 2863 παρακλήσ·

2462 2894 2565 2939 εως
2622 2878 2954 2949 ἀποροῦσαν,
3005 2879 3138 2933 διότι
3181 2879 3362 2952 πάσης
3423 2881 3516 2934 καὶ
3570 2881 3893 2950 δυσχερείας
3949 2885 4062 2936 καὶ

2468 2969 2700 3038 θλίψεως
2724 2970 2879 3030 me;
2925 2968 3293 3041 προλαϐοῦσα,
3353 2973 3448 3024 καὶ
3487 2965 3599 3024 οἷον
3650 2972 4064 3041 έγγυμνάσασα.

2469 3061 2570 3130 τὴν
2598 3059 2776 3131 ψυχὴν
2807 3063 2875 3132 τῇ
2905 3060 3108 3129 ἑαυτῆς
3137 3061 3326 3130 ὁμιλίᾳ
3362 3064 3790 3133 προαφαιρεῖται
3820 3064 3883 3116 τὸ
3908 3065 4062 3119 πολὺ

788 3159 870 3208 es,
906 3159 968 3198 ex
999 3145 1162 3214 longo
1198 3154 1442 3214 tempore
1482 3155 1666 3201 notam
1710 3148 1992 3216 habentes,
2021 3166 2121 3205 nec
2157 3152 2366 3208 facilem

2472 3154 2569 3222 τῆς
2602 3145 3164 3222 βαρύτητος,έπειδάν
3218 3149 3499 3221 καταλάϐῃ
3539 3151 3610 3203 τά
3653 3151 3908 3223 δυσχερῆ.
3936 3155 4067 3208 Καὶ

783 3236 1097 3307 judicamus
1134 3251 1235 3292 nec
1283 3237 1560 3294 laboribus
1596 3238 1842 3294 liberam.
1888 3241 1961 3296 Ex
1984 3241 2196 3299 litteris
2234 3244 2370 3298 vidi-

790 3345 912 3384 mus
943 3331 1056 3384 tuis
1084 3345 1205 3401 qua:
1241 3330 1335 3386 tibi
1370 3331 1708 3396 acciderunt,
1749 3332 1933 3403 ibique
1976 3334 2111 3388 nihil
2144 3351 2368 3406 perspe-

789 3420 969 3475 ximus
1025 3421 1410 3490 improvisum,
1458 3422 1558 3476 etsi
1614 3423 1796 3476 tristes
1847 3426 1958 3478 slnt
2000 3438 2121 3485 res;
2166 3426 2368 3480 malum

788 3523 969 3569 tamen
1025 3513 1185 3568 nobis
1235 3512 1450 3567 videtur
1498 3513 1865 3577 tolerandum,
1918 3513 2046 3584 quia
2084 3513 2370 3572 habiturus

787 3620 851 3662 es
881 3605 1320 3660 retributionem.
1358 3603 1471 3660 Hoc
1508 3615 1688 3660 autem
1720 3604 1952 3658 dicimus
1987 3619 2094 3659 non
2143 3607 2210 3660 ad
2240 3622 2372 3675 prae-

791 3705 976 3752 sentes
1013 3696 1296 3751 molestiss
1325 3695 1694 3765 denegandas.
1725 3693 1860 3750 illud
1892 3710 2020 3750 vero
2047 3697 2202 3752 nobis
2232 3699 2374 3752 vide-

793 3799 881 3843 tur
914 3788 1338 3858 haudquaquam
1377 3789 1717 3843 tolerandum
1753 3796 1807 3843 et
1864 3787 2120 3843 lethalem
2159 3789 2370 3859 plagam

793 3877 1009 3942 inﬂixit,
1043 3880 1187 3949 quod
1219 3877 1548 3948 suspicaris,
1589 3889 1646 3933 ut
1691 3894 1787 3949 per
1821 3879 2027 3934 litteras
2049 3889 2170 3936 tuas
2217 3895 2370 3936 com-

794 3978 1006 4040 pertum
1034 3971 1323 4038 habemus,
1362 3981 1413 4025 te
1441 3971 1596 4040 quasi
1630 3986 1692 4024 ex
1726 3971 1888 4025 corde
1921 3981 2107 4026 nostro
2135 3972 2365 4041 ejectum

793 4077 938 4117 esse.
985 4060 1118 4116 illud
1165 4077 1442 4132 nunquam
1480 4077 1545 4116 ne
1604 4062 1673 4116 ab
1721 4061 1958 4117 inimicis
2005 4062 2222 4132 quidem
2269 4078 2370 4118 nos

798 4154 1082 4208 audituros
1126 4168 1246 4208 esse
1300 4153 1711 4209 conlidebamus
1764 4153 1962 4206 nedum
2036 4169 2064 4206 a
2108 4152 2230 4208 [iliis
2275 4163 2369 4209 aut

798 4248 1016 4303 amicis!
1086 4246 1374 4313 Quomodo
1415 4245 1559 4301 enim
1625 4245 1728 4300 nisi
1784 4247 1936 4314 prius
1986 4245 2083 4301 Dei
2170 4253 2224 4300 et
2271 4262 2369 4316 po-

797 4337 906 4405 puli
933 4337 1125 4392 salutis
1153 4337 1377 4402 oblitus,
1413 4335 1570 4405 cujus
1615 4345 1672 4390 tu
1697 4337 2029 4392 constitutus
2055 4351 2114 4392 es
2162 4339 2272 4391 dux
2311 4345 2366 4391 ct

2472 3242 2635 3310 ἡμεῖς
2685 3237 2778 3294 οὖν
2815 3240 3126 3310 προειδότες
3171 3239 3270 3310 τὴν
3311 3241 3418 3292 τῶν
3473 3241 3816 3311 πραγμάτων
3880 3244 4067 3296 κατά-

2473 3349 2683 3398 στασιν,
2715 3331 2796 3399 ἐφ’
2823 3331 2891 3401 ἢν
2922 3332 3025 3383 ὑπὸ
3051 3330 3143 3383 τοῦ
3166 3331 3434 3398 παναγίου
3458 3330 3774 3401 Πνεύματος
3798 3348 4072 3402 προεχει-

2474 3425 2780 3496 ρίσθης,ὡς
2802 3423 2903 3476 οὐκ
2929 3422 3171 3490 εῦλογος,
3225 3420 3344 3475 οὐδὲ
3395 3421 3571 3474 πόνων
3630 3421 4072 3495 ἀπηλλαγμένη,

2471 3515 2567 3568 νῦν
2627 3513 2722 3567 τοῦ
2791 3513 2888 3566 σοῦ
2947 3514 3279 3582 γράμματος
3331 3512 3758 3580 ἀναγγέλλοντος
3812 3512 3882 3566 τά
3921 3514 4075 3582 ὑμῖν

2472 3605 2840 3668 συναντῶντα,
2901 3603 2960 3668 ἐξ
2994 3597 3069 3657 ὦν
3121 3603 3242 3656 οὐδὲ
3278 3603 3411 3672 πρὶν
3469 3602 3797 3672 ἠγνοοῦμεν,
3858 3605 3905 3657 εί
3961 3606 4077 3659 καὶ

2471 3695 2773 3766 ἀνιώμεθα,
2800 3695 2940 3767 πλὴν
2977 3695 3038 3748 τὸ
3062 3695 3232 3757 πάθος
3255 3693 3493 3762 φορητὸν
3521 3693 3756 3762 μάλιστα
3782 3692 3877 3748 καὶ
3906 3697 4068 3765 πρὸς

2470 3789 2566 3853 τάς
2604 3786 2923 3851 ἀντιδόσεις,
2950 3785 3025 3856 τῷ
3056 3782 3306 3854 λογισμῷ
3337 3783 3791 3852 ὑπερκύπτοντες
3825 3789 3920 3839 καὶ
3953 3790 4078 3857 τὴν

2469 3880 2676 3932 ἐκεῖθεν
2706 3880 3030 3942 ἀπόλαυσιν,
3061 3876 3185 3929 οὐδ’
3211 3877 3335 3929 ὅσον
3387 3878 3564 3929 εἰπεῖν
3597 3880 3726 3940 τοὺς
3774 3881 4083 3948 παρόντας

2470 3970 2933 4042 ἀποκρυπτοῦσας
2986 3968 3431 4031 πόνους.⁹Εκετνο
3457 3967 3512 4020 δὲ
3544 3968 3816 4040 ἀφόρητον
3853 3970 4083 4049 ἐδόκει,

2470 4066 2563 4117 καὶ
2595 4065 2694 4131 τὴν
2727 4064 2944 4133 πληγὴν
2980 4061 3205 4131 καιρίαν
3237 4060 3403 4113 ἔδωκε
3434 4060 3495 4113 τὸ
3522 4060 3751 4116 τοιαῦτα
3803 4061 4087 4133 ὑπολαμ-

2470 4157 2779 4218 6ἀνειν,καὶ
2803 4156 2879 4226 μὴ
2915 4155 3076 4224 μόνον
3095 4151 3549 4218 ὑπολαϐεῖν,ἀλλά
3566 4154 3662 4206 καὶ
3685 4154 3932 4224 φανεράν
3961 4156 4090 4224 τὴν

2468 4247 2733 4316 ὑπόληψιν
2765 4239 3308 4315 καταστῆσαι,.δι’ὧν
3336 4243 3601 4314 ἔγραψας,
3631 4244 3706 4308 ὡς
3735 4243 4093 4314 ἑκϐέδλησαι

2465 4339 2564 4407 τῆς
2595 4337 2756 4408 ἡμῶν
2787 4337 3035 4405 καρδίας,
3063 4337 3158 4389 καὶ
3187 4337 3220 4406 ἡ
3254 4335 3323 4405 σῆ
3357 4336 3604 4389 ἀπόλωλε
3643 4338 3851 4408 μνήμη.
3893 4336 4096 4390 Τοῦτ-ο

797 4427 1068 4493 salvator,
1101 4427 1370 4482 secundus
1401 4436 1577 4480 tamen
1607 4427 1832 4496 aprimo
1867 4434 2052 4482 nostro
2082 4425 2366 4482 Salvatore

2476 4429 2596 4483 οὐδὲ
2647 4429 2753 4482 τῶν
2791 4427 3002 4498 ἐχθρῶν
3042 4426 3307 4494 λεγόντων
3351 4426 3584 4481 ἀκοῦσαι
3615 4429 3946 4498 ἠλπίσαμεν,
4001 4423 4100 4500 μὴ

798 4524 854 4568 et
889 4515 1016 4580 Deo,
1042 4517 1092 4570 in
1126 4517 1448 4571 istiusmodi
1487 4518 1854 4586 suspicionem
1891 4519 2186 4574 inciderit?
2237 4517 2369 4584 Quid

2486 4522 2566 4573 ὅτι
2605 4535 2668 4588 γε
2715 4519 2822 4574 τῶν
2865 4520 3071 4571 τέκνων
3119 4517 3151 4584 ἢ
3196 4516 3304 4568 τῶν
3352 4516 3526 4579 ἄλλως
3565 4517 3885 4583 φιλούντων.
3942 4519 4100 4583 Πῶς

799 4605 945 4658 enim
997 4607 1251 4662 miserius
1293 4609 1517 4678 cogitari
1552 4619 1910 4679 potestquam
1948 4610 2164 4666 oblivisi
2204 4611 2295 4665 Dei
2331 4622 2369 4664 et

2487 4609 2597 4680 γὰρ
2624 4609 2671 4662 εί
2721 4609 2796 4676 μὴ
2825 4607 3092 4677 πρότερον
3129 4604 3267 4657 Θεοῦ
3303 4606 3528 4675 μνήμης
3573 4606 3793 4675 ἔρημοι,
3836 4607 3938 4658 καὶ
3975 4609 4103 4676 τῆς

803 4696 1084 4751 hominum
1133 4699 1504 4754 conversionis
1533 4701 1598 4754 ad
1649 4701 1797 4755 illum
1861 4702 1954 4771 qui
1996 4715 2098 4756 nos
2132 4716 2159 4755 a
2195 4711 2384 4773 tyran-

807 4786 925 4841 nica
962 4797 1227 4857 potestate
1244 4790 1441 4844 diaboli
1475 4790 1714 4844 liberat?
1766 4799 1770 4809 '

2488 4701 2576 4753 τοῦ
2609 4699 2740 4752 λαοῦ
2780 4699 3076 4770 σωτηρίας,
3127 4691 3188 4751 οὗ
3237 4698 3301 4750 σὺ
3359 4697 3553 4765 ὀδηγδς
3597 4698 3912 4766 ἀπεστάλης
3981 4704 4107 4753 καὶ

2492 4792 2696 4861 σωτὴρ,
2736 4791 2873 4860 μετά
2895 4807 2956 4857 γε
2983 4789 3074 4841 τὸν
3105 4788 3322 4858 πρῶτον
3347 4788 3505 4857 ἡμῶν
3528 4788 3754 4858 Σωτῆρα
3787 4789 3884 4840 καὶ
3909 4787 4100 4854 Θεὸν,

801 4877 960 4930 τοῦτο
1024 4878 1213 4932 παθεῖν
1271 4881 1416 4945 είκὸς
1474 4883 1566 4936 τὸν
1626 4881 1980 4948 ὑπονοοῦντα,
2058 4884 2118 4947 ὅς
2166 4900 2248 4945 τις
2287 4883 2344 4936 δ’
2376 4880 2513 4955 ἂνῂ
2569 4885 2597 4937 ό
2631 4881 3070 4951 ὑπολαμϐάνωνς
3139 4881 3264 4944 Πῶς
3314 4881 3462 4952 ἡμᾶς
3511 4882 3611 4934 οὐκ
3667 4883 3747 4942 είς
3823 4883 4105 4950 ισχάτην

806 4967 1009 5034 ἀπάγει
1035 4972 1399 5041 κατηγορίαν,
1478 4975 1572 5028 καὶ
1626 4968 1692 5048 ἧς
1746 4977 1845 5029 οῦκ
1871 4977 1938 5030 ἂν
1985 4989 2071 5042 τις
2128 4977 2278 5049 εὕροι
2347 4979 2693 5052 βαρυτέραν;
2737 4979 2801 5031 Τί
2847 4977 2955 5048 γάρ
3015 4975 3316 5049 βαρύτερον
3380 4973 3476 5028 τοῦ
3525 4975 3883 5045 ἀμνημονεῖν.
3934 4975 4104 5033 Θεοῦ

809 5065 901 5117 καὶ
930 5064 1027 5132 τῆς
1091 5066 1394 5136 ἀνθρώπων
1464 5071 1799 5142 επιστροφῆς
1818 5074 1956 5144 πρὸς
2003 5074 2188 5141 αὐτὸν,
2224 5077 2318 5129 καὶ
2340 5078 2436 5146 τῆς
2476 5078 2538 5132 ὲκ
2572 5076 2664 5130 τοῦ
2694 5075 2941 5129 διαϐόλου
2979 5071 3318 5144 τυραννικῆς
3352 5071 3535 5141 χειρὸς
3575 5071 3956 5140 ἀνακλήσεως.

883 5157 1066 5223 Vides,
1114 5159 1186 5213 mi
1233 5160 1329 5226 iiii,
1380 5171 1586 5231 quanto
1629 5179 1865 5220 interere
1900 5173 2007 5221 tua:
2048 5169 2240 5224 litterae
2267 5168 2369 5223 alli-

2575 5171 2760 5239 Ὁρᾷς,
2795 5169 3009 5228 τέκνον,
3039 5161 3126 5218 οἷα
3157 5163 3578 5233 κεκακωμένους
3606 5163 3754 5231 ἡμᾶς
3804 5162 3902 5214 ἐπὶ
3935 5166 4109 5220 ττξὶττι

811 5250 956 5304 ciant
993 5264 1105 5320 prae
1150 5253 1408 5307 omnibus
1452 5255 1611 5310 malis
1647 5257 1868 5324 quibus,
1906 5270 2253 5326 peccatorum
2289 5276 2369 5314 nn-

2490 5262 2603 5322 τοτς
2635 5259 2721 5311 διά
2774 5257 2872 5320 τὰς
2907 5255 3183 5325 ἁμαρτίας
3225 5254 3382 5325 ἡμῶν
3412 5253 3697 5322 συνέχουσι
3725 5249 3785 5304 τὸ
3836 5250 3931 5302 σὺν
3966 5251 4112 5308 διέ-

814 5351 1049 5397 strorum
1101 5357 1290 5410 causa,
1334 5345 1773 5402 circumdamur?
1806 5350 2060 5404 Attamen
2095 5352 2142 5406 si
2173 5361 2369 5421 tempus

2496 5353 2630 5422 οηκε
2654 5349 2930 5421 γράμμα;
2975 5346 3084 5400 Καί
3121 5363 3204 5399 τοι
3262 5347 3398 5415 πρὸς
3435 5344 3536 5414 τὴν
3575 5342 3798 5412 πορείαν
3851 5341 4114 5397 στελλὸ-

816 5434 1119 5488 recordaris
1168 5437 1313 5505 quod
1356 5437 1640 5494 nobiscum
1692 5451 1816 5495 ante
1860 5441 1963 5496 iter
1995 5452 2146 5497 tuutn
2177 5453 2369 5499 transe-

2498 5460 2682 5514 μενος,
2712 5443 2770 5494 ὲν
2798 5434 2878 5502 οἷς
2907 5436 3202 5500 κατέλιπες
3239 5437 3385 5506 ἡμᾶς
3431 5435 3530 5487 οὐκ
3560 5436 3678 5487 ἐστι
3721 5433 4113 5502 διανοηθῆναι

816 5527 965 5595 gisti,
997 5537 1047 5582 te
1085 5528 1343 5584 oblivioni
1396 5532 1582 5587 datum
1632 5547 1753 5588 esse
1804 5550 2081 5603 nunquam
2125 5536 2368 5590 invenies

2499 5535 2572 5599 ὡς
2599 5532 2938 5602 ἐπιλέλησαι.
2992 5528 3125 5584 Εἶτα
3184 5527 3500 5583 καταλιπὼν
3528 5529 3626 5580 ὅσα
3659 5544 3720 5592 γε
3747 5525 3815 5578 τά
3857 5526 4119 5595 ἀνθρώ-

819 5619 1018 5676 relictis
1094 5621 1332 5676 humano
1409 5639 1558 5679 more
1632 5624 1859 5681 infernis
1927 5639 1979 5682 ct
2036 5627 2114 5682 eis
2167 5629 2258 5697 qui
2322 5628 2369 5682 ib

2503 5643 2630 5678 πινα
2680 5621 3082 5693 παροικοῦντας
3113 5623 3170 5675 ὲν
3219 5620 3296 5690 τῷ
3332 5621 3454 5692 ᾄδῃ,
3517 5619 3717 5689 μᾶλλον
3754 5617 3808 5669 δὲ
3841 5619 3938 5668 καὶ
3968 5622 4119 5675 te?“

825 5709 1063 5780 peiorem
1120 5714 1484 5772 conditionem
1555 5717 1777 5774 habent.
1834 5720 1915 5774 Ah
1989 5720 2074 5774 his
2150 5734 2363 5775 recesse

2503 5720 2620 5770 ἐκεῖ
2676 5714 3082 5785 παροικούντων
3143 5712 3520 5782 χαλεπώτερον
3578 5707 3957 5777 διακειμένους
4038 5717 4118 5767 οξ,

825 5812 946 5857 runt
983 5804 1204 5875 invidia,
1239 5805 1436 5865 bellum
1499 5820 1551 5866 ct
1591 5811 1800 5868 insidizc
1837 5811 2035 5879 quibus
2085 5827 2184 5868 nos
2244 5811 2365 5867 inde

2510 5811 2616 5880 γὰρ
2659 5808 2772 5860 ἔστι
2803 5804 2920 5859 κατ’
2953 5802 3131 5860 αὐτῶν
3161 5804 3186 5857 ὁ
3216 5803 3427 5873 φθόνος,
3463 5803 3518 5856 οὐ
3543 5802 3795 5872 πόλεμος,
3823 5798 3921 5853 οὐκ
3955 5800 4121 5858 ἐπι-
