4208 6432
145 417 256 481 353

1620 424 2027 490 ΕΡΙΞΤοιίις.

3302 457 3409 520 354

135 528 298 599 Βουλῆ
340 546 432 594 τις
467 532 807 597 συνίσταται,
848 533 991 602 ἡμᾶς
1042 532 1097 587 δέ
1136 532 1298 629 μέχρι
1323 533 1415 629 τος)
1450 532 1544 629 νῦν
1575 537 1759 628 ἀδια-⁴

1827 540 2073 594 sinenter
2134 542 2443 613 aﬂligituur.
2511 548 2670 606 Tales
2743 563 2797 608 tu
2857 564 3112 629 tanquam
3157 564 3263 619 vita
3318 568 3412 622 de-

135 620 379 681 λείπτως
442 620 617 676 ταῦτα
672 623 1071 692 περιστοιχίςει
1109 639 1125 656 ⁸
1151 622 1324 687 οὕτως
1356 623 1448 678 οὖν
1498 627 1721 697 ἔχοντας

138 711 285 779 αἰτιᾷ
325 710 409 773 ὠς
448 712 553 780 τῆς
578 712 758 781 ψυχῆς
794 712 1216 782 ἀπολείψαντας.
1245 714 1354 768 Καὶ
1381 716 1500 778 πῶς
1528 717 1627 769 οὐκ
1654 716 1721 770 ἄν

134 816 215 862 τις
266 801 331 853 σὲ
384 803 591 871 μᾶλλον
621 804 928 857 αἰτιάσεται
988 805 1323 875 δικαιότερον
1354 807 1447 859 καὶ
1496 806 1722 860 τοιαῦτα

136 892 458 957 ἐγκαλέσει,
517 891 551 962 ἢ
624 895 684 947 τὸ
751 892 845 958 οὖς
911 894 1170 965 ὑποσχεῖν
1223 894 1509 962 ἀξιώσειεν
1556 898 1722 965 ἐγκα⁴

136 982 378 1047 λοῦ-ντες
437 982 603 1038 Ἀλλά
633 986 808 1039 ταῦτα
858 986 958 1054 μὲν
980 988 1099 1041 οὐδὲ
1141 987 1239 1055 τὴν
1266 987 1444 1059 ἀρχὴν
1476 989 1719 1060 ὑπολαμ-

136 1070 323 1124 ϐάνειν
357 1075 552 1144 ἐχρῆν,
587 1075 620 1144 ἢ
652 1076 995 1131 καταστάντα
1025 1082 1105 1140 είς
1129 1079 1398 1148 ὑπόληψιν
1426 1081 1718 1151 ἐπιστῆσαι

136 1163 280 1233 ὀρθῷ
306 1165 557 1227 διανοίας
575 1167 840 1238 κριτηρίῳ
864 1170 957 1220 καὶ
981 1168 1055 1229 ὼς
1082 1169 1419 1241 ψευδομένην
1447 1173 1719 1225 ἀπελάσαι

137 1257 241 1310 τῶν
312 1257 637 1327 λογισμῶν,
706 1259 845 1314 ἀλλὰ
902 1258 977 1329 μὴ
1022 1261 1210 1331 μέχρις
1269 1263 1427 1332 ήμῶν
1487 1263 1576 1315 διὰ
1612 1262 1720 1317 τῶν

136 1348 492 1418 γραμμάτων
522 1349 706 1402 δοῦναι
736 1350 1083 1416 καταλαϐεῖν,
1111 1354 1206 1405 καλ⁵
1236 1352 1354 1404 ἀνθ’
1388 1346 1456 1423 ἧς
1493 1354 1719 1422 ἐμέλλο-

141 1455 237 1505 μεν
306 1439 620 1492 ἀπολαύειν
669 1440 862 1512 ἡδονῆς
924 1442 1364 1510 ἐντυγχάνοντας
1417 1445 1599 1507 αὐτοῖς
1656 1447 1717 1498 οὐ

140 1529 302 1595 μόνον
336 1530 796 1598 ἀποστερεῖσθαι,
823 1531 958 1584 ἀλλὰ
1005 1532 1105 1584 καὶ
1133 1534 1261 1586 ἀντ’
1294 1535 1514 1603 ἐκείνης
1563 1536 1719 1587 ἀνια-

137 1618 315 1691 θῆναι.
374 1620 559 1688 Ὅπερ
590 1621 699 1689 γὰρ
725 1616 878 1673 εἷπον
913 1623 972 1676 ἐν
998 1623 1076 1693 τῷ
1098 1623 1175 1693 σῷ
1201 1625 1479 1694 προσώπῳ
1502 1640 1719 1677 συνεισ-

138 1690 448 1779 ερχομένης
499 1711 595 1763 καὶ
637 1712 803 1781 ἀλλης
834 1690 1157 1782 βαρυτέρας-
1190 1690 1543 1785 κατηγορίας,
1576 1717 1722 1785 ἁμή-

1826 629 2047 687 l'unctos
2122 650 2372 693 accusas.
2435 642 2538 697 Sed
2599 655 2655 700 tu
2712 649 2895 717 potius
2953 657 3292 712 accusandus
3358 672 3413 715 et

1826 735 1935 775 non
1981 722 2286 781 audiendus
2332 744 2390 784 es
2427 731 2737 793 hominibus
2769 742 2862 809 qui
2914 751 2964 795 te
3022 744 3245 801 minime
3284 765 3416 818 pro-

1822 809 2048 867 babunt.
2107 814 2453 889 Principatus
2497 825 2592 879 tibi
2661 820 2768 882 no'n
2826 842 2946 886 erat
3002 809 3407 905 suscipiendus,

1821 911 1917 963 aut
2002 909 2383 978 suscipiendus
2459 929 2582 968 cum
2655 930 2800 974 recto
2859 923 3108 991 judicio,
3176 929 3409 985 debebas

1820 992 1987 1050 falsas
2033 1000 2229 1054 mentis
2291 1005 2634 1073 suspiciones
2690 1019 2745 1063 et
2816 1017 3153 1079 scphismata
3225 1023 3412 1090 repel-

1821 1084 1965 1149 lere;
2028 1088 2271 1153 profecto
2321 1096 2603 1151 scribenda
2650 1100 2773 1155 tali-a
2826 1103 2980 1158 nobis
3040 1125 3148 1164 non
3216 1084 3405 1167 erant:

1821 1176 2089 1243 quasdam
2104 1195 2168 1235 ex
2187 1190 2237 1235 te
2257 1186 2629 1256 percipiendas
2652 1190 2770 1247 lore
2784 1194 3170 1254 delectationes
3187 1207 3406 1271 putavi-

1821 1280 1944 1321 mus
1965 1276 2018 1322 et
2040 1285 2147 1324 non
2167 1272 2339 1327 solum
2362 1277 2748 1338 delectationes
2769 1285 3084 1343 defecerunt
3099 1329 3114 1354 ,
3137 1295 3226 1346 sed
3241 1304 3292 1347 et
3308 1302 3407 1351 tut:-

1821 1720 2002 1774 anima
2032 1726 2302 1792 expellere
2342 1730 2606 1800 valemus,
2643 1740 2768 1804 quia
2791 1742 2855 1795 ad
2888 1758 3083 1797 novam
3117 1746 3170 1799 in
3202 1747 3403 1815 pietate

138 1816 296 1866 χει-,ιον
364 1801 447 1870 μὴ
478 1800 603 1871 οὐχὶ
630 1802 753 1854 λίαν
807 1805 958 1872 ἡμᾶς
1024 1803 1302 1857 ἀνιᾶσθαι·
1374 1805 1508 1858 ἀλλά
1561 1807 1720 1860 τοῦτο

1824 1812 2213 1872 instituendam
2255 1833 2467 1889 gentem
2498 1830 2701 1885 missus
2727 1847 2785 1887 es
2811 1845 2865 1889 et
2896 1839 2949 1890 in
2982 1840 3139 1907 cujus
3166 1844 3396 1911 gratiam

140 1882 339 1957 μηκέτι
374 1890 515 1960 μήθ’
568 1891 945 1961 ὑπολάμϐανε,
1010 1894 1145 1965 μήτε
1211 1895 1413 1966 γράφε.
1450 1896 1561 1966 Τὴν
1608 1898 1759 1965 γὰρ]

2256 1882 2283 1889 _
2734 1882 2783 1887 η
2816 1882 2864 1889 _-
2984 1882 3139 1907 νη..-
3166 1882 3396 1911 ο.-.......

1821 1902 2107 1961 confectus
2138 1922 2199 1963 es
2232 1912 2733 1987 sollicitudinibus;
2791 1940 2891 1980 nos
2931 1938 3115 1983 autem
3159 1931 3212 1985 in
3251 1933 3398 1987 votis

138 1982 263 2049 περὶ
302 1981 405 2031 σοῦ
444 1982 672 2052 μνήμην
702 1982 861 2054 εἴπερ
909 1984 1053 2048 τινὸς
1091 1986 1191 2038 οὐκ
1232 1987 1381 2040 ἐστιν
1411 1988 1561 2046 ὅπως
1618 1987 1719 2054 τῆς

136 2066 311 2135 ψυχῆς
365 2067 747 2138 ἐξωθησομεν,
793 2071 889 2123 καὶ
933 2072 981 2124 εί
1028 2072 1103 2143 μὴ
1163 2072 1230 2125 δι’
1269 2072 1478 2143 ἕτερον,
1526 2072 1613 2123 διά
1656 2087 1720 2140 γε

135 2159 226 2225 τήν
268 2157 369 2210 τοῦ
422 2160 719 2229 νεοκ).ήτου
766 2164 906 2231 πρὸς
937 2163 1038 2232 τὴν
1069 2163 1355 2243 εὐσέᾷειαν
1388 2164 1595 2228 ἔθνους,
1624 2165 1718 2217 καὶ

137 2245 230 2313 τὴν
261 2248 400 2315 περὶ
456 2246 653 2300 τούτου
688 2252 1019 2321 συνέχουσαν
1052 2253 1346 2325 μέριμναν,
1383 2257 1478 2309 καὶ
1511 2254 1607 2326 τὴν
1637 2259 1717 2319 είς

131 2336 424 2387 τελείωσιν
470 2338 676 2403 ἐξιέναι
710 2341 771 2393 τὸ
806 2342 897 2394 σὸν
943 2343 1108 2413 ἔργον
1134 2345 1426 2412 ἐπιθυμίαν
1463 2345 1590 2397 ίδείν
1617 2346 1714 2414 τῆς

133 2423 319 2493 θεῖκῆς
368 2427 991 2501 συνεπιλαμϐανομένης
1020 2435 1267 2498 εὐδοκίας
1314 2435 1409 2488 καὶ
1455 2438 1711 2506 συμπράο

132 2514 285 2577 ξέως.
345 2517 415 2569 ΕΞ
464 2517 525 2570 δ’
552 2520 634 2572 ὅτι
686 2523 761 2590 μὴ
804 2525 1110 2593 γράμματα
1139 2526 1265 2596 ἣκει
1294 2525 1432 2596 πρὸς
1484 2528 1544 2579 σὲ
1573 2528 1718 2599 παρ’

130 2606 307 2671 ἡμῶν,
341 2608 601 2673 τοιοῦτος
622 2611 879 2683 λογισμὸς
907 2616 1319 2688 ἐπεισέρχεται,
1339 2617 1555 2680 πρῶτον
1574 2622 1716 2673 ἐκεῖ·

131 2697 186 2741 νᾶ
238 2709 302 2744 σε
355 2696 691 2751 διανοεῖσθαι
740 2702 882 2771 δέον,
933 2704 1015 2756 ὅτι
1065 2706 1175 2757 τῶν
1231 2704 1563 2774 κομιζόντων
1618 2708 1739 2777 οὐκ⁸

130 2786 622 2858 ινύποροῦμενηεν
684 2796 913 2868 τοιαύτῃ
975 2798 1086 2867 γάρ
1112 2799 1280 2866 ἐσμεν
1343 2801 1695 2869 καταστάσει,
1744 2806 1885 2860 ὥστε
1948 2814 2076 2877 τοὺς
2125 2816 2378 2873 πλείστου

133 2879 366 2933 Ἔπειτα
405 2885 817 2953 προσενθυμοῦ,
881 2888 974 2940 καὶ
1003 2889 1085 2942 ὃτι
1122 2891 1231 2943 οὐδ’
1261 2892 1393 2961 ἡμῖν
1448 2894 1603 2958 ἀδεὲς
1650 2897 1712 2948 τὸ
1768 2902 2019 2969 γράφειν,
2063 2907 2273 2978 μήποτε

131 2970 239 3030 ζειν
292 2974 700 3045 ἀγωνιζόμενοι
725 2977 1167 3048 προσλήψωνται,
1234 2981 1448 3044 ὡςόὐκ
1482 2984 1549 3037 ἄν
1614 2987 1775 3056 ἡμεῖς
1796 2970 2072 3063 οίηθῶμεν

206 3062 404 3131 Ἀρκεῖ
437 3066 637 3119 ταῦτα·
665 3068 824 3121 τοῦτο
872 3074 929 3122 δέ
992 3078 1153 3139 μόνον
1210 3076 1571 3147 προστίθημι’
1621 3081 1751 3134 τὸν

129 3154 289 3206 καλὸν
321 3155 521 3232 ἀγῶνα
556 3154 650 3209 καὶ
690 3160 840 3211 θείαν
862 3160 1167 3230 ὑπηρεσίαν
1218 3166 1298 3227 είς
1330 3168 1396 3237 ην
1426 3170 1520 3222 καὶ
1548 3172 1713 3242 ἐκλή-

128 3246 220 3315 θης
242 3228 485 3314 ὑπὸτῆς
514 3249 739 3315 χάριτος
766 3228 975 3321 ταύτην
994 3228 1403 3325 δυναμούμενος
1423 3261 1526 3313 ὐπὸ
1547 3228 1704 3330 Θεού,
1735 3294 1778 3352 C

1822 1992 2089 2052 habemus
2120 2008 2178 2053 ut
2211 2015 2351 2070 opus
2384 2014 2536 2060 tuum
2566 2012 2899 2080 perﬁciatur,
2940 2017 3236 2090 divinaque
3272 2038 3398 2093 per-

1818 2082 2028 2140 fruatur
2081 2087 2268 2146 l'avore
2310 2102 2366 2149 et
2411 2100 2639 2155 auxilio.
2691 2103 2745 2157 Si
2790 2120 2952 2174 porro
2987 2082 3210 2164 nullae-a
3240 2082 3396 2168 nobis

1818 2173 1884 2227 ad
1929 2184 1982 2229 te
2013 2179 2299 2236 mittentur
2330 2186 2544 2255 litterae,
2591 2194 2731 2249 scito
2774 2173 3009 2265 primum
3042 2218 3143 2257 nos
3171 2203 3398 2258 tabella-

1817 2259 1913 2321 rjis
1957 2277 2063 2316 non
2112 2268 2412 2326 abundare.
2466 2273 2524 2328 In
2578 2279 2663 2334 his
2718 2287 2864 2338 enim
2915 2288 3151 2345 vivimus
3208 2307 3395 2348 rerum

1818 2354 2110 2421 angustiis,
2165 2368 2225 2412 ut
2275 2362 2497 2429 plurimi
2552 2368 2696 2424 inter
2738 2373 2988 2432 homines
3037 2391 3281 2438 metuant
3325 2400 3396 2439 ne

1823 2455 1924 2495 nos
1977 2445 2168 2502 obvios
2225 2449 2481 2509 habeant.
2555 2457 2759 2517 Deinde
2813 2476 2867 2518 et
2894 2466 3029 2522 illud
3080 2473 3389 2539 considera,

1821 2533 1959 2599 quod
1977 2534 2021 2588 si
2052 2538 2343 2597 scribimus
2364 2544 2418 2598 id
2446 2549 2651 2616 noujest
2672 2553 2789 2608 sine
2809 2559 3081 2625 periculo,
3117 2578 3183 2616 ne
3207 2564 3393 2619 forsan

1821 2623 1958 2680 alios
1992 2629 2058 2681 ad
2113 2645 2348 2700 pugnam
2429 2638 2722 2699 incitantes
2806 2660 3004 2705 nostra:
3042 2667 3136 2708 eos
3201 2656 3396 2725 culpa:-

1821 2717 2113 2787 participes
2139 2723 2449 2783 reddamus.

2385 2840 2412 2885 ς
2472 2825 2565 2879 καὶ
2625 2829 2853 2886 δεδιέναι
2911 2836 3042 2906 ἡμῖν
3101 2845 3389 2909 συναντᾷν.

2315 2913 2402 2967 διὰ
2433 2918 2533 2982 τὰς
2568 2922 2841 2993 ἁμαρτίας
2862 2928 3020 2996 ἡμῶν
3046 2933 3093 2985 οί
3125 2938 3394 2989 συσκευά-

2112 2998 2404 3057 κάντεῦθεν
2431 3009 2508 3071 είς
2560 3011 2621 3062 τό
2641 3029 2693 3067 τι
2721 3019 3158 3086 κατεργάσασθαι
3191 3029 3390 3099 ῥοπήν.

1893 3086 2019 3143 llaec
2065 3093 2359 3150 suﬂiciunt.
2419 3099 2477 3153 ld
2540 3104 2717 3160 solum
2763 3112 2956 3166 addam
3005 3132 3019 3168 :
3067 3086 3210 3186 quod
3271 3086 3392 3189 pul-

1818 3175 2009 3231 chrum
2061 3185 2352 3252 suscepisti
2422 3199 2697 3249 certamen
2768 3210 2822 3253 et
2890 3203 3131 3261 divinum
3219 3214 3392 3265 serii-

1812 3268 1947 3321 tium
1996 3271 2268 3337 perﬂeias,
2299 3276 2369 3329 mi
2406 3279 2502 3344 ﬁli,
2556 3288 2726 3352 gratia
2785 3289 2879 3346 Dei
2907 3310 3013 3363 qua
3074 3310 3294 3356 vocatus
3334 3315 3389 3357 et

125 3339 317 3390 τέκνον
369 3354 480 3406 μου
557 3340 723 3408 ἱερὸν,
778 3343 1049 3410 ἀγωνίζου
1112 3348 1551 3421 πληροφορῆσαι,
1615 3356 1712 3409 καὶ
1740 3339 1759 3352 ’

1819 3359 2202 3418 confortandus
2216 3380 2275 3420 es
2296 3383 2312 3433 ;
2336 3369 2401 3422 de
2427 3373 2586 3428 nobis
2617 3386 2797 3433 autem
2824 3339 3265 3448 aut'mittentibus
3295 3396 3385 3449 lit-

125 3432 249 3498 περὶ
299 3430 474 3499 ἡμῶν
504 3429 571 3481 ἀν
632 3446 693 3481 τε
724 3432 850 3500 ἥκει
879 3435 1204 3505 γράμματα,
1236 3440 1304 3493 ἄν
1360 3458 1421 3495 τε
1478 3445 1571 3497 καὶ
1609 3447 1706 3518 μὴ,

126 3521 290 3587 μηδὲν
362 3521 740 3592 ὑποπτεύσῃς
799 3524 928 3575 ἀλλ’
979 3526 1072 3579 Eoo
1145 3529 1242 3583 τοῦ
1282 3537 1500 3601 φρονεῖν
1536 3537 1709 3602 οὕτως

122 3612 553 3678 ἀμετάπτωτος,
597 3613 681 3665 ὅτι
717 3613 880 3670 πλέον
932 3618 1043 3671 τῶν
1080 3620 1376 3689 ὁρωμένων
1416 3627 1475 3677 ἐν
1507 3626 1707 3693 ὀφθαλ-

124 3704 237 3770 μοῖς
274 3703 451 3773 ήμῶν
488 3703 584 3756 καὶ
617 3707 978 3775 μεριμνῶμεν
1014 3710 1146 3778 περὶ⁸
1178 3710 1271 3763 σοῦ
1315 3714 1410 3792 καὶ
1431 3715 1705 3785 εὐχόμεθα

122 3795 191 3862 μὴ
238 3794 565 3847 ἐπιλείπειν
601 3813 660 3849 σε
709 3798 811 3868 τὴν
847 3798 1161 3865 ἀγαθοδότιν
1190 3802 1499 3870 εὐμένειαν,
1568 3807 1705 3877 μηδὲ

98 3885 209 3953 τὴν
246 3887 355 3954 σὴν
387 3885 582 3954 βιοτὴν
612 3887 709 3940 καὶ
746 3888 815 3940 τὰ
847 3890 1171 3960 πράγματα.
1202 3890 1338 3961 Περὶ
1365 3894 1421 3946 δὲ
1454 3895 1548 3947 τοῦ
1570 3899 1702 3950 ἀθέ-

121 3994 255 4042 σμου
289 3978 514 4045 γάμου,
553 3979 601 4030 εί
636 3979 739 4049 μὲν
770 3974 1013 4047 οἷόντε,
1071 3986 1390 4055 παραινέσει
1425 3989 1519 4041 καὶ
1556 3988 1703 4043 διδα-

116 4070 312 4141 σκαλίᾳ
341 4070 513 4123 λῦσαι
540 4074 640 4143 τὴν
671 4075 960 4142 συζυγίαν,
1006 4079 1151 4131 πᾶσα
1189 4080 1308 4151 Θεῷ
1332 4083 1514 4153 χάρις.
1547 4084 1703 4161 Εί.δ’

116 4165 423 4243 ἀντιϐαίνοι
457 4164 559 4219 τοῦ
602 4167 928 4236 πράγματος
967 4170 1001 4238 ὴ
1034 4169 1282 4241 δύναμις,
1325 4176 1463 4239 τέως
1499 4179 1700 4247 μηκέτι

115 4232 455 4321 προκόπτειν
485 4256 547 4307 τὸ
587 4232 781 4325 κακὸν,
812 4261 953 4330 μηδ’
988 4232 1097 4331 ἀπὸ
1131 4232 1357 4319 τοῦννῦν
1385 4232 1699 4338 ἐπιτρέψειν

113 4347 384 4406 τοιούτοις
431 4348 641 4415 γάμοις
680 4350 1159 4419 καταμολύνεσθαι
1190 4353 1253 4405 τὸ
1306 4356 1485 4422 γένος.
1532 4358 1702 4414 Τοῦτο

114 4436 162 4486 δὲ
194 4437 435 4507 πράξεις
474 4440 723 4507 συνήθως
766 4440 846 4510 τῷ
880 4459 939 4494 τε
964 4444 1191 4514 ἡγεμόνι
1220 4445 1315 4499 τοῦ
1341 4447 1530 4514 ἔθνους
1563 4453 1701 4507 ὑπο-

112 4525 395 4595 τιθέμενος
440 4526 639 4597 καὶτῷ
664 4527 843 4598 ἀνδρὶ,
876 4523 918 4597 ᾧ
939 4534 1302 4602 συγχωρεῖται
1347 4533 1407 4587 τὸ
1428 4546 1698 4596 συνοικεῖν

1811 3459 1955 3506 teras
2000 3466 2093 3509 aut
2131 3470 2243 3509 non
2313 3460 2659 3522 mittentibus
2721 3470 2855 3527 nihil
2896 3489 3085 3545 cures;
3134 3483 3227 3536 sed
3264 3500 3386 3552 pcr-

1808 3556 2032 3597 suasum
2075 3546 2278 3603 habeas
2336 3560 2387 3605 te
2430 3555 2854 3623 cogitationibus
2890 3546 3379 3638 mels,prazsentem

1805 3646 1946 3687 esse.
1980 3634 2228 3721 Magnam
2276 3656 2407 3697 sane
2451 3645 2518 3699 de
2568 3656 2619 3703 te
2653 3634 3073 3713 sollicitudinem
3111 3663 3380 3721 habemus

1805 3733 1862 3777 et
1894 3715 2184 3793 precamur
2211 3748 2278 3785 ne
2308 3749 2590 3803 unquama
2628 3740 2864 3799 Numine
2885 3746 3379 3812 beneﬁcentissimo

1805 3810 2144 3883 destituaris,
2197 3819 2250 3873 in
2309 3822 2430 3877 vitae
2475 3829 2727 3897 negetiis.
2777 3832 2932 3898 Quod
2981 3841 3047 3892 ad
3092 3810 3375 3912 illegitima

1803 3907 2075 3961 connubia
2126 3912 2382 3978 pertinet,
2435 3916 2479 3969 si
2531 3918 2939 3985 hortationibus,
2986 3938 3039 3984 et
3090 3907 3373 4005 praeceptis

1803 3996 2143 4054 cohabitatio
2183 4002 2322 4057 solvi
2358 4015 2559 4075 potest,
2605 4011 2715 4067 Deo
2749 4010 3044 4076 referenda
3074 3996 3295 4094 gratiae-:-
3323 4030 3371 4083 si

1800 4088 2088 4146 diﬂlcultas
2124 4087 2569 4171 obstiterit,'hoe
2609 4106 2800 4161 saltem
2831 4109 3033 4167 elﬁcias
3066 4087 3134 4168 ne
3163 4119 3365 4172 malum
3427 4167 3430 4171 .

1798 4184 2181 4247 progrediatur
2229 4196 2284 4241 et
2329 4191 2382 4244 in
2435 4203 2716 4260 posterum
2775 4199 3044 4268 ejusmodi
3094 4211 3366 4277 00ltjugiis

1800 4268 2053 4326 homines
2102 4277 2396 4343 procedere
2457 4297 2523 4336 ne
2574 4287 2866 4345 concedas.
2913 4290 2987 4345 lta
3040 4300 3364 4355 assentieris

1798 4362 1924 4418 duci
1979 4367 2152 4435 gentis
2204 4379 2259 4423 et
2307 4372 2426 4439 viro
2475 4375 2565 4429 cui
2615 4378 2742 4434 licet
2799 4383 2992 4438 initum
3041 4390 3362 4444 continuare

1797 4462 2182 4513 commercium
2231 4476 2338 4516 non
2392 4470 2713 4526 contraibis.
2764 4472 2889 4529 Vale
2926 4476 2980 4530 iu
3008 4478 3254 4550 Domino,
3307 4492 3363 4538 et

1797 4558 1997 4602 nostra:
2023 4551 2346 4610 humilitatis
2378 4570 2668 4614 memento.

110 4618 189 4669 διὰ
219 4622 323 4689 τὴν
356 4621 464 4690 ἠδη
538 4622 825 4688 φθάσασαν
895 4624 1139 4697 σύναψιν.
1172 4630 1423 4703 Ἐρρωσο
1446 4640 1501 4690 ἐν
1523 4640 1733 4712 Κυρίῳ,
1772 4642 1874 4713 τῆς
1899 4646 2055 4716 ἡμῶν
2086 4651 2434 4719 μεμνημένος
2474 4656 2859 4727 μετριότητος.
2943 4678 2951 4682 ·

1721 4763 1768 4821 D

663 4824 830 4884 PAA'.
872 4826 956 4893 Τῷ
990 4831 1169 4897 αὐτῷ.

182 4975 245 5031 Ἡ
283 4980 590 5050 σωματικὴ
613 4982 894 5063 διάστασις
938 4989 1049 5043 τῶν
1102 4993 1398 5063 ἡνωμένων
1445 5002 1587 5055 κατὰ
1626 5004 1687 5055 τὸ

110 5070 321 5139 πνεῦμα
354 5072 521 5125 οὐδὲν
561 5074 1041 5151 ὑποτέμνεταιτὴν
1076 5084 1245 5153 ἐγγύτ

2306 4853 2588 4911 CXXXIV.
2620 4852 2830 4917 Eidem.

1857 4982 2003 5075 Quos
2042 5011 2323 5083 conjungit
2352 5016 2601 5084 spiritus,
2651 5033 2759 5072 non
2812 5031 3027 5091 separat
3065 5040 3350 5097 corporum

1247 5104 1369 5155 ητα.
1418 5091 1571 5146 Ἐπεὶ
1593 5094 1685 5147 οὖν

1822 5100 2057 5157 istantia.
2100 5102 2225 5157 Haec
2265 5121 2390 5159 cum
2443 5109 2515 5161 ita
2566 5109 2697 5176 sint,
2743 5127 2809 5166 ne
2861 5129 3001 5184 aegre
3050 5118 3217 5183 feras,
3271 5122 3346 5177 illi

106 5160 269 5225 οὕτως
294 5164 441 5233 ἔχει,
476 5165 678 5219 τέκνον
708 5171 885 5239 ἡμῶν,
918 5175 1083 5242 μηδὲν
1106 5178 1267 5246 ἀνιῶ,
1288 5181 1423 5235 διότι
1460 5185 1534 5256 μὴ
1572 5190 1684 5252 τοῖς

2444 5160 2479 5161 η
2744 5160 2807 5166 ---
2861 5160 3001 5184 πο.-
3050 5160 3217 5183 .ν....,,

1819 5193 1879 5258 li,
1932 5195 2077 5263 quod
2126 5200 2511 5267 corporalibus
2542 5204 2718 5259 oculis
2748 5220 2855 5260 non
2888 5208 3072 5264 videas
3104 5209 3349 5276 Patrem:

109 5260 444 5322 σωματικοῖς
475 5257 782 5327 ὀφθαλμοῖς
813 5263 903 5316 τὸν
935 5266 1152 5338 Πατέρα
1178 5272 1332 5354 ὁρᾷςο
1362 5275 1490 5328 ἀλλ’
1522 5279 1682 5341 εἰδὼς

110 5348 295 5413 μηδενὶ
327 5350 491 5419 μέσῳ
521 5350 991 5423 διατειχιζομένην
1017 5360 1116 5428 τὴν
1157 5348 1350 5418 ἕνωσιν
1398 5367 1508 5421 τῶν
1538 5370 1677 5441 ἠνω-

110 5440 277 5504 μὲεων
302 5442 385 5509 τῷ
414 5442 566 5495 κατὰ
591 5442 830 5511 Χριστὸν
858 5451 1185 5521 φρονήματι,
1206 5455 1269 5508 τδ
1304 5461 1404 5526 μὲν
1424 5440 1653 5532 ἀθυμεῖν

106 5533 195 5601 τῆς
232 5534 293 5588 δὲ
328 5536 433 5606 σῆς
471 5537 843 5610 εὐθυμότερον
893 5545 1031 5611 μετά
1061 5547 1160 5616 τῆς
1205 5539 1474 5620 παναγίου
1505 5556 1677 5609 [Ινεύ-

109 5642 265 5691 ματος
315 5628 623 5698 συνεργίας
692 5633 915 5702 ἀντέχου
971 5637 1263 5706 διακονίας,
1326 5642 1394 5695 δι’
1459 5640 1528 5718 ἧς
1584 5651 1677 5702 καὶ

107 5719 309 5789 σεαυτῷ
348 5721 455 5772 καὶ
488 5722 627 5789 ἡμῖν
650 5726 762 5786 τοῖς
793 5730 1065 5791 ταπεινοῖς
1092 5731 1336 5803 μεγάλην
1355 5734 1676 5810 ἐμποιήσεις

104 5810 191 5878 τὴν
214 5812 445 5881 ἡδονὴν,
475 5816 574 5865 καὶ
599 5816 659 5867 οὐ
694 5817 853 5884 μόνον
884 5818 989 5872 τῶν
1036 5825 1435 5893 συμπαρόντων
1453 5828 1673 5885 ἔλαττον

106 5903 231 5973 ἔχων
258 5909 617 5982 ἀναφανήσῃ,
653 5910 790 5965 ἀλλὰ
823 5913 917 5967 καὶ
941 5915 1120 5987 πολλῷ
1150 5916 1309 5973 πλέον
1329 5918 1673 5993 ψυχαγωγῶν

1781 5284 1875 5337 sed
1907 5284 2044 5339 scito
2078 5288 2245 5343 nullis
2278 5290 2618 5348 intermediis
2664 5296 2940 5353 montibus
2984 5301 3245 5355 unitatem
3284 5306 3345 5357 it-

1784 5375 1959 5428 lorum
2007 5377 2343 5447 disjunctum
2403 5381 2468 5435 iri
2519 5398 2658 5451 quos
2709 5388 3012 5442 secundum
3067 5391 3346 5447 Christum

1658 5505 1707 5531 ,,
1784 5467 1996 5523 aﬂ‘ectio
2020 5473 2159 5525 unit.
2196 5472 2305 5528 Nec
2336 5483 2513 5529 tamen
2545 5478 2789 5534 animum
2829 5481 3191 5550 despondeas,
3234 5486 3348 5542 imo

1782 5557 2353 5633 ferventius,Spiritus
2390 5571 2566 5640 sancti
2604 5572 2778 5638 gratia
2811 5584 3162 5643 cooperante,
3190 5589 3342 5632 tuum

1775 5652 2073 5720 adimpleas
2134 5656 2525 5715 ministerium.
2579 5660 2653 5715 lta
2705 5663 3021 5733 tibimetipsi
3077 5675 3131 5723 et
3185 5670 3344 5724 nobis

1775 5742 2071 5801 humilibus
2101 5762 2359 5819 magnum
2391 5754 2737 5823 comparabis
2781 5759 3060 5826 gaudium,
3112 5775 3214 5816 nec
3252 5763 3339 5815 vi-

1773 5833 1988 5890 deberis
2029 5840 2294 5895 minorem
2337 5852 2525 5899 tenere
2588 5854 2801 5914 partem
2851 5864 3014 5919 quam
3068 5862 3337 5917 astantes,

1774 5926 1884 5984 imo
1916 5931 2087 5989 multo
2120 5933 2404 6004 majorem,
2425 5938 2627 6008 quippe
2649 5940 2743 6010 qui
2783 5953 3022 5999 nostram
3052 5952 3339 6002 erecturbs
