4208 6432
866 413 971 474 355
1961 410 2271 472 NICOLAI
2312 410 2421 472 CP.
2462 410 2528 471 ΡΙ

2462 410 2966 475 ΡΛΤΒΙΑΒΟΗΕ
3988 427 4085 487 356

869 544 929 582 es
990 524 1253 591 animam,
1300 535 1354 581 et
1401 525 1680 580 beneﬂciis
1739 526 2137 579 cumulaturus.
2194 524 2516 587 ProfectoA

2422 540 2443 581 3
2470 531 2516 587 Α
2542 526 2687 595 ἡμᾶς
2714 527 2807 579 καὶ
2837 529 3212 600 χαριζόμενος,
3245 534 3335 589 καὶ
3386 536 3585 606 μᾶλλον
3642 540 3770 609 ἡμῖν
3812 542 3841 611 ἢ
3869 542 3918 595 οἱ
3962 560 4084 598 aw-

867 621 1039 690 magis
1076 620 1232 674 nobis
1263 619 1591 689 conjunetus
1646 618 1757 674 eris
1797 633 1960 688 quam
2003 617 2098 686 qui
2144 616 2430 670 nobiscum

1526 635 1591 674 us
1646 618 1757 674 eris
1797 633 1960 688 quam
2003 617 2098 686 qui
2144 616 2430 670 nobiscum
2538 616 2851 686 ομιλοῦντες
2880 621 3186 691 ὲνούμενος.

863 725 962 764 COD
974 718 1275 764 versantur.

1395 847 1655 903 CXXXV.
1696 846 1906 905 Eidem.

1905 895 1906 900 η
3060 852 3235 909 PAE'.
3275 853 3356 919 Τῷ
3388 856 3567 921 αὐτῷ.

934 986 1089 1039 Circa
1122 998 1209 1038 res
1282 999 1621 1039 aerumnosas
1676 993 1728 1037 et
1781 984 2039 1037 molestas
2085 995 2207 1050 quas
2254 980 2427 1035 unde-

2602 980 2724 1034 Ἐπὶ
2753 985 2868 1047 τοῖς
2903 987 3347 1056 περιισταμένοις
3376 1008 3435 1043 σε
3461 991 3721 1061 λυπηροῖς
3750 995 3842 1047 καὶ
3884 999 3948 1066 τῇ
4005 1014 4090 1049 συο

863 1092 1079 1143 eunque
1145 1077 1241 1129 tibi
1277 1076 1523 1138 aﬂluunt,
1574 1077 1646 1129 mi
1692 1075 1788 1138 ﬁli,
1834 1088 1941 1126 non
1991 1072 2187 1127 litteris
2236 1087 2429 1126 conso-

2427 1103 2429 1112 ι
2534 1074 2659 1142 νοχῇ
2678 1073 2786 1125 τῶν
2808 1076 3070 1144 ἀνιαρῶν,
3096 1080 3457 1148 τέκνονήμῶν
3479 1084 3642 1153 ἱερὸν,
3684 1085 3802 1154 οὐχὶ
3832 1088 4089 1157 γράμμα-

865 1170 1059 1222 landus
1091 1184 1171 1232 es,
1202 1168 1294 1221 sed
1355 1167 1399 1222 si
1431 1168 1549 1221 ﬁeri
1595 1177 1793 1236 posset,
1834 1166 2149 1221 invisendus
2180 1180 2329 1219 esses
2376 1174 2430 1220 et

2429 1207 2430 1213 η
2536 1177 2617 1215 σιν
2649 1163 2755 1215 ἔδει
2779 1165 3140 1232 παρακαλεῖν,
3191 1168 3380 1239 ἀλλ’ἢ
3423 1171 3539 1232 πῶς
3570 1170 3684 1226 οἶόν
3722 1192 3779 1226 τε
3821 1170 3889 1245 ἦν
3943 1180 4091 1245 ἡμᾶς

859 1260 982 1313 viva
1031 1275 1159 1313 voce
1206 1259 1304 1312 tibi
1342 1260 1671 1327 praelibanda
1707 1259 1846 1311 foret
1894 1258 2217 1317 consolatio.
2262 1273 2425 1325 quam

2532 1254 2727 1313 αὐτοὺς
2765 1256 3035 1324 παρεῖναι,
3067 1257 3162 1308 καὶ
3224 1259 3323 1327 τὴν
3362 1260 3418 1325 ἐξ
3459 1262 3660 1323 οἰκείας
3692 1266 3938 1335 γλώσσης
3971 1269 4089 1320 ὅσον

860 1352 1021 1406 nobis
1047 1351 1301 1404 Christus
1338 1351 1476 1411 Deus
1505 1360 1686 1403 noster
1714 1351 1973 1417 suggerit.
2019 1350 2072 1402 id
2134 1364 2257 1402 eum
2307 1348 2423 1401 ﬁeri

2532 1358 2605 1394 πῖ
2617 1347 2760 1411 ρείχε
2780 1347 3013 1416 Χριστὸς
3042 1350 3069 1399 ὁ
3086 1348 3217 1408 Θεδς
3237 1352 3395 1418 ἡμῶν
3409 1353 3705 1421 προσάγειν
3726 1358 4090 1427 παράκλησιν.

859 1450 1115 1510 nequeat,
1161 1442 1225 1493 ad
1265 1444 1496 1493 alterum
1548 1441 1945 1501 convertimur,
1985 1447 2039 1492 et
2085 1453 2182 1507 per
2218 1437 2425 1491 litteras

2543 1431 2692 1484 Ἀλλ’
2723 1434 2845 1484 ἐπεὶ
2878 1437 3033 1489 τοῦτο
3055 1439 3352 1508 ἀμήχανον,
3378 1443 3469 1491 ἐπὶ
3492 1444 3549 1494 τὸ
3567 1444 3821 1513 δ;ύτερον
3856 1447 4088 1515 ἥκομεν,

860 1533 1301 1586 couiabulamur.
1335 1532 1516 1584 Multm
1556 1544 1704 1593 sunt,
1749 1534 1823 1584 Uli
1863 1531 2081 1595 scribis,
2117 1531 2422 1584 tribulatio-

2533 1524 2626 1575 καὶ
2651 1524 2730 1594 τῷ
2749 1526 3039 1594 γράμματι
3075 1547 3156 1582 σοι
3207 1533 3666 1602 προσομιλοῦμεν.
3717 1537 3931 1599 Πολλαὶ,
3959 1543 4094 1606 γρά-

861 1637 983 1685 nes,
1026 1637 1280 1690 magnum
1314 1622 1580 1674 malorum
1615 1622 1851 1689 pomlus,
1889 1630 1942 1673 et
1967 1637 2086 1689 qua:
2121 1622 2299 1673 omnia
2331 1620 2423 1686 qui

2533 1632 2671 1682 φεις,
2704 1618 2758 1667 αἱ
2799 1618 3022 1686 θλίψεις,
3058 1621 3151 1671 καὶ
3183 1622 3294 1673 τῶν
3330 1623 3572 1693 κακῶνὴ
3614 1629 3831 1696 συνοχὴ,
3862 1629 4096 1681 aruis-.221

857 1728 963 1766 non
996 1729 1221 1781 peregre
1246 1713 1389 1766 imus
1416 1713 1917 1781 smpeiguoramusl;
1955 1716 2066 1767 haec
2092 1712 2232 1763 enim
2259 1712 2417 1776 dicis,

2529 1706 2745 1774 ἄπειροι
2815 1707 3078 1772 ξενιτείας
3139 1711 3321 1779 ἡμεῖς,
3378 1713 3626 1766 λανθάνει
3666 1715 3763 1784 τὴν
3820 1718 4094 1788 ἡμετέραν

855 1805 955 1857 etsi
1002 1805 1193 1857 littera:
1227 1804 1295 1856 de
1339 1804 1614 1856 contrario
1665 1805 2009 1857 convincam.
2040 1802 2147 1855 Nos
2181 1804 2418 1871 quidem.
2455 1858 2496 1875 __

2455 1858 2496 1875 ﬁ
2529 1797 2751 1865 εἴδησιν.
2793 1798 2962 1851 Τοῦτο
2990 1801 3098 1871 γὰρ
3129 1801 3284 1870 ἔφης,
3312 1804 3359 1854 εί
3397 1805 3487 1856 καὶ
3535 1805 3594 1855 τὸ
3621 1807 3853 1875 γράμμα
3880 1811 4093 1875 τρανῶς

855 1897 926 1947 mi
975 1896 1071 1959 lili,
1127 1897 1172 1947 si
1212 1894 1459 1961 judieiis.
1525 1894 1726 1963 quibus
1782 1893 1925 1947 Deus
1982 1858 2417 1962 sapientissimus
2454 1858 2497 1916 Β

2454 1858 2497 1916 Β
2526 1889 2899 1945 ὑπεστείλατο.
2944 1893 3134 1961 Ἡμεῖς
3177 1894 3253 1957 δὲ,
3286 1897 3476 1949 τέκνον
3513 1898 3687 1966 ἡμῶν,
3736 1900 3783 1949 εί
3818 1899 3913 1952 καὶ
3966 1902 4092 1969 κρί-

853 1987 1016 2040 vitam
1054 1998 1296 2042 nostram
1333 1987 1539 2055 dirigit,
1574 2002 1681 2039 non
1712 1986 1883 2038 voluit
1915 1995 1994 2049 ut,
2018 1988 2421 2053 peregrinantes

2528 1998 2707 2046 μασιν,
2737 1977 2816 2043 οἷς
2862 1978 3050 2036 οἷδενό
3077 1986 3349 2055 πάνσοφος
3403 1988 3502 2055 τῆς
3552 1988 3691 2057 ζωῆς
3739 1992 3893 2060 ἡμῶν
3930 1995 4094 2044 Οἰκο-

849 2077 917 2130 ad
954 2086 1193 2137 exteros,
1233 2076 1480 2143 ipsorum
1531 2075 1833 2128 infortunia
1868 2075 2101 2143 propriis
2132 2076 2309 2129 oculis
2345 2076 2423 2125 vi-

2524 2073 2703 2141 νόμος,
2756 2073 2823 2125 τὰ
2875 2075 2984 2125 τῶν
3013 2074 3391 2138 ξενιτευόντων
3433 2079 3537 2147 ἰδίᾳ
3590 2081 3690 2131 οὐκ
3733 2082 4092 2151 ἐδιδάχθημεν

851 2171 1140 2232 deremus,
1194 2178 1435 2221 attamen
1488 2182 1590 2220 non
1643 2167 1698 2219 in
1751 2168 1951 2234 angulo
1985 2167 2286 2226 stertimus.
2328 2168 2420 2218 sed

2524 2163 2776 2233 ξενιτείᾳ,
2834 2166 2983 2234 ὅμως
3022 2168 3119 2220 οὐκ
3168 2171 3336 2237 ἐσμὲν
3384 2172 3441 2221 ἐν
3493 2173 3664 2241 γωνία
3711 2174 4090 2240 καθεύδοντες,

853 2261 906 2314 in
944 2269 1089 2312 certo
1121 2257 1414 2313 constituti
1453 2272 1649 2311 sumus
1697 2257 1840 2318 loco,
1878 2258 1981 2311 etsi
2023 2268 2211 2310 natura
2259 2271 2417 2324 quam

2521 2252 2655 2304 ma
2694 2252 2985 2321 ταχθέντες
3016 2251 3096 2318 οἷς
3120 2260 3450 2327 ἐτάχθημεν,
3478 2263 3524 2313 εί
3557 2262 3651 2314 καὶ
3706 2265 3922 2316 πάντων
3942 2263 4092 2336 ἦμεν

854 2352 1081 2405 minime
1145 2351 1211 2403 ad
1268 2353 1670 2418 peruosccudas
1720 2365 1809 2403 res
1867 2359 2177 2402 exterorum
2238 2346 2419 2400 idonei

2522 2344 2684 2412 τυχὸν
2717 2346 3046 2411 άφυέστατοι
3098 2350 3232 2416 πρὸς
3266 2352 3326 2402 τὸ
3362 2352 3551 2421 μαθεῖν
3580 2354 3645 2406 τά
3699 2354 3805 2407 τῶν
3848 2356 4092 2418 ξενιτευ-

857 2442 1078 2495 simus:
1117 2441 1209 2494 sed
1259 2440 1361 2494 iste
1413 2440 1564 2493 locus
1595 2440 1809 2506 copiam
1843 2438 2042 2506 przebet
2076 2447 2288 2490 exteros
2329 2452 2419 2490 co-

2521 2434 2707 2487 ὁντωνσ
2737 2436 2862 2489 ἀλλ’
2896 2437 3098 2506 ὴτάξις
3119 2441 3184 2508 ῆν
3216 2440 3482 2509 ἐλάχομεν
3508 2446 3745 2514 παρέσχε
3768 2445 3862 2517 τὴν
3885 2446 4093 2513 γνῶσιν

851 2533 1145 2604 gnoseendi
1201 2546 1299 2600 per
1349 2532 1495 2585 mille
1546 2533 1985 2599 peregrinantes,
2043 2529 2135 2596 qui
2194 2528 2421 2596 singulis

2523 2527 2619 2593 τῆς
2660 2525 2925 2589 ξενιτείας
2960 2533 3172 2598 μυρίων
3227 2534 3362 2583 καθ’
3416 2534 3655 2605 ἑκάστην
3696 2538 4096 2604 προσομιλοῦν-

850 2625 1045 2679 dtebus
1074 2624 1358 2676 nobiseum
1406 2629 1821 2675 couversantur.
1861 2617 2031 2685 llujus
2070 2617 2147 2671 rei
2188 2619 2420 2670 mentio-

2522 2634 2650 2679 των,
2671 2620 2825 2679 ὅσους
2858 2620 2887 2687 ἡ
2920 2619 2984 2670 ἐκ
3012 2621 3213 2689 ταύτης
3239 2624 3449 2693 συνέχει
3488 2627 3849 2694 ταλαιπωρέα.
3881 2627 4094 2679 Τούτου

850 2731 976 2768 Item
1014 2713 1268 2778 iecimus,
1329 2726 1398 2765 ne
1448 2721 1605 2780 putes
1654 2709 2030 2763 tribulatioues
2083 2717 2207 2762 tuas
2262 2709 2421 2763 nobis

2524 2709 2787 2778 πρότερον
2822 2708 3174 2779 ἐμνήσθημεν
3205 2713 3292 2764 ἵνα
3332 2716 3461 2777 τοὺς
3506 2717 3695 2782 λόγους
3755 2718 4093 2788 ἀπορῤίψῃςι

852 2808 1065 2876 ignotas
1094 2819 1238 2859 esse.

2523 2801 2597 2862 ὼς
2628 2799 2928 2869 ἀγνοοῦμεν
2950 2802 3049 2862 τὰς
3088 2804 3595 2872 περιστοιχιζούσας
3626 2822 3685 2857 σε
3719 2805 3943 2875 θλίψεις.

923 2896 1103 2952 lloece
1145 2897 1242 2949 tiui
1287 2893 1531 2950 secundo
1579 2891 1926 2953 mandamus,
1964 2890 2108 2959 quod
2142 2890 2420 2959 principa-

2594 2892 2853 2959 Δεύτερον
2878 2891 2935 2943 δὲ
2976 2892 3136 2944 τοῦτό
3166 2910 3247 2945 σοι
3273 2896 3575 2965 γράφομεν,
3606 2900 3687 2951 ὅτι
3712 2916 3815 2967 περ
3845 2901 3965 2951 οὐδὲ
3998 2900 4100 2969 τὴν

860 2995 975 3039 tum
1010 2995 1162 3038 tuum
1211 2985 1355 3038 haud
1400 2984 1775 3050 iguoravimus
1809 2983 2032 3051 etquod
2065 2979 2423 3046 intelligentia

2528 2982 2707 3051 ἀρχὴν
2744 2981 2998 3051 ἠγνόουν,
3034 2984 3109 3045 ὡς
3125 2984 3224 3036 οὐκ
3256 2987 3335 3046 εἰς
3378 2987 3580 3052 ἄνεσιν,
3614 2988 3723 3041 οὐδ’
3769 2990 3848 3050 εἰς
3878 2992 4101 3059 τρυφὴν

849 3090 940 3134 tua
972 3093 1079 3131 non
1107 3076 1172 3130 ad
1210 3077 1417 3136 luxum,
1451 3089 1556 3128 non
1575 3074 1639 3126 ad
1666 3072 1910 3135 delicias,
1942 3086 2049 3125 non
2084 3071 2152 3124 ad
2189 3070 2421 3123 inunda-

2526 3078 2619 3127 καὶ
2641 3074 2912 3143 κοσμικὴν
2938 3091 3059 3128 τινα
3089 3074 3248 3140 δόξαν
3268 3092 3327 3127 τε
3357 3078 3448 3128 καὶ
3473 3081 3639 3147 τιμὴν
3659 3081 3691 3147 ή
3722 3079 3785 3147 σὴ
3810 3080 4101 3131 στέλλεται

850 3186 973 3223 nam
1024 3170 1272 3238 gloriam,
1329 3180 1507 3233 neque
1559 3165 1625 3216 ad
1674 3179 1843 3217 vanos
1878 3164 2113 3215 honores
2163 3160 2413 3223 intendit,
2443 3186 2486 3243 ο

2443 3186 2486 3243 c
2528 3165 2763 3228 σύνεσις,
2797 3165 2914 3216 ἀλλ’
2944 3166 3024 3225 είς
3057 3166 3253 3226 πόνους
3313 3166 3408 3218 καὶ
3451 3169 3730 3237 καμάτους
3769 3171 3860 3222 καὶ
3907 3188 4104 3223 στενο-

852 3276 1039 3314 verum
1083 3262 1150 3313 ad
1187 3259 1423 3320 labores,
1459 3257 1525 3309 ad
1556 3256 1808 3317 sudores,
1851 3253 1919 3306 ad
1953 3254 2099 3320 ipsas
2115 3251 2416 3317 angustias.

2520 3253 2748 3323 χωρίας.
2814 3254 2921 3304 Καὶ
2956 3252 3129 3306 ταῦτά
3161 3270 3243 3305 σοι
3274 3256 3378 3322 πρὸ
3404 3258 3502 3325 τῆς
3532 3260 3829 3321 ἐπιθέσεως
3858 3263 3957 3329 τῆς
4000 3279 4105 3315 τα-

856 3353 979 3407 Haec
1032 3360 1238 3412 autem,
1296 3362 1404 3402 non
1458 3346 1615 3415 quasi
1662 3345 1864 3400 oblitus
1922 3357 2095 3404 esses,
2145 3342 2240 3395 tibi
2293 3349 2418 3394 ante

2520 3350 2711 3417 πεινῆς
2745 3346 2900 3417 ἡμῶν
2952 3346 3133 3415 χειρὸς
3190 3346 3452 3415 οὖμενουν
3476 3352 3575 3404 οὐκ
3620 3353 3950 3423 ἐπιλέλησαι,
4024 3358 4104 3419 ὡς

852 3440 1265 3509 impositionem
1298 3452 1492 3490 manus
1527 3446 1725 3490 nostra!
1776 3434 1999 3488 humilis
2031 3432 2417 3501 praediximus:

2521 3440 2860 3507 προὲφημεν,
2891 3437 3011 3489 οὐδ’
3049 3438 3129 3491 ὅτι
3162 3438 3256 3490 σοῦ
3302 3442 3482 3492 πᾶσαν
3538 3444 3633 3495 σὺν
3669 3447 3735 3512 τῇ
3769 3445 3975 3497 ἄνωθεν
4001 3449 4102 3499 εὐ-

849 3542 901 3586 tu
934 3542 1113 3585 autem
1144 3529 1422 3600 professus
1472 3543 1552 3593 es,
1587 3528 1771 3580 divino
1825 3541 1947 3580 cum
1984 3524 2209 3585 auxilio,
2258 3537 2419 3575 omne

2524 3530 2712 3597 μενείᾳ
2766 3528 3033 3597 σαρκικὴν
3091 3529 3405 3581 ἐναντίωσιν
3461 3532 3553 3582 καὶ
3607 3535 3784 3585 πάντα
3845 3535 4105 3588 κίνδυνον

848 3624 1220 3687 obstaculum,
1255 3636 1419 3675 omne
1464 3620 1763 3690 periculum
1810 3633 1840 3670 a
1877 3629 1930 3671 te
1979 3632 2075 3670 ceu
2104 3630 2202 3685 pro
2249 3614 2420 3667 nihilo

2520 3640 2632 3693 παρ
2650 3622 2663 3643 ’
2684 3622 2834 3675 οὐδὲν
2851 3622 3091 3675 τίθεσθαι
3111 3624 3582 3692 ἀνομολογοῦντος,
3617 3627 3757 3679 οὕτω
3794 3629 3888 3699 τὴν
3914 3631 4108 3701 ἁμαρ-

850 3724 1161 3785 rcputatum
1218 3716 1316 3778 iri;
1368 3722 1424 3767 et
1492 3713 1574 3766 sic
1626 3712 1724 3764 tibi
1780 3709 2135 3778 peccatricem
2197 3722 2417 3759 manum

2519 3715 2686 3766 τωλδν
2722 3712 3136 3781 ἐπιτεθείκαμεν
3160 3716 3336 3783 χεῖρα,
3361 3718 3454 3767 καὶ
3498 3719 3764 3787 φωστῆρα
3780 3715 3932 3786 λόγον
3964 3724 4110 3772 ἐπέ-

851 3817 1094 3862 nostram
1142 3805 1529 3875 imposuimus,
1582 3810 1656 3865 et,
1686 3800 1921 3869 Spiritus
1975 3799 2152 3853 saueti
2183 3798 2417 3859 virtute,

2520 3821 2677 3874 χοντα
2709 3803 2850 3871 ζωῆς
2878 3805 2935 3855 ἐν
2963 3805 3029 3872 τῇ
3067 3808 3299 3873 μυστικῇ
3332 3806 3558 3858 παστάδι
3582 3810 3647 3877 τῇ
3695 3809 3788 3859 τοῦ
3812 3813 4102 3876 παναγίευ

848 3908 906 3953 te
959 3897 1244 3967 posuimus
1302 3896 1724 3949 illuminatorem
1788 3893 1842 3945 in
1922 3890 2156 3960 mystico
2206 3887 2418 3956 porticu

2522 3893 2843 3961 Πνεύματος
2874 3892 3300 3963 προϐεϐλήμεθα
3332 3897 3608 3966 συνεργίᾳ.
3645 3899 3751 3950 Καὶ
3784 3897 3958 3952 ταῦτα
3989 3917 4109 3968 φα-

850 3991 1111 4059 verbique
1140 3990 1265 4043 vitae
1317 3987 1727 4055 SOSpitatorem.
1782 3983 1906 4037 llaec
1956 3993 2137 4036 autem
2179 3994 2423 4035 comme-

2526 3986 2622 4055 μὲν
2670 3985 2732 4036 οὐ
2766 3984 3293 4050 καταγινώσκοντες,
3325 3986 3435 4038 οὐδ’
3471 3986 3546 4050 ὡς
3571 3989 3645 4057 μὴ
3698 3991 4106 4056 συναλγοῦντες

852 4098 1129 4137 moramus
1194 4094 1307 4135 non
1369 4080 1528 4148 quasi
1597 4077 2031 4131 condemnantes
2089 4088 2268 4141 neque
2324 4071 2422 4125 tibi

2523 4076 2607 4143 ἐφ’
2632 4072 2714 4137 οἷς
2742 4075 2948 4142 ἀλγεῖς,
2981 4074 3095 4127 ἀλλ’
3126 4075 3327 4138 εἰδότες
3357 4078 3439 4129 ὅτι
3480 4079 3569 4129 καὶ
3611 4080 3709 4146 τὴν
3746 4080 3919 4148 ἀρχὴν
3950 4084 4107 4147 πρό-

849 4174 1054 4227 dolenti
1084 4188 1194 4226 non
1238 4171 1616 4231 condolentes,
1649 4168 1743 4220 sed
1790 4167 2028 4219 scientes
2059 4164 2420 4232 principatum

2522 4167 2692 4234 θυμος
2722 4166 2908 4231 ἐγένου
2939 4167 3019 4226 είς
3056 4165 3182 4226 τοὺς
3216 4166 3355 4233 ὑπὲρ
3389 4167 3485 4235 τῆς
3509 4167 3789 4229 εὐσεϐείας
3839 4171 3936 4220 καὶ
3994 4170 4103 4222 τοῦ

850 4267 1080 4319 libenter
1121 4281 1151 4317 a
1198 4272 1248 4317 te
1284 4272 1599 4331 susceptum
1630 4260 1795 4313 fuisse
1845 4267 2065 4327 propter
2112 4256 2330 4326 pietatis
2372 4262 2424 4308 et

2521 4257 2838 4324 εὐαγγελίου
2866 4255 3187 4318 κινδύνους,
3219 4258 3314 4308 καὶ
3342 4257 3438 4309 νῦν
3462 4257 3610 4309 οὐδὲν
3642 4259 3858 4309 ἔλαττον
3893 4258 4112 4323 σώζεις

850 4357 1126 4426 Evangelii
1162 4355 1445 4424 pericula;
1478 4353 1574 4407 sed
1609 4353 1662 4406 in
1716 4350 1968 4419 praesenti
2019 4363 2242 4416 quoque
2299 4357 2411 4400 tum

2519 4349 2583 4401 τὸ
2618 4348 2916 4417 πρόθυμον,
2941 4349 2989 4399 εἰ
3012 4349 3104 4399 καὶ
3140 4352 3239 4418 τῆς
3286 4348 3488 4417 σαρκὸς
3519 4350 3800 4418 ἐλέγχεται
3842 4351 3877 4419 ὴ
3932 4352 4112 4403 ἀσθέ-

852 4448 1200 4518 prosequeris
1266 4446 1651 4516 pr0positum,
1731 4444 1858 4497 licet
1917 4441 2101 4495 carnis
2153 4439 2476 4518 fragilitas_

2453 4514 2476 4518 _
2524 4456 2664 4493 νεια.
2699 4440 2808 4491 Καὶ
2836 4438 3150 4506 θαυμαστὸν
3178 4438 3331 4489 οὐδέν
3359 4453 3375 4468 ο
3434 4438 3596 4499 αὐτὸς
3651 4441 3759 4507 γάρ
3817 4441 3846 4489 ό
3886 4440 4115 4508 Κύριος·

851 4542 1308 4607 deprehendatur.
1337 4538 1447 4593 Nec
1478 4538 1673 4592 mirum
1701 4556 1714 4591 :
1741 4536 1999 4590 Dominus
2029 4534 2172 4586 eiiim
2206 4542 2409 4597 noster,
2448 4514 2490 4568 θ

2455 4514 2672 4601 θὴμῶν
2725 4533 2759 4601 ἡ
2809 4529 2905 4581 τοῦ
2960 4528 3098 4580 Θεοῦ
3155 4528 3250 4579 καὶ
3310 4527 3519 4596 [ἰατρὸς
3555 4528 3800 4595 δύναμις,
3828 4529 3989 4585 ειδὼς
4038 4530 4117 4599 ἢν

855 4633 1026 4685 virtus
1059 4631 1151 4685 Dei
1187 4640 1239 4684 et
1271 4630 1468 4691 Patris,
1509 4645 1672 4698 quam
1701 4628 1859 4681 ﬁnxit
1891 4637 2141 4680 naturam
2183 4626 2334 4679 novit
2359 4632 2413 4678 et
2510 4624 2517 4672 ι

2510 4622 2710 4675 ἔπλασε
2741 4620 2930 4689 φύσιν,
2960 4619 3113 4688 ἔλεγε
3143 4620 3256 4681 τοῖς
3289 4619 3579 4686 μαθηταῖςο
3612 4617 3685 4670 Τὸ
3718 4619 3818 4686 μὲν
3864 4621 4113 4691 πνεῦμα

850 4722 965 4776 suis
995 4720 1280 4790 discipulis
1315 4722 1451 4775 dixit
1483 4738 1496 4773 :
1532 4740 1550 4772 ι
1588 4720 1825 4789 Spiritus
1859 4717 2075 4786 quidem
2108 4726 2413 4787 promptus,

2512 4714 2810 4785 πρόθυμον,
2848 4714 2881 4781 ἡ
2910 4712 2966 4765 δὲ
3007 4711 3151 4781 σὰρξ
3186 4710 3439 4777 ἀσθενής.
3478 4710 3590 4760 Οὐκ
3625 4709 3839 4778 εἴρηται
3864 4707 3963 4762 οὖν
4036 4716 4118 4765 τὰ

850 4828 978 4866 caro
1033 4822 1212 4865 autem
1283 4812 1557 4865 iniirma‘.
1591 4829 1611 4863 ι
1680 4809 1811 4875 Quae
1869 4801 2114 4877 profecto
2174 4825 2282 4863 non
2348 4809 2414 4861 ad

2513 4805 2913 4877 προειρημένα,
2948 4802 3023 4871 μὴ
3071 4804 3301 4868 γένοιτο,
3335 4801 3416 4862 εἰς
3468 4801 3828 4866 κατάγνωσιν,
3873 4801 3999 4853 ἀλλ’
4034 4806 4114 4856 ἵν’

852 4901 1258 4955 damnationem
1290 4901 1433 4954 dicta
1476 4911 1606 4954 sunt
1634 4900 1727 4953 sed
1759 4909 1817 4951 ut
1838 4898 1953 4967 ipse
2006 4900 2289 4953 resciveris
2319 4913 2416 4953 nos

2516 4898 2644 4967 ἔχῃς
2692 4894 2891 4946 εἰδέναι
2942 4894 3018 4955 ὡς
3065 4890 3188 4944 οὔτε
3222 4891 3317 4943 τοῦ
3374 4892 3640 4958 ἡμετέρου
3675 4890 3900 4949 σκοποῦ,
3966 4893 4117 4946 οὕτε

852 5008 953 5047 nec
990 4993 1253 5060 pr0positi
1294 4993 1466 5045 nostri
1511 5006 1690 5059 neque
1742 4990 1819 5044 tui
1856 4984 2276 5044 oblitos’l'uisse.
2311 4981 2414 5055 Qui

2517 4989 2615 5057 τῆς
2647 4987 2743 5055 σῆς
2773 4983 3177 5052 ἐπιλελήσμεθα
3204 4982 3596 5051 προαιρέσεως.
3622 4981 3869 5043 Πονοῦσι,
3898 4986 4118 5036 τέκνον

853 5086 1058 5137 semina
1094 5098 1217 5145 sua,
1252 5082 1326 5136 mi
1366 5082 1462 5146 ﬁli,
1495 5098 1627 5151 agro
1670 5081 2042 5143 committunt,
2076 5081 2331 5135 laborant
2363 5088 2417 5134 et

2516 5082 2697 5149 ἡμῶν,
2757 5078 2850 5132 xui.
2896 5079 3196 5147 πήγνυνται
3236 5074 3497 5133 πολλάκις
3561 5072 3640 5139 τῷ
3687 5072 3884 5140 κρυμῷ
3939 5074 3994 5125 οἱ
4038 5078 4120 5127 τά

821 5190 1075 5229 .vomere
1127 5189 1271 5244 saepe
1327 5174 1526 5243 saepius
1579 5176 1756 5228 solum
1798 5174 2145 5237 discindunt;
2199 5174 2417 5228 labores

2520 5171 2810 5240 σπέρματα
2847 5171 2910 5238 τῇ
2946 5170 3016 5238 γῇ
3046 5165 3497 5228 καταϐάλλοντες,
3521 5164 3656 5217 ἀλλὰ
3684 5166 3775 5217 καὶ
3803 5165 3895 5215 τὸν
3926 5166 4120 5219 πόνον

855 5272 1037 5317 autem
1076 5274 1129 5318 et
1171 5267 1410 5320 vomeris
1463 5266 1601 5320 ictus
1644 5274 1917 5321 susteutat
1969 5265 2161 5320 messis
2200 5275 2256 5319 et
2303 5264 2417 5318 fru-

2519 5266 2614 5316 καὶ
2667 5264 2766 5333 τὴν
2828 5263 2892 5314 ἐκ
2920 5260 3016 5315 τοῦ
3072 5257 3286 5328 κρυμοῦ
3341 5258 3506 5322 πῆξιν
3555 5259 3588 5327 ὴ
3636 5255 3938 5323 προσδοκία
3994 5260 4124 5326 τῆς

858 5366 1046 5409 ctuum
1109 5357 1482 5425 exSpecIatio;
1550 5359 1713 5411 morti
1741 5359 2072 5428 quandoque
2137 5357 2422 5412 ditissima!

2520 5354 2856 5423 συγκομιδῆς
2905 5352 3169 5421 ὐπανέησι
3199 5350 3308 5403 τῶν
3347 5349 3594 5419 καρπῶν.
3638 5348 4121 5416 Παραδάλλονται

855 5446 1214 5512 objiciuntur,
1254 5447 1349 5515 (ιυὶ
1375 5447 1508 5502 freta
1559 5456 1938 5514 transnatant;
2012 5456 2098 5502 ast
2139 5462 2237 5517 spe
2284 5446 2420 5501 lucri

2519 5447 2655 5517 πρὸς
2687 5445 2949 5507 θανάτους
2989 5446 3083 5498 καὶ
3126 5446 3244 5495 τότε
3276 5443 3695 5513 χαλεπωτάτους
3736 5441 3784 5492 oi
3807 5440 4125 5495 διαπλέον.

854 5533 1038 5586 omnia
1087 5534 1252 5589 maris
1285 5534 1524 5602 pericula
1578 5552 1610 5592 e
1655 5537 1918 5593 memoria
1948 5545 2003 5593 et
2044 5544 2171 5605 post
2210 5544 2420 5605 tergum

2518 5555 2607 5600 τες
2633 5536 2703 5587 τὰ
2758 5535 2991 5603 πελάγη.
3030 5534 3167 5586 ἀλλὰ
3197 5536 3262 5602 τῇ
3290 5533 3466 5585 ἑλπίδι
3505 5530 3599 5584 τοῦ
3634 5530 3856 5599 κέρδους
3908 5529 4123 5585 ὀπίσω

856 5624 1140 5692 abjiciunt.
2521 5629 2771 5699 ῥίπτουσι
2820 5627 3039 5696 μνήμης
3071 5628 3193 5688 τοὺς
3218 5629 3281 5679 ὲκ
3318 5625 3417 5695 τῆς
3455 5623 3732 5691 θαλάσσης
3774 5620 4119 5687 κινδύνους.

940 5804 955 5836 ⁸
985 5804 1174 5863 Matth.
1211 5824 1353 5875 uir,
1383 5809 1447 5865 ﬂ
