4208 6432
183 377 280 440 357

1642 348 2046 413 EPISTOL/E.

3318 356 3425 423 358

248 489 366 542 Οὐκ
396 480 469 555 ἦν
501 484 646 545 εἰκὸς
665 481 837 535 ταῦτα
865 474 1421 549 γράφεινήμᾶτθείᾳ
1451 470 1561 543 γὰρ
1578 472 1756 542 χάριτι

1759 508 1761 519 ,
1787 472 1836 532 Α
1932 465 2050 520 Νοη
2093 465 2321 520 decebat
2355 481 2454 523 nos
2492 469 2605 523 haec
2632 465 2896 533 scribere,
2935 468 3080 538 quod
3112 469 3284 537 gratia
3333 472 3407 529 De

183 581 464 637 διδάσκειν
514 574 878 635 κατασταθεὶς
931 570 1175 639 ἑτέρους,
1204 565 1301 619 καὶ⁴
1343 564 1575 635 μάλιστα
1636 578 1761 614 παι-

180 673 331 726 δόθεν
363 670 639 727 τοιούτοις
687 664 1008 733 διδάγμασιν
1060 657 1514 727 ἐντεθραμμένος,
1544 653 1644 705 οὐκ
1699 652 1758 703 ὲν

179 762 336 833 χρείᾳ
366 760 583 813 τούτων
609 753 952 821 καθέστηκας
980 748 1244 817 ἑτέρωθεν
1267 745 1577 800 ἐπακούειν.
1608 741 1759 794 Ἀλλ’

179 832 263 905 ἵνα
292 852 373 922 μὴ
416 850 666 915 δόξωμεν
699 844 889 911 ὥσπερ
917 840 1163 907 ἀκίνητοι
1194 837 1329 907 πρὸς
1363 834 1431 887 τὰ
1457 832 1755 902 γραφέντα,

177 946 267 995 καὶ
304 945 491 996 ταῦτα
536 940 867 1009 γέγραπται,
916 933 1010 985 καὶ
1047 932 1202 998 ὀλίγα
1259 931 1340 980 ἔτι
1391 925 1757 993 προστεθήσε-

177 1058 283 1092 ται.
302 1033 647 1101 Ἀπόϐλεψον
670 1028 805 1099 πρὸς
830 1026 953 1088 τοὺς
988 1022 1292 1094 μακαρίους
1313 1018 1405 1072 τοῦ
1426 1014 1756 1083 Εὑαγγελίου

180 1133 457 1199 κήρυκας,
499 1122 575 1180 ὧν
608 1123 672 1175 σὺ
712 1120 1053 1189 κατηξιώθης
1077 1115 1157 1184 τῷ
1189 1112 1475 1180 καταλόγῳ
1506 1107 1758 1177 συναριθ-

180 1224 445 1294 μηθῆναι,
523 1219 621 1269 καὶ
670 1216 736 1269 τὰ
803 1212 1024 1265 ἐκείναιν
1082 1207 1228 1277 πάθη
1290 1205 1407 1258 και
1447 1204 1571 1264 τοὺς
1621 1201 1756 1253 καθ’

174 1320 393 1383 ἡμέραν
443 1310 709 1369 θανάτους
761 1306 853 1357 καὶ
919 1302 1015 1370 τὴν
1078 1300 1253 1369 χαράν
1296 1296 1364 1367 ἣν
1413 1295 1504 1347 ἐπὶ
1545 1293 1756 1353 τούτοις

176 1413 424 1478 ἔχαιρον,
459 1406 557 1457 καὶ
582 1403 849 1456 κατάλιπε
889 1396 949 1449 τὸ
982 1394 1204 1463 θρηνεῖν
1260 1390 1353 1441 καὶ
1403 1388 1465 1439 τὺ
1503 1384 1752 1478 ἀθυμεῖν,

173 1473 310 1554 διότι⁷
328 1501 411 1570 μὴ
429 1499 499 1551 τὰ
537 1495 853 1564 ἀνθρώπινα
878 1489 1175 1558 πράγματα
1197 1483 1335 1535 κατά
1359 1479 1485 1548 ῥοῦν
1505 1478 1636 1546 ἡμῖν

174 1612 346 1664 ρεται.
399 1568 801 1656 Ἕνθυμήθητι,
830 1581 1026 1653 μᾶλλον
1076 1578 1132 1630 δὲ
1165 1576 1249 1627 ἀεὶ
1279 1573 1449 1664 τοῦτοΔ
1476 1570 1636 1664 φέρον
1668 1568 1754 1664 ἑν·-

172 1655 386 1752 θύμιον,
428 1680 506 1741 ὼς
535 1655 693 1749 χάρνις
720 1675 836 1730 ἐστὶ
873 1672 966 1726 καὶ
991 1669 1114 1737 φιλο
1137 1665 1292 1733 τιμία
1318 1660 1522 1716 ἄνωθεν
1560 1660 1620 1710 τὸ
1644 1655 1753 1707 πά-

171 1747 314 1845 σχειν
330 1772 483 1842 ὑπὲρ
500 1747 761 1839 Χριστοῦ.
787 1766 854 1816 Σε
864 1761 1061 1831 μνύνου
1085 1758 1223 1823 μετὰ
1241 1755 1332 1807 τοῦ
1347 1752 1590 1809 εἰπόντος
1605 1747 1749 1799 θείου

170 1840 500 1928 ἀποστόλου,
542 1862 636 1914 καὶ
652 1858 807 1913 τοῦτο
824 1857 952 1926 ἡμῖν
965 1850 1224 1920 ἐχαρίσθη
1243 1846 1349 1899 ἀπὸ
1369 1843 1503 1895 Θεοῦ
1534 1841 1593 1893 τὸ
1610 1840 1748 1908 ὑπὲρ

167 1956 408 2026 Χριστοῦ
446 1954 701 2020 πάσχειν.
728 1949 922 2003 Πολλοὶ
941 1946 1049 1997 τῶν
1069 1942 1176 1994 σῶν
1197 1937 1384 1992 παθῶν
1400 1934 1562 1988 πόθον
1590 1934 1746 2001 ἔχου-

167 2064 213 2098 σι
247 2045 511 2098 κοινωνοὶ
562 2041 818 2109 γενέσθαι
858 2036 953 2089 καὶ
976 2035 1072 2102 τῆς
1098 2032 1391 2089 κακώσεως
1408 2025 1504 2077 καὶ
1519 2023 1615 2091 τῆς
1638 2036 1747 2072 στε-

166 2135 463 2204 νοχωρίας,
490 2131 630 2185 ἀλλά
646 2131 728 2182 σοι
748 2129 903 2181 τοῦτο
928 2122 1187 2196 ἐχαρίσθη
1213 2117 1429 2186 εὐδοκία
1454 2114 1545 2167 τοῦ
1570 2113 1744 2165 πάντα

168 2228 256 2276 καὶ
324 2224 444 2292 πρδ
485 2226 746 2288 γνώσεως
800 2218 1175 2286 ἀφορίσαντος.
1232 2209 1375 2278 Πρός
1433 2206 1533 2274 τὴν
1585 2204 1743 2271 χάριν

167 2320 359 2386 ἁςόρα,
415 2316 516 2368 καὶ
543 2316 617 2383 μὴ
648 2313 782 2381 πρὸς
803 2312 902 2374 τὴν
930 2309 1191 2377 ἐπήρειαν
1209 2304 1315 2355 τῶν
1342 2300 1599 2369 τῇχάριτι
1624 2295 1739 2347 δια-

168 2406 577 2477 φθονουμὲνων.
627 2403 735 2456 εἴτε
789 2403 1036 2461 δαίμονες
1087 2398 1219 2460 εἶεν,
1280 2394 1388 2446 εἴτε
1468 2389 1741 2457 ἄνθρωποι

165 2500 442 2567 δαιμόνων
499 2498 792 2565 πρόσωπον
854 2492 1164 2558 ἐνδυόμενοι
1226 2489 1321 2537 καὶ
1364 2487 1461 2552 τῆς
1513 2480 1738 2532 ἐκείνων

165 2591 362 2647 κακίας
415 2586 781 2653 τυγχάνοντες
811 2578 1065 2649 μιμηταί.
1112 2574 1178 2628 Τί
1227 2575 1335 2641 γὰρ
1364 2573 1415 2624 ετ
1463 2586 1546 2631 τις
1587 2568 1737 2635 παρά

167 2677 435 2747 βασιλέως
464 2676 769 2744 στρατηγὸς
798 2666 1255 2738 προϐεϐλημένος,
1275 2660 1391 2715 εἶτα
1418 2658 1737 2728 meome-

168 2769 312 2836 μενοί
364 2783 521 2828 τινες
571 2763 719 2832 αὐτῷ
776 2762 1159 2814 ἐπανίστανται
1212 2756 1306 2807 καὶ
1345 2755 1517 2815 λύπας
1587 2751 1737 2819 αὐτῷ

164 2860 474 2930 προσάγειν
494 2858 891 2922 διανενόηνται,
923 2854 1013 2906 διά
1043 2853 1199 2905 τοῦτο
1227 2851 1326 2920 τῆς
1353 2848 1518 2917 τιμῆς
1548 2845 1736 2912 ὥσπερ

162 2952 513 3019 ἐπιλήσεται,
552 2945 619 3020 ἧς
651 2947 879 3017 ἠξιώθη,
915 2948 1011 2999 καὶ
1041 2946 1177 3016 πρὸς
1215 2946 1408 3014 μόνους
1448 2943 1574 3003 τοὺς
1600 2942 1738 3009 ἔπη-

163 3044 396 3113 ρεαστάς
424 3041 779 3103 ἀποϐλέπων,
803 3039 1028 3108 ἀθυμῶν
1056 3039 1209 3089 ἔσται
1237 3037 1329 3089 καὶ
1374 3034 1731 3104 ὀδυνώμενος,

162 3138 225 3188 Ἦ
252 3134 466 3204 μᾶλλον
493 3135 748 3200 φρόνημα
805 3131 984 3198 φέρων
1033 3128 1270 3195 εὐγενὲς,
1301 3128 1407 3178 τῶν
1460 3126 1559 3193 μὲν
1614 3126 1729 3177 ἀντ’
1758 3142 1803 3202 c

158 3227 377 3286 osseus;
420 3226 695 3294 ἡγήσεται
735 3223 834 3290 τὴν
864 3223 1145 3288 ἐπήρειαν,
1175 3219 1273 3287 τὴν
1315 3220 1370 3270 δὲ
1412 3218 1562 3282 τάξιν
1587 3218 1729 3269 ἒννο-

158 3317 415 3384 ούμενος,
448 3315 530 3374 εἰς
557 3314 624 3381 ἡν
654 3310 923 3378 ἀνηνέχθη
952 3311 1103 3379 παρὰ
1131 3308 1226 3361 τοῦ
1254 3307 1539 3370 τάξαντος,
1568 3310 1729 3361 παντὶ

154 3411 345 3479 τρόπῳ
378 3404 619 3472 σπουδὴν
655 3402 983 3463 ἐπιδείξεται
1029 3401 1130 3469 τῆς
1174 3400 1284 3452 τῶν
1334 3400 1726 3468 ἀντικειμένων

155 3502 385 3571 ὁρᾶσθαι
441 3496 779 3565 ὑψηλότερος
834 3492 1139 3562 ὲπηρείας;
1198 3492 1359 3544 Ἀλλὰ
1428 3492 1539 3543 τῶν
1627 3492 1725 3559 μὲν

154 3590 414 3643 τοιούτων
471 3585 930 3653 παραδειγμάτων
977 3583 1115 3644 ἃλις.
1167 3582 1329 3652 Ὁρᾷς
1364 3578 1450 3634 οἷα
1474 3582 1567 3634 καὶ
1619 3584 1726 3653 πρὸ

153 3683 255 3733 τῶν
287 3680 511 3731 ἐκεῖθεν
541 3677 820 3745 στεφάνων
852 3676 945 3727 καὶ
967 3675 1064 3741 τῆς
1097 3673 1281 3743 θεῖκῆς
1309 3674 1628 3735 ἀντιδόσεως
1657 3672 1726 3726 τὰ

153 3771 391 3824 ἐνταῦθά
422 3788 508 3822 σοι
537 3770 772 3838 ἀπαντᾷ,
804 3770 832 3819 ό
860 3766 1007 3835 παρά
1033 3767 1140 3818 τῶν
1170 3766 1463 3835 γνωρίμων
1483 3764 1724 3827 ἔπαινος,

151 3862 355 3933 ἧπαρᾶ
378 3862 493 3913 τῶν
508 3863 608 3913 οὐκ
626 3860 866 3922 εἰδότων,
885 3858 1019 3909 ἀλλά
1052 3857 1188 3928 μόνῃ
1219 3858 1353 3924 ἀκοῇ
1378 3856 1475 3924 τὴν
1493 3859 1590 3924 σὴν
1607 3856 1727 3922 ape-

150 3956 240 4025 τὴν
267 3952 673 4023 θαυμαζόντων
698 3950 967 4018 εὐφημία,
1025 3951 1121 4001 καὶ
1176 3948 1494 4009 συνελόντως
1522 3948 1721 4010 εἰπεῖν,

1860 559 2071 627 positus
2126 557 2202 609 sis
2247 557 2313 611 ad
2359 558 2495 612 alios
2528 559 2857 623 edocendos,
2889 568 2944 612 et
2974 562 3119 629 quod
3167 562 3236 615 ab
3271 561 3425 617 incu-

1862 644 2061 697 nabilis
2107 646 2346 699 nutritus
2404 648 2482 701 sis
2514 647 3092 712 ejusmodidoctriuis,
3135 663 3271 717 opus
3324 650 3422 703 tibi

1861 748 1968 786 non
2010 733 2111 787 fuit
2142 736 2336 790 alienis
2370 735 2733 791 documentis.
2763 736 3152 792 Verumtamen
3186 755 3251 793 ne
3280 741 3421 795 tardi

1861 827 2139 880 videamur
2200 828 2266 880 ad
2342 828 2693 881 scribendum
2758 831 3040 897 praesentia
3100 832 3420 898 scripsimus

1860 920 2134 972 modicum
2181 919 2310 983 quid
2348 919 2605 973 addituri.
2632 920 2712 974 Ad
2755 920 3101 975 beatissimos
3141 920 3421 990 Evangelii

1859 1024 2138 1079 praecones
2166 1010 2450 1078 reSpieias,
2473 1026 2702 1079 quorum
2726 1013 2971 1079 catalogo
2991 1014 3336 1066 adnumerari
3363 1023 3420 1066 ιιι

1859 1104 2113 1169 dignatus
2134 1116 2233 1155 es:
2270 1102 2486 1154 illorum
2527 1105 2783 1173 martyria
2818 1113 2871 1155 et
2906 1116 3106 1158 mortes
3145 1107 3419 1164 quotidia-

1860 1208 1957 1246 nas
1987 1194 2306 1246 consideres
2329 1200 2382 1245 et
2420 1194 2678 1262 gaudium
2722 1210 2830 1262 quo
2866 1194 3005 1247 inter
3041 1196 3256 1250 dolores
3288 1196 3416 1251 elati

1857 1289 2017 1345 sunt;
2046 1281 2240 1334 deinde
2292 1296 2320 1333 ιι
2356 1282 2840 1337 lamentationibus
2890 1298 2943 1335 et
2978 1284 3046 1336 ab
3087 1286 3271 1337 animo
3318 1289 3414 1339 de-

1857 1382 2106 1442 speiante
2158 1386 2447 1441 assurgas.
2501 1376 2545 1427 si
2593 1374 2731 1427 forte
2763 1376 2992 1429 humana
3049 1378 3260 1445 negotia
3310 1392 3416 1429 non

1854 1468 2097 1519 secundo
2134 1464 2356 1517 ﬂuiniue
2421 1470 2732 1534 procedant.
2784 1468 2983 1521 Tecum
3020 1481 3259 1536 reputes,
3316 1483 3412 1521 seu

1854 1559 2036 1625 potius
2065 1557 2118 1607 in
2155 1557 2319 1608 corde
2355 1566 2448 1609 tuo
2499 1572 2712 1624 setnper
2746 1560 2994 1614 revolvas
3030 1561 3259 1627 gratiam
3290 1574 3411 1613 csse

1852 1656 1907 1700 et
1936 1662 2230 1715 supernum
2267 1648 2506 1700 favorem
2542 1648 2588 1701 si
2618 1652 2739 1717 quis
2774 1666 2869 1718 pro
2896 1651 3121 1704 Christo
3154 1652 3409 1715 patiatur.

1851 1733 1988 1787 lllud
2015 1736 2121 1787 divi
2152 1735 2396 1803 Apostoli
2431 1751 2539 1803 prin
2581 1738 2754 1791 oculis
2791 1740 2991 1791 habeas
3020 1755 3033 1791 ;
3062 1740 3164 1791 hoc
3193 1753 3411 1805 quoque

1776 1814 1823 1871 B
1852 1826 2009 1879 nobis
2057 1840 2086 1879 a
2120 1826 2231 1878 Deo
2271 1840 2591 1879 concessum
2622 1839 2703 1881 est
2754 1839 2812 1881 ut
2849 1845 2943 1897 pro
2977 1831 3197 1883 Christo
3242 1829 3413 1896 patia-

1847 1934 1988 1970 mur.
2027 1916 2178 1970 Multi
2208 1920 2431 1986 cupiunt
2455 1920 2564 1987 pati
2592 1922 2733 1987 quod
2767 1932 2821 1973 tu
2860 1923 3076 1987 pateris,
3139 1931 3191 1974 et
3216 1930 3411 1975 contu-

1846 2012 2131 2064 meliarum
2179 2026 2235 2066 et
2266 2018 2531 2080 angustia:
2556 2014 2669 2067 lieri
2712 2014 3003 2082 participes
3035 2030 3048 2065 :
3086 2012 3187 2065 hoc
3226 2026 3406 2065 autem

1847 2105 1939 2158 tibi
1971 2106 2155 2159 datum
2194 2106 2299 2159 fuit
2332 2106 2670 2175 beneplacito
2723 2107 2892 2170 illius,
2931 2108 3022 2174 qui
3058 2106 3241 2160 omnia
3285 2114 3409 2157 ante

1845 2200 2117 2254 notionem
2150 2200 2413 2255 decrevit.
2446 2202 2525 2254 Ad
2554 2202 2780 2269 gratiam
2812 2202 3069 2269 respicias
3109 2211 3160 2255 rt
3196 2215 3301 2253 non
3337 2197 3407 2252 ad

1841 2290 2226 2344 detrimentum
2258 2293 2401 2359 quod
2437 2302 2624 2359 gratia:
2656 2294 2951 2346 adversarii
2989 2294 3248 2355 inferunt,
3289 2291 3405 2343 sive

1843 2380 2116 2435 daemones
2138 2382 2253 2435 sive
2275 2383 2525 2435 homines
2562 2385 2673 2435 sint
2695 2383 2788 2451 qui
2835 2383 3075 2451 speciem
3108 2382 3404 2435 dmmonio-

1840 2486 1959 2524 rum
1981 2473 2265 2526 induentes
2313 2473 2574 2525 malitiam
2596 2487 2813 2541 quoque
2834 2476 3136 2526 imitantur.
3153 2471 3293 2537 Quid
3310 2471 3333 2523 ’ἲ
3350 2468 3397 2524 si

1838 2563 2009 2631 quisa
2052 2578 2175 2632 rege
2223 2564 2589 2631 praeﬁceretur
2629 2566 2828 2633 cepiis,
2883 2576 2936 2619 et
2984 2564 3203 2632 quidam
3261 2562 3400 2617 forte

1841 2655 2091 2707 invidiosi
2154 2656 2436 2709 obstarent
2483 2666 2535 2711 et
2594 2658 2870 2712 molestias
2918 2669 3169 2710 crearent
3224 2672 3393 2709 num-

1839 2745 1964 2812 quid
1985 2753 2201 2813 propter
2231 2761 2399 2799 unum
2426 2747 2561 2800 illud
2592 2748 2861 2801 obliturus
2906 2749 3010 2800 erit
3053 2748 3276 2800 honoris
3305 2746 3403 2799 tri-

1838 2835 1976 2898 buti,
1994 2846 2046 2888 et
2073 2836 2139 2889 ad
2165 2839 2311 2891 solos
2336 2838 2632 2907 respiciens
2656 2844 3019 2908 importunos,
3043 2840 3279 2893 animum
3303 2840 3400 2890 de-

1832 2926 1983 2993 jicict
2017 2935 2069 2979 et
2093 2943 2326 2983 moerere
2347 2932 2701 2984 conlicietur?
2735 2932 2924 2985 Nonne
2964 2934 3143 3000 potius
3164 2945 3398 3000 genero-

1835 3034 1927 3073 sos
1960 3022 2210 3073 evocabit
2235 3036 2450 3087 sensus,
2489 3025 2768 3077 molestias
2800 3026 3101 3092 despiciet,
3136 3026 3200 3075 ad
3234 3036 3396 3091 quam

1836 3121 2052 3163 evectus
2088 3110 2512 3179 estdignitatem
2555 3115 2927 3168 considerabit
2965 3126 3017 3169 et
3046 3130 3261 3169 omnem
3300 3116 3402 3168 im-

1836 3203 2031 3269 pendet
2055 3204 2473 3258 sollicitudinem
2512 3216 2567 3259 ut
2607 3208 2773 3261 altius
2822 3208 3057 3261 emineat
3113 3225 3273 3276 quam
3301 3208 3396 3276 qui

1838 3294 2055 3346 obstant
2072 3295 2316 3348 inimici?
2333 3297 2435 3350 Sed
2452 3299 2562 3366 jam
2587 3307 2671 3353 sat
2691 3300 2858 3351 multa
2882 3298 3189 3364 hujus-modi
3208 3313 3396 3352 exun-

1836 3387 1941 3453 pla.
1979 3385 2139 3439 Vides
2191 3402 2312 3455 quae
2341 3390 2578 3443 futuram
2607 3404 2865 3444 coroimm
2889 3405 2943 3443 et
2971 3391 3208 3443 divinam
3238 3390 3396 3443 retri-

1832 3475 2110 3532 butionem
2141 3482 2471 3549 praecedunt,
2510 3481 2630 3534 vide
2657 3492 2859 3549 quanta
2894 3489 2942 3535 te
2974 3482 3060 3534 hic
3100 3488 3392 3533 maneant:

1832 3570 1977 3625 Laus
2010 3573 2078 3624 ab
2104 3587 2199 3627 ore
2257 3573 2502 3626 omnium
2546 3574 2638 3641 qui
2676 3585 2727 3627 te
2777 3575 3049 3640 noverint,
3081 3574 3220 3626 bona
3248 3572 3392 3625 fama

1830 3664 1973 3731 apud
2026 3679 2216 3717 omnes
2252 3666 2343 3731 qui
2376 3676 2425 3718 te
2450 3680 2557 3718 non
2588 3665 2817 3718 viderint
2849 3674 2903 3719 et
2938 3675 3086 3718 tuam
3122 3666 3266 3718 bona
3291 3664 3394 3718 ﬁde

1830 3756 2040 3807 aurium
2073 3754 2255 3808 mirati
2278 3758 2387 3809 sint
2419 3756 2711 3821 virtutem;
2748 3765 2805 3809 ut
2864 3771 2972 3809 uno
3002 3756 3163 3809 verbo
3187 3754 3388 3818 dicam,

1829 3847 1896 3900 ab
1943 3846 2200 3899 omnibus
2236 3846 2416 3913 magni
2467 3848 2757 3899 aestimatis
2796 3861 3017 3917 propter
3055 3845 3390 3914 apostolicos

1832 3952 2047 4001 cursus,
2088 3939 2378 4005 pra'conia,
2428 3949 2483 3991 et
2516 3939 2731 3993 tandem
2777 3941 3130 4009 apostolicam
3160 3949 3385 3994 sortem.

148 4055 171 4101 ὁ
206 4049 369 4118 παρά
410 4048 631 4098 πάντων
671 4043 1019 4113 μακαρισμὸς
1082 4041 1266 4095 ἕνεκεν
1309 4041 1401 4095 τοῦ
1423 4039 1784 4096 ἀποστολικοῦ
1823 4039 2023 4108 δρόμου
2049 4037 2144 4088 καὶ
2178 4034 2272 4087 τοῦ
2312 4034 2663 4104 κηρύγματος
2697 4036 2792 4090 καὶ
2823 4040 2922 4109 τῆς
2955 4039 3198 4108 ἰσοτίμου
3237 4039 3389 4091 ὲκεί-

154 4157 258 4201 νοις
306 4137 551 4205 λήξεως.

220 4230 391 4283 Ἀλλά
443 4228 519 4279 τὰ
554 4227 651 4292 μὲν
682 4224 916 4277 ἂνταῦοα
966 4226 1211 4277 τοιαῦτα.
1263 4224 1495 4292 Λογίζου
1540 4225 1597 4277 δέ
1630 4242 1721 4294 μοι

147 4327 231 4372 καὶ
258 4321 333 4373 τὰ.
366 4317 612 4376 ἐκεῖθεν,
640 4314 802 4367 ὁπότε
821 4314 1136 4379 ἀγαλλίασις
1166 4313 1446 4376 ἀδιάλυτος
1468 4315 1589 4367 ἀντὶ
1608 4316 1719 4365 τῶν

146 4412 231 4465 νῦν
258 4429 316 4465 σε
348 4408 761 4478 περιστήσεται
787 4406 1042 4475 θλίψεων,
1071 4406 1193 4459 ἀντὶ
1229 4406 1330 4475 τῆς
1352 4423 1419 4474 γυ
1430 4408 1715 4477 μνότητος,

146 4505 256 4557 ἀντὶ
276 4505 386 4573 τῆς
444 4501 619 4569 ἄλλης
675 4500 909 4567 ἀπορίας
962 4498 1193 4559 πλοῦτος
1240 4499 1301 4550 οὐ
1354 4500 1717 4568 προσιέμενος

146 4595 290 4659 Myos
319 4596 408 4653 είς
456 4591 756 4659 ἔκφρασιν.
806 4588 914 4640 Καὶ
969 4588 1021 4640 τί
1052 4587 1226 4640 ταῦτα
1274 4588 1447 4656 λέγω;
1493 4590 1551 4642 Ὀ
1581 4594 1717 4658 μετά

144 4683 239 4734 τῶν
262 4682 584 4749 φωστήρων
609 4676 706 4729 τοῦ
734 4678 937 4744 κόσμου
969 4674 1061 4728 τοῦ
1092 4677 1236 4728 θείου
1268 4678 1442 4745 φωτὸς
1472 4678 1713 4729 ἐπιπλώ-

148 4792 292 4843 μενος
323 4774 556 4841 σταίης,
591 4772 686 4823 καὶ
714 4768 808 4822 ἅτε
838 4770 901 4839 δὴ
935 4771 1046 4831 τοῖς
1076 4768 1297 4823 ἐκείνων
1313 4786 1715 4841 συμμεμορφω.

149 4868 299 4933 μένος
336 4864 642 4929 παθήμασι
659 4863 725 4930 τῇ
746 4860 868 4929 θείᾳ
890 4861 1015 4930 δόξῃ
1035 4862 1443 4930 ἀπαστράπτων
1466 4862 1704 4933 όφθείης.

145 4958 198 5008 Τί
220 4958 447 5023 Mrem;
481 4954 853 5022 Πενθήσωμεν
882 4951 963 5003 ἔτι
993 4952 1179 5007 καὶτὰ
1206 4953 1317 5007 τῶν
1353 4955 1710 5023 ἀθυμούντων

142 5042 481 5112 πεισόμεθας
544 5040 615 5091 Ἦ
674 5039 923 5108 ῥίψωμεν
958 5040 1140 5092 πᾶσαν
1186 5041 1451 5111 ἀθυμίαν,
1485 5042 1580 5095 καὶ
1612 5046 1708 5096 σὺν

142 5138 197 5200 τῇ
223 5134 443 5187 ἀνωθεν
472 5130 740 5199 εὐμενείᾳ
773 5135 992 5184 πάντων
1011 5131 1269 5200 ὑπεράνω
1315 5133 1424 5185 τῶν
1478 5134 1705 5187 λυπούν-

142 5241 235 5274 των
264 5219 794 5289 καταστησώμεθα;
825 5223 933 5275 Καὶ
958 5224 1074 5286 πῶς
1101 5223 1277 5286 ἀλλως
1317 5226 1419 5293 ἐμὲ
1466 5226 1583 5279 δέον
1615 5227 1705 5279 ὲλ-

141 5314 343 5378 gmw;
427 5314 493 5364 El
557 5315 632 5381 μὴ
690 5311 852 5383 λῆρον
903 5315 1106 5384 ἡγήσῃ,
1164 5315 1298 5384 ὅπερ
1359 5318 1579 5381 ἀνάξιον
1606 5319 1703 5389 τῆς

141 5408 225 5476 eq;
279 5405 569 5465 συνέσεως
607 5404 677 5456 τὰ
731 5405 914 5475 μικρῷ
962 5406 1198 5475 πρόσθεν
1248 5410 1381 5476 ἡμῖν
1409 5412 1694 5481 εἰρημένα.

197 5497 288 5547 Διά
318 5496 491 5547 τοῦτο
526 5495 712 5548 λοιπὸν
742 5495 843 5564 ήδη
867 5496 1111 5566 παύομαι
1140 5497 1235 5552 τοῦ
1261 5498 1423 5552 πλέον
1440 5519 1493 5555 τι
1521 5502 1700 5571 λέγειν

138 5586 218 5638 τοῦ
252 5588 311 5641 σὲ
377 5588 487 5656 τῆς
559 5586 901 5657 κατεχούσης
936 5590 1165 5659 ἀκηδίας
1225 5591 1536 5650 ἀναλαϐεῖν.
1582 5596 1698 5651 Ἐπ’

140 5677 287 5746 ἀλλην
315 5680 376 5732 δὲ
409 5678 700 5747 τρέπομεν
730 5678 823 5730 τὸν
855 5678 1011 5746 λόγον
1059 5680 1336 5750 ὑπόθεσιν,
1376 5689 1467 5737 καὶ
1492 5702 1695 5757 παραι-

138 5768 335 5833 νοῦντες
366 5770 817 5841 προτρεπόμενοι
850 5770 946 5841 τῆς
999 5771 1307 5845 προσούσης
1339 5793 1423 5830 σοι
1450 5780 1692 5848 πραότη-

1892 4219 2017 4275 ιιωε
2043 4221 2106 4274 ad
2134 4221 2462 4288 praeteritam
2490 4220 2652 4272 vitam
2678 4230 2953 4289 spectant;
2990 4222 3223 4274 futuram
3255 4236 3381 4274 vero

1825 4328 1971 4368 nunc
2030 4321 2221 4381 reputa
2281 4312 2369 4364 ubi
2434 4312 2751 4366 indesinens
2774 4315 2878 4365 erit
2906 4314 3198 4367 exsultatio
3234 4330 3247 4365 :
3279 4328 3379 4383 pro

1826 4404 2311 4465 tribulationibus,
2366 4418 2465 4472 pro
2518 4406 2761 4458 nuditate
2828 4413 2881 4458 et
2933 4406 3209 4467 miseriis,
3274 4407 3379 4458 im-

1742 4477 1796 4538 D
1827 4511 2041 4550 mensas
2088 4495 2389 4563 possidebis
2436 4497 2672 4550 divitias.
2712 4496 2850 4560 Quid
2891 4496 3005 4550 hac
3047 4495 3373 4550 dico?Cum

1817 4586 2003 4640 mundi
2031 4586 2345 4641 luminibus
2389 4588 2558 4641 stabis
2583 4588 2767 4641 divina
2814 4589 2934 4642 luce
2974 4588 3210 4656 repletus
3241 4604 3255 4640 :
3290 4589 3373 4642 his

1814 4676 1957 4729 enim
2006 4676 2427 4729 transformatus
2478 4677 2848 4744 passionibus,
2896 4677 3078 4730 divina
3133 4677 3367 4746 refulge-

1812 4767 1897 4821 bis
1944 4767 2134 4833 gloria.
2187 4767 2327 4831 Quid
2383 4771 2711 4836 respondes?
2744 4767 2882 4822 Num
2913 4770 3216 4838 lugebimus
3267 4771 3365 4823 ad-

1811 4859 1916 4912 huc
1946 4867 2000 4911 et
2060 4870 2259 4912 sortem
2301 4858 2516 4911 illorum
2558 4860 2881 4916 habebimus
2934 4863 3026 4931 qui
3064 4862 3367 4930 desponde-

1811 4959 1934 5003 runt
1965 4950 2247 5003 animum?
2296 4948 2486 5003 Nonne
2522 4953 2706 5019 potius
2738 4968 2953 5007 onmem
2989 4953 3137 5006 anini
3169 4954 3364 5020 despe-

1810 5041 2073 5094 rationem
2104 5040 2455 5109 abjieiemus.
2481 5052 2534 5097 et
2564 5042 2745 5096 divina
2768 5043 2990 5112 juvante
3030 5044 3363 5108 constantia.

1806 5146 1996 5185 omnes
2058 5133 2436 5201 superabimus
2503 5135 2754 5188 dolores?
2806 5133 2946 5201 Quid
3015 5135 3161 5189 aliud
3226 5135 3362 5188 mihi

1807 5222 2132 5292 sperandum
2168 5223 2341 5279 foret?
2375 5226 2457 5279 An
2489 5240 2552 5279 ea
2593 5242 2714 5294 qua:
2744 5226 2984 5281 diximus
3016 5225 3167 5280 ﬂocci
3197 5227 3363 5280 facies

1804 5326 1857 5369 et
1911 5315 2131 5372 minime
2171 5319 2351 5391 studio
2379 5327 2431 5372 et
2476 5318 2691 5387 ingenio
2730 5330 2823 5374 tuo
2868 5321 3030 5389 digna
3072 5319 3361 5375 censebis?

1873 5504 1977 5558 Sed
2003 5504 2116 5572 jam
2156 5505 2372 5561 dicendi
2417 5506 2574 5560 ﬁnem
2620 5507 2883 5564 faciemus
2910 5510 2977 5563 de
3006 5510 3110 5574 his,
3143 5519 3197 5563 et
3234 5509 3356 5563 ani-

1800 5613 1945 5652 mum
1992 5608 2141 5651 tuum
2176 5602 2471 5655 recreaturi
2513 5604 2578 5655 ad
2627 5605 2787 5656 aliam
2831 5605 3115 5657 materiam
3157 5606 3359 5658 translo

1798 5705 1938 5744 mus.
2000 5691 2242 5746 lunatam
2298 5694 2389 5746 tibi

1794 5783 2179 5853 benignitatem
2226 5795 2279 5841 et
2329 5801 2422 5856 per
2471 5786 2749 5845 Christum
2793 5790 3157 5846 humilitatem
3207 5806 3353 5847 nunc

2455 5695 2741 5749 hortamur
2789 5706 2845 5749 ut
2900 5698 3241 5751 dulcedinem
3301 5706 3354 5750 et
