4208 6432
234 421 340 488 361

1690 410 2096 471 EI’IS'I'OIAS.

3368 414 3469 476 36‘!

233 514 306 565 τα
331 511 434 580 τῆς
460 511 685 580 καρδίας
716 510 871 580 ἡμῶν
902 507 1300 577 πεφανέρωται.
1351 502 1425 565 ὼς
1455 502 1687 570 τοσαύτη
1722 519 1811 569 μοι
1842 507 1885 557 Α

1804 507 1885 557 LA
1921 513 2043 550 meo
2117 498 2405 552 satislieret
2433 538 2447 560 ,
2519 498 2723 551 ultimis
2768 515 2851 552 me
2924 516 3243 568 exponerem
3292 507 3466 560 malis.

236 603 428 672 ἔφεσις
445 601 540 652 τοῦ
563 602 661 671 τὴν
674 596 999 666 Ἐκκλησίαν
1025 592 1342 666 είρηνεῦσαι
1371 592 1498 644 ίδεῖν
1524 591 1616 645 τοῦ
1644 591 1800 652 Θεοῦ,

237 694 313 755 ὡς
340 696 390 745 εί
410 692 570 744 τοῦτο
585 687 891 760 ἠκολούθει,
928 688 1063 756 μηδὲ
1085 686 1185 753 τὴν
1223 687 1302 745 είς
1330 683 1554 750 γέενναν
1580 680 1671 733 τοῦ
1700 696 1801 730 πυ-

240 785 336 850 ρὸς
380 778 832 852 παραιτήσασθαι
891 778 1062 848 ρίψιν.
1093 776 1208 828 Νῦν
1250 775 1306 826 δὲ
1337 775 1403 846 ἣν
1429 776 1479 827 οἱ
1505 769 1803 841 ἀπερισκέ-

236 888 393 933 πτως
427 868 780 939 ἐπιζητοῦσιν
837 868 1083 935 εἰρήνην,
1145 864 1298 918 οὐδὲν
1329 864 1515 935 ἕτερόν
1570 865 1737 920 ἐστιν,
1767 860 1800 928 ἢ

236 960 549 1031 πρόσληψις
583 961 690 1011 τῶν
723 960 797 1026 μὴ
828 958 1119 1019 συνόντων,
1158 956 1247 1009 καὶ
1277 954 1517 1023 ἀποϐολὴ
1545 952 1655 1004 τῶν
1685 969 1808 1004 συνο

164 1083 176 1091 -
232 1052 431 1102 όντων.
466 1047 635 1100 Τοῦτο
664 1047 707 1098 δ’
740 1046 805 1097 ἄν
842 1063 923 1106 τις
955 1046 1096 1098 είποι
1120 1044 1313 1097 ἕνωσιν
1347 1043 1443 1094 καὶ
1467 1037 1806 1109 εὐφροσύνην

228 1139 340 1204 τῆς
364 1139 457 1190 τοῦ
489 1137 626 1190 Θεοῦ
689 1136 1040 1206 Ἐκκλησίας,
1070 1136 1187 1189 ἀλλ’
1220 1136 1283 1188 οὐ
1318 1131 1474 1203 ῥῆξιν
1504 1128 1687 1198 πολλῷ
1719 1127 1808 1181 ἀλ-

227 1231 554 1299 γεινοτέραν
587 1228 683 1282 καὶ
705 1228 1153 1299 σκυθρωπότητα,
1178 1227 1281 1279 οὐκ
1310 1219 1425 1277 οἶδα
1455 1224 1610 1283 ποίας
1642 1222 1806 1289 ὲσχα·

1913 587 2087 652 Quam
2128 598 2305 641 autem
2346 589 2422 641 illi
2464 603 2652 657 pacem
2690 590 3092 646 inconsiderate
3126 596 3466 662 perquirunt.

1914 678 2047 732 nihil
2067 678 2212 730 aliud
2243 687 2326 731 est
2346 693 2507 745 quam
2530 683 2829 750 assumptio
2846 681 3146 736 absentium
3171 693 3225 738 et
3248 686 3468 750 rejectio

1912 767 2286 835 praesentium.
2344 764 2480 831 Quis
2514 781 2641 819 vero
2686 769 2998 823 istiusmodi
3027 785 3136 824 rem
3180 781 3468 827 vocaturus

1910 858 1981 910 sil.
2013 858 2266 911 unionem
2304 865 2357 911 et
2388 857 2806 925 prosperitatem
2850 859 3107 913 Ecclesiae
3137 861 3268 917 Dei!
3303 863 3467 933 Equi-

1906 947 2027 1000 dem
2075 947 2279 1000 nullam‘
2325 948 2484 1002 video
2531 958 2809 1017 rupturam
2859 952 2947 1003 illa
2998 953 3462 1021 perniciosiorem,

1905 1037 2107 1090 nullam
2148 1038 2304 1106 cujus
2344 1039 2467 1095 fluis
2499 1040 2569 1094 sit
2612 1040 3000 1113 miserabilior.
3032 1043 3200 1099 Vobis
3236 1047 3464 1114 pruden-

1906 1128 2054 1182 tibus
2087 1144 2194 1182 non
2245 1130 2420 1184 solum
2472 1132 2812 1199 apparentia,
2855 1133 2935 1185 uti
2961 1133 3041 1199 iit,
3072 1138 3467 1192 consideranda

1905 1229 2055 1286 sunt,
2089 1222 2184 1276 sed
2215 1231 2266 1275 et
2296 1223 2384 1276 illa
2423 1239 2544 1292 qua:
2570 1238 2633 1277 ex
2667 1226 3053 1293 apparentibus
3084 1238 3357 1285 emanant.

223 1326 349 1383 τιᾶς
406 1322 509 1374 οὐκ
548 1316 713 1375 οὖσαν
758 1319 1167 1390 ὲσχατωτέρανς
1214 1318 1331 1388 Χρὴ
1384 1316 1442 1369 δὲ
1501 1314 1793 1384 φρονίμους
1858 1313 2016 1378 ὄντας
2066 1314 2210 1383 ὑμᾶς
2247 1316 2539 1384 μὴ’μόνον
2592 1317 2652 1369 τὸ
2695 1316 2753 1381 ὲξ
2796 1320 3061 1388 ἐπιπολῆς
3099 1322 3226 1391 όρᾷν
3288 1326 3467 1392 φαινό-

229 1433 419 1489 μενον,
468 1415 606 1467 ἀλλὰ
648 1414 739 1466 καὶ
771 1415 871 1467 ὅσα
898 1414 1010 1474 τοῖς
1043 1412 1387 1481 φαινομένοις
1427 1407 1785 1475 ἐξακολουθεῖ.

408 1531 577 1586 ΡΛΖ’.
630 1527 894 1597 Ἰγνατίῳ
928 1528 1333 1598 μητροπολίτῃ
1370 1523 1642 1581 Κυζῗκου.

305 1643 690 1713 Ἑπιστάμεθα
722 1644 821 1714 τὴν
856 1644 1133 1712 ὑμετέραν
1177 1641 1530 1708 τελειοτάτην
1559 1637 1795 1701 σύνεσιν,

222 1738 317 1789 καὶ
350 1738 528 1805 χωρὶς
549 1735 648 1803 τῆς
693 1734 969 1804 ἡμετέρας
1000 1731 1337 1802 προτροπῆς,
1371 1729 1582 1782 οἴκοθεν
1613 1744 1793 1779 κινου-

2009 1516 2316 1571 CXXXVII.
2350 1522 2562 1587 Iguatio
2594 1521 2973 1591 Cyzicenorum
3010 1528 3379 1594 metropolila'.

1975 1629 2255 1683 Summam
2276 1640 2506 1684 vestram
2533 1633 2933 1701 intelligentiam
2962 1638 3207 1689 novimus
3247 1656 3364 1705 qua:
3395 1657 3462 1693 ex

1899 1722 2155 1790 ipsamet,
2195 1723 2351 1777 nobis
2404 1740 2508 1776 non
2564 1724 2925 1789 hortantibus,
2956 1730 3089 1783 bene
3138 1733 3311 1785 vultei
3372 1736 3463 1799 qui

223 1826 401 1893 μένην
430 1822 907 1891 συμπαθῶςνέχειν
931 1822 1068 1890 πρὸς
1113 1822 1204 1872 τὸν
1231 1821 1577 1887 κατασχόντα
1608 1818 1706 1885 τὴν
1741 1819 1795 1867 ὲν
1833 1811 1869 1863 Β

1833 1811 1869 1863 Β
1900 1821 2039 1879 ante,
2072 1827 2168 1866 vos
2240 1813 2630 1883 Cyzicenorum
2667 1814 2962 1870 Ecclesiam
3022 1820 3195 1885 rexit;
3268 1821 3484 1879 nihilo-.

218 1912 452 1983 Κυζίκῳ
495 1912 821 1980 Ἐκκλησίαν
852 1911 954 1980 πρὸ
987 1912 1085 1976 τῆς
1120 1909 1221 1976 σῆς
1261 1910 1560 1976 ὁσιότητος.
1606 1906 1796 1974 Ὅμως

214 2004 271 2054 δὲ
296 2003 383 2054 ὅτι
410 2001 511 2053 καὶ
532 2002 683 2070 ἡμᾶς
712 1996 943 2061 ἀξιῶσαι
974 1998 1002 2048 ὁ
1031 1995 1318 2063 ἄνθρωπος
1337 1991 1587 2061 διενοήθη
1610 1992 1796 2043 ἕνεκεν

214 2095 309 2148 τοῦ
336 2094 553 2164 γράψαι
576 2092 712 2163 πρὸς
736 2092 795 2145 σὲ
841 2090 981 2143 ὥστε
1045 2084 1457 2158 ἀνεπηρέαστον
1498 2082 1653 2152 ,αὐτῷ
1694 2082 1794 2152 τὴν

218 2184 369 2250 ζωὴν
402 2180 547 2235 εἶναι
572 2185 633 2234 ἐκ
664 2182 771 2234 τῶν
819 2179 1119 2249 φιλούντων
1149 2175 1503 2243 ἐπεμϐαίνειν
1536 2176 1656 2236 ταῖς
1702 2174 1794 2225 ἁλ-

214 2276 466 2346 λοτρίαις
491 2274 727 2343 θλίψεσι,
764 2273 865 2342 φεῦ
896 2272 999 2340 τῆς
1023 2268 1608 2337 καταδυναστευσάσης
1632 2270 1689 2319 ἒν
1714 2265 1791 2333 τῷ

214 2364 556 2433 ἀνθρωπίνῳ
600 2363 745 2431 γένει
780 2361 976 2423 κακίας
1005 2363 1017 2413 l
1047 2359 1105 2411 τὸ
1144 2358 1321 2426 παρόν
1361 2373 1443 2409 σοι
1481 2353 1790 2420 διεπέμψα-

216 2475 319 2525 μεν
366 2458 643 2527 γράμμα,
703 2457 887 2507 ἐκεῖνα
940 2454 1009 2505 δι’
1067 2451 1233 2506 αὐτοῦ
1296 2447 1725 2517 προτρεπόμενοι
1757 2443 1791 2497 5.

214 2548 596 2617 προλαδόντες
626 2546 856 2614 εἴπομεν
889 2545 985 2597 καὶ
1011 2543 1229 2610 φρονεῖς
1270 2540 1366 2591 καὶ
1402 2539 1595 2596 ποιεῖς,
1626 2538 1688 2602 τῇ
1722 2536 1787 2601 σῇ

210 2636 592 2707 φιλανθρώπῳ
622 2636 941 2703 κινούμενος
969 2632 1225 2684 διαθέσει.
1263 2629 1537 2698 Ἐστιδὶή
1565 2626 1785 2689 ἀξίωσις

214 2730 283 2795 ἢν
316 2727 613 2795 ἡξιώμεθα
632 2725 726 2777 τοῦ
775 2724 995 2778 καθίσαι
1030 2724 1192 2776 αὐτὸν
1244 2723 1301 2774 ἐν
1335 2720 1411 2789 τῷ
1444 2717 1789 2789 μοναστηρίῳ

209 2815 271 2869 οὗ
296 2812 369 2886 ἦν
395 2820 488 2870 ὅτε
521 2818 621 2884 τῆς
654 2815 1039 2885 μητροπόλεως
1068 2812 1438 2879 ἀπεκεκίνητο
1469 2808 1779 2876 καθεζόμε-

210 2925 336 2968 νος·
396 2908 497 2959 καὶ
545 2903 683 2959 εἶναι
727 2905 875 2973 αὐτῷ
906 2904 1146 2965 καὶτοὺς
1177 2905 1295 2954 ἐκεῖ
1322 2899 1786 2971 προσεδρεύοντας

209 3004 275 3067 τῇ
302 2999 524 3050 ἐκείνου
558 2998 951 3065 ἀνακειμένους
978 2994 1273 3065 θεραπείᾳ,
1314 2994 1405 3044 καὶ
1436 2991 1579 3043 κατά
1618 2990 1786 3060 μηδε-

210 3092 345 3157 μίαν
380 3090 568 3141 αἰτίαν
594 3087 742 3156 αὐτῷ
776 3086 1032 3156 θλίψεως,
1061 3086 1094 3155 ἢ
1132 3083 1495 3152 στενοχωρίας
1529 3082 1785 3150 ἀφορμὴν

207 3181 651 3249 παρεχομένους,
679 3179 913 3248 μάλιστα
941 3174 1410 3243 ἐπαγγελλομένου
1432 3171 1620 3235 αὐτοῦ,
1652 3172 1791 3239 ὅπερ

204 3273 304 3321 καὶ
350 3269 724 3338 πεπείσμεθα,
765 3269 826 3320 τὸ
853 3267 1095 3326 ἐπιεικὲς
1141 3263 1237 3316 τοῦ
1282 3261 1572 3334 ἀνθρώπου
1606 3263 1789 3328 ἐπιγι-

204 3362 541 3424 νώσκοντες,
568 3360 643 3421 ὡς
681 3360 832 3410 οὐδὲν
864 3358 986 3410 οὐτε
1020 3357 1149 3426 ὑμῖν
1193 3356 1429 3422 ἐπαχθὲς
1465 3355 1597 3421 παρ’
1622 3353 1786 3405 αὐτοῦ

1819 3144 1867 3200 C

1901 1902 2083 1955 minus
2134 1903 2185 1954 id
2227 1902 2388 1957 homo
2418 1914 2674 1973 precatus
2716 1916 2798 1961 est
2844 1918 2902 1960 ut
2937 1908 3144 1964 litteras
3195 1912 3261 1965 ad
3290 1921 3342 1965 te
3372 1915 3466 1967 da-

1900 2008 2081 2047 remus
2109 2003 2167 2047 ut
2216 1994 2378 2048 vitam
2420 1998 2523 2049 sibi
2566 1998 2746 2052 vivere
2776 2000 2945 2067 possit
2995 2014 3241 2054 securam
3286 1992 3463 2058 ab'iis

1895 2088 2011 2153 qui,
2070 2093 2291 2154 propter
2341 2087 2681 2154 eougenilam
2742 2088 3018 2142 hominum
3072 2091 3355 2155 malitiam,
3408 2097 3461 2149 iu

1897 2176 2089 2249 alienis
2150 2176 2487 2231 oll‘endeudis
2538 2178 2894 2232 delectantur.
2953 2181 3246 2237 Pra‘sentes
3302 2186 3465 2254 igitur

1894 2265 2087 2319 damus
2140 2268 2346 2321 litteras
2386 2269 2530 2335 licet,
2592 2280 2649 2323 ut
2711 2286 2876 2339 supra
2934 2272 3190 2338 diximus,
3240 2280 3464 2347 proprio

1893 2357 2188 2409 voluntatis
2253 2367 2397 2411 motu
2460 2372 2581 2411 eum
2616 2360 2725 2427 jam
2785 2363 3120 2418 lmmanitate
3194 2376 3284 2421 tua
3348 2385 3463 2422 am-

1895 2446 2164 2513 plectaris.
2206 2446 2464 2502 Precatur
2491 2465 2707 2520 quoque
2758 2463 2815 2505 ut
2878 2469 2969 2522 per
3028 2473 3112 2509 me
3163 2459 3262 2526 ipsi
3304 2463 3461 2530 copia

1892 2540 1982 2591 tiat
2026 2539 2077 2590 in
2112 2540 2501 2593 monasterium
2539 2542 2798 2595 redeundi
2846 2561 2951 2613 quo
3005 2548 3238 2611 vivebat,
3268 2566 3389 2603 cum
3431 2568 3458 2604 a

1892 2626 2174 2694 metropoli
2244 2640 2641 2696 amoveretur;
2710 2632 2840 2701 petit
2924 2646 2981 2688 ut
3048 2638 3139 2704 qui
3199 2654 3462 2693 tttotta‘sle-

1890 2718 1973 2769 rio
2010 2727 2063 2771 et
2095 2716 2318 2771 servitio
2352 2729 2612 2786 prazsunt,
2658 2722 2711 2774 in
2773 2725 2914 2777 nulla
2958 2742 3015 2779 re
3056 2729 3228 2796 ipsum
3288 2733 3459 2785 lares-

1889 2821 2011 2864 sant
2065 2819 2159 2862 aut
2223 2809 2677 2866 ollemliculorum
2743 2818 3083 2872 occasionem
3144 2825 3457 2890 suseitent;

1890 2902 2156 2970 promittit
2212 2903 2308 2967 (et
2356 2904 2685 2960 conlidimus
2736 2910 2824 2973 qui
2884 2910 3167 2979 benignam
3226 2915 3456 2970 hominis

1889 3002 2137 3045 naturam
2172 2994 2468 3064 novimus),
2520 3012 2621 3050 nec
2660 2999 2836 3062 vobis,
2876 3017 2971 3055 nec
3021 3005 3079 3055 in'
3127 3011 3454 3060 nionasterio

1893 3083 2215 3152 degentibus
2272 3086 2601 3142 incommodi
2629 3092 2756 3158 quid
2787 3109 2881 3147 sua
2918 3098 3072 3165 culpa
3098 3112 3413 3156 eventurum
3439 3122 3451 3167 ;

1899 3175 2009 3228 imo
2068 3175 2302 3244 majores
2354 3178 2547 3233 animae
2610 3190 2663 3235 et
2710 3185 2953 3252 corporis
3014 3193 3450 3251 connnmlitates.

1888 3279 2049 3331 quam
2108 3266 2304 3333 quibus
2365 3269 2419 3321 in
2486 3273 2736 3338 praesenti
2792 3274 3061 3342 fruantur,
3138 3296 3452 3336 {tet'CSsllt'tts

1886 3369 2033 3411 GSSC.

200 3452 544 3516 ἀπαντήσει,
579 3448 703 3501 οὔτε
732 3452 844 3511 τοῖς
876 3451 934 3500 ὲν
972 3448 1048 3516 τῷ
1094 3446 1439 3516 μοναστηρίῳ
1471 3445 1530 3497 τὸ
1560 3446 1770 3511 διάγειν
1809 3446 2065 3514 λαχοῦσιν
2091 3465 2103 3478 ·
2141 3450 2278 3501 ἀλλά
2338 3454 2537 3519 μᾶλλον
2565 3457 2748 3521 αὐτοῖς
2814 3465 3233 3530 περιγενήσεται
3271 3469 3451 3539 πλέον⁹

203 3550 233 3610 ἦ
292 3546 424 3596 ὅσον
479 3543 577 3593 νῦν
625 3540 957 3593 ἀπολαύουσι
1005 3539 1248 3607 ψυχικῆς
1301 3538 1395 3590 καὶ¹
1448 3540 1770 3605 σωματικῆς
1808 3537 2075 3606 ὡφελείας
2108 3541 2139 3608 ή
2170 3545 2537 3613 περιποίησις.

742 3652 917 3704 PAII'.
961 3649 1044 3715 Τῷ
1086 3647 1265 3712 αὐτῷ.

288 3768 602 3837 ’Δνηνέχθη
633 3766 711 3834 τῷ
756 3765 895 3834 ἁγίῳ
924 3763 1043 3832 Θεῷ
1070 3761 1390 3831 εὐχαριστία
1416 3763 1566 3831 ημῖν,
1597 3760 1782 3829 ὥσπερ

204 3857 355 3921 ἔθος,
383 3858 487 3911 ἐπὶ
502 3862 568 3926 τῇ
598 3857 752 3924 ὐμῶν
794 3854 1037 3924 σωτηρίᾳ
1080 3856 1174 3907 καὶ
1212 3851 1563 3920 συντηρήσει,
1594 3852 1782 3904 τέκνον

199 3950 363 4019 ἡμῶν
393 3947 570 4016 ἱερὸν,
607 3947 701 3999 καὶ
733 3946 1005 4017 εὐχόμεθα
1036 3944 1129 3997 καὶ
1163 3943 1245 3996 ἔτι
1292 3959 1349 3994 σε
1400 3942 1783 4011 διατηρεῖσθαι

198 4041 306 4091 ὑπὸ
331 4041 461 4101 ταῖς
498 4028 676 4100 θείαις
705 4038 928 4105 πτέρυξι
960 4034 1359 4102 φυλαττόμενον
1388 4034 1559 4086 κακοῦ
1578 4035 1779 4096 παντὸς

200 4130 416 4197 ἀπαθῆ-
450 4129 537 4179 Td:
562 4129 617 4177 δὲ
658 4126 900 4194 ἡμέτερα
929 4127 978 4177 τί
1014 4126 1077 4178 ἂν
1107 4126 1280 4190 almo;
1333 4125 1477 4194 Πλὴν
1510 4125 1664 4177 τοῦτό
1702 4142 1783 4177 σοι

194 4218 459 4286 γνωρίζω
487 4217 630 4285 πρὸς
667 4216 834 4284 μόνην
860 4217 957 4284 τὴν
987 4216 1099 4270 ἄνω
1128 4216 1533 4283 ἀποσαλεύομεν
1573 4216 1777 4282 ἀγαθό-

191 4327 358 4379 τητα,
393 4307 678 4377 κρύπτειν
713 4308 1017 4376 δυναμένην
1043 4309 1110 4360 τά
1144 4308 1323 4377 πλήθη
1353 4307 1460 4360 τῶν
1485 4308 1775 4379 ἁμαρτιῶν

191 4399 372 4469 ἡμῶν,
407 4398 473 4461 ἐξ
507 4391 584 4449 ὧν
620 4397 712 4446 καὶ
743 4397 873 4463 ἡμῖν
902 4396 996 4447 καὶ
1024 4397 1184 4447 παντὶ
1222 4396 1300 4466 τῷ
1328 4398 1492 4466 κοινῷ
1528 4398 1768 4467 ἐπεχύθη

188 4490 215 4539 ό
245 4487 519 4547 τοσοῦτος
570 4485 735 4553 ζόφος
766 4486 872 4537 τῶν
900 4484 1134 4554 θλίψεων
1156 4505 1169 4517 ·
1214 4490 1349 4557 πρὸς
1373 4489 1434 4540 ὃν
1460 4488 1777 4558 ἁπαγορεύ-
1815 4484 1850 4535 Π

1527 4488 1777 4558 ταγορεύ-
1815 4484 1982 4553 Dest,
2018 4492 2069 4544 in
2121 4510 2223 4561 qua
2267 4495 2498 4552 vivimus
2562 4501 2724 4554 vitam
2775 4521 2881 4557 non
2940 4512 3189 4579 vitalem;

188 4597 385 4641 σαντες
437 4577 633 4645 ζῶμεν
662 4577 721 4627 οὐ
772 4576 993 4641 ζῶντες,
1025 4578 1120 4631 καὶ
1164 4578 1513 4649 βαρυνόμεθα
1548 4583 1643 4642 τάς
1678 4580 1773 4633 τοῦ

189 4672 346 4739 ilict:
414 4668 663 4739 ὁρῶντες
713 4670 955 4733 ἀκτῖνας,
1014 4671 1107 4720 καὶ
1169 4670 1307 4737 μετά
1355 4672 1465 4721 τῶν
1502 4674 1558 4723 ὲν
1583 4674 1773 4741 τάφοις

188 4761 513 4828 ἀγαπῶμεν
578 4758 789 4825 μᾶλλον
851 4757 1262 4823 συντάττεσθαι,
1310 4760 1341 4828 ἧ
1384 4761 1491 4812 τῶν
1541 4763 1642 4814 ὑπὸ
1698 4763 1776 4831 τῷ

191 4852 328 4920 ἡλίῳ
360 4848 694 4915 διαγόντων.
749 4848 830 4900 Τά
872 4847 971 4917 μὲν
1004 4849 1249 4919 ἡμέτερα
1269 4849 1513 4903 τοιαῦτα.
1550 4853 1615 4902 Σὲ
1634 4852 1713 4915 δὲ,
1747 4853 1775 4904 ὃ

187 4946 280 4994 καὶ
332 4942 562 5008 φθάσας
617 4935 790 4999 εἷπον,
844 4939 931 5006 εἴη
971 4940 1153 5009 πάσης
1214 4940 1508 5004 κακώσεως
1551 4944 1617 5011 τῇ
1654 4943 1775 5011 θεία

189 5032 612 5103 φρουρούμενον
641 5030 895 5100 εὐμενείᾳ
918 5031 1172 5099 ὐπεράνω
1204 5033 1484 5085 διατελεῖν.

442 5168 615 5222 Ι’ᾹΘ’.
654 5168 742 5232 Τῷ
779 5170 1017 5239 ἄρχοντι
1065 5171 1183 5223 τῶν
1211 5172 1534 5241 ἀρχόντων.

256 5307 437 5359 Οὐδὲν
490 5304 778 5367 εὐσεϐείας
837 5308 1451 5379 περισπούδαστότερον,
1509 5312 1629 5364 οὐδὲ
1682 5314 1760 5380 τῷ

185 5399 353 5449 παντὶ
388 5396 497 5465 βίῳ
526 5396 639 5447 τῶν
660 5395 962 5465 ἀνθρώπων
989 5401 1493 5472 σωτηριωδέστερον
1513 5420 1527 5435 ο
1567 5406 1769 5475 ταύτης

185 5490 290 5556 γὰρ
336 5485 880 5555 ἐμπολιτευομένης,
916 5487 1015 5539 οὐκ
1066 5489 1258 5559 ἄδηλον
1287 5489 1363 5552 ὡς
1400 5490 1764 5561 θεραπεύεται

184 5580 339 5640 [θείς.
376 5575 523 5627 Θεοῦ
560 5576 613 5627 δὲ
646 5574 915 5645 θεραπεία
944 5579 1119 5631 πάντα
1155 5583 1250 5649 μὲν
1281 5586 1505 5651 χορηγεῖ
1529 5585 1595 5637 τὰ
1626 5585 1767 5637 καλά

184 5674 275 5724 καὶ
310 5666 710 5737 συμφέροντα,
747 5667 966 5720 πάντων
1001 5668 1057 5720 δὲ
1090 5671 1198 5722 τῶν
1258 5673 1588 5743 ἀσυμφόρων
1632 5677 1764 5727 ἀπε-

182 5762 370 5813 λαύνει
413 5759 519 5827 τὴν
562 5760 891 5826 παρουσίαν.
917 5761 1101 5824 Οὕτως
1131 5766 1223 5816 καὶ
1258 5764 1364 5835 ίόίᾳ
1396 5765 1628 5830 ἕκαστος
1660 5786 1763 5837 μα-

513 5856 781 5914 Ριτιιοι..
825 5857 936 5915 GR.
976 5857 1121 5920 CXI.

2386 3654 2718 3710 CXXXVIII.
2785 3660 2990 3716 Eidem.

1958 3758 2062 3811 Pro
2107 3764 2280 3817 salute
2327 3775 2381 3818 et
2426 3771 2836 3825 conservatione
2884 3788 3081 3839 vestra,
3115 3781 3182 3831 mi
3236 3782 3333 3847 Iili,
3373 3788 3450 3839 uti

1884 3852 2144 3918 solemus,
2197 3855 2306 3909 Deo
2350 3871 2538 3912 sancto
2570 3864 2772 3931 gratias
2803 3867 3015 3933 egimus
3050 3884 3101 3922 et
3137 3873 3312 3940 ipsum
3351 3878 3449 3929 ad-

1886 3959 2167 4012 precamur
2208 3960 2264 4001 ut
2301 3950 2402 4003 sub
2452 3953 2653 4007 divinis
2689 3957 2787 4009 alis
2837 3968 3134 4025 protectum
3192 3977 3241 4017 te
3269 3978 3452 4022 custo-

1887 4037 1996 4089 diat
2030 4039 2098 4091 ab
2136 4040 2285 4093 onmi
2322 4042 2464 4095 malo
2526 4043 2881 4102 incolumem.
2943 4053 3078 4118 Quid
3131 4058 3194 4109 de
3249 4062 3449 4114 nostris

1882 4126 2102 4181 dicam?
2138 4130 2251 4185 Iloe
2283 4148 2448 4186 unum
2482 4135 2575 4189 tibi
2618 4147 2801 4193 notum
2829 4144 2971 4207 volo,
2994 4161 3091 4199 nos
3125 4148 3174 4199 in
3216 4166 3447 4217 superna

1880 4216 2116 4273 bonitate
2167 4223 2456 4287 conlidere,
2491 4243 2611 4294 qua:
2646 4231 2758 4284 sola
2815 4236 3212 4291 multitudinem
3249 4258 3441 4309 pet-ca-

1878 4315 2055 4362 torum
2090 4321 2393 4365 nostrorum
2426 4317 2595 4383 possit
2621 4320 2893 4388 obtegere,
2928 4328 3067 4380 unde
3089 4333 3241 4382 nobis
3274 4343 3325 4385 et
3361 4344 3444 4386 ta-

1871 4398 1907 4449 ti
1940 4402 2181 4455 societati
2245 4412 2389 4456 tanta
2452 4407 2861 4466 tribulationum
2920 4421 3155 4485 procella
3206 4424 3447 4478 iltttttissa

3239 4523 3443 4582 gravati

1880 4581 2123 4636 videmus
2150 4586 2328 4639 radios
2352 4581 2483 4641 solis
2505 4599 2556 4642 et
2586 4592 2757 4647 satius
2783 4597 3029 4653 ducimus
3063 4603 3113 4655 in
3179 4581 3445 4673 sepeli-ris

1881 4671 2199 4740 (legentibus
2249 4684 2600 4735 annumerari
2637 4700 2795 4752 quam
2834 4694 2935 4742 sub
2972 4694 3086 4748 sole
3119 4698 3441 4758 viventibus.

1881 4763 1953 4815 Eu
1988 4778 2167 4820 nostra
2216 4770 2373 4824 sicnti
2424 4785 2590 4841 sunt;
2636 4788 2685 4829 te
2723 4790 2906 4835 autem
2947 4786 3015 4839 ab
3045 4790 3190 4841 omni
3237 4795 3441 4848 malitia

1880 4853 2190 4918 liberatum,
2225 4865 2681 4929 quemadmodum
2719 4872 2824 4939 iam
2856 4875 2997 4939 dixi,
3033 4879 3212 4933 divina
3256 4884 3441 4939 Provi-

1878 4946 2051 4999 dentia
2086 4952 2362 5005 rustodiat
2390 4964 2442 5008 et
2475 4964 2755 5027 protegat!

2187 5182 2470 5240 CXXXIX.
2506 5185 2745 5256 Principi
2771 5196 3088 5262 principum.

1942 5311 2025 5366 Nil
2078 5317 2272 5383 pietate
2325 5320 2569 5376 sedulius
2604 5325 3025 5393 exquirendum,
3064 5334 3135 5385 nil
3190 5339 3441 5394 humana:

1871 5403 1991 5457 vitae
2018 5407 2328 5462 salutarius.
2384 5409 2453 5463 Ea
2492 5412 2543 5464 in
2598 5416 2870 5483 republira
2902 5433 3172 5487 versante,
3206 5431 3434 5485 manifeo

1868 5506 2008 5548 smm
2048 5499 2105 5550 tit
2134 5502 2273 5568 quod
2307 5500 2445 5555 Deus
2466 5504 2702 5559 colitur:
2736 5511 2883 5577 atqui
2918 5510 3005 5563 Dei
3045 5516 3224 5573 cultus
3254 5525 3435 5577 omnia

1868 5588 2085 5641 adducit
2125 5591 2260 5643 bona
2290 5594 2701 5665 counuodaque,
2761 5616 2946 5655 omnes
2998 5618 3174 5661 autem
3225 5627 3438 5668 amovet

1870 5682 2205 5739 calamitates
2230 5703 2240 5737 :
2262 5688 2383 5740 hinc
2414 5688 2638 5744 feliciter
2661 5694 2798 5746 vivet
2819 5706 2872 5748 et
2897 5699 3129 5767 quisque
3157 5706 3430 5773 privatim,

1865 5781 1914 5824 et
1962 5773 2177 5843 domus,
2238 5787 2287 5830 et
2328 5779 2539 5846 civitas,
2581 5785 2764 5853 utique
2793 5794 2846 5839 ct
2875 5804 3004 5857 gens
3036 5807 3250 5862 quoque
3294 5797 3437 5855 felici

2976 5883 3043 5943 12
