4208 6432
199 457 318 520 373

1686 457 2091 516 EPISTOLE.

3353 447 3462 519 374

202 568 460 641 ἰδιωτείᾳ
512 571 688 640 λόγων
751 573 928 643 ψυχῆς
991 574 1219 643 ἄλγημα
1274 548 1532 644 σφοδρόν.
1594 572 1791 639 Ἀκοὴν

1900 568 2027 621 bum
2060 570 2226 623 animi
2268 570 2507 625 dolorem
2562 573 2841 640 perspicit.
2888 573 3212 644 simpliciter
3255 570 3460 627 scribo.

199 661 540 732 ἠκούσαμεν
581 665 721 732 μετὰ
743 665 843 732 τὴν
877 664 972 718 τοῦ
1001 665 1266 736 βασιλέως
1296 666 1355 731 ἐξ
1388 665 1543 735 ἡμῶν
1576 662 1791 732 ἀναχώ-

203 768 398 820 ρησιν,
436 754 510 815 ὡς
538 755 977 831 ἀρχιεπίσκυπον
1015 757 1167 825 παρὰ
1198 757 1296 826 τῆς
1344 758 1376 827 ἡ
1390 756 1506 825 μῶν
1548 772 1793 825 χειροτο-

201 841 449 909 νηθέντα
477 846 868 915 ταπεινότητος
902 839 1077 917 (οὗτος
1106 848 1162 900 δέ
1187 850 1335 900 ἐστιν
1364 850 1391 900 ὁ
1416 847 1791 913 Νεαπόλεως),

200 933 530 997 ἐκδιώκετε,
566 937 660 988 καὶ
714 939 959 1006 πέμπετε
1013 939 1173 992 ἄλλον
1217 940 1275 991 ὃν
1327 941 1630 1009 ἐσφράγισε
1699 940 1792 992 καὶ

203 1022 604 1086 ἐξαπέστειλεν
635 1028 771 1091 ἐκεῖ,
802 1031 829 1080 ό
853 1032 945 1082 καὶ
979 1031 1059 1092 είς
1083 1030 1184 1100 τὴν
1225 1032 1508 1101 ἡμετέραν
1556 1031 1665 1083 τῶν
1697 1048 1794 1084 τα-

204 1116 450 1175 πεινῶν,
503 1119 599 1171 καὶ
648 1119 866 1172 πάντων
924 1110 1232 1190 ἆνθρὼπων
1300 1122 1793 1191 ἀμαρτωλοτέρων,

201 1203 361 1266 ὅμως
419 1206 478 1257 δὲ
531 1207 667 1268 οἵοις
714 1206 828 1261 οἶδε
877 1208 1143 1277 κρίμασιν
1188 1212 1214 1263 ό
1243 1211 1607 1279 συναρμόσας
1647 1211 1795 1278 ἡμᾶς

202 1293 384 1365 ταύτῃ
429 1296 666 1361 Χριστός
697 1316 823 1367 μου,
848 1300 1031 1363 καθὼς
1063 1301 1219 1353 αὐτοὶ
1248 1302 1565 1365 ἐπίστασθε,
1599 1303 1796 1370 εἰσπη-

201 1387 265 1454 δή
279 1404 401 1449 τας.
438 1390 675 1442 Βλέπετε
703 1392 757 1444 τί
786 1396 1011 1447 ποιεῖτε.
1040 1395 1203 1465 Ὁρᾷς
1230 1396 1348 1458 πῶς
1381 1396 1529 1449 ἁπλᾶ
1557 1396 1755 1465 γράφω
1781 1415 1793 1428 ·

203 1481 388 1544 ἀθῶός
412 1485 553 1551 εἰμι.
584 1484 926 1553 τῆςαιωνίου
990 1488 1290 1558 καταδίκης
1344 1489 1528 1558 ὑμῶν·
1589 1490 1796 1556 αἰωνίῳ

205 1574 316 1642 γὰρ
364 1575 745 1644 κατακρίματι
790 1579 883 1631 τὸν
929 1577 1086 1632 τοῦτο
1136 1578 1399 1633 ποιοῦντα
1440 1580 1718 1643 ὑποϐαλῶ,
1748 1583 1795 1632 εί

205 1668 302 1717 καὶ
340 1667 676 1736 ἁμαρτωλός
707 1670 845 1739 εἰμι,
881 1672 1175 1741 ἀρχιερεὺς
1205 1672 1279 1726 ὢν
1303 1674 1405 1742 τῆς
1438 1673 1531 1725 τοῦ
1556 1673 1793 1741 Χριστοῦ

215 1758 562 1827 Ἑκκλησίας
628 1761 725 1813 καὶ
790 1764 1184 1833 συναρμοσθεὶς
1246 1767 1384 1835 αὐτῇ
1445 1765 1506 1817 οὐ
1566 1766 1680 1836 βίᾳ.
1730 1766 1792 1816 οὗ

206 1848 580 1919 περιδρομαῖς
626 1853 811 1921 ἐμαῖς,
872 1855 932 1907 οὑ
986 1856 1190 1926 σπουδῇ
1255 1856 1592 1929 ἀνθρωπίνῃ,
1660 1856 1796 1908 ἀλλὰ

1900 658 2086 713 Fando
2116 659 2445 728 audivi,post
2474 663 2617 733 regis
2650 678 2679 718 a
2712 664 2866 720 nobis
2902 667 3226 727 discessum.
3258 663 3462 718 archie-

1896 751 2176 819 piscopum
2208 751 2279 806 ab
2311 753 2612 809 lmmilitate
2640 765 2825 810 nostra
2860 757 3174 811 ordinatum
3234 753 3461 823 (Neapo-

1898 841 2123 894 titanum
2155 842 2299 912 dico)
2334 861 2363 896 a
2396 843 2551 899 vobis
2577 847 2864 915 expulsum
2900 846 3067 900 fuisse
3095 858 3148 899 et
3182 846 3349 900 alium
3394 844 3462 896 ab

1898 930 2016 998 ipso
2042 931 2312 1002 signatum
2362 948 2417 989 et
2462 937 2651 991 eodem
2709 940 2934 993 missum
2975 953 3129 1007 mque
3174 936 3459 990 excidisse.

1898 1023 2041 1075 Idem
2074 1025 2139 1077 ad
2178 1040 2275 1079 nos
2330 1027 2564 1083 humiles
2610 1029 2853 1097 confugit
2901 1030 3145 1084 onmium
3197 1029 3462 1081 maximos

1899 1125 2212 1183 peccatores
2252 1138 2264 1171 :
2298 1129 2558 1186 attamen,
2598 1122 2798 1191 quibus
2843 1122 2957 1191 ipse
2989 1120 3271 1177 resciverit
3304 1118 3463 1173 Chri-

1899 1218 2015 1261 stus
2044 1209 2262 1276 judiciis
2308 1226 2360 1265 et
2402 1228 2430 1264 a
2458 1214 2610 1266 vobis
2658 1214 2799 1270 haud
2837 1213 3032 1282 ignotis
3065 1229 3184 1267 cum
3220 1210 3462 1264 Ecclesia

1901 1304 1992 1356 illa
2054 1320 2153 1358 nos
2186 1309 2470 1376 conjunxit
2504 1320 2557 1365 et
2616 1313 2982 1375 gubernacula
3015 1290 3227 1365 tribuit:
3274 1308 3463 1361 Videte

1902 1395 2035 1464 quid
2062 1395 2311 1453 faciatisl
2347 1399 2429 1454 Me
2457 1402 2781 1471 simpliciter
2808 1403 3132 1457 scribentem
3164 1399 3462 1470 perspicis:

1900 1497 2121 1540 aeterna:
2196 1490 2567 1547 damnationis
2670 1502 2864 1547 vestrae
2948 1508 3067 1547 sum
3164 1494 3465 1555 innocens;

1899 1588 2103 1632 aaterno
2181 1591 2367 1635 tamen
2435 1584 2644 1653 judicio
2697 1586 2848 1639 illum
2904 1586 3135 1653 subjicio
3206 1595 3465 1651 tanquam

1900 1684 2074 1724 reum.
2112 1671 2259 1727 Licet
2291 1675 2434 1727 enim
2480 1686 2734 1745 peccator
2767 1678 2895 1743 sim,
2924 1677 3283 1731 nihilominus
3326 1690 3465 1743 pon-

1902 1758 2030 1813 tifex
2068 1761 2319 1818 Ecclesia:
2356 1763 2558 1820 Christi
2602 1768 2816 1830 incedo,
2850 1777 2903 1820 ct
2934 1782 3060 1821 cum
3118 1767 3209 1819 illa
3243 1780 3352 1817 non
3393 1764 3468 1828 vi,

1904 1864 2011 1903 non
2044 1852 2366 1910 circuitihus
2417 1858 2575 1923 meis,
2625 1874 2733 1913 non
2789 1860 3071 1913 hominum
3112 1858 3310 1913 studiis
3341 1873 3473 1919 con-

206 1938 395 2005 ὶόγοις
422 1936 507 2002 οἷς
538 1936 680 1994 οἶδεν
707 1942 736 1993 ό
765 1944 826 1996 τὸ
860 1944 1016 2012 ἆγιον
1047 1942 1188 2016 αἷμα
1237 1946 1380 2016 ὑπὲρ
1411 1950 1582 2017 αὐτῆς
1611 1949 1782 2002 κενὼ-

1898 1938 2121 2008 iunctus
2150 1958 2295 2005 sum,
2332 1947 2424 2000 sed
2472 1946 2539 2002 iis
2574 1947 2899 2011 rationibus,
2950 1963 3085 2017 quas
3130 1946 3342 2000 noverit
3373 1944 3467 2012 qui

206 2050 307 2094 σας
336 2049 353 2062 ο
403 2036 503 2086 καὶ
528 2035 606 2104 τῷ
624 2036 806 2107 ἀλύτῳ
832 2039 1027 2109 ἐκείνῳ
1053 2041 1242 2112 δεσμῷ
1262 2036 1305 2109 ᾧ
1332 2043 1398 2095 ἂν
1418 2043 1799 2114 ὑποϐαλοῦμεν

204 2125 329 2186 τοὺς
358 2123 524 2179 τοῦτο
587 2129 1036 2200 ἐπιχειροῦντας,
1080 2134 1533 2202 παραστήσονται
1587 2134 1664 2206 τῷ
1702 2153 1799 2205 φο-

204 2214 357 2284 δερῷ
395 2216 632 2285 βήματι,
660 2223 753 2274 καὶ
782 2221 894 2289 ἐγὼ
923 2223 1021 2275 σὺν
1056 2224 1261 2289 αὐτοῖς,
1301 2228 1399 2279 καὶ
1430 2228 1551 2279 τότε
1591 2228 1801 2294 γνωσὸο

207 2307 352 2374 pan
386 2308 626 2362 ἐνώπιον
674 2312 858 2381 πάσης
910 2315 1115 2384 σαρκὸς
1148 2317 1242 2369 καὶ
1290 2318 1381 2369 τὸν
1424 2306 1554 2371 ἴδιον
1610 2319 1798 2386 ζῆλον,

205 2402 297 2451 καὶ
330 2401 399 2455 τὺ
423 2402 707 2473 φρόνημα,
733 2407 828 2458 καὶ
855 2407 956 2477 τὴν
1000 2410 1314 2478 ἐντρέχειαν
1346 2412 1441 2463 καὶ
1478 2411 1584 2481 τὴν
1616 2411 1799 2475 φιλίαν

205 2498 295 2543 καὶ
332 2494 439 2557 τὰς
473 2494 679 2560 πολλὰς
712 2501 1020 2569 περινοίας,
1048 2501 1179 2554 ὅταν
1212 2503 1318 2555 πᾶν
1348 2503 1523 2569 στόμα
1549 2503 1795 2572 ἐμιρρεὶσ⁸

208 2603 399 2655 σηται,
430 2588 531 2640 καὶ
560 2589 794 2654 ἕκαστος
868 2593 1007 2645 κατὰ
1036 2597 1102 2647 τὰ
1152 2595 1332 2648 οἰκεῖα
1376 2593 1513 2665 ἔργα
1568 2593 1797 2664 λήψεται

202 2678 303 2748 τὴν
334 2680 723 2740 ἀνταπόδοσιν.
1084 2744 1087 2747 λ

768 2798 946 2856 ΡΜΖ¹.
991 2800 1244 2869 Ἂδήλῳ.

278 2909 394 2960 Καὶ
447 2910 622 2980 χωρὶς
665 2912 768 2981 τῆς
804 2917 1223 2986 προσπεσούσης
1269 2920 1576 2985 ὑποθέσεως
1607 2924 1637 2994 ἡ
1670 2927 1799 2994 περὶ⁵

204 3001 306 3068 τῆς
343 3002 503 3071 ὑμῶν
530 3004 806 3076 ὁσιότητος
855 3010 1012 3077 φήμη
1060 3013 1179 3072 ταῖς
1208 3012 1399 3074 ἀκοαῖς
1448 3014 1604 3083 ἡμῶν
1646 3004 1799 3083 ¹φθά-

208 3113 375 3157 σασα,
407 3090 497 3149 οἷα
534 3099 681 3161 εἱκδς
713 3101 1058 3173 ἐπιθυμητὴν
1090 3106 1260 3157 ἐποίει
1290 3105 1390 3176 τὴν
1431 3108 1531 3178 σὴν
1551 3108 1795 3178 ὁμιλίαν,

204 3186 473 3256 ἄνθρωπε
517 3188 613 3243 τοῦ
654 3190 813 3247 Θεοῦ.
853 3194 1006 3246 Ἐπεὶ
1046 3196 1101 3248 δὲ
1141 3197 1235 3250 καὶ
1282 3198 1352 3250 τὰ
1378 3198 1479 3267 τῆς
1511 3200 1799 3270 παρούσης

1901 2043 2151 2087 sanctum
2181 2050 2346 2104 super
2377 2036 2519 2090 illam
2548 2037 2739 2093 elfudit
2780 2040 3123 2108 sanguinem.
3155 2037 3263 2090 lloc
3299 2036 3473 2089 indis-

1900 2126 2116 2179 solubili
2148 2128 2364 2183 vinculo
2399 2130 2699 2185 vinciemus
2730 2132 3121 2201 reos;:stabunt
3150 2139 3278 2185 ante
3310 2131 3476 2184 tribu-

1901 2218 1988 2271 nal
2040 2219 2302 2275 horribile
2346 2232 2401 2276 et
2446 2240 2570 2276 cum
2614 2223 2721 2277 illis
2750 2238 2852 2293 ego
2885 2241 2897 2277 :
2936 2233 3065 2277 tunc
3103 2238 3287 2277 coram
3320 2223 3468 2275 omni

1899 2317 2146 2364 creatura
2179 2324 2580 2382 cognoscentur
2620 2326 2675 2369 et
2726 2330 2882 2369 mens
2929 2325 2983 2369 et
3029 2314 3389 2382 cogitationes
3418 2323 3472 2366 et

1897 2404 2163 2472 amicitiae“
2205 2414 2259 2459 et
2311 2407 2637 2469 simultates,
2686 2423 2808 2461 cum
2871 2408 3113 2461 omnium
3172 2423 3267 2461 ora
3317 2406 3471 2459 clau-

1890 2496 2094 2569 {dcntur
2144 2504 2198 2551 et
2247 2500 2626 2569 unusquisque
2674 2515 2898 2568 operum
2946 2516 3172 2554 suorum
3234 2499 3472 2553 retribu-

1900 2591 2100 2643 tionem
2141 2590 2393 2660 accipiet.

2422 2801 2675 2856 CXLVII.
2720 2804 2948 2857 Incerto.

1972 2917 2086 2970 Etsi
2121 2934 2355 2984 prtescus
2380 2919 2644 2972 data-non
2684 2918 2882 2973 fuisset
2944 2920 3186 2984 oecasio,
3228 2922 3293 2976 de
3333 2936 3480 2976 reve-

1902 3008 2075 3060 rentia
2107 3018 2285 3061 tamen
2316 3019 2491 3063 vestra
2515 3008 2581 3063 ad
2610 3025 2772 3065 aures
2807 3021 3021 3065 nostras
3050 3028 3111 3065 ca
3150 3014 3262 3080 jam
3292 3029 3478 3082 ρει-τετε

1903 3098 2244 3162 neratl‘ama,
2294 3110 2353 3155 ut
2410 3104 2842 3159 conversationis
2887 3115 3078 3159 vestra:
3123 3107 3485 3170 desiderium,

1902 3205 1935 3242 ο
1994 3191 2156 3245 homo
2191 3190 2304 3255 Dei,
2336 3203 2568 3247 mentem
2599 3194 2861 3261 subierit;
2914 3212 3037 3250 cum
3095 3208 3273 3252 autent
3341 3215 3478 3269 prae-

204 3280 531 3344 ὐποθέσεως
556 3284 839 3353 συνῆλθεν,
870 3290 963 3340 καὶ
999 3287 1085 3341 διὰ
1128 3289 1335 3360 ταύτην
1373 3291 1449 3355 ὡς
1489 3292 1795 3360 ἀναγκαίαν

1901 3298 2029 3338 scus
2079 3286 2451 3351 supervenerit
2482 3287 2723 3352 occasio,
2773 3299 2826 3342 et
2882 3289 3099 3355 quidem
3146 3292 3476 3351 necessaria,

204 3369 402 3436 οὖσαν,
444 3375 622 3427 καὶτὸ
656 3375 825 3445 μέρος
873 3381 1223 3449 χαριζόμενοι
1267 3386 1332 3452 τῇ
1376 3384 1676 3456 ἐπιθυμίᾳ·
1714 3388 1794 3438 ὅτι

209 3465 286 3533 μή
317 3465 539 3528 ἔξεστιν
575 3468 801 3537 ἑτέρως,
839 3470 947 3523 ίδού
980 3488 1063 3523 σοι
1097 3474 1537 3544 προσομιλοῦμεν
1582 3477 1670 3529 διὰ
1700 3477 1793 3529 τοῦ

207 3558 572 3627 γράμματος.
610 3558 789 3611 Καλὸν
826 3560 925 3628 μὲν
958 3564 1053 3615 καὶ
1087 3563 1205 3632 Θεῷ
1246 3565 1483 3633 ἀρέσκον
1518 3565 1680 3635 ἔργον
1702 3570 1798 3619 καὶ

207 3650 469 3721 διενοήθη
506 3654 599 3703 καὶ
632 3653 999 3722 διεπράξατοό
1021 3654 1273 3725 θεοφιλὴς
1303 3651 1457 3719 οὗτος
1490 3658 1795 3730 ἄνθρωπος,

206 3744 267 3804 ἧς
329 3744 464 3813 ἥκει
527 3745 710 3816 φέρων
755 3762 837 3799 σοι
896 3748 957 3800 τὸ
1010 3749 1269 3819 γράμμα,
1294 3752 1385 3803 τὸν
1438 3752 1672 3818 σταυρὸν
1702 3752 1797 3805 τοῦ

206 3835 459 3905 Χριστοῦ
509 3838 810 3906 ἀράμενος,
843 3839 939 3891 καὶ
986 3841 1167 3894 πάντα
1202 3841 1375 3893 λιπὼν
1426 3844 1493 3895 τὰ
1520 3845 1577 3896 ἐν
1607 3844 1797 3913 κόσμῳ

208 3928 309 3980 καὶ
360 3928 517 3993 ἄξιον
557 3928 631 3990 ὡς
662 3930 878 3999 ἀληθῶς
921 3935 1018 4003 τῆς
1059 3932 1223 3985 αὑτοῦ
1268 3934 1491 4004 ἀρετῆς.
1523 3934 1701 3998 Καλὸς
1741 3936 1799 3988 δὲ

210 4024 308 4073 καὶ
346 4022 514 4082 αὐτὸς
559 4023 750 4093 ὀδηγὸς
787 4025 934 4095 αὐτῷ
973 4027 1204 4092 γέγονας
1248 4028 1342 4079 καὶ
1382 4028 1484 4097 τῆς
1515 4028 1652 4097 πρός
1690 4045 1796 4079 σω·
1844 4086 1847 4087 ν

205 4114 411 4183 τηρίαν
467 4114 590 4169 ὁδοῦ
623 4116 719 4168 ἀπ’
758 4117 936 4188 ἀρχῆς
984 4119 1075 4171 καὶ
1114 4119 1273 4191 μέχρι
1320 4119 1413 4172 τοῦ
1443 4119 1557 4181 νῦν,
1589 4122 1662 4180 ὡς
1702 4121 1796 4172 καί

207 4209 377 4270 αὐτὸς
409 4208 733 4278 εὐχαριστεῖ
762 4211 1179 4281 καθηγούμενος
1208 4211 1305 4264 καὶ
1332 4212 1547 4275 δεικνὺς
1573 4213 1794 4278 διὰτοῦ

208 4301 349 4361 ὅλως
412 4300 751 4370 ἐξηρτῆσθαι
801 4302 901 4371 τῆς
959 4304 1056 4371 σῆς
1114 4303 1413 4372 ὁσιότητος,
1474 4305 1567 4357 καὶ
1629 4307 1797 4374 μηδὲν

211 4394 513 4462 ἀνέχεσθαι
548 4395 810 4463 πράττειν
841 4394 936 4446 σοῦ
973 4395 1048 4464 μὴ
1089 4395 1427 4458 κελεύοντος,
1464 4396 1538 4459 ὠς
1567 4398 1796 4469 τοιούτῳ

211 4488 544 4555 περιέτυχεν
576 4486 807 4558 ἀλείπτῃ
833 4488 968 4555 πρὸς
994 4488 1119 4549 τοὺς
1145 4489 1554 4557 πνευματικοὺς
1578 4491 1795 4557 ἀγῶνας

208 4582 307 4649 οἴῳ
347 4581 574 4643 πάντως
606 4579 849 4649 ἐντυχεῖν
870 4578 1091 4649 ηὔχετο.
1129 4581 1241 4632 Καὶ
1278 4576 1347 4651 ἦν
1381 4580 1480 4649 μὲν
1521 4583 1792 4651 σωτήριον

217 4673 385 4742 μηδὲν
441 4672 761 4739 ἀπαντῆσαι
808 4669 958 4740 παρὰ
1012 4669 1107 4722 τοῦ
1163 4670 1341 4739 φθόνῳ
1371 4672 1458 4722 ἀεὶ
1510 4672 1653 4723 κατὰ
1696 4671 1794 4738 τῆς

213 4752 499 4833 σωτηρίας
534 4760 692 4828 ἡμῶν
731 4761 1059 4831 μαινομένου
1084 4761 1339 4829 δαίμονος
1378 4761 1637 4825 ἐναντίον,
1663 4762 1797 4831 μηδὲ

209 4858 410 4926 τραχὺ,
452 4853 589 4924 μηδὲ
621 4853 953 4921 προκόπτειν
977 4854 1044 4906 τὰ
1068 4855 1279 4905 ἐκείνου
1310 4853 1628 4921 διαϐήματα
1661 4856 1798 4921 πρὸς

212 4950 304 5000 τὸν
335 4948 442 5016 τῆς
478 4946 767 5014 ἀσκήσεως
812 4944 1010 5013 δρόμον
1050 4943 1331 5012 ἐμποιοῦν.
1371 4942 1526 4995 Οὕτω
1559 4943 1667 5011 γὰρ
1707 4945 1802 4997 κει)⁸

214 5038 376 5099 αὒτδς
410 5032 764 5103 εὐχαριστῶν
803 5033 881 5100 τῷ
924 5031 1043 5101 Θεῷ
1075 5034 1231 5102 ἡμῶν
1279 5033 1375 5086 καὶ
1414 5033 1627 5104 Σωτῆρι
1663 5052 1801 5104 καρι-

214 5128 391 5196 τερῶν
442 5125 695 5186 διετέλει,
732 5126 791 5177 ἐν
832 5116 875 5191 ᾧ
922 5122 1019 5193 τὴν
1054 5124 1229 5193 ἀρχὴν
1270 5126 1580 5209 κατήντησε
1630 5126 1800 5207 τόπῳ,
1853 5124 1862 5132 ’

216 5224 310 5273 καί
344 5220 517 5279 αὐτὸς
550 5218 692 5286 ἔχων
722 5217 956 5294 ἐγγύθεν
1002 5217 1094 5270 τὸν
1137 5216 1406 5286 μαθητὴν,
1437 5218 1522 5270 ἀεὶ
1570 5218 1637 5271 τὰ
1684 5220 1803 5269 ἐπι-

219 5311 490 5364 ϐαλλοντα
526 5308 896 5373 ἐξεπαίδευες.
942 5309 1093 5362 Ἐπεὶ
1125 5309 1204 5372 δὲ,
1257 5309 1332 5370 ὥς
1376 5327 1440 5378 γε
1474 5312 1606 5380 ἡμῖν
1635 5308 1803 5377 ἐγνώ-

224 5406 346 5474 σθη,
375 5404 508 5457 ἀντὶ
539 5403 809 5470 γαλήνης,
851 5401 971 5453 ἀντὶ
1002 5401 1224 5471 λιμένος
1263 5400 1467 5465 εὐδίου,
1509 5402 1803 5473 τρικυμίαι

222 5499 317 5549 καί
348 5495 615 5554 κλύδονες
648 5493 797 5563 αὐτῷ
821 5493 1231 5558 ἐπανίστανται,
1262 5494 1355 5547 καὶ
1387 5493 1666 5565 ἄνθρωποι
1692 5493 1801 5546 εἴτε

224 5590 353 5659 παρ’
411 5586 633 5641 ἐαυτῶν
678 5589 907 5657 ἠρεμεῖν
939 5589 1039 5640 οὐκ
1072 5587 1295 5652 ειδότες,
1334 5588 1446 5639 εἴτε
1504 5586 1657 5656 παρὰ
1706 5584 1802 5639 τοῦ

220 5681 476 5749 ὼίμονος
513 5678 894 5747 κεκινημένοι,
913 5676 1005 5731 καὶ
1040 5679 1252 5740 ἑαυτοῖς
1280 5678 1372 5730 καὶ
1397 5675 1570 5745 τούτῳ
1595 5674 1801 5745 βλάϐης

225 5772 475 5842 πρόξενοι
510 5771 776 5839 γίνονται,
810 5772 859 5825 τί
897 5770 978 5825 δεῖ
1006 5773 1199 5839 ποιεῖν,
1230 5770 1261 5841 ἢ
1307 5771 1525 5842 πᾴντως
1567 5769 1798 5823 αὐτόθεν

300 5916 318 5944 ³
342 5911 531 5969 Matth.
568 5927 623 5964 χ.
654 5912 742 5968 25.

1905 3374 2176 3428 desiderio
2209 3387 2395 3429 nostro
2438 3376 2783 3444 induigemus
2815 3394 2829 3431 :
2864 3378 3019 3431 aliter
3055 3380 3200 3431 enim
3249 3395 3480 3433 conver-

1901 3468 2007 3522 sari
2043 3476 2218 3522 tecum
2250 3484 2357 3521 non
2397 3468 2523 3522 licet
2568 3470 2671 3525 nisi
2709 3486 2804 3535 per
2827 3471 3113 3540 epistolas.
3165 3470 3373 3527 Bonum
3424 3486 3479 3527 et

1905 3560 2014 3613 Deo
2045 3571 2355 3631 pergratum
2389 3576 2527 3627 opus
2560 3562 2789 3616 intendit
2818 3562 2984 3615 homo
3025 3574 3079 3617 et
3109 3564 3354 3633 perfecit,
3383 3567 3478 3635 qui

1903 3655 2043 3707 hanc
2072 3654 2136 3706 ad
2170 3662 2220 3707 te
2250 3654 2532 3722 epistolam
2563 3654 2738 3708 del‘ert
2765 3673 2777 3707 :
2806 3670 3023 3709 crucem
3056 3654 3254 3709 Christi
3287 3672 3477 3711 susce-

1901 3747 1976 3815 pit
2007 3755 2058 3799 et
2080 3744 2343 3799 mundum
2369 3744 2658 3815 dereliquit
2686 3746 2870 3800 virtuti
2901 3746 2999 3800 soli
3057 3747 3326 3801 addictus.
3377 3747 3480 3798 Bn-

1902 3853 2005 3891 nus
2037 3846 2091 3889 tu
2128 3837 2242 3904 ipse
2278 3835 2376 3891 ﬁas
2409 3836 2482 3889 illi
2529 3837 2830 3890 conductor
2863 3837 2916 3889 in
2949 3838 3030 3890 via
3063 3838 3274 3902 salutis,
3300 3839 3478 3908 qualis

1900 3929 2139 3983 abinitio
2170 3930 2311 3982 etad
2332 3944 2477 3982 nunc
2500 3944 2672 3997 usque
2701 3929 2842 3983 diem
2873 3930 3150 3993 exstitisti;
3182 3931 3316 3985 illee
3343 3948 3444 3986 cun
3470 3960 3476 3966 -

1899 4035 1979 4078 tra
2010 4026 2089 4077 sic
2108 4022 2668 4093 adjutus,reverenti:e
2698 4033 2888 4077 vestra:
2911 4039 3134 4091 prorsus
3158 4024 3476 4086 adhan-cbit,

1898 4116 2030 4169 nihil
2061 4114 2319 4185 suscipiet
2368 4115 2470 4168 nisi
2504 4124 2556 4168 tu
2584 4114 2814 4183 iusseris
2845 4115 3054 4169 felicem
3094 4131 3153 4170 se
3201 4116 3479 4171 aestimans

1900 4208 2046 4277 quod
2103 4209 2266 4262 talem
2356 4210 2421 4261 ad
2476 4223 2685 4277 pugnas
2734 4208 3045 4277 spirituales
3094 4209 3325 4279 adeptus
3402 4212 3475 4265 sit

1898 4312 2278 4372 praeceptorem
2333 4301 2549 4370 qualem
2610 4299 2975 4354 desiderabat.
3033 4299 3165 4354 Nam
3240 4303 3468 4356 salutem

1897 4392 2157 4462 consequi
2188 4407 2295 4445 non
2326 4399 2505 4460 potest
2556 4400 2776 4458 propter
2810 4389 3066 4443 invidiam
3124 4390 3347 4453 diaboli,
3375 4391 3469 4459 qui

1900 4497 2085 4539 contra
2119 4484 2346 4537 salutem
2397 4492 2640 4536 nostram
2679 4481 2830 4544 furit,
2866 4479 3211 4535 diliicultates
3238 4483 3474 4536 suscitat

1898 4587 1952 4629 et
1991 4574 2269 4645 profectus
2303 4575 2356 4627 in
2415 4575 2671 4628 virtutum
2723 4574 2910 4627 semita
2961 4572 3203 4641 impedit.
3253 4573 3312 4627 In
3367 4589 3477 4643 quo

1907 4681 2083 4723 autem
2142 4670 2242 4721 fuit
2291 4668 2409 4723 loco
2456 4676 2511 4721 et
2552 4667 2915 4737 principatum
2958 4668 3298 4733 obtinuerat,
3349 4683 3473 4722 cum

1911 4761 2212 4830 gratiarum
2280 4760 2499 4812 actione
2552 4768 2604 4811 ct
2652 4758 3052 4826 perseverantia
3102 4774 3228 4827 erga
3283 4757 3477 4813 Salva-

1910 4863 2080 4907 torem
2113 4852 2278 4905 Deum
2346 4853 2715 4919 perseveravit
2746 4867 2761 4904 :
2799 4852 2943 4904 hunc
3003 4850 3323 4918 discipulum
3355 4866 3476 4903 cum

1910 4961 2073 5017 penes
2123 4954 2177 4999 te
2236 4944 2512 5007 habueris,
2544 4942 2922 4998 convenientia
2983 4942 3239 4997 docebas.
3306 4940 3472 4997 Nobis

1906 5041 2049 5094 cnim
2088 5049 2272 5093 nntum
2304 5046 2388 5091 est
2424 5037 2500 5091 illi
2536 5052 2635 5106 pro
2667 5028 3059 5106 tranquillitate
3091 5044 3143 5089 et
3166 5044 3326 5104 portu
3361 5044 3477 5089 tutu

1910 5138 2259 5201 tempestates
2279 5139 2332 5184 et
2353 5130 2597 5184 turbines
2624 5143 2943 5196 exsurgere,
2968 5128 3082 5182 sive
3115 5128 3377 5182 tollantur
3408 5131 3476 5181 ab

1909 5222 2223 5277 hominibus
2255 5222 2347 5290 qui
2386 5220 2606 5289 paciﬁce
2640 5219 2820 5273 vivere
2847 5220 3116 5283 nesciunt,
3144 5220 3257 5273 sive
3284 5234 3312 5271 a
3333 5221 3478 5274 main

1909 5316 2189 5377 dmmone';
2235 5310 2480 5381 profecto
2510 5321 2562 5363 et
2595 5308 2813 5363 sibimet
2859 5308 2992 5378 ipsis
3021 5318 3069 5361 et
3105 5308 3178 5362 illi
3214 5309 3475 5362 damnum

1909 5407 2105 5462 inferre
2164 5412 2392 5459 tentant.
2437 5400 2578 5468 Quid
2628 5399 2979 5455 faciendum?
3027 5400 3165 5454 Num
3213 5400 3483 5456 obstinate

1908 5499 2280 5555 reluctandum
2303 5497 2325 5549 ?
2347 5497 2445 5551 Ast
2490 5510 2592 5548 non
2627 5510 2832 5559 meum,
2858 5493 2953 5547 sed
2985 5492 3199 5546 Domini
3276 5509 3478 5559 ιιι-ποιου-

1908 5602 2058 5664 plum
2081 5602 2162 5645 est
2198 5609 2210 5644 :
2251 5588 2336 5643 cSi
2368 5604 2464 5643 vos
2491 5589 2545 5642 in
2578 5587 2678 5641 hac
2706 5591 2838 5640 urbe
2868 5594 3282 5653 persequuntur,
3311 5584 3481 5653 fugite

1911 5689 1962 5739 in
1998 5687 2159 5739 aliam
2191 5685 2267 5737 ⁸.)
2332 5682 2432 5736 llic
2480 5691 2683 5745 autem,
2721 5678 2799 5731 uti
2844 5678 2997 5735 dicit.
3050 5676 3480 5745 persecutionem

1910 5794 1969 5837 et
2009 5777 2112 5832 illis
2135 5773 2526 5845 experitur-,qui
2559 5786 2746 5841 pacem
2778 5786 2884 5824 non
2923 5776 3190 5834 amant,ct
3219 5781 3479 5837 persecu-
