4208 6432
170 379 243 437 πττ
1622 374 2029 435 EPISTOI.:E.

3295 365 3401 431 378

166 496 421 565 ἁπάὺτῆς
446 494 645 564 ὂψεως,
669 492 853 545 τέκνον
866 492 1041 562 ἡμῶν,
1076 492 1173 560 τὴν
1199 492 1463 562 σύγχυσιν
1486 493 1581 544 καὶ
1611 492 1708 562 τὴν

1830 494 2038 546 vocibus
2070 490 2251 552 editis.
2282 490 2398 546 solo
2448 500 2669 561 aspectu
2734 489 3108 545 confusionem
3154 497 3206 541 ct
3242 489 3396 542 dolo—

166 588 323 657 ὀδύνην
343 587 445 656 τῆς
476 584 687 639 ἑαυτῶν
718 583 894 653 ψυχῆς
918 582 1329 651 ἐμφανίζοντες.
1349 584 1504 636 Ἐπεὶ
1533 582 1588 635 δὲ
1622 582 1681 634 λέ
1699 608 1716 620 ο

168 694 257 744 γειν
275 676 617 746 άπήρξαντο,
643 674 899 727 τοσοῦτον
929 674 1025 726 καὶ
1075 675 1105 742 ἠ
1142 672 1253 726 τῶν
1275 673 1449 742 λόγων
1479 672 1714 732 διάθεσις

170 769 404 837 ἐτύγχανε
423 767 725 836 παθητικὴ,
746 767 826 820 ὅτι
851 768 940 819 καὶ
959 766 1057 833 τὴν
1080 766 1353 835 ἡμετέραν
1371 766 1551 835 ψυχὴν
1582 764 1717 832 πρὶς

168 862 239 929 τὴν
258 860 430 929 αὐτὴν
451 859 737 929 σύγχυσιν,
776 859 869 912 καὶ
892 858 990 928 τὴν
1012 858 1203 928 ὀδύνην
1235 858 1594 927 κατέστησεν,
1633 858 1717 910 ἵνα

172 951 228 1020 μὴ
246 950 493 1003 τὺ“πλέον
511 950 778 1018 λέγω,τῆς
794 949 1159 1019 συνοχῆς.Κα“ι
1171 948 1290 1011 πῶς
1309 948 1415 1019 γὰρ
1433 952 1531 1001 οὐκ
1555 947 1719 1018 ἔμελε

170 1044 255 1105 λον,
281 1043 478 1095 τέκνον
531 1042 687 1111 ἐμὸν,
732 1040 958 1094 τοιαῦτα
987 1040 1239 1110 πάσχειν,
1281 1041 1369 1093 ὅτε
1416 1039 1720 1109 λειτουργοὶ

170 1134 247 1187 τοῦ
262 1134 420 1201 ἁγίου
442 1132 829 1203 θυσιαστηρίου
849 1132 1402 1204 πρεσϐύτεροι,φημὶ,
1420 1134 1515 1187 καὶ
1540 1133 1721 1186 διάκο·

172 1242 250 1285 vet,
270 1226 443 1277 ὁποῖοι
475 1223 520 1276 δ’
547 1222 614 1277 ἂν
641 1225 737 1276 καὶ
764 1217 936 1293 ὦμεν,
972 1226 1066 1277 καὶ
1094 1224 1231 1285 οἵαις
1280 1224 1579 1293 ἁμαρτίαις
1599 1224 1720 1276 ἐνε-

174 1318 372 1385 χᾶμεθα,
428 1316 567 1385 πρὸς
617 1318 905 1386 στρατείαν
968 1320 1238 1385 κοσμικὴν
1288 1315 1719 1384 καταλέγονταις

172 1409 344 1467 Φεῖσαι,
381 1407 580 1475 Κύριε,
630 1407 725 1459 ⁴τοῦ
761 1406 915 1474 ἁγίου
943 1407 1328 1477 θυσιαστηρίου
1360 1424 1477 1471 σου,
1519 1409 1614 1459 καὶ
1650 1406 1723 1475 μὴ

173 1496 286 1547 οὕτω
330 1496 424 1548 διὰ
470 1496 569 1559 τὰς
618 1497 890 1565 ἁμαρτίας
940 1497 1097 1567 ἡμῶν
1150 1496 1510 1566 ὲξουὸενώσῃς
1553 1497 1720 1562 ἡμᾶς.

182 1585 316 1651 Ἐγὼ,
362 1588 559 1638 τέκνον
622 1587 775 1655 ἐμὸν,
840 1587 928 1639 ὅτε
968 1590 1081 1649 τοῖς
1113 1588 1263 1655 ἐμοῖς
1311 1587 1413 1638 ὠσὶ
1456 1585 1726 1654 προῆλθον

172 1676 209 1725 ot
231 1675 388 1741 λόγοι,
426 1675 601 1737 οὕτως
632 1674 738 1727 ὑπὸ
770 1674 862 1727 τοῦ
923 1674 1130 1731 πάθους
1161 1676 1396 1745 ἐπάγην,
1436 1674 1530 1728 καὶ
1555 1676 1727 1737 οὕτως

171 1766 269 1829 ὅλος
292 1767 566 1835 ἐγενόμην
592 1766 690 1833 τῆς
719 1765 1057 1835 ἐκπλήξεως,
1106 1766 1248 1819 ὥστε
1280 1769 1358 1829 εἰς
1395 1767 1709 1837 ἀμηχανίαν

1821 599 1932 638 rem
1960 599 2119 638 suum
2151 580 2564 638 mauifestantes
2603 600 2616 636 :
2647 596 2773 637 cum
2811 590 2993 636 autem
3046 579 3257 636 dicendi
3291 579 3397 634 ini-

1817 677 1951 729 tium
1990 676 2264 738 fecissent,
2320 689 2435 728 rem
2485 674 2620 730 adeo
2666 673 2920 730 ﬂebiliter
2973 671 3399 744 pronuntiarunt

1820 778 1877 821 ut
1922 768 2158 821 animam
2193 775 2438 822 nostram
2507 767 2575 821 ad
2620 766 2867 822 eamdem
2918 763 3295 819 confusionem
3347 769 3402 816 et

1817 857 2059 913 dolorem
2108 866 2162 911 et
2236 871 2493 927 angorem
2570 857 2857 911 moverint.
2927 853 2993 908 Et
3044 867 3152 923 quo
3213 852 3393 906 modo.

1818 951 1892 1004 mi
1947 950 2046 1012 ﬁli,
2103 959 2410 1005 commotus
2458 964 2566 1003 non
2620 947 2847 1012 fuerim,
2901 959 3027 1000 cum
3097 940 3399 997 sanctuarii

1820 1041 2077 1103 ministri,
2112 1040 2607 1104 sacerdotes,'dico,
2639 1048 2693 1093 et
2724 1038 2960 1103 diaconi,
2992 1044 3047 1090 et
3074 1034 3400 1105 qualescun-

1821 1149 1925 1202 que
1960 1133 2129 1187 simus
2150 1140 2205 1184 et
2261 1131 2697 1201 quibuscumque
2746 1130 3084 1185 detineamur
3141 1123 3400 1196 peccatis,

1822 1222 2067 1279 saeculari
2099 1221 2392 1275 excercitui
2423 1218 2892 1276 annumerentur?
2927 1218 3120 1278 Parce,
3151 1214 3399 1277 Domine,

1824 1313 2135 1368 sanctuario
2172 1321 2289 1375 ῐυο,
2330 1319 2384 1366 et
2415 1327 2481 1367 ne
2510 1329 2631 1377 nos,
2663 1319 2885 1382 propter
2912 1315 3138 1381 peccata
3182 1312 3399 1364 nostra,

1824 1405 1890 1459 ad
1950 1404 2177 1458 nihilum
2211 1404 2447 1473 redigas.
2495 1403 2616 1459 Istis
2680 1404 2846 1458 rebus
2907 1401 3132 1463 auditis,
3188 1396 3260 1451 mi
3306 1395 3402 1455 lili,

1826 1498 1960 1551 adeo
1991 1504 2295 1551 commotus
2328 1505 2381 1550 et
2413 1505 2791 1551 consternatus
2821 1494 2918 1559 fui,
2951 1502 3010 1547 ut
3036 1504 3228 1544 manus
3266 1486 3401 1542 scri-

1830 1588 1986 1641 bendi
2044 1587 2277 1643 oﬂicium
2332 1596 2611 1643 recusaret
2657 1596 2712 1640 et
2764 1586 2899 1641 nihil
2951 1581 3099 1638 aliud
3156 1579 3399 1640 fecerim,

1829 1692 1991 1746 quam
2038 1677 2399 1733 miserrimam
2453 1691 2628 1732 meam
2665 1676 2950 1746 deplorare
2993 1676 3178 1735 vitam,
3229 1670 3407 1739 lacry-

1833 1783 1944 1823 mas
1980 1776 2034 1823 et
2058 1769 2292 1837 gemitus
2325 1769 2485 1823 edere
2515 1769 2581 1823 de
2611 1776 2855 1836 tempore
2905 1762 3178 1833 praesriiti,
3215 1761 3405 1814 turba-

174 1857 608 1927 μὲνκαταστῆναι
645 1856 739 1909 τοῦ
764 1857 1022 1927 γράφειν,
1077 1858 1246 1928 μηδὲν
1274 1858 1331 1912 δὲ
1380 1858 1508 1913 ἄλλο
1554 1861 1727 1911 ποιεῖν

1832 1876 1951 1914 rum
1985 1861 2165 1930 pleno.
2208 1860 2343 1926 Quia
2392 1868 2571 1914 autem
2623 1860 2946 1915 clericorum
2981 1854 3407 1911 lamentationes

171 1948 522 2016 ἦταλανίζειν
558 1948 655 2017 μὲν
685 1946 784 2017 τὴν
813 1948 1024 2002 οἰκείαν
1060 1948 1228 2020 ζωὴν,
1261 1950 1481 2021 θρηνεῖν
1524 1950 1581 2001 δὲ
1634 1952 1721 2001 καὶ

172 2039 436 2109 ὀδύρεσθαι
492 2039 586 2093 τὸν
635 2039 881 2111 παρόντα
931 2040 1144 2110 καιρὸν,
1175 2040 1232 2104 ὃς
1262 2041 1517 2108 τοιαύτην
1564 2057 1721 2110 περι-

173 2132 370 2184 πέτειαν
422 2134 627 2200 ᾒνεγκε
663 2134 773 2185 τῶν
830 2135 1200 2203 πραγμάτων.
1266 2133 1405 2186 ’AD.‘
1436 2136 1559 2186 ἐπεὶ
1615 2134 1723 2187 τῶν

174 2223 435 2291 κληρικῶν
492 2224 551 2276 αἱ
612 2224 940 2295 ὀλοφύρσεις
980 2225 1267 2295 ἀνακοπὴν
1304 2226 1403 2278 οὐκ
1457 2227 1723 2296 ἐδέχοντο,

170 2315 249 2382 ὀψὲ
279 2317 370 2368 καὶ
404 2304 567 2386 μόλις
614 2316 805 2388 ὥσπερ
850 2318 1093 2388 ἐμαυτοῦ
1132 2318 1421 2389 ἐγενόμην,
1462 2320 1558 2372 καὶ
1590 2320 1725 2389 πρέ-

172 2427 252 2463 πον
276 2412 584 2480 ἡγησάμην
626 2411 864 2482 γράμμα
906 2412 1043 2482 πρὸς
1084 2412 1185 2481 τὴν
1224 2411 1324 2481 σὴν
1363 2412 1724 2482 μεγαλόνοιαν

165 2501 500 2572 διαχαράξαι,
528 2502 596 2556 δι’
625 2496 685 2556 οῦ
712 2502 1145 2572 παρεγγυῶμαι,
1168 2504 1216 2556 εί
1237 2504 1484 2568 δυνατὸν,
1537 2504 1727 2574 φείσα-

169 2594 272 2648 σθαι
300 2596 391 2648 τοῦ
420 2596 470 2647 ίε
484 2594 726 2665 ρατείου,
759 2594 961 2657 μᾶλλον
984 2596 1040 2649 δὲ
1065 2596 1164 2666 τῆς
1198 2596 1352 2659 θείας
1386 2596 1720 2665 δοξολογίας.

166 2690 218 2756 ἦν
239 2691 282 2741 εἰ
314 2690 409 2741 καὶ
435 2689 708 2757 διηνεκῶς
737 2687 849 2759 ἔχει
892 2690 1354 2761 προσφερομένην
1377 2691 1435 2743 ἐν
1471 2692 1725 2761 οὐρανοῖς

165 2781 352 2845 ὸΘεὺς,
390 2784 549 2852 ὅμως
594 2780 846 2850 βούλεται
888 2783 984 2836 καὶ
1026 2786 1120 2836 ἐπὶ
1155 2784 1257 2851 γῆς
1317 2784 1523 2853 ταύτην
1574 2784 1726 2851 αὒτῷ

168 2874 285 2942 ὑπὲρ
311 2874 627 2944 ἀνθρώπων
657 2874 1091 2944 προσφέρεσθαι.
1125 2876 1186 2927 Et
1220 2877 1318 2945 μὲν
1346 2876 1456 2945 γὰρ
1505 2876 1600 2928 καὶ
1634 2875 1726 2930 άλ-

165 2965 231 3017 int
261 2967 427 3029 τινὲς,
469 2965 568 3018 καὶ
600 2965 675 3037 μὴ
708 2966 820 3019 τῶν
860 2967 924 3019 τδ
963 2968 1120 3035 ἅγιον
1154 2967 1501 3023 κυκλούντων
1535 2968 1724 3021 θυσια-

166 3057 366 3125 στήριον
414 3058 693 3127 ὑπῆρχον,
752 3057 861 3110 οὐδ’
896 3056 1071 3121 οὕτως
1105 3054 1174 3130 ἦν
1224 3059 1474 3112 ἀνεκτόν·
1504 3058 1564 3112 τὸ
1617 3059 1726 3129 γὰρ

163 3146 280 3210 ὅλως
338 3150 646 3219 ἁφιέρωμα
703 3149 806 3219 ἥδη
868 3166 922 3202 τι
972 3152 1345 3221 γεγενημένον
1401 3154 1484 3215 είς
1538 3156 1726 3222 κοινὴν

165 3240 342 3307 χρῆσιν
375 3242 738 3309 μεταφέρειν,
773 3242 873 3293 οὐκ
928 3240 1076 3293 ἐστιν
1111 3243 1504 3313 ἀκατάκριτον.
1559 3244 1729 3296 Ὀταν

163 3327 209 3379 δὲ
239 3330 285 3381 οξ
322 3332 393 3383 τὰ
426 3332 570 3396 ἆγια
624 3330 813 3400 φέρειν
850 3330 1306 3397 καταξιωθέντες,
1338 3335 1538 3386 ἐκεῖνοι
1593 3333 1730 3403 πρὸς

166 3421 557 3488 στρατιωτικάς
603 3421 947 3491 λειτουργίας
1006 3423 1353 3491 ἀπάγωνται.
1402 3424 1456 3476 τί
1514 3425 1582 3478 ἄν
1644 3442 1729 3487 τις

162 3512 295 3577 ipsi;
327 3511 567 3573 Σκόπει,
593 3512 784 3563 τέκνον
818 3512 997 3581 ἡμῶν,
1030 3514 1112 3566 ὅτι
1135 3512 1256 3565 οὔτε
1315 3512 1566 3583 ὕφασμα,
1600 3511 1727 3566 οὔτε

161 3601 406 3671 ἄργυρον,
476 3602 607 3655 οὔτε
640 3603 861 3671 χαλκὸν,
914 3603 1027 3655 ἀλλ’
1075 3602 1203 3657 οὕτε
1259 3604 1405 3657 λίθον
1467 3606 1574 3677 είς..
1605 3605 1733 3659 ναὸν

1826 1968 1931 2007 non
1962 1954 2269 2019 cessabant,
2289 1968 2414 2009 sero
2448 1962 2503 2008 et
2530 1952 2812 2008 ditIiculter
2838 1951 2942 2006 mei
2974 1965 3195 2018 compos
3226 1950 3403 1999 factus

1827 2060 1983 2109 sum;
2049 2053 2162 2100 tum
2226 2056 2591 2117 opportunum
2681 2060 2804 2101 esse
2861 2044 2991 2099 duxi
3072 2042 3276 2094 litteras
3338 2037 3406 2090 ad

1825 2141 2198 2197 excellentiam
2246 2152 2392 2197 tuam
2466 2142 2725 2205 scribere,
2793 2140 3127 2211 parciturus,
3188 2135 3231 2189 si
3290 2132 3403 2187 fieri

1828 2237 2019 2303 possit,
2068 2236 2283 2291 clericis
2365 2250 2462 2291 seu
2519 2219 2700 2303 potius
2749 2234 2947 2289 divinrc
2998 2229 3211 2302 gloriae.
3270 2226 3411 2280 Deus

1805 2329 1969 2381 'cnim
2010 2328 2131 2383 licet
2177 2327 2440 2381 honorem
2487 2327 2701 2397 hymnis
2747 2326 2987 2379 oblatum
3040 2321 3411 2375 indesinenter

1829 2420 1880 2473 in
1932 2420 2085 2474 caelis
2156 2420 2361 2482 audiat,
2423 2418 2783 2473 nihilominus
2848 2416 2961 2469 vult
3031 2421 3091 2467 ut
3160 2407 3407 2464 homines

1829 2512 1881 2564 in
1923 2510 2084 2564 terris
2136 2525 2318 2579 parem
2375 2510 2475 2578 ipsi
2528 2509 2792 2563 deferant.
2839 2506 2991 2573 Quod
3028 2505 3071 2559 si
3118 2502 3207 2556 alii
3243 2515 3405 2571 quam

1829 2601 2090 2655 altaribus
2123 2600 2478 2655 inservientcs
2512 2600 2565 2653 in
2596 2614 2761 2654 causa
2788 2607 2989 2660 essent,
3038 2595 3219 2649 minus
3277 2605 3407 2654 gra-

1829 2695 1910 2747 vis
1955 2708 2042 2749 res
2097 2692 2235 2746 foret
2289 2709 2303 2746 :
2366 2692 2628 2761 quidquid
2673 2691 2815 2745 enim
2865 2695 3243 2743 consecratum
3285 2681 3407 2735 fue-

1830 2786 1918 2851 ιίῑι
1972 2785 2038 2839 ad
2087 2800 2244 2839 usum
2283 2785 2572 2853 profanum
2621 2782 2901 2838 transferri
2941 2794 3045 2834 non
3096 2777 3241 2831 licet.
3279 2772 3413 2829 Cum

1831 2888 2013 2931 autem
2068 2878 2162 2946 qui
2207 2877 2274 2930 ad
2326 2891 2481 2932 sacra
2530 2873 2913 2946 pertractanda
2962 2869 3195 2924 ordinati
3261 2875 3410 2927 sunt,

1830 2969 1895 3021 ad
1944 2968 2175 3021 militum
2208 2968 2513 3022 ministeria
2557 2968 2848 3037 coguntur,
2900 2964 3025 3033 quid
3072 2955 3413 3015 dicendum?

1833 3057 2129 3127 Perpende,
2162 3060 2233 3112 mi
2268 3058 2364 3122 ﬁli,
2404 3058 2547 3128 quod
2584 3074 2683 3112 nec
2723 3065 2947 3119 vestem,
2983 3068 3081 3107 nec
3119 3056 3407 3121 argentum

1830 3162 1990 3213 ποτε,
2038 3164 2105 3201 ne
2160 3148 2394 3218 lapidem
2464 3147 2685 3218 quidem
2734 3144 3027 3215 profanare
3085 3141 3230 3202 licet,
3282 3151 3403 3207 qua:

1836 3242 2038 3311 templo
2087 3239 2182 3294 Dei
2238 3241 2453 3294 addicta
2493 3248 2656 3300 sunt,
2711 3246 2766 3291 et
2813 3236 2856 3290 si
2900 3234 3024 3303 quis
3080 3229 3412 3286 contrarium

1836 3333 2015 3388 facere
2067 3349 2233 3388 ausus
2287 3332 2469 3395 fuerit,
2520 3329 2922 3385 damnationem
2990 3340 3095 3379 non
3149 3320 3417 3390 aufugict.

1838 3424 1992 3490 Quod
2026 3426 2070 3479 si
2104 3441 2192 3480 res
2217 3426 2287 3479 ita
2312 3440 2371 3479 se
2388 3425 2573 3489 habet,
2606 3420 2881 3492 quomodo
2910 3433 3096 3473 revera
3127 3432 3185 3471 se
3227 3416 3409 3477 habet,

1838 3518 2138 3587 prudentize
2180 3526 2305 3579 tuae,
2340 3530 2458 3586 quae
2486 3514 2654 3585 gratia
2688 3512 2782 3568 Dei
2817 3511 3052 3565 maxima
3096 3518 3200 3574 est,
3243 3505 3415 3560 facto-

1844 3624 1963 3661 rum
1986 3607 2248 3677 judicium
2269 3607 2541 3675 relinquo.

160 3698 542 3766 ἀφωρισμένον
585 3696 745 3760 Θεοῦ,
812 3697 990 3763 ἔξεστι
1062 3702 1409 3764 κοινοποιεῖν,
1456 3700 1567 3753 οὐδ’
1607 3701 1773 3764 εἴτις
1803 3703 1979 3774 τολμᾷ
2010 3703 2205 3769 ταῦτα,
2257 3702 2555 3772 καταδίκης
2607 3700 2900 3770 ἀνώτερος.
2937 3699 3000 3751 Et
3026 3697 3091 3768 δὴ
3120 3690 3214 3750 οῦν
3247 3694 3423 3757 οὕτως

159 3790 307 3853 ἐστὶν,
337 3789 547 3858 ὥσπερ
574 3790 667 3841 καὶ
715 3789 852 3853 ἔστι,
900 3791 981 3842 σοὶ
1008 3792 1320 3844 καταλείπω
1345 3793 1465 3863 θεία
1496 3793 1681 3863 χάριτι
1708 3796 2029 3866 τελειοτάτῳ
2066 3796 2165 3867 τὴν
2201 3796 2420 3849 σύνεσιν
2443 3795 2577 3857 ὄντι,
2612 3793 2672 3846 τὸ
2718 3791 2814 3847 νῦν
2861 3791 3146 3860 γινόμενον
3186 3788 3419 3857 κρίνων.

225 3883 578 3952 Ἐϐουλόμην
610 3883 671 3934 τὸ
698 3884 935 3953 γράμμα
983 3883 1250 3937 ἐκτείνειν
1292 3886 1386 3937 καὶ
1422 3886 1511 3939 διὰ
1554 3886 1737 3938 ςτλειό⁸

157 3994 247 4028 νων
274 3976 375 4045 τὴν
415 3974 663 4028 ἀτοπίαν
692 3975 788 4026 τοῦ
816 3976 1169 4045 πράγματος.
1223 3979 1319 4029 καὶ
1347 3976 1407 4028 τὸ
1458 3976 1738 4047 ἡμέτερον

160 4068 305 4134 ἄλγος
350 4066 713 4138 ἐμφανίζειν.
776 4067 916 4119 Ἀλλ’
963 4069 1125 4120 ἱκανὰ
1173 4069 1242 4119 τὰ
1285 4069 1554 4137 εἰρημένα
1598 4070 1735 4137 πρὸς

154 4162 239 4229 τὴν
288 4161 391 4230 σὴν
451 4158 689 4228 ἀρετὴνν
743 4158 865 4229 ἥτις
924 4159 1029 4212 κᾶν
1089 4161 1278 4230 μηδεὶς
1335 4161 1521 4230 ἕτερος
1578 4161 1733 4233 λέγῃ⁹

157 4256 339 4327 δυνατὴ
395 4256 503 4324 ἀφ’
538 4254 745 4323 ἑαυτῆς
798 4255 892 4307 καὶ
942 4255 1185 4306 συνιέναι
1239 4256 1331 4307 καὶ
1379 4255 1569 4319 ἄλλους
1606 4254 1734 4325 περὶ

156 4350 331 4401 τούτου
397 4348 713 4400 διδάσκειν.
781 4344 1047 4399 Τοσοῦτον
1095 4346 1149 4398 δὲ
1204 4347 1362 4415 μόνον
1424 4347 1588 4415 φημὶ,
1650 4348 1733 4399 ὅτι

155 4436 205 4501 ἐξ
230 4437 411 4508 ἀρχῆς
446 4434 759 4506 προνόμιον
792 4435 1001 4488 δέδοται
1047 4422 1198 4505 παρὰ
1251 4436 1360 4488 τῶν
1418 4436 1736 4504 κοσμησάν-

1914 3890 1969 3941 In
2012 3890 2153 3942 votis
2186 3898 2303 3942 erat
2341 3889 2550 3942 litteras
2597 3887 2761 3940 hasce
2790 3885 3066 3956 longiores
3104 3883 3334 3937 reddere
3370 3890 3426 3936 et

1842 3978 2025 4049 fusius
2089 3979 2607 4048 inopportunitatem
2667 3977 2830 4045 hujus
2884 3978 2960 4031 rei
3003 3976 3427 4030 demonstrando

1842 4079 2084 4122 nostrum
2146 4071 2433 4123 ostendere
2479 4069 2755 4135 dolorem;
2811 4068 2904 4123 sed
2950 4068 3092 4120 dicta
3135 4068 3251 4120 hazc
3300 4064 3422 4119 suf-

1840 4164 2029 4216 ﬁciunt
2098 4162 2285 4214 virtuti
2336 4173 2462 4227 tum,
2516 4178 2637 4230 quse
2680 4177 2709 4214 a
2765 4161 3080 4228 semetipsa,
3113 4161 3211 4213 etsi
3245 4159 3425 4212 nullus

1840 4257 2180 4321 indicaverit,
2211 4271 2321 4310 rem
2348 4256 2646 4325 intelligere
2684 4267 2736 4311 ct
2778 4257 2897 4310 aliis
2919 4257 3207 4325 explanare
3256 4254 3420 4307 valet.

1844 4350 1956 4405 lloc
1989 4366 2153 4404 unum
2176 4351 2410 4403 additum
2450 4351 2569 4405 volo
2600 4351 2742 4419 quod
2775 4351 2866 4417 qui
2892 4351 2959 4401 ab
2982 4348 3134 4401 initio
3157 4362 3280 4400 cum
3309 4346 3423 4413 pie-

1848 4453 1955 4497 tatc
2010 4452 2304 4509 regnarunt
2367 4443 2647 4511 privilegio
2709 4442 2914 4495 clerum
2988 4440 3422 4507 metropolitanum

156 4545 249 4581 των
281 4529 567 4598 εὖσεσείᾳ
615 4528 680 4579 τὸ
714 4526 912 4595 στέφος
967 4528 1325 4597 μητροπόλει.
1362 4528 1523 4597 χάριν
1550 4529 1658 4580 τῶν
1686 4530 1738 4580 ἐν

1850 4535 2105 4588 Ecclesia:
2136 4528 2425 4599 ornavcie,
2480 4535 2533 4587 in
2588 4534 2941 4589 conciliorum
2973 4548 3189 4600 quoque
3221 4532 3420 4585 ibidem

157 4621 277 4690 alti
330 4619 781 4690 κεκροτημένων
836 4619 999 4690 ἱερῶν
1037 4620 1288 4673 συνόδων.
1341 4621 1448 4671 Καὶ
1476 4620 1577 4688 ὅρα
1607 4620 1731 4680 ὅσος

154 4715 409 4783 ἐχρᾶνος·
450 4714 559 4776 ἀφ’
586 4706 645 4765 οὗ
679 4713 793 4781 γάρ
824 4712 1048 4780 Χριστῷ
1108 4713 1356 4781 ὑπετάγη
1409 4712 1487 4781 τῷ
1529 4712 1741 4781 βασιλεί

155 4809 234 4857 καὶ
258 4806 380 4876 Θεῷ
415 4808 451 4875 ἡ
482 4805 604 4857 τῶν
640 4807 935 4875 σκήπτρων
964 4806 1185 4871 ἐξουσία
1206 4805 1365 4858 τοῦτο
1396 4806 1738 4875 παρεσχέθη,

159 4898 221 4967 μὴ
246 4900 340 4951 νῦν
373 4899 536 4967 ὀρθῇ
574 4897 1073 4968 περιυὸριζὸμενον
1131 4900 1265 4969 μηδὲ
1314 4915 1741 4969 καταπεφρονη-

158 4990 323 5055 μένον.
384 4992 471 5044 Οὐ
505 4988 626 5059 γάρ
654 4988 804 5055 ἄξιον
857 4988 981 5043 οὔτε
1018 4990 1155 5062 πρὸς
1204 4992 1371 5062 τιμὴν
1406 4992 1738 5060 διαὸιῖνονῆ

155 5080 252 5130 τῶν
284 5079 764 5150 προσταττόντων
791 5080 825 5149 ἢ
864 5080 972 5133 τῶν
995 5080 1352 5150 πληρούντων
1398 5082 1457 5135 τὸ
1495 5082 1732 5152 πρόστα-

155 5188 276 5239 γμα.
308 5172 393 5226 Τὰ
426 5173 478 5225 δ’
543 5169 684 5224 ἄλλα
736 5172 1050 5242 ἐρρωμένον
1105 5189 1164 5223 σε
1217 5172 1533 5242 διαρυλάξοι
1568 5175 1595 5225 ὁ
1627 5173 1739 5226 K6-

158 5278 257 5329 ριος
294 5266 353 5317 ὲν
418 5265 611 5316 πᾶσιν
644 5260 1069 5331 εὐαρεστοῦντα,
1131 5264 1225 5317 καὶ
1278 5264 1378 5333 τῆς
1411 5266 1539 5333 παρ’
1573 5264 1740 5317 αὑτοῦ

155 5356 417 5427 ἀποδοχῆς
466 5352 831 5421 ἀξιούμενον.

506 5487 692 5541 ΡΝΑ’.
740 5489 864 5554 Γρη
873 5490 1043 5556 γορΙῳ
1111 5489 1390 5559 Ἐφέσου.

218 5628 323 5681 υύκ
351 5624 479 5681 οἶδα
526 5624 589 5677 τί
658 5625 767 5695 ἐρῶ
797 5627 890 5678 ἐπὶ
928 5628 1037 5690 τοῖς
1068 5628 1169 5681 οὐκ
1198 5626 1476 5682 ἐθέλουσιν
1535 5630 1743 5685 ἀνεῖναι

159 5721 514 5791 σπαραγμοῖς
556 5717 663 5787 τὴν
704 5717 976 5770 ἐπώδυνον
1028 5719 1263 5789 καρδίαν
1299 5720 1475 5791 ἡμῶν.
1525 5724 1601 5775 Οὐ
1635 5723 1743 5793 γάρ

162 5810 290 5866 ἑστιν
316 5816 461 5876 ἱδλοι,
481 5811 739 5882 ἡμέραν,
797 5812 852 5862 ἐν
948 5811 1021 5883 μὴ
1046 5811 1433 5884 διαξαινόμεθα
1458 5817 1580 5879 ταῖς
1612 5817 1736 5869 ἐπιο

1845 4626 2150 4680 baliitorum
2176 4628 2425 4694 gratiam.
2451 4627 2605 4681 Nunc
2627 4634 2803 4678 autem
2831 4623 3100 4693 perpende
3130 4635 3368 4689 tempora
3400 4639 3414 4675 :

1843 4734 1963 4788 qua:
2019 4719 2237 4771 Christo
2324 4719 2433 4786 regi
2511 4731 2575 4771 ac
2632 4716 2740 4770 Deo
2826 4725 3061 4782 putcsu‘s
3150 4714 3423 4766 uer-urens

1844 4810 2099 4863 attributa
2152 4818 2235 4862 est
2288 4824 2350 4862 ca
2383 4823 2529 4862 nunc
2582 4808 2636 4861 in
2699 4816 3066 4875 contemptum
3130 4822 3194 4858 ne.
3261 4806 3418 4857 abeat

1844 4899 1986 4968 quod
2042 4914 2142 4952 nec
2181 4898 2575 4967 imperantibus
2626 4912 2729 4951 nec
2781 4896 3162 4950 obedientibus
3220 4895 3414 4947 honori

1843 4998 2006 5045 esset.
2049 4990 2121 5044 De
2175 5000 2370 5045 caetero
2410 4999 2461 5045 te
2496 4990 2769 5045 valentem
2816 4989 3085 5044 custodiat
3119 4988 3421 5054 Dominus;

1845 5084 1897 5138 in
1944 5084 2199 5138 omnibus
2260 5070 2361 5153 ipsi
2421 5083 2800 5153 complaceas.
2873 5090 2925 5134 ct
2996 5080 3063 5134 ab
3142 5095 3206 5134 eo
3260 5080 3421 5147 recipi
3469 5067 3476 5081 ’

1846 5177 2128 5232 mercaris.

2210 5494 2337 5548 CLI.
2380 5491 2630 5563 Gregorio
2667 5490 2852 5558 Ephesi
2877 5493 3137 5559 episcopo.

1927 5632 2061 5700 Quid
2103 5632 2280 5687 dicam
2313 5630 2378 5685 de
2417 5632 2695 5701 perpetuis
2739 5630 2921 5687 cordis
2954 5631 3126 5686 nostri
3159 5633 3415 5688 cruciati-

1848 5726 1993 5781 bus?
2022 5725 2167 5779 nulla
2192 5735 2274 5780 est
2302 5724 2416 5778 dics
2445 5740 2565 5794 quae
2600 5739 2705 5778 non
2735 5738 2905 5780 novos
2957 5725 3147 5779 atterat
3192 5728 3411 5781 dolores

1848 5830 1899 5873 et
1927 5819 2102 5874 denuo
2140 5833 2236 5873 nos
2265 5815 2482 5887 adligat.
2518 5817 2590 5873 ita
2621 5828 2678 5871 ut
2708 5815 2922 5873 credam
2959 5820 3010 5871 in
3044 5831 3125 5874 me
3147 5817 3409 5882 adimple-
