4208 6432
798 389 901 450 379

1899 388 2208 448 NICOLAI
2249 387 2360 446 (ΣΡ.
2407 383 2910 447 PATRIARCILE

3934 382 4034 444 380

800 512 913 554 tum
947 500 1014 554 iri
1044 501 1249 556 dictum
1287 519 1299 552 :
1339 500 1567 569 Semper
1605 500 1746 553 mala
1788 501 2144 554 cumulantur
2181 501 2362 555 malis.

2470 498 2788 568 τιθεμέναις
2835 496 3119 565 ἀλγηδόσι.
3180 497 3275 550 καὶ
3326 496 3632 565 πληροῦται
3684 496 3757 557 ὼς
3796 494 3933 546 ἔοικε
3973 498 4033 546 τὸ

802 590 1054 659 Undique
1103 590 1427 645 insidiantur
1478 592 1599 645 vita:
1649 606 1782 645 mea:
1822 609 1835 644 :
1882 591 2083 645 malum
2119 593 2364 647 nondum

798 682 930 737 abiit
962 693 1014 738 et
1048 684 1157 751 jam
1202 683 1348 737 aliud
1397 683 1549 751 pejus
1596 693 1777 748 astat;
1826 685 2016 737 nescio
2086 686 2366 753 quomodo

797 776 997 835 dicam,
1030 776 1074 828 si
1110 775 1327 843 quidem
1364 776 1600 830 assuetis
1624 785 1680 829 et
1708 774 1962 830 humanis
1988 775 2365 831 Iocutionibus

801 865 1057 916 utendum
1085 864 1259 929 ;illud
1305 875 1485 918 autem
1532 866 1671 929 seio,
1706 875 2160 935 peccata_nostra
2206 867 2369 935 hujus

799 955 1212 1010 intuinesccntis
1245 956 1373 1009 mali
1402 971 1617 1010 causam
1651 972 1794 1011 esse.
1828 958 1983 1023 Quod
2017 959 2162 1011 enim
2203 975 2363 1013 nemo

797 1046 939 1099 alius
966 1056 1282 1099 eventurum
1308 1047 1600 1115 praedicere
1636 1048 1890 1110 auderet,
1918 1052 2022 1101 hoc
2056 1050 2211 1104 nobis
2240 1066 2368 1105 eve-

800 1136 915 1199 nit;
951 1135 1138 1188 unde?
1169 1153 1351 1189 nonne
1380 1136 1575 1191 deﬂuit
1617 1154 1680 1192 ex
1715 1138 1864 1193 fonte
1901 1139 2062 1193 modo
2095 1141 2371 1196 iudicato?

796 1226 1167 1280 Conturbatur
1214 1228 1458 1294 animus,
1516 1231 1586 1283 mi
1621 1232 1717 1297 tili,
1751 1241 1895 1293 tuus,
1938 1242 1989 1285 et
2045 1233 2222 1287 dolori
2275 1244 2368 1289 tuo

797 1325 982 1371 noster
1013 1318 1251 1371 additur.
1300 1320 1430 1372 Rem
1481 1322 1695 1388 planius
1726 1321 1935 1376 discas.
1975 1324 2077 1388 Qui
2109 1326 2214 1379 huc
2259 1329 2359 1379 ad-

796 1408 946 1461 venit
993 1409 1287 1477 Dyrrachii
1330 1412 1697 1480 melropulila,
1747 1414 1937 1467 nescio
1981 1430 2087 1484 qua
2136 1434 2301 1472 causa
2337 1435 2367 1473 a

797 1497 917 1551 sinu
950 1497 1208 1553 Ecclesia!
1241 1501 1492 1554 recedere
1516 1504 1789 1569 decrevit;
1826 1522 1965 1574 saepe
1989 1510 2189 1577 sazpius
2217 1510 2366 1564 illum

798 1589 1218 1656 hortationibus,
1253 1609 1373 1660 quae
1398 1593 1463 1645 de
1486 1595 1643 1649 labiis
1667 1598 1803 1651 meis
1834 1599 2132 1654 humilibus
2154 1604 2369 1671 prodire

793 1689 1044 1749 possunt,
1082 1698 1111 1735 a
1146 1685 1383 1751 pessimo
1428 1686 1643 1755 incepto
1664 1690 1730 1742 ad
1758 1690 1980 1744 meliora
2001 1694 2258 1748 reducere
2275 1712 2372 1750 ex-

794 1778 985 1834 pertus
1012 1787 1166 1832 sum;
1194 1774 1285 1826 sed
1309 1775 1470 1828 verba
1496 1792 1613 1829 mea
1648 1777 1798 1830 irrita
1823 1777 2364 1852 fuerunt.Proptcrea

793 1859 948 1913 nobis
1004 1861 1176 1915 visum
1221 1873 1306 1919 est
1350 1876 1407 1919 ut
1446 1867 1593 1920 illum
1627 1868 1690 1921 ad
1746 1879 1795 1922 te
1844 1870 2203 1936 mitteremus,
2235 1892 2367 1930 con-

2469 1864 2658 1917 παθὼν
2708 1864 2805 1916 τοῦ
2864 1865 3234 1934 πληρώματος
3288 1867 3388 1935 τῆς

792 1950 876 2004 Iisi
899 1952 969 2004 ita
994 1956 1353 2021 pervicaciam
1372 1958 1489 2026 ejus
1509 1959 1562 2012 in
1580 1960 1907 2030 obsequium
1933 1964 2203 2018 abituram
2222 1982 2365 2022 esse.

791 2043 929 2096 Illud
967 2062 1092 2100 vero
1126 2063 1345 2117 quoque
1377 2065 1487 2118 pra:
1524 2052 1697 2107 oculis
1732 2052 1853 2118 fuit,
1891 2056 2033 2121 quod
2070 2056 2143 2111 ibi
2180 2073 2362 2112 mora-

791 2144 971 2198 turus,
1004 2138 1277 2205 quotidie,
1315 2142 1390 2195 uti
1424 2144 1696 2211 conjicere
1725 2145 1868 2205 licet,
1903 2160 1997 2200 eos
2028 2147 2232 2202 videbit
2271 2150 2364 2219 qui

791 2226 857 2277 ab
890 2224 1131 2281 Ecclesia
1158 2230 1497 2295 defecerunt,
1523 2234 1663 2286 etob
1684 2234 1737 2287 id
1769 2234 2045 2290 dillicilius
2075 2238 2274 2292 redibit
2309 2240 2362 2293 in

790 2316 972 2369 sinum
1024 2318 1301 2373 Ecclesiae.
1349 2322 1429 2375 Ad
1468 2338 1566 2378 vos
1626 2337 1805 2378 autem
1860 2328 2064 2382 missus
2123 2330 2361 2399 siquam

789 2424 983 2462 novam
1015 2412 1082 2462 ab
1125 2411 1363 2466 Ecclesia
1399 2415 1689 2469 secedendi
1722 2431 1949 2471 causam
1986 2419 2266 2485 habuerit,
2304 2438 2369 2477 eo

789 2502 1005 2557 facilius
1058 2504 1125 2557 ab
1169 2522 1232 2560 ea
1284 2508 1535 2573 recedet,
1582 2511 1798 2578 quando
1834 2512 2177 2580 pontiﬁcatus
2206 2516 2369 2568 vestri

789 2600 1015 2655 virtutes
1068 2618 1427 2672 cognoscens,
1465 2606 1658 2660 initam
1694 2607 1897 2661 dudum
1934 2607 2360 2662 familiaritatem

788 2700 843 2743 et
878 2691 1139 2747 beneficia
1179 2711 1302 2763 qua:
1356 2698 1409 2749 in
1441 2712 1564 2750 eum
1617 2698 1917 2752 contuleris
1941 2699 2360 2765 reminiscetur;

789 2782 945 2836 aliter
976 2786 1117 2838 enim
1184 2789 1248 2840 ad
1299 2785 1454 2842 Judaz
1499 2789 1758 2856 laqueum
1808 2790 1979 2843 abibit
2022 2799 2076 2844 et
2127 2791 2362 2856 pessimo

785 2876 1034 2941 exemplo
1077 2893 1104 2928 a
1157 2880 1504 2934 consortibus
1547 2882 1675 2935 dato
1716 2880 2013 2935 Ecclesiam
2050 2881 2359 2935 deseruisse

789 2962 927 3015 male
958 2964 1206 3031 jactabit.

2472 592 2783 660 εἰρημένον,
2819 583 2975 657 ᾧτινι
3032 592 3128 642 καὶ
3152 588 3362 659 ἐρρήθη
3398 590 3487 642 ἀεὶ
3519 589 3589 641 τὰ
3620 589 3768 641 κακᾶ
3795 590 3907 649 τοῖς
3935 605 4031 639 κα-

2472 686 2587 747 κοῖς
2629 683 3106 753 ἐπισυναπτόμενα
3153 683 3244 735 τὸν
3272 682 3404 751 ἐμὸν
3468 680 3857 751 περιστοιχίζει
3902 679 4031 748 βίον

2472 779 2567 830 καὶ
2622 776 2899 846 παρῆλθεν
2946 773 3101 827 οὔπω
3155 773 3216 827 τὸ
3281 776 3482 844 χεῖρον,
3543 774 3639 827 καὶ
3692 773 4033 843 παρέστηκεν

2471 868 2657 935 ἓτερον
2682 869 2885 937 χεῖρον,
2918 866 3017 918 οὐκ
3043 861 3160 917 οἶδα
3191 866 3245 917 τί
3282 866 3421 934 πρὸς
3446 864 3615 917 ταῦτα
3655 864 3787 933 ἐρῶ,
3816 863 3931 917 ἀλλ’
3982 864 4034 916 εί

2471 958 2566 1009 καὶ
2595 959 2707 1017 τοῖς
2740 955 2998 1025 συνήθεσι
3030 956 3124 1007 καὶ
3172 955 3538 1025 ἀνθρωπίνοις
3578 955 3907 1024 ἐχρησάμην
3948 954 4034 1006 λό-

2471 1065 2611 1115 γοιςο
2645 1048 2786 1118 πλὴν
2836 1042 2957 1099 οἶδα
2987 1048 3096 1099 τῶν
3129 1046 3419 1116 ἁμαρτιῶν
3448 1045 3608 1115 ἡμῶν
3661 1041 3800 1097 εἶναι
3826 1044 3923 1113 τὴν
3953 1044 4038 1095 aI-

2472 1138 2592 1190 τίαν
2626 1139 2722 1207 τῆς
2742 1138 2999 1207 τοιαύτης
3028 1138 3137 1191 τῶν
3170 1138 3424 1208 χαλεπῶν
3476 1136 3798 1198 ἐπιθέσεως.
3830 1136 3902 1187 Τὸ
3927 1134 4033 1205 γὰρ

2470 1227 2506 1280 ἃ.
2536 1230 2658 1297 μηδ’
2686 1227 2849 1282 ἄλλου
2882 1229 3027 1290 τινὸς
3075 1228 3435 1299 προλέγοντος
3485 1228 3707 1280 ἐλπίσαι
3757 1225 4033 1293 γενέσθαι,

2469 1319 2641 1371 ταῦτα
2672 1320 2802 1388 ἡμῖν
2827 1320 3091 1387 ἀπαντᾷν,
3146 1318 3310 1371 πόθεν
3349 1316 3593 1383 ἄλλοθεν,
3624 1318 3656 1387 ἢ
3690 1317 3749 1380 ἐξ
3775 1312 3842 1386 ἧς
3884 1312 4038 1368 εἶπον

2470 1411 2647 1472 αἰτίας
2679 1409 2791 1479 ἔχει
2825 1413 2925 1478 τὴν
2977 1410 3224 1475 γένεσινς
3259 1409 3476 1480 Θορυδῇ
3530 1410 3631 1478 τὴν
3661 1408 3842 1477 ψυχὴν
3878 1407 4036 1471 ἴσως,

2470 1500 2658 1552 τέκνον
2710 1501 2867 1569 ἡμῶν
2903 1501 3219 1569 ἱερώτατον,
3276 1501 3465 1570 ὥσπερ
3524 1500 4040 1569 ἐπικεκαλυμμένης

2472 1591 2805 1662 προσιούσης
2868 1609 2947 1645 σοι
2987 1593 3085 1661 τῆς
3137 1595 3415 1663 ἡμετέρας
3476 1594 3788 1663 ἀλγηδόνος.
3828 1592 4041 1645 Οὐκοῦν

2467 1682 2529 1734 τὸ
2558 1684 2788 1752 πρᾶγμα
2821 1683 3173 1754 ἐκδηλότερον
3207 1686 3470 1754 μάνθανε.
3519 1686 3577 1738 Ὀ
3600 1686 3693 1738 τοῦ
3725 1686 4035 1757 Δυρραχίου

2473 1773 2880 1844 μητροπολίτης
2916 1776 2982 1827 τὰ
3022 1774 3257 1828 ἐνταῦθα
3299 1774 3646 1840 καταλαϐὼν,
3680 1776 3779 1828 οὐκ
3824 1771 3939 1829 οἶδα
3985 1776 4049 1826 τί

3458 1866 3784 1936 Ἐκκλησίας
3845 1867 4043 1921 ἐαυτὸν

2464 1956 2827 2026 ἀπομερίζειν
2850 1956 3130 2024 ἠγάπησεο
3177 1955 3367 2008 τοῦτον
3413 1954 3732 2017 πλειστάκις
3767 1955 4037 2023 παραινέ-

2466 2061 2634 2108 σεσ.ν,
2670 2046 2792 2097 ὅσαι
2819 2045 2928 2098 τῶν
2955 2045 3229 2098 ταπεινῶν
3252 2044 3474 2115 χειλέων
3502 2047 3659 2116 ἡμῶν
3697 2048 3851 2114 ἰσχὺν
3882 2044 4046 2113 ἔχου-

2465 2153 2516 2189 σι
2554 2137 2823 2206 προϊέναι,
2852 2138 2955 2206 τῆς
2994 2138 3200 2191 ἀτόπου
3228 2140 3452 2209 γνώμης
3495 2140 3843 2207 μετενεγκεῖν
3884 2138 4043 2189 ἐπει-

2466 2228 2731 2298 ράθημεν,
2765 2229 2882 2282 ἀλλ’
2939 2231 3021 2293 είς
3076 2231 3233 2283 κενὸν
3290 2230 3555 2301 ὤφθημεν
3590 2231 4040 2301 ῥαψῳδήσαντες.

2464 2322 2562 2373 Διὰ
2593 2321 2749 2374 τοῦτο
2778 2322 2913 2391 πρὸς
2942 2324 3042 2391 τὴν
3074 2322 3229 2392 ὐμῶν
3270 2323 3486 2377 σύνεσιν
3521 2322 3908 2393 ἐκπεμφθῆναι
3940 2324 4042 2373 αὐ-

2465 2414 2557 2466 τὸν
2593 2412 2757 2466 καλὸν
2790 2409 2930 2465 εἶναι
2958 2415 3319 2484 κεκρίκαμεν,
3371 2415 3688 2478 ἐλπίζοντες
3718 2414 3779 2466 τὸ
3810 2413 4038 2475 ἀπειθὲς

2469 2505 2635 2558 αὐτοῦ
2684 2508 2762 2568 είς
2806 2505 3121 2558 εὐπείθειαν
3168 2506 3313 2559 οὕτω
3363 2506 3779 2577 μετενεχθῆναι·
3816 2507 3933 2573 ἃμα
3982 2505 4046 2556 δὲ

2473 2595 2749 2649 καὶτοῦτο
2781 2597 3204 2667 ἐνθυμηθέντες,
3230 2599 3312 2650 δτι
3339 2597 3574 2651 ἐνταῦθα
3604 2582 3896 2665 διατρίϐων
3938 2596 4047 2648 ὑπὸ

2468 2688 2577 2741 τῶν
2610 2690 3108 2760 ἀποστατησὰντων
3136 2691 3234 2759 τῆς
3274 2689 3601 2758 Ἐκκλησίας
3623 2684 3711 2740 οἷα
3741 2689 3887 2749 εἰκὸς
3913 2687 4047 2740 καθ’

2470 2784 2710 2851 ἑκάστην
2765 2784 3083 2852 είσηγήσεις
3130 2782 3447 2852 λαμϐάνων,
3479 2782 3704 2852 ὕστερον
3737 2782 4051 2851 ὀφθήσεται

2471 2867 2606 2945 πρξξ
2639 2876 2697 2925 τὸ
2727 2878 2792 2944 τῇ
2842 2875 3142 2944 Ἐκκλησία
3177 2876 3517 2943 συναφθῆναι
3562 2874 4046 2944 δυσπειθέστερος.

2469 2968 2609 3036 Πρὸς
2642 2966 2784 3034 ὑμᾶς
2813 2966 2868 3017 δὲ
2903 2967 3276 3035 στελλόμενος,
3311 2968 3402 3020 καὶ
3454 2970 3507 3020 εί
3554 2985 3685 3020 τινα
3734 2967 4049 3037 πρόσληψιν

785 3058 915 3131 ἔσχε
969 3060 1064 3112 τοῦ
1129 3064 1227 3132 τῆς
1276 3066 1605 3136 Ἐκκλησίας
1649 3067 2001 3133 ἀποστατεῖν,
2041 3068 2240 3139 ῥᾳδίως
2289 3065 2557 3133 ἁποθήσει
2621 3063 2713 3131 τήν
2759 3080 2818 3113 τε
2872 3063 3037 3132 ἄλλην
3099 3063 3301 3132 ἀρετὴν
3356 3065 3452 3133 τῆς
3489 3062 3589 3131 σῆς
3624 3059 4051 3131 ἀρχιερωσύνης

783 3153 1269 3227 ἐξευλαϐούμενος,
1322 3162 1416 3213 καὶ
1451 3161 1549 3228 τὴν
1577 3162 1636 3228 ἐξ
1675 3162 1854 3232 ἀρχῆς
1903 3162 2217 3231 συνήθειαν,
2266 3161 2364 3214 καὶ
2413 3161 2546 3231 ὅσης
2606 3158 2930 3225 εὐεργεσίας
2969 3157 3121 3226 αὐτῷ
3174 3157 3434 3227 πρόξενος
3486 3158 3676 3223 ἐγένου
3715 3156 4052 3223 ἀναλογιζό-

786 3266 969 3315 μενος.
1009 3253 1056 3304 εἰ
1092 3253 1166 3320 μὴ
1200 3253 1311 3323 ἄρα
1346 3254 1489 3324 πρὸς
1533 3254 1627 3307 τὸν
1658 3256 1754 3309 τοῦ
1795 3255 1967 3310 Ἰούδα
2005 3256 2221 3325 βρόχον,
2264 3254 2441 3308 καὶεί
2473 3271 2555 3318 τις
2612 3252 2834 3305 ἐκείνων
2888 3251 3192 3321 παρόμοιος
3244 3252 3561 3314 κατένευσε,
3615 3251 3708 3302 καὶ
3737 3249 3823 3302 διὰ
3880 3250 4059 3303 τοῦτο

787 3344 1158 3413 φιλονεικήσει
1189 3345 1282 3397 τοῦ
1314 3347 1413 3415 τῆς
1458 3346 1787 3415 Ἐκκλησίας
1823 3347 2017 3400 ἑαυτὸν
2046 3349 2347 3418 ἀποτεμεῖν
2378 3346 2657 3416 σώματος.

1350 3463 1506 3519 CLII.
1558 3462 1797 3520 Incerto.

850 3576 996 3631 Nihil
1025 3577 1192 3640 aliud,
1235 3578 1305 3630 mi
1342 3577 1438 3643 (ili,
1471 3578 1536 3631 ad
1565 3587 1613 3631 te
1657 3578 1838 3632 scribo
1873 3578 1967 3647 qui
2015 3577 2239 3647 pr0prio
2269 3577 2357 3632 in~

784 3672 941 3740 genio
997 3672 1061 3723 ad
1110 3685 1269 3724 onine
1316 3670 1520 3723 bonum
1568 3678 1620 3724 et
1670 3669 1781 3723 Deo
1838 3680 2051 3739 gratum
2114 3671 2354 3737 duceris,

785 3762 890 3815 nisi
942 3769 1001 3813 ut
1047 3761 1293 3826 epistola:
1341 3762 1504 3830 hujus
1556 3761 1758 3816 latores
1804 3763 2251 3818 commendemus
2291 3779 2355 3819 ac

783 3865 969 3907 notum
1002 3854 1270 3908 faciamus
1302 3854 1425 3908 illos
1468 3856 1533 3907 ab
1565 3852 1807 3908 Ecclesia
1840 3853 1935 3908 Dei
1978 3865 2201 3925 propter
2229 3872 2351 3911 ser-

782 3947 1033 4009 vitutem,
1064 3947 1115 4000 id
1145 3958 1229 4000 est
1276 3962 1560 4017 cymarum
1599 3947 1801 4001 tributa
1833 3957 2049 4003 amatos
2076 3963 2220 4003 esse.
2268 3949 2355 4003 In-

782 4041 1089 4107 telligentiae
1144 4050 1245 4092 tuae
1312 4040 1588 4109 nrgotium
1632 4052 1713 4093 cst
1794 4056 1853 4093 re
1891 4041 2095 4104 audita,
2130 4042 2248 4095 illos
2290 4043 2356 4095 ab

780 4134 925 4184 ou-ni
955 4131 1169 4199 publica
1203 4132 1464 4184 servitute
1495 4142 1547 4184 et
1571 4130 1858 4185 vexatione
1880 4131 2141 4185 liberatos
2174 4132 2353 4196 tueri;

782 4222 1120 4289 impossibile
1153 4230 1255 4283 est,
1292 4221 1372 4275 uti
1420 4222 1533 4288 ipse
1584 4220 1747 4281 nosti,
1802 4220 2085 4289 vectigalia
2139 4221 2355 4290 publica

780 4312 989 4366 solvere
1024 4319 1075 4363 ct
1111 4310 1307 4363 tributa
1362 4310 1637 4372 coalerre,
1681 4309 1749 4362 ab
1786 4309 2027 4363 Ecclesia
2069 4312 2352 4379 imperata.

783 4404 853 4455 De
882 4411 1097 4468 caetero,
1131 4403 1334 4468 valeas,
1372 4403 1443 4456 mi
1481 4404 1573 4468 lili,
1608 4412 1662 4456 et
1690 4403 1964 4457 custodiat
1998 4414 2049 4456 te
2084 4402 2351 4460 Dominus

776 4494 881 4547 sub
933 4495 1125 4548 umbra
1159 4496 1369 4548 alarum
1418 4511 1666 4560 suarum,
1701 4504 1761 4549 ut
1794 4510 2044 4551 asoeram
2076 4506 2127 4551 et
2159 4497 2351 4551 duram

779 4589 901 4639 vitze
932 4588 1072 4643 viam
1108 4588 1367 4657 perlicere
1403 4590 1605 4657 possis.

3010 3461 3181 3517 PNB’.
3214 3460 3468 3526 Ἀδήλιμ

2527 3579 2693 3633 Οὐδὲν
2727 3577 2856 3632 ἄλλο
2880 3577 3018 3648 πρὸς
3051 3577 3150 3648 τὴν
3173 3577 3327 3647 ὑμῶν
3360 3576 3599 3641 σύνεσιν,
3631 3576 3823 3631 τέκνον
3852 3578 4048 3647 ἡμῶν,

2455 3669 2952 3740 αὐτοπαράκλητον
2985 3668 3151 3722 οὖσαν
3207 3668 3346 3739 πρὸς
3382 3668 3442 3721 τὸ
3475 3668 3641 3721 καλὸν
3700 3672 3795 3721 καὶ
3838 3668 4050 3741 θιάρε-

2455 3781 2579 3817 στον
2615 3762 2961 3833 γράφομεν,ἢ
2990 3762 3152 3833 μόνον
3182 3762 3308 3814 ὅσον
3340 3762 3419 3823 είς
3438 3761 3501 3813 τὸ
3528 3762 3884 3832 παραστῆσαι
3909 3764 4050 3824 τοὺς

2452 3854 2953 3925 ἐπικομιζομένους
3010 3854 3072 3907 τὸ
3121 3854 3382 3925 γράμμα,
3440 3854 3537 3908 καὶ
3586 3855 3854 3924 γνωρίσαι
3905 3857 4051 3925 ύμῖν

2460 3950 2638 4019 ὅτιτῇ
2676 3948 2773 4002 τοῦ
2825 3949 2960 4001 Θεοῦ
3014 3948 3224 4018 μεγάλῃ
3288 3947 3587 4017 Ἐκκλησία
3618 3947 3753 4017 πρὸς
3803 3949 3904 4016 τὴν
3942 3950 4052 4001 ἀπ’

2458 4042 2634 4110 ἀρχῆς
2692 4041 3097 4110 ἀποταχθεῖσαν
3148 4040 3482 4111 ὑπηρεσίαν,
3524 4041 3759 4108 λέγομεν
3810 4041 3877 4112 δὴ
3940 4043 4052 4112 τὴν

2457 4138 2557 4204 τῆς
2586 4136 2843 4206 κράμϐης
2877 4136 3207 4200 συντέλειαν,
3253 4139 3633 4206 ἀφωρισμένοι
3672 4137 4046 4205 τυγχάνουσι.

2457 4227 2557 4280 Σὺν
2604 4221 2699 4279 οὖν
2738 4229 2854 4279 ἐστι
2899 4229 2995 4281 καὶ
3044 4228 3143 4297 τῆς
3194 4227 3294 4297 σῆς
3325 4228 3597 4298 ἔμφρονος
3624 4230 3851 4297 γνώμης
3874 4228 4055 4281 τοῦτο

2458 4317 2684 4386 μαθόντι
2712 4319 3041 4389 διατηρῆσαι
3072 4320 3271 4382 αὐτοὺς
3314 4319 3543 4388 ἀϐαρεῖς
3581 4320 3679 4390 τῆς
3720 4319 3893 4387 ἄλλης
3940 4322 4047 4373 τοῦ

2452 4410 2715 4479 δημοσίου
2757 4400 3111 4480 περιαγωγῆς
3164 4411 3260 4461 καὶ
3296 4408 3698 4479 περιστάσεως.
3744 4408 4052 4463 Ἀδύνατον

2452 4501 2585 4571 γάρ,
2622 4500 2697 4563 ὡς
2737 4500 2833 4553 καὶ
2867 4499 3027 4562 αὐτὸς
3076 4499 3459 4564 ἐξεπίστασαι,
3515 4502 3637 4561 ταῖς
3679 4516 3738 4551 τε
3789 4499 4054 4571 λειτουρ-

2452 4591 2602 4657 γίαις
2630 4590 2725 4642 τοῦ
2753 4588 3016 4658 δημοσίου
3065 4590 3398 4656 ὑπάγεσθαι,
3444 4592 3540 4642 καὶ
3592 4590 3693 4661 τὴν
3742 4590 3803 4654 ἐξ
3853 4592 4053 4662 ἀρχῆς

777 4684 1179 4753 ἁπνιταχθείσαν
1209 4686 1395 4748 αὐτοῖς
1429 4688 1484 4739 ἐν
1515 4689 1581 4755 τῇ
1632 4685 1933 4756 Ἐκκλησία
1995 4686 2270 4738 ἐπιτελεῖν
2319 4687 2708 4756 συνεισφοράν.
2782 4686 2862 4739 Τὰ
2891 4686 2934 4737 δ’
2963 4686 3098 4739 ἄλλα
3151 4686 3465 4757 ἐρῤωμὲνον
3518 4702 3578 4738 σε
3641 4687 3982 4755 διαφυλάξοι
4021 4693 4052 4741 ὁ

780 4777 1021 4845 Κύριος,

776 4871 1089 4936 ἑξανύοντα.

935 4989 1114 5044 CLIII.
1152 4988 1435 5042 Theodosio
1469 4991 1720 5043 monacho
1747 5001 1793 5043 et
1820 4990 2174 5043 cubicularii).

849 5106 966 5159 Alia
1021 5107 1087 5158 de
1142 5105 1426 5160 monachis
1457 5120 1898 5172 speraveramus.
1945 5119 2009 5157 ac
2038 5122 2157 5173 quae
2190 5106 2345 5159 nobis

779 5186 874 5266 μοι·
917 5196 1126 5250 litteras
1185 5195 1535 5249 manifestata
1588 5208 1715 5250 sunt
1777 5214 1791 5250 :
1856 5211 2050 5264 nempe
2090 5211 2185 5250 eos
2237 5211 2343 5249 non

778 5304 944 5359 parvo
986 5287 1226 5342 fruentes
1273 5288 1535 5342 beneficio
1577 5303 1669 5357 per
1711 5290 2073 5342 reverentiam
2105 5298 2342 5343 vestram

777 5380 976 5434 collato
1022 5394 1303 5447 nunquam
1339 5385 1445 5432 tua:
1476 5378 1821 5435 liberalitatis
1870 5380 2189 5434 memoriam
2223 5395 2346 5435 esse

779 5473 1101 5530 amissuros.
1120 5472 1210 5525 sed
1232 5487 1325 5540 per
1345 5480 1512 5525 totam
1529 5471 1693 5526 vitam
1713 5473 1907 5527 merita
1931 5474 2137 5528 meritis
2162 5488 2353 5543 repen-

777 5574 995 5619 saturos
1024 5573 1079 5616 et
1109 5562 1506 5619 benefactorcm
1543 5581 1640 5633 pm
1681 5565 1889 5619 viribus
1918 5566 1971 5619 in
2010 5567 2216 5621 honore
2248 5567 2349 5620 ha-

782 5658 1011 5711 bituros.
1045 5653 1198 5710 Nunc
1227 5667 1405 5711 autem
1434 5657 1564 5726 quid
1588 5657 1803 5711 dicam?
1833 5656 2026 5711 Dolore
2053 5673 2348 5727 oppressus

787 5763 906 5802 cum
932 5746 1201 5815 Propheta
1234 5748 1513 5803 clamabo:
1544 5767 1561 5799 ι
1591 5748 1747 5802 Salva
1774 5765 1879 5815 ine,
1928 5747 2175 5813 Domine,
2207 5764 2347 5818 quo-

790 5856 935 5895 niam
970 5841 1165 5896 dcl'ccit
1200 5849 1444 5905 sanctus,
1474 5841 1729 5909 ιιιιυιιὶσιιι
1767 5842 2019 5897 veritates
2049 5841 2349 5896 imminuta:

1064 4777 1252 4831 τέκνον
1283 4776 1465 4847 ἡμῶν,
1490 4776 1593 4829 ὐπδ
1619 4779 1685 4848 τῇ
1722 4777 1906 4842 σκέπη
1923 4776 2031 4830 τῶν
2062 4777 2355 4847 πτερύγων
2405 4776 2597 4840 αὐτοῦ,
2638 4777 2738 4845 τὴν
2774 4776 3061 4845 ἀνώμαλον
3118 4778 3211 4830 καὶ
3248 4776 3552 4830 πολύπονον
3609 4776 3705 4829 τοῦ
3763 4778 3886 4847 βίου
3916 4781 4051 4834 ἀδζν

2377 4996 2419 5049 D
2486 4992 2651 5043 PNI".
2709 4988 3006 5051 Θεοδοσίῳ
3038 4986 3285 5056 [wrang
3342 4986 3439 5039 καὶ
3496 4987 4012 5057 κουϐουκλεισίῳ.

2530 5105 2732 5167 ’Λλλας
2763 5104 3067 5175 ἐτρέφομεν
3095 5102 3319 5165 ἐλπίδας
3360 5102 3453 5153 ἐπὶ
3504 5104 3618 5165 τοῖς
3670 5103 4044 5172 μονάζουσιν,

2455 5200 2487 5269 ἢ
2520 5198 2712 5259 ὁποίας
2746 5197 2841 5249 νῦν
2874 5198 2961 5249 διὰ
3002 5194 3097 5248 τοῦ
3132 5196 3462 5266 γράμματος
3492 5194 3761 5263 ἔγνωμεν.
3811 5197 3904 5259 Ὠς
3954 5203 4050 5251 εἰ-

2454 5292 2547 5353 κὸς
2577 5291 2685 5359 γὰρ
2724 5289 3026 5357 ἠλπίζομεν
3056 5289 3155 5340 οὐκ
3186 5287 3375 5354 ὀλίγης
3404 5287 3727 5356 εὐεργεσίας
3779 5289 4050 5343 ἀπολαύ-

2455 5398 2653 5442 σαντας
2692 5379 2889 5442 αὐτοὺς
2918 5379 3075 5448 παρὰ
3103 5379 3203 5447 τῆς
3234 5378 3387 5446 ὑμῶν
3436 5377 3715 5445 ὁσιότητος
3757 5380 3819 5430 οὐ
3864 5382 4052 5450 μόνον

2449 5471 2624 5534 οὕτως
2652 5472 2711 5525 ἐν
2750 5470 2944 5541 βραχεῖ
2971 5469 3151 5539 καιρῷ
3193 5468 3549 5537 ἐπιλελῆσθαι
3586 5469 3688 5537 τῆς
3747 5469 3848 5538 σῆς
3891 5473 4053 5540 ἀγα.

2451 5562 2551 5633 θῆς
2580 5563 2980 5633 προαιρέσεως,
3026 5561 3165 5615 ἀλλά
3199 5566 3293 5614 καὶ
3334 5562 3425 5614 τὸν
3477 5561 3657 5615 πάντα
3690 5561 3804 5630 βίον
3839 5563 4052 5617 διατε-

2449 5657 2631 5709 λέσειν
2700 5653 3207 5723 εὐγνωμονοῢντας,
3268 5653 3362 5704 καὶ
3412 5653 3505 5704 τὸν
3564 5654 3869 5722 εὐεργέτην
3923 5657 4049 5727 ὅση

2448 5749 2678 5817 δύναμις
2708 5745 3135 5812 ἀντιδεξιοῦσθαι
3164 5747 3283 5808 ταῖς
3311 5745 3629 5815 θεραπείαις
3671 5747 4043 5810 σπουδάζειν,

2448 5841 2563 5895 Νῦν
2592 5842 2645 5895 δὲ
2681 5840 2731 5893 τί
2776 5841 2955 5905 sinu;
3022 5838 3316 5906 Ἐξάγομαι
3377 5838 3481 5908 γὰρ
3530 5838 3632 5890 ὑπὸ
3667 5838 3762 5905 τῆς
3813 5837 4041 5907 λύπης,
