4208 6432
819 399 921 462 383

1908 407 2215 470 NlCOLAI
2258 406 2367 465 (ΣΡ.
2410 404 2920 470 PATRIARCHA'I

3958 413 4070 473 38l

824 512 991 564 nebit.
1026 511 1081 565 Si
1116 514 1279 583 hujus
1326 515 1400 568 rei
1426 514 1612 583 gratia
1644 518 1969 588 alnigeretur
2012 521 2255 573 animus.
2284 514 2392 566 noli
2429 527 2473 581 Α

2429 527 2473 581 Α
2503 517 2592 570 ναί
2617 534 2769 581 τινας
2814 520 2922 571 τῶν
2962 520 3435 587 κουϐουκλεισίων,
3469 523 3583 576 ἀλλ’
3624 526 3703 588 είς
3732 526 3821 579 τὸν
3844 525 3935 577 σὸν
3969 521 4072 577 καὶ

818 604 1088 659 sollicitus
1126 620 1283 670 esse;
1328 607 1456 671 imo,
1489 611 1817 664 concedente
1853 610 1985 671 Deo,
2033 622 2084 662 te
2144 608 2210 660 ab
2245 605 2392 659 omni

814 690 1126 751 inﬁrmitate
1161 698 1443 752 liberatum
1480 716 1599 754 esse
1630 700 1787 755 nobis
1814 700 2112 755 nuntiahis.

2504 607 2768 675 ἡμέτερον
2823 609 2975 661 οὐδὲν
3017 610 3256 662 τοιοῦτον
3284 611 3407 664 οὔτε
3446 615 3688 680 γέγονεν,
3746 617 3869 669 οὔτε
3898 614 4074 682 γενή-

2507 712 2680 750 σεται.
2728 697 2918 749 Ἔσται
2967 699 3024 750 δὲ
3081 699 3269 770 ὥσπερ
3304 702 3409 771 πρὸ
3448 706 3636 759 τούτου
3667 707 3726 757 ὲν
3771 705 3848 773 τῷ
3874 706 4071 772 οἰκείῳ

819 785 996 853 μένων
1052 785 1342 857 ἀξιώματι,
1402 790 1495 842 καὶ
1549 792 1646 859 τῆς
1700 793 1845 845 κατά
1880 792 2175 860 πρόσωπον
2218 788 2376 856 ἡμῶν
2420 787 2494 857 μὴ
2518 789 2993 860 ἀποστερούμενος
3045 794 3475 861 παραστάσεως·
3543 796 3685 849 ὥστε
3720 799 3772 850 εἷ
3813 814 3865 848 τι
3893 798 4069 865 χάριν

816 875 1006 927 τούτου
1061 879 1409 948 παρηνώχλει
1469 883 1535 949 τῇ
1592 886 1658 952 σῇ
1716 884 1862 953 ψυχῇ
1914 882 2177 951 λυπηρὶν,
2225 880 2385 932 τοῦτο
2422 878 2653 947 ἀπόθου,
2719 883 2812 933 καὶ
2852 880 2987 933 Θεοῦ
3028 885 3421 948 κατανεύοντος
3492 886 3591 955 τῆς
3638 888 3847 951 τελείας
3886 886 4072 939 ἀπαλ-

815 967 985 1036 λαγῆς
1013 972 1111 1042 τῆς
1151 974 1457 1041 ἀρρωστίας
1479 977 1662 1047 ἡκέτω
1691 976 1760 1028 τὰ
1786 976 2103 1043 εὐαγγέλια.

1190 1106 1370 1164 CLVI.
1412 1110 1645 1163 Romano
1678 1112 2010 1178 imperatori.

888 1241 1107 1297 Domine
1153 1250 1206 1297 et
1237 1245 1332 1309 lili,
1384 1245 1680 1313 glorilicate
1737 1248 1791 1299 in
1839 1247 1967 1298 Deo.
2014 1242 2168 1296 Sicut
2232 1240 2385 1308 plaga

818 1347 1009 1401 magna
1031 1343 1084 1387 et
1111 1336 1369 1388 acerbum
1398 1335 1633 1390 allerens
1654 1339 1895 1391 dolorem
1923 1336 2025 1388 fuit
2050 1344 2140 1388 tua
2169 1348 2199 1386 α
2230 1329 2387 1385 nobis

817 1426 1113 1491 separatio.
1151 1428 1399 1480 Altamen
1430 1429 1861 1490 consideremus,
1892 1427 2038 1496 quod
2066 1434 2120 1480 et
2143 1425 2231 1477 hic
2250 1423 2391 1477 sicut

819 1515 871 1566 in
911 1518 1120 1572 caeteris
1143 1520 1398 1574 omnibus
1418 1535 1477 1574 se
1496 1519 1897 1574 benefactorem
1918 1517 2205 1588 praebuerit
2227 1516 2385 1569 Deus.

821 1602 1024 1657 Etenim
1077 1606 1151 1675 si,
1203 1610 1346 1676 quod
1410 1608 1544 1671 dixi,
1608 1609 1933 1663 necessitate
1985 1607 2237 1675 contigit,
2296 1602 2383 1656 cui

817 1695 996 1762 potius
1044 1699 1407 1765 scparationis
1456 1700 1614 1753 dolor
1664 1699 1921 1756 ferendus
1968 1708 2086 1753 erat
2136 1717 2148 1751 :
2191 1697 2379 1757 tibine,

2855 1104 2947 1157 PN
2956 1108 3007 1170 ς,-
3007 1112 3043 1158 ’.
3080 1106 3091 1123 '
3107 1109 3240 1175 Ρωμ
3255 1107 3381 1174 ἄνῳ
3415 1109 3681 1173 βασιλεῖ.

2554 1238 2799 1290 Δέσποτα
2836 1239 2930 1292 καὶ
2971 1238 3163 1292 τέκνον
3202 1241 3593 1311 δεδοξασμένον
3638 1243 3742 1296 ὑπὸ
3788 1244 3949 1310 Θεοῦ,
3982 1247 4071 1309 ὡς

2493 1326 2593 1394 μὲν
2626 1330 2658 1396 ἡ
2690 1328 2874 1398 πληγὴ
2905 1331 3117 1400 μεγάλη
3150 1332 3242 1384 καὶ
3285 1334 3492 1402 πικράν
3535 1336 3777 1405 φέρουσα
3813 1336 3909 1403 τὴν
3940 1336 4074 1387 ὀδύ-

2492 1434 2589 1486 νην
2620 1419 2652 1490 ἢ
2681 1419 2918 1490 ἐκείνην,
2964 1422 3104 1491 ὅπερ
3129 1422 3223 1476 καὶ
3246 1423 3468 1491 γέγονεν
3501 1423 3558 1490 ἐξ
3593 1427 3753 1495 ήμῶν
3792 1428 4070 1497 χωρισθῆ-

2496 1525 2625 1560 ναι·
2662 1508 2991 1578 σκεψώμεθα
3040 1512 3154 1576 οῦν,
3185 1514 3268 1567 ὅτι
3308 1515 3402 1566 καὶ
3440 1515 3499 1567 ἐν
3548 1515 3725 1585 τούτῳ
3768 1518 3955 1587 ὥσπερ
4007 1521 4074 1570 ἐν

2494 1602 2606 1662 τοῖς
2636 1600 2838 1664 ἀλλοις
2890 1602 3253 1672 εὐεργέτησεν
3282 1607 3428 1675 ἡμᾶς
3469 1609 3497 1659 6
3522 1608 3670 1669 Θεός.
3704 1609 3763 1659 Εἰ
3796 1608 3902 1678 γάρ
3925 1610 4075 1677 ὅπερ

2492 1685 2647 1743 εἷπον
2676 1694 2888 1764 ἀνάγκη
2943 1696 3236 1767 συμϐῆναι,
3291 1699 3413 1751 τίνα
3462 1699 3665 1767 μᾶλλον
3730 1700 3836 1752 ἔδει
3867 1698 3969 1769 τὴν
4003 1703 4075 1752 ὲκ

816 1789 908 1855 qui
959 1790 1148 1843 fortior
1178 1793 1230 1844 in
1265 1793 1563 1848 tolerandis
1617 1779 1879 1857 miseriis,
1909 1809 1975 1846 an
2010 1792 2083 1844 illi
2112 1804 2232 1859 qua:
2256 1802 2379 1840 mu-
2415 1799 2458 1853 Β

2417 1799 2458 1853 Β
2489 1781 2580 1833 τοῦ
2610 1783 2975 1857 διαχωρισμοῦ
3024 1789 3311 1858 ὑπομεῖναι
3361 1790 3589 1860 ὀδύνην,
3655 1791 3713 1843 σὲ
3761 1792 3852 1844 τὸν
3906 1792 4079 1845 δυνά-

817 1880 969 1933 liebri
1017 1880 1306 1950 fragilitate
1330 1885 1552 1938 omnino
1583 1885 1828 1948 cadebat,
1864 1890 1918 1937 et
1954 1882 2157 1936 doloris
2189 1879 2375 1949 gravi-

820 1979 928 2022 tate
969 1970 1231 2039 imposita
1283 1972 1469 2044 (quem
1511 1974 1716 2027 utinam
1752 1974 2041 2027 avertisset
2083 1970 2285 2031 Deus!)
2318 1967 2385 2021 de

816 2063 991 2127 seipsa
1040 2066 1339 2131 desperans
1394 2075 1447 2118 et
1497 2080 1606 2133 pra:
1656 2065 1845 2119 dolere
1914 2065 1967 2116 in
2024 2058 2385 2115 contumelias

817 2161 1006 2204 contra
1053 2152 1219 2205 Deum
1253 2161 1307 2206 et
1357 2154 1725 2223 blaspliemias
1774 2151 2056 2222 prorupit?
2106 2148 2252 2204 llanc
2289 2146 2383 2200 tibi

819 2246 962 2301 Deus
1020 2255 1238 2300 creator
1283 2256 1333 2301 ct
1384 2248 1638 2302 connubii
1698 2256 1891 2303 auctor
1954 2246 2314 2313 conjunxerat
2371 2258 2385 2295 :

816 2339 1018 2406 gratias
1058 2353 1287 2407 agamus
1343 2355 1440 2407 pro
1494 2338 1770 2393 beneﬁciis
1817 2339 2017 2408 quibus
2059 2335 2390 2405 perfruimur

814 2430 969 2496 juxta
1042 2430 1440 2497 beneplaeitum
1503 2429 1679 2497 ipsius
1725 2446 1741 2497 ;
1815 2444 2000 2483 curam
2054 2428 2215 2479 habet
2266 2426 2390 2478 vitae

818 2532 1017 2572 nostr:e
1060 2528 1111 2570 et
1188 2520 1309 2572 vita:
1365 2519 1609 2573 onmium
1656 2519 1992 2573 credentium
2069 2517 2124 2569 in
2187 2517 2386 2583 ipsum,

816 2627 1047 2678 quorum
1083 2621 1138 2663 tu
1184 2610 1348 2663 etiam
1403 2626 1483 2673 es,
1517 2611 1769 2676 domine;
1810 2610 1875 2664 ad
1902 2609 2183 2663 utilitatem
2209 2606 2393 2674 dirigit

817 2703 1051 2771 negotia.
1099 2703 1440 2771 Abjieiamus
1499 2717 1629 2771 ergo
1682 2718 1880 2773 pravas
1962 2700 2290 2770 cupiditates
2339 2703 2393 2752 et

816 2795 1094 2849 tristitiam
1140 2811 1206 2848 ne
1266 2811 1365 2863 pro
1396 2796 1638 2864 querelis
1669 2796 1867 2850 nostris
1893 2805 2083 2848 contra
2128 2793 2389 2863 judicium

818 2886 1058 2939 divinum
1088 2887 1537 2942 condemnemur.
1563 2886 1694 2952 Quae
1723 2887 1915 2941 beatus
1946 2886 2201 2954 propheta
2228 2884 2391 2938 David

817 2977 883 3029 dc
911 2976 1021 3029 tilio
1064 2990 1164 3031 suo
1193 2976 1352 3039 dixit,
1422 2977 1589 3046 probe
1649 2976 1817 3037 nosti,
1873 2984 1927 3029 et
1976 2977 2040 3029 de
2102 2975 2204 3028 hoc
2255 2974 2392 3028 scri-

822 3070 950 3122 bere
981 3068 1314 3136 superﬂuum
1366 3069 1622 3131 videtur;
1665 3070 1755 3122 sed
1798 3078 2107 3122 exterorum
2149 3068 2388 3121 virorum

820 3160 1330 3229 magnanimitatem
1358 3160 1427 3213 ob
1456 3160 1869 3215 similitudinem
1899 3159 2103 3212 citabo.

894 3524 948 3575 ln
1019 3523 1391 3576 Ronianornm
1456 3524 1727 3591 imperio,
1785 3531 2079 3592 antequam
2138 3522 2393 3577 Christus

826 3614 967 3667 lli-us
1051 3631 1164 3669 suae
1228 3615 1481 3682 potestati
1546 3615 1910 3684 subjecisset,
1974 3616 2194 3683 quidam
2262 3614 2394 3667 vixit

824 3705 1106 3760 .15milius.
1172 3704 1227 3758 Si
1303 3705 1541 3759 hominis
1606 3722 1802 3760 nomen
1865 3716 1919 3761 et
1980 3714 2234 3759 virtutem
2297 3720 2393 3757 co-

822 3812 1087 3865 gnoscere
1130 3796 1249 3859 vis,
1314 3797 1401 3849 hic
1447 3797 1662 3850 duobus
1702 3798 1828 3851 liliis
1880 3798 2069 3851 eodem
2122 3796 2210 3850 die
2245 3811 2393 3848 mor-

826 3889 972 3950 tuis,
1035 3891 1274 3942 animam
1330 3888 1522 3941 dolore
1577 3886 1850 3957 perlrangi
1904 3903 2008 3939 non
2068 3886 2393 3952 sivit,|n:c

822 3981 953 4049 quid
974 3981 1153 4036 simile
1187 3994 1381 4049 passus
1413 3989 1493 4033 est
1528 3980 1673 4047 quod
1709 3979 2066 4047 experiuntur
2090 3978 2124 4030 ii
2152 3978 2242 4046 qui
2277 3992 2396 4031 sese

827 4081 1048 4141 propter
1110 4080 1356 4125 mortuos
1413 4070 1733 4124 dilacerant.
1796 4067 1938 4134 Quid
2003 4070 2167 4138 igitur
2219 4068 2380 4137 egit?

830 4181 849 4215 ι
891 4161 1111 4215 Gratias
1180 4177 1301 4231 ago,
1356 4162 1515 4222 dixit,
1560 4161 1704 4228 quod
1781 4174 1878 4229 per
1956 4174 2120 4212 omne
2184 4168 2397 4227 tempus

825 4268 935 4320 quo
988 4253 1128 4306 Deus
1205 4253 1379 4306 voluit
1448 4261 1506 4306 ut
1589 4253 1852 4315 viverent,
1914 4251 1981 4304 de
2045 4266 2111 4304 eo
2182 4252 2397 4321 gavisus

827 4345 928 4398 sim
954 4346 1096 4412 quod
1153 4360 1218 4396 ex
1273 4344 1481 4398 semine
1525 4358 1646 4397 meo
1700 4343 1867 4411 geniti
1909 4351 2114 4396 essent.
2165 4342 2269 4395 Sed
2331 4356 2398 4394 ne

2488 1888 2647 1941 μενον
2703 1878 2902 1945 μᾶλλον
2951 1879 3244 1950 ὑποφέρειν
3293 1881 3355 1932 τδ
3414 1880 3599 1948 ἄλγος,
3639 1882 3671 1949 ἢ
3722 1881 3938 1948 ἐκείνην
3965 1882 4077 1951 τὴν

2484 1962 2571 2015 διὰ
2616 1965 2714 2035 τὴν
2782 1971 3101 2034 γυναικείαν
3151 1969 3440 2025 ἀσθένειαν
3504 1970 3805 2041 μέλλουσαν
3860 1988 4075 2023 παντε-

2486 2055 2596 2115 λῶς
2636 2056 2907 2123 ὀκλάζειν,
2942 2059 3037 2112 καὶΙ
3071 2060 3207 2129 πρὸς
3245 2062 3305 2111 τὸ
3348 2062 3512 2130 βάρος
3539 2061 3638 2130 τῆς
3668 2060 3858 2131 ὀδύνης
3902 2060 4076 2131 εἰπερ

2490 2146 2713 2215 συνέϐη,
2747 2149 2775 2200 ὃ
2805 2148 2878 2219 μὴ
2904 2149 3159 2220 βούληται
3203 2152 3231 2202 6
3281 2150 3414 2212 Θεὸς
3456 2149 3750 2220 συμϐῆναι,
3784 2152 4077 2211 παντελῶς

2490 2239 2691 2308 ἑαυτῆς
2720 2240 3141 2307 ἀπογινώσκειν,
3174 2242 3265 2293 καὶ
3296 2242 3458 2310 τυχὸν
3485 2243 3575 2293 καὶ
3608 2244 3685 2304 εἰς
3713 2242 4079 2310 βλασφήμους

2490 2328 2787 2397 λογισμοὺς
2848 2330 2943 2380 καὶ
2993 2330 3182 2395 λόγους
3228 2329 3332 2380 ὑπὸ
3364 2329 3458 2381 τοῦ
3504 2328 3708 2392 πάθους
3740 2330 4079 2397 ὲξάγεσθαι;

2491 2418 2819 2483 Συνέζευξεν
2838 2422 3005 2491 αὐτὴν
3029 2423 3056 2472 6
3080 2421 3211 2482 Θεὸς
3232 2422 3260 2472 6
3286 2420 3525 2488 πλάστης
3555 2423 3648 2474 καὶ
3674 2424 4083 2489 νυμφαγωγός.

2491 2510 2994 2580 Εὑχαριστήσωμεν
3025 2511 3164 2580 ὑπὲρ
3215 2507 3290 2562 ὧν
3327 2511 3723 2581 ἀπηλαύσαμεν
3751 2514 3815 2581 τῇ
3858 2513 4083 2563 ἐκείνου

2492 2602 2713 2670 κρίσει·
2762 2600 2909 2669 αὐτῷ
2970 2602 3121 2669 μέλει
3174 2604 3303 2671 περὶ
3356 2603 3455 2671 τῆς
3510 2604 3669 2672 ἡμῶν
3701 2603 3796 2655 καὶ
3839 2604 3951 2654 τῶν
3985 2604 4085 2653 ἐπ’

2494 2692 2644 2761 αὑτῷ
2680 2693 3041 2755 πεποιθότων,
3078 2686 3173 2756 ὧν,
3200 2693 3459 2757 δέσποτα,
3510 2694 3605 2746 καὶ
3644 2693 3805 2753 αὐτὸς
3854 2694 4086 2760 τυγχά-

2494 2801 2605 2846 νεις
2637 2801 2651 2815 ·
2696 2784 2831 2854 πρὸς
2882 2784 2943 2836 τὸ
3000 2785 3278 2855 συμφέρον
3337 2783 3572 2851 διεξάγει
3629 2783 3697 2835 τά
3742 2782 4081 2851 πράγματα.

2503 2877 2784 2948 Ῥίψωμεν
2831 2878 2893 2929 τὸ
2942 2876 3137 2940 πάθος,
3170 2876 3572 2946 ἀποϐαλώμεθα
3603 2876 3703 2944 τὴν
3742 2877 4085 2944 κατήφειαν,

2496 2969 2581 3022 ἴνα
2619 2970 2692 3039 μὴ
2720 2968 2910 3040 ὥσπερ
2937 2968 3298 3036 γογγύζοντες
3332 2967 3757 3036 κατακριθῶμεν
3794 2968 3935 3018 κατά
3964 2966 4081 3033 τῆς

2499 3061 2646 3121 θείας
2670 3060 2925 3131 κρίσεως.
2952 3060 3033 3110 Τὰ
3059 3059 3155 3128 μὲν
3176 3059 3269 3111 τοῦ
3302 3056 3571 3127 μακαρίου
3603 3058 3885 3126 προφήτου
3908 3056 4090 3107 Δαόἲδ

2496 3153 2585 3203 ἐπὶ
2620 3150 2697 3221 τῷ
2725 3151 2874 3204 παιδὶ
2908 3149 3094 3213 αὑτοῦ,
3127 3143 3243 3201 οἶδα
3297 3150 3377 3201 ὅτι
3413 3148 3725 3209 ὶπίστασαι,
3763 3149 3857 3199 καὶ
3883 3166 4093 3214 περιτ-

2494 3242 2583 3294 τόν
2615 3243 2733 3294 ἐστι
2780 3242 2909 3312 περὶ
2959 3240 3148 3293 τούτου
3198 3242 3431 3309 γράφειν
3465 3240 3633 3308 ἡμᾶς.
3682 3237 3823 3290 Ἀλλ’
3864 3238 4087 3307 ἑτέρων

2494 3333 2662 3384 τινῶν
2698 3331 3091 3401 μεγαλοψύχων
3121 3331 3328 3401 ἀνδρῶν
3364 3331 3447 3399 ἐφ’
3482 3330 3688 3392 ὁμοίοις
3740 3328 3938 3381 πάθεσι
3988 3347 4059 3397 με
4082 3360 4093 3367 -

2495 3424 2835 3493 γαλοψυχίαν
2863 3424 3221 3493 διηγήσομαι.

2578 3515 2829 3581 Ἐγένετό
2857 3531 2938 3577 τις
2986 3517 3042 3566 ἐν
3067 3517 3132 3582 τῇ
3171 3513 3453 3582 Ῥωμαϊκῇ
3503 3511 3749 3581 πολιτείᾳ
3787 3510 3942 3562 οὔπω
3986 3511 4093 3562 τοῦ

2496 3605 2730 3675 Χριστοῦ
2766 3608 2859 3657 καὶ
2906 3605 3040 3657 Θεοῦ
3093 3606 3250 3673 ἡμῶν
3275 3605 3342 3657 τά
3391 3604 3678 3671 Ῥωμαῖκά
3714 3604 3976 3671 σκῆπτρα.
4016 3608 4093 3673 τῇ

2496 3694 2691 3747 ἑαυτοῦ
2720 3693 3085 3758 ὑποτάξαντος
3115 3693 3354 3762 ἐξουσίᾳ,
3389 3694 3502 3745 ἀλλ’
3537 3694 3761 3759 ἐγένετό
3795 3710 3877 3752 τις
3911 3695 4099 3761 Αἰμί-

2497 3787 2630 3849 λιος.
2672 3786 2843 3853 ὄνομα
2882 3786 2958 3854 τῷ
2984 3786 3274 3854 ἀνθρώπῳ,
3306 3786 3358 3837 εῐ
3389 3800 3451 3848 γε
3475 3784 3664 3853 μαθεῖν
3694 3784 3786 3835 καὶ
3818 3784 3915 3852 τὴν
3948 3785 4098 3851 κλῆ-

2499 3893 2584 3929 σιν
2645 3874 2967 3943 ὲπιθυμεῖς·
3022 3873 3118 3925 καὶ
3174 3872 3267 3925 δύο
3315 3874 3520 3925 παίδων
3570 3874 3816 3943 ἀρρένων
3843 3874 3992 3925 κατά
4028 3876 4099 3925 τὸ

2498 3967 2630 4018 αὐτὸ
2664 3966 3026 4035 τεθνηκότων,
3063 3962 3164 4016 οὐκ
3203 3962 3442 4033 ἐκλάσθη
3494 3962 3593 4033 τὴν
3626 3964 3802 4031 ψυχὴν
3831 3964 3936 4015 ὑπὸ
3983 3966 4092 4016 τοῦ

2499 4058 2730 4121 πάθους,
2790 4058 2891 4109 οὐκ
2948 4056 3116 4108 ἔπαθέ
3168 4072 3221 4106 τι
3262 4054 3503 4106 τοιοῦτον
3538 4051 3649 4106 οἷον
3691 4055 3997 4121 πάσχουσιν
4038 4058 4097 4106 οἱ

2499 4148 2823 4214 κοπτόμενοι
2869 4144 2960 4196 ἐπὶ
3005 4146 3115 4205 τοῖς
3144 4146 3358 4212 νεκροῖς
3383 4161 3396 4174 ·
3432 4144 3567 4196 ἀλλά
3597 4144 3685 4207 τίς
3737 4144 4099 4212 Εὐχαριστῶ,

2500 4239 2623 4307 ἔφη,
2654 4239 2735 4290 ὅτι
2757 4235 2841 4305 ἐφ’
2867 4236 2990 4289 ὅσον
3021 4235 3209 4305 χρόνον
3233 4235 3523 4303 εὐδόκησεν
3560 4236 3588 4286 6
3620 4233 3751 4295 Θεὸς
3782 4234 3868 4284 ἐπ’
3899 4234 4102 4296 αὐτοῖς

2501 4327 2895 4399 εὐφρανθῆναι,
2951 4327 3050 4394 τὴν
3104 4326 3446 4394 εὐφροσύνην
3491 4324 3645 4394 ἔσχον
3676 4323 3758 4391 ἐφ’
3781 4318 3861 4385 οἷς
3890 4326 3954 4375 ἐκ
3992 4325 4099 4375 τοῦ

830 4450 974 4488 nunc
1028 4436 1246 4502 quidem
1297 4435 1568 4502 ingratum
1607 4449 1693 4486 me
1746 4434 2017 4501 praebebo,
2079 4431 2225 4500 quod
2277 4431 2397 4485 illos
2429 4452 2479 4508 ι)

2436 4452 2479 4508 D
2508 4417 2834 4488 σπέρματός⁸
2849 4434 2951 4485 μου
2984 4416 3357 4482 ἐϐλάστησαν·
3393 4415 3485 4465 καὶ
3504 4414 3598 4465 νῦν
3632 4414 3720 4465 ὅτε
3756 4412 3939 4479 ἔκρινε
3961 4414 4098 4464 τού-

830 4526 966 4578 tnori
1022 4526 1377 4578 decreveritJ
1415 4524 1539 4578 Fuit
1592 4533 1646 4578 et
1688 4525 1827 4577 alius
1880 4525 1961 4578 vir
2010 4524 2147 4576 inter
2176 4522 2396 4576 Graecos

831 4616 1240 4685 illustrisctuus
1273 4615 1441 4677 ﬁlius,
1479 4616 1532 4668 in
1567 4616 1671 4668 alia
1706 4615 1907 4683 degens
1933 4616 2175 4681 regione,
2210 4614 2400 4667 mortis

830 4708 984 4772 l‘alce,
1025 4707 1183 4762 sicuti
1224 4706 1344 4770 llos,
1402 4708 1651 4760 succisus
1689 4716 1809 4769 est;
1848 4714 2116 4759 venerunt
2153 4705 2398 4774 quidam,

829 4816 955 4853 eum
1009 4800 1174 4861 tristi,
1229 4808 1288 4852 ut
1316 4800 1603 4862 putabant,
1658 4798 1880 4861 nuntio;
1935 4812 2102 4865 quum
2159 4796 2402 4850 audisset

832 4902 982 4961 pater
1015 4894 1413 4964 magnanimus,
1452 4892 1583 4945 nihil
1616 4908 1673 4946 se
1704 4892 1984 4961 indignum
2019 4889 2144 4943 feeit
2170 4930 2183 4953 ,
2217 4901 2403 4959 peetus

831 5000 936 5037 non
971 4985 1262 5052 percussit,
1284 4987 1553 5055 Iacrytnas
1583 5000 1688 5036 non
1720 4984 1929 5044 ell‘udit,
1955 4981 2047 5037 sed
2087 4983 2151 5035 ad
2181 4983 2403 5036 nuntios

832 5077 968 5128 dixit
1004 5090 1018 5127 :
1066 5095 1083 5126 ι
1113 5075 1385 5144 Sciebam,
1410 5077 1595 5141 amici,
1629 5075 1908 5129 mortalem
1944 5090 1973 5128 a
2015 5090 2098 5128 me
2165 5074 2402 5143 genitum

835 5165 1020 5221 fuisse.
1053 5187 1070 5218 ι

907 5328 983 5380 ita
1018 5337 1073 5380 tu
1097 5343 1336 5396 quoque,
1379 5327 1625 5391 domine,
1645 5341 1706 5381 ea
1739 5326 2406 5397 quamdcditDcusintel-

835 5422 1055 5492 ligentia
1088 5424 1284 5485 stabis,
1303 5439 1402 5478 nec
1424 5424 1552 5494 quid
1585 5423 1791 5493 indigni
1816 5423 2016 5476 virtute
2036 5432 2127 5475 tua
2148 5422 2403 5475 commit-

840 5525 950 5580 tes;
972 5516 1181 5571 sciebas
1208 5518 1375 5581 enim,
1400 5532 1564 5585 quum
1583 5514 1992 5585 conjungereris
2010 5514 2087 5568 illi
2119 5530 2237 5568 cum
2264 5528 2410 5566 mor-

843 5606 937 5659 tali
979 5616 1028 5659 te
1066 5608 1353 5677 conjungi;
1386 5607 1459 5661 ita
1490 5608 1632 5662 enim
1666 5607 1783 5676 ejus
1812 5621 1998 5660 amore
2036 5621 2163 5676 erga
2190 5614 2407 5659 tcsum-

844 5714 1064 5764 mopere
1114 5700 1406 5767 gaudebas.
1472 5697 1550 5754 Ne
1604 5699 1770 5768 igitur
1820 5713 1967 5752 nunc
2007 5706 2058 5751 te
2108 5714 2302 5766 geras,
2353 5708 2410 5749 ut

847 5792 1007 5844 homo
1048 5809 1075 5843 a
1131 5796 1235 5847 tle-i
1270 5792 1589 5860 injuStitiam
1629 5806 1840 5860 passus,
1920 5801 2173 5846 tumstum
2213 5802 2261 5843 rt
2317 5794 2412 5843 tri-

2507 4526 2635 4571 τους
2685 4507 2888 4570 λαϐεῖν,
2952 4507 3053 4557 οὐκ
3107 4506 3302 4574 ἔσομαι
3355 4505 3673 4573 ἀχάριστος.
3719 4504 3912 4564 ’Λλλος
3947 4504 4103 4572 ἀνὴρ

2505 4598 2771 4667 ἐπίσημος
2807 4599 2864 4648 ὲν
2908 4598 3019 4657 τοῖς
3053 4593 3301 4663 Ἕλλησι.
3339 4593 3544 4645 Τούτου
3589 4594 3713 4653 παῖς
3747 4591 3931 4643 ἄλλοθί
3986 4611 4101 4644 που

2504 4689 2792 4758 διατρίϐων
2828 4690 2893 4757 τῇ
2925 4686 3020 4739 τοῦ
3055 4686 3288 4739 θανάτου
3335 4685 3574 4755 δρεπάνῃ
3596 4682 3781 4752 ὥσπερ
3804 4699 3887 4736 τις
3914 4684 4101 4754 ἐκόπη

2507 4780 2751 4851 βλαστός.
2811 4780 2921 4832 Καὶ
2969 4773 3104 4848 ἧκόν
3160 4794 3305 4840 τινες
3363 4776 3439 4838 ὡς
3497 4774 3747 4844 ἐνόμιζον
3808 4776 4102 4843 ὀδυνηρὰν

2506 4873 2846 4940 ἀπαγγελίαν
2873 4871 3213 4939 κομίζοντες.
3247 4866 3388 4922 Ἀλλ’
3410 4866 3650 4928 ἀκούσας
3671 4869 3698 4917 6
3724 4865 4103 4935 μεγαλόφρων

2506 4966 2709 5034 πατὴρ,
2773 4963 2924 5015 οὐδὲν
2954 4962 3155 5014 ἔπαθεν
3205 4961 3426 5025 ἀνάξιον
3470 4958 3570 5027 τῆς
3601 4956 3793 5007 ἑαυτοῦ
3838 4957 4051 5025 ἀρετῆς
4082 4974 4097 4985 ·

2506 5058 2605 5109 οὐκ
2664 5054 2921 5123 ἐκόψατο,
2974 5054 3075 5105 οὐκ
3131 5052 3457 5122 ὲθρήνησεν,
3504 5048 3619 5101 ἀλλ’
3653 5047 3757 5115 ἔφη
3792 5047 3931 5115 πρὸς
3958 5049 4099 5109 τοὺς

2506 5144 2966 5213 ἀπαγγείλαντας·
3013 5143 3389 5211 Ἢπιστάμην,
3438 5134 3483 5191 ὦ
3523 5134 3691 5201 οὗτοι,
3749 5138 3831 5190 ὃτι
3892 5136 4103 5206 θνητὸν

2508 5239 2793 5307 ἐγέννησα.

2580 5325 2736 5378 Οὕτω
2764 5325 2976 5388 καὶσὺ,
3010 5323 3264 5387 δέσποτα,
3312 5322 3378 5389 τῇ
3425 5317 3578 5386 παρά
3627 5315 3763 5369 Θεοῦ
3824 5314 4102 5388 δεδομένῃ

2511 5434 2592 5470 σοι
2646 5417 2906 5486 φρονήσει
2958 5412 3460 5479 συνδωτιθὲμενος,
3511 5408 3679 5479 μηδὲν
3720 5407 3943 5473 ἀνάξιον
3992 5410 4101 5477 τῆς

2512 5508 2612 5577 σῆς
2636 5504 3122 5575 μεγαλοφροσύνης
3147 5504 3377 5570 πάσχειν
3418 5499 3741 5568 ὐπομείνῃς,
3776 5496 3895 5548 ἀλλ’
3930 5498 4107 5560 εἰδὼς

2510 5602 2590 5653 ὅτι
2625 5599 2714 5651 ὅτε
2745 5596 3112 5665 ωειεζεύχθης
3145 5595 3305 5662 αὐτῇ,
3336 5591 3504 5661 θνητῇ
3533 5588 3920 5657 συνεζεῦχθης,
3952 5592 4109 5655 μᾶλ-

2512 5693 2602 5744 λον
2634 5691 2773 5759 ὑπὲρ
2801 5683 2874 5742 ὧν
2912 5691 3049 5758 αὐτῇ
3099 5686 3400 5755 συνέζησας
3431 5685 3661 5752 χραίνων,
3702 5682 3813 5733 καὶ·
3833 5673 3914 5731 ὧν
3947 5682 4109 5751 ἀπή-

2513 5786 2717 5843 )ανσας
2754 5779 2850 5848 τῆς
2880 5778 3095 5846 ἐκείνης
3149 5775 3464 5845 φιλανδρίας
3540 5773 3635 5825 καὶ
3674 5773 3750 5846 μὴ
3772 5769 3866 5824 νῦν
3897 5769 4106 5842 ὥσπερ
